4022 6258
146 477 239 537 873

145 594 302 649 alim
330 587 562 659 rapiunt,
592 582 687 640 sed
713 580 838 653 quis
855 592 1045 635 eorum
1069 576 1140 632 sit
1161 574 1319 640 linis;
1347 572 1437 628 hic
1460 569 1715 627 videlicet

143 699 275 739 curm
300 696 365 737 ac
389 686 564 735 metus
588 684 645 732 et
667 686 931 744 angores,
955 669 1066 726 illic
1089 664 1303 727 vincula
1352 660 1661 720 insolubilia
1695 680 1711 716 :

143 788 361 832 noneos
382 771 474 844 qui
500 769 687 843 gloria
728 763 910 821 studio
950 760 1220 818 ducuntur
1240 797 1257 823 ,
1284 754 1381 813 sed
1406 752 1536 826 quid
1556 769 1621 809 es
1649 770 1712 810 ea

143 873 417 929 nascatur;
446 861 551 917 hoc
568 865 674 925 est,
699 858 930 914 servitus
965 852 1053 908 hic
1075 861 1128 906 et
1167 844 1573 914 simulationes,
1602 844 1715 901 illic

142 962 385 1017 damnum
411 950 749 1013 intolerabile
760 964 825 1005 ac
851 954 1141 1030 perpetuus
1164 940 1395 1030 ﬂamma:
1420 938 1711 1030 cruciatus.

139 1050 264 1108 Nam
298 1049 348 1106 si
386 1048 504 1103 hac
528 1058 653 1101 cum
697 1040 893 1097 animis
919 1028 1119 1092 nostris
1147 1028 1478 1089 diiseramus
1496 1071 1513 1097 ,
1551 1038 1612 1085 et
1637 1028 1713 1084 si-

143 1142 279 1199 milia
325 1138 505 1212 pravis
550 1131 933 1209 cupiditatibus
980 1125 1183 1183 nostris
1231 1121 1576 1185 occinamus,
1607 1118 1716 1175 cito

140 1234 473 1305 precantium
504 1242 687 1286 rerum
726 1233 967 1280 amorem
1012 1216 1383 1288 expellemus,
1410 1221 1469 1267 et
1514 1212 1718 1305 futura-

138 1301 253 1381 rum
280 1321 646 1380 incendamus.
672 1312 1024 1373 lncendamus
1067 1309 1228 1381 igitur
1265 1320 1390 1363 eum
1431 1311 1594 1375 atque
1637 1301 1718 1355 in-

137 1416 487 1470 ﬂammemus.
511 1411 642 1465 Nam
673 1406 719 1463 si
743 1408 933 1459 barum
962 1414 1144 1456 rerum
1169 1396 1447 1467 cogitatio,
1472 1391 1718 1465 quamvis

136 1509 356 1562 obscura
378 1505 467 1571 sit,
494 1510 696 1557 tantam
726 1494 879 1552 all‘ert
899 1492 1226 1562 voluptatem
1252 1488 1481 1557 :cogita,
1508 1496 1713 1554 quaiso,

1189 460 1257 518 IN
1294 456 1511 518 EPIST.
1553 456 1595 513 ιι
1657 454 1752 511 ΑΙ)
1789 454 1943 512 οοιι.
1986 452 2215 513 llObllL.
2258 455 2351 513 XI.

3304 460 3409 519 ιη

1818 578 2078 639 quantum
2121 570 2509 628 oblectamenti
2524 573 2805 644 perspicua
2828 588 3016 646 earum
3049 574 3232 631 fruitio
3246 578 3409 635 nobis

1819 662 2043 719 allatura
2071 664 2160 719 sit.
2190 664 2341 720 Beati
2364 679 2428 720 ac
2450 673 2532 722 ter
2551 675 2606 721 et
2624 665 2822 738 sapius
2847 666 3014 735 beati,
3036 668 3234 739 quibus
3253 670 3410 727 bonis

1822 754 2043 811 illisfr‘ni
2060 756 2312 827 contigit:
2338 758 2788 829 quemadmodum
2815 772 3003 817 contra
3032 762 3214 819 miseri
3240 778 3309 819 ac
3328 772 3414 821 ter

1822 844 2026 913 miseri,
2056 848 2148 919 qui
2170 848 2441 905 contraria
2466 849 2550 906 his
2579 850 2719 906 mala
2747 852 3043 920 patiuntur.
3072 852 3142 910 Ut
3174 869 3305 927 ergo
3343 871 3409 911 es

1824 935 2059 1005 illorum,
2092 953 2199 993 non
2221 954 2289 995 ex
2318 939 2510 996 borum
2541 958 2767 999 numero
2795 943 2965 1000 simus
2985 984 3004 1012 ,
3033 945 3245 1002 virtutis
3288 956 3405 1002 stu-

1822 1026 1970 1083 dium
1994 1043 2379 1100 capessamus:
2408 1032 2487 1087 sic
2534 1032 2679 1089 enim
2707 1034 2776 1090 ad
2815 1032 2989 1091 futura
3032 1036 3171 1093 bona
3220 1052 3409 1107 pervec

1826 1121 2034 1177 niemus
2062 1139 2076 1176 :
2104 1122 2170 1178 ad
2221 1138 2343 1194 quae
2392 1126 2595 1181 utinam
2636 1128 2921 1197 pervenire
2974 1130 3129 1184 nobis
3164 1130 3413 1186 omnibus

1822 1210 2017 1278 detur,
2045 1228 2142 1283 per
2182 1215 2405 1285 gratiam
2458 1226 2515 1272 et
2555 1217 2938 1290 benignitatem
2984 1220 3199 1277 Domini
3234 1226 3406 1279 nostri

1820 1301 1951 1359 Iesu
1996 1302 2233 1371 Christi,
2280 1306 2367 1363 cui
2412 1323 2532 1364 eum
2579 1309 2738 1367 Patre
2775 1320 2832 1367 et
2880 1322 3068 1368 sancto
3118 1312 3322 1384 Spiritu
3345 1316 3417 1373 sit

1822 1392 2012 1462 gloria,
2040 1394 2320 1465 imperium
2338 1440 2353 1464 ,
2388 1397 2594 1467 honor,
2623 1415 2766 1458 nunc
2793 1412 2845 1460 ct
2871 1417 3085 1474 semper
3106 1446 3119 1469 ,
3149 1415 3204 1460 et
3230 1403 3284 1461 in
3314 1420 3415 1460 εωο

1824 1483 1943 1537 cnla
1968 1486 2311 1542 seculorum.
2341 1491 2536 1545 Amen.

142 1635 3417 1677 MM

1536 1732 1885 1797 HOMILIA
1928 1730 2043 1797 XI.

134 1948 261 2005 Car.
292 1948 346 2004 5.
375 1962 429 2001 v.
455 1946 543 2001 ll.
575 1943 804 1998 Scientes
847 1953 969 2010 ergo
1006 1936 1237 1991 timorem
1272 1925 1521 1989 Domini,
1555 1921 1720 1977 homi-

214 2044 359 2098 nibus
383 2039 672 2099 suademus,
702 2032 813 2088 Deo
839 2039 1009 2085 autem
1039 2022 1297 2095 manifesti
1321 2032 1499 2076 sumus
1526 2031 1545 2070 :
1570 2027 1721 2084 spero

202 2149 373 2196 autem
420 2150 512 2190 nos
548 2140 596 2187 et
622 2131 675 2184 in
705 2122 1027 2182 conscientiis
1055 2118 1234 2174 vestris
1259 2113 1557 2182 manifestos
1592 2122 1720 2163 esse.

205 2234 259 2288 l.
288 2231 415 2285 llaec
444 2226 605 2297 igitur
647 2221 881 2277 scientes
904 2256 921 2281 ,
968 2212 1177 2282 inquit,
1202 2208 1309 2265 hoc
1350 2214 1467 2272 est,
1497 2202 1725 2257 horren-

131 2327 260 2381 dum
286 2320 415 2378 illud
463 2316 732 2381 tribunal,
773 2324 987 2367 omnem
1018 2318 1238 2377 operam
1280 2298 1601 2356 adhibemus
1622 2333 1638 2359 ,
1667 2302 1729 2348 ut

135 2435 204 2474 ne
244 2428 429 2470 ansam
482 2409 646 2466 ullam
691 2405 845 2461 vobis
866 2404 1060 2459 demus
1086 2408 1178 2454 aut
1223 2390 1605 2452 oﬂendleulum
1635 2396 1729 2442 aut

134 2511 324 2565 falsam
368 2505 603 2577 aliquam
634 2498 921 2555 adversum
950 2507 1050 2549 nos
1087 2490 1243 2546 malm
1284 2483 1512 2542 actionis
1553 2478 1728 2577 suspi-

134 2605 366 2657 cionem.
392 2573 585 2652 Viden’
608 2597 915 2646 accuratum
958 2585 1084 2640 vitm
1128 2580 1431 2637 institutum
1460 2573 1728 2630 studium-

136 2710 239 2765 que
277 2690 471 2745 anima:
510 2682 799 2741 sollicitas?
825 2679 1010 2748 Neque
1032 2673 1179 2731 enim
1210 2679 1325 2726 tum
1369 2667 1543 2766 solum
1568 2678 1729 2766 accu-

136 2758 352 2849 samur,
379 2794 501 2835 cum
531 2775 658 2848 quid
689 2774 813 2829 mali
845 2766 1312 2841 perpetravimus;
1343 2758 1438 2815 sed
1482 2758 1728 2829 quamvis

136 2878 298 2933 etiam
329 2871 463 2929 nihil
510 2876 921 2941 perpetremus,
961 2869 1141 2915 tamen
1188 2854 1233 2911 si
1265 2854 1318 2909 in
1366 2850 1728 2921 suspicionem

138 2966 442 3029 veniamus,
470 2974 570 3017 nec
593 2973 712 3015 eam
754 2951 964 3010 amoliri
989 2992 1006 3017 ,
1054 2963 1178 3005 cum
1208 2947 1367 3001 liceat
1391 2984 1407 3010 ,
1433 2953 1687 2997 curemus
1711 2977 1725 3002 ,

139 3073 327 3130 pinnas
352 3056 534 3125 utique
559 3048 788 3106 subituri
831 3059 1038 3103 sumus.
1071 3040 1161 3097 η.
1190 3038 1313 3095 Non
1360 3038 1541 3091 iterum
1573 3048 1728 3130 Acam-

138 3128 443 3208 mendcium
484 3163 577 3202 nos
630 3142 769 3199 vobis
791 3184 805 3207 ,
860 3140 950 3197 sed
996 3136 1313 3193 occasionem
1350 3131 1487 3186 vobis
1546 3128 1730 3182 damus

142 3240 401 3313 gloriandi
430 3256 521 3311 pro
549 3236 713 3292 nobis.
742 3233 877 3290 Vide
916 3227 1189 3303 quomodo
1238 3225 1549 3295 frequenter
1588 3220 1731 3291 ejus-

146 3335 291 3391 modi
321 3332 678 3402 suspicionem
729 3343 760 3382 a
802 3342 864 3383 se
893 3330 1205 3387 removeat,
1254 3318 1409 3391 quasi
1460 3331 1587 3372 suas
1619 3316 1733 3385 ipse

140 3427 329 3483 Iaudes
354 3438 551 3481 canere
593 3421 864 3476 videatur.
891 3416 1035 3472 Nihil
1061 3414 1208 3471 enim
1254 3408 1476 3482 perinde
1522 3407 1733 3463 audito-

139 3532 260 3573 rum
283 3514 491 3570 animos
516 3509 764 3574 offendit,
795 3516 855 3563 ut
881 3522 1002 3563 cum
1030 3506 1153 3576 quis
1200 3516 1392 3573 magna
1421 3510 1477 3558 et
1524 3499 1727 3556 eximia

140 3607 388 3679 quaedam
434 3603 505 3660 de
540 3617 602 3658 se
645 3600 921 3671 praedicat.
952 3598 1215 3663 Quoniam
1259 3594 1421 3665 igitur
1465 3592 1518 3646 in
1564 3590 1722 3659 hujus

140 3696 451 3770 argumenti
506 3706 810 3749 sermonem
864 3688 1101 3743 incidere
1163 3697 1389 3740 necesse
1437 3681 1730 3743 habuerat,

139 3788 536 3845 correctionem
592 3781 835 3839 adhibuit
879 3780 1066 3835 dicens
1105 3796 1117 3831 :
1181 3776 1295 3831 lloc
1341 3772 1504 3829 vestri
1569 3785 1733 3826 causa

142 3881 249 3937 feci
277 3920 293 3944 ,
323 3893 430 3934 non
462 3886 644 3931 nostra
670 3916 686 3940 ,
719 3882 779 3931 ut
806 3871 1049 3927 habeatis
1077 3866 1219 3924 unde
1246 3863 1553 3937 glorietnini
1576 3904 1592 3930 ,
1622 3876 1729 3916 non

143 3987 249 4027 nos
282 3988 299 4027 :
328 3985 504 4040 neque
544 3968 596 4023 id
644 3966 958 4036 simpliciter
979 4005 992 4029 ,
1026 3961 1120 4017 sed
1146 3967 1368 4032 propter
1395 3955 1563 4012 falsos
1599 3968 1733 4025 apo-

143 4063 339 4118 stolos.
370 4060 523 4117 Unde
552 4060 713 4115 etiam
740 4056 995 4121 subdidit,
1027 4054 1104 4107 Ad
1140 4068 1227 4107 eos
1257 4051 1343 4120 qui
1375 4050 1429 4103 in
1460 4048 1592 4121 facie
1619 4046 1734 4115 glo-

142 4156 389 4219 riantur,
444 4160 493 4206 et
544 4167 647 4205 non
694 4150 749 4206 in
793 4148 965 4203 corde.
994 4145 1225 4200 Videsne
1267 4153 1326 4197 ut
1370 4140 1472 4213 hos
1517 4140 1585 4194 ab
1634 4138 1739 4193 illis

141 4243 471 4305 abduxerit.
521 4249 683 4309 atque
721 4239 788 4293 ad
831 4253 956 4293 suas
998 4246 1181 4305 partes
1221 4232 1579 4302 pertraxerit,
1612 4243 1734 4283 cum

144 4334 284 4389 illud
305 4330 561 4397 ostendit,
587 4329 730 4398 quod
755 4328 855 4397 ipsi
879 4341 1091 4396 quoque
1110 4323 1377 4379 Corinthii
1401 4322 1738 4377 occasionem

144 4428 386 4497 aliquam
413 4424 654 4493 arripere
698 4420 945 4491 cupiant,
973 4432 1076 4488 qua
1104 4418 1270 4487 ipsius
1311 4429 1527 4469 causam
1561 4415 1738 4479 tueri,

146 4521 328 4589 iisque
379 4530 408 4570 a
457 4514 652 4585 quibus
693 4513 747 4567 in
806 4512 1010 4567 crimen
1065 4508 1356 4563 vocabatur
1414 4505 1741 4576 respondere

144 4611 393 4683 queant?
416 4607 532 4663 Non
562 4607 737 4673 enim,
791 4605 996 4675 inquit,
1022 4603 1137 4657 bace
1169 4617 1235 4657 eo
1265 4601 1493 4656 dicimus
1512 4640 1530 4667 ,
1555 4608 1612 4655 ut
1636 4600 1737 4670 ipsi

144 4704 473 4774 gloriemur,
504 4699 599 4756 sed
627 4709 685 4754 ut
713 4713 810 4754 vos
840 4712 937 4769 pro
972 4694 1125 4751 nobis
1152 4693 1377 4749 liberam
1402 4706 1588 4746 vocem
1614 4690 1742 4746 mit-

148 4807 274 4853 tere
306 4796 523 4866 possitis
562 4811 575 4849 :
620 4793 672 4849 id
698 4792 842 4863 quod
884 4788 1123 4849 hominis
1173 4797 1290 4844 erat
1331 4789 1603 4860 ingentem
1634 4788 1741 4844 illis

145 4902 285 4958 erga
312 4902 372 4941 se
418 4900 660 4941 amorem
712 4882 1089 4940 testiﬁcantis:
1124 4894 1223 4935 nec
1263 4894 1392 4936 vero
1436 4890 1495 4936 ut
1535 4891 1739 4935 tantum

145 4976 501 5048 gloriemini,
530 4974 629 5032 sed
676 4975 837 5030 etiam
885 4984 946 5029 ut
996 4987 1063 5029 ne
1095 4972 1165 5027 ab
1208 4969 1339 5041 ipsis
1390 4970 1445 5025 in
1494 4971 1740 5028 fraudem

148 5067 531 5140 impellamini.
556 5065 690 5121 Illud
718 5071 897 5120 tamen
947 5064 1088 5120 haud
1126 5072 1314 5133 aperte
1364 5061 1524 5129 dicit,
1552 5078 1742 5119 verum

147 5159 465 5216 mitioribus
492 5143 625 5213 aliis
654 5155 836 5210 verbis
864 5155 1108 5211 eamdem
1147 5169 1262 5211 rem
1306 5153 1615 5226 aggreditur
1633 5197 1649 5220 ,
1681 5170 1746 5211 ac

146 5254 295 5307 citra
342 5250 558 5304 illorum
620 5247 1051 5319 perstrietionem
1105 5246 1346 5302 dicens:
1391 5243 1459 5300 Ut
1510 5244 1739 5300 habeatis

146 5344 298 5397 unde
320 5340 605 5413 gloriamini
625 5338 695 5394 ad
721 5354 808 5393 eos
828 5376 845 5405 ,
870 5339 958 5410 qui
982 5340 1038 5393 iis
1062 5338 1193 5410 {acie
1212 5338 1520 5409 gloriantur.
1546 5337 1625 5391 Ac
1674 5351 1742 5392 ne

148 5436 271 5490 hoc
292 5432 509 5503 quidem
535 5442 739 5493 temere
756 5438 813 5485 et
830 5429 949 5485 sine
964 5443 1125 5486 causa
1155 5429 1224 5485 ab
1249 5429 1314 5485 iis
1341 5428 1455 5484 ﬂeri
1481 5427 1615 5491 vult,
1645 5427 1741 5484 sed

147 5540 274 5582 tum
305 5525 520 5582 demum
538 5565 557 5591 ,
582 5538 709 5580 cum
750 5534 848 5578 eos
894 5520 1210 5578 insolentius
1253 5536 1379 5577 sese
1405 5518 1597 5575 eﬂ'erre
1617 5534 1749 5575 con-

147 5616 441 5686 spexerint
477 5631 495 5670 :
537 5613 733 5684 ubique
772 5610 919 5667 enim
958 5613 1296 5668 occasionem
1342 5609 1595 5681 exquirit.
1625 5608 1741 5665 Non

148 5706 347 5773 igitur,
376 5705 706 5776 ut-seipsutn
746 5702 1007 5759 illusz
1044 5700 1329 5768 ostendat,
1358 5700 1453 5757 sed
1496 5708 1556 5755 ut
1584 5699 1706 5755 illos
1730 5742 1745 5767 ,

148 5802 492 5864 prapostere
518 5803 679 5865 atque
702 5792 758 5848 in
778 5789 1180 5849 Corinthiorum
1209 5792 1594 5848 detrimentum
1617 5805 1741 5848 sese

152 5879 535 5956 venditantes,
562 5893 869 5960 compescat
891 5924 907 5953 ,
941 5883 1043 5943 hoc
1065 5885 1211 5943 facit.
1235 5884 1373 5955 Quid
1395 5893 1577 5941 autem
1620 5897 1703 5943 est
1723 5927 1737 5955 ,

1834 1922 1896 1978 lu
1940 1926 2117 1995 facie!
2162 1929 2219 1986 In
2249 1932 2316 1989 iis
2339 1974 2355 1999 ,
2403 1951 2524 2005 quae
2554 1938 2726 1995 oculis
2766 1950 3063 1997 cernuntur
3087 1984 3104 2009 ,
3134 1953 3296 2016 atque
3340 1946 3408 2001 ad

1828 2021 2248 2081 ostentationem
2294 2026 2540 2083 tendunt.
2572 2028 2686 2085 Tali
2732 2030 2876 2087 enim
2920 2032 3104 2090 animo
3149 2034 3226 2089 illi
3276 2050 3413 2106 prte-

1829 2108 1927 2166 diti
1952 2122 2146 2180 erant,
2176 2124 2235 2171 ut
2284 2118 2375 2187 qui
2417 2118 2483 2174 ad
2540 2119 2775 2177 honores
2821 2131 2875 2179 et
2914 2124 3140 2194 gloriam
3182 2127 3425 2184 actiones

1830 2216 1956 2257 suas
2007 2217 2197 2262 omnes
2246 2206 2514 2266 referrent
2557 2211 2811 2283 intusque
2855 2216 3042 2271 inanes
3079 2224 3301 2284 essent,
3356 2232 3419 2273 ac

1836 2295 2049 2363 pietatis
2071 2299 2289 2369 quidem
2317 2302 2520 2358 larvam
2566 2314 2823 2375 gererent
2865 2308 3258 2382 gravitatisque
3301 2325 3426 2381 spc-

1833 2386 1971 2442 ciem
2022 2387 2318 2457 haberent,
2359 2401 2617 2449 cmterum
2665 2396 2825 2453 bonis
2853 2398 3108 2470 operibus
3150 2409 3425 2457 carerent.

1839 2479 1929 2534 i3.
1972 2479 2093 2535 Sive
2135 2482 2269 2536 enim
2316 2493 2479 2539 mente
2538 2486 2869 2556 accedimus,
2921 2489 3073 2556 Deo;
3116 2492 3220 2546 sive
3271 2492 3429 2547 sobrii

1834 2578 2043 2639 sumus,
2074 2574 2231 2629 vobis.
2255 2574 2379 2632 Sive
2419 2576 2563 2633 enim
2588 2618 2603 2643 ,
2637 2580 2847 2651 inquit,
2877 2582 3056 2651 magni
3095 2583 3297 2653 aliquid
3338 2584 3422 2639 lu-

1833 2680 2064 2734 quamur
2093 2666 2258 2739 (nam
2306 2670 2408 2725 hoc
2457 2672 2654 2727 mentis
2701 2687 2985 2729 excessum
3029 2684 3223 2743 vocat,
3274 2684 3334 2730 ut
3370 2687 3425 2731 et

1832 2757 1939 2810 alio
1960 2756 2078 2812 loco
2094 2759 2499 2833 insipientiam),
2522 2763 2611 2818 Dei
2631 2778 2790 2819 causa
2805 2763 3046 2832 facimus,
3072 2782 3138 2823 ne
3159 2781 3272 2834 vos,
3293 2766 3431 2827 dum

1834 2846 1902 2903 de
1925 2847 2082 2904 nobis
2108 2858 2165 2904 ut
2186 2851 2378 2907 vilibus
2397 2854 2737 2922 existimatis,
2756 2859 3087 2928 contemplui
3107 2865 3205 2916 no‘s
3222 2858 3424 2916 habea—

1836 2940 1903 2996 tis
1930 2955 1993 2997 ac
2022 2944 2291 3011 pereatis:
2319 2946 2431 3002 sive
2458 2946 2657 3005 humile
2682 2950 2881 3021 aliquid
2902 2965 2965 3007 ac
2991 2950 3305 3020 demissum,
3329 2969 3427 3008 vc-

1834 3033 1931 3088 stri
1978 3036 2149 3104 gratia
2201 3036 2303 3093 hoc
2330 3039 2572 3105 facimus,
2604 3052 2661 3097 ut
2691 3042 2935 3100 modeste
2963 3043 3031 3099 de
3052 3043 3203 3099 vobis
3225 3044 3428 3101 sentire

1836 3126 2073 3184 discetis.
2119 3130 2214 3186 Vel
2240 3133 2401 3187 etiam
2442 3134 2544 3190 hoc
2572 3136 2667 3202 ait,
2698 3135 2756 3191 Si
2781 3139 2901 3207 quis
2929 3153 3027 3193 nos
3054 3138 3288 3194 insanire
3314 3142 3428 3194 exi-

1836 3223 2035 3288 stimat,
2092 3237 2122 3277 a
2162 3222 2275 3279 Deo
2315 3234 2536 3296 propter
2578 3243 2739 3297 quem
2798 3229 2852 3283 in
2883 3230 3021 3284 hanc
3059 3230 3425 3299 suspicionem

1837 3316 2105 3383 venimus,
2150 3318 2456 3374 mercedem
2483 3319 2839 3391 elilagitamus
2865 3340 2878 3377 :
2906 3322 2988 3377 sin
3018 3332 3197 3377 autem
3224 3337 3325 3378 nos
3345 3338 3431 3379 sa-

1840 3422 1922 3462 nie
1966 3409 2164 3463 mentis
2205 3423 2326 3464 esse
2372 3420 2578 3476 censet,
2610 3410 2817 3475 fruatur
2857 3412 2947 3469 ille
2974 3428 3102 3469 sane
3132 3422 3312 3469 nostra
3343 3428 3432 3469 so-

1839 3497 2084 3555 brietate.
2130 3501 2210 3555 Ac
2230 3516 2421 3559 rursus
2445 3502 2623 3570 aliter,
2656 3501 2896 3559 lnsanire
2927 3520 3025 3561 nos
3054 3506 3317 3576 quispiam
3343 3506 3429 3561 di-

1838 3587 1954 3641 cit?
1998 3589 2225 3660 Propter
2268 3592 2437 3647 Deum
2487 3593 2792 3661 hujustnodi
2837 3594 3042 3661 insania
3076 3596 3428 3652 laboramus:

1840 3677 1983 3733 unde
2030 3655 2194 3735 etiam
2236 3682 2438 3745 subdit,
2482 3655 2576 3737 id:
2614 3684 2815 3739 Caritas
2844 3655 3103 3832 enim‘rei
3134 3698 3274 3758 urget
3300 3707 3392 3744 nos
3416 3707 3434 3744 :

1840 3771 2143 3825 testiruantes
2162 3772 2276 3826 hoc.
2309 3771 2425 3827 Non
2457 3775 2638 3832 modo.
2672 3776 2863 3832 inquit.
2888 3776 2966 3831 fut
3007 3794 3191 3832 rorum
3234 3790 3430 3832 metus.

1840 3771 2143 3825 trstimantes
2162 3772 2276 3826 hoc.
2309 3771 2425 3827 Non
2457 3775 2638 3842 modo,
2672 3776 2863 3846 inquit,
2888 3771 3191 3834 futdrorum
3234 3790 3430 3847 metus,
3520 3821 3527 3830 .

1839 3863 1935 3918 sed
1965 3864 2125 3918 etiam
2155 3881 2274 3936 qua:
2298 3866 2407 3936 jam
2434 3868 2799 3939 contigerunt,
2825 3886 2931 3924 non
2960 3871 3145 3926 sinunt
3172 3886 3273 3926 nos
3292 3870 3435 3929 desi-

1841 3957 1928 4013 dia
1956 3967 2169 4028 torpere
2184 3969 2345 4031 atque
2370 3961 2808 4029 obdormiscere;
2838 3979 3022 4021 verum
3049 3963 3115 4019 ad
3136 3964 3435 4035 suscipien-

1842 4048 1941 4103 dos
1982 4050 2172 4104 salutis
2218 4062 2421 4107 vestrae
2457 4068 2619 4108 causa
2664 4054 2873 4109 labores
2903 4058 3239 4115 exsuscitanl
3270 4066 3434 4127 atque

1844 4140 2141 4209 impellunt.
2171 4141 2428 4208 Quanam
2477 4156 2656 4199 autem
2693 4155 2819 4199 sunt
2858 4161 2944 4210 ea,
2973 4164 3094 4217 qum
3120 4148 3232 4217 jam
3258 4151 3432 4205 conti-

1843 4232 2073 4301 gerunt?
2098 4232 2350 4299 Quoniam
2375 4236 2419 4289 si
2436 4252 2568 4290 unus
2586 4254 2678 4305 pro
2691 4239 3174 4293 onmibusmortuus
3186 4248 3282 4307 est,
3311 4256 3432 4311 ergo

1844 4338 2015 4377 omnes
2055 4326 2239 4379 mortui
2277 4314 2417 4383 sunt.
2445 4327 2586 4399 Ergo
2614 4329 2689 4383 ita
2726 4328 2959 4400 loquitur
3000 4329 3218 4397 Paulus,
3274 4345 3339 4386 ac
3393 4331 3438 4385 si

1844 4430 2033 4471 omnes
2062 4418 2371 4487 periissem.
2398 4419 2587 4488 Neque
2616 4422 2764 4477 enim
2787 4437 2884 4495 pro
2906 4424 3160 4478 omnibus
3190 4422 3440 4480 Christus

1846 4518 2073 4565 mortem
2100 4512 2435 4581 oppetiisset,
2461 4514 2560 4568 nisi
2582 4528 2771 4573 omnes
2790 4524 3020 4570 mortem
3041 4515 3323 4572 obiissont.
3344 4516 3441 4571 Hic

1847 4602 1989 4657 enim
2010 4612 2138 4659 sunt
2184 4606 2373 4659 salutis
2400 4608 2741 4670 occasiones,
2774 4605 2882 4661 illic
2914 4619 3090 4661 autem
3130 4623 3237 4661 non
3285 4608 3438 4663 item.

1848 4699 2077 4754 Proinde
2102 4696 2323 4762 Caritas,
2356 4697 2544 4767 inquit,
2578 4697 2677 4752 Dei
2703 4708 2848 4767 urget
2874 4715 2985 4763 nos,
3024 4714 3121 4753 nec
3148 4699 3278 4754 sinit
3302 4713 3437 4755 con-

1847 4788 2148 4859 quiescere.
2179 4787 2450 4842 Estremaa
2486 4789 2630 4843 enim
2658 4788 2891 4844 miserim
2918 4787 3101 4856 fuerit,
3137 4804 3202 4844 ac
3228 4788 3313 4845 vel
3342 4804 3438 4859 ge-

1851 4878 2027 4933 henna
2054 4879 2167 4948 ipsa
2190 4877 2449 4944 atrocius,
2482 4892 2604 4933 cum
2634 4878 2726 4934 ille
2754 4891 2859 4933 tam
2890 4880 3207 4950 prmclarum
3230 4880 3440 4937 facinus

1850 4971 2099 5037 ediderit,
2137 4969 2365 5025 inveniri
2408 4972 2668 5037 quosdam
2715 4973 2805 5043 qui
2831 4988 2897 5028 ex
2934 4980 3083 5027 tanta
3115 4973 3283 5043 ipsius
3311 4988 3440 5029 cura

1850 5064 2052 5119 nullum
2076 5060 2305 5118 fructum
2322 5063 2556 5132 capiant.
2578 5063 2782 5135 Magna:
2802 5065 2946 5121 enim
2967 5081 3030 5121 ac
3046 5066 3330 5140 singularis
3349 5081 3443 5122 cu-

1849 5157 2064 5229 jusdam
2088 5164 2172 5212 est
2214 5156 2476 5223 caritatis,
2511 5172 2608 5227 pro
2632 5167 2781 5213 tanto
2809 5169 3075 5213 terrarum
3098 5157 3247 5222 orbe,
3281 5166 3443 5228 atque

1859 5250 1928 5303 ita
1953 5247 2167 5312 aﬂ‘ecto,
2199 5256 2431 5302 mortem
2471 5248 2719 5303 subiisse.
2754 5248 2842 5304 15.
2884 5245 2952 5303 Ut
2977 5247 3063 5317 qui
3101 5247 3292 5313 vivunt,
3337 5260 3444 5303 nos

1845 5341 1956 5411 jam
1976 5339 2073 5393 sibi
2101 5339 2291 5404 vivant,
2330 5341 2419 5393 sed
2455 5340 2505 5393 ei
2527 5340 2613 5409 qui
2653 5356 2747 5411 pro
2776 5340 2902 5410 ipsis
2930 5349 3159 5393 mortuus
3186 5348 3259 5394 est
3280 5353 3341 5394 ac
3362 5354 3445 5395 rso

1851 5430 2086 5484 surrexit.
2118 5428 2176 5484 Si
2204 5429 2383 5499 itaque
2407 5442 2508 5486 nos
2534 5429 2829 5502 nobisipsis
2861 5428 3042 5486 vivere
3073 5445 3177 5487 non
3203 5437 3444 5500 Oportet,

1854 5533 1922 5573 ne
1948 5518 2256 5587 turbemini,
2288 5518 2483 5591 inquit,
2513 5535 2688 5592 neque
2737 5520 3155 5586 tmnultttemini,
3196 5519 3445 5577 instanti.

1854 5613 1952 5665 bus
1998 5609 2249 5679 periculis
2293 5620 2349 5667 et
2394 5620 2588 5669 morte.
2647 5612 2726 5667 Ac
2755 5613 3021 5672 rationem
3052 5610 3195 5667 haud
3220 5609 3443 5669 dubiam

1853 5698 2028 5765 aﬂ'ert,
2059 5700 2409 5769 quamobrem
2439 5700 2490 5756 id
2516 5700 2693 5761 facere
2725 5700 3045 5759 debeamus.
3084 5700 3289 5758 Etenim
3318 5717 3443 5759 cum

1858 5806 1952 5863 per
1991 5789 2166 5863 ipsum
2209 5801 2384 5847 morte
2436 5792 2677 5850 functum
2730 5793 2993 5858 vivamus,
3025 5794 3075 5848 ei
3106 5792 3311 5863 utique,
3344 5808 3443 5865 per

1855 5899 2013 5959 quem
2042 5884 2290 5954 vivimus,
2320 5884 2500 5950 vivens
2527 5885 2806 5943 debemus.
2844 5886 3018 5957 Atque
3038 5901 3200 5941 unum
3223 5895 3275 5942 et
3302 5886 3459 5949 idem
