4022 6258
581 371 675 424 425
1298 363 1346 416 S.
1390 360 1666 416 JOANNIS
1690 354 2160 414 CHRYSOSTUMI
2202 355 2518 409 ARCHIEP.
2560 353 3070 410 CONSTANTINUP

573 503 696 543 csse
725 483 931 538 videtur
959 481 1007 534 id
1034 481 1176 551 quod
1206 481 1404 537 dictum
1434 495 1516 535 εει
1544 498 1558 534 :
1587 490 1840 534 cancrum
1872 477 1913 529 si
1944 473 2062 543 quis
2094 487 2181 524 ac-

576 586 760 632 curate
785 591 896 630 rem
919 572 1206 643 expendat,
1224 571 1332 627 duo
1358 570 1474 626 hac
1495 586 1614 624 esse
1633 569 1958 638 comperiet;
1993 579 2156 617 unum

579 669 852 734 nimirum,
881 666 1023 737 quod
1050 673 1268 736 propter
1297 663 1470 732 ipsum
1503 661 1754 720 vivimus.
1783 659 2005 711 alterum
2031 656 2154 725 quia

577 763 688 830 ipse
734 760 901 814 nostri
943 772 1104 812 causa
1145 764 1390 810 mortuus
1431 763 1535 807 est.
1566 754 1804 819 Quorum
1845 761 2149 816 utrumque,

577 854 658 907 vel
701 852 928 908 seorsim
971 849 1393 912 consideratum,
1436 861 1535 901 nos
1563 846 1611 900 ei
1643 845 1902 899 obnoxios
1930 841 2155 896 reddere

574 939 735 1014 queat
763 963 776 999 :
806 959 928 998 cum
954 952 1134 998 autem
1166 941 1324 995 ambo
1356 941 1407 994 in
1442 954 1605 993 unum
1631 937 1923 1002 conﬂuant,
1955 939 2155 1003 cogites

575 1038 737 1091 velim
767 1043 968 1105 quanto
991 1035 1041 1090 ei
1069 1033 1328 1089 beneﬁcio
1349 1034 1423 1087 sis
1440 1031 1746 1085 devinctus.
1779 1027 1890 1081 lmo
1916 1025 2014 1080 tria
2043 1026 2156 1080 haec

575 1137 720 1183 sunt.
754 1127 963 1181 Etenim
994 1126 1254 1195 primitias
1284 1135 1500 1193 propter
1541 1132 1591 1176 te
1612 1119 1887 1185 excitavit,
1913 1128 2073 1187 atque
2103 1117 2155 1170 in

578 1221 767 1276 caelum
816 1217 992 1272 evexit
1022 1235 1034 1270 :
1073 1217 1214 1271 unde
1248 1217 1406 1270 etiam
1445 1214 1669 1278 addidit,
1703 1209 1766 1266 Ei
1787 1212 1873 1281 qui
1893 1227 1988 1280 pro
2014 1210 2156 1264 nobis

577 1322 809 1366 mortuus
849 1321 920 1366 est
958 1328 1016 1364 ac
1053 1312 1342 1364 resurrexit.
1373 1307 1463 1372 _l6.
1496 1306 1677 1376 Itaque
1717 1322 1808 1358 nos
1839 1320 1904 1358 ex
1931 1303 2027 1357 Itoc
2042 1304 2158 1371 jam

580 1405 827 1457 neminem
872 1404 1104 1456 novimus
1149 1393 1420 1454 secundum
1465 1413 1686 1452 carnem.
1735 1395 1866 1450 Nam
1892 1394 1938 1448 si
1967 1409 2157 1448 omnes

580 1497 774 1550 mortui
805 1504 950 1557 sunt,
980 1504 1032 1547 et
1057 1507 1248 1547 oumes
1278 1497 1707 1553 resurreXerunt,
1731 1498 1888 1558 atque
1916 1487 1987 1541 ita
2015 1502 2158 1540 mor—

579 1587 652 1640 tui
686 1594 828 1649 suut,
873 1595 928 1638 ut
965 1585 1165 1654 peccati
1215 1583 1452 1652 tyrannis
1479 1596 1573 1635 eos
1601 1578 2038 1642 condemnabat;
2069 1592 2154 1631 re-

579 1689 930 1733 surrexerunt
974 1688 1148 1729 autem
1198 1692 1293 1746 per
1342 1673 1767 1744 regenerationis
1807 1673 2074 1725 lavacrum
2105 1679 2158 1724 et

579 1771 807 1839 Spiritus
834 1771 1002 1824 sancti
1030 1769 1429 1823 renovationem
1453 1783 1466 1830 ;
1496 1767 1616 1834 jure
1644 1763 2072 1830 dicit,Neminem
2099 1761 2158 1815 ﬁ-

579 1863 776 1917 delium
808 1864 1034 1916 novimus
1059 1861 1331 1916 secundum
1359 1877 1580 1913 carnem.
1615 1859 1728 1912 Etsi
1749 1858 1892 1911 enim
1920 1857 1973 1909 in
1998 1869 2159 1909 carne

581 1965 725 2020 sunt,
768 1953 896 2025 quid
946 1956 1100 2007 tum?
1140 1953 1268 2006 Nam
1301 1952 1530 2006 carnalis
1558 1950 1645 2003 illa
1677 1951 1779 2002 vita
1826 1948 2062 2000 interiit:
2097 1961 2160 2000 ac

579 2048 813 2116 desuper
863 2047 914 2100 in
961 2045 1162 2114 Spiritu
1209 2045 1382 2113 geniti
1419 2057 1625 2104 sumus,
1659 2048 1822 2108 atque
1851 2039 2008 2092 aliam
2039 2039 2160 2092 vitae

582 2140 841 2192 rationem
872 2137 1144 2205 aliumque
1173 2136 1292 2188 vitae
1315 2145 1534 2196 statum,
1565 2133 1813 2185 nimirum
1840 2147 1960 2184 eum
1992 2133 2080 2200 qui
2107 2131 2157 2185 in

583 2231 730 2283 cmlis
757 2241 860 2288 est.
894 2230 1159 2282 novimus.
1194 2228 1272 2280 Ac
1299 2241 1508 2280 rursum
1526 2225 1685 2292 hujus
1706 2223 1949 2277 beneﬁcii
1972 2233 2158 2276 aucto-

588 2338 702 2375 rcm
734 2320 1002 2374 Christum
1021 2333 1142 2372 esse
1162 2318 1418 2381 ostendit,
1450 2332 1512 2370 ac
1539 2325 1822 2386 propterea
1843 2314 2118 2382 subjunxit
2144 2332 2158 2367 :

587 2411 696 2464 Etsi
725 2411 1047 2480 cognovimus
1075 2408 1325 2462 Christum
1352 2407 1626 2460 secundum
1655 2422 1877 2469 carnem,
1911 2406 1998 2459 sed
2026 2420 2163 2457 nunc

572 2511 686 2579 jam
714 2523 813 2561 non
842 2506 1087 2560 novimus.

650 2600 704 2653 2.
735 2599 873 2665 Quid
912 2597 1110 2667 igitur?
1157 2595 1303 2650 dices
1327 2637 1341 2660 ,
1374 2609 1441 2649 an
1471 2609 1689 2649 carnem
1721 2593 1888 2655 exuit,
1922 2606 1986 2645 ac
2016 2604 2161 2646 nunc

581 2691 824 2760 corporis
869 2698 952 2744 est
993 2688 1228 2757 expers?
1269 2687 1490 2756 Apage:
1540 2701 1663 2739 nam
1694 2700 1834 2740 nunc
1864 2699 2078 2755 quoque
2109 2684 2161 2737 in

579 2796 743 2836 carne
768 2789 868 2842 est.
899 2777 998 2833 Hic
1023 2779 1164 2834 enim
1187 2777 1355 2840 Iesus,
1374 2777 1511 2845 quia
1528 2778 1664 2831 vobis
1699 2786 1987 2846 assumptus
2007 2785 2081 2828 est
2108 2776 2163 2828 in

581 2873 784 2936 uelum,
814 2873 887 2926 sic
913 2871 1072 2925 ueniet
1095 2870 1230 2941 (Act.
1265 2871 1314 2924 1.
1347 2870 1457 2938 ll).
1487 2869 1790 2935 Quomodo,
1819 2869 1938 2924 sic?
1967 2868 2024 2922 ln
2049 2883 2165 2921 car-

587 2980 658 3019 ne
687 2962 952 3026 videlicet,
978 2972 1031 3014 et
1058 2976 1179 3013 cum
1210 2974 1454 3028 corpore.
1486 2958 1593 3014 Cur
1617 2975 1745 3030 ergo
1772 2959 1924 3024 dicit,
1945 2958 2055 3012 Etsi
2079 2975 2167 3011 co-

584 3054 844 3125 gnovimus
858 3049 1114 3106 Christum
1134 3050 1408 3104 sectmdum
1426 3065 1646 3113 carnem,
1671 3051 1759 3104 sed
1784 3067 1918 3104 nunc
1934 3051 2047 3120 jam
2065 3065 2164 3103 non

586 3146 815 3198 novimus
833 3145 858 3197 1’
885 3143 1018 3198 Cum
1041 3142 1106 3196 de
1133 3141 1285 3196 nobis
1305 3155 1482 3196 sermo
1497 3152 1598 3207 est,
1625 3140 1916 3196 Secundum
1938 3157 2162 3206 carnem,

585 3237 724 3290 idem
753 3243 854 3302 est,
885 3234 1025 3304 quod
1057 3236 1110 3288 in
1150 3235 1379 3305 peccatis
1407 3249 1561 3299 esse;
1594 3242 1803 3299 contra,
1837 3251 1938 3287 non
1987 3248 2166 3285 secun-

584 3328 706 3380 dum
727 3343 948 3392 carnem,
974 3325 1112 3378 idem
1142 3325 1281 3392 quod
1313 3326 1366 3378 in
1391 3324 1620 3394 peccatis
1645 3339 1750 3378 non
1781 3339 1901 3378 esse
1925 3341 1937 3374 :
1965 3331 2020 3375 at
2043 3337 2164 3374 cum

585 3419 653 3471 de
682 3417 896 3471 Christo
943 3429 1122 3470 sermo
1163 3413 1411 3480 habetur,
1444 3412 1733 3468 secundum
1773 3426 1989 3466 carnem
2033 3410 2165 3464 nihil

585 3509 730 3564 aliud
761 3507 1041 3572 signiﬁcat,
1069 3521 1227 3575 quam
1267 3506 1319 3560 in
1359 3512 1564 3559 natura;
1606 3503 1975 3559 aﬂ'ectionibus
2023 3517 2162 3568 esse,

585 3612 643 3656 ut
664 3601 714 3655 in
738 3600 894 3663 fame,
923 3599 976 3653 in
1007 3599 1115 3662 siti,
1149 3599 1200 3651 in
1223 3597 1547 3667 fatigatione,
1573 3596 1625 3650 in
1646 3609 1857 3650 somno.
1892 3593 2167 3647 Peccatum

587 3694 730 3748 cuiin
753 3709 853 3746 non
880 3693 1018 3762 fecit,
1041 3707 1130 3744 nec
1151 3693 1376 3744 inventus
1405 3700 1478 3744 est
1499 3689 1646 3742 dolus
1673 3689 1724 3741 in
1755 3705 1842 3741 ore
1868 3687 1977 3757 ejus
2007 3684 2163 3752 (Isai.

587 3787 675 3839 55.
724 3785 800 3853 9).
844 3785 1017 3853 Atque
1063 3783 1262 3836 idcirco
1297 3781 1530 3847 dicebat,
1575 3782 1699 3847 Quis
1732 3796 1796 3833 ea:
1825 3779 1962 3832 vobis
1992 3789 2167 3848 arguet

586 3893 664 3929 me
692 3878 754 3929 de
783 3876 1021 3944 peccato?
1046 3884 1102 3927 et
1126 3888 1311 3928 rursus
1338 3873 1510 3926 :l’enit
1539 3875 1771 3941 princeps
1803 3871 1977 3922 mundi
1990 3871 2163 3939 hujus,

587 3979 634 4019 et
654 3967 706 4020 in
737 3983 814 4018 me
840 3983 940 4018 non
969 3965 1113 4019 habet
1138 3964 1410 4036 quidquam
1440 3963 1622 4035 (Joan.
1647 3965 1699 4018 8.
1733 3963 1822 4017 46.
1857 3975 1902 4016 et
1929 3962 2017 4016 14.
2050 3960 2163 4031 50).

591 4055 723 4111 illud
753 4070 899 4118 vero,
931 4072 1030 4108 non
1056 4057 1331 4108 secundant
1361 4071 1585 4121 carnem,
1617 4054 1751 4108 nihil
1775 4053 1917 4108 aliud
1948 4053 2166 4118 indicat,

587 4163 746 4217 quam
774 4163 892 4201 cum
927 4147 1229 4216 lmjusmodi
1271 4147 1644 4201 affectionibus
1679 4146 1789 4216 jam
1819 4162 2030 4208 vacare,
2062 4161 2168 4199 non

587 4254 766 4294 autent
789 4240 929 4309 quod
955 4249 1107 4294 extra
1134 4255 1350 4293 carnem
1380 4239 1468 4292 sit.
1501 4239 1631 4292 Nam
1653 4253 1774 4292 cum
1805 4239 1907 4293 hac
1932 4252 2166 4307 quoque,

592 4331 871 4398 impatihili
896 4329 1004 4398 jam
1035 4339 1192 4398 atque
1231 4328 1541 4393 immortali,
1569 4328 1635 4381 ad
1659 4328 1920 4397 judicium
1949 4328 2016 4381 de
2041 4328 2173 4382 orbe

592 4422 870 4476 ferendum
916 4431 1171 4476 venturus
1213 4430 1314 4476 est.
1366 4421 1445 4474 Ad
1477 4435 1636 4491 quam
1664 4421 1824 4474 etiam
1855 4419 2170 4489 dignitatem

593 4532 692 4571 nos
722 4515 1140 4585 proliciscemur,
1167 4531 1285 4570 cum
1311 4531 1506 4580 corpus
1529 4523 1769 4570 nostrum
1792 4513 2066 4567 conforme
2092 4513 2167 4566 ef-

591 4609 789 4663 fectum
818 4607 972 4661 fuerit
1002 4608 1212 4677 corpori
1241 4607 1496 4662 claritatis
1515 4606 1681 4674 ipsius
1698 4604 1958 4678 (Philipp.
1978 4605 2032 4659 5.
2055 4603 2170 4675 2i).

591 4701 679 4754 17.
709 4698 888 4769 Itaque
915 4700 958 4752 si
985 4715 1084 4768 qua
1124 4701 1176 4752 in
1207 4698 1407 4752 Christo
1446 4715 1573 4753 nova
1603 4708 1854 4752 creatura.
1887 4699 2171 4768 Postquam

596 4791 740 4844 enim
768 4806 798 4844 a
827 4791 1048 4844 caritate
1095 4790 1162 4843 ad
1209 4791 1456 4844 virtutem
1502 4792 1759 4858 incitavit,
1785 4792 1895 4862 jam
1939 4792 2009 4845 ab
2045 4791 2177 4862 ipsis

598 4897 812 4953 quoque
859 4881 1018 4936 rebus
1064 4881 1129 4935 ad
1160 4897 1277 4935 eam
1300 4897 1399 4935 nos
1426 4884 1732 4937 exstimulat
1761 4901 1772 4935 :
1799 4900 1860 4939 ac
1892 4893 2175 4954 propterea

595 4974 888 5044 subiungit,
935 4972 1116 5042 Itaque
1159 4974 1202 5026 si
1230 4990 1330 5042 qua
1357 4975 1410 5026 in
1438 4971 1638 5028 Christo
1667 4992 1795 5029 nova
1834 4987 2088 5030 creatura.
2119 4975 2173 5031 Si

594 5067 717 5134 quis
763 5066 928 5136 ipsius
970 5065 1128 5118 ﬁdem
1162 5065 1440 5132 amplexus
1482 5074 1583 5126 est,
1628 5066 1820 5136 inquit,
1852 5066 1918 5121 ad
1947 5067 2175 5122 alterum

595 5159 792 5229 opiﬁcii
821 5173 987 5227 genus
1009 5157 1153 5212 venit
1177 5173 1191 5210 :
1216 5158 1412 5210 etenim
1434 5172 1664 5225 superne
1690 5175 1783 5228 per
1801 5159 2056 5228 Spiritum
2076 5173 2176 5230 ge-

599 5253 743 5304 nitus
794 5261 897 5304 est.
949 5250 1121 5317 Atque
1169 5248 1287 5302 ideo
1315 5264 1408 5316 par
1435 5257 1519 5302 est
1559 5261 1616 5302 ut
1642 5251 1737 5320 ipsi
1768 5251 2033 5316 vivamus,
2068 5266 2175 5304 non

601 5351 806 5395 tantutn
849 5341 972 5409 quia
1021 5341 1187 5392 nostri
1229 5339 1366 5407 juris
1417 5353 1520 5392 non
1551 5352 1755 5399 sumus,
1794 5351 1884 5394 aut
1912 5343 2032 5410 quia
2063 5342 2177 5410 ipse

605 5450 700 5501 pro
736 5432 888 5487 nobis
915 5439 1140 5484 mortem
1167 5431 1410 5499 oppetiit,
1433 5438 1526 5482 aut
1545 5430 1666 5497 quia
1688 5431 1947 5499 primitias
1967 5431 2180 5502 generis

607 5524 773 5577 nostri
801 5537 830 5575 a
857 5531 1028 5576 morte
1057 5519 1123 5574 ad
1150 5520 1310 5574 vitam
1339 5519 1629 5584 revocavit,
1661 5520 1754 5573 sed
1777 5520 1939 5574 etiam
1963 5525 2084 5591 quia
2113 5522 2178 5574 ad

604 5615 827 5670 alteram
861 5615 1020 5668 vitam
1048 5611 1393 5668 acceSsimus.
1423 5611 1557 5666 Vide
1584 5620 1713 5682 quot
1743 5625 1921 5681 aequas
1944 5612 2182 5666 rationes

607 5707 811 5770 aﬁ’erat,
839 5721 935 5760 cur
963 5715 1106 5760 recte
1154 5703 1307 5759 nobis
1332 5701 1574 5760 ducenda
1614 5703 1720 5757 vita
1749 5703 1836 5756 sit.
1872 5701 2002 5756 Nam
2032 5703 2102 5756 ob
2132 5701 2182 5756 id

607 5817 816 5872 quoque
857 5815 1116 5856 crassmre
1143 5797 1404 5854 vocabulo
1448 5798 1838 5854 correctionem
1879 5796 2179 5868 lmjusmodi

3752 359 3857 413 ιῖῦ

2269 471 2638 538 appellandam
2661 474 2889 538 censuit,
2922 483 2978 528 ut
3008 488 3254 545 magnam
3286 475 3653 545 migrationem
3679 493 3744 532 ac
3776 481 3853 530 vi-

2273 573 2337 616 ta:
2366 566 2840 620 commutationem
2888 568 3158 623 ostendat.
3185 569 3374 624 Postea
3406 570 3632 627 ulterius
3665 589 3854 642 prose-

2263 673 2433 726 quens
2461 658 2512 711 id
2541 659 2683 728 quod
2712 659 2866 725 dixit,
2898 669 3061 730 atque
3089 664 3381 718 ostendens
3410 665 3684 735 quontodo
3715 680 3851 720 nova

2265 762 2507 806 creatura
2537 755 2725 818 simus,
2783 752 2965 808 Vetera
3000 757 3329 820 transierunt,
3361 759 3548 828 inquit;
3579 777 3690 814 ecce
3715 762 3852 830 facta

2265 854 2382 896 sunt
2411 845 2581 897 omnia
2609 861 2756 900 nova.
2790 845 3049 912 Quaenam
3085 850 3311 902 vetera?
3343 849 3561 905 Peccata
3584 863 3638 906 et
3667 853 3855 922 impie-

2267 945 2401 990 tates
2428 955 2441 999 ς
2472 938 2552 990 vel
2580 938 2741 992 etiam
2762 937 3001 993 Iudaicae
3023 954 3214 993 omnes
3239 944 3597 1009 cercmoniae;
3638 945 3725 999 vel
3755 960 3852 1013 po-

2267 1030 2370 1082 tius
2402 1029 2516 1083 Ittec
2539 1029 2698 1082 simul
2722 1039 2777 1084 et
2804 1029 2918 1083 illa.
2951 1029 3085 1083 Ecce
3104 1035 3239 1100 facta
3255 1042 3370 1084 sunt
3390 1033 3559 1086 omnia
3587 1050 3734 1088 nova.
3765 1037 3853 1089 18.

2267 1119 2453 1173 Omnia
2496 1132 2664 1174 autem
2697 1137 2758 1174 ex
2788 1119 2918 1175 Deo.
2961 1121 3104 1175 Nihil
3151 1137 3180 1176 a
3232 1125 3384 1177 nobis
3424 1125 3721 1191 profectum
3751 1136 3852 1180 cst.

2265 1209 2394 1263 Nam
2423 1220 2477 1264 et
2529 1221 2870 1280 peccatorum
2897 1211 3221 1266 condonatio
3247 1222 3302 1268 et
3326 1213 3600 1284 adoptatio
3638 1226 3695 1272 et
3735 1216 3856 1285 glo-

2267 1305 2343 1356 ria
2374 1305 2682 1373 incorrupta
2713 1304 2880 1372 ipsius
2909 1319 3130 1360 munere
3152 1306 3306 1360 nobis
3325 1323 3578 1362 concessa
3609 1319 3712 1363 est.
3737 1308 3858 1363 Non

2265 1397 2408 1448 enim
2429 1396 2540 1465 jam
2562 1412 2590 1449 a
2617 1395 2808 1449 futuris
2842 1406 3068 1463 tantum,
3096 1398 3190 1452 sed
3216 1413 3245 1450 a
3267 1400 3624 1468 praesentibus
3643 1414 3860 1469 quoque

2266 1490 2385 1543 illos
2432 1489 2769 1544 cohortatum
2817 1488 3051 1543 Attende
3080 1491 3223 1544 enim
3257 1507 3270 1544 :
3299 1490 3509 1546 dixerat
3536 1492 3649 1547 fore
3677 1502 3734 1546 ut
3765 1508 3856 1546 re-

2263 1597 2627 1650 surgeremus,
2653 1590 2809 1649 atque
2831 1580 2898 1633 ad
2929 1581 3384 1650 incorruptionem
3416 1585 3743 1648 veniremus,
3761 1585 3860 1638 do-

2265 1690 2518 1745 mumque
2558 1675 2940 1742 sempiternam
2990 1673 3553 1730 haheremus:verum
3599 1678 3855 1746 quoniam

2265 1765 2404 1833 apud
2433 1779 2548 1823 cos,
2580 1768 2667 1829 qui
2704 1764 2874 1816 futura
2897 1781 3000 1816 non
3030 1765 3249 1833 perinde
3281 1777 3338 1818 ut
3367 1777 3576 1835 oportet
3602 1769 3857 1830 credunt,

2267 1859 2548 1927 prmsentia
2579 1859 2836 1924 majorem
2865 1856 2927 1909 ad
2970 1858 3279 1910 excitandos
3295 1859 3504 1911 animos
3526 1859 3630 1912 vim
3659 1859 3858 1913 habent

2267 1967 2426 2019 quam
2479 1951 2678 2016 futura,
2724 1962 2920 2018 quanta
2947 1950 3054 2017 jam
3083 1951 3386 2017 acceperint
3421 1951 3774 2012 demonstrat,
3806 1962 3861 2004 et

2265 2045 2353 2111 qui
2388 2053 2497 2095 tum
2521 2051 2722 2107 essent,
2742 2057 2865 2094 cum
2892 2041 3194 2109 lmjusmodi
3227 2041 3500 2096 beneﬁciis
3517 2044 3686 2096 ornati
3713 2053 3860 2097 sunt.

2266 2133 2491 2197 Quinam
2540 2148 2666 2201 ergo
2712 2132 2907 2185 erant?
2949 2131 3142 2185 Mertui
3192 2135 3374 2200 utique
3415 2147 3602 2188 omnes
3643 2135 3862 2202 (Omnes

2269 2226 2408 2278 enim
2461 2228 2644 2275 mortui
2676 2235 2825 2286 sunt;
2856 2235 2908 2276 ιιι
2941 2241 3029 2290 pro
3060 2223 3286 2274 omnibus
3312 2234 3538 2277 mortuus
3564 2236 3633 2278 est
3665 2241 3683 2277 :
3711 2237 3863 2278 tanto

2267 2331 2389 2384 erga
2419 2330 2605 2368 omnes
2632 2331 2815 2368 amore
2845 2315 3098 2384 llagrahat
3129 2315 3172 2381 ),
3195 2329 3255 2368 ac
3285 2316 3396 2368 vitii
3435 2316 3586 2369 senio
3625 2326 3680 2370 et
3708 2330 3856 2369 vctu-

2267 2418 2404 2461 state
2425 2423 2615 2461 omnes
2639 2408 2885 2461 conferti.

2301 2567 2306 2572 Α
2342 2497 2527 2552 Omnia
2555 2501 2669 2567 jam
2712 2515 2841 2551 nova
2884 2508 3022 2561 sunt,
3063 2499 3336 2568 quomodo.
3379 2497 3740 2567 Apostolorum
3780 2501 3865 2553 di-

2269 2591 2604 2660 gnitas.—At
2624 2605 2752 2645 ecce
2777 2591 2884 2659 jam
2907 2590 3082 2643 anima
3109 2607 3242 2643 nova
3274 2591 3531 2661 (purgata
3555 2592 3697 2646 enim
3725 2593 3856 2661 est),

2267 2695 2322 2740 et
2367 2700 2565 2756 corpus
2612 2700 2833 2749 novum,
2884 2693 2939 2739 et
2974 2701 3171 2738 novum
3216 2685 3542 2739 adoratiouis
3581 2701 3773 2756 genus,
3803 2695 3865 2739 et

2267 2778 2687 2849 pollicitationes
2732 2793 2907 2842 novat,
2959 2788 3014 2832 et
3059 2777 3488 2839 Testamentum,
3537 2787 3592 2832 et
3639 2779 3767 2840 vita,
3805 2788 3868 2832 et

2268 2885 2477 2934 mensa,
2513 2879 2568 2922 ot
2614 2869 2798 2931 vestis,
2843 2878 2896 2921 et
2937 2868 3118 2922 omnia
3156 2882 3294 2922 nova
3339 2878 3482 2922 sunt.
3518 2868 3731 2924 Etenim
3763 2883 3866 2937 pro

2268 2971 2478 3017 terrena
2529 2960 2828 3015 Jerusalem
2848 2961 3122 3014 cmlestem
3146 2961 3484 3028 metropolim
3511 2962 3862 3029 accepimus;

2269 3068 2365 3120 pro
2396 3052 2590 3105 visibili
2625 3053 2824 3120 templo
2852 3052 3114 3120 templum
3135 3052 3416 3121 spirituale
3439 3053 3732 3118 cernimus,
3764 3070 3866 3122 pro

2270 3143 2494 3212 lapideis
2509 3143 2699 3195 tabulis
2712 3157 2957 3202 carneas.
2976 3157 3073 3210 pro
3092 3143 3497 3198 circumcisione
3512 3144 3864 3213 baptismum,

2271 3253 2368 3306 pro
2421 3251 2613 3289 manna
2664 3250 2861 3303 corpus
2912 3235 3269 3300 Dominicum,
3315 3252 3411 3306 pro
3451 3253 3586 3307 aqua
3634 3255 3665 3292 e
3710 3250 3865 3308 petra

2271 3343 2518 3381 cruorem
2568 3342 2598 3380 e
2639 3327 2804 3380 latere
2846 3327 3220 3394 proﬂuentem,
3263 3345 3358 3397 pro
3399 3327 3542 3398 virga
3583 3329 3745 3384 Mosis
3769 3345 3869 3386 aut

2271 3418 2499 3472 Aarouis
2525 3433 2761 3484 crucem,
2798 3434 2891 3486 pro
2921 3429 3060 3472 terra
3085 3419 3170 3472 illa
3196 3419 3395 3474 Iudaeis
3418 3421 3676 3490 promissa
3703 3423 3870 3475 etcla-

2271 3525 2388 3564 rum
2411 3525 2654 3578 regnum,
2689 3525 2784 3579 pro
2809 3512 3074 3565 sexcentis
3097 3512 3462 3567 sacerdotibus
3486 3529 3646 3568 unum
3677 3518 3862 3584 ponti-

2271 3604 2444 3666 ﬁcem,
2480 3617 2578 3671 pro
2603 3617 2740 3672 agno
2768 3603 2989 3657 rationis
3019 3612 3238 3672 experte
3265 3619 3460 3675 agnum
3501 3605 3864 3674 Spiritualem.

2272 3695 2398 3750 Hmc
2444 3695 2652 3760 aliaque
2687 3694 2885 3748 Paulus
2927 3695 3106 3748 animo
3148 3696 3388 3759 volvens,
3434 3695 3666 3760 dicebat,
3715 3695 3871 3751 Nova

2273 3788 2408 3854 facta
2436 3795 2552 3840 sunt
2571 3786 2760 3839 omnia.
2798 3785 2985 3838 Omnia
3009 3796 3176 3838 autem
3205 3802 3268 3839 ea:
3293 3784 3405 3839 Deo
3426 3804 3446 3839 :
3475 3801 3571 3855 per
3592 3787 3867 3842 Christum

2274 3878 2545 3936 videlicet.
2577 3892 2639 3930 ac
2666 3892 2761 3945 per
2801 3876 3117 3930 beneﬁcium
3167 3877 3235 3929 ab
3267 3890 3333 3929 eo
3376 3889 3676 3946 acceptum.
3710 3878 3869 3933 Unde

2274 3969 2434 4021 etiam
2462 3966 2754 4035 subjungit,
2775 3966 2876 4028 Qui
2895 3981 2985 4017 nos
3007 3963 3338 4019 reconcilians
3361 3966 3455 4018 sibi
3473 3983 3560 4033 per
3579 3966 3867 4034 Christmn,

2274 4068 2320 4111 et
2346 4059 2483 4111 dedit
2505 4058 2645 4110 nobis
2669 4057 3002 4109 ministerium
3029 4057 3470 4112 reconciliationis.
3492 4059 3571 4114 Ex
3596 4059 3699 4115 hoc
3718 4065 3866 4116 enim

2275 4152 2452 4204 omnia
2480 4148 2641 4203 bona.
2677 4147 2806 4201 Nam
2839 4149 2886 4202 ei
2933 4148 3022 4218 qui
3055 4165 3151 4204 nos
3181 4150 3383 4206 amicos
3408 4151 3661 4220 reddidit,
3689 4153 3865 4208 eidem

2277 4256 2490 4310 quoque
2511 4240 2613 4293 alia
2652 4247 2869 4310 accepta
2895 4239 3176 4295 referenda
3221 4253 3367 4307 sunt,
3399 4259 3520 4314 qua:
3545 4245 3686 4300 Deus
3712 4249 3866 4300 nobis

2278 4333 2331 4386 in
2371 4331 2657 4387 amicitiam
2701 4333 2930 4402 receptis
2973 4333 3192 4404 largitus
3242 4345 3342 4389 est.
3385 4335 3568 4406 Neque
3593 4338 3737 4391 enim
3769 4355 3870 4393 nos

2279 4426 2462 4480 hostes
2493 4440 2711 4480 manere
2739 4425 2924 4482 sinens
2952 4424 3258 4493 huiusmodi
3291 4443 3511 4483 munere
3536 4429 3736 4494 aﬂ‘ecit,
3770 4431 3866 4484 sed

2281 4517 2426 4584 prius
2467 4516 2519 4570 in
2559 4516 2849 4570 amicitiam
2893 4516 3062 4585 ipsius
3101 4519 3399 4572 restitutos.
3437 4518 3605 4573 Porro
3626 4535 3746 4574 cum
3775 4521 3866 4574 aio

2279 4607 2548 4662 Christum
2598 4607 3054 4662 reconciliationis
3080 4608 3234 4661 nobis
3263 4617 3538 4663 auctorem
3567 4611 3866 4674 exstitisse,

2281 4698 2492 4752 Patrem
2516 4713 2727 4768 quoque
2753 4699 2875 4754 dico
2901 4718 2913 4753 :
2946 4713 3069 4753 cum
3111 4699 3234 4752 dico
3261 4698 3473 4753 Patrem
3505 4700 3742 4766 dedisse,
3773 4702 3870 4756 Fi-

2283 4790 2411 4844 lium
2451 4804 2663 4860 quoque
2704 4790 2846 4856 dico,
2899 4790 3085 4844 Omnia
3123 4791 3266 4844 enim
3307 4807 3396 4858 per
3433 4807 3545 4844 eum
3579 4793 3719 4855 facta
3754 4807 3872 4848 an,”

2287 4881 2464 4952 (Joan.
2517 4883 2567 4936 1.
2619 4884 2746 4955 15);
2777 4895 2936 4953 atque
2978 4884 3093 4953 ipse
3132 4882 3289 4952 hujus
3319 4882 3394 4937 rei
3424 4892 3612 4938 auctor
3636 4885 3869 4940 exsistit.

2283 4972 2467 5042 Neque
2496 4975 2637 5028 enim
2670 4990 2768 5028 nos
2793 4974 2857 5028 ad
2871 4989 2994 5030 eum
3018 4974 3370 5036 accurrimus,
3394 4974 3488 5029 sed
3512 4975 3627 5044 ipse
3657 4991 3755 5032 nos
3778 4992 3875 5031 vo-

2283 5067 2441 5119 cavit.
2467 5071 2709 5130 Qttonant
2737 5065 2898 5120 modo
2927 5065 3174 5119 vocavit?
3196 5065 3298 5119 Per
3311 5065 3734 5123 Christinecem.
3768 5072 3874 5136 Qui

2286 5159 2425 5212 nobis
2475 5160 2613 5212 dedit
2666 5159 2997 5212 ministerium
3048 5159 3491 5216 reconciliationis.
3539 5163 3636 5220 Hic
3685 5181 3875 5220 rursus

2286 5247 2646 5318 dpostolorum
2663 5249 2975 5318 dignitatem
2993 5249 3530 5314 ostendit,declarans
3544 5264 3599 5310 ct
3613 5268 3873 5326 quantum

2288 5356 2480 5395 munus
2505 5343 2741 5411 ipsorum
2759 5342 2884 5397 ﬁdei
2910 5344 3256 5398 commissum
3285 5347 3374 5413 sit,
3391 5359 3448 5403 et
3462 5365 3620 5419 quam
3645 5352 3876 5406 eximius

2288 5449 2348 5488 ac
2377 5435 2666 5505 singularis
2689 5435 2760 5488 sit
2804 5436 2895 5490 Dei
2921 5451 3046 5506 erga
3081 5451 3179 5491 nos
3208 5451 3380 5494 amor.
3411 5441 3525 5497 Non
3552 5445 3696 5498 enim
3729 5455 3877 5513 post-

2290 5540 2448 5593 quam
2492 5527 2648 5595 legati
2678 5527 2838 5592 illius,
2866 5530 2956 5596 qui
2996 5538 3234 5593 venerat,
3265 5545 3452 5588 vocem
3478 5533 3665 5589 audire
3692 5536 3877 5602 negle-

2291 5624 2504 5682 xerunt,
2530 5617 2605 5670 ira
2637 5617 2888 5674 incensus
2912 5629 2997 5675 est
3025 5634 3225 5690 eosque
3252 5621 3510 5688 deseruit,
3552 5624 3644 5679 sed
3673 5635 3880 5695 perstat

2293 5707 2488 5771 adhuc,
2525 5717 2632 5761 tum
2659 5722 2754 5776 per
2776 5723 2834 5764 se
2863 5721 2972 5764 tum
3005 5727 3100 5780 per
3123 5712 3257 5768 alios
3277 5716 3572 5786 adntonens
3593 5727 3647 5771 et
3681 5719 3880 5773 exhor-

2296 5807 2431 5852 tans.
2466 5799 2660 5868 Ecquis
2687 5810 2768 5856 est
2796 5804 2882 5871 qui
2915 5803 3112 5858 tantam
3141 5806 3326 5863 salutis
3347 5819 3546 5864 nostrae
3572 5825 3754 5866 curam
3783 5827 3879 5882 pro
