4022 6258
298 497 401 551 ιτῦ

289 609 510 673 σάρκα.
564 599 628 654 Et
661 604 770 670 γὰρ
812 600 1014 662 πάντες
1055 598 1349 660 ἀπέθανον,
1402 602 1494 651 καὶ
1537 600 1736 660 πάντες
1774 599 1867 650 ἀν-

295 703 549 772 έστησαν,
583 699 676 752 καὶ
705 697 975 752 ἀπέθανον
1003 698 1103 768 μὲν
1136 697 1307 761 οὕτως
1336 699 1411 761 ὠς
1454 698 1554 765 τῆς
1596 696 1869 766 ἁμαρτίας

292 804 326 873 ἡ
359 804 614 871 τυραννὶς
656 797 1037 863 κατεδίκαζεν,
1067 799 1372 869 ἀνέστησαν
1419 798 1474 849 δὲ
1511 795 1600 851 διὰ
1643 795 1868 865 λουτροῦ

289 898 731 968 παλιγγενεσίας,
759 899 854 952 καὶ⁹
876 898 1296 960 ἀνακαινώσεως
1321 893 1654 964 Πνεύματοξ
1673 895 1831 962 ἀγίου
1855 911 1869 925 ο

290 998 513 1060 εἰκότως
551 998 736 1067 φησὶν,
773 997 1003 1053 Οὐδένα
1049 996 1296 1062 οῖδαμεν
1330 993 1480 1046 κατὰ
1530 994 1728 1060 σαρκὰ
1764 993 1872 1044 τῶν

291 1098 517 1151 πιστῶν.
544 1098 609 1150 Τί
644 1097 774 1167 7&9,
799 1098 848 1150 εί
878 1098 971 1150 καὶ
997 1100 1054 1149 ὲν
1097 1095 1258 1164 σαρκί
1290 1095 1428 1148 εἰσιν
1454 1111 1468 1159 ;
1509 1093 1669 1146 Ἀλλά
1699 1097 1731 1162 ή
1757 1092 1871 1164 ζωὴ

288 1201 468 1271 ἐκείνη
497 1201 530 1269 ἡ
564 1200 802 1269 σαρκικὴ
832 1198 1101 1260 ἀπώλετο,
1130 1197 1225 1248 καὶ
1260 1195 1466 1250 ἀνωθεν
1499 1194 1871 1265 ἐγεννήθημεν

287 1299 346 1348 ὲν
375 1296 674 1367 Πνεύματι,
710 1298 802 1348 καὶ
851 1296 1043 1365 ἑτέραν
1086 1293 1307 1365 οἴδαμεν
1345 1293 1621 1347 πολιτείαν
1658 1291 1754 1345 καὶ
1795 1290 1872 1344 δι-

287 1398 509 1466 αγωγὴν
525 1400 621 1449 καὶ
645 1396 790 1465 ζωὴν
811 1396 902 1447 καὶ
925 1395 1260 1448 κατάστασιν
1274 1395 1374 1465 τὴν
1398 1396 1455 1447 tv
1471 1397 1584 1456 τοῖς
1599 1393 1864 1464 οὐρανοῖς.

271 1498 393 1550 Καὶ
438 1498 600 1552 πάλιν
631 1497 820 1549 τούτου
851 1494 1015 1548 αὑτοῦ
1056 1495 1300 1567 ἀρχηγὸν
1338 1496 1431 1549 τὸν
1471 1495 1706 1565 Χριστὸν
1739 1495 1871 1547 ὄντα

280 1598 521 1650 δείκνυσι
551 1613 566 1627 ’
607 1596 687 1648 διὸ
719 1596 810 1647 καὶ
854 1595 1157 1666 ἐπήγαγεν,
1196 1598 1264 1650 El
1300 1596 1368 1649 δὲ
1396 1597 1495 1649 καὶ
1526 1596 1870 1666 ἐγνώκαμεν

283 1698 430 1750 κατὰ
458 1695 661 1764 σάρκα
685 1694 966 1762 Χριστὸν,
1008 1695 1174 1750 ἀλλὰ
1201 1696 1319 1749 νῦν
1348 1695 1545 1749 οὐκέτι
1577 1695 1868 1764 γινώσκο-

278 1811 408 1864 μεν.

349 1957 416 2028 β’.
436 1958 501 2011 Τί
529 1954 644 2022 οὖν,
667 1959 788 2012 είπέ
808 1977 898 2030 μοι
915 1976 929 2024 ;
947 1958 1048 2029 τὴν
1065 1960 1242 2031 σάρκα
1256 1959 1508 2022 ἀπέθετο,
1526 1959 1621 2012 καὶ
1648 1958 1741 2012 νῦν
1766 1959 1866 2012 οὑκ

283 2062 400 2112 ἐστι
426 2059 566 2130 μετὰ
587 2059 680 2112 τοῦ
710 2062 965 2131 σώματος
986 2077 1001 2124 ;
1034 2060 1248 2128 Ἀπαγε
1271 2078 1283 2092 ο
1315 2059 1409 2113 καὶ
1433 2061 1542 2131 7&9
1565 2059 1660 2112 καὶ
1690 2057 1784 2111 νῦν
1808 2059 1864 2110 tv

279 2162 440 2232 σαρκί
473 2163 641 2216 ἐστιν.
674 2157 864 2228 Οὗτος
911 2161 1020 2232 7&9
1055 2163 1088 2215 ὁ
1142 2161 1384 2230 Ἰησοῦς
1427 2163 1458 2214 ό
1492 2160 1865 2230 ἀναληφθεὶς

277 2260 378 2327 ἀφ’
414 2258 577 2327 ὑμῶν
606 2261 692 2325 είς
716 2259 826 2312 τὸν
851 2258 1137 2327 οὐρανὸν,
1164 2258 1347 2322 οὕτως
1377 2259 1715 2312 ἐλεύσεται.
1751 2257 1866 2309 Οὓς

275 2377 354 2412 τω
381 2376 395 2390 ’
433 2361 590 2429 πῶς;
633 2362 720 2414 Ἐν
765 2362 948 2432 σαρκὶ,
995 2361 1134 2431 μετά
1170 2361 1262 2414 τοῦ
1299 2360 1571 2430 σώματος.
1609 2359 1732 2423 Πῶς
1773 2354 1865 2412 οῦν

276 2478 462 2531 φησιν,
487 2464 558 2515 El
586 2461 655 2515 δὲ
683 2463 784 2517 καί
814 2462 1164 2531 ἐγνώκαμεν
1188 2463 1338 2517 κατὰ
1358 2462 1556 2542 σάρκα
1583 2461 1864 2528 Χριστὸν,

273 2562 434 2640 ἀλλὰ
459 2562 578 2617 νῦν
607 2561 848 2628 οὐκέτι;
883 2561 1070 2633 Ἦμῶν
1104 2562 1202 2632 μὲν
1234 2560 1343 2631 γὰρ
1369 2561 1429 2613 τὸ
1456 2561 1618 2614 Κατὰ
1643 2558 1864 2626 σάρκα,

274 2662 334 2714 τὸ
358 2664 415 2714 ὲν
438 2663 735 2733 ἁμαρτίαις
766 2659 927 2726 εἶναι,
959 2662 1019 2714 τὸ
1053 2662 1109 2713 δὲ
1140 2662 1238 2728 Μὴ
1267 2661 1418 2714 κατὰ
1450 2661 1673 2726 σάρκα,
1701 2661 1762 2712 τὸ
1789 2662 1868 2730 μὴ

273 2764 332 2813 ἐν
366 2761 662 2830 ἁμαρτίαις
694 2755 855 2813 εἶναι.
888 2758 1125 2828 Χριστοῦ
1149 2759 1206 2810 δὲ
1232 2759 1292 2810 τὸ
1322 2759 1463 2812 κατὰ
1493 2759 1693 2828 σάρκα,
1719 2759 1782 2811 τὸ
1807 2762 1862 2814 ὲν

272 2862 385 2923 τοῖς
412 2858 729 2930 παθήμασιν
757 2854 898 2911 εἷναι
922 2857 1021 2927 τῆς
1053 2855 1289 2926 φύσεως,
1323 2851 1458 2920 οἷον,
1494 2858 1552 2908 tv
1577 2855 1657 2925 τῷ
1680 2856 1860 2925 διψῇν,

271 2962 332 3010 ἐν
353 2958 430 3030 τῷ
455 2961 665 3030 πεινῇν,
692 2960 751 3011 tv
775 2957 853 3028 τῷ
883 2957 1104 3026 κοπιᾷν,
1136 2957 1192 3010 ὲν
1218 2954 1296 3025 τῷ
1321 2954 1605 3007 καθεύδειν
1631 2954 1865 3025 (Ἄμαρ-

272 3058 407 3111 τίαν
430 3059 540 3129 7&9
571 3061 680 3112 οὐκ
710 3059 1020 3126 ἐποίησεν,
1045 3055 1188 3111 οὐδέ
1221 3055 1435 3124 εὑρέθη
1468 3056 1653 3120 δόλος
1691 3055 1762 3108 ἐν
1783 3054 1864 3120 τῷ

271 3159 523 3226 στόματι
545 3156 754 3210 αὐτοῦ.
787 3157 876 3208 Διὸ
898 3157 992 3208 καὶ
1017 3155 1195 3223 ἔλεγε,
1233 3155 1326 3220 Τίς
1350 3154 1418 3218 ἐξ
1443 3151 1610 3219 ὑμῶν
1631 3153 1864 3223 ἐλέγχει

217 3265 222 3268 ’
266 3273 344 3325 με
377 3258 509 3325 περὶ
539 3257 867 3327 ἁμαρτίας;
917 3257 1014 3309 καὶ
1063 3257 1248 3322 πάλιν,
1285 3257 1566 3324 Ἔρχεται
1597 3257 1629 3308 6
1664 3256 1864 3323 ἅρχων

272 3356 379 3408 τοῦ
413 3357 642 3427 κόσμου
674 3358 912 3422 τούτου,
949 3357 1046 3410 καὶ
1073 3357 1142 3411 ἐν
1176 3355 1305 3426 ἐμοὶ
1330 3357 1442 3410 οὐκ
1467 3357 1591 3423 ἕχει
1620 3354 1821 3424 οὐδέν)
1842 3368 1863 3383 ι

272 3457 333 3508 τὸ
358 3457 414 3510 δὲ
452 3457 528 3529 μὴ
575 3460 716 3510 κατά
767 3459 966 3527 σάρκα,
1019 3459 1081 3510 τὸ
1127 3458 1223 3510 καὶ
1265 3455 1471 3509 τούτων
1518 3455 1861 3526 ἀπηλλάχθαι

273 3557 478 3619 λοιπὸν,
518 3559 580 3610 οὐ
635 3559 698 3610 τὸ
753 3559 910 3622 ἐκτὸς
964 3557 1168 3629 σαρκὸς
1217 3551 1378 3613 εῖναι.
1417 3559 1523 3610 Καὶ
1577 3556 1684 3627 γὰρ
1725 3555 1863 3626 μετὰ

271 3657 474 3726 ταύτης
505 3657 723 3728 ἔρχεται
768 3659 970 3727 κρίνων
998 3659 1108 3728 ,τὴν
1152 3659 1500 3727 οἰκουμένην,
1532 3657 1720 3727 ἀπαθῆ
1761 3657 1862 3710 αύ-

271 3759 369 3829 τὴν
396 3758 533 3827 ἔχων
563 3759 656 3811 καὶ
686 3759 966 3827 ἀκήρατον
989 3772 1001 3786 ο
1036 3758 1115 3818 είς
1145 3755 1174 3807 ὃ
1200 3759 1295 3808 καὶ
1316 3758 1477 3826 ήμεῖς
1504 3756 1857 3826 βαδιούμεθα,

272 3858 597 3929 συμμόρφου
635 3857 729 3910 τοῦ
766 3855 1015 3928 σώματος
1042 3858 1174 3926 ἡμῖν
1211 3856 1504 3925 γενομένου
1534 3855 1610 3927 τῷ
1646 3855 1858 3924 σώματι

266 3963 370 4031 τῆς
407 3961 562 4032 δόξης
619 3959 808 4013 αὑτοῦ.
865 3959 1051 4012 Ὥστε
1087 3957 1140 4010 ετ
1172 3974 1264 4024 τις
1310 3958 1380 4010 ἐν
1413 3955 1641 4023 Χριστῷ
1678 3954 1856 4024 καινὴ

268 4069 488 4130 κτίσις.
527 4061 747 4132 Ἐπειδὴ
777 4061 884 4131 γάρ
907 4059 1016 4112 ἀπὸ
1046 4058 1146 4129 τῆς
1167 4057 1390 4127 ἀγάπης
1420 4055 1757 4127 προέτρεψεν
1779 4057 1858 4120 είς

264 4167 366 4236 τήν
392 4166 610 4236 ἀρετὴν,
638 4162 823 4215 λοιπὸν
850 4162 942 4213 καὶ
972 4159 1030 4225 ἐξ
1057 4158 1236 4211 αὐτῶν
1265 4159 1375 4211 τῶν
1399 4159 1750 4230 πραγμάτων
1776 4160 1856 4220 είς

261 4265 428 4317 τοῦτο
454 4266 636 4331 ἐνάγει
658 4280 672 4292 ·
703 4260 784 4314 διὸ
820 4261 914 4313 καὶ
942 4261 1244 4328 ἐπήγαγεν,
1291 4258 1363 4311 Εἴ
1391 4275 1482 4321 τις
1505 4259 1576 4311 ἐν
1619 4257 1856 4326 Χριστῷ

263 4364 448 4431 καινὴ
476 4364 692 4426 κτίσις.
726 4360 793 4411 Εἴ
811 4375 892 4420 τις
923 4357 1072 4429 [515]
1101 4361 1423 4411 ἐπίστευσεν
1453 4357 1625 4427 αὐτῷ,
1663 4359 1850 4427 φησὶν,

257 4469 345 4530 εἰς
358 4465 551 4536 ἑτέραν
564 4459 694 4532 ήλθε
714 4459 1096 4530 δημιουργίαψ
1121 4457 1334 4528 καὶγὰρ
1357 4456 1564 4510 ἄνωθεν
1587 4459 1850 4532 ἐγεννήθη

254 4569 354 4621 διὰ
392 4563 728 4633 Πνεύματος.
771 4561 939 4613 Ὥστε
963 4559 1060 4612 καὶ
1093 4557 1183 4612 διά
1209 4556 1389 4625 τοῦτο,
1415 4561 1601 4629 φησιν,
1633 4560 1850 4629 ὀφείλο-

257 4684 370 4738 μεν
416 4664 564 4734 αὐτῷ
610 4663 730 4732 ζῇν,
780 4661 879 4730 οὐχ
927 4662 1009 4714 ὃτι
1058 4661 1158 4712 οὐκ
1201 4661 1366 4729 ἐσμὲν
1410 4661 1619 4715 ἑαυτῶν
1666 4661 1846 4732 μόνον,

250 4766 372 4821 οὐδ’
398 4767 480 4819 ὃτι
530 4763 800 4817 ἀπέθανεν
854 4762 993 4829 ὑπὲρ
1053 4759 1214 4828 ἡμῶν
1257 4761 1436 4829 μόνον,
1478 4762 1594 4838 οὐδ’⁵
1629 4763 1710 4815 ὅτι
1748 4763 1846 4816 ἀν-

249 4872 488 4937 έστησεν
522 4865 680 4935 ήμῶν
713 4863 811 4931 τὴν
841 4860 1094 4929 ἀπαρχὴν
1132 4860 1312 4927 μόνον,
1365 4861 1479 4913 ἀλλ’
1510 4864 1592 4916 ὅτι
1624 4866 1719 4917 καὶ
1765 4866 1847 4929 είς

245 4972 428 5039 ἄλλην
455 4966 688 5039 ηλοομεν
711 4963 876 5032 ζωήν.
914 4961 1057 5031 Ὅρα
1089 4959 1231 5012 πόσα
1257 4958 1600 5032 δικαιώματα
1623 4965 1716 5017 τοῦ
1749 4984 1847 5019 καο

243 5071 368 5131 λῶς
396 5068 492 5139 ζῇν
515 5064 718 5134 τίθησι.
751 5062 850 5114 Διά
875 5060 985 5131 7&9
1016 5057 1171 5112 τοῦτο
1207 5058 1299 5109 καὶ
1328 5060 1622 5133 παχυτέρῳ
1646 5064 1848 5135 ὀνόμα-

241 5189 301 5224 τι
351 5170 504 5220 καλεῖ
530 5167 628 5237 τήν
664 5161 949 5234 διόρθωσιν
968 5203 982 5225 ,
1017 5161 1105 5213 ἵνα
1131 5158 1332 5230 πολλὴν
1360 5158 1507 5231 δείξῃ
1545 5161 1644 5232 τὴν
1675 5169 1842 5233 μετά-

241 5285 449 5324 στασιν
478 5267 573 5320 καί¹
602 5266 701 5336 τὴν
735 5262 1059 5334 μεταϐολήν.
1101 5257 1238 5314 Εἶτα
1268 5262 1582 5332 περαιτέρω
1606 5265 1840 5329 ἐπεξιὼν

236 5371 328 5441 τῷ
367 5367 663 5437 εἰρημένῳ,
693 5364 788 5417 καὶ
813 5363 1024 5423 δεικνὺς
1051 5359 1166 5423 πῶς
1199 5362 1360 5430 καινὴ
1397 5362 1593 5426 κτίσις,
1633 5365 1706 5415 Τὰ
1736 5367 1839 5431 ἀρ-

237 5469 401 5543 χαῖα
429 5463 725 5534 παρῆλθε,
753 5464 917 5532 φησὶν
941 5503 954 5525 ,
985 5459 1113 5514 ἰδοὺ
1143 5461 1351 5528 γέγονε
1383 5462 1557 5516 καινὰ
1588 5464 1660 5516 τὰ
1687 5465 1838 5518 πάν-

237 5590 346 5630 τα.
388 5571 520 5622 Ποῖα
565 5567 802 5636 ἀρχαῖα;
831 5563 987 5614 Ἤτοι
1036 5562 1104 5613 τά
1142 5561 1514 5631 ἁμαρτήματά
1540 5580 1694 5633 φησι,
1743 5568 1839 5619 καὶ

238 5676 352 5737 τὰς
389 5665 721 5734 ἀσεϐείας,ἢ
760 5664 827 5717 τὰ
870 5663 1134 5715 Ἰουδαϊκὰ
1167 5662 1374 5715 πάντα’
1413 5664 1612 5733 μᾶλλον
1652 5666 1707 5717 δὲ
1743 5669 1836 5721 καὶ

237 5772 434 5830 ταῦτα
455 5770 684 5824 κάκεῖνά
707 5785 890 5838 φησιν.
940 5768 1096 5822 Ἰδοὺ
1133 5771 1337 5840 γέγονε
1369 5773 1439 5825 τὰ
1477 5775 1673 5828 πάντα
1712 5794 1834 5830 mu-

237 5883 348 5940 γά,
397 5877 468 5931 Τὰ
495 5875 562 5930 δὲ
591 5876 787 5929 πάντα
808 5876 876 5929 ἐκ
907 5875 1010 5929 τοῦ
1051 5878 1216 5933 Θεοῦ.
1247 5877 1408 5932 Οὐδὲν
1432 5879 1490 5945 ἐξ
1519 5882 1689 5950 ήμῶν.
1727 5883 1831 5936 Καὶ

1282 485 1347 538 IN
1387 485 1604 539 EPIST.
1660 485 1704 539 ll
1762 485 1853 537 AD
1906 485 2067 540 (ΞΟΠ.
2113 484 2348 538 HOMIL.
2394 485 2482 538 XI.

3454 487 3561 542 476

1987 601 2096 670 7&9
2127 600 2322 668 ἄφεσις
2359 598 2774 668 ἁμαρτημάτων
2808 597 2900 650 καὶ
2939 596 3180 650 υἱοθεσία
3229 597 3321 650 καὶ
3359 600 3392 669 ή
3436 599 3564 665 δόξα

1977 698 2249 768 ἄφθαρτος
2277 697 2335 761 ἐξ
2371 697 2535 750 αὑτοῦ
2569 698 2700 767 ἡμῖν
2738 696 3056 766 δεδώρηται.
3090 696 3289 749 Οὐκέτι
3319 698 3430 768 7&9
3459 701 3566 751 ἀπὸ

1977 798 2086 852 τῶν
2121 798 2422 868 μελλόντων
2456 799 2636 868 μόνον,
2675 797 2810 850 ἀλλὰ
2857 798 2950 850 καὶ
2994 796 3101 852 ἀπὸ
3128 798 3237 850 τῶν
3278 799 3580 869 παρόντων

1979 899 2180 961 αὐτοὺς
2211 899 2536 969 προτρέπει.
2567 899 2766 952 Σκόπει
2810 900 2866 952 δέ
2901 917 2915 929 ι
2944 893 3097 951 εἶπεν
3127 940 3142 964 ,
3173 900 3255 953 ὅτι
3298 899 3566 970 μέλλομεν

1979 1000 2320 1063 ἀνίστασθαι,
2371 1001 2466 1052 καὶ
2512 1001 2590 1062 είς
2638 999 2948 1068 ἀφθαρσίαν
3002 1002 3221 1071 χωρεῖν,
3266 1002 3358 1052 καὶ
3388 1001 3566 1053 οἰκίαν

1977 1101 2124 1169 ἔχειν
2152 1100 2369 1151 αίὼνιον
2394 1115 2406 1128 ο
2433 1098 2550 1151 ἀλλ’
2579 1098 2767 1168 ἐπειδὴ
2796 1100 3021 1168 μείζονα
3052 1100 3204 1169 ἰσχὺν
3237 1100 3314 1160 εἰς·
3341 1099 3401 1152 τὸ
3431 1116 3565 1170 προ-

1979 1199 2175 1268 τρέψαι
2207 1198 2406 1269 ἔχειτὰ
2431 1198 2672 1268 παρόντα
2700 1198 2807 1250 τῶν
2837 1199 3142 1267 μελλόντων
3174 1201 3309 1269 πρὸς
3339 1200 3465 1264 τοὺς
3493 1200 3568 1271 μὴ

1979 1295 2331 1358 πιστεύοντας
2363 1296 2596 1359 τούτοις,
2636 1296 2710 1358 ὡς
2733 1296 2813 1347 δεῖ
2840 1298 3141 1364 πιστεύειν,
3169 1297 3442 1350 δείκνυσιν
3469 1301 3569 1352 ὃσα

1979 1393 2072 1447 καὶ
2095 1394 2197 1464 ήδη
2231 1394 2445 1458 ἔλαϐον,
2478 1395 2573 1449 καὶ
2593 1394 2737 1456 τίνες
2769 1394 2941 1455 ὅντες.
2975 1393 3131 1456 Τίνες
3150 1391 3242 1447 οὖν
3265 1395 3418 1458 ὅντες
3443 1397 3568 1448 έλα-

1979 1492 2112 1560 6ον;
2149 1494 2354 1566 Νεκροί
2384 1495 2586 1558 πάντες
2619 1494 2851 1565 (Πάντες
2884 1494 3013 1566 γὰρ,
3049 1495 3234 1565 φησὶν,
3271 1495 3565 1560 ἀπέθανον,

1979 1590 2074 1644 καὶ
2128 1591 2270 1663 ὑπὲρ
2313 1592 2531 1647 πάντων
2575 1593 2876 1647 ἀπέθανεν*
2925 1595 3071 1648 οὕτω
3112 1596 3320 1658 πάντας
3365 1596 3566 1666 ὁμοίως

1976 1691 2207 1762 ἠγάπα),
2236 1692 2682 1763 πεπαλαιωμένοι
2709 1733 2724 1758 ,
2765 1696 3142 1765 γεγηρακότες
3179 1697 3415 1760 ἅπαντες
3457 1698 3568 1758 τοῖς

1977 1808 2183 1855 κακοις.

2060 1955 2198 2008 Ἀλλ’
2253 1956 2362 2009 ἰδοὺ
2410 1957 2506 2009 καὶ
2556 1956 2705 2027 ψυχὴ
2736 1956 2898 2028 καινὴ
2928 1957 3231 2030 (ἐκαθάρθη
3270 1960 3434 2031 7&9),
3473 1959 3567 2016 καὶ

1977 2056 2138 2126 σῶμα
2181 2057 2390 2121 καινὸν,
2448 2059 2542 2110 καὶ
2590 2057 2818 2129 λατρεία
2857 2060 3042 2130 καινὴ,
3101 2061 3194 2112 καὶ
3241 2061 3565 2129 ἐπαγγελίαι

1978 2158 2189 2224 καιναὶ,
2243 2161 2338 2211 καὶ
2390 2158 2648 2229 διαθήκη,
2704 2161 2796 2212 καὶ
2828 2159 2961 2228 ζωὴ,
3027 2162 3124 2212 καὶ
3164 2161 3436 2231 τράπεζα,
3471 2165 3565 2214 καὶ

1976 2256 2138 2327 στολὴ
2160 2297 2174 2324 ,
2221 2258 2318 2310 καὶ
2350 2258 2530 2311 πάντα
2577 2259 2741 2310 καινά
2777 2256 2985 2319 ἁπλῶς.
3032 2260 3139 2310 Καὶ
3174 2259 3283 2330 γάρ
3313 2260 3436 2312 ἀντὶ
3463 2262 3562 2329 τῆς

1975 2363 2125 2416 κάτω
2157 2364 2517 2434 Ἰερουσαλὴμ
2543 2364 2807 2435 ἐλάϐομεν
2834 2365 2932 2435 τὴν
2959 2365 3069 2418 ἀνω
3100 2363 3450 2435 μητρόπολιν,
3471 2366 3565 2417 καὶ

1971 2462 2094 2516 ἀντὶ
2122 2463 2252 2517 ναοῦ
2297 2463 2562 2533 αἰσθητοῦ
2597 2465 2724 2517 ναὸν
2766 2466 2981 2534 εἴδομεν
3011 2464 3405 2534 πνευματικὸν.
3444 2466 3565 2517 ἀντὶ

1975 2560 2203 2616 πλακῶν
2251 2561 2470 2615 λιθίνων
2514 2562 2810 2632 σαρκίνας,
2841 2564 2966 2616 ἀντὶ
3019 2567 3329 2632 περιτομῆς
3373 2563 3564 2631 βάπτι-

1975 2682 2110 2736 σμα,
2161 2666 2284 2718 ἀντὶ
2315 2663 2410 2718 τοῦ
2447 2665 2624 2735 μάννα
2648 2664 2809 2734 σῶμα
2849 2665 3199 2727 Δεσπυτικὺν,
3227 2666 3349 2719 ἀντὶ
3375 2668 3566 2730 ὓδατος

1972 2763 2079 2815 ἀπὸ
2105 2765 2312 2836 πέτρας
2330 2760 2470 2834 αἷμα
2488 2765 2596 2817 ἀπὸ
2626 2763 2760 2817 πλευ
2769 2765 2889 2835 ρᾶς,
2907 2767 3029 2818 ἀντὶ
3065 2765 3262 2835 ῥάϐδου
3283 2767 3564 2830 Μωῦσέως

1969 2865 2003 2934 ἦ
2050 2863 2261 2935 Ἀαρὼν
2282 2866 2375 2919 τὸν
2408 2868 2643 2937 σταυρὸν
2669 2906 2683 2928 ,
2716 2867 2839 2919 ἀντὶ
2879 2866 2984 2935 γῆς
3020 2868 3120 2936 τῆς
3166 2867 3502 2934 ἐπαγγελίας
3533 2879 3556 2906 ι

1969 2969 2069 3040 τὴν
2116 2968 2394 3036 βασιλείαν
2461 2967 2572 3021 τῶν
2621 2968 2888 3038 οὐρανῶν,
2940 2970 3061 3022 ἀντὶ
3110 2969 3320 3039 μυρίων
3373 2969 3563 3038 ἱερέων

1971 3070 2067 3123 ἕνα
2105 3070 2370 3142 ἀρχιερέα
2391 3109 2406 3133 ,
2439 3069 2565 3124 ἀντὶ
2603 3069 2781 3139 ἀμνοῦ
2815 3069 3016 3138 ἀλόγου
3060 3069 3231 3141 ἀμνὸν
3258 3085 3558 3139 πνευματι-

1974 3171 2085 3225 κόν.
2115 3172 2302 3224 Ταῦτα
2335 3171 2426 3224 καὶ
2446 3171 2512 3224 τὰ
2526 3170 2752 3225 τοιαῦτα
2784 3171 3129 3242 λογιζόμενος
3159 3171 3334 3238 ἔλεγε,
3377 3172 3562 3224 Καινὰ

1970 3272 2044 3324 τὰ
2072 3269 2291 3322 πάντα.
2345 3270 2535 3323 Ταῦτα
2566 3269 2634 3321 δὲ
2669 3269 2870 3323 πάντα
2895 3270 2962 3322 ἐκ
2993 3272 3101 3323 τοῦ
3134 3271 3283 3323 Θεοῦ
3306 3270 3395 3323 διά
3431 3271 3562 3338 Χρι-

1973 3368 2104 3422 στοῦ
2152 3369 2248 3423 καὶ
2289 3370 2392 3439 τῆς
2423 3370 2590 3423 αὑτοῦ
2618 3370 2849 3441 δωρεᾶς.
2880 3370 2972 3424 Διὸ
2998 3370 3092 3423 καὶ
3116 3371 3367 3440 ἐπήγαγε
3390 3385 3404 3398 ⁸
3451 3371 3560 3424 Τοῦ

1970 3472 2468 3538 καταλλάξαντος
2492 3471 2651 3541 ἡμᾶς
2673 3471 2869 3537 ἑαυτῷ
2895 3470 2994 3524 διὰ
3016 3470 3122 3525 τοῦ
3153 3467 3434 3538 Χριστοῦ,
3460 3468 3558 3520 καὶ

1969 3573 2190 3638 δόντος
2239 3572 2386 3641 ἡμῖν
2444 3570 2560 3640 τὴν
2610 3571 2932 3624 διακονίαν
2973 3570 3084 3636 τῆς
3135 3566 3554 3636 καταλλαγῆς.

1981 3674 2117 3726 Ἀπὸ
2165 3673 2275 3742 7&9
2317 3672 2508 3726 τούτου
2565 3673 2744 3726 πάντα
2774 3673 2843 3725 τά
2876 3671 3080 3741 ἀγαθά.
3125 3672 3184 3725 '0
3225 3672 3332 3742 7&9
3372 3671 3558 3741 φίλους

1967 3775 2116 3843 ἡμᾶς
2141 3773 2414 3842 ποιήσας,
2449 3773 2614 3836 αὐτὸς
2661 3776 2755 3825 καὶ
2801 3773 2911 3826 τῶν
2942 3774 3121 3827 ἄλλων
3149 3773 3349 3839 αἴτιος,
3386 3773 3422 3827 ἀ
3444 3773 3552 3835 τοῖς

1967 3874 2142 3942 φίλοις
2167 3873 2367 3926 ἔδωκεν
2393 3875 2421 3926 6
2458 3872 2612 3936 Θεός.
2651 3872 2727 3926 Οὐ
2759 3872 2871 3944 7&9
2905 3873 3068 3942 ἀφεὶς
3092 3877 3278 3944 μένειν
3305 3873 3553 3945 ἐχθροὺς,

1966 3973 2139 4038 οὕτως
2172 3975 2326 4045 ἡμᾶς
2354 3972 2650 4044 ἠμείψατο,
2691 3972 2827 4027 ἀλλά
2861 3972 3054 4042 φίλους
3083 3973 3318 4041 ποιήσας
3353 3970 3550 4039 ἑαυτῷ.

1974 4070 2145 4130 Ὅταν
2169 4076 2226 4129 δὲ
2257 4077 2424 4139 εἴπω,
2463 4063 2544 4128 δτι
2577 4075 2818 4143 Χριστὸς
2848 4076 3022 4136 αἴτιος
3060 4074 3158 4144 τῆς
3185 4071 3550 4140 καταλλαγῆς,

1966 4176 2060 4230 καὶ
2091 4175 2183 4228 τὸν
2218 4172 2445 4244 Πατέρα
2466 4172 2612 4239 λέγω
2639 4189 2653 4203 ο
2688 4173 2818 4224 ὅταν
2845 4173 2988 4225 εἴπω
3020 4172 3111 4224 τὸν
3138 4173 3358 4243 Πατέρα
3392 4171 3552 4225 δεδω-

1963 4275 2139 4337 κέναι,
2184 4275 2274 4326 καὶ
2324 4273 2417 4326 τὸν
2462 4272 2593 4324 Υίὺν
2630 4272 2793 4340 λέγω.
2845 4273 3049 4326 Πάντα
3092 4271 3202 4343 7&9
3259 4272 3334 4326 δι’
3363 4273 3551 4328 αὑτοῦ

1961 4371 2228 4441 ἐγένετο·
2266 4370 2360 4423 καὶ
2396 4370 2585 4423 τούτου
2628 4369 2685 4422 δὲ
2729 4371 2892 4433 αὐτὸς
2917 4369 3072 4443 [516]
3097 4369 3287 4433 αἴτιος.
3325 4371 3399 4422 Οὐ
3442 4371 3552 4442 γὰρ

1962 4474 2124 4542 ἡμεῖς
2142 4469 2291 4540 αὐτῷ
2311 4470 2794 4541 προσεδράμομεν,
2814 4471 2928 4523 ἀλλ’
2945 4471 3113 4533 αὐτδς
3130 4471 3277 4540 ἡμᾶς
3295 4469 3545 4524 ἐκάλεσε.

1963 4574 2086 4637 Πῶς
2109 4573 2368 4638 ἐκάλεσε;
2392 4572 2494 4624 Διά
2511 4573 2608 4641 τῆς
2625 4572 2718 4624 τοῦ
2741 4573 2979 4642 Χριστοῦ
2997 4574 3239 4640 σφαγῆς.
3265 4575 3372 4626 Καὶ
3409 4574 3548 4626 δόν-

1958 4694 2061 4741 τος
2104 4675 2248 4742 ἡμῖν
2278 4673 2393 4741 τὴν
2415 4673 2738 4727 διακονίαν
2787 4672 2896 4740 τῆς
2930 4674 3341 4741 καταλλαγῆς.
3379 4675 3547 4728 Πάλιν

1957 4774 2190 4828 ἐνταῦθα
2226 4773 2469 4826 δείκνυσι
2519 4772 2580 4826 τὸ
2623 4773 2733 4825 τῶν
2784 4772 3099 4826 ἀποστόλων
3142 4772 3383 4842 ἀξίωμα,
3433 4773 3545 4825 δει-

1955 4875 2087 4937 κνὺς
2110 4872 2299 4943 ἡλίκον
2326 4875 2560 4943 πρᾶγμα
2582 4872 3055 4943 ὲνεχειρίσθησαν,
3092 4872 3306 4940 καὶτῆς
3323 4872 3542 4940 ἀγάπης,

1952 4973 2049 5028 τοῦ
2100 4972 2234 5026 Θεοῦ
2295 4973 2396 5045 τὴν
2439 4973 2771 5044 ὑπερϐολήν.
2821 4973 2956 5026 Οὐδὲ
2984 4973 3132 5044 γὰρ,
3169 4971 3356 5041 ἐπειδὴ
3399 4990 3512 5038 παρ

1953 5077 2196 5147 ήκουσαν
2249 5074 2343 5128 τοῦ
2393 5074 2640 5137 ἐλθόντος
2670 5073 3036 5141 πρεσϐευτοῦ,
3074 5073 3400 5144 παρωξύνθη
3447 5075 3540 5127 καὶ

1952 5175 2166 5245 ἀφῆκεν
2207 5176 2428 5238 αὐτοὺς,
2479 5175 2597 5227 ἀλλ’
2650 5175 2905 5244 ἐπιμένει
2952 5176 3295 5246 παρακαλῶν
3326 5176 3422 5229 καὶ
3469 5172 3537 5228 δι’

1950 5276 2147 5330 ἑαυτοῦ
2185 5277 2280 5330 καὶ
2310 5277 2377 5329 δι’
2411 5274 2637 5343 ἐτέρων.
2678 5276 2776 5339 Τίς
2807 5276 2874 5329 ἂν
2906 5276 3116 5346 ταύτην
3133 5277 3300 5344 ἀξίως
3329 5279 3535 5330 ἐκπλα-

1949 5377 2072 5446 γείη
2109 5378 2209 5446 τὴν
2241 5375 2608 5447 κηδεμονίαν;
2659 5376 2906 5446 Ἐσφάγη
2936 5379 2964 5428 6
2996 5378 3122 5438 Υίδς
3148 5379 3239 5430 ἐπὶ
3263 5380 3535 5431 καταλλα-

1947 5479 2048 5545 γάς
2077 5477 2266 5541 ἐλθὼν,
2296 5477 2323 5527 6
2351 5476 2572 5546 γνήσιος
2603 5477 2695 5528 καὶ
2726 5477 3045 5548 μονογενὴς,
3081 5480 3175 5533 καὶ
3204 5479 3324 5532 οὐδὲ
3358 5479 3533 5544 οὕτως

1946 5577 2274 5646 ἀπεστράφη
2320 5576 2448 5638 τοὺς
2495 5578 2846 5652 ἀνῃρηκότας
2872 5583 2899 5634 6
2932 5583 3122 5654 Πατὴρ
3144 5624 3158 5647 ,
3192 5585 3312 5637 οὐδὲ
3352 5580 3526 5648 εἶπεν,

1949 5673 2213 5741 Ἐπεμψα
2253 5673 2344 5726 τὸν
2388 5675 2514 5727 Υίόν
2563 5695 2665 5745 μου
2720 5680 3220 5751 πρεσϐευσόμενον,
3260 5686 3309 5735 oi
3365 5686 3421 5737 δὲ
3465 5686 3522 5736 οῦ

2004 5925 2025 5949 ⁸
2067 5920 2320 5982 chcl'alur
2346 5925 2445 5972 ἀντὶ
2489 5931 2567 5982 τῆς
2609 5925 2898 5985 ὄπαγγελίας.
