4022 6258
501 428 608 489 ιτ]

505 548 671 617 μόνον
702 545 800 599 οὐκ
842 542 1116 616 ἠθέλησαν
1156 541 1393 596 ἀκοῦσαι
1414 580 1429 605 ,
1452 540 1590 594 ἀλλά
1618 540 1716 594 καὶ
1747 537 1961 594 ἀνεῖλον
1983 538 2083 592 καὶ

501 635 857 709 ετταύρωσαν
886 651 901 665 ·
937 631 1087 699 ἄξιον
1146 632 1349 696 αὑτοὺς
1397 632 1618 699 ἀφεῖναι
1678 629 1898 687 λοιπόν·
1945 628 2084 683 ἀλλά

500 732 812 789 τούναντίον
845 730 993 785 άπαν
1014 769 1029 794 ,
1070 728 1264 800 ἐπειδὴ
1309 729 1524 790 έκεῖνος
1565 724 1829 795 ἀπῆλθεν,
1862 725 1997 795 ήμῖν
2020 726 2084 775 τὸ

503 826 742 895 πρᾶγμα
788 824 1105 877 ἐπίστευσε.
1163 820 1387 885 Δόντος
1426 818 1537 888 γὰρ
1572 816 1750 885 ἡμῖν,
1782 816 1939 887 φησὶ,
1970 813 2086 883 τὴν

499 917 819 971 διακονίαν
859 913 973 981 τῆς
1011 908 1427 979 καταλλαγῆς.
1474 909 1575 974 Ὠς
1610 908 1701 962 ὅτι
1725 906 1871 973 Θεὸς
1908 902 1989 976 ἦν
2015 905 2087 958 ἐν

498 1003 733 1075 Χριστῷ
764 1007 999 1073 κόσμον
1034 999 1484 1058 καταλλάσσων
1512 997 1725 1063 ἑαυτῷ,
1745 997 1831 1067 μὴ
1861 995 2086 1065 λογιζό-

494 1112 681 1167 μενος
748 1092 954 1158 αὐτοῖς
1003 1090 1079 1145 τὰ
1135 1087 1583 1159 παραπτώματα
1646 1086 1865 1141 αὐτῶν.
1931 1082 2086 1149 Εἶδες

509 1186 735 1255 ἀγάπην
780 1183 960 1238 πάντα
1002 1183 1183 1252 λόγον,
1226 1182 1409 1234 πάντα
1450 1178 1889 1248 ὑπερϐαίνουσαν
1916 1176 2084 1242 νοῦνς

499 1278 598 1340 Τίς
621 1278 649 1330 ό
690 1274 1052 1345 ὑϐρισμένος;
1090 1273 1285 1334 Αὐτός.
1330 1270 1429 1332 Τίς
1479 1270 1508 1321 6
1541 1269 1760 1341 πρῶτος
1791 1265 1966 1321 ἐλθὼν
2008 1269 2089 1330 εἰς

501 1366 850 1429 καταλλαγάς
873 1385 887 1430 ;
916 1365 1108 1427 Αὐτός.
1128 1363 1243 1416 Καὶ
1270 1362 1378 1433 μὴν
1393 1360 1486 1413 τὸν
1506 1360 1634 1413 Υίὸν
1649 1357 1882 1429 έπεμψε,
1898 1357 2087 1429 φησὶν,

499 1461 600 1513 οὐκ
647 1459 811 1521 αὐτὸς
854 1454 1006 1529 ἦλθε.
1042 1456 1148 1508 Τὸν
1199 1454 1330 1507 Υίὸν
1378 1452 1477 1525 μὲν
1507 1450 1773 1521 ἐπεμψεν,
1800 1448 2088 1511 οὺκαύτὸς

498 1551 557 1604 δὲ
593 1547 897 1621 παρεκάλει
950 1547 1111 1615 μόνον
1135 1584 1151 1605 ,
1187 1542 1324 1597 ἀλλά
1366 1542 1461 1596 καὶ
1515 1542 1633 1611 μετ’
1687 1538 1853 1593 αὑτοῦ
1885 1540 1981 1591 καὶ
2014 1536 2088 1591 δι’

499 1640 668 1697 αὑτοῦ
704 1641 733 1692 6
776 1639 967 1708 Πατήρ
992 1653 1005 1665 ·
1038 1636 1119 1689 διὸ
1144 1636 1352 1704 ελεγεν,
1382 1634 1465 1688 611
1503 1634 1567 1686 '0
1595 1632 1740 1699 Θεὸς
1770 1626 1851 1701 ἦν
1870 1634 1904 1686 ό
1942 1646 2087 1684 κατ-

502 1732 839 1786 αλλάσσων
880 1727 1070 1794 ἑαυτῷ
1114 1728 1223 1782 τὸν
1252 1726 1495 1796 κόσμον
1523 1724 1594 1778 ἐν
1622 1721 1879 1792 Χριστῷ.
1913 1721 2087 1774 Τουτ-

502 1841 649 1887 εστι,
675 1821 765 1875 διά
809 1821 904 1875 τοῦ
931 1818 1190 1889 Χριστοῦ.
1237 1817 1459 1887 Ἐπειδὴ
1490 1815 1600 1886 γάρ
1631 1809 1753 1867 εἷπε
1777 1852 1793 1877 ,
1827 1812 1936 1867 Τοῦ
1953 1811 2089 1865 δόν-

502 1932 605 1980 τος
644 1912 789 1981 ἡμῖν
824 1911 942 1979 τὴν
975 1911 1291 1965 διακονίαν
1341 1908 1454 1975 τῆς
1494 1902 1921 1973 καταλλαγῆς,
1966 1905 2090 1955 ὲπι-

500 2005 785 2076 διορθώσει
806 2004 1075 2074 κέχρηται
1095 2040 1111 2065 ,
1144 2001 1319 2068 λέγων
1338 2017 1352 2030 ·
1389 1998 1482 2069 Μὴ
1508 1996 1793 2067 νομίσητε,
1821 1994 1904 2047 611
1928 1993 2091 2062 ήμεῖς

503 2100 671 2168 ἐσμεν
691 2098 742 2149 οί
770 2094 865 2149 τοῦ
896 2093 1222 2163 πράγματος
1251 2088 1514 2146 αὐθένται
1534 2105 1545 2123 ·
1573 2084 1812 2140 διάκονοί
1831 2085 1999 2153 ἐσμεν
2020 2098 2034 2111 ·
2062 2082 2092 2135 ό

504 2190 561 2240 δὲ
576 2190 639 2240 τὸ
650 2188 759 2240 πᾶν
776 2184 1148 2255 ἐργαζόμενος
1163 2180 1478 2244 Θεόςὲστιν,
1494 2180 1523 2232 6
1543 2177 1631 2233 616
1643 2174 1739 2230 106
1753 2170 2092 2241 Μονογενοῦς

502 2279 600 2348 τὴν
614 2277 942 2346 οἰκουμένην
958 2272 1320 2337 καταλλάξας.
1339 2270 1448 2323 Καὶ
1472 2269 1588 2333 πῶς
1607 2266 1943 2338 κατήλλαεεν
1964 2266 2093 2317 600-

504 2368 616 2436 116;
648 2366 809 2420 10610
835 2366 942 2435 γάρ
974 2366 1087 2417 ἐστι
1103 2362 1165 2416 τὸ
1185 2360 1519 2432 θαυμαστὸν,
1557 2361 1657 2431 οὑχ
1682 2360 1765 2413 611
1796 2359 1949 2428 φίλος
1970 2356 2094 2426 ὲγέ-

505 2477 627 2513 νετο
639 2459 821 2529 μόνον,
838 2457 951 2511 ἀλλ’
964 2457 1044 2509 611
1067 2456 1159 2509 καὶ
1173 2453 1315 2507 οὕτω
1337 2453 1509 2522 φίλος.
1532 2451 1707 2507 Οὑτω·
1730 2449 1879 2516 πῶς;
1912 2449 2095 2517 ’Δφεὶς

511 2551 701 2612 αὐτοῖς
734 2548 802 2601 16
827 2548 1204 2619 ἁμαρτήματα
1225 2561 1239 2574 ·
1275 2544 1450 2608 ἄλλως
1483 2544 1593 2614 γάρ
1621 2542 1723 2596 οὑκ
1746 2537 1815 2612 ἦν
1840 2557 1854 2572 ·
1872 2539 1967 2593 Δδιὸ
2000 2540 2095 2592 καὶ

506 2641 775 2709 ἐπήγαγε,
800 2638 898 2706 Μὴ
921 2636 1307 2707 λογιζόμενος
1328 2636 1537 2703 αὐτοῖς
1558 2635 1631 2690 τὰ
1649 2631 2095 2705 παραπτώματα

505 2732 726 2788 αὐτῶν.
778 2732 890 2785 Καὶ
921 2730 1031 2800 γὰρ
1077 2731 1128 2783 εί
1166 2728 1445 2799 ἠθέλησεν
1469 2728 1777 2796 ἀπαιτῆσαι
1801 2728 1961 2796 λόγον
1984 2727 2094 2781 τῶν

508 2822 1071 2895 πεπλημμελημένων
1096 2862 1112 2887 ,
1139 2823 1343 2884 πάντες
1388 2820 1457 2875 ἂν
1496 2818 1830 2890 ἀπωλόμεθα
1850 2836 1864 2849 ·
1892 2820 1943 2871 οί
1982 2818 2094 2887 γὰρ

509 2920 714 2981 πάντες
757 2916 1054 2973 ἀπέθανον.
1104 2914 1247 2967 Ἀλλ’
1297 2914 1447 2981 ὅμως
1471 2910 1745 2965 τοσούτων
1784 2909 1957 2964 ὅντων
1984 2908 2094 2963 τῶν

448 2996 459 3006 ’
512 3006 1029 3078 ἁμαρτημάτων,οὑ
1051 3004 1213 3074 μόνον
1230 3004 1330 3060 οὐκ
1362 3001 1613 3073 ἀπῄτησε
1641 2999 1820 3065 δίκην,
1839 2999 1977 3051 ἀλλὰ
2000 2999 2097 3057 καὶ

513 3098 829 3169 κατηλλάγη
860 3113 874 3127 ·
912 3098 973 3149 οὐ
1012 3096 1175 3166 μόνον
1216 3094 1452 3163 ἀφῆκεν,
1484 3090 1603 3147 ἀλλ’
1630 3090 1753 3144 οὑδὲ
1777 3088 2094 3155 ἐλογίσατο.

515 3190 676 3250 Οῦτω
717 3192 810 3244 καὶ
851 3191 995 3260 ἡμᾶς
1038 3186 1259 3256 ἀφιέναι
1298 3185 1406 3257 χρὴ
1440 3186 1555 3247 τοῖς
1597 3182 1836 3258 ἐχθροῖς,
1884 3181 1973 3233 ἵνα
1998 3179 2099 3249 τῆς

510 3286 681 3354 αὐτῆς
710 3285 803 3337 καὶ
838 3283 992 3336 αὐτοὶ
1018 3280 1273 3351 τύχωμεν
1303 3278 1576 3348 ἀφέσεως.
1601 3274 1712 3329 Καί
1755 3271 2007 3342 θέμενος
2028 3272 2099 3324 ἐν

516 3373 658 3439 ἡμῖν
706 3372 813 3426 τὸν
853 3373 1040 3440 λόγον
1067 3370 1177 3436 τῆς
1203 3366 1614 3435 καταλλαγῆς.
1640 3364 1777 3418 Οὐδὲ
1798 3362 1908 3433 γάρ
1937 3363 2099 3432 ἡμεῖς

513 3465 605 3516 ὲπί
642 3482 694 3516 τι
714 3464 974 3533 φορτικὸν
1007 3461 1246 3532 ήλθομεν
1269 3460 1386 3525 νῦν,
1420 3458 1537 3511 ἀλλ’
1559 3458 1649 3511 ἴνα
1672 3456 1860 3524 φίλους
1890 3456 2098 3518 πάντας

515 3556 834 3625 ποιήσωμεν
873 3551 951 3622 τῷ
992 3552 1131 3622 Θεῷ.
1176 3548 1396 3621 Ἐπειδὴ
1439 3552 1549 3619 γὰρ
1594 3548 1741 3617 έμοὶ,
1776 3546 1961 3616 φησὶν,
1995 3547 2098 3600 οὐκ

517 3646 872 3715 ἐπείσθησαν,
910 3643 1295 3715 παραμείνατε
1322 3638 1768 3712 παρακαλοῦντες
1796 3639 1974 3710 ὑμεῖς,
1994 3637 2099 3700 ἓως

514 3738 583 3790 ἂν
610 3736 853 3806 πείσητε.
886 3735 977 3788 Διὸ
1004 3734 1098 3789 καὶ
1137 3736 1447 3806 ἐπήγαγεν·
1490 3731 1672 3801 ’Υπὲρ
1698 3729 1957 3801 Χριστοῦ
1985 3724 2100 3785 οὖν

518 3829 975 3897 πρεσϐεύομεν,
1031 3828 1114 3893 ὠς
1192 3826 1299 3880 τοῦ
1375 3825 1525 3879 Θεοῦ
1598 3820 2101 3891 παρακαλοῦντος

516 3920 594 3974 δι’
624 3919 821 3989 ἡμῶν.
863 3919 1121 3987 Δεόμεθα
1156 3915 1313 3982 ὑπὲρ
1355 3912 1639 3981 Χριστοῦ,
1681 3910 2101 3979 καταλλάγητε

516 4008 597 4074 τῷ
630 4010 772 4073 Θεῷ.

587 4098 737 4175 [517]
772 4104 841 4166 γ’.
872 4095 1027 4161 Εἶδες
1056 4096 1170 4159 πῶς
1219 4091 1322 4168 ἦρε
1351 4094 1417 4148 τὸ
1457 4094 1713 4165 πρᾶγμα,
1744 4091 1837 4145 τὸν
1868 4086 2103 4161 Χριστὸν

514 4189 825 4261 εἰσαγαγὼν
863 4189 1078 4243 τιθέντα
1123 4188 1221 4262 τὴν
1266 4186 1547 4259 ἱκετηρίαν
1564 4182 2021 4255 ταύτηνςμᾶλλον
2046 4180 2103 4235 δὲ

514 4286 638 4355 οὐχὶ
676 4284 771 4337 τὸν
809 4283 1045 4354 Χριστὸν
1096 4282 1277 4351 μόνον,
1307 4278 1446 4333 ἀλλά
1480 4278 1577 4331 καὶ
1618 4277 1711 4330 τὸν
1744 4275 2000 4345 Πατέρα;
2035 4274 2103 4326 '0

516 4395 543 4444 ἐ
558 4379 625 4445 69
656 4377 829 4444 λέγει,
864 4373 1021 4426 τοῦτό
1053 4375 1201 4425 ἐστιν
1221 4388 1235 4401 ·
1272 4369 1527 4440 Ἐπεμψε
1559 4368 1653 4421 τὸν
1688 4368 1818 4420 Υίὸν
1850 4369 1878 4419 6
1912 4366 2104 4436 Πατὴρ

518 4466 923 4536 παρακαλέσαι,
955 4463 1050 4516 καὶ
1093 4459 1542 4533 πρεσϐεύσασθαι
1574 4458 1712 4531 πρὸς
1739 4455 1838 4526 τὴν
1865 4456 1975 4509 τῶν
2002 4458 2099 4511 ἀν-

520 4558 757 4632 θρώπων
778 4556 941 4625 φύσιν
966 4556 1106 4627 ὑπὲρ
1130 4553 1317 4609 αὑτοῦ.
1351 4551 1504 4607 Ἐπεὶ
1530 4546 1624 4605 οὖν
1647 4549 1878 4616 σφαγεὶς
1898 4548 2105 4612 ἐκεῖνος

520 4651 786 4722 ἀπῆλθεν,
815 4650 978 4719 ἡμεῖς
1007 4646 1363 4717 διεδεξάμεθα
1392 4644 1492 4716 τὴν
1516 4641 1837 4713 πρεσϐείαν,
1865 4639 1962 4692 καὶ
1990 4639 2105 4691 ἀντ’

521 4745 689 4798 06106
719 4746 812 4799 καὶ
843 4744 939 4796 τοῦ
974 4742 1187 4812 [ἰατρὸς
1218 4736 1649 4808 παρακαλοῦμεν
1694 4734 1862 4804 ὑμᾶς.
1907 4728 2109 4784 Τοσού-

521 4852 617 4887 του
651 4837 879 4904 τιμᾶται
910 4833 972 4885 τὸ
1009 4832 1118 4886 τῶν
1160 4830 1467 4901 ἀνθρώπων
1517 4828 1704 4896 γένος,
1740 4825 1826 4877 ὅτι
1870 4822 1965 4876 καὶ
2016 4820 2109 4874 τὸν

524 4926 656 4979 Υίὸν
686 4926 949 4987 ἐπέδωκε,
978 4924 1075 4977 καὶ
1103 4924 1277 4979 ταῦτα
1312 4920 1470 4982 εἰδὼς
1499 4922 1581 4973 611
1614 4918 1980 4987 σφαγήσεται,
2015 4912 2110 4965 καὶ

525 5016 860 5078 ἀποστόλους
904 5015 1051 5085 ήμᾶς
1089 5014 1155 5072 61‘
1188 5014 1335 5081 ὑμᾶς
1385 5011 1663 5077 εποίησεν·
1701 5007 1844 5061 ὥστε
1886 5003 2110 5066 εἰκότως

526 5110 701 5183 ἔλεγε,
732 5105 935 5161 Πάντα
966 5105 1041 5159 δι’
1086 5103 1262 5173 ὑμᾶς,
1304 5102 1485 5171 ’Υπὲρ
1516 5098 1776 5169 Χριστοῦ
1814 5091 1929 5151 οὖν
1973 5107 2113 5163 πρε-

525 5205 845 5272 σϐεύομεν.
875 5198 1190 5259 Τουτέστιν,
1213 5196 1336 5253 ἀντὶ
1357 5194 1450 5254 τοῦ
1484 5191 1722 5264 Χριστοῦ
1742 5206 1754 5221 ·
1802 5192 1963 5262 ἡμεῖς
2005 5187 2113 5259 γὰρ

530 5292 900 5363 ἀνεδεξάμεθα
933 5292 1002 5346 τά
1034 5287 1267 5343 ἐκείνου.
1304 5285 1369 5337 El
1409 5284 1466 5338 δὲ
1497 5284 1641 5353 μέγα
1669 5298 1751 5335 σοι
1784 5280 1933 5334 δοκεῖ
1957 5277 2115 5331 τοῦτο

531 5369 694 5445 εἶναι,
729 5382 961 5435 ἄκουσον
1005 5380 1102 5434 καὶ
1135 5377 1245 5431 τῶν
1286 5373 1435 5442 ἑξῆς,
1470 5371 1536 5425 δι’
1572 5366 1647 5427 ὧν
1695 5370 2002 5431 δείκνυσιν,
2032 5367 2115 5419 δτι

530 5475 632 5529 οὐκ
675 5472 791 5527 ἀντ’
825 5471 990 5525 αὑτοῦ
1047 5471 1229 5541 μόνον,
1281 5462 1416 5520 ἀλλὰ
1451 5462 1542 5516 καὶ
1596 5462 1718 5514 ἀντὶ
1760 5459 1857 5513 τοῦ
1904 5455 2117 5525 Πατρὸς

532 5564 694 5619 10310
716 5560 950 5615 ποιοῦσι.
979 5560 1079 5613 Διά
1106 5559 1218 5629 769
1244 5556 1407 5610 10610
1428 5550 1521 5605 καὶ
1546 5552 1844 5620 ὑπήγαγεν,
1887 5548 1981 5611 Ὧς
2008 5544 2116 5599 τοῦ

538 5654 689 5710 Θεοῦ
736 5652 1233 5723 παρακαλοῦντος
1276 5647 1352 5700 δι’
1385 5641 1574 5713 ἡμῶν.
1616 5642 1692 5695 υὺ
1732 5640 1842 5711 γάρ
1889 5638 1978 5692 διὰ.
2022 5636 2117 5689 τοῦ

551 5746 589 5801 1‘
594 5742 675 5798 ίοῦ
728 5740 893 5799 αὑτοῦ
940 5741 1254 5814 παρακαλεῖ
1306 5737 1489 5808 μόνον,
1522 5732 1661 5788 ἀλλά
1709 5732 1803 5784 καὶ
1846 5730 1912 5785 δι’
1961 5728 2118 5799 ήμῶν

543 5855 649 5899 των
676 5837 739 5895 τὸ
770 5834 982 5895 ἐκείνου
1020 5830 1439 5908 ἀναδεξαμένων
1479 5825 1661 5905 ἔργον.
1696 5822 1789 5902 Μή
1821 5822 2001 5879 τοίνυν
2032 5836 2117 5878 νο-

1220 419 1279 477 S.
1319 417 1615 476 JOANNIS
1649 416 2098 474 ωειγευδτοι

2207 416 2507 478 ικοιιιιιρ.
2544 418 3095 482 CONSTANTINOI’.

2196 541 2416 612 μίσητε,
2443 542 2631 616 φησὶν,
2656 542 2745 613 ὑφ’
2771 544 2928 615 ήμῶν
2946 546 3230 611 ἀξιοῦσθαι
3254 563 3271 579 ·
3296 544 3460 611 0616;
3485 547 3515 601 6
3534 548 3775 619 Χριστὸς

2192 633 2340 704 ὑμᾶς
2378 636 2725 706 παρακαλεῖ,
2763 637 2928 701 αὐτὸς
2970 640 2999 691 6
3040 638 3133 693 τοῦ
3175 639 3413 710 Χριστοῦ
3459 641 3649 712 Πατὴρ
3700 643 3776 697 δι’

2190 726 2371 796 ήμῶν.
2420 727 2486 780 Τί
2536 728 2740 797 ταύτης
2771 727 2875 797 τῆς
2928 728 3232 802 ὑπερϐολῆς
3278 732 3477 799 γένοιτ’
3510 732 3577 787 ἂν
3620 734 3772 799 [σονς

2192 817 2377 881 Δὺτδς
2392 816 2501 889 γὰρ
2525 819 2555 870 ό
2577 816 2746 889 μυρία
2766 818 3135 890 εὐεργετήσας
3156 820 3451 891 ὑϐρισθεὶς,
3468 823 3530 876 ού
3552 836 3579 865 ι
3611 825 3775 894 μόνον

2193 908 2293 961 οὐκ
2323 906 2573 979 ἀπήτησε
2606 908 2785 979 δίκην,
2814 908 2951 962 ἀλλά
2977 908 3074 961 καὶ
3103 909 3271 964 ἔδωκε
3299 910 3392 965 τὸν
3423 912 3551 967 Υίὸν
3580 913 3772 980 αὑτοῦ,

2194 1000 2281 1053 ῖνα
2316 999 2766 1070 κπαλλαγῶμεν.
2804 1001 2877 1053 Οὑ
2911 999 3333 1069 κατηλλάγησαν
3376 1005 3427 1055 οί
3464 1002 3771 1075 δεξάμενοι,

2193 1091 2332 1146 ἀλλά
2362 1091 2455 1144 καὶ
2485 1090 2746 1161 ἔσφαξαν.
2784 1091 2954 1147 Πάλιν
2983 1090 3227 1163 επεμψεν
3265 1091 3485 1164 ἑτέρους
3515 1096 3775 1166 πρέσϐεις

2196 1183 2670 1251 παρακαλοῦντας·
2695 1184 2793 1238 καὶ
2811 1182 3021 1237 τούτων
3039 1184 3421 1254 πεμφθέντων,
3442 1186 3603 1248 αὑτός
3625 1188 3776 1241 ἐστιν

2194 1276 2224 1328 6
2244 1274 2432 1341 ἀξιῶν.
2484 1275 2551 1327 Τί
2583 1275 2640 1328 δὲ
2676 1275 2859 1339 ἀξιοῖς
2909 1275 3339 1344 Καταλλάγητε
3368 1272 3448 1339 τῷ
3487 1274 3629 1342 Θεῷ.
3661 1279 3777 1333 Καὶ

2195 1365 2297 1419 οὐκ
2341 1361 2485 1432 εἶπε,
2534 1364 2926 1431 Καταλλάξατε
2973 1367 3185 1429 ἑαυτοῖς
3233 1366 3325 1420 τὸν
3367 1365 3499 1420 Θεόν
3520 1387 3536 1400 ο
3563 1369 3624 1422 οὐ
3664 1369 3776 1439 769

2196 1458 2404 1521 ἐκεῖνός
2433 1459 2585 1511 ἔστιν
2614 1459 2643 1512 6
2672 1457 2999 1528 ιχθραίνων,
3031 1456 3147 1511 ἀλλ’
3176 1457 3356 1528 ὑμεῖς·
3384 1458 3514 1521 Θεὸς
3546 1458 3656 1529 769
3685 1460 3771 1511 06-

2196 1548 2387 1602 δέποτε
2420 1548 2715 1620 ἐχθραίνει.
2766 1548 2878 1603 Καὶ
2908 1546 3413 1619 δικαιολογούμενος
3439 1549 3495 1603 δὲ
3522 1548 3781 1620 καθάπερ

2198 1636 2546 1708 πρεσϐευτὴς
2578 1636 2930 1699 ἀποσταλεὶς,
2958 1636 3068 1691 Τόν
3096 1635 3205 1706 γὰρ
3230 1635 3317 1705 μὴ
3347 1639 3573 1707 γνόντα
3593 1638 3782 1707 αμαρο

2198 1728 2370 1791 τίαν,
2408 1728 2562 1793 ὑπὲρ
2602 1724 2771 1795 ἡμῶν
2804 1727 3099 1796 ἁμαρτίαν
3139 1726 3423 1794 ἐποίησε,
3465 1728 3650 1799 φησίν.
3699 1728 3781 1780 Οὐ

2198 1817 2342 1885 λέγω
2366 1817 2436 1870 τά
2467 1818 2733 1888 πρότερα,
2764 1818 2849 1869 611
2871 1816 3155 1886 ὑϐρίσατε,
3176 1816 3257 1870 611
3276 1816 3429 1871 οὐδὲν
3452 1818 3779 1889 ἠδικηκότα,

2199 1906 2283 1958 611
2299 1904 2557 1975 εύεργετή
2567 1921 2755 1965 σαντα,
2767 1905 2850 1958 611
2867 1905 3024 1974 δίκην
3063 1905 3165 1958 οὐκ
3180 1906 3483 1978 ἀπῄτησεν,
3496 1910 3580 1962 611
3596 1925 3780 1980 παρα-

2200 1995 2359 2049 καλεῖ
2380 1995 2618 2065 πρῶτος,
2648 1994 2925 2064 ὑϐρισθεὶς
2957 1994 3192 2065 πρῶτος·
3223 1997 3389 2066 μηδὲν
3414 1999 3639 2053 ἐκείνων
3660 1999 3784 2053 κεί-

2202 2088 2314 2141 σθω
2338 2087 2496 2150 τέως.
2527 2086 2626 2140 Διά
2650 2086 2811 2139 τοῦτο
2845 2087 3005 2159 μόνον
3032 2087 3132 2140 οὐκ
3160 2085 3224 2141 ἂν
3254 2088 3404 2158 εἴητε
3434 2088 3635 2144 δίκαιοι
3673 2108 3781 2144 κα-

2200 2178 2569 2249 ταλλαγῆναι,
2600 2179 2667 2232 δι’
2693 2180 2830 2252 ὅπερ
2862 2179 3117 2250 ἐποίησεν
3146 2181 3227 2243 είς
3257 2181 3400 2252 ὑμᾶς
3428 2180 3557 2250 νῦν;
3589 2183 3701 2237 Καὶ
3726 2182 3785 2237 τί

2202 2274 2457 2345 έποίησες
2492 2272 2603 2327 Τὸν
2633 2274 2743 2343 γὰρ
2777 2273 2863 2343 μὴ
2898 2275 3119 2342 γνόντα
3156 2274 3468 2343 ἁμαρτίαν,
3512 2275 3586 2329 δι’
3623 2274 3786 2345 ὑμᾶς

2202 2367 2494 2435 ἁμαρτίαν
2520 2365 2830 2431 ἐποίησεν.
2872 2364 2936 2416 Εί
2969 2363 3078 2434 769
3109 2362 3276 2433 μηδὲν
3302 2363 3489 2432 ήνυσε,
3534 2365 3693 2417 τοῦτο
3722 2365 3786 2418 δι

2207 2457 2367 2526 μόνον
2408 2455 2731 2525 εἰργάσατο,
2767 2453 3021 2524 ἐννόησον
3064 2453 3251 2523 ⁴ἡλίκον
3281 2448 3352 2524 ἦν
3393 2452 3455 2505 τὸ
3500 2453 3639 2523 ὑπὲρ
3673 2454 3787 2506 τῶν

2204 2547 2507 2618 ὑϐρικότων
2526 2546 2626 2624 ,τὸν
2650 2545 2779 2598 Υίὸν
2804 2544 3008 2600 δοῦναι.
3037 2545 3176 2598 Νυνὶ
3204 2544 3372 2598 δὲκαὶ
3406 2544 3617 2615 μεγάλα
3649 2562 3785 2599 κατ-

2203 2638 2427 2713 ώρθωσε
2450 2678 2467 2703 ,
2501 2636 2598 2690 καὶ
2631 2635 2769 2705 μετά
2797 2634 3003 2688 τούτων
3026 2635 3117 2688 τὸν
3136 2634 3287 2688 οὐδὲν
3310 2635 3609 2706 ἠδικηκότα
3641 2636 3790 2707 ὑπὲρ

2202 2730 2311 2783 τῶν
2342 2729 2680 2799 ἠδικηκότων
2723 2726 3055 2795 κολασθῆναι
3095 2726 3299 2780 εἴασεν.
3347 2726 3487 2781 Ἀλλ’
3528 2727 3630 2780 οὐκ
3662 2722 3787 2780 εἶπε

2204 2820 2379 2882 τοῦτο,
2400 2820 2515 2875 ἀλλ’
2536 2819 2565 2871 6
2586 2817 2766 2889 πολλῷ
2791 2818 2975 2888 μεῖζόν
2999 2819 3118 2870 ἔστι
3143 2817 3338 2871 τούτου
3362 2818 3598 2873 τέθεικε.
3625 2820 3790 2872 Ποῖον

2204 2914 2269 2984 δή
2295 2911 2481 2977 τοῦτο;
2519 2912 2631 2966 Τὸν
2655 2909 2742 2980 μὴ
2782 2910 3004 2979 γνόντα
3036 2910 3350 2978 ἁμαρτίαν,
3379 2911 3534 2981 φησὶ,
3564 2910 3656 2964 τὸν
3684 2912 3791 2963 αὑ-

2204 3004 2621 3073 τοδικαιοσύνην
2651 3002 2782 3055 ὄντα
2802 3042 2817 3065 ,
2846 3002 3141 3070 ἁμαρτίαν
3163 3002 3447 3068 ἐποίησε·
3483 3003 3789 3064 τουτέστιν,

2204 3095 2280 3159 ὡς
2307 3095 2628 3166 ἁμαρτωλὸν
2656 3090 3057 3165 κατακριθῆναι
3086 3091 3319 3160 ἀφῆκεν,
3344 3093 3420 3155 ὡς
3450 3094 3794 3163 ὲπικατάρα-

2205 3203 2297 3239 τον
2331 3184 2651 3242 ἀποθανεῖν·
2709 3180 3176 3249 Ἐπικατάρατος
3206 3182 3311 3251 769
3354 3184 3387 3235 ό
3420 3182 3809 3251 κρεμάμενος’

2206 3277 2303 3332 ἐπὶ
2335 3277 2547 3341 ξύλου.
2585 3272 2692 3328 T06
2737 3273 2846 3342 769
2881 3271 3170 3326 ἀποθανεῖν
3208 3271 3269 3323 τὸ
3295 3269 3468 3331 οὕτως
3496 3272 3764 3326 ἀποθανεῖ

2214 3366 2388 3437 πολλῷ
2427 3367 2611 3435 μεῖζον
2656 3359 2759 3434 ἦν·
2790 3363 2926 3433 ὅπερ
2975 3361 3069 3415 καὶ
3111 3360 3345 3433 ἀλλαχοῦ
3381 3362 3784 3433 αἰνιττόμενος,

2208 3461 2409 3530 φησὶν,
2438 3455 2589 3531 [518]
2633 3454 2935 3519 ’Υπήκοος
2969 3452 3287 3523 γενόμενος
3304 3451 3479 3522 μέχρι
3504 3454 3793 3521 θανάτου,

2210 3550 2469 3605 θάνατον
2503 3546 2571 3604 δὲ
2600 3544 2890 3613 σταυροῦ.
2923 3544 3058 3597 Οὐδὲ
3087 3543 3197 3614 769
3226 3542 3449 3596 κόλασιν
3481 3538 3593 3612 εἶχε
3630 3544 3793 3613 μόνον

2206 3644 2268 3697 τὸ
2299 3643 2550 3713 πρᾶγμα,
2579 3638 2718 3693 ἀλλά
2740 3637 2836 3690 καὶ
2858 3635 3141 3710 αἰσχύνην.
3180 3635 3463 3705 Ἐννόησον
3485 3634 3666 3688 τοίνυν
3689 3635 3796 3689 ὅσα

2210 3752 2294 3788 σοι
2325 3732 2585 3803 παρέσχε.
2617 3731 2776 3797 Μέγα
2819 3729 2918 3799 μὲν
2950 3726 3059 3799 γάρ
3093 3729 3188 3781 καὶ
3214 3728 3275 3781 16
3306 3726 3631 3797 ἁμαρτωλὸν
3660 3726 3795 3780 ὅντα

2210 3826 2351 3894 ὑπὲρ
2378 3822 2597 3879 ὁτουοῦν
2621 3821 2916 3875 ἀποθανεῖν
2937 3836 2950 3855 ο
2981 3820 3110 3872 ὅταν
3139 3819 3199 3872 δὲ
3221 3821 3316 3871 καὶ
3340 3818 3547 3883 δίκαιος
3573 3820 3601 3872 6
3627 3818 3794 3872 10610

2210 3918 2438 3984 πάσχων
2480 3910 2536 3986 ᾖ,
2588 3914 2683 3966 καὶ
2724 3912 2867 3981 ὑπὲρ
2900 3909 3243 3981 ἁμαρτωλῶν
3274 3910 3543 3981 ἀποθάνῃ,
3589 3914 3793 3983 καὶμὴ

2210 4006 2457 4075 ἀποθάνῃ
2495 4005 2675 4074 μόνον,
2712 4001 2850 4055 ἀλλά
2888 4002 2981 4053 καὶ
3010 4000 3087 4062 ὡς
3118 3999 3545 4070 ἐπικατάρατος,
3579 4003 3675 4055 καὶ
3715 4006 3795 4073 μὴ

2210 4097 2287 4161 ὡς
2324 4094 2728 4165 έπικατάρατος
2760 4091 2956 4162 μόνον,
2990 4089 3128 4145 ἀλλὰ
3167 4089 3261 4145 καὶ
3288 4090 3359 4145 τά
3406 4091 3619 4161 μεγάλα
3658 4094 3794 4163 ήμῖν

2212 4187 2464 4242 ἐντεῦθεν
2488 4184 2779 4259 χαρίζηται
2796 4181 3001 4253 ἀγαθά,
3026 4184 3063 4236 6
3092 4182 3360 4253 μηδέποτε
3389 4184 3796 4255 προσεδοκήσα-

2214 4294 2317 4350 μεν
2340 4277 2487 4345 (Ἵνα
2508 4275 2615 4346 γάρ
2638 4273 2937 4343 γενώμεθα
2960 4270 3110 4328 Θεοῦ
3136 4272 3491 4342 δικαιοσύνη
3512 4276 3584 4329 ἐν
3606 4276 3792 4341 αὐτῷ,

2213 4370 2411 4441 φησὶ),
2448 4371 2599 4430 ποῖος
2629 4364 2802 4420 ταῦτα
2830 4365 3009 4433 λόγος,
3042 4368 3198 4432 ποῖος
3226 4366 3399 4423 ταῦτα
3436 4369 3795 4440 παραστῆσαι

2211 4462 2499 4533 δυνήσεται
2529 4457 2688 4523 νοῦς,
2732 4457 2837 4510 Τὸν
2865 4457 2976 4527 769
3020 4456 3229 4512 δίκαιον
3248 4500 3265 4524 ,
3299 4460 3466 4531 φησὶν
3490 4501 3504 4527 ,
3537 4461 3797 4531 ἐποίησεν

2213 4550 2558 4623 ἁμαρτωλὸν,
2600 4549 2688 4603 ἶνα
2726 4548 2855 4610 τοὺς
2886 4547 3247 4617 ἁμαρτωλοὺς
3289 4552 3495 4623 ποιήσῃ
3525 4553 3795 4619 δικαίους.

2205 4645 2431 4700 Μᾶλλον
2458 4643 2514 4696 δὲ
2539 4641 2661 4695 οὐδὲ
2685 4638 2860 4701 οὑτως
2888 4633 3062 4703 εἶπεν,
3092 4639 3207 4692 ἀλλ’
3229 4640 3258 4694 6
3279 4642 3461 4714 πολλῷ
3486 4645 3668 4714 μεῖζον
3690 4641 3759 4715 ἦν
3776 4660 3795 4677 ο

2216 4736 2275 4789 οὑ
2308 4735 2416 4805 769
2457 4733 2570 4797 ἕξιν
2609 4732 2841 4802 ἔθηκεν,
2875 4730 2989 4783 ἀλλ’
3042 4730 3213 4801 αὐτὴν
3247 4732 3347 4805 τήν
3388 4736 3668 4808 ποιότητα,
3718 4738 3799 4790 Οὑ

2218 4826 2327 4895 γὰρ
2363 4823 2544 4887 εἶπεν,
2594 4824 2883 4892 Ἐποίησεν
2923 4821 3287 4892 ἁμαρτωλὸν,
3321 4825 3435 4880 ἀλλ’
3466 4828 3794 4898 ἁμαρτίαν·

2217 4916 2358 4985 ούχὶ,
2407 4916 2511 4967 Τὸν
2566 4914 2642 4985 μὴ
2694 4912 3008 4985 ἁμαρτόντα
3064 4911 3245 4983 μόνον,
3296 4915 3465 4981 ἀλλά,
3495 4919 3603 4972 τὸν
3638 4918 3801 4988 μηδὲ

2220 5009 2441 5079 γνόντα
2467 5007 2779 5077 ἁμαρτίαν·
2804 5006 2891 5059 ῖνα
2904 5004 3001 5059 καὶ
3016 5006 3179 5076 ἡμεῖς
3202 5009 3509 5079 γενώμεθα,
3531 5012 3632 5066 οὐκ
3646 5009 3796 5075 εἷπε.

2218 5100 2436 5162 δίκαιοι,
2462 5098 2597 5153 ἀλλά
2624 5096 2961 5166 δικαιοσύνη,
2992 5098 3087 5150 καὶ
3118 5097 3255 5153 Θεοῦ
3292 5099 3639 5174 δικαιοσύνη.
3657 5104 3799 5157 Θεοῦ

2220 5191 2329 5265 γάρ
2358 5192 2503 5244 ἐστιν
2528 5190 2689 5260 αὕτη,
2722 5189 2851 5241 ὅταν
2881 5186 2955 5257 μὴ
2982 5186 3041 5254 ιε
3080 5187 3290 5260 εργων,
3320 5192 3452 5246 ὅταν
3479 5193 3575 5247 καὶ
3604 5194 3802 5265 κηλῖδα

2220 5283 2433 5353 ἀνάγκη
2478 5282 2600 5336 τινὰ
2648 5281 2721 5350 μὴ
2760 5280 3086 5352 εὑρεθῆναι,
3137 5284 3253 5338 ἀλλ’
3292 5286 3402 5339 ἀπὸ
3449 5287 3671 5358 χάριτος
3715 5285 3799 5337 δι-

2222 5374 2580 5443 καιωθῶμεν,
2632 5369 2762 5424 ἔνθα
2802 5371 2952 5426 πᾶσα
2988 5365 3233 5446 ἁμαρτία
3284 5378 3596 5447 ἠφάνισται.
3628 5374 3805 5431 Τοῦτο

2223 5467 2280 5521 δὲ
2306 5465 2441 5536 ὁμοῦ
2478 5464 2601 5518 οὕτε
2635 5462 2939 5534 ἐπαρθῆναι
2984 5468 3233 5539 ἀφίησιν,
3281 5468 3377 5523 ἀτε
3418 5468 3513 5523 τοῦ
3550 5465 3687 5521 Θεοῦ
3737 5466 3807 5519 τὸ

2226 5560 2333 5613 πᾶν
2382 5554 2786 5627 χαρισαμένου,
2845 5557 2942 5611 καὶ
2991 5559 3231 5615 διδάσκει
3289 5558 3383 5614 τοῦ
3444 5556 3689 5619 δοθέντος
3738 5557 3808 5610 τὸ

2286 5762 2319 5833 ξ
2339 5758 2703 5833 ᾼΙξοωιεςιίοει
2719 5772 2798 5808 em
2839 5762 3064 5833 93011611
3099 5764 3319 5833 1110136110
3357 5761 3569 5811 Savilius
3606 5774 3617 5808 :
3660 5761 3805 5823 10w;

2235 5822 2458 5887 Ὕϐρίσθη
2479 5822 2620 5886 μυρία
2641 5822 2964 5885 εὐεργετήσας·
2985 5822 3306 5889 ὑϐρισθεὶξού.
