  <div class='ocr_page' id='page_1' title='image "/cluster/home/n/w/nwhite01/storage/ocr_20150623/61/nnc1.0022379681/486.png"; bbox 0 0 2011 3129; ppageno 0'>
   <div class='ocr_carea' id='block_1_1' title="bbox 101 217 151 245">
    <p class='ocr_par' dir='ltr' id='par_1_1' title="bbox 101 217 151 245">
     <span class='ocr_line' id='line_1_1' title="bbox 101 217 151 245; baseline 0.04 -4"><span class='ocrx_word' id='word_1_1' title='bbox 101 217 151 245; x_wconf 63' lang='grc' dir='ltr'><strong>δττ</strong></span> 
     </span>
    </p>
   </div>
   <div class='ocr_carea' id='block_1_2' title="bbox 98 268 886 307">
    <p class='ocr_par' dir='ltr' id='par_1_2' title="bbox 98 268 886 307">
     <span class='ocr_line' id='line_1_2' title="bbox 98 268 886 307; baseline -0.004 -8"><span class='ocrx_word' id='word_1_2' title='bbox 98 273 229 307; x_wconf 76' lang='lat' dir='ltr'><strong>dign-sate</strong></span> <span class='ocrx_word' id='word_1_3' title='bbox 236 270 363 299; x_wconf 83' lang='lat' dir='ltr'><strong>admirari</strong></span> <span class='ocrx_word' id='word_1_4' title='bbox 372 270 477 306; x_wconf 68' lang='lat' dir='ltr'><strong>possit!</strong></span> <span class='ocrx_word' id='word_1_5' title='bbox 492 269 669 306; x_wconf 84' lang='lat' dir='ltr'><strong>lnteremptus</strong></span> <span class='ocrx_word' id='word_1_6' title='bbox 681 274 722 297; x_wconf 84' lang='lat' dir='ltr'><strong>est</strong></span> <span class='ocrx_word' id='word_1_7' title='bbox 736 270 831 303; x_wconf 80' lang='lat' dir='ltr'><strong>Filius,</strong></span> <span class='ocrx_word' id='word_1_8' title='bbox 841 268 886 304; x_wconf 90' lang='lat' dir='ltr'><strong>qui</strong></span> 
     </span>
    </p>
   </div>
   <div class='ocr_carea' id='block_1_3' title="bbox 99 314 886 352">
    <p class='ocr_par' dir='ltr' id='par_1_3' title="bbox 99 314 886 352">
     <span class='ocr_line' id='line_1_3' title="bbox 99 314 886 352; baseline -0.004 -7"><span class='ocrx_word' id='word_1_9' title='bbox 99 317 258 346; x_wconf 69' lang='lat' dir='ltr'><strong>dirimenda:</strong></span> <span class='ocrx_word' id='word_1_10' title='bbox 279 316 386 352; x_wconf 70' lang='lat' dir='ltr'><strong>injuria</strong></span> <span class='ocrx_word' id='word_1_11' title='bbox 406 324 487 345; x_wconf 85' lang='lat' dir='ltr'><strong>causa</strong></span> <span class='ocrx_word' id='word_1_12' title='bbox 509 321 633 349; x_wconf 88' lang='lat' dir='ltr'><strong>venerat;</strong></span> <span class='ocrx_word' id='word_1_13' title='bbox 652 316 746 347; x_wconf 79' lang='lat' dir='ltr'><strong>Filius,</strong></span> <span class='ocrx_word' id='word_1_14' title='bbox 767 314 886 351; x_wconf 83' lang='lat' dir='ltr'><strong>inquam,</strong></span> 
     </span>
    </p>
   </div>
   <div class='ocr_carea' id='block_1_4' title="bbox 98 360 887 398">
    <p class='ocr_par' dir='ltr' id='par_1_4' title="bbox 98 360 887 398">
     <span class='ocr_line' id='line_1_4' title="bbox 98 360 887 398; baseline -0.004 -8"><span class='ocrx_word' id='word_1_15' title='bbox 98 370 178 390; x_wconf 83' lang='lat' dir='ltr'><strong>verus</strong></span> <span class='ocrx_word' id='word_1_16' title='bbox 189 366 271 397; x_wconf 86' lang='lat' dir='ltr'><strong>atque</strong></span> <span class='ocrx_word' id='word_1_17' title='bbox 286 361 437 398; x_wconf 83' lang='lat' dir='ltr'><strong>unigenitus</strong></span> <span class='ocrx_word' id='word_1_18' title='bbox 452 381 459 389; x_wconf 93' lang='lat'><strong>.</strong></span> <span class='ocrx_word' id='word_1_19' title='bbox 475 369 507 390; x_wconf 91' lang='lat' dir='ltr'><strong>ac</strong></span> <span class='ocrx_word' id='word_1_20' title='bbox 517 369 550 389; x_wconf 87' lang='lat' dir='ltr'><strong>ne</strong></span> <span class='ocrx_word' id='word_1_21' title='bbox 562 361 602 389; x_wconf 87' lang='lat' dir='ltr'><strong>sic</strong></span> <span class='ocrx_word' id='word_1_22' title='bbox 611 361 719 396; x_wconf 84' lang='lat' dir='ltr'><strong>quidem</strong></span> <span class='ocrx_word' id='word_1_23' title='bbox 735 360 815 388; x_wconf 82' lang='lat' dir='ltr'><strong>Pater</strong></span> <span class='ocrx_word' id='word_1_24' title='bbox 828 366 887 390; x_wconf 78' lang='lat' dir='ltr'><strong>eos.</strong></span> 
     </span>
    </p>
   </div>
   <div class='ocr_carea' id='block_1_5' title="bbox 99 405 886 443">
    <p class='ocr_par' dir='ltr' id='par_1_5' title="bbox 99 405 886 443">
     <span class='ocr_line' id='line_1_5' title="bbox 99 405 886 443; baseline -0.001 -9"><span class='ocrx_word' id='word_1_25' title='bbox 99 408 145 443; x_wconf 87' lang='lat' dir='ltr'><strong>qui</strong></span> <span class='ocrx_word' id='word_1_26' title='bbox 162 408 210 442; x_wconf 84' lang='lat' dir='ltr'><strong>ipsi</strong></span> <span class='ocrx_word' id='word_1_27' title='bbox 228 414 322 436; x_wconf 85' lang='lat' dir='ltr'><strong>necem</strong></span> <span class='ocrx_word' id='word_1_28' title='bbox 335 406 493 440; x_wconf 86' lang='lat' dir='ltr'><strong>intulerunt,</strong></span> <span class='ocrx_word' id='word_1_29' title='bbox 506 411 643 435; x_wconf 77' lang='lat' dir='ltr'><strong>aversatus</strong></span> <span class='ocrx_word' id='word_1_30' title='bbox 661 410 713 438; x_wconf 85' lang='lat' dir='ltr'><strong>est.</strong></span> <span class='ocrx_word' id='word_1_31' title='bbox 738 413 789 434; x_wconf 87' lang='lat' dir='ltr'><strong>nec</strong></span> <span class='ocrx_word' id='word_1_32' title='bbox 809 405 886 438; x_wconf 88' lang='lat' dir='ltr'><strong>dixit,</strong></span> 
     </span>
    </p>
   </div>
   <div class='ocr_carea' id='block_1_6' title="bbox 99 452 887 489">
    <p class='ocr_par' dir='ltr' id='par_1_6' title="bbox 99 452 887 489">
     <span class='ocr_line' id='line_1_6' title="bbox 99 452 887 489; baseline -0.004 -7"><span class='ocrx_word' id='word_1_33' title='bbox 99 454 159 482; x_wconf 75' lang='lat' dir='ltr'><strong>Iisi</strong></span> <span class='ocrx_word' id='word_1_34' title='bbox 180 454 321 489; x_wconf 73' lang='lat' dir='ltr'><strong>legationis</strong></span> <span class='ocrx_word' id='word_1_35' title='bbox 341 460 421 482; x_wconf 81' lang='lat' dir='ltr'><strong>causa</strong></span> <span class='ocrx_word' id='word_1_36' title='bbox 435 452 532 481; x_wconf 74' lang='lat' dir='ltr'><strong>Filium</strong></span> <span class='ocrx_word' id='word_1_37' title='bbox 548 460 653 485; x_wconf 86' lang='lat' dir='ltr'><strong>meum;</strong></span> <span class='ocrx_word' id='word_1_38' title='bbox 669 452 708 479; x_wconf 89' lang='lat' dir='ltr'><strong>illi</strong></span> <span class='ocrx_word' id='word_1_39' title='bbox 727 456 817 479; x_wconf 83' lang='lat' dir='ltr'><strong>autem</strong></span> <span class='ocrx_word' id='word_1_40' title='bbox 834 459 887 479; x_wconf 92' lang='lat' dir='ltr'><strong>non</strong></span> 
     </span>
    </p>
   </div>
   <div class='ocr_carea' id='block_1_7' title="bbox 99 495 888 534">
    <p class='ocr_par' dir='ltr' id='par_1_7' title="bbox 99 495 888 534">
     <span class='ocr_line' id='line_1_7' title="bbox 99 495 888 534; baseline -0.004 -8"><span class='ocrx_word' id='word_1_41' title='bbox 99 498 180 527; x_wconf 87' lang='lat' dir='ltr'><strong>modo</strong></span> <span class='ocrx_word' id='word_1_42' title='bbox 203 499 290 534; x_wconf 86' lang='lat' dir='ltr'><strong>ipsum</strong></span> <span class='ocrx_word' id='word_1_43' title='bbox 302 497 397 526; x_wconf 81' lang='lat' dir='ltr'><strong>audire</strong></span> <span class='ocrx_word' id='word_1_44' title='bbox 411 501 579 530; x_wconf 83' lang='lat' dir='ltr'><strong>recusarunt,</strong></span> <span class='ocrx_word' id='word_1_45' title='bbox 594 496 644 525; x_wconf 86' lang='lat' dir='ltr'><strong>sed</strong></span> <span class='ocrx_word' id='word_1_46' title='bbox 655 496 736 525; x_wconf 84' lang='lat' dir='ltr'><strong>etiam</strong></span> <span class='ocrx_word' id='word_1_47' title='bbox 750 495 785 524; x_wconf 86' lang='lat' dir='ltr'><strong>de</strong></span> <span class='ocrx_word' id='word_1_48' title='bbox 797 496 888 524; x_wconf 85' lang='lat' dir='ltr'><strong>medio</strong></span> 
     </span>
    </p>
   </div>
   <div class='ocr_carea' id='block_1_8' title="bbox 97 542 887 580">
    <p class='ocr_par' dir='ltr' id='par_1_8' title="bbox 97 542 887 580">
     <span class='ocr_line' id='line_1_8' title="bbox 97 542 887 580; baseline -0.004 -8"><span class='ocrx_word' id='word_1_49' title='bbox 97 545 275 577; x_wconf 85' lang='lat' dir='ltr'><strong>sustulerunt,</strong></span> <span class='ocrx_word' id='word_1_50' title='bbox 283 548 365 580; x_wconf 88' lang='lat' dir='ltr'><strong>atque</strong></span> <span class='ocrx_word' id='word_1_51' title='bbox 374 544 400 571; x_wconf 94' lang='lat' dir='ltr'><strong>in</strong></span> <span class='ocrx_word' id='word_1_52' title='bbox 408 547 514 571; x_wconf 74' lang='lat' dir='ltr'><strong>crucem</strong></span> <span class='ocrx_word' id='word_1_53' title='bbox 526 547 640 578; x_wconf 83' lang='lat' dir='ltr'><strong>egerunt</strong></span> <span class='ocrx_word' id='word_1_54' title='bbox 649 550 657 569; x_wconf 84' lang='lat'><strong>:</strong></span> <span class='ocrx_word' id='word_1_55' title='bbox 669 549 773 577; x_wconf 64' lang='lat' dir='ltr'><strong>aequum</strong></span> <span class='ocrx_word' id='word_1_56' title='bbox 783 546 824 570; x_wconf 88' lang='lat' dir='ltr'><strong>cst</strong></span> <span class='ocrx_word' id='word_1_57' title='bbox 832 542 887 577; x_wconf 86' lang='lat' dir='ltr'><strong>jam</strong></span> 
     </span>
    </p>
   </div>
   <div class='ocr_carea' id='block_1_9' title="bbox 97 586 890 624">
    <p class='ocr_par' dir='ltr' id='par_1_9' title="bbox 97 586 890 624">
     <span class='ocr_line' id='line_1_9' title="bbox 97 586 890 624; baseline -0.005 -6"><span class='ocrx_word' id='word_1_58' title='bbox 97 597 146 618; x_wconf 84' lang='lat' dir='ltr'><strong>eos</strong></span> <span class='ocrx_word' id='word_1_59' title='bbox 170 589 360 624; x_wconf 78' lang='lat' dir='ltr'><strong>derelinquere</strong></span> <span class='ocrx_word' id='word_1_60' title='bbox 374 597 383 616; x_wconf 89' lang='lat'><strong>:</strong></span> <span class='ocrx_word' id='word_1_61' title='bbox 396 595 490 616; x_wconf 84' lang='lat' dir='ltr'><strong>verum</strong></span> <span class='ocrx_word' id='word_1_62' title='bbox 510 592 603 615; x_wconf 88' lang='lat' dir='ltr'><strong>contra</strong></span> <span class='ocrx_word' id='word_1_63' title='bbox 627 587 739 615; x_wconf 86' lang='lat' dir='ltr'><strong>omnino</strong></span> <span class='ocrx_word' id='word_1_64' title='bbox 759 586 838 621; x_wconf 82' lang='lat' dir='ltr'><strong>fecit;</strong></span> <span class='ocrx_word' id='word_1_65' title='bbox 860 591 890 615; x_wconf 88' lang='lat' dir='ltr'><strong>et</strong></span> 
     </span>
    </p>
   </div>
   <div class='ocr_carea' id='block_1_10' title="bbox 97 629 887 670">
    <p class='ocr_par' dir='ltr' id='par_1_10' title="bbox 97 629 887 670">
     <span class='ocr_line' id='line_1_10' title="bbox 97 629 887 670; baseline 0 -9"><span class='ocrx_word' id='word_1_66' title='bbox 97 635 159 670; x_wconf 86' lang='lat' dir='ltr'><strong>quia</strong></span> <span class='ocrx_word' id='word_1_67' title='bbox 175 635 219 663; x_wconf 90' lang='lat' dir='ltr'><strong>ille</strong></span> <span class='ocrx_word' id='word_1_68' title='bbox 232 634 375 666; x_wconf 64' lang='lat' dir='ltr'><strong>abuessit,</strong></span> <span class='ocrx_word' id='word_1_69' title='bbox 389 633 468 661; x_wconf 86' lang='lat' dir='ltr'><strong>nobis</strong></span> <span class='ocrx_word' id='word_1_70' title='bbox 477 632 547 660; x_wconf 83' lang='lat' dir='ltr'><strong>hane</strong></span> <span class='ocrx_word' id='word_1_71' title='bbox 560 632 725 668; x_wconf 87' lang='lat' dir='ltr'><strong>provinciaru</strong></span> <span class='ocrx_word' id='word_1_72' title='bbox 738 629 887 661; x_wconf 85' lang='lat' dir='ltr'><strong>mandavit.</strong></span> 
     </span>
    </p>
   </div>
   <div class='ocr_carea' id='block_1_11' title="bbox 98 677 887 713">
    <p class='ocr_par' dir='ltr' id='par_1_11' title="bbox 98 677 887 713">
     <span class='ocr_line' id='line_1_11' title="bbox 98 677 887 713; baseline -0.004 -6"><span class='ocrx_word' id='word_1_73' title='bbox 98 680 150 713; x_wconf 76' lang='lat' dir='ltr'><strong>Qui</strong></span> <span class='ocrx_word' id='word_1_74' title='bbox 165 680 234 707; x_wconf 76' lang='lat' dir='ltr'><strong>dedit</strong></span> <span class='ocrx_word' id='word_1_75' title='bbox 246 679 319 707; x_wconf 76' lang='lat' dir='ltr'><strong>nobis</strong></span> <span class='ocrx_word' id='word_1_76' title='bbox 330 678 495 706; x_wconf 71' lang='lat' dir='ltr'><strong>ministerium</strong></span> <span class='ocrx_word' id='word_1_77' title='bbox 517 677 728 705; x_wconf 76' lang='lat' dir='ltr'><strong>reconciliationis</strong></span> <span class='ocrx_word' id='word_1_78' title='bbox 738 684 749 704; x_wconf 72' lang='grc' dir='ltr'><strong><em>ξ</em></strong></span> <span class='ocrx_word' id='word_1_79' title='bbox 762 677 808 705; x_wconf 74' lang='lat' dir='ltr'><strong>i9.</strong></span> <span class='ocrx_word' id='word_1_80' title='bbox 820 685 887 713; x_wconf 75' lang='lat' dir='ltr'><strong>quo-</strong></span> 
     </span>
    </p>
   </div>
   <div class='ocr_carea' id='block_1_12' title="bbox 96 721 888 761">
    <p class='ocr_par' dir='ltr' id='par_1_12' title="bbox 96 721 888 761">
     <span class='ocr_line' id='line_1_12' title="bbox 96 721 888 761; baseline -0.001 -10"><span class='ocrx_word' id='word_1_81' title='bbox 96 724 167 751; x_wconf 83' lang='lat' dir='ltr'><strong>niam</strong></span> <span class='ocrx_word' id='word_1_82' title='bbox 180 725 280 761; x_wconf 77' lang='lat' dir='ltr'><strong>quidem</strong></span> <span class='ocrx_word' id='word_1_83' title='bbox 293 723 363 751; x_wconf 73' lang='lat' dir='ltr'><strong>Dens</strong></span> <span class='ocrx_word' id='word_1_84' title='bbox 372 727 427 750; x_wconf 85' lang='lat' dir='ltr'><strong>erat</strong></span> <span class='ocrx_word' id='word_1_85' title='bbox 440 723 468 750; x_wconf 81' lang='lat' dir='ltr'><strong>in</strong></span> <span class='ocrx_word' id='word_1_86' title='bbox 480 721 582 751; x_wconf 82' lang='lat' dir='ltr'><strong>Christo</strong></span> <span class='ocrx_word' id='word_1_87' title='bbox 591 723 714 750; x_wconf 66' lang='lat' dir='ltr'><strong>mundum</strong></span> <span class='ocrx_word' id='word_1_88' title='bbox 721 723 888 750; x_wconf 78' lang='lat' dir='ltr'><strong>reconcilians</strong></span> 
     </span>
    </p>
   </div>
   <div class='ocr_carea' id='block_1_13' title="bbox 95 767 888 805">
    <p class='ocr_par' dir='ltr' id='par_1_13' title="bbox 95 767 888 805">
     <span class='ocr_line' id='line_1_13' title="bbox 95 767 888 805; baseline -0.003 -8"><span class='ocrx_word' id='word_1_89' title='bbox 95 771 156 802; x_wconf 74' lang='lat' dir='ltr'><strong>sibi,</strong></span> <span class='ocrx_word' id='word_1_90' title='bbox 169 778 221 797; x_wconf 79' lang='lat' dir='ltr'><strong>non</strong></span> <span class='ocrx_word' id='word_1_91' title='bbox 232 773 353 805; x_wconf 75' lang='lat' dir='ltr'><strong>reputans</strong></span> <span class='ocrx_word' id='word_1_92' title='bbox 365 768 418 796; x_wconf 81' lang='lat' dir='ltr'><strong>illis</strong></span> <span class='ocrx_word' id='word_1_93' title='bbox 431 767 526 796; x_wconf 77' lang='lat' dir='ltr'><strong>delicta</strong></span> <span class='ocrx_word' id='word_1_94' title='bbox 542 768 667 804; x_wconf 79' lang='lat' dir='ltr'><strong>ipsorum.</strong></span> <span class='ocrx_word' id='word_1_95' title='bbox 683 767 801 796; x_wconf 80' lang='lat' dir='ltr'><strong>Videsne</strong></span> <span class='ocrx_word' id='word_1_96' title='bbox 814 768 888 796; x_wconf 86' lang='lat' dir='ltr'><strong>cari-</strong></span> 
     </span>
    </p>
   </div>
   <div class='ocr_carea' id='block_1_14' title="bbox 96 813 887 849">
    <p class='ocr_par' dir='ltr' id='par_1_14' title="bbox 96 813 887 849">
     <span class='ocr_line' id='line_1_14' title="bbox 96 813 887 849; baseline -0.004 -6"><span class='ocrx_word' id='word_1_97' title='bbox 96 820 191 848; x_wconf 87' lang='lat' dir='ltr'><strong>tatem.</strong></span> <span class='ocrx_word' id='word_1_98' title='bbox 206 815 261 843; x_wconf 82' lang='lat' dir='ltr'><strong>vim</strong></span> <span class='ocrx_word' id='word_1_99' title='bbox 275 822 383 842; x_wconf 89' lang='lat' dir='ltr'><strong>omnem</strong></span> <span class='ocrx_word' id='word_1_100' title='bbox 408 814 561 847; x_wconf 79' lang='lat' dir='ltr'><strong>verborum,</strong></span> <span class='ocrx_word' id='word_1_101' title='bbox 576 813 767 849; x_wconf 71' lang='lat' dir='ltr'><strong>cogitationem</strong></span> <span class='ocrx_word' id='word_1_102' title='bbox 779 820 887 841; x_wconf 88' lang='lat' dir='ltr'><strong>omnem</strong></span> 
     </span>
    </p>
   </div>
   <div class='ocr_carea' id='block_1_15' title="bbox 95 858 889 895">
    <p class='ocr_par' dir='ltr' id='par_1_15' title="bbox 95 858 889 895">
     <span class='ocr_line' id='line_1_15' title="bbox 95 858 889 895; baseline -0.005 -6"><span class='ocrx_word' id='word_1_103' title='bbox 95 859 292 889; x_wconf 74' lang='lat' dir='ltr'><strong>excedentem?</strong></span> <span class='ocrx_word' id='word_1_104' title='bbox 307 859 436 894; x_wconf 80' lang='lat' dir='ltr'><strong>Quisnam</strong></span> <span class='ocrx_word' id='word_1_105' title='bbox 449 863 518 892; x_wconf 86' lang='lat' dir='ltr'><strong>erat,</strong></span> <span class='ocrx_word' id='word_1_106' title='bbox 532 859 578 895; x_wconf 91' lang='lat' dir='ltr'><strong>qui</strong></span> <span class='ocrx_word' id='word_1_107' title='bbox 591 859 715 893; x_wconf 89' lang='lat' dir='ltr'><strong>injuriam</strong></span> <span class='ocrx_word' id='word_1_108' title='bbox 728 858 889 893; x_wconf 70' lang='lat' dir='ltr'><strong>acceperat?</strong></span> 
     </span>
    </p>
   </div>
   <div class='ocr_carea' id='block_1_16' title="bbox 95 903 887 942">
    <p class='ocr_par' dir='ltr' id='par_1_16' title="bbox 95 903 887 942">
     <span class='ocr_line' id='line_1_16' title="bbox 95 903 887 942; baseline -0.006 -6"><span class='ocrx_word' id='word_1_109' title='bbox 95 908 166 942; x_wconf 88' lang='lat' dir='ltr'><strong>lpse.</strong></span> <span class='ocrx_word' id='word_1_110' title='bbox 180 907 309 941; x_wconf 83' lang='lat' dir='ltr'><strong>Quisnam</strong></span> <span class='ocrx_word' id='word_1_111' title='bbox 326 907 384 938; x_wconf 87' lang='lat' dir='ltr'><strong>luit,</strong></span> <span class='ocrx_word' id='word_1_112' title='bbox 398 906 442 941; x_wconf 88' lang='lat' dir='ltr'><strong>qui</strong></span> <span class='ocrx_word' id='word_1_113' title='bbox 458 907 559 940; x_wconf 84' lang='lat' dir='ltr'><strong>primus</strong></span> <span class='ocrx_word' id='word_1_114' title='bbox 571 905 604 932; x_wconf 85' lang='lat' dir='ltr'><strong>ad</strong></span> <span class='ocrx_word' id='word_1_115' title='bbox 617 904 756 932; x_wconf 84' lang='lat' dir='ltr'><strong>delendam</strong></span> <span class='ocrx_word' id='word_1_116' title='bbox 771 903 887 932; x_wconf 87' lang='lat' dir='ltr'><strong>inimici-</strong></span> 
     </span>
    </p>
   </div>
   <div class='ocr_carea' id='block_1_17' title="bbox 95 950 889 987">
    <p class='ocr_par' dir='ltr' id='par_1_17' title="bbox 95 950 889 987">
     <span class='ocr_line' id='line_1_17' title="bbox 95 950 889 987; baseline -0.005 -7"><span class='ocrx_word' id='word_1_117' title='bbox 95 953 161 980; x_wconf 85' lang='lat' dir='ltr'><strong>tiam</strong></span> <span class='ocrx_word' id='word_1_118' title='bbox 179 952 274 980; x_wconf 84' lang='lat' dir='ltr'><strong>venit?</strong></span> <span class='ocrx_word' id='word_1_119' title='bbox 288 951 356 987; x_wconf 81' lang='lat' dir='ltr'><strong>Ipse.</strong></span> <span class='ocrx_word' id='word_1_120' title='bbox 371 952 416 984; x_wconf 81' lang='lat' dir='ltr'><strong>At,</strong></span> <span class='ocrx_word' id='word_1_121' title='bbox 437 951 553 986; x_wconf 83' lang='lat' dir='ltr'><strong>inquies,</strong></span> <span class='ocrx_word' id='word_1_122' title='bbox 568 950 665 977; x_wconf 85' lang='lat' dir='ltr'><strong>Filium</strong></span> <span class='ocrx_word' id='word_1_123' title='bbox 679 950 761 983; x_wconf 80' lang='lat' dir='ltr'><strong>misit,</strong></span> <span class='ocrx_word' id='word_1_124' title='bbox 773 956 827 977; x_wconf 91' lang='lat' dir='ltr'><strong>non</strong></span> <span class='ocrx_word' id='word_1_125' title='bbox 841 956 889 976; x_wconf 85' lang='lat' dir='ltr'><strong>au-</strong></span> 
     </span>
    </p>
   </div>
   <div class='ocr_carea' id='block_1_18' title="bbox 94 994 887 1032">
    <p class='ocr_par' dir='ltr' id='par_1_18' title="bbox 94 994 887 1032">
     <span class='ocr_line' id='line_1_18' title="bbox 94 994 887 1032; baseline -0.005 -7"><span class='ocrx_word' id='word_1_126' title='bbox 94 1004 151 1025; x_wconf 87' lang='lat' dir='ltr'><strong>tem</strong></span> <span class='ocrx_word' id='word_1_127' title='bbox 164 997 222 1032; x_wconf 88' lang='lat' dir='ltr'><strong>ipse</strong></span> <span class='ocrx_word' id='word_1_128' title='bbox 234 997 319 1027; x_wconf 84' lang='lat' dir='ltr'><strong>venit.</strong></span> <span class='ocrx_word' id='word_1_129' title='bbox 334 995 431 1024; x_wconf 83' lang='lat' dir='ltr'><strong>Filium</strong></span> <span class='ocrx_word' id='word_1_130' title='bbox 449 996 557 1031; x_wconf 87' lang='lat' dir='ltr'><strong>quidem</strong></span> <span class='ocrx_word' id='word_1_131' title='bbox 574 996 656 1028; x_wconf 84' lang='lat' dir='ltr'><strong>misit,</strong></span> <span class='ocrx_word' id='word_1_132' title='bbox 672 994 719 1022; x_wconf 74' lang='lat' dir='ltr'><strong>sed</strong></span> <span class='ocrx_word' id='word_1_133' title='bbox 732 1000 821 1022; x_wconf 87' lang='lat' dir='ltr'><strong>tamen</strong></span> <span class='ocrx_word' id='word_1_134' title='bbox 834 1000 887 1022; x_wconf 86' lang='lat' dir='ltr'><strong>non</strong></span> 
     </span>
    </p>
   </div>
   <div class='ocr_carea' id='block_1_19' title="bbox 93 1042 889 1076">
    <p class='ocr_par' dir='ltr' id='par_1_19' title="bbox 93 1042 889 1076">
     <span class='ocr_line' id='line_1_19' title="bbox 93 1042 889 1076; baseline -0.004 -5"><span class='ocrx_word' id='word_1_135' title='bbox 93 1044 121 1072; x_wconf 86' lang='lat' dir='ltr'><strong>is</strong></span> <span class='ocrx_word' id='word_1_136' title='bbox 131 1045 218 1071; x_wconf 88' lang='lat' dir='ltr'><strong>solum</strong></span> <span class='ocrx_word' id='word_1_137' title='bbox 229 1042 396 1075; x_wconf 82' lang='lat' dir='ltr'><strong>hortabatur,</strong></span> <span class='ocrx_word' id='word_1_138' title='bbox 414 1042 461 1069; x_wconf 88' lang='lat' dir='ltr'><strong>sed</strong></span> <span class='ocrx_word' id='word_1_139' title='bbox 474 1042 553 1069; x_wconf 86' lang='lat' dir='ltr'><strong>Pater</strong></span> <span class='ocrx_word' id='word_1_140' title='bbox 567 1049 685 1076; x_wconf 90' lang='lat' dir='ltr'><strong>quoque,</strong></span> <span class='ocrx_word' id='word_1_141' title='bbox 698 1046 726 1068; x_wconf 88' lang='lat' dir='ltr'><strong>et</strong></span> <span class='ocrx_word' id='word_1_142' title='bbox 737 1047 799 1068; x_wconf 86' lang='lat' dir='ltr'><strong>cum</strong></span> <span class='ocrx_word' id='word_1_143' title='bbox 812 1047 847 1069; x_wconf 91' lang='lat' dir='ltr'><strong>eo</strong></span> <span class='ocrx_word' id='word_1_144' title='bbox 860 1044 889 1068; x_wconf 89' lang='lat' dir='ltr'><strong>et</strong></span> 
     </span>
    </p>
   </div>
   <div class='ocr_carea' id='block_1_20' title="bbox 93 1083 888 1124">
    <p class='ocr_par' dir='ltr' id='par_1_20' title="bbox 93 1083 888 1124">
     <span class='ocr_line' id='line_1_20' title="bbox 93 1083 888 1124; baseline -0.005 -8"><span class='ocrx_word' id='word_1_145' title='bbox 93 1096 145 1124; x_wconf 85' lang='lat' dir='ltr'><strong>per</strong></span> <span class='ocrx_word' id='word_1_146' title='bbox 166 1096 251 1116; x_wconf 80' lang='lat' dir='ltr'><strong>eum:</strong></span> <span class='ocrx_word' id='word_1_147' title='bbox 272 1087 308 1115; x_wconf 92' lang='lat' dir='ltr'><strong>ob</strong></span> <span class='ocrx_word' id='word_1_148' title='bbox 328 1087 410 1122; x_wconf 88' lang='lat' dir='ltr'><strong>idque</strong></span> <span class='ocrx_word' id='word_1_149' title='bbox 424 1087 506 1115; x_wconf 81' lang='lat' dir='ltr'><strong>etiam</strong></span> <span class='ocrx_word' id='word_1_150' title='bbox 526 1086 632 1114; x_wconf 83' lang='lat' dir='ltr'><strong>dicebat</strong></span> <span class='ocrx_word' id='word_1_151' title='bbox 647 1085 802 1121; x_wconf 78' lang='lat' dir='ltr'><strong>Apostolus,</strong></span> <span class='ocrx_word' id='word_1_152' title='bbox 819 1083 888 1113; x_wconf 79' lang='lat' dir='ltr'><strong>Deus</strong></span> 
     </span>
    </p>
   </div>
   <div class='ocr_carea' id='block_1_21' title="bbox 91 1130 889 1165">
    <p class='ocr_par' dir='ltr' id='par_1_21' title="bbox 91 1130 889 1165">
     <span class='ocr_line' id='line_1_21' title="bbox 91 1130 889 1165; baseline -0.005 -3"><span class='ocrx_word' id='word_1_153' title='bbox 91 1138 150 1163; x_wconf 71' lang='lat' dir='ltr'><strong>ast</strong></span> <span class='ocrx_word' id='word_1_154' title='bbox 163 1132 287 1161; x_wconf 71' lang='lat' dir='ltr'><strong>mandunt</strong></span> <span class='ocrx_word' id='word_1_155' title='bbox 299 1133 348 1161; x_wconf 71' lang='lat' dir='ltr'><strong>sibi</strong></span> <span class='ocrx_word' id='word_1_156' title='bbox 360 1132 527 1160; x_wconf 81' lang='lat' dir='ltr'><strong>reconcilians</strong></span> <span class='ocrx_word' id='word_1_157' title='bbox 538 1132 565 1158; x_wconf 85' lang='lat' dir='ltr'><strong>in</strong></span> <span class='ocrx_word' id='word_1_158' title='bbox 579 1131 690 1158; x_wconf 83' lang='lat' dir='ltr'><strong>Christo.</strong></span> <span class='ocrx_word' id='word_1_159' title='bbox 705 1130 761 1159; x_wconf 82' lang='lat' dir='ltr'><strong>Hoc</strong></span> <span class='ocrx_word' id='word_1_160' title='bbox 772 1134 824 1164; x_wconf 82' lang='lat' dir='ltr'><strong>est,</strong></span> <span class='ocrx_word' id='word_1_161' title='bbox 840 1136 889 1165; x_wconf 90' lang='lat' dir='ltr'><strong>per</strong></span> 
     </span>
    </p>
   </div>
   <div class='ocr_carea' id='block_1_22' title="bbox 92 1175 889 1212">
    <p class='ocr_par' dir='ltr' id='par_1_22' title="bbox 92 1175 889 1212">
     <span class='ocr_line' id='line_1_22' title="bbox 92 1175 889 1212; baseline -0.006 -5"><span class='ocrx_word' id='word_1_162' title='bbox 255 1178 386 1212; x_wconf 74' lang='lat' dir='ltr'><strong>Quoniam</strong></span> <span class='ocrx_word' id='word_1_163' title='bbox 399 1178 470 1205; x_wconf 89' lang='lat' dir='ltr'><strong>enim</strong></span> <span class='ocrx_word' id='word_1_164' title='bbox 482 1177 600 1209; x_wconf 79' lang='lat' dir='ltr'><strong>dixerat,</strong></span> <span class='ocrx_word' id='word_1_165' title='bbox 618 1177 667 1209; x_wconf 81' lang='lat' dir='ltr'><strong>Qui</strong></span> <span class='ocrx_word' id='word_1_166' title='bbox 680 1176 749 1204; x_wconf 78' lang='lat' dir='ltr'><strong>dedit</strong></span> <span class='ocrx_word' id='word_1_167' title='bbox 762 1176 833 1203; x_wconf 77' lang='lat' dir='ltr'><strong>nobis</strong></span> <span class='ocrx_word' id='word_1_168' title='bbox 843 1175 889 1202; x_wconf 82' lang='lat' dir='ltr'><strong>ini-</strong></span> 
     </span>
    </p>
   </div>
   <div class='ocr_carea' id='block_1_23' title="bbox 93 1221 888 1259">
    <p class='ocr_par' dir='ltr' id='par_1_23' title="bbox 93 1221 888 1259">
     <span class='ocr_line' id='line_1_23' title="bbox 93 1221 888 1259; baseline -0.005 -6"><span class='ocrx_word' id='word_1_169' title='bbox 93 1225 227 1253; x_wconf 70' lang='lat' dir='ltr'><strong>nisterium</strong></span> <span class='ocrx_word' id='word_1_170' title='bbox 238 1224 461 1256; x_wconf 82' lang='lat' dir='ltr'><strong>reconciliationis,</strong></span> <span class='ocrx_word' id='word_1_171' title='bbox 479 1224 691 1259; x_wconf 70' lang='lat' dir='ltr'><strong>temperamento</strong></span> <span class='ocrx_word' id='word_1_172' title='bbox 703 1222 817 1258; x_wconf 89' lang='lat' dir='ltr'><strong>quodam</strong></span> <span class='ocrx_word' id='word_1_173' title='bbox 828 1221 888 1249; x_wconf 88' lang='lat' dir='ltr'><strong>uti—</strong></span> 
     </span>
    </p>
   </div>
   <div class='ocr_carea' id='block_1_24' title="bbox 64 1264 883 1302">
    <p class='ocr_par' dir='ltr' id='par_1_24' title="bbox 64 1264 883 1302">
     <span class='ocr_line' id='line_1_24' title="bbox 64 1264 883 1302; baseline -0.005 -4"><span class='ocrx_word' id='word_1_174' title='bbox 64 1264 67 1266; x_wconf 65' lang='grc'><em>’</em></span> <span class='ocrx_word' id='word_1_175' title='bbox 94 1275 149 1302; x_wconf 86' lang='lat' dir='ltr'><strong>tur.</strong></span> <span class='ocrx_word' id='word_1_176' title='bbox 163 1270 274 1298; x_wconf 85' lang='lat' dir='ltr'><strong>dicens:</strong></span> <span class='ocrx_word' id='word_1_177' title='bbox 289 1269 328 1297; x_wconf 88' lang='lat' dir='ltr'><strong>Ne</strong></span> <span class='ocrx_word' id='word_1_178' title='bbox 341 1269 499 1298; x_wconf 81' lang='lat' dir='ltr'><strong>existimetis</strong></span> <span class='ocrx_word' id='word_1_179' title='bbox 506 1276 637 1296; x_wconf 81' lang='lat' dir='ltr'><strong>summam</strong></span> <span class='ocrx_word' id='word_1_180' title='bbox 649 1268 729 1302; x_wconf 81' lang='lat' dir='ltr'><strong>hujus</strong></span> <span class='ocrx_word' id='word_1_181' title='bbox 739 1268 779 1295; x_wconf 89' lang='lat' dir='ltr'><strong>rei</strong></span> <span class='ocrx_word' id='word_1_182' title='bbox 789 1270 883 1294; x_wconf 85' lang='lat' dir='ltr'><strong>aucto-</strong></span> 
     </span>
    </p>
   </div>
   <div class='ocr_carea' id='block_1_25' title="bbox 94 1314 884 1351">
    <p class='ocr_par' dir='ltr' id='par_1_25' title="bbox 94 1314 884 1351">
     <span class='ocr_line' id='line_1_25' title="bbox 94 1314 884 1351; baseline -0.005 -7"><span class='ocrx_word' id='word_1_183' title='bbox 94 1314 314 1351; x_wconf 69' lang='lat' dir='ltr'><strong>ritatem&#39;penes</strong></span> <span class='ocrx_word' id='word_1_184' title='bbox 334 1323 385 1343; x_wconf 90' lang='lat' dir='ltr'><strong>nos</strong></span> <span class='ocrx_word' id='word_1_185' title='bbox 409 1323 489 1348; x_wconf 83' lang='lat' dir='ltr'><strong>esse;</strong></span> <span class='ocrx_word' id='word_1_186' title='bbox 513 1314 629 1342; x_wconf 84' lang='lat' dir='ltr'><strong>ministri</strong></span> <span class='ocrx_word' id='word_1_187' title='bbox 651 1319 754 1341; x_wconf 88' lang='lat' dir='ltr'><strong>tantum</strong></span> <span class='ocrx_word' id='word_1_188' title='bbox 774 1320 884 1341; x_wconf 87' lang='lat' dir='ltr'><strong>sumus:</strong></span> 
     </span>
    </p>
   </div>
   <div class='ocr_carea' id='block_1_26' title="bbox 94 1358 885 1396">
    <p class='ocr_par' dir='ltr' id='par_1_26' title="bbox 94 1358 885 1396">
     <span class='ocr_line' id='line_1_26' title="bbox 94 1358 885 1396; baseline -0.005 -6"><span class='ocrx_word' id='word_1_189' title='bbox 94 1361 166 1390; x_wconf 85' lang='lat' dir='ltr'><strong>Deus</strong></span> <span class='ocrx_word' id='word_1_190' title='bbox 187 1367 229 1389; x_wconf 87' lang='lat' dir='ltr'><strong>est</strong></span> <span class='ocrx_word' id='word_1_191' title='bbox 249 1361 294 1396; x_wconf 90' lang='lat' dir='ltr'><strong>qui</strong></span> <span class='ocrx_word' id='word_1_192' title='bbox 310 1365 394 1388; x_wconf 90' lang='lat' dir='ltr'><strong>totum</strong></span> <span class='ocrx_word' id='word_1_193' title='bbox 411 1361 462 1388; x_wconf 90' lang='lat' dir='ltr'><strong>hoc</strong></span> <span class='ocrx_word' id='word_1_194' title='bbox 485 1359 575 1392; x_wconf 78' lang='lat' dir='ltr'><strong>efﬁcit,</strong></span> <span class='ocrx_word' id='word_1_195' title='bbox 593 1360 638 1395; x_wconf 88' lang='lat' dir='ltr'><strong>qui</strong></span> <span class='ocrx_word' id='word_1_196' title='bbox 652 1367 700 1395; x_wconf 90' lang='lat' dir='ltr'><strong>per</strong></span> <span class='ocrx_word' id='word_1_197' title='bbox 716 1358 885 1395; x_wconf 79' lang='lat' dir='ltr'><strong>Uuigenitum</strong></span> 
     </span>
    </p>
   </div>
   <div class='ocr_carea' id='block_1_27' title="bbox 95 1405 887 1440">
    <p class='ocr_par' dir='ltr' id='par_1_27' title="bbox 95 1405 887 1440">
     <span class='ocr_line' id='line_1_27' title="bbox 95 1405 887 1440; baseline -0.005 -3"><span class='ocrx_word' id='word_1_198' title='bbox 95 1413 227 1437; x_wconf 84' lang='lat' dir='ltr'><strong>terrarum</strong></span> <span class='ocrx_word' id='word_1_199' title='bbox 241 1407 333 1436; x_wconf 88' lang='lat' dir='ltr'><strong>orbem</strong></span> <span class='ocrx_word' id='word_1_200' title='bbox 348 1407 543 1434; x_wconf 85' lang='lat' dir='ltr'><strong>reconciliavit.</strong></span> <span class='ocrx_word' id='word_1_201' title='bbox 559 1406 618 1440; x_wconf 88' lang='lat' dir='ltr'><strong>Quo</strong></span> <span class='ocrx_word' id='word_1_202' title='bbox 628 1405 734 1434; x_wconf 81' lang='lat' dir='ltr'><strong>tandem</strong></span> <span class='ocrx_word' id='word_1_203' title='bbox 749 1405 775 1433; x_wconf 89' lang='lat' dir='ltr'><strong>id</strong></span> <span class='ocrx_word' id='word_1_204' title='bbox 784 1405 863 1433; x_wconf 89' lang='lat' dir='ltr'><strong>modo</strong></span> <span class='ocrx_word' id='word_1_205' title='bbox 874 1405 887 1432; x_wconf 67' lang='grc' dir='ltr'>τ</span> 
     </span>
    </p>
   </div>
   <div class='ocr_carea' id='block_1_28' title="bbox 94 1450 885 1487">
    <p class='ocr_par' dir='ltr' id='par_1_28' title="bbox 94 1450 885 1487">
     <span class='ocr_line' id='line_1_28' title="bbox 94 1450 885 1487; baseline -0.008 -4"><span class='ocrx_word' id='word_1_206' title='bbox 94 1462 158 1483; x_wconf 88' lang='lat' dir='ltr'><strong>nam</strong></span> <span class='ocrx_word' id='word_1_207' title='bbox 182 1454 233 1482; x_wconf 90' lang='lat' dir='ltr'><strong>hoc</strong></span> <span class='ocrx_word' id='word_1_208' title='bbox 257 1457 300 1481; x_wconf 89' lang='lat' dir='ltr'><strong>est</strong></span> <span class='ocrx_word' id='word_1_209' title='bbox 319 1453 487 1483; x_wconf 80' lang='lat' dir='ltr'><strong>admirabile,</strong></span> <span class='ocrx_word' id='word_1_210' title='bbox 510 1460 563 1479; x_wconf 91' lang='lat' dir='ltr'><strong>non</strong></span> <span class='ocrx_word' id='word_1_211' title='bbox 577 1452 665 1480; x_wconf 86' lang='lat' dir='ltr'><strong>solum</strong></span> <span class='ocrx_word' id='word_1_212' title='bbox 686 1450 758 1487; x_wconf 86' lang='lat' dir='ltr'><strong>quod</strong></span> <span class='ocrx_word' id='word_1_213' title='bbox 781 1450 885 1478; x_wconf 80' lang='lat' dir='ltr'><strong>amicus</strong></span> 
     </span>
    </p>
   </div>
   <div class='ocr_carea' id='block_1_29' title="bbox 94 1496 887 1533">
    <p class='ocr_par' dir='ltr' id='par_1_29' title="bbox 94 1496 887 1533">
     <span class='ocr_line' id='line_1_29' title="bbox 94 1496 887 1533; baseline -0.005 -6"><span class='ocrx_word' id='word_1_214' title='bbox 94 1499 207 1527; x_wconf 78' lang='lat' dir='ltr'><strong>etl‘cctns</strong></span> <span class='ocrx_word' id='word_1_215' title='bbox 221 1498 266 1531; x_wconf 88' lang='lat' dir='ltr'><strong>sit,</strong></span> <span class='ocrx_word' id='word_1_216' title='bbox 282 1498 329 1526; x_wconf 87' lang='lat' dir='ltr'><strong>sed</strong></span> <span class='ocrx_word' id='word_1_217' title='bbox 342 1498 422 1526; x_wconf 81' lang='lat' dir='ltr'><strong>etiam</strong></span> <span class='ocrx_word' id='word_1_218' title='bbox 445 1497 516 1533; x_wconf 89' lang='lat' dir='ltr'><strong>quod</strong></span> <span class='ocrx_word' id='word_1_219' title='bbox 530 1498 568 1524; x_wconf 85' lang='lat' dir='ltr'><strong>sic</strong></span> <span class='ocrx_word' id='word_1_220' title='bbox 580 1498 692 1525; x_wconf 91' lang='lat' dir='ltr'><strong>amicus.</strong></span> <span class='ocrx_word' id='word_1_221' title='bbox 707 1496 763 1530; x_wconf 87' lang='lat' dir='ltr'><strong>Sic,</strong></span> <span class='ocrx_word' id='word_1_222' title='bbox 774 1503 887 1531; x_wconf 89' lang='lat' dir='ltr'><strong>quomo-</strong></span> 
     </span>
    </p>
   </div>
   <div class='ocr_carea' id='block_1_30' title="bbox 94 1542 886 1579">
    <p class='ocr_par' dir='ltr' id='par_1_30' title="bbox 94 1542 886 1579">
     <span class='ocr_line' id='line_1_30' title="bbox 94 1542 886 1579; baseline -0.006 -6"><span class='ocrx_word' id='word_1_223' title='bbox 94 1545 154 1573; x_wconf 73' lang='lat' dir='ltr'><strong>do?</strong></span> <span class='ocrx_word' id='word_1_224' title='bbox 175 1544 285 1572; x_wconf 82' lang='lat' dir='ltr'><strong>Pcecata</strong></span> <span class='ocrx_word' id='word_1_225' title='bbox 314 1544 379 1579; x_wconf 83' lang='lat' dir='ltr'><strong>ipsis</strong></span> <span class='ocrx_word' id='word_1_226' title='bbox 401 1544 562 1575; x_wconf 82' lang='lat' dir='ltr'><strong>remittens;</strong></span> <span class='ocrx_word' id='word_1_227' title='bbox 586 1550 648 1571; x_wconf 90' lang='lat' dir='ltr'><strong>nam</strong></span> <span class='ocrx_word' id='word_1_228' title='bbox 667 1543 745 1570; x_wconf 83' lang='lat' dir='ltr'><strong>aliter</strong></span> <span class='ocrx_word' id='word_1_229' title='bbox 770 1542 886 1570; x_wconf 82' lang='lat' dir='ltr'><strong>amicitia</strong></span> 
     </span>
    </p>
   </div>
   <div class='ocr_carea' id='block_1_31' title="bbox 94 1588 886 1625">
    <p class='ocr_par' dir='ltr' id='par_1_31' title="bbox 94 1588 886 1625">
     <span class='ocr_line' id='line_1_31' title="bbox 94 1588 886 1625; baseline -0.003 -7"><span class='ocrx_word' id='word_1_230' title='bbox 94 1589 218 1618; x_wconf 87' lang='lat' dir='ltr'><strong>contrahi</strong></span> <span class='ocrx_word' id='word_1_231' title='bbox 237 1598 291 1617; x_wconf 88' lang='lat' dir='ltr'><strong>non</strong></span> <span class='ocrx_word' id='word_1_232' title='bbox 305 1595 410 1625; x_wconf 83' lang='lat' dir='ltr'><strong>poterat</strong></span> <span class='ocrx_word' id='word_1_233' title='bbox 425 1599 432 1616; x_wconf 84' lang='lat'><strong>:</strong></span> <span class='ocrx_word' id='word_1_234' title='bbox 447 1590 518 1617; x_wconf 88' lang='lat' dir='ltr'><strong>unde</strong></span> <span class='ocrx_word' id='word_1_235' title='bbox 533 1589 613 1617; x_wconf 82' lang='lat' dir='ltr'><strong>etiam</strong></span> <span class='ocrx_word' id='word_1_236' title='bbox 628 1589 756 1622; x_wconf 83' lang='lat' dir='ltr'><strong>subdidit,</strong></span> <span class='ocrx_word' id='word_1_237' title='bbox 771 1588 832 1621; x_wconf 79' lang='lat' dir='ltr'><strong>Non</strong></span> <span class='ocrx_word' id='word_1_238' title='bbox 844 1596 886 1615; x_wconf 80' lang='lat' dir='ltr'><strong>re-</strong></span> 
     </span>
    </p>
   </div>
   <div class='ocr_carea' id='block_1_32' title="bbox 97 1634 886 1671">
    <p class='ocr_par' dir='ltr' id='par_1_32' title="bbox 97 1634 886 1671">
     <span class='ocr_line' id='line_1_32' title="bbox 97 1634 886 1671; baseline -0.003 -9"><span class='ocrx_word' id='word_1_239' title='bbox 97 1640 192 1671; x_wconf 80' lang='lat' dir='ltr'><strong>putans</strong></span> <span class='ocrx_word' id='word_1_240' title='bbox 208 1635 260 1662; x_wconf 80' lang='lat' dir='ltr'><strong>illis</strong></span> <span class='ocrx_word' id='word_1_241' title='bbox 277 1635 368 1662; x_wconf 80' lang='lat' dir='ltr'><strong>delicta</strong></span> <span class='ocrx_word' id='word_1_242' title='bbox 388 1635 513 1669; x_wconf 74' lang='lat' dir='ltr'><strong>ipsorum.</strong></span> <span class='ocrx_word' id='word_1_243' title='bbox 536 1634 642 1662; x_wconf 87' lang='lat' dir='ltr'><strong>Etenim</strong></span> <span class='ocrx_word' id='word_1_244' title='bbox 661 1635 684 1662; x_wconf 90' lang='lat' dir='ltr'><strong>si</strong></span> <span class='ocrx_word' id='word_1_245' title='bbox 707 1634 886 1662; x_wconf 82' lang='lat' dir='ltr'><strong>admissorum</strong></span> 
     </span>
    </p>
   </div>
   <div class='ocr_carea' id='block_1_33' title="bbox 94 1680 886 1718">
    <p class='ocr_par' dir='ltr' id='par_1_33' title="bbox 94 1680 886 1718">
     <span class='ocr_line' id='line_1_33' title="bbox 94 1680 886 1718; baseline -0.003 -10"><span class='ocrx_word' id='word_1_246' title='bbox 94 1685 268 1718; x_wconf 77' lang='lat' dir='ltr'><strong>peccatorum</strong></span> <span class='ocrx_word' id='word_1_247' title='bbox 295 1681 427 1708; x_wconf 83' lang='lat' dir='ltr'><strong>rationem</strong></span> <span class='ocrx_word' id='word_1_248' title='bbox 451 1687 599 1715; x_wconf 78' lang='lat' dir='ltr'><strong>exposcere</strong></span> <span class='ocrx_word' id='word_1_249' title='bbox 624 1680 776 1712; x_wconf 88' lang='lat' dir='ltr'><strong>voluisset,</strong></span> <span class='ocrx_word' id='word_1_250' title='bbox 790 1684 886 1707; x_wconf 86' lang='lat' dir='ltr'><strong>omnes</strong></span> 
     </span>
    </p>
   </div>
   <div class='ocr_carea' id='block_1_34' title="bbox 95 1725 886 1763">
    <p class='ocr_par' dir='ltr' id='par_1_34' title="bbox 95 1725 886 1763">
     <span class='ocr_line' id='line_1_34' title="bbox 95 1725 886 1763; baseline -0.005 -8"><span class='ocrx_word' id='word_1_251' title='bbox 95 1727 270 1763; x_wconf 78' lang='lat' dir='ltr'><strong>periissemus</strong></span> <span class='ocrx_word' id='word_1_252' title='bbox 282 1735 289 1753; x_wconf 89' lang='lat'>:</span> <span class='ocrx_word' id='word_1_253' title='bbox 305 1734 398 1753; x_wconf 86' lang='lat' dir='ltr'><strong>omnes</strong></span> <span class='ocrx_word' id='word_1_254' title='bbox 413 1726 511 1762; x_wconf 86' lang='lat' dir='ltr'><strong>quippe</strong></span> <span class='ocrx_word' id='word_1_255' title='bbox 526 1726 622 1753; x_wconf 84' lang='lat' dir='ltr'><strong>mortui</strong></span> <span class='ocrx_word' id='word_1_256' title='bbox 635 1731 722 1754; x_wconf 79' lang='lat' dir='ltr'><strong>erant.</strong></span> <span class='ocrx_word' id='word_1_257' title='bbox 735 1725 787 1754; x_wconf 83' lang='lat' dir='ltr'><strong>Sed</strong></span> <span class='ocrx_word' id='word_1_258' title='bbox 797 1729 886 1752; x_wconf 80' lang='lat' dir='ltr'><strong>tamen</strong></span> 
     </span>
    </p>
   </div>
   <div class='ocr_carea' id='block_1_35' title="bbox 94 1768 886 1805">
    <p class='ocr_par' dir='ltr' id='par_1_35' title="bbox 94 1768 886 1805">
     <span class='ocr_line' id='line_1_35' title="bbox 94 1768 886 1805; baseline -0.004 -6"><span class='ocrx_word' id='word_1_259' title='bbox 94 1779 157 1800; x_wconf 88' lang='lat' dir='ltr'><strong>cum</strong></span> <span class='ocrx_word' id='word_1_260' title='bbox 180 1774 270 1799; x_wconf 85' lang='lat' dir='ltr'><strong>tantus</strong></span> <span class='ocrx_word' id='word_1_261' title='bbox 292 1775 460 1805; x_wconf 85' lang='lat' dir='ltr'><strong>peccatorum</strong></span> <span class='ocrx_word' id='word_1_262' title='bbox 480 1778 607 1797; x_wconf 88' lang='lat' dir='ltr'><strong>numerus</strong></span> <span class='ocrx_word' id='word_1_263' title='bbox 628 1775 709 1802; x_wconf 84' lang='lat' dir='ltr'><strong>esset,</strong></span> <span class='ocrx_word' id='word_1_264' title='bbox 734 1777 787 1796; x_wconf 90' lang='lat' dir='ltr'><strong>non</strong></span> <span class='ocrx_word' id='word_1_265' title='bbox 805 1768 886 1796; x_wconf 90' lang='lat' dir='ltr'><strong>modo</strong></span> 
     </span>
    </p>
   </div>
   <div class='ocr_carea' id='block_1_36' title="bbox 94 1814 885 1851">
    <p class='ocr_par' dir='ltr' id='par_1_36' title="bbox 94 1814 885 1851">
     <span class='ocr_line' id='line_1_36' title="bbox 94 1814 885 1851; baseline -0.004 -7"><span class='ocrx_word' id='word_1_266' title='bbox 94 1817 183 1845; x_wconf 79' lang='lat' dir='ltr'><strong>trullas</strong></span> <span class='ocrx_word' id='word_1_267' title='bbox 200 1824 215 1843; x_wconf 91' lang='lat' dir='ltr'><strong>a</strong></span> <span class='ocrx_word' id='word_1_268' title='bbox 234 1815 310 1843; x_wconf 84' lang='lat' dir='ltr'><strong>nobis</strong></span> <span class='ocrx_word' id='word_1_269' title='bbox 332 1823 425 1851; x_wconf 65' lang='lat' dir='ltr'><strong>pinnas</strong></span> <span class='ocrx_word' id='word_1_270' title='bbox 440 1815 576 1848; x_wconf 73' lang='lat' dir='ltr'><strong>expetivit,</strong></span> <span class='ocrx_word' id='word_1_271' title='bbox 591 1815 638 1842; x_wconf 83' lang='lat' dir='ltr'><strong>sed</strong></span> <span class='ocrx_word' id='word_1_272' title='bbox 653 1815 732 1842; x_wconf 87' lang='lat' dir='ltr'><strong>etiam</strong></span> <span class='ocrx_word' id='word_1_273' title='bbox 746 1814 885 1842; x_wconf 88' lang='lat' dir='ltr'><strong>nobiscum</strong></span> 
     </span>
    </p>
   </div>
   <div class='ocr_carea' id='block_1_37' title="bbox 94 1859 885 1896">
    <p class='ocr_par' dir='ltr' id='par_1_37' title="bbox 94 1859 885 1896">
     <span class='ocr_line' id='line_1_37' title="bbox 94 1859 885 1896; baseline -0.004 -7"><span class='ocrx_word' id='word_1_274' title='bbox 94 1862 123 1889; x_wconf 90' lang='lat' dir='ltr'><strong>in</strong></span> <span class='ocrx_word' id='word_1_275' title='bbox 138 1860 250 1896; x_wconf 88' lang='lat' dir='ltr'><strong>gratiam</strong></span> <span class='ocrx_word' id='word_1_276' title='bbox 264 1860 357 1892; x_wconf 84' lang='lat' dir='ltr'><strong>rediit;</strong></span> <span class='ocrx_word' id='word_1_277' title='bbox 375 1868 427 1887; x_wconf 90' lang='lat' dir='ltr'><strong>non</strong></span> <span class='ocrx_word' id='word_1_278' title='bbox 444 1860 524 1887; x_wconf 85' lang='lat' dir='ltr'><strong>modo</strong></span> <span class='ocrx_word' id='word_1_279' title='bbox 538 1860 650 1892; x_wconf 88' lang='lat' dir='ltr'><strong>remisit,</strong></span> <span class='ocrx_word' id='word_1_280' title='bbox 662 1859 710 1887; x_wconf 83' lang='lat' dir='ltr'><strong>sed</strong></span> <span class='ocrx_word' id='word_1_281' title='bbox 726 1866 776 1888; x_wconf 84' lang='lat' dir='ltr'><strong>nec</strong></span> <span class='ocrx_word' id='word_1_282' title='bbox 797 1859 885 1894; x_wconf 80' lang='lat' dir='ltr'><strong>impu-</strong></span> 
     </span>
    </p>
   </div>
   <div class='ocr_carea' id='block_1_38' title="bbox 95 1903 884 1937">
    <p class='ocr_par' dir='ltr' id='par_1_38' title="bbox 95 1903 884 1937">
     <span class='ocr_line' id='line_1_38' title="bbox 95 1903 884 1937; baseline -0.003 -4"><span class='ocrx_word' id='word_1_283' title='bbox 95 1907 171 1934; x_wconf 81' lang='lat' dir='ltr'><strong>tavit.</strong></span> <span class='ocrx_word' id='word_1_284' title='bbox 186 1905 232 1933; x_wconf 86' lang='lat' dir='ltr'><strong>Sic</strong></span> <span class='ocrx_word' id='word_1_285' title='bbox 244 1908 272 1932; x_wconf 85' lang='lat' dir='ltr'><strong>et</strong></span> <span class='ocrx_word' id='word_1_286' title='bbox 284 1904 364 1933; x_wconf 85' lang='lat' dir='ltr'><strong>nobis</strong></span> <span class='ocrx_word' id='word_1_287' title='bbox 376 1903 529 1932; x_wconf 80' lang='lat' dir='ltr'><strong>faciendum</strong></span> <span class='ocrx_word' id='word_1_288' title='bbox 541 1909 593 1937; x_wconf 86' lang='lat' dir='ltr'><strong>est.</strong></span> <span class='ocrx_word' id='word_1_289' title='bbox 612 1910 641 1932; x_wconf 90' lang='lat' dir='ltr'><strong>ut</strong></span> <span class='ocrx_word' id='word_1_290' title='bbox 654 1904 770 1932; x_wconf 85' lang='lat' dir='ltr'><strong>inimicis</strong></span> <span class='ocrx_word' id='word_1_291' title='bbox 785 1905 884 1932; x_wconf 85' lang='lat' dir='ltr'><strong>nostris</strong></span> 
     </span>
    </p>
   </div>
   <div class='ocr_carea' id='block_1_39' title="bbox 94 1950 884 1988">
    <p class='ocr_par' dir='ltr' id='par_1_39' title="bbox 94 1950 884 1988">
     <span class='ocr_line' id='line_1_39' title="bbox 94 1950 884 1988; baseline -0.004 -8"><span class='ocrx_word' id='word_1_292' title='bbox 94 1953 274 1988; x_wconf 77' lang='lat' dir='ltr'><strong>ignoscamus.</strong></span> <span class='ocrx_word' id='word_1_293' title='bbox 285 1959 338 1987; x_wconf 87' lang='lat' dir='ltr'><strong>quo</strong></span> <span class='ocrx_word' id='word_1_294' title='bbox 347 1951 468 1979; x_wconf 84' lang='lat' dir='ltr'><strong>eamdem</strong></span> <span class='ocrx_word' id='word_1_295' title='bbox 479 1951 582 1979; x_wconf 81' lang='lat' dir='ltr'><strong>veniam</strong></span> <span class='ocrx_word' id='word_1_296' title='bbox 592 1951 777 1986; x_wconf 80' lang='lat' dir='ltr'><strong>impetremus.</strong></span> <span class='ocrx_word' id='word_1_297' title='bbox 793 1950 827 1978; x_wconf 79' lang='lat' dir='ltr'><strong>Et</strong></span> <span class='ocrx_word' id='word_1_298' title='bbox 836 1958 884 1986; x_wconf 83' lang='grc' dir='ltr'><strong>ρο-</strong></span> 
     </span>
    </p>
   </div>
   <div class='ocr_carea' id='block_1_40' title="bbox 93 1997 886 2033">
    <p class='ocr_par' dir='ltr' id='par_1_40' title="bbox 93 1997 886 2033">
     <span class='ocr_line' id='line_1_40' title="bbox 93 1997 886 2033; baseline -0.001 -7"><span class='ocrx_word' id='word_1_299' title='bbox 93 2000 146 2027; x_wconf 78' lang='lat' dir='ltr'><strong>suit</strong></span> <span class='ocrx_word' id='word_1_300' title='bbox 160 2000 187 2026; x_wconf 85' lang='lat' dir='ltr'><strong>in</strong></span> <span class='ocrx_word' id='word_1_301' title='bbox 207 1999 277 2027; x_wconf 77' lang='lat' dir='ltr'><strong>nobis</strong></span> <span class='ocrx_word' id='word_1_302' title='bbox 288 1998 390 2026; x_wconf 73' lang='lat' dir='ltr'><strong>mium</strong></span> <span class='ocrx_word' id='word_1_303' title='bbox 410 1997 631 2026; x_wconf 79' lang='lat' dir='ltr'><strong>reconciliationis.</strong></span> <span class='ocrx_word' id='word_1_304' title='bbox 645 1997 736 2033; x_wconf 84' lang='lat' dir='ltr'><strong>Neque</strong></span> <span class='ocrx_word' id='word_1_305' title='bbox 747 1998 819 2026; x_wconf 90' lang='lat' dir='ltr'><strong>enim</strong></span> <span class='ocrx_word' id='word_1_306' title='bbox 835 2005 886 2026; x_wconf 88' lang='lat' dir='ltr'><strong>nos</strong></span> 
     </span>
    </p>
   </div>
   <div class='ocr_carea' id='block_1_41' title="bbox 92 2042 885 2080">
    <p class='ocr_par' dir='ltr' id='par_1_41' title="bbox 92 2042 885 2080">
     <span class='ocr_line' id='line_1_41' title="bbox 92 2042 885 2080; baseline -0.003 -8"><span class='ocrx_word' id='word_1_307' title='bbox 92 2045 128 2073; x_wconf 87' lang='lat' dir='ltr'><strong>ad</strong></span> <span class='ocrx_word' id='word_1_308' title='bbox 150 2051 233 2080; x_wconf 75' lang='lat' dir='ltr'><strong>grave</strong></span> <span class='ocrx_word' id='word_1_309' title='bbox 253 2043 360 2078; x_wconf 85' lang='lat' dir='ltr'><strong>aliquod</strong></span> <span class='ocrx_word' id='word_1_310' title='bbox 381 2043 517 2079; x_wconf 79' lang='lat' dir='ltr'><strong>negotium</strong></span> <span class='ocrx_word' id='word_1_311' title='bbox 538 2043 670 2076; x_wconf 86' lang='lat' dir='ltr'><strong>venimus,</strong></span> <span class='ocrx_word' id='word_1_312' title='bbox 689 2042 736 2070; x_wconf 87' lang='lat' dir='ltr'><strong>sed</strong></span> <span class='ocrx_word' id='word_1_313' title='bbox 750 2048 779 2071; x_wconf 92' lang='lat' dir='ltr'><strong>ut</strong></span> <span class='ocrx_word' id='word_1_314' title='bbox 790 2050 885 2071; x_wconf 84' lang='lat' dir='ltr'><strong>omnes</strong></span> 
     </span>
    </p>
   </div>
   <div class='ocr_carea' id='block_1_42' title="bbox 96 2088 885 2124">
    <p class='ocr_par' dir='ltr' id='par_1_42' title="bbox 96 2088 885 2124">
     <span class='ocr_line' id='line_1_42' title="bbox 96 2088 885 2124; baseline -0.004 -5"><span class='ocrx_word' id='word_1_315' title='bbox 96 2091 155 2119; x_wconf 75' lang='lat' dir='ltr'><strong>Deo</strong></span> <span class='ocrx_word' id='word_1_316' title='bbox 169 2089 271 2116; x_wconf 86' lang='lat' dir='ltr'><strong>amicos</strong></span> <span class='ocrx_word' id='word_1_317' title='bbox 280 2088 438 2117; x_wconf 84' lang='lat' dir='ltr'><strong>emeramus.</strong></span> <span class='ocrx_word' id='word_1_318' title='bbox 448 2088 591 2122; x_wconf 82' lang='lat' dir='ltr'><strong>Quoniam,</strong></span> <span class='ocrx_word' id='word_1_319' title='bbox 607 2088 703 2124; x_wconf 83' lang='lat' dir='ltr'><strong>inquit,</strong></span> <span class='ocrx_word' id='word_1_320' title='bbox 715 2088 805 2117; x_wconf 81' lang='lat' dir='ltr'><strong>verbis</strong></span> <span class='ocrx_word' id='word_1_321' title='bbox 818 2088 885 2117; x_wconf 85' lang='lat' dir='ltr'><strong>meis</strong></span> 
     </span>
    </p>
   </div>
   <div class='ocr_carea' id='block_1_43' title="bbox 94 2134 883 2170">
    <p class='ocr_par' dir='ltr' id='par_1_43' title="bbox 94 2134 883 2170">
     <span class='ocr_line' id='line_1_43' title="bbox 94 2134 883 2170; baseline -0.001 -6"><span class='ocrx_word' id='word_1_322' title='bbox 94 2137 176 2165; x_wconf 84' lang='lat' dir='ltr'><strong>tidem</strong></span> <span class='ocrx_word' id='word_1_323' title='bbox 189 2142 242 2163; x_wconf 90' lang='lat' dir='ltr'><strong>non</strong></span> <span class='ocrx_word' id='word_1_324' title='bbox 263 2134 453 2167; x_wconf 81' lang='lat' dir='ltr'><strong>adhibuerunt,</strong></span> <span class='ocrx_word' id='word_1_325' title='bbox 469 2134 495 2161; x_wconf 93' lang='lat' dir='ltr'><strong>in</strong></span> <span class='ocrx_word' id='word_1_326' title='bbox 511 2134 678 2162; x_wconf 76' lang='lat' dir='ltr'><strong>exhortando</strong></span> <span class='ocrx_word' id='word_1_327' title='bbox 692 2135 741 2169; x_wconf 85' lang='lat' dir='ltr'><strong>ipsi</strong></span> <span class='ocrx_word' id='word_1_328' title='bbox 756 2139 883 2170; x_wconf 87' lang='lat' dir='ltr'><strong>perstate.</strong></span> 
     </span>
    </p>
   </div>
   <div class='ocr_carea' id='block_1_44' title="bbox 91 2171 884 2216">
    <p class='ocr_par' dir='ltr' id='par_1_44' title="bbox 91 2171 884 2216">
     <span class='ocr_line' id='line_1_44' title="bbox 91 2171 884 2216; baseline -0.003 -6"><span class='ocrx_word' id='word_1_329' title='bbox 91 2184 182 2211; x_wconf 87' lang='lat' dir='ltr'><strong>donec</strong></span> <span class='ocrx_word' id='word_1_330' title='bbox 196 2180 392 2216; x_wconf 86' lang='lat' dir='ltr'><strong>persuaseritis.</strong></span> <span class='ocrx_word' id='word_1_331' title='bbox 405 2178 468 2207; x_wconf 89' lang='lat' dir='ltr'><strong>Ideo</strong></span> <span class='ocrx_word' id='word_1_332' title='bbox 482 2179 620 2214; x_wconf 88' lang='lat' dir='ltr'><strong>subjunxit</strong></span> <span class='ocrx_word' id='word_1_333' title='bbox 637 2171 644 2206; x_wconf 70' lang='grc' dir='ltr'>ὲ</span> <span class='ocrx_word' id='word_1_334' title='bbox 659 2179 704 2207; x_wconf 73' lang='lat'><strong>20.</strong></span> <span class='ocrx_word' id='word_1_335' title='bbox 717 2179 771 2208; x_wconf 84' lang='lat' dir='ltr'><strong>Pro</strong></span> <span class='ocrx_word' id='word_1_336' title='bbox 783 2179 884 2208; x_wconf 75' lang='lat' dir='ltr'><strong>Chrislo</strong></span> 
     </span>
    </p>
   </div>
   <div class='ocr_carea' id='block_1_45' title="bbox 92 2223 883 2264">
    <p class='ocr_par' dir='ltr' id='par_1_45' title="bbox 92 2223 883 2264">
     <span class='ocr_line' id='line_1_45' title="bbox 92 2223 883 2264; baseline -0.004 -8"><span class='ocrx_word' id='word_1_337' title='bbox 92 2226 218 2264; x_wconf 82' lang='lat' dir='ltr'><strong>trgatione</strong></span> <span class='ocrx_word' id='word_1_338' title='bbox 237 2223 380 2261; x_wconf 71' lang='lat' dir='ltr'><strong>fungimur,</strong></span> <span class='ocrx_word' id='word_1_339' title='bbox 394 2230 521 2261; x_wconf 77' lang='lat' dir='ltr'><strong>tamquam</strong></span> <span class='ocrx_word' id='word_1_340' title='bbox 535 2223 591 2252; x_wconf 83' lang='lat' dir='ltr'><strong>Deo</strong></span> <span class='ocrx_word' id='word_1_341' title='bbox 605 2226 755 2253; x_wconf 67' lang='lat' dir='ltr'><strong>exhortante</strong></span> <span class='ocrx_word' id='word_1_342' title='bbox 766 2234 812 2261; x_wconf 80' lang='lat' dir='ltr'><strong>per</strong></span> <span class='ocrx_word' id='word_1_343' title='bbox 826 2234 883 2255; x_wconf 82' lang='lat' dir='ltr'><strong>nos.</strong></span> 
     </span>
    </p>
   </div>
   <div class='ocr_carea' id='block_1_46' title="bbox 93 2264 871 2309">
    <p class='ocr_par' dir='ltr' id='par_1_46' title="bbox 93 2264 871 2309">
     <span class='ocr_line' id='line_1_46' title="bbox 93 2264 871 2309; baseline 0 -11"><span class='ocrx_word' id='word_1_344' title='bbox 93 2274 261 2301; x_wconf 77' lang='lat' dir='ltr'><strong>Obucramus</strong></span> <span class='ocrx_word' id='word_1_345' title='bbox 275 2279 322 2306; x_wconf 78' lang='lat' dir='ltr'><strong>pro</strong></span> <span class='ocrx_word' id='word_1_346' title='bbox 333 2270 443 2303; x_wconf 84' lang='lat' dir='ltr'><strong>Christo,</strong></span> <span class='ocrx_word' id='word_1_347' title='bbox 458 2270 656 2298; x_wconf 72' lang='lat' dir='ltr'><strong>reconciliantini</strong></span> <span class='ocrx_word' id='word_1_348' title='bbox 668 2264 733 2299; x_wconf 76' lang='lat' dir='ltr'><strong>Deo.</strong></span> <span class='ocrx_word' id='word_1_349' title='bbox 868 2308 871 2309; x_wconf 20' lang='grc' dir='ltr'><em>ν</em></span> 
     </span>
    </p>
   </div>
   <div class='ocr_carea' id='block_1_47' title="bbox 127 2316 879 2352">
    <p class='ocr_par' dir='ltr' id='par_1_47' title="bbox 127 2316 879 2352">
     <span class='ocr_line' id='line_1_47' title="bbox 127 2316 879 2352; baseline 0 -7"><span class='ocrx_word' id='word_1_350' title='bbox 127 2319 155 2347; x_wconf 77' lang='lat'><strong>3.</strong></span> <span class='ocrx_word' id='word_1_351' title='bbox 170 2316 250 2344; x_wconf 79' lang='lat' dir='ltr'><strong>Vides</strong></span> <span class='ocrx_word' id='word_1_352' title='bbox 261 2316 396 2352; x_wconf 90' lang='lat' dir='ltr'><strong>quomodo</strong></span> <span class='ocrx_word' id='word_1_353' title='bbox 417 2316 468 2345; x_wconf 90' lang='lat' dir='ltr'><strong>hoc</strong></span> <span class='ocrx_word' id='word_1_354' title='bbox 492 2316 628 2351; x_wconf 77' lang='lat' dir='ltr'><strong>negotium</strong></span> <span class='ocrx_word' id='word_1_355' title='bbox 649 2316 796 2350; x_wconf 83' lang='lat' dir='ltr'><strong>extulerit,</strong></span> <span class='ocrx_word' id='word_1_356' title='bbox 818 2325 879 2346; x_wconf 88' lang='lat' dir='ltr'><strong>cum</strong></span> 
     </span>
    </p>
   </div>
   <div class='ocr_carea' id='block_1_48' title="bbox 89 2361 881 2398">
    <p class='ocr_par' dir='ltr' id='par_1_48' title="bbox 89 2361 881 2398">
     <span class='ocr_line' id='line_1_48' title="bbox 89 2361 881 2398; baseline -0.003 -5"><span class='ocrx_word' id='word_1_357' title='bbox 89 2365 228 2393; x_wconf 81' lang='lat' dir='ltr'><strong>Christum</strong></span> <span class='ocrx_word' id='word_1_358' title='bbox 255 2363 342 2398; x_wconf 84' lang='lat' dir='ltr'><strong>ipsum</strong></span> <span class='ocrx_word' id='word_1_359' title='bbox 367 2363 560 2398; x_wconf 83' lang='lat' dir='ltr'><strong>supplicantem</strong></span> <span class='ocrx_word' id='word_1_360' title='bbox 584 2361 706 2395; x_wconf 86' lang='lat' dir='ltr'><strong>induxit;</strong></span> <span class='ocrx_word' id='word_1_361' title='bbox 738 2363 794 2391; x_wconf 91' lang='lat' dir='ltr'><strong>imo</strong></span> <span class='ocrx_word' id='word_1_362' title='bbox 827 2371 881 2391; x_wconf 90' lang='lat' dir='ltr'><strong>non</strong></span> 
     </span>
    </p>
   </div>
   <div class='ocr_carea' id='block_1_49' title="bbox 87 2406 881 2441">
    <p class='ocr_par' dir='ltr' id='par_1_49' title="bbox 87 2406 881 2441">
     <span class='ocr_line' id='line_1_49' title="bbox 87 2406 881 2441; baseline -0.001 -3"><span class='ocrx_word' id='word_1_363' title='bbox 87 2410 227 2438; x_wconf 86' lang='lat' dir='ltr'><strong>Christum</strong></span> <span class='ocrx_word' id='word_1_364' title='bbox 242 2408 347 2441; x_wconf 92' lang='lat' dir='ltr'><strong>solum,</strong></span> <span class='ocrx_word' id='word_1_365' title='bbox 367 2408 414 2436; x_wconf 87' lang='lat' dir='ltr'><strong>sed</strong></span> <span class='ocrx_word' id='word_1_366' title='bbox 433 2408 514 2436; x_wconf 81' lang='lat' dir='ltr'><strong>etiam</strong></span> <span class='ocrx_word' id='word_1_367' title='bbox 534 2406 664 2434; x_wconf 81' lang='lat' dir='ltr'><strong>Patrem?</strong></span> <span class='ocrx_word' id='word_1_368' title='bbox 686 2407 786 2436; x_wconf 89' lang='lat' dir='ltr'><strong>Horum</strong></span> <span class='ocrx_word' id='word_1_369' title='bbox 808 2409 881 2437; x_wconf 85' lang='lat' dir='ltr'><strong>enim</strong></span> 
     </span>
    </p>
   </div>
   <div class='ocr_carea' id='block_1_50' title="bbox 88 2450 880 2490">
    <p class='ocr_par' dir='ltr' id='par_1_50' title="bbox 88 2450 880 2490">
     <span class='ocr_line' id='line_1_50' title="bbox 88 2450 880 2490; baseline -0.001 -7"><span class='ocrx_word' id='word_1_370' title='bbox 88 2455 234 2483; x_wconf 86' lang='lat' dir='ltr'><strong>verborum</strong></span> <span class='ocrx_word' id='word_1_371' title='bbox 251 2452 295 2480; x_wconf 87' lang='lat' dir='ltr'><strong>hic</strong></span> <span class='ocrx_word' id='word_1_372' title='bbox 306 2460 400 2481; x_wconf 84' lang='lat' dir='ltr'><strong>sensus</strong></span> <span class='ocrx_word' id='word_1_373' title='bbox 415 2457 478 2481; x_wconf 85' lang='lat' dir='ltr'><strong>est:</strong></span> <span class='ocrx_word' id='word_1_374' title='bbox 500 2452 579 2479; x_wconf 82' lang='lat' dir='ltr'><strong>Pater</strong></span> <span class='ocrx_word' id='word_1_375' title='bbox 599 2450 697 2479; x_wconf 82' lang='lat' dir='ltr'><strong>Filium</strong></span> <span class='ocrx_word' id='word_1_376' title='bbox 722 2453 812 2488; x_wconf 84' lang='lat' dir='ltr'><strong>misit,</strong></span> <span class='ocrx_word' id='word_1_377' title='bbox 834 2455 880 2490; x_wconf 92' lang='lat' dir='ltr'><strong>qui</strong></span> 
     </span>
    </p>
   </div>
   <div class='ocr_carea' id='block_1_51' title="bbox 88 2498 880 2537">
    <p class='ocr_par' dir='ltr' id='par_1_51' title="bbox 88 2498 880 2537">
     <span class='ocr_line' id='line_1_51' title="bbox 88 2498 880 2537; baseline 0 -9"><span class='ocrx_word' id='word_1_378' title='bbox 88 2502 175 2537; x_wconf 80' lang='lat' dir='ltr'><strong>ipsius</strong></span> <span class='ocrx_word' id='word_1_379' title='bbox 194 2499 305 2527; x_wconf 85' lang='lat' dir='ltr'><strong>nomine</strong></span> <span class='ocrx_word' id='word_1_380' title='bbox 324 2499 526 2531; x_wconf 84' lang='lat' dir='ltr'><strong>exhortaretur,</strong></span> <span class='ocrx_word' id='word_1_381' title='bbox 545 2503 626 2534; x_wconf 88' lang='lat' dir='ltr'><strong>atque</strong></span> <span class='ocrx_word' id='word_1_382' title='bbox 648 2498 720 2535; x_wconf 88' lang='lat' dir='ltr'><strong>apud</strong></span> <span class='ocrx_word' id='word_1_383' title='bbox 742 2500 880 2528; x_wconf 88' lang='lat' dir='ltr'><strong>hominum</strong></span> 
     </span>
    </p>
   </div>
   <div class='ocr_carea' id='block_1_52' title="bbox 87 2543 880 2582">
    <p class='ocr_par' dir='ltr' id='par_1_52' title="bbox 87 2543 880 2582">
     <span class='ocr_line' id='line_1_52' title="bbox 87 2543 880 2582; baseline 0 -8"><span class='ocrx_word' id='word_1_384' title='bbox 87 2553 174 2582; x_wconf 74' lang='lat' dir='ltr'><strong>gentis</strong></span> <span class='ocrx_word' id='word_1_385' title='bbox 188 2543 328 2580; x_wconf 71' lang='lat' dir='ltr'><strong>legationis</strong></span> <span class='ocrx_word' id='word_1_386' title='bbox 340 2552 437 2572; x_wconf 85' lang='lat' dir='ltr'><strong>munus</strong></span> <span class='ocrx_word' id='word_1_387' title='bbox 451 2544 599 2578; x_wconf 82' lang='lat' dir='ltr'><strong>susciperet</strong></span> <span class='ocrx_word' id='word_1_388' title='bbox 613 2552 621 2570; x_wconf 91' lang='lat'><strong>:</strong></span> <span class='ocrx_word' id='word_1_389' title='bbox 635 2543 684 2571; x_wconf 87' lang='lat' dir='ltr'><strong>sed</strong></span> <span class='ocrx_word' id='word_1_390' title='bbox 697 2546 824 2580; x_wconf 88' lang='lat' dir='ltr'><strong>quoniam</strong></span> <span class='ocrx_word' id='word_1_391' title='bbox 834 2546 880 2574; x_wconf 87' lang='lat' dir='ltr'><strong>ille</strong></span> 
     </span>
    </p>
   </div>
   <div class='ocr_carea' id='block_1_53' title="bbox 87 2586 878 2625">
    <p class='ocr_par' dir='ltr' id='par_1_53' title="bbox 87 2586 878 2625">
     <span class='ocr_line' id='line_1_53' title="bbox 87 2586 878 2625; baseline 0 -6"><span class='ocrx_word' id='word_1_392' title='bbox 87 2586 202 2619; x_wconf 81' lang='lat' dir='ltr'><strong>necatus</strong></span> <span class='ocrx_word' id='word_1_393' title='bbox 225 2588 375 2622; x_wconf 82' lang='lat' dir='ltr'><strong>abscessit,</strong></span> <span class='ocrx_word' id='word_1_394' title='bbox 403 2597 453 2618; x_wconf 90' lang='lat' dir='ltr'><strong>nos</strong></span> <span class='ocrx_word' id='word_1_395' title='bbox 468 2589 599 2625; x_wconf 73' lang='lat' dir='ltr'><strong>legationi</strong></span> <span class='ocrx_word' id='word_1_396' title='bbox 621 2589 658 2616; x_wconf 89' lang='lat' dir='ltr'><strong>illi</strong></span> <span class='ocrx_word' id='word_1_397' title='bbox 680 2591 878 2625; x_wconf 86' lang='lat' dir='ltr'><strong>successimus,</strong></span> 
     </span>
    </p>
   </div>
   <div class='ocr_carea' id='block_1_54' title="bbox 86 2635 878 2674">
    <p class='ocr_par' dir='ltr' id='par_1_54' title="bbox 86 2635 878 2674">
     <span class='ocr_line' id='line_1_54' title="bbox 86 2635 878 2674; baseline 0.001 -10"><span class='ocrx_word' id='word_1_398' title='bbox 86 2643 170 2674; x_wconf 82' lang='lat' dir='ltr'><strong>atque</strong></span> <span class='ocrx_word' id='word_1_399' title='bbox 197 2640 225 2664; x_wconf 89' lang='lat' dir='ltr'><strong>et</strong></span> <span class='ocrx_word' id='word_1_400' title='bbox 249 2635 320 2663; x_wconf 86' lang='lat' dir='ltr'><strong>illius</strong></span> <span class='ocrx_word' id='word_1_401' title='bbox 340 2640 368 2663; x_wconf 83' lang='lat' dir='ltr'><strong>et</strong></span> <span class='ocrx_word' id='word_1_402' title='bbox 388 2636 475 2664; x_wconf 82' lang='lat' dir='ltr'><strong>Patris</strong></span> <span class='ocrx_word' id='word_1_403' title='bbox 497 2635 605 2663; x_wconf 85' lang='lat' dir='ltr'><strong>nomine</strong></span> <span class='ocrx_word' id='word_1_404' title='bbox 626 2642 675 2664; x_wconf 85' lang='lat' dir='ltr'><strong>vos</strong></span> <span class='ocrx_word' id='word_1_405' title='bbox 694 2635 878 2665; x_wconf 75' lang='lat' dir='ltr'><strong>exhortamur.</strong></span> 
     </span>
    </p>
   </div>
   <div class='ocr_carea' id='block_1_55' title="bbox 84 2680 877 2720">
    <p class='ocr_par' dir='ltr' id='par_1_55' title="bbox 84 2680 877 2720">
     <span class='ocr_line' id='line_1_55' title="bbox 84 2680 877 2720; baseline 0.001 -10"><span class='ocrx_word' id='word_1_406' title='bbox 84 2684 176 2720; x_wconf 71' lang='lat' dir='ltr'><strong>Tanto</strong></span> <span class='ocrx_word' id='word_1_407' title='bbox 189 2680 313 2708; x_wconf 85' lang='lat' dir='ltr'><strong>nimirum</strong></span> <span class='ocrx_word' id='word_1_408' title='bbox 327 2681 352 2708; x_wconf 93' lang='lat' dir='ltr'><strong>in</strong></span> <span class='ocrx_word' id='word_1_409' title='bbox 366 2682 452 2716; x_wconf 92' lang='lat' dir='ltr'><strong>pretio</strong></span> <span class='ocrx_word' id='word_1_410' title='bbox 465 2686 507 2709; x_wconf 89' lang='lat' dir='ltr'><strong>est</strong></span> <span class='ocrx_word' id='word_1_411' title='bbox 521 2681 592 2717; x_wconf 82' lang='lat' dir='ltr'><strong>apud</strong></span> <span class='ocrx_word' id='word_1_412' title='bbox 605 2688 666 2710; x_wconf 90' lang='lat' dir='ltr'><strong>eum</strong></span> <span class='ocrx_word' id='word_1_413' title='bbox 679 2681 816 2710; x_wconf 89' lang='lat' dir='ltr'><strong>hominum</strong></span> <span class='ocrx_word' id='word_1_414' title='bbox 829 2691 877 2718; x_wconf 89' lang='lat' dir='ltr'><strong>ge-</strong></span> 
     </span>
    </p>
   </div>
   <div class='ocr_carea' id='block_1_56' title="bbox 86 2725 877 2763">
    <p class='ocr_par' dir='ltr' id='par_1_56' title="bbox 86 2725 877 2763">
     <span class='ocr_line' id='line_1_56' title="bbox 86 2725 877 2763; baseline -0.001 -6"><span class='ocrx_word' id='word_1_415' title='bbox 86 2737 138 2757; x_wconf 88' lang='lat' dir='ltr'><strong>nus</strong></span> <span class='ocrx_word' id='word_1_416' title='bbox 150 2749 158 2761; x_wconf 83' lang='lat'><strong><em>.</em></strong></span> <span class='ocrx_word' id='word_1_417' title='bbox 174 2730 205 2755; x_wconf 91' lang='lat' dir='ltr'><strong>ut</strong></span> <span class='ocrx_word' id='word_1_418' title='bbox 215 2730 242 2754; x_wconf 89' lang='lat' dir='ltr'><strong>et</strong></span> <span class='ocrx_word' id='word_1_419' title='bbox 253 2725 350 2754; x_wconf 71' lang='lat' dir='ltr'><strong>Filium</strong></span> <span class='ocrx_word' id='word_1_420' title='bbox 364 2725 479 2760; x_wconf 88' lang='lat' dir='ltr'><strong>dederit,</strong></span> <span class='ocrx_word' id='word_1_421' title='bbox 494 2727 574 2763; x_wconf 89' lang='lat' dir='ltr'><strong>idque</strong></span> <span class='ocrx_word' id='word_1_422' title='bbox 586 2734 645 2755; x_wconf 88' lang='lat' dir='ltr'><strong>cum</strong></span> <span class='ocrx_word' id='word_1_423' title='bbox 658 2733 719 2754; x_wconf 89' lang='lat' dir='ltr'><strong>eum</strong></span> <span class='ocrx_word' id='word_1_424' title='bbox 732 2732 877 2756; x_wconf 83' lang='lat' dir='ltr'><strong>mactatum</strong></span> 
     </span>
    </p>
   </div>
   <div class='ocr_carea' id='block_1_57' title="bbox 85 2772 878 2808">
    <p class='ocr_par' dir='ltr' id='par_1_57' title="bbox 85 2772 878 2808">
     <span class='ocr_line' id='line_1_57' title="bbox 85 2772 878 2808; baseline 0 -6"><span class='ocrx_word' id='word_1_425' title='bbox 85 2775 120 2804; x_wconf 82' lang='lat' dir='ltr'><strong>iri</strong></span> <span class='ocrx_word' id='word_1_426' title='bbox 133 2774 232 2806; x_wconf 85' lang='lat' dir='ltr'><strong>sciret,</strong></span> <span class='ocrx_word' id='word_1_427' title='bbox 249 2776 278 2800; x_wconf 92' lang='lat' dir='ltr'><strong>et</strong></span> <span class='ocrx_word' id='word_1_428' title='bbox 289 2776 378 2800; x_wconf 84' lang='lat' dir='ltr'><strong>vestra</strong></span> <span class='ocrx_word' id='word_1_429' title='bbox 393 2780 473 2801; x_wconf 75' lang='lat' dir='ltr'><strong>causa</strong></span> <span class='ocrx_word' id='word_1_430' title='bbox 488 2780 537 2801; x_wconf 89' lang='lat' dir='ltr'><strong>nos</strong></span> <span class='ocrx_word' id='word_1_431' title='bbox 548 2772 684 2808; x_wconf 82' lang='lat' dir='ltr'><strong>apostolos</strong></span> <span class='ocrx_word' id='word_1_432' title='bbox 698 2773 805 2801; x_wconf 79' lang='lat' dir='ltr'><strong>crearit.</strong></span> <span class='ocrx_word' id='word_1_433' title='bbox 824 2774 878 2803; x_wconf 84' lang='lat' dir='ltr'><strong>Ita-</strong></span> 
     </span>
    </p>
   </div>
   <div class='ocr_carea' id='block_1_58' title="bbox 85 2817 877 2856">
    <p class='ocr_par' dir='ltr' id='par_1_58' title="bbox 85 2817 877 2856">
     <span class='ocr_line' id='line_1_58' title="bbox 85 2817 877 2856; baseline 0.001 -9"><span class='ocrx_word' id='word_1_434' title='bbox 85 2827 139 2856; x_wconf 90' lang='lat' dir='ltr'><strong>quc</strong></span> <span class='ocrx_word' id='word_1_435' title='bbox 158 2826 213 2847; x_wconf 90' lang='lat' dir='ltr'><strong>non</strong></span> <span class='ocrx_word' id='word_1_436' title='bbox 236 2817 285 2846; x_wconf 82' lang='lat' dir='ltr'><strong>abs</strong></span> <span class='ocrx_word' id='word_1_437' title='bbox 308 2825 339 2846; x_wconf 87' lang='lat' dir='ltr'><strong>re</strong></span> <span class='ocrx_word' id='word_1_438' title='bbox 362 2817 484 2852; x_wconf 82' lang='lat' dir='ltr'><strong>dicebat,</strong></span> <span class='ocrx_word' id='word_1_439' title='bbox 508 2818 601 2847; x_wconf 83' lang='lat' dir='ltr'><strong>Omnia</strong></span> <span class='ocrx_word' id='word_1_440' title='bbox 620 2823 724 2855; x_wconf 76' lang='lat' dir='ltr'><strong>propter</strong></span> <span class='ocrx_word' id='word_1_441' title='bbox 744 2826 797 2847; x_wconf 78' lang='lat' dir='ltr'><strong>nos.</strong></span> <span class='ocrx_word' id='word_1_442' title='bbox 823 2820 877 2849; x_wconf 86' lang='lat' dir='ltr'><strong>Pro</strong></span> 
     </span>
    </p>
   </div>
   <div class='ocr_carea' id='block_1_59' title="bbox 85 2863 876 2900">
    <p class='ocr_par' dir='ltr' id='par_1_59' title="bbox 85 2863 876 2900">
     <span class='ocr_line' id='line_1_59' title="bbox 85 2863 876 2900; baseline 0.001 -7"><span class='ocrx_word' id='word_1_443' title='bbox 85 2866 187 2893; x_wconf 79' lang='lat' dir='ltr'><strong>Christo</strong></span> <span class='ocrx_word' id='word_1_444' title='bbox 200 2863 276 2900; x_wconf 70' lang='lat' dir='ltr'><strong>igitur</strong></span> <span class='ocrx_word' id='word_1_445' title='bbox 284 2863 408 2899; x_wconf 73' lang='lat' dir='ltr'><strong>legatione</strong></span> <span class='ocrx_word' id='word_1_446' title='bbox 415 2865 563 2900; x_wconf 75' lang='lat' dir='ltr'><strong>fungimur;</strong></span> <span class='ocrx_word' id='word_1_447' title='bbox 571 2872 603 2892; x_wconf 89' lang='lat' dir='ltr'><strong>ac</strong></span> <span class='ocrx_word' id='word_1_448' title='bbox 617 2865 640 2893; x_wconf 90' lang='lat' dir='ltr'><strong>sl</strong></span> <span class='ocrx_word' id='word_1_449' title='bbox 653 2864 765 2897; x_wconf 83' lang='lat' dir='ltr'><strong>diceret.</strong></span> <span class='ocrx_word' id='word_1_450' title='bbox 777 2865 876 2894; x_wconf 83' lang='lat' dir='ltr'><strong>Christi</strong></span> 
     </span>
    </p>
   </div>
   <div class='ocr_carea' id='block_1_60' title="bbox 85 2908 873 2945">
    <p class='ocr_par' dir='ltr' id='par_1_60' title="bbox 85 2908 873 2945">
     <span class='ocr_line' id='line_1_60' title="bbox 85 2908 873 2945; baseline 0.003 -8"><span class='ocrx_word' id='word_1_451' title='bbox 85 2918 144 2940; x_wconf 73' lang='lat' dir='ltr'><strong>rice</strong></span> <span class='ocrx_word' id='word_1_452' title='bbox 160 2918 168 2939; x_wconf 89' lang='lat'><strong>:</strong></span> <span class='ocrx_word' id='word_1_453' title='bbox 184 2916 237 2937; x_wconf 89' lang='lat' dir='ltr'><strong>nou</strong></span> <span class='ocrx_word' id='word_1_454' title='bbox 249 2908 320 2938; x_wconf 87' lang='lat' dir='ltr'><strong>enim</strong></span> <span class='ocrx_word' id='word_1_455' title='bbox 333 2908 418 2945; x_wconf 86' lang='lat' dir='ltr'><strong>ipsius</strong></span> <span class='ocrx_word' id='word_1_456' title='bbox 430 2909 535 2938; x_wconf 87' lang='lat' dir='ltr'><strong>muneri</strong></span> <span class='ocrx_word' id='word_1_457' title='bbox 550 2909 738 2939; x_wconf 84' lang='lat' dir='ltr'><strong>successimus.</strong></span> <span class='ocrx_word' id='word_1_458' title='bbox 753 2909 830 2945; x_wconf 86' lang='lat' dir='ltr'><strong>Quod</strong></span> <span class='ocrx_word' id='word_1_459' title='bbox 851 2912 873 2939; x_wconf 88' lang='lat' dir='ltr'><strong>si</strong></span> 
     </span>
    </p>
   </div>
   <div class='ocr_carea' id='block_1_61' title="bbox 626 212 1198 242">
    <p class='ocr_par' dir='ltr' id='par_1_61' title="bbox 626 212 1198 242">
     <span class='ocr_line' id='line_1_61' title="bbox 626 212 1198 242; baseline -0.003 0"><span class='ocrx_word' id='word_1_460' title='bbox 626 214 658 242; x_wconf 75' lang='grc' dir='ltr'><strong>ΙΝ</strong></span> <span class='ocrx_word' id='word_1_461' title='bbox 679 214 784 242; x_wconf 76' lang='lat' dir='ltr'><strong>EPIST.</strong></span> <span class='ocrx_word' id='word_1_462' title='bbox 801 214 822 241; x_wconf 90' lang='lat' dir='ltr'><strong>ll</strong></span> <span class='ocrx_word' id='word_1_463' title='bbox 855 213 901 241; x_wconf 78' lang='lat' dir='ltr'><strong>AD</strong></span> <span class='ocrx_word' id='word_1_464' title='bbox 918 213 996 241; x_wconf 75' lang='grc' dir='ltr'>ωει.</span> <span class='ocrx_word' id='word_1_465' title='bbox 1017 212 1130 241; x_wconf 69' lang='grc' dir='ltr'>ιιοΜιιι.</span> <span class='ocrx_word' id='word_1_466' title='bbox 1151 212 1198 241; x_wconf 77' lang='lat' dir='ltr'><strong>Xl.</strong></span> 
     </span>
    </p>
   </div>
   <div class='ocr_carea' id='block_1_62' title="bbox 1679 214 1732 242">
    <p class='ocr_par' dir='ltr' id='par_1_62' title="bbox 1679 214 1732 242">
     <span class='ocr_line' id='line_1_62' title="bbox 1679 214 1732 242; baseline 0 0"><span class='ocrx_word' id='word_1_467' title='bbox 1679 214 1732 242; x_wconf 66' lang='grc' dir='ltr'>ιτα</span> 
     </span>
    </p>
   </div>
   <div class='ocr_carea' id='block_1_63' title="bbox 943 268 1731 306">
    <p class='ocr_par' dir='ltr' id='par_1_63' title="bbox 943 268 1731 306">
     <span class='ocr_line' id='line_1_63' title="bbox 943 268 1731 306; baseline 0.004 -11"><span class='ocrx_word' id='word_1_468' title='bbox 943 269 994 296; x_wconf 87' lang='lat' dir='ltr'><strong>hoc</strong></span> <span class='ocrx_word' id='word_1_469' title='bbox 1020 269 1233 304; x_wconf 75' lang='lat' dir='ltr'><strong>magniﬁcentius</strong></span> <span class='ocrx_word' id='word_1_470' title='bbox 1254 268 1391 303; x_wconf 82' lang='lat' dir='ltr'><strong>aliquanto</strong></span> <span class='ocrx_word' id='word_1_471' title='bbox 1415 269 1461 296; x_wconf 87' lang='lat' dir='ltr'><strong>tibi</strong></span> <span class='ocrx_word' id='word_1_472' title='bbox 1485 269 1587 298; x_wconf 82' lang='lat' dir='ltr'><strong>dictum</strong></span> <span class='ocrx_word' id='word_1_473' title='bbox 1609 271 1731 306; x_wconf 81' lang='lat' dir='ltr'><strong>videtur,</strong></span> 
     </span>
    </p>
   </div>
   <div class='ocr_carea' id='block_1_64' title="bbox 941 314 1731 350">
    <p class='ocr_par' dir='ltr' id='par_1_64' title="bbox 941 314 1731 350">
     <span class='ocr_line' id='line_1_64' title="bbox 941 314 1731 350; baseline 0.004 -9"><span class='ocrx_word' id='word_1_474' title='bbox 941 314 1077 350; x_wconf 70' lang='lat' dir='ltr'><strong>andiqum</strong></span> <span class='ocrx_word' id='word_1_475' title='bbox 1091 319 1238 350; x_wconf 87' lang='lat' dir='ltr'><strong>sequuntur</strong></span> <span class='ocrx_word' id='word_1_476' title='bbox 1250 334 1258 345; x_wconf 90' lang='lat'><strong>,</strong></span> <span class='ocrx_word' id='word_1_477' title='bbox 1272 322 1304 341; x_wconf 88' lang='lat' dir='ltr'><strong>cx</strong></span> <span class='ocrx_word' id='word_1_478' title='bbox 1317 314 1413 348; x_wconf 82' lang='lat' dir='ltr'><strong>quibus</strong></span> <span class='ocrx_word' id='word_1_479' title='bbox 1427 314 1559 346; x_wconf 80' lang='lat' dir='ltr'><strong>ostendit.</strong></span> <span class='ocrx_word' id='word_1_480' title='bbox 1584 315 1655 350; x_wconf 80' lang='lat' dir='ltr'><strong>quod</strong></span> <span class='ocrx_word' id='word_1_481' title='bbox 1677 324 1731 344; x_wconf 82' lang='lat' dir='ltr'><strong>non</strong></span> 
     </span>
    </p>
   </div>
   <div class='ocr_carea' id='block_1_65' title="bbox 941 359 1732 394">
    <p class='ocr_par' dir='ltr' id='par_1_65' title="bbox 941 359 1732 394">
     <span class='ocr_line' id='line_1_65' title="bbox 941 359 1732 394; baseline 0.003 -7"><span class='ocrx_word' id='word_1_482' title='bbox 941 359 1051 387; x_wconf 87' lang='lat' dir='ltr'><strong>Christo</strong></span> <span class='ocrx_word' id='word_1_483' title='bbox 1071 359 1226 391; x_wconf 79' lang='lat' dir='ltr'><strong>dumtaxat,</strong></span> <span class='ocrx_word' id='word_1_484' title='bbox 1248 359 1295 386; x_wconf 89' lang='lat' dir='ltr'><strong>sed</strong></span> <span class='ocrx_word' id='word_1_485' title='bbox 1316 359 1388 386; x_wconf 69' lang='lat' dir='ltr'><strong>Patri</strong></span> <span class='ocrx_word' id='word_1_486' title='bbox 1412 367 1518 394; x_wconf 84' lang='lat' dir='ltr'><strong>quoque</strong></span> <span class='ocrx_word' id='word_1_487' title='bbox 1539 359 1591 388; x_wconf 84' lang='lat' dir='ltr'><strong>hoc</strong></span> <span class='ocrx_word' id='word_1_488' title='bbox 1622 360 1732 389; x_wconf 74' lang='lat' dir='ltr'><strong>facium.</strong></span> 
     </span>
    </p>
   </div>
   <div class='ocr_carea' id='block_1_66' title="bbox 941 403 1735 440">
    <p class='ocr_par' dir='ltr' id='par_1_66' title="bbox 941 403 1735 440">
     <span class='ocr_line' id='line_1_66' title="bbox 941 403 1735 440; baseline 0.003 -8"><span class='ocrx_word' id='word_1_489' title='bbox 941 404 1007 432; x_wconf 80' lang='lat' dir='ltr'><strong>Nam</strong></span> <span class='ocrx_word' id='word_1_490' title='bbox 1020 404 1056 433; x_wconf 86' lang='lat' dir='ltr'><strong>ob</strong></span> <span class='ocrx_word' id='word_1_491' title='bbox 1069 404 1095 432; x_wconf 85' lang='lat' dir='ltr'><strong>id</strong></span> <span class='ocrx_word' id='word_1_492' title='bbox 1109 404 1189 432; x_wconf 89' lang='lat' dir='ltr'><strong>etiam</strong></span> <span class='ocrx_word' id='word_1_493' title='bbox 1201 404 1331 439; x_wconf 82' lang='lat' dir='ltr'><strong>adjunxit,</strong></span> <span class='ocrx_word' id='word_1_494' title='bbox 1346 403 1484 440; x_wconf 76' lang='lat' dir='ltr'><strong>Tamquam</strong></span> <span class='ocrx_word' id='word_1_495' title='bbox 1498 404 1550 432; x_wconf 81' lang='lat' dir='ltr'><strong>Deo</strong></span> <span class='ocrx_word' id='word_1_496' title='bbox 1565 413 1610 440; x_wconf 80' lang='lat' dir='ltr'><strong>per</strong></span> <span class='ocrx_word' id='word_1_497' title='bbox 1621 413 1668 433; x_wconf 88' lang='lat' dir='ltr'><strong>nos</strong></span> <span class='ocrx_word' id='word_1_498' title='bbox 1689 415 1735 434; x_wconf 74' lang='lat' dir='ltr'><strong>ea:-</strong></span> 
     </span>
    </p>
   </div>
   <div class='ocr_carea' id='block_1_67' title="bbox 942 443 1732 485">
    <p class='ocr_par' dir='ltr' id='par_1_67' title="bbox 942 443 1732 485">
     <span class='ocr_line' id='line_1_67' title="bbox 942 443 1732 485; baseline 0.003 -8"><span class='ocrx_word' id='word_1_499' title='bbox 942 451 1069 478; x_wconf 81' lang='lat' dir='ltr'><strong>hortante.</strong></span> <span class='ocrx_word' id='word_1_500' title='bbox 1083 450 1143 479; x_wconf 84' lang='lat' dir='ltr'><strong>Non</strong></span> <span class='ocrx_word' id='word_1_501' title='bbox 1157 450 1229 478; x_wconf 84' lang='lat' dir='ltr'><strong>enim</strong></span> <span class='ocrx_word' id='word_1_502' title='bbox 1245 458 1293 485; x_wconf 86' lang='lat' dir='ltr'><strong>per</strong></span> <span class='ocrx_word' id='word_1_503' title='bbox 1313 449 1411 478; x_wconf 85' lang='lat' dir='ltr'><strong>Filiqu</strong></span> <span class='ocrx_word' id='word_1_504' title='bbox 1437 443 1657 485; x_wconf 67' lang='lat' dir='ltr'><strong>tanturn‘suum,</strong></span> <span class='ocrx_word' id='word_1_505' title='bbox 1683 451 1732 479; x_wconf 79' lang='lat' dir='ltr'><strong>scd</strong></span> 
     </span>
    </p>
   </div>
   <div class='ocr_carea' id='block_1_68' title="bbox 941 494 1732 531">
    <p class='ocr_par' dir='ltr' id='par_1_68' title="bbox 941 494 1732 531">
     <span class='ocr_line' id='line_1_68' title="bbox 941 494 1732 531; baseline 0 -8"><span class='ocrx_word' id='word_1_506' title='bbox 941 500 968 523; x_wconf 84' lang='lat' dir='ltr'><strong>et</strong></span> <span class='ocrx_word' id='word_1_507' title='bbox 983 503 1033 531; x_wconf 84' lang='lat' dir='ltr'><strong>per</strong></span> <span class='ocrx_word' id='word_1_508' title='bbox 1047 503 1096 523; x_wconf 88' lang='lat' dir='ltr'><strong>nos</strong></span> <span class='ocrx_word' id='word_1_509' title='bbox 1107 502 1213 531; x_wconf 87' lang='lat' dir='ltr'><strong>quoque</strong></span> <span class='ocrx_word' id='word_1_510' title='bbox 1225 516 1233 527; x_wconf 95' lang='lat'><strong>,</strong></span> <span class='ocrx_word' id='word_1_511' title='bbox 1248 495 1293 530; x_wconf 85' lang='lat' dir='ltr'><strong>qui</strong></span> <span class='ocrx_word' id='word_1_512' title='bbox 1308 494 1394 529; x_wconf 82' lang='lat' dir='ltr'><strong>ipsius</strong></span> <span class='ocrx_word' id='word_1_513' title='bbox 1412 496 1517 522; x_wconf 88' lang='lat' dir='ltr'><strong>tnuneri</strong></span> <span class='ocrx_word' id='word_1_514' title='bbox 1539 496 1732 529; x_wconf 80' lang='lat' dir='ltr'><strong>successimus,</strong></span> 
     </span>
    </p>
   </div>
   <div class='ocr_carea' id='block_1_69' title="bbox 941 539 1733 574">
    <p class='ocr_par' dir='ltr' id='par_1_69' title="bbox 941 539 1733 574">
     <span class='ocr_line' id='line_1_69' title="bbox 941 539 1733 574; baseline 0.001 -6"><span class='ocrx_word' id='word_1_515' title='bbox 941 540 1124 568; x_wconf 84' lang='lat' dir='ltr'><strong>exltortamur.</strong></span> <span class='ocrx_word' id='word_1_516' title='bbox 1140 539 1319 574; x_wconf 84' lang='lat' dir='ltr'><strong>Quamobrem</strong></span> <span class='ocrx_word' id='word_1_517' title='bbox 1332 548 1367 568; x_wconf 87' lang='lat' dir='ltr'><strong>ne</strong></span> <span class='ocrx_word' id='word_1_518' title='bbox 1379 540 1539 568; x_wconf 79' lang='lat' dir='ltr'><strong>existimetis</strong></span> <span class='ocrx_word' id='word_1_519' title='bbox 1552 549 1599 569; x_wconf 89' lang='lat' dir='ltr'><strong>vos</strong></span> <span class='ocrx_word' id='word_1_520' title='bbox 1621 549 1636 568; x_wconf 88' lang='lat' dir='ltr'><strong>a</strong></span> <span class='ocrx_word' id='word_1_521' title='bbox 1655 542 1733 569; x_wconf 87' lang='lat' dir='ltr'><strong>nobis</strong></span> 
     </span>
    </p>
   </div>
   <div class='ocr_carea' id='block_1_70' title="bbox 941 585 1733 623">
    <p class='ocr_par' dir='ltr' id='par_1_70' title="bbox 941 585 1733 623">
     <span class='ocr_line' id='line_1_70' title="bbox 941 585 1733 623; baseline 0.001 -9"><span class='ocrx_word' id='word_1_522' title='bbox 941 587 1030 622; x_wconf 82' lang='lat' dir='ltr'><strong>rogari</strong></span> <span class='ocrx_word' id='word_1_523' title='bbox 1045 595 1054 614; x_wconf 91' lang='lat'>:</span> <span class='ocrx_word' id='word_1_524' title='bbox 1067 586 1192 614; x_wconf 86' lang='lat' dir='ltr'><strong>Christus</strong></span> <span class='ocrx_word' id='word_1_525' title='bbox 1203 586 1261 621; x_wconf 78' lang='lat' dir='ltr'><strong>ipse</strong></span> <span class='ocrx_word' id='word_1_526' title='bbox 1276 593 1324 614; x_wconf 83' lang='lat' dir='ltr'><strong>vos</strong></span> <span class='ocrx_word' id='word_1_527' title='bbox 1333 590 1408 620; x_wconf 77' lang='lat' dir='ltr'><strong>rogat</strong></span> <span class='ocrx_word' id='word_1_528' title='bbox 1419 606 1428 619; x_wconf 90' lang='lat'><strong>,</strong></span> <span class='ocrx_word' id='word_1_529' title='bbox 1443 585 1525 614; x_wconf 81' lang='lat' dir='ltr'><strong>Pater</strong></span> <span class='ocrx_word' id='word_1_530' title='bbox 1543 587 1601 623; x_wconf 82' lang='lat' dir='ltr'><strong>ipse</strong></span> <span class='ocrx_word' id='word_1_531' title='bbox 1614 595 1663 623; x_wconf 84' lang='lat' dir='ltr'><strong>per</strong></span> <span class='ocrx_word' id='word_1_532' title='bbox 1682 595 1733 615; x_wconf 86' lang='lat' dir='ltr'><strong>nos</strong></span> 
     </span>
    </p>
   </div>
   <div class='ocr_carea' id='block_1_71' title="bbox 942 631 1735 669">
    <p class='ocr_par' dir='ltr' id='par_1_71' title="bbox 942 631 1735 669">
     <span class='ocr_line' id='line_1_71' title="bbox 942 631 1735 669; baseline 0.003 -11"><span class='ocrx_word' id='word_1_533' title='bbox 942 639 993 659; x_wconf 83' lang='lat' dir='ltr'><strong>vos</strong></span> <span class='ocrx_word' id='word_1_534' title='bbox 1003 636 1071 659; x_wconf 84' lang='lat' dir='ltr'><strong>orat.</strong></span> <span class='ocrx_word' id='word_1_535' title='bbox 1085 631 1188 667; x_wconf 82' lang='lat' dir='ltr'><strong>Ecquid</strong></span> <span class='ocrx_word' id='word_1_536' title='bbox 1202 631 1326 667; x_wconf 86' lang='lat' dir='ltr'><strong>estquod</strong></span> <span class='ocrx_word' id='word_1_537' title='bbox 1339 638 1402 659; x_wconf 86' lang='lat' dir='ltr'><strong>cum</strong></span> <span class='ocrx_word' id='word_1_538' title='bbox 1420 635 1473 658; x_wconf 82' lang='lat' dir='ltr'><strong>tam</strong></span> <span class='ocrx_word' id='word_1_539' title='bbox 1492 632 1589 659; x_wconf 83' lang='lat' dir='ltr'><strong>eximia</strong></span> <span class='ocrx_word' id='word_1_540' title='bbox 1611 633 1735 669; x_wconf 75' lang='lat' dir='ltr'><strong>benigni-</strong></span> 
     </span>
    </p>
   </div>
   <div class='ocr_carea' id='block_1_72' title="bbox 941 676 1731 712">
    <p class='ocr_par' dir='ltr' id='par_1_72' title="bbox 941 676 1731 712">
     <span class='ocr_line' id='line_1_72' title="bbox 941 676 1731 712; baseline 0.001 -7"><span class='ocrx_word' id='word_1_541' title='bbox 941 681 997 705; x_wconf 78' lang='lat' dir='ltr'><strong>tate</strong></span> <span class='ocrx_word' id='word_1_542' title='bbox 1007 677 1123 705; x_wconf 79' lang='lat' dir='ltr'><strong>conferri</strong></span> <span class='ocrx_word' id='word_1_543' title='bbox 1143 677 1244 711; x_wconf 76' lang='lat' dir='ltr'><strong>possit?</strong></span> <span class='ocrx_word' id='word_1_544' title='bbox 1264 676 1325 712; x_wconf 85' lang='lat' dir='ltr'><strong>Ipse</strong></span> <span class='ocrx_word' id='word_1_545' title='bbox 1345 676 1417 704; x_wconf 87' lang='lat' dir='ltr'><strong>enim</strong></span> <span class='ocrx_word' id='word_1_546' title='bbox 1440 681 1500 711; x_wconf 89' lang='lat' dir='ltr'><strong>post</strong></span> <span class='ocrx_word' id='word_1_547' title='bbox 1521 677 1660 705; x_wconf 85' lang='lat' dir='ltr'><strong>innumera</strong></span> <span class='ocrx_word' id='word_1_548' title='bbox 1683 686 1731 706; x_wconf 91' lang='lat' dir='ltr'><strong>sua</strong></span> 
     </span>
    </p>
   </div>
   <div class='ocr_carea' id='block_1_73' title="bbox 940 722 1734 759">
    <p class='ocr_par' dir='ltr' id='par_1_73' title="bbox 940 722 1734 759">
     <span class='ocr_line' id='line_1_73' title="bbox 940 722 1734 759; baseline 0 -8"><span class='ocrx_word' id='word_1_549' title='bbox 940 723 1070 751; x_wconf 76' lang='lat' dir='ltr'><strong>beneﬁcia</strong></span> <span class='ocrx_word' id='word_1_550' title='bbox 1082 723 1252 751; x_wconf 86' lang='lat' dir='ltr'><strong>contumeliis</strong></span> <span class='ocrx_word' id='word_1_551' title='bbox 1263 722 1384 754; x_wconf 71' lang='lat' dir='ltr'><strong>allectus,</strong></span> <span class='ocrx_word' id='word_1_552' title='bbox 1404 730 1456 751; x_wconf 90' lang='lat' dir='ltr'><strong>non</strong></span> <span class='ocrx_word' id='word_1_553' title='bbox 1470 722 1549 750; x_wconf 88' lang='lat' dir='ltr'><strong>modo</strong></span> <span class='ocrx_word' id='word_1_554' title='bbox 1571 723 1657 751; x_wconf 82' lang='lat' dir='ltr'><strong>nullas</strong></span> <span class='ocrx_word' id='word_1_555' title='bbox 1675 732 1734 759; x_wconf 71' lang='lat' dir='ltr'><strong>pas-</strong></span> 
     </span>
    </p>
   </div>
   <div class='ocr_carea' id='block_1_74' title="bbox 941 768 1732 804">
    <p class='ocr_par' dir='ltr' id='par_1_74' title="bbox 941 768 1732 804">
     <span class='ocr_line' id='line_1_74' title="bbox 941 768 1732 804; baseline 0.001 -8"><span class='ocrx_word' id='word_1_556' title='bbox 941 776 991 796; x_wconf 80' lang='lat' dir='ltr'><strong>nas</strong></span> <span class='ocrx_word' id='word_1_557' title='bbox 1003 769 1128 801; x_wconf 85' lang='lat' dir='ltr'><strong>sumpsit,</strong></span> <span class='ocrx_word' id='word_1_558' title='bbox 1146 776 1238 797; x_wconf 83' lang='lat' dir='ltr'><strong>vennn</strong></span> <span class='ocrx_word' id='word_1_559' title='bbox 1250 768 1331 797; x_wconf 83' lang='lat' dir='ltr'><strong>etiam</strong></span> <span class='ocrx_word' id='word_1_560' title='bbox 1343 768 1440 796; x_wconf 83' lang='lat' dir='ltr'><strong>Filium</strong></span> <span class='ocrx_word' id='word_1_561' title='bbox 1450 776 1527 796; x_wconf 85' lang='lat' dir='ltr'><strong>suum</strong></span> <span class='ocrx_word' id='word_1_562' title='bbox 1542 769 1626 802; x_wconf 89' lang='lat' dir='ltr'><strong>dedit,</strong></span> <span class='ocrx_word' id='word_1_563' title='bbox 1638 775 1666 797; x_wconf 90' lang='lat' dir='ltr'><strong>ut</strong></span> <span class='ocrx_word' id='word_1_564' title='bbox 1680 771 1732 804; x_wconf 78' lang='lat' dir='ltr'><strong>ipsi</strong></span> 
     </span>
    </p>
   </div>
   <div class='ocr_carea' id='block_1_75' title="bbox 941 811 1731 849">
    <p class='ocr_par' dir='ltr' id='par_1_75' title="bbox 941 811 1731 849">
     <span class='ocr_line' id='line_1_75' title="bbox 941 811 1731 849; baseline 0.001 -8"><span class='ocrx_word' id='word_1_565' title='bbox 941 811 1156 842; x_wconf 84' lang='lat' dir='ltr'><strong>reconciliemur.</strong></span> <span class='ocrx_word' id='word_1_566' title='bbox 1169 814 1220 849; x_wconf 88' lang='lat' dir='ltr'><strong>Qui</strong></span> <span class='ocrx_word' id='word_1_567' title='bbox 1232 819 1322 841; x_wconf 89' lang='lat' dir='ltr'><strong>autem</strong></span> <span class='ocrx_word' id='word_1_568' title='bbox 1337 821 1399 842; x_wconf 90' lang='lat' dir='ltr'><strong>eum</strong></span> <span class='ocrx_word' id='word_1_569' title='bbox 1422 819 1601 849; x_wconf 86' lang='lat' dir='ltr'><strong>acceperunt,</strong></span> <span class='ocrx_word' id='word_1_570' title='bbox 1623 815 1690 843; x_wconf 85' lang='lat' dir='ltr'><strong>adeo</strong></span> <span class='ocrx_word' id='word_1_571' title='bbox 1704 816 1731 842; x_wconf 90' lang='lat' dir='ltr'><strong>in</strong></span> 
     </span>
    </p>
   </div>
   <div class='ocr_carea' id='block_1_76' title="bbox 938 859 1734 895">
    <p class='ocr_par' dir='ltr' id='par_1_76' title="bbox 938 859 1734 895">
     <span class='ocr_line' id='line_1_76' title="bbox 938 859 1734 895; baseline 0.001 -8"><span class='ocrx_word' id='word_1_572' title='bbox 938 860 1051 895; x_wconf 77' lang='lat' dir='ltr'><strong>gratiam</strong></span> <span class='ocrx_word' id='word_1_573' title='bbox 1067 859 1156 887; x_wconf 84' lang='lat' dir='ltr'><strong>reduci</strong></span> <span class='ocrx_word' id='word_1_574' title='bbox 1169 867 1223 887; x_wconf 87' lang='lat' dir='ltr'><strong>non</strong></span> <span class='ocrx_word' id='word_1_575' title='bbox 1243 864 1387 892; x_wconf 88' lang='lat' dir='ltr'><strong>curarunt,</strong></span> <span class='ocrx_word' id='word_1_576' title='bbox 1412 863 1441 886; x_wconf 90' lang='lat' dir='ltr'><strong>ut</strong></span> <span class='ocrx_word' id='word_1_577' title='bbox 1459 861 1540 887; x_wconf 85' lang='lat' dir='ltr'><strong>etiam</strong></span> <span class='ocrx_word' id='word_1_578' title='bbox 1560 867 1621 888; x_wconf 83' lang='lat' dir='ltr'><strong>eum</strong></span> <span class='ocrx_word' id='word_1_579' title='bbox 1647 865 1734 888; x_wconf 83' lang='lat' dir='ltr'><strong>morte</strong></span> 
     </span>
    </p>
   </div>
   <div class='ocr_carea' id='block_1_77' title="bbox 939 903 1733 941">
    <p class='ocr_par' dir='ltr' id='par_1_77' title="bbox 939 903 1733 941">
     <span class='ocr_line' id='line_1_77' title="bbox 939 903 1733 941; baseline 0 -9"><span class='ocrx_word' id='word_1_580' title='bbox 939 904 1088 932; x_wconf 69' lang='lat' dir='ltr'><strong>aﬂecerint.</strong></span> <span class='ocrx_word' id='word_1_581' title='bbox 1103 904 1218 931; x_wconf 76' lang='lat' dir='ltr'><strong>Rursum</strong></span> <span class='ocrx_word' id='word_1_582' title='bbox 1233 904 1301 932; x_wconf 80' lang='lat' dir='ltr'><strong>alios</strong></span> <span class='ocrx_word' id='word_1_583' title='bbox 1321 904 1512 938; x_wconf 78' lang='lat' dir='ltr'><strong>deprecatores</strong></span> <span class='ocrx_word' id='word_1_584' title='bbox 1532 903 1625 938; x_wconf 76' lang='lat' dir='ltr'><strong>misit,-</strong></span> <span class='ocrx_word' id='word_1_585' title='bbox 1646 906 1733 941; x_wconf 77' lang='lat' dir='ltr'><strong>iisque</strong></span> 
     </span>
    </p>
   </div>
   <div class='ocr_carea' id='block_1_78' title="bbox 939 949 1733 985">
    <p class='ocr_par' dir='ltr' id='par_1_78' title="bbox 939 949 1733 985">
     <span class='ocr_line' id='line_1_78' title="bbox 939 949 1733 985; baseline -0.001 -7"><span class='ocrx_word' id='word_1_586' title='bbox 939 951 1040 983; x_wconf 84' lang='lat' dir='ltr'><strong>missis,</strong></span> <span class='ocrx_word' id='word_1_587' title='bbox 1055 950 1114 985; x_wconf 84' lang='lat' dir='ltr'><strong>ipse</strong></span> <span class='ocrx_word' id='word_1_588' title='bbox 1127 955 1169 977; x_wconf 84' lang='lat' dir='ltr'><strong>est</strong></span> <span class='ocrx_word' id='word_1_589' title='bbox 1182 950 1228 985; x_wconf 90' lang='lat' dir='ltr'><strong>qui</strong></span> <span class='ocrx_word' id='word_1_590' title='bbox 1241 954 1327 985; x_wconf 83' lang='lat' dir='ltr'><strong>rogat.</strong></span> <span class='ocrx_word' id='word_1_591' title='bbox 1340 949 1409 985; x_wconf 81' lang='lat' dir='ltr'><strong>Quid</strong></span> <span class='ocrx_word' id='word_1_592' title='bbox 1424 955 1512 977; x_wconf 87' lang='lat' dir='ltr'><strong>autem</strong></span> <span class='ocrx_word' id='word_1_593' title='bbox 1524 950 1616 985; x_wconf 74' lang='lat' dir='ltr'><strong>rogat?</strong></span> <span class='ocrx_word' id='word_1_594' title='bbox 1631 950 1733 979; x_wconf 73' lang='lat' dir='ltr'><strong>Recon-</strong></span> 
     </span>
    </p>
   </div>
   <div class='ocr_carea' id='block_1_79' title="bbox 939 994 1740 1034">
    <p class='ocr_par' dir='ltr' id='par_1_79' title="bbox 939 994 1740 1034">
     <span class='ocr_line' id='line_1_79' title="bbox 939 994 1740 1034; baseline 0.004 -12"><span class='ocrx_word' id='word_1_595' title='bbox 939 995 1064 1023; x_wconf 81' lang='lat' dir='ltr'><strong>eiliamt&#39;m&#39;</strong></span> <span class='ocrx_word' id='word_1_596' title='bbox 1077 994 1140 1023; x_wconf 80' lang='lat' dir='ltr'><strong>Deo.</strong></span> <span class='ocrx_word' id='word_1_597' title='bbox 1164 994 1222 1022; x_wconf 81' lang='lat' dir='ltr'><strong>Nou</strong></span> <span class='ocrx_word' id='word_1_598' title='bbox 1243 995 1326 1027; x_wconf 84' lang='lat' dir='ltr'><strong>dixit,</strong></span> <span class='ocrx_word' id='word_1_599' title='bbox 1348 995 1396 1023; x_wconf 84' lang='lat' dir='ltr'><strong>Dei</strong></span> <span class='ocrx_word' id='word_1_600' title='bbox 1418 995 1533 1030; x_wconf 86' lang='lat' dir='ltr'><strong>gratiam</strong></span> <span class='ocrx_word' id='word_1_601' title='bbox 1555 1001 1740 1034; x_wconf 54' lang='lat' dir='ltr'><strong>recuperate;</strong></span> 
     </span>
    </p>
   </div>
   <div class='ocr_carea' id='block_1_80' title="bbox 941 1040 1727 1077">
    <p class='ocr_par' dir='ltr' id='par_1_80' title="bbox 941 1040 1727 1077">
     <span class='ocr_line' id='line_1_80' title="bbox 941 1040 1727 1077; baseline 0 -8"><span class='ocrx_word' id='word_1_602' title='bbox 941 1048 1030 1077; x_wconf 86' lang='lat' dir='ltr'><strong>neque</strong></span> <span class='ocrx_word' id='word_1_603' title='bbox 1044 1040 1115 1069; x_wconf 90' lang='lat' dir='ltr'><strong>enim</strong></span> <span class='ocrx_word' id='word_1_604' title='bbox 1129 1041 1186 1076; x_wconf 89' lang='lat' dir='ltr'><strong>ipse</strong></span> <span class='ocrx_word' id='word_1_605' title='bbox 1198 1045 1241 1068; x_wconf 90' lang='lat' dir='ltr'><strong>cst</strong></span> <span class='ocrx_word' id='word_1_606' title='bbox 1251 1041 1297 1076; x_wconf 90' lang='lat' dir='ltr'><strong>qui</strong></span> <span class='ocrx_word' id='word_1_607' title='bbox 1310 1041 1463 1069; x_wconf 87' lang='lat' dir='ltr'><strong>inimicitias</strong></span> <span class='ocrx_word' id='word_1_608' title='bbox 1481 1041 1571 1076; x_wconf 85' lang='lat' dir='ltr'><strong>gerit.</strong></span> <span class='ocrx_word' id='word_1_609' title='bbox 1592 1041 1639 1069; x_wconf 82' lang='lat' dir='ltr'><strong>sed</strong></span> <span class='ocrx_word' id='word_1_610' title='bbox 1658 1050 1706 1070; x_wconf 85' lang='lat' dir='ltr'><strong>vos</strong></span> <span class='ocrx_word' id='word_1_611' title='bbox 1719 1050 1727 1069; x_wconf 91' lang='lat'>:</span> 
     </span>
    </p>
   </div>
   <div class='ocr_carea' id='block_1_81' title="bbox 940 1086 1732 1125">
    <p class='ocr_par' dir='ltr' id='par_1_81' title="bbox 940 1086 1732 1125">
     <span class='ocr_line' id='line_1_81' title="bbox 940 1086 1732 1125; baseline 0 -10"><span class='ocrx_word' id='word_1_612' title='bbox 940 1087 1011 1115; x_wconf 82' lang='lat' dir='ltr'><strong>Deus</strong></span> <span class='ocrx_word' id='word_1_613' title='bbox 1023 1087 1121 1122; x_wconf 82' lang='lat' dir='ltr'><strong>quippe</strong></span> <span class='ocrx_word' id='word_1_614' title='bbox 1135 1094 1279 1125; x_wconf 83' lang='lat' dir='ltr'><strong>numquam</strong></span> <span class='ocrx_word' id='word_1_615' title='bbox 1292 1086 1445 1115; x_wconf 82' lang='lat' dir='ltr'><strong>inimicitias</strong></span> <span class='ocrx_word' id='word_1_616' title='bbox 1458 1088 1537 1122; x_wconf 84' lang='lat' dir='ltr'><strong>gerit.</strong></span> <span class='ocrx_word' id='word_1_617' title='bbox 1552 1088 1641 1123; x_wconf 80' lang='lat' dir='ltr'><strong>Atque</strong></span> <span class='ocrx_word' id='word_1_618' title='bbox 1650 1088 1732 1115; x_wconf 83' lang='lat' dir='ltr'><strong>etiam</strong></span> 
     </span>
    </p>
   </div>
   <div class='ocr_carea' id='block_1_82' title="bbox 940 1127 1732 1168">
    <p class='ocr_par' dir='ltr' id='par_1_82' title="bbox 940 1127 1732 1168">
     <span class='ocr_line' id='line_1_82' title="bbox 940 1127 1732 1168; baseline 0.003 -9"><span class='ocrx_word' id='word_1_619' title='bbox 940 1137 970 1160; x_wconf 91' lang='lat' dir='ltr'><strong>ut</strong></span> <span class='ocrx_word' id='word_1_620' title='bbox 983 1132 1088 1166; x_wconf 77' lang='lat' dir='ltr'><strong>legatus</strong></span> <span class='ocrx_word' id='word_1_621' title='bbox 1097 1132 1206 1165; x_wconf 86' lang='lat' dir='ltr'><strong>missus,</strong></span> <span class='ocrx_word' id='word_1_622' title='bbox 1217 1132 1326 1160; x_wconf 84' lang='lat' dir='ltr'><strong>causam</strong></span> <span class='ocrx_word' id='word_1_623' title='bbox 1336 1127 1500 1168; x_wconf 78' lang='lat' dir='ltr'><strong>disceptans.</strong></span> <span class='ocrx_word' id='word_1_624' title='bbox 1514 1133 1559 1160; x_wconf 73' lang='grc'><strong>21.</strong></span> <span class='ocrx_word' id='word_1_625' title='bbox 1575 1132 1642 1160; x_wconf 70' lang='lat' dir='ltr'><strong>Eum</strong></span> <span class='ocrx_word' id='word_1_626' title='bbox 1653 1134 1732 1168; x_wconf 79' lang='lat' dir='ltr'><strong>enim,</strong></span> 
     </span>
    </p>
   </div>
   <div class='ocr_carea' id='block_1_83' title="bbox 939 1177 1733 1215">
    <p class='ocr_par' dir='ltr' id='par_1_83' title="bbox 939 1177 1733 1215">
     <span class='ocr_line' id='line_1_83' title="bbox 939 1177 1733 1215; baseline 0.001 -10"><span class='ocrx_word' id='word_1_627' title='bbox 939 1177 1034 1212; x_wconf 85' lang='lat' dir='ltr'><strong>inquit,</strong></span> <span class='ocrx_word' id='word_1_628' title='bbox 1048 1177 1093 1212; x_wconf 75' lang='lat' dir='ltr'><strong>qui</strong></span> <span class='ocrx_word' id='word_1_629' title='bbox 1103 1185 1154 1205; x_wconf 82' lang='lat' dir='ltr'><strong>non</strong></span> <span class='ocrx_word' id='word_1_630' title='bbox 1167 1183 1270 1205; x_wconf 75' lang='lat' dir='ltr'><strong>noverat</strong></span> <span class='ocrx_word' id='word_1_631' title='bbox 1283 1183 1430 1215; x_wconf 72' lang='lat' dir='ltr'><strong>peceatum,</strong></span> <span class='ocrx_word' id='word_1_632' title='bbox 1450 1187 1497 1214; x_wconf 79' lang='lat' dir='ltr'><strong>pro</strong></span> <span class='ocrx_word' id='word_1_633' title='bbox 1511 1178 1581 1206; x_wconf 76' lang='lat' dir='ltr'><strong>nobis</strong></span> <span class='ocrx_word' id='word_1_634' title='bbox 1602 1184 1733 1213; x_wconf 69' lang='lat' dir='ltr'><strong>percolunt</strong></span> 
     </span>
    </p>
   </div>
   <div class='ocr_carea' id='block_1_84' title="bbox 940 1221 1733 1259">
    <p class='ocr_par' dir='ltr' id='par_1_84' title="bbox 940 1221 1733 1259">
     <span class='ocr_line' id='line_1_84' title="bbox 940 1221 1733 1259; baseline 0.005 -11"><span class='ocrx_word' id='word_1_635' title='bbox 940 1222 1009 1257; x_wconf 77' lang='lat' dir='ltr'><strong>fecit.</strong></span> <span class='ocrx_word' id='word_1_636' title='bbox 1020 1221 1078 1250; x_wconf 86' lang='lat' dir='ltr'><strong>Non</strong></span> <span class='ocrx_word' id='word_1_637' title='bbox 1092 1222 1181 1256; x_wconf 89' lang='lat' dir='ltr'><strong>priora</strong></span> <span class='ocrx_word' id='word_1_638' title='bbox 1194 1222 1266 1256; x_wconf 90' lang='lat' dir='ltr'><strong>dico,</strong></span> <span class='ocrx_word' id='word_1_639' title='bbox 1284 1223 1386 1259; x_wconf 85' lang='lat' dir='ltr'><strong>inquit,</strong></span> <span class='ocrx_word' id='word_1_640' title='bbox 1401 1231 1498 1259; x_wconf 86' lang='lat' dir='ltr'><strong>nempe</strong></span> <span class='ocrx_word' id='word_1_641' title='bbox 1509 1224 1580 1259; x_wconf 90' lang='lat' dir='ltr'><strong>quod</strong></span> <span class='ocrx_word' id='word_1_642' title='bbox 1594 1229 1733 1252; x_wconf 79' lang='lat' dir='ltr'><strong>contume-</strong></span> 
     </span>
    </p>
   </div>
   <div class='ocr_carea' id='block_1_85' title="bbox 939 1263 1732 1305">
    <p class='ocr_par' dir='ltr' id='par_1_85' title="bbox 939 1263 1732 1305">
     <span class='ocr_line' id='line_1_85' title="bbox 939 1263 1732 1305; baseline 0.004 -11"><span class='ocrx_word' id='word_1_643' title='bbox 939 1268 974 1295; x_wconf 80' lang='lat' dir='ltr'><strong>lia</strong></span> <span class='ocrx_word' id='word_1_644' title='bbox 987 1275 1049 1295; x_wconf 88' lang='lat' dir='ltr'><strong>eum</strong></span> <span class='ocrx_word' id='word_1_645' title='bbox 1063 1266 1211 1300; x_wconf 79' lang='lat' dir='ltr'><strong>aﬂ&#39;ecistis,</strong></span> <span class='ocrx_word' id='word_1_646' title='bbox 1234 1268 1308 1303; x_wconf 81' lang='lat' dir='ltr'><strong>quod</strong></span> <span class='ocrx_word' id='word_1_647' title='bbox 1332 1263 1394 1296; x_wconf 88' lang='lat' dir='ltr'><strong>eum</strong></span> <span class='ocrx_word' id='word_1_648' title='bbox 1418 1277 1433 1296; x_wconf 90' lang='lat' dir='ltr'><strong>a</strong></span> <span class='ocrx_word' id='word_1_649' title='bbox 1457 1277 1512 1305; x_wconf 85' lang='lat' dir='ltr'><strong>quo</strong></span> <span class='ocrx_word' id='word_1_650' title='bbox 1536 1270 1602 1297; x_wconf 86' lang='lat' dir='ltr'><strong>nihil</strong></span> <span class='ocrx_word' id='word_1_651' title='bbox 1625 1270 1732 1305; x_wconf 69' lang='lat' dir='ltr'><strong>injuria:</strong></span> 
     </span>
    </p>
   </div>
   <div class='ocr_carea' id='block_1_86' title="bbox 938 1312 1730 1350">
    <p class='ocr_par' dir='ltr' id='par_1_86' title="bbox 938 1312 1730 1350">
     <span class='ocr_line' id='line_1_86' title="bbox 938 1312 1730 1350; baseline 0.001 -10"><span class='ocrx_word' id='word_1_652' title='bbox 938 1313 1117 1348; x_wconf 82' lang='lat' dir='ltr'><strong>acecperatis,</strong></span> <span class='ocrx_word' id='word_1_653' title='bbox 1133 1312 1205 1348; x_wconf 83' lang='lat' dir='ltr'><strong>quod</strong></span> <span class='ocrx_word' id='word_1_654' title='bbox 1219 1313 1348 1348; x_wconf 65' lang='lat' dir='ltr'><strong>praclare</strong></span> <span class='ocrx_word' id='word_1_655' title='bbox 1358 1314 1393 1342; x_wconf 89' lang='lat' dir='ltr'><strong>de</strong></span> <span class='ocrx_word' id='word_1_656' title='bbox 1406 1315 1483 1342; x_wconf 84' lang='lat' dir='ltr'><strong>vobis</strong></span> <span class='ocrx_word' id='word_1_657' title='bbox 1498 1315 1622 1342; x_wconf 89' lang='lat' dir='ltr'><strong>meritum</strong></span> <span class='ocrx_word' id='word_1_658' title='bbox 1635 1335 1642 1347; x_wconf 86' lang='lat'><strong>,</strong></span> <span class='ocrx_word' id='word_1_659' title='bbox 1658 1315 1730 1350; x_wconf 84' lang='lat' dir='ltr'><strong>quod</strong></span> 
     </span>
    </p>
   </div>
   <div class='ocr_carea' id='block_1_87' title="bbox 939 1358 1729 1395">
    <p class='ocr_par' dir='ltr' id='par_1_87' title="bbox 939 1358 1729 1395">
     <span class='ocr_line' id='line_1_87' title="bbox 939 1358 1729 1395; baseline 0 -9"><span class='ocrx_word' id='word_1_660' title='bbox 939 1359 1025 1386; x_wconf 88' lang='lat' dir='ltr'><strong>nullas</strong></span> <span class='ocrx_word' id='word_1_661' title='bbox 1038 1366 1053 1385; x_wconf 85' lang='lat' dir='ltr'><strong>a</strong></span> <span class='ocrx_word' id='word_1_662' title='bbox 1067 1358 1145 1386; x_wconf 84' lang='lat' dir='ltr'><strong>vobis</strong></span> <span class='ocrx_word' id='word_1_663' title='bbox 1161 1365 1253 1393; x_wconf 65' lang='lat' dir='ltr'><strong>pennas</strong></span> <span class='ocrx_word' id='word_1_664' title='bbox 1270 1359 1418 1395; x_wconf 82' lang='lat' dir='ltr'><strong>expetivit,</strong></span> <span class='ocrx_word' id='word_1_665' title='bbox 1441 1359 1513 1394; x_wconf 88' lang='lat' dir='ltr'><strong>quod</strong></span> <span class='ocrx_word' id='word_1_666' title='bbox 1540 1359 1613 1394; x_wconf 89' lang='lat' dir='ltr'><strong>prior</strong></span> <span class='ocrx_word' id='word_1_667' title='bbox 1634 1359 1729 1395; x_wconf 83' lang='lat' dir='ltr'><strong>injuria</strong></span> 
     </span>
    </p>
   </div>
   <div class='ocr_carea' id='block_1_88' title="bbox 938 1403 1732 1440">
    <p class='ocr_par' dir='ltr' id='par_1_88' title="bbox 938 1403 1732 1440">
     <span class='ocr_line' id='line_1_88' title="bbox 938 1403 1732 1440; baseline 0.004 -9"><span class='ocrx_word' id='word_1_668' title='bbox 938 1403 1052 1432; x_wconf 70' lang='lat' dir='ltr'><strong>allectus</strong></span> <span class='ocrx_word' id='word_1_669' title='bbox 1061 1424 1070 1436; x_wconf 90' lang='lat'><strong>,</strong></span> <span class='ocrx_word' id='word_1_670' title='bbox 1084 1404 1157 1439; x_wconf 85' lang='lat' dir='ltr'><strong>prior</strong></span> <span class='ocrx_word' id='word_1_671' title='bbox 1171 1409 1248 1440; x_wconf 85' lang='lat' dir='ltr'><strong>rogat</strong></span> <span class='ocrx_word' id='word_1_672' title='bbox 1261 1412 1270 1432; x_wconf 86' lang='lat'><strong>:</strong></span> <span class='ocrx_word' id='word_1_673' title='bbox 1285 1404 1352 1433; x_wconf 88' lang='lat' dir='ltr'><strong>nihil</strong></span> <span class='ocrx_word' id='word_1_674' title='bbox 1366 1404 1461 1433; x_wconf 88' lang='lat' dir='ltr'><strong>horum</strong></span> <span class='ocrx_word' id='word_1_675' title='bbox 1475 1413 1546 1433; x_wconf 90' lang='lat' dir='ltr'><strong>nunc</strong></span> <span class='ocrx_word' id='word_1_676' title='bbox 1567 1408 1732 1434; x_wconf 81' lang='lat' dir='ltr'><strong>commemo-</strong></span> 
     </span>
    </p>
   </div>
   <div class='ocr_carea' id='block_1_89' title="bbox 938 1451 1730 1489">
    <p class='ocr_par' dir='ltr' id='par_1_89' title="bbox 938 1451 1730 1489">
     <span class='ocr_line' id='line_1_89' title="bbox 938 1451 1730 1489; baseline 0.005 -12"><span class='ocrx_word' id='word_1_677' title='bbox 938 1455 1023 1479; x_wconf 87' lang='lat' dir='ltr'><strong>retur.</strong></span> <span class='ocrx_word' id='word_1_678' title='bbox 1037 1451 1133 1478; x_wconf 82' lang='lat' dir='ltr'><strong>Annon</strong></span> <span class='ocrx_word' id='word_1_679' title='bbox 1145 1451 1189 1479; x_wconf 83' lang='lat' dir='ltr'><strong>vel</strong></span> <span class='ocrx_word' id='word_1_680' title='bbox 1211 1451 1247 1479; x_wconf 87' lang='lat' dir='ltr'><strong>ob</strong></span> <span class='ocrx_word' id='word_1_681' title='bbox 1269 1459 1352 1483; x_wconf 89' lang='lat' dir='ltr'><strong>unum</strong></span> <span class='ocrx_word' id='word_1_682' title='bbox 1380 1452 1431 1479; x_wconf 86' lang='lat' dir='ltr'><strong>hoc</strong></span> <span class='ocrx_word' id='word_1_683' title='bbox 1454 1452 1612 1481; x_wconf 83' lang='lat' dir='ltr'><strong>benclicium</strong></span> <span class='ocrx_word' id='word_1_684' title='bbox 1625 1473 1633 1487; x_wconf 86' lang='lat'><strong>,</strong></span> <span class='ocrx_word' id='word_1_685' title='bbox 1658 1454 1730 1489; x_wconf 88' lang='lat' dir='ltr'><strong>quod</strong></span> 
     </span>
    </p>
   </div>
   <div class='ocr_carea' id='block_1_90' title="bbox 940 1497 1729 1535">
    <p class='ocr_par' dir='ltr' id='par_1_90' title="bbox 940 1497 1729 1535">
     <span class='ocr_line' id='line_1_90' title="bbox 940 1497 1729 1535; baseline 0.004 -11"><span class='ocrx_word' id='word_1_686' title='bbox 940 1504 1010 1524; x_wconf 87' lang='lat' dir='ltr'><strong>nunc</strong></span> <span class='ocrx_word' id='word_1_687' title='bbox 1024 1497 1051 1524; x_wconf 91' lang='lat' dir='ltr'><strong>in</strong></span> <span class='ocrx_word' id='word_1_688' title='bbox 1065 1504 1112 1525; x_wconf 83' lang='lat' dir='ltr'><strong>vos</strong></span> <span class='ocrx_word' id='word_1_689' title='bbox 1125 1497 1258 1532; x_wconf 90' lang='lat' dir='ltr'><strong>contulit,</strong></span> <span class='ocrx_word' id='word_1_690' title='bbox 1273 1505 1378 1533; x_wconf 78' lang='lat' dir='ltr'><strong>:equum</strong></span> <span class='ocrx_word' id='word_1_691' title='bbox 1397 1497 1476 1526; x_wconf 86' lang='lat' dir='ltr'><strong>luerit</strong></span> <span class='ocrx_word' id='word_1_692' title='bbox 1497 1503 1527 1526; x_wconf 94' lang='lat' dir='ltr'><strong>ut</strong></span> <span class='ocrx_word' id='word_1_693' title='bbox 1538 1497 1599 1527; x_wconf 90' lang='lat' dir='ltr'><strong>cum</strong></span> <span class='ocrx_word' id='word_1_694' title='bbox 1621 1500 1679 1535; x_wconf 87' lang='lat' dir='ltr'><strong>ipso</strong></span> <span class='ocrx_word' id='word_1_695' title='bbox 1702 1501 1729 1528; x_wconf 88' lang='lat' dir='ltr'><strong>in</strong></span> 
     </span>
    </p>
   </div>
   <div class='ocr_carea' id='block_1_91' title="bbox 938 1543 1731 1580">
    <p class='ocr_par' dir='ltr' id='par_1_91' title="bbox 938 1543 1731 1580">
     <span class='ocr_line' id='line_1_91' title="bbox 938 1543 1731 1580; baseline 0.001 -9"><span class='ocrx_word' id='word_1_696' title='bbox 938 1544 1051 1578; x_wconf 84' lang='lat' dir='ltr'><strong>gratiam</strong></span> <span class='ocrx_word' id='word_1_697' title='bbox 1064 1543 1199 1571; x_wconf 82' lang='lat' dir='ltr'><strong>redeatis?</strong></span> <span class='ocrx_word' id='word_1_698' title='bbox 1213 1544 1246 1572; x_wconf 87' lang='lat' dir='ltr'><strong>Et</strong></span> <span class='ocrx_word' id='word_1_699' title='bbox 1254 1544 1326 1579; x_wconf 88' lang='lat' dir='ltr'><strong>quod</strong></span> <span class='ocrx_word' id='word_1_700' title='bbox 1341 1544 1468 1572; x_wconf 74' lang='lat' dir='ltr'><strong>tandem?</strong></span> <span class='ocrx_word' id='word_1_701' title='bbox 1481 1544 1547 1572; x_wconf 75' lang='lat' dir='ltr'><strong>Eum</strong></span> <span class='ocrx_word' id='word_1_702' title='bbox 1562 1546 1605 1580; x_wconf 75' lang='lat' dir='ltr'><strong>qui</strong></span> <span class='ocrx_word' id='word_1_703' title='bbox 1617 1554 1668 1572; x_wconf 85' lang='lat' dir='ltr'><strong>non</strong></span> <span class='ocrx_word' id='word_1_704' title='bbox 1681 1554 1731 1572; x_wconf 59' lang='grc' dir='ltr'><strong>τις»</strong></span> 
     </span>
    </p>
   </div>
   <div class='ocr_carea' id='block_1_92' title="bbox 938 1588 1729 1625">
    <p class='ocr_par' dir='ltr' id='par_1_92' title="bbox 938 1588 1729 1625">
     <span class='ocr_line' id='line_1_92' title="bbox 938 1588 1729 1625; baseline 0.004 -10"><span class='ocrx_word' id='word_1_705' title='bbox 938 1593 1007 1616; x_wconf 79' lang='lat' dir='ltr'><strong>uerat</strong></span> <span class='ocrx_word' id='word_1_706' title='bbox 1019 1593 1166 1623; x_wconf 66' lang='lat' dir='ltr'><strong>peccatum,</strong></span> <span class='ocrx_word' id='word_1_707' title='bbox 1180 1596 1227 1623; x_wconf 84' lang='lat' dir='ltr'><strong>pro</strong></span> <span class='ocrx_word' id='word_1_708' title='bbox 1240 1588 1310 1616; x_wconf 72' lang='lat' dir='ltr'><strong>nobis</strong></span> <span class='ocrx_word' id='word_1_709' title='bbox 1320 1594 1450 1625; x_wconf 69' lang='lat' dir='ltr'><strong>peccatum</strong></span> <span class='ocrx_word' id='word_1_710' title='bbox 1464 1591 1533 1625; x_wconf 65' lang='lat' dir='ltr'><strong>fecit.</strong></span> <span class='ocrx_word' id='word_1_711' title='bbox 1544 1590 1610 1618; x_wconf 82' lang='lat' dir='ltr'><strong>Nam</strong></span> <span class='ocrx_word' id='word_1_712' title='bbox 1623 1590 1729 1618; x_wconf 84' lang='lat' dir='ltr'><strong>etiamsi</strong></span> 
     </span>
    </p>
   </div>
   <div class='ocr_carea' id='block_1_93' title="bbox 939 1633 1729 1668">
    <p class='ocr_par' dir='ltr' id='par_1_93' title="bbox 939 1633 1729 1668">
     <span class='ocr_line' id='line_1_93' title="bbox 939 1633 1729 1668; baseline 0.006 -9"><span class='ocrx_word' id='word_1_713' title='bbox 939 1633 1004 1660; x_wconf 85' lang='lat' dir='ltr'><strong>nihil</strong></span> <span class='ocrx_word' id='word_1_714' title='bbox 1018 1633 1127 1660; x_wconf 91' lang='lat' dir='ltr'><strong>omnino</strong></span> <span class='ocrx_word' id='word_1_715' title='bbox 1142 1633 1323 1668; x_wconf 65' lang='lat' dir='ltr'><strong>prmstitisset,</strong></span> <span class='ocrx_word' id='word_1_716' title='bbox 1336 1634 1384 1662; x_wconf 89' lang='lat' dir='ltr'><strong>sed</strong></span> <span class='ocrx_word' id='word_1_717' title='bbox 1396 1633 1448 1662; x_wconf 89' lang='lat' dir='ltr'><strong>hoc</strong></span> <span class='ocrx_word' id='word_1_718' title='bbox 1462 1634 1600 1662; x_wconf 88' lang='lat' dir='ltr'><strong>dumtaxat</strong></span> <span class='ocrx_word' id='word_1_719' title='bbox 1610 1636 1729 1668; x_wconf 81' lang='lat' dir='ltr'><strong>iecisset;</strong></span> 
     </span>
    </p>
   </div>
   <div class='ocr_carea' id='block_1_94' title="bbox 937 1678 1728 1716">
    <p class='ocr_par' dir='ltr' id='par_1_94' title="bbox 937 1678 1728 1716">
     <span class='ocr_line' id='line_1_94' title="bbox 937 1678 1728 1716; baseline 0.004 -10"><span class='ocrx_word' id='word_1_720' title='bbox 937 1679 1034 1715; x_wconf 85' lang='lat' dir='ltr'><strong>cogita,</strong></span> <span class='ocrx_word' id='word_1_721' title='bbox 1051 1687 1152 1715; x_wconf 64' lang='lat' dir='ltr'><strong>quaeso,</strong></span> <span class='ocrx_word' id='word_1_722' title='bbox 1167 1678 1260 1715; x_wconf 87' lang='lat' dir='ltr'><strong>quanti</strong></span> <span class='ocrx_word' id='word_1_723' title='bbox 1273 1679 1338 1708; x_wconf 86' lang='lat' dir='ltr'><strong>illud</strong></span> <span class='ocrx_word' id='word_1_724' title='bbox 1349 1680 1535 1708; x_wconf 70' lang='lat' dir='ltr'><strong>aestimandum</strong></span> <span class='ocrx_word' id='word_1_725' title='bbox 1556 1686 1636 1710; x_wconf 80' lang='lat' dir='ltr'><strong>erat.</strong></span> <span class='ocrx_word' id='word_1_726' title='bbox 1656 1682 1728 1716; x_wconf 87' lang='lat' dir='ltr'><strong>quod</strong></span> 
     </span>
    </p>
   </div>
   <div class='ocr_carea' id='block_1_95' title="bbox 939 1725 1730 1761">
    <p class='ocr_par' dir='ltr' id='par_1_95' title="bbox 939 1725 1730 1761">
     <span class='ocr_line' id='line_1_95' title="bbox 939 1725 1730 1761; baseline 0.001 -8"><span class='ocrx_word' id='word_1_727' title='bbox 939 1725 1035 1753; x_wconf 82' lang='lat' dir='ltr'><strong>Filium</strong></span> <span class='ocrx_word' id='word_1_728' title='bbox 1048 1733 1124 1753; x_wconf 88' lang='lat' dir='ltr'><strong>suum</strong></span> <span class='ocrx_word' id='word_1_729' title='bbox 1138 1733 1188 1761; x_wconf 82' lang='lat' dir='ltr'><strong>pro</strong></span> <span class='ocrx_word' id='word_1_730' title='bbox 1201 1726 1252 1759; x_wconf 84' lang='lat' dir='ltr'><strong>iis,</strong></span> <span class='ocrx_word' id='word_1_731' title='bbox 1274 1733 1290 1753; x_wconf 79' lang='grc' dir='ltr'><strong>ι</strong></span> <span class='ocrx_word' id='word_1_732' title='bbox 1312 1725 1409 1761; x_wconf 86' lang='lat' dir='ltr'><strong>quibus</strong></span> <span class='ocrx_word' id='word_1_733' title='bbox 1430 1727 1592 1754; x_wconf 78' lang='lat' dir='ltr'><strong>contumelia</strong></span> <span class='ocrx_word' id='word_1_734' title='bbox 1619 1726 1730 1755; x_wconf 74' lang='lat' dir='ltr'><strong>allectus</strong></span> 
     </span>
    </p>
   </div>
   <div class='ocr_carea' id='block_1_96' title="bbox 938 1770 1729 1807">
    <p class='ocr_par' dir='ltr' id='par_1_96' title="bbox 938 1770 1729 1807">
     <span class='ocr_line' id='line_1_96' title="bbox 938 1770 1729 1807; baseline 0.004 -9"><span class='ocrx_word' id='word_1_735' title='bbox 938 1770 1035 1805; x_wconf 84' lang='lat' dir='ltr'><strong>iuerat,</strong></span> <span class='ocrx_word' id='word_1_736' title='bbox 1048 1770 1178 1799; x_wconf 82' lang='lat' dir='ltr'><strong>dedisset.</strong></span> <span class='ocrx_word' id='word_1_737' title='bbox 1192 1771 1268 1799; x_wconf 79' lang='lat' dir='ltr'><strong>Nunc</strong></span> <span class='ocrx_word' id='word_1_738' title='bbox 1284 1778 1350 1799; x_wconf 91' lang='lat' dir='ltr'><strong>vero</strong></span> <span class='ocrx_word' id='word_1_739' title='bbox 1371 1775 1398 1799; x_wconf 81' lang='lat' dir='ltr'><strong>et</strong></span> <span class='ocrx_word' id='word_1_740' title='bbox 1421 1778 1515 1807; x_wconf 85' lang='lat' dir='ltr'><strong>magna</strong></span> <span class='ocrx_word' id='word_1_741' title='bbox 1538 1772 1680 1807; x_wconf 71' lang='lat' dir='ltr'><strong>praestitit,</strong></span> <span class='ocrx_word' id='word_1_742' title='bbox 1701 1777 1729 1801; x_wconf 91' lang='lat' dir='ltr'><strong>et</strong></span> 
     </span>
    </p>
   </div>
   <div class='ocr_carea' id='block_1_97' title="bbox 938 1816 1726 1853">
    <p class='ocr_par' dir='ltr' id='par_1_97' title="bbox 938 1816 1726 1853">
     <span class='ocr_line' id='line_1_97' title="bbox 938 1816 1726 1853; baseline 0.004 -10"><span class='ocrx_word' id='word_1_743' title='bbox 938 1822 1068 1851; x_wconf 75' lang='lat' dir='ltr'><strong>prauerea</strong></span> <span class='ocrx_word' id='word_1_744' title='bbox 1083 1824 1144 1844; x_wconf 87' lang='lat' dir='ltr'><strong>eum</strong></span> <span class='ocrx_word' id='word_1_745' title='bbox 1159 1817 1205 1852; x_wconf 92' lang='lat' dir='ltr'><strong>qui</strong></span> <span class='ocrx_word' id='word_1_746' title='bbox 1217 1816 1298 1845; x_wconf 75' lang='lat' dir='ltr'><strong>lzesus</strong></span> <span class='ocrx_word' id='word_1_747' title='bbox 1308 1816 1409 1849; x_wconf 75' lang='lat' dir='ltr'><strong>fuerat,</strong></span> <span class='ocrx_word' id='word_1_748' title='bbox 1425 1825 1475 1852; x_wconf 89' lang='lat' dir='ltr'><strong>pro</strong></span> <span class='ocrx_word' id='word_1_749' title='bbox 1488 1818 1520 1845; x_wconf 90' lang='lat' dir='ltr'><strong>iis</strong></span> <span class='ocrx_word' id='word_1_750' title='bbox 1533 1818 1579 1853; x_wconf 90' lang='lat' dir='ltr'><strong>qui</strong></span> <span class='ocrx_word' id='word_1_751' title='bbox 1593 1818 1726 1852; x_wconf 72' lang='lat' dir='ltr'><strong>lreserant,</strong></span> 
     </span>
    </p>
   </div>
   <div class='ocr_carea' id='block_1_98' title="bbox 937 1860 1729 1899">
    <p class='ocr_par' dir='ltr' id='par_1_98' title="bbox 937 1860 1729 1899">
     <span class='ocr_line' id='line_1_98' title="bbox 937 1860 1729 1899; baseline 0.005 -11"><span class='ocrx_word' id='word_1_752' title='bbox 937 1860 1051 1888; x_wconf 87' lang='lat' dir='ltr'><strong>cruciari</strong></span> <span class='ocrx_word' id='word_1_753' title='bbox 1066 1861 1197 1895; x_wconf 86' lang='lat' dir='ltr'><strong>permisit.</strong></span> <span class='ocrx_word' id='word_1_754' title='bbox 1210 1861 1246 1889; x_wconf 86' lang='grc' dir='ltr'>Δι</span> <span class='ocrx_word' id='word_1_755' title='bbox 1260 1861 1312 1889; x_wconf 88' lang='lat' dir='ltr'><strong>hoc</strong></span> <span class='ocrx_word' id='word_1_756' title='bbox 1323 1862 1433 1890; x_wconf 86' lang='lat' dir='ltr'><strong>minime</strong></span> <span class='ocrx_word' id='word_1_757' title='bbox 1446 1863 1552 1897; x_wconf 91' lang='lat' dir='ltr'><strong>quidem</strong></span> <span class='ocrx_word' id='word_1_758' title='bbox 1572 1863 1640 1891; x_wconf 88' lang='lat' dir='ltr'><strong>dixit</strong></span> <span class='ocrx_word' id='word_1_759' title='bbox 1655 1865 1729 1899; x_wconf 77' lang='lat' dir='ltr'><strong>Apo-</strong></span> 
     </span>
    </p>
   </div>
   <div class='ocr_carea' id='block_1_99' title="bbox 938 1906 1729 1944">
    <p class='ocr_par' dir='ltr' id='par_1_99' title="bbox 938 1906 1729 1944">
     <span class='ocr_line' id='line_1_99' title="bbox 938 1906 1729 1944; baseline 0.004 -10"><span class='ocrx_word' id='word_1_760' title='bbox 938 1906 1033 1939; x_wconf 86' lang='lat' dir='ltr'><strong>stolus,</strong></span> <span class='ocrx_word' id='word_1_761' title='bbox 1046 1906 1105 1939; x_wconf 83' lang='lat' dir='ltr'><strong>sed,</strong></span> <span class='ocrx_word' id='word_1_762' title='bbox 1118 1907 1190 1941; x_wconf 86' lang='lat' dir='ltr'><strong>quod</strong></span> <span class='ocrx_word' id='word_1_763' title='bbox 1200 1906 1284 1934; x_wconf 87' lang='lat' dir='ltr'><strong>multo</strong></span> <span class='ocrx_word' id='word_1_764' title='bbox 1295 1906 1338 1934; x_wconf 88' lang='lat' dir='ltr'><strong>his</strong></span> <span class='ocrx_word' id='word_1_765' title='bbox 1350 1907 1436 1942; x_wconf 82' lang='lat' dir='ltr'><strong>majus</strong></span> <span class='ocrx_word' id='word_1_766' title='bbox 1447 1912 1515 1940; x_wconf 76' lang='lat' dir='ltr'><strong>erat,</strong></span> <span class='ocrx_word' id='word_1_767' title='bbox 1531 1909 1629 1944; x_wconf 82' lang='lat' dir='ltr'><strong>posuit.</strong></span> <span class='ocrx_word' id='word_1_768' title='bbox 1644 1909 1729 1944; x_wconf 85' lang='lat' dir='ltr'><strong>Quid-</strong></span> 
     </span>
    </p>
   </div>
   <div class='ocr_carea' id='block_1_100' title="bbox 937 1950 1726 1989">
    <p class='ocr_par' dir='ltr' id='par_1_100' title="bbox 937 1950 1726 1989">
     <span class='ocr_line' id='line_1_100' title="bbox 937 1950 1726 1989; baseline 0.005 -11"><span class='ocrx_word' id='word_1_769' title='bbox 937 1959 1000 1979; x_wconf 87' lang='lat' dir='ltr'><strong>nam</strong></span> <span class='ocrx_word' id='word_1_770' title='bbox 1013 1952 1124 1979; x_wconf 80' lang='lat' dir='ltr'><strong>autem?</strong></span> <span class='ocrx_word' id='word_1_771' title='bbox 1137 1950 1217 1985; x_wconf 85' lang='lat' dir='ltr'><strong>Eunt,</strong></span> <span class='ocrx_word' id='word_1_772' title='bbox 1230 1951 1328 1987; x_wconf 80' lang='lat' dir='ltr'><strong>inquit,</strong></span> <span class='ocrx_word' id='word_1_773' title='bbox 1340 1952 1385 1987; x_wconf 77' lang='lat' dir='ltr'><strong>qui</strong></span> <span class='ocrx_word' id='word_1_774' title='bbox 1392 1960 1442 1980; x_wconf 84' lang='lat' dir='ltr'><strong>non</strong></span> <span class='ocrx_word' id='word_1_775' title='bbox 1456 1957 1558 1980; x_wconf 76' lang='lat' dir='ltr'><strong>noverat</strong></span> <span class='ocrx_word' id='word_1_776' title='bbox 1580 1960 1726 1989; x_wconf 79' lang='lat' dir='ltr'><strong>peccatum,</strong></span> 
     </span>
    </p>
   </div>
   <div class='ocr_carea' id='block_1_101' title="bbox 937 1997 1727 2034">
    <p class='ocr_par' dir='ltr' id='par_1_101' title="bbox 937 1997 1727 2034">
     <span class='ocr_line' id='line_1_101' title="bbox 937 1997 1727 2034; baseline 0.006 -10"><span class='ocrx_word' id='word_1_777' title='bbox 937 1997 983 2033; x_wconf 87' lang='lat' dir='ltr'><strong>qui</strong></span> <span class='ocrx_word' id='word_1_778' title='bbox 995 1997 1107 2032; x_wconf 86' lang='lat' dir='ltr'><strong>ipsatnet</strong></span> <span class='ocrx_word' id='word_1_779' title='bbox 1120 1997 1222 2032; x_wconf 88' lang='lat' dir='ltr'><strong>justitia</strong></span> <span class='ocrx_word' id='word_1_780' title='bbox 1233 2002 1306 2031; x_wconf 83' lang='lat' dir='ltr'><strong>erat,</strong></span> <span class='ocrx_word' id='word_1_781' title='bbox 1320 2003 1455 2033; x_wconf 80' lang='lat' dir='ltr'><strong>peccatum</strong></span> <span class='ocrx_word' id='word_1_782' title='bbox 1464 1999 1543 2033; x_wconf 78' lang='lat' dir='ltr'><strong>fecit;</strong></span> <span class='ocrx_word' id='word_1_783' title='bbox 1557 1998 1608 2027; x_wconf 86' lang='lat' dir='ltr'><strong>hoc</strong></span> <span class='ocrx_word' id='word_1_784' title='bbox 1621 2005 1663 2028; x_wconf 89' lang='lat' dir='ltr'><strong>est</strong></span> <span class='ocrx_word' id='word_1_785' title='bbox 1673 2021 1682 2034; x_wconf 89' lang='lat'><strong>,</strong></span> <span class='ocrx_word' id='word_1_786' title='bbox 1697 2007 1727 2029; x_wconf 89' lang='lat' dir='ltr'><strong>ut</strong></span> 
     </span>
    </p>
   </div>
   <div class='ocr_carea' id='block_1_102' title="bbox 937 2043 1728 2078">
    <p class='ocr_par' dir='ltr' id='par_1_102' title="bbox 937 2043 1728 2078">
     <span class='ocr_line' id='line_1_102' title="bbox 937 2043 1728 2078; baseline 0.008 -9"><span class='ocrx_word' id='word_1_787' title='bbox 937 2048 1104 2078; x_wconf 82' lang='lat' dir='ltr'><strong>pcecatorem</strong></span> <span class='ocrx_word' id='word_1_788' title='bbox 1116 2043 1288 2071; x_wconf 87' lang='lat' dir='ltr'><strong>condemnari</strong></span> <span class='ocrx_word' id='word_1_789' title='bbox 1309 2051 1403 2078; x_wconf 84' lang='lat' dir='ltr'><strong>passus</strong></span> <span class='ocrx_word' id='word_1_790' title='bbox 1426 2052 1484 2077; x_wconf 83' lang='lat' dir='ltr'><strong>est,</strong></span> <span class='ocrx_word' id='word_1_791' title='bbox 1508 2050 1537 2073; x_wconf 88' lang='lat' dir='ltr'><strong>ut</strong></span> <span class='ocrx_word' id='word_1_792' title='bbox 1556 2046 1728 2075; x_wconf 82' lang='lat' dir='ltr'><strong>maledictum</strong></span> 
     </span>
    </p>
   </div>
   <div class='ocr_carea' id='block_1_103' title="bbox 937 2087 1726 2125">
    <p class='ocr_par' dir='ltr' id='par_1_103' title="bbox 937 2087 1726 2125">
     <span class='ocr_line' id='line_1_103' title="bbox 937 2087 1726 2125; baseline 0.009 -11"><span class='ocrx_word' id='word_1_793' title='bbox 937 2088 1072 2115; x_wconf 86' lang='lat' dir='ltr'><strong>hominem</strong></span> <span class='ocrx_word' id='word_1_794' title='bbox 1086 2088 1155 2115; x_wconf 90' lang='lat' dir='ltr'><strong>mori</strong></span> <span class='ocrx_word' id='word_1_795' title='bbox 1172 2096 1178 2114; x_wconf 90' lang='lat'><strong>:</strong></span> <span class='ocrx_word' id='word_1_796' title='bbox 1196 2087 1348 2116; x_wconf 62' lang='lat' dir='ltr'><strong>Maledicta</strong></span> <span class='ocrx_word' id='word_1_797' title='bbox 1360 2089 1449 2122; x_wconf 87' lang='lat' dir='ltr'><strong>enim,</strong></span> <span class='ocrx_word' id='word_1_798' title='bbox 1464 2091 1508 2125; x_wconf 82' lang='lat' dir='ltr'><strong>qui</strong></span> <span class='ocrx_word' id='word_1_799' title='bbox 1530 2092 1621 2125; x_wconf 76' lang='lat' dir='ltr'><strong>pendet</strong></span> <span class='ocrx_word' id='word_1_800' title='bbox 1641 2093 1669 2121; x_wconf 84' lang='lat' dir='ltr'><strong>in</strong></span> <span class='ocrx_word' id='word_1_801' title='bbox 1691 2095 1726 2121; x_wconf 83' lang='lat' dir='ltr'><strong>li-</strong></span> 
     </span>
    </p>
   </div>
   <div class='ocr_carea' id='block_1_104' title="bbox 935 2132 1726 2170">
    <p class='ocr_par' dir='ltr' id='par_1_104' title="bbox 935 2132 1726 2170">
     <span class='ocr_line' id='line_1_104' title="bbox 935 2132 1726 2170; baseline 0.009 -10"><span class='ocrx_word' id='word_1_802' title='bbox 935 2140 985 2168; x_wconf 76' lang='lat' dir='ltr'><strong>gno</strong></span> <span class='ocrx_word' id='word_1_803' title='bbox 1000 2132 1093 2168; x_wconf 80' lang='lat' dir='ltr'><strong>(Deut.</strong></span> <span class='ocrx_word' id='word_1_804' title='bbox 1105 2132 1151 2161; x_wconf 72' lang='grc'><strong>21.</strong></span> <span class='ocrx_word' id='word_1_805' title='bbox 1165 2133 1202 2161; x_wconf 75' lang='grc'><strong>25</strong></span> <span class='ocrx_word' id='word_1_806' title='bbox 1214 2133 1234 2169; x_wconf 88' lang='grc'><strong>).</strong></span> <span class='ocrx_word' id='word_1_807' title='bbox 1249 2133 1332 2162; x_wconf 76' lang='lat' dir='ltr'><strong>llulto</strong></span> <span class='ocrx_word' id='word_1_808' title='bbox 1352 2134 1452 2170; x_wconf 89' lang='lat' dir='ltr'><strong>quippe</strong></span> <span class='ocrx_word' id='word_1_809' title='bbox 1472 2137 1589 2164; x_wconf 85' lang='lat' dir='ltr'><strong>atrocius</strong></span> <span class='ocrx_word' id='word_1_810' title='bbox 1610 2143 1668 2166; x_wconf 88' lang='lat' dir='ltr'><strong>erat</strong></span> <span class='ocrx_word' id='word_1_811' title='bbox 1689 2139 1726 2167; x_wconf 87' lang='lat' dir='ltr'><strong>ita</strong></span> 
     </span>
    </p>
   </div>
   <div class='ocr_carea' id='block_1_105' title="bbox 936 2177 1726 2220">
    <p class='ocr_par' dir='ltr' id='par_1_105' title="bbox 936 2177 1726 2220">
     <span class='ocr_line' id='line_1_105' title="bbox 936 2177 1726 2220; baseline 0.01 -15"><span class='ocrx_word' id='word_1_812' title='bbox 936 2179 1004 2206; x_wconf 90' lang='lat' dir='ltr'><strong>mori</strong></span> <span class='ocrx_word' id='word_1_813' title='bbox 1016 2199 1023 2212; x_wconf 93' lang='lat'><strong>,</strong></span> <span class='ocrx_word' id='word_1_814' title='bbox 1039 2186 1119 2214; x_wconf 90' lang='lat' dir='ltr'><strong>quam</strong></span> <span class='ocrx_word' id='word_1_815' title='bbox 1132 2179 1273 2208; x_wconf 86' lang='lat' dir='ltr'><strong>dumtaxat</strong></span> <span class='ocrx_word' id='word_1_816' title='bbox 1287 2181 1354 2208; x_wconf 90' lang='lat' dir='ltr'><strong>mori</strong></span> <span class='ocrx_word' id='word_1_817' title='bbox 1369 2189 1376 2208; x_wconf 93' lang='lat'><strong>:</strong></span> <span class='ocrx_word' id='word_1_818' title='bbox 1392 2182 1463 2216; x_wconf 83' lang='lat' dir='ltr'><strong>quod</strong></span> <span class='ocrx_word' id='word_1_819' title='bbox 1477 2182 1534 2217; x_wconf 89' lang='lat' dir='ltr'><strong>ipse</strong></span> <span class='ocrx_word' id='word_1_820' title='bbox 1546 2177 1653 2220; x_wconf 79' lang='lat' dir='ltr'><strong>quoque</strong></span> <span class='ocrx_word' id='word_1_821' title='bbox 1672 2186 1726 2213; x_wconf 88' lang='lat' dir='ltr'><strong>alie</strong></span> 
     </span>
    </p>
   </div>
   <div class='ocr_carea' id='block_1_106' title="bbox 936 2224 1726 2265">
    <p class='ocr_par' dir='ltr' id='par_1_106' title="bbox 936 2224 1726 2265">
     <span class='ocr_line' id='line_1_106' title="bbox 936 2224 1726 2265; baseline 0.009 -14"><span class='ocrx_word' id='word_1_822' title='bbox 936 2224 996 2251; x_wconf 91' lang='lat' dir='ltr'><strong>loco</strong></span> <span class='ocrx_word' id='word_1_823' title='bbox 1015 2224 1180 2258; x_wconf 88' lang='lat' dir='ltr'><strong>subindicat,</strong></span> <span class='ocrx_word' id='word_1_824' title='bbox 1198 2225 1304 2259; x_wconf 90' lang='lat' dir='ltr'><strong>dicens,</strong></span> <span class='ocrx_word' id='word_1_825' title='bbox 1329 2225 1425 2254; x_wconf 76' lang='lat' dir='ltr'><strong>Factus</strong></span> <span class='ocrx_word' id='word_1_826' title='bbox 1444 2228 1561 2256; x_wconf 68' lang='lat' dir='ltr'><strong>audiens</strong></span> <span class='ocrx_word' id='word_1_827' title='bbox 1581 2238 1661 2265; x_wconf 68' lang='lat' dir='ltr'><strong>usque</strong></span> <span class='ocrx_word' id='word_1_828' title='bbox 1691 2232 1726 2258; x_wconf 70' lang='lat' dir='ltr'><strong>ad</strong></span> 
     </span>
    </p>
   </div>
   <div class='ocr_carea' id='block_1_107' title="bbox 935 2271 1724 2313">
    <p class='ocr_par' dir='ltr' id='par_1_107' title="bbox 935 2271 1724 2313">
     <span class='ocr_line' id='line_1_107' title="bbox 935 2271 1724 2313; baseline 0.011 -16"><span class='ocrx_word' id='word_1_829' title='bbox 935 2274 1039 2298; x_wconf 72' lang='lat' dir='ltr'><strong>mortem</strong></span> <span class='ocrx_word' id='word_1_830' title='bbox 1049 2291 1056 2303; x_wconf 93' lang='lat'><strong>,</strong></span> <span class='ocrx_word' id='word_1_831' title='bbox 1071 2276 1177 2298; x_wconf 80' lang='lat' dir='ltr'><strong>mortem</strong></span> <span class='ocrx_word' id='word_1_832' title='bbox 1189 2275 1272 2299; x_wconf 78' lang='lat' dir='ltr'><strong>autem</strong></span> <span class='ocrx_word' id='word_1_833' title='bbox 1284 2272 1366 2299; x_wconf 74' lang='lat' dir='ltr'><strong>erucis</strong></span> <span class='ocrx_word' id='word_1_834' title='bbox 1382 2271 1518 2309; x_wconf 80' lang='lat' dir='ltr'><strong>(Philipp.</strong></span> <span class='ocrx_word' id='word_1_835' title='bbox 1529 2275 1556 2302; x_wconf 69' lang='grc'><strong>2.</strong></span> <span class='ocrx_word' id='word_1_836' title='bbox 1571 2277 1618 2311; x_wconf 74' lang='lat'><strong>8).</strong></span> <span class='ocrx_word' id='word_1_837' title='bbox 1632 2277 1724 2313; x_wconf 79' lang='lat' dir='ltr'><strong>Neque</strong></span> 
     </span>
    </p>
   </div>
   <div class='ocr_carea' id='block_1_108' title="bbox 934 2316 1723 2354">
    <p class='ocr_par' dir='ltr' id='par_1_108' title="bbox 934 2316 1723 2354">
     <span class='ocr_line' id='line_1_108' title="bbox 934 2316 1723 2354; baseline 0.011 -11"><span class='ocrx_word' id='word_1_838' title='bbox 934 2316 1006 2344; x_wconf 88' lang='lat' dir='ltr'><strong>enim</strong></span> <span class='ocrx_word' id='word_1_839' title='bbox 1021 2316 1167 2344; x_wconf 86' lang='lat' dir='ltr'><strong>cruciatum</strong></span> <span class='ocrx_word' id='word_1_840' title='bbox 1185 2316 1324 2345; x_wconf 85' lang='lat' dir='ltr'><strong>dumtaxat</strong></span> <span class='ocrx_word' id='word_1_841' title='bbox 1345 2325 1378 2346; x_wconf 84' lang='lat' dir='ltr'><strong>ea</strong></span> <span class='ocrx_word' id='word_1_842' title='bbox 1401 2326 1446 2347; x_wconf 87' lang='lat' dir='ltr'><strong>res</strong></span> <span class='ocrx_word' id='word_1_843' title='bbox 1466 2319 1601 2354; x_wconf 85' lang='lat' dir='ltr'><strong>habebat,</strong></span> <span class='ocrx_word' id='word_1_844' title='bbox 1623 2323 1672 2352; x_wconf 85' lang='lat' dir='ltr'><strong>sed</strong></span> <span class='ocrx_word' id='word_1_845' title='bbox 1694 2329 1723 2351; x_wconf 90' lang='lat' dir='ltr'><strong>et</strong></span> 
     </span>
    </p>
   </div>
   <div class='ocr_carea' id='block_1_109' title="bbox 934 2362 1724 2400">
    <p class='ocr_par' dir='ltr' id='par_1_109' title="bbox 934 2362 1724 2400">
     <span class='ocr_line' id='line_1_109' title="bbox 934 2362 1724 2400; baseline 0.01 -11"><span class='ocrx_word' id='word_1_846' title='bbox 934 2362 1115 2398; x_wconf 77' lang='lat' dir='ltr'><strong>ignominiam.</strong></span> <span class='ocrx_word' id='word_1_847' title='bbox 1127 2362 1412 2399; x_wconf 83' lang='lat' dir='ltr'><strong>Animadverteitaque</strong></span> <span class='ocrx_word' id='word_1_848' title='bbox 1425 2370 1491 2400; x_wconf 83' lang='lat' dir='ltr'><strong>quot</strong></span> <span class='ocrx_word' id='word_1_849' title='bbox 1502 2366 1537 2394; x_wconf 84' lang='lat' dir='ltr'><strong>sb</strong></span> <span class='ocrx_word' id='word_1_850' title='bbox 1549 2374 1582 2395; x_wconf 88' lang='lat' dir='ltr'><strong>eo</strong></span> <span class='ocrx_word' id='word_1_851' title='bbox 1595 2368 1724 2397; x_wconf 80' lang='lat' dir='ltr'><strong>beneﬁcia</strong></span> 
     </span>
    </p>
   </div>
   <div class='ocr_carea' id='block_1_110' title="bbox 934 2407 1723 2449">
    <p class='ocr_par' dir='ltr' id='par_1_110' title="bbox 934 2407 1723 2449">
     <span class='ocr_line' id='line_1_110' title="bbox 934 2407 1723 2449; baseline 0.01 -15"><span class='ocrx_word' id='word_1_852' title='bbox 934 2408 1078 2443; x_wconf 83' lang='lat' dir='ltr'><strong>acceperis.</strong></span> <span class='ocrx_word' id='word_1_853' title='bbox 1094 2407 1218 2443; x_wconf 71' lang='lat' dir='ltr'><strong>Magnum</strong></span> <span class='ocrx_word' id='word_1_854' title='bbox 1232 2409 1304 2437; x_wconf 90' lang='lat' dir='ltr'><strong>enim</strong></span> <span class='ocrx_word' id='word_1_855' title='bbox 1316 2410 1481 2438; x_wconf 87' lang='lat' dir='ltr'><strong>censendum</strong></span> <span class='ocrx_word' id='word_1_856' title='bbox 1496 2415 1539 2439; x_wconf 88' lang='lat' dir='ltr'><strong>est</strong></span> <span class='ocrx_word' id='word_1_857' title='bbox 1549 2431 1557 2444; x_wconf 86' lang='lat'><strong>,</strong></span> <span class='ocrx_word' id='word_1_858' title='bbox 1572 2420 1633 2440; x_wconf 86' lang='lat' dir='ltr'><strong>cum</strong></span> <span class='ocrx_word' id='word_1_859' title='bbox 1647 2415 1723 2449; x_wconf 84' lang='lat' dir='ltr'><strong>quis,</strong></span> 
     </span>
    </p>
   </div>
   <div class='ocr_carea' id='block_1_111' title="bbox 933 2454 1721 2495">
    <p class='ocr_par' dir='ltr' id='par_1_111' title="bbox 933 2454 1721 2495">
     <span class='ocr_line' id='line_1_111' title="bbox 933 2454 1721 2495; baseline 0.005 -12"><span class='ocrx_word' id='word_1_860' title='bbox 933 2454 1013 2483; x_wconf 87' lang='lat' dir='ltr'><strong>etiam</strong></span> <span class='ocrx_word' id='word_1_861' title='bbox 1026 2458 1165 2489; x_wconf 68' lang='lat' dir='ltr'><strong>peccator,</strong></span> <span class='ocrx_word' id='word_1_862' title='bbox 1179 2461 1229 2489; x_wconf 88' lang='lat' dir='ltr'><strong>pro</strong></span> <span class='ocrx_word' id='word_1_863' title='bbox 1240 2454 1294 2482; x_wconf 88' lang='lat' dir='ltr'><strong>alio</strong></span> <span class='ocrx_word' id='word_1_864' title='bbox 1305 2461 1466 2491; x_wconf 76' lang='lat' dir='ltr'><strong>quicumque</strong></span> <span class='ocrx_word' id='word_1_865' title='bbox 1479 2455 1515 2484; x_wconf 90' lang='lat' dir='ltr'><strong>sit</strong></span> <span class='ocrx_word' id='word_1_866' title='bbox 1534 2462 1648 2487; x_wconf 86' lang='lat' dir='ltr'><strong>mortem</strong></span> <span class='ocrx_word' id='word_1_867' title='bbox 1670 2466 1721 2495; x_wconf 90' lang='lat' dir='ltr'><strong>op-</strong></span> 
     </span>
    </p>
   </div>
   <div class='ocr_carea' id='block_1_112' title="bbox 933 2499 1724 2540">
    <p class='ocr_par' dir='ltr' id='par_1_112' title="bbox 933 2499 1724 2540">
     <span class='ocr_line' id='line_1_112' title="bbox 933 2499 1724 2540; baseline 0.009 -14"><span class='ocrx_word' id='word_1_868' title='bbox 933 2500 999 2535; x_wconf 85' lang='lat' dir='ltr'><strong>petit</strong></span> <span class='ocrx_word' id='word_1_869' title='bbox 1012 2509 1020 2527; x_wconf 87' lang='lat'><strong>:</strong></span> <span class='ocrx_word' id='word_1_870' title='bbox 1035 2504 1064 2527; x_wconf 84' lang='lat' dir='ltr'><strong>at</strong></span> <span class='ocrx_word' id='word_1_871' title='bbox 1077 2507 1137 2528; x_wconf 90' lang='lat' dir='ltr'><strong>cum</strong></span> <span class='ocrx_word' id='word_1_872' title='bbox 1147 2499 1235 2534; x_wconf 82' lang='lat' dir='ltr'><strong>justus</strong></span> <span class='ocrx_word' id='word_1_873' title='bbox 1244 2500 1326 2528; x_wconf 77' lang='lat' dir='ltr'><strong>etiam</strong></span> <span class='ocrx_word' id='word_1_874' title='bbox 1350 2504 1393 2528; x_wconf 81' lang='lat' dir='ltr'><strong>est</strong></span> <span class='ocrx_word' id='word_1_875' title='bbox 1415 2500 1460 2537; x_wconf 87' lang='lat' dir='ltr'><strong>qui</strong></span> <span class='ocrx_word' id='word_1_876' title='bbox 1481 2502 1601 2538; x_wconf 81' lang='lat' dir='ltr'><strong>patitur,</strong></span> <span class='ocrx_word' id='word_1_877' title='bbox 1625 2508 1654 2532; x_wconf 86' lang='lat' dir='ltr'><strong>et</strong></span> <span class='ocrx_word' id='word_1_878' title='bbox 1673 2512 1724 2540; x_wconf 89' lang='lat' dir='ltr'><strong>pro</strong></span> 
     </span>
    </p>
   </div>
   <div class='ocr_carea' id='block_1_113' title="bbox 933 2546 1721 2587">
    <p class='ocr_par' dir='ltr' id='par_1_113' title="bbox 933 2546 1721 2587">
     <span class='ocr_line' id='line_1_113' title="bbox 933 2546 1721 2587; baseline 0.009 -15"><span class='ocrx_word' id='word_1_879' title='bbox 933 2546 1118 2586; x_wconf 63' lang='lat' dir='ltr'><strong>peccatoribus</strong></span> <span class='ocrx_word' id='word_1_880' title='bbox 1129 2546 1260 2580; x_wconf 87' lang='lat' dir='ltr'><strong>moritur;</strong></span> <span class='ocrx_word' id='word_1_881' title='bbox 1275 2553 1327 2574; x_wconf 89' lang='lat' dir='ltr'><strong>nec</strong></span> <span class='ocrx_word' id='word_1_882' title='bbox 1333 2547 1427 2575; x_wconf 67' lang='lat' dir='ltr'><strong>solum</strong></span> <span class='ocrx_word' id='word_1_883' title='bbox 1440 2549 1563 2583; x_wconf 85' lang='lat' dir='ltr'><strong>murltur,</strong></span> <span class='ocrx_word' id='word_1_884' title='bbox 1577 2550 1625 2578; x_wconf 90' lang='lat' dir='ltr'><strong>sed</strong></span> <span class='ocrx_word' id='word_1_885' title='bbox 1639 2552 1721 2587; x_wconf 83' lang='lat' dir='ltr'><strong>etiam</strong></span> 
     </span>
    </p>
   </div>
   <div class='ocr_carea' id='block_1_114' title="bbox 933 2590 1719 2632">
    <p class='ocr_par' dir='ltr' id='par_1_114' title="bbox 933 2590 1719 2632">
     <span class='ocr_line' id='line_1_114' title="bbox 933 2590 1719 2632; baseline 0.008 -14"><span class='ocrx_word' id='word_1_886' title='bbox 933 2595 962 2618; x_wconf 80' lang='lat' dir='ltr'><strong>ut</strong></span> <span class='ocrx_word' id='word_1_887' title='bbox 975 2590 1165 2623; x_wconf 83' lang='lat' dir='ltr'><strong>exsecrandus,</strong></span> <span class='ocrx_word' id='word_1_888' title='bbox 1178 2597 1229 2619; x_wconf 87' lang='lat' dir='ltr'><strong>nec</strong></span> <span class='ocrx_word' id='word_1_889' title='bbox 1241 2594 1271 2619; x_wconf 87' lang='lat' dir='ltr'><strong>ut</strong></span> <span class='ocrx_word' id='word_1_890' title='bbox 1279 2592 1458 2620; x_wconf 83' lang='lat' dir='ltr'><strong>exsecrandus</strong></span> <span class='ocrx_word' id='word_1_891' title='bbox 1471 2597 1573 2622; x_wconf 84' lang='lat' dir='ltr'><strong>tantum</strong></span> <span class='ocrx_word' id='word_1_892' title='bbox 1587 2596 1719 2632; x_wconf 89' lang='lat' dir='ltr'><strong>moritur,</strong></span> 
     </span>
    </p>
   </div>
   <div class='ocr_carea' id='block_1_115' title="bbox 931 2635 1721 2676">
    <p class='ocr_par' dir='ltr' id='par_1_115' title="bbox 931 2635 1721 2676">
     <span class='ocr_line' id='line_1_115' title="bbox 931 2635 1721 2676; baseline 0.009 -14"><span class='ocrx_word' id='word_1_893' title='bbox 931 2643 1026 2664; x_wconf 80' lang='lat' dir='ltr'><strong>verum</strong></span> <span class='ocrx_word' id='word_1_894' title='bbox 1040 2636 1119 2663; x_wconf 89' lang='lat' dir='ltr'><strong>etiam</strong></span> <span class='ocrx_word' id='word_1_895' title='bbox 1130 2635 1246 2671; x_wconf 89' lang='lat' dir='ltr'><strong>ingentia</strong></span> <span class='ocrx_word' id='word_1_896' title='bbox 1260 2635 1324 2665; x_wconf 87' lang='lat' dir='ltr'><strong>hinc</strong></span> <span class='ocrx_word' id='word_1_897' title='bbox 1333 2656 1342 2669; x_wconf 81' lang='lat'><strong>,</strong></span> <span class='ocrx_word' id='word_1_898' title='bbox 1354 2641 1382 2664; x_wconf 91' lang='lat' dir='ltr'><strong>et</strong></span> <span class='ocrx_word' id='word_1_899' title='bbox 1397 2645 1456 2673; x_wconf 71' lang='lat' dir='ltr'><strong>qua</strong></span> <span class='ocrx_word' id='word_1_900' title='bbox 1469 2645 1612 2674; x_wconf 84' lang='lat' dir='ltr'><strong>numquam</strong></span> <span class='ocrx_word' id='word_1_901' title='bbox 1625 2647 1721 2676; x_wconf 85' lang='lat' dir='ltr'><strong>exspe-</strong></span> 
     </span>
    </p>
   </div>
   <div class='ocr_carea' id='block_1_116' title="bbox 930 2680 1722 2720">
    <p class='ocr_par' dir='ltr' id='par_1_116' title="bbox 930 2680 1722 2720">
     <span class='ocr_line' id='line_1_116' title="bbox 930 2680 1722 2720; baseline 0.008 -11"><span class='ocrx_word' id='word_1_902' title='bbox 930 2687 1109 2713; x_wconf 84' lang='lat' dir='ltr'><strong>ctaveramus,</strong></span> <span class='ocrx_word' id='word_1_903' title='bbox 1122 2680 1192 2710; x_wconf 86' lang='lat' dir='ltr'><strong>bona</strong></span> <span class='ocrx_word' id='word_1_904' title='bbox 1205 2681 1283 2711; x_wconf 83' lang='lat' dir='ltr'><strong>nobis</strong></span> <span class='ocrx_word' id='word_1_905' title='bbox 1291 2682 1436 2718; x_wconf 86' lang='lat' dir='ltr'><strong>conciliat(</strong></span> <span class='ocrx_word' id='word_1_906' title='bbox 1447 2681 1483 2712; x_wconf 86' lang='lat' dir='ltr'><strong>Ut</strong></span> <span class='ocrx_word' id='word_1_907' title='bbox 1492 2684 1565 2712; x_wconf 87' lang='lat' dir='ltr'><strong>enim</strong></span> <span class='ocrx_word' id='word_1_908' title='bbox 1579 2685 1722 2720; x_wconf 65' lang='lat' dir='ltr'><strong>efﬁciantur</strong></span> 
     </span>
    </p>
   </div>
   <div class='ocr_carea' id='block_1_117' title="bbox 930 2726 1719 2767">
    <p class='ocr_par' dir='ltr' id='par_1_117' title="bbox 930 2726 1719 2767">
     <span class='ocr_line' id='line_1_117' title="bbox 930 2726 1719 2767; baseline 0.008 -13"><span class='ocrx_word' id='word_1_909' title='bbox 930 2727 979 2757; x_wconf 69' lang='grc' dir='ltr'><strong>Μ</strong></span> <span class='ocrx_word' id='word_1_910' title='bbox 988 2726 1092 2763; x_wconf 81' lang='lat' dir='ltr'><strong>jnstitia</strong></span> <span class='ocrx_word' id='word_1_911' title='bbox 1104 2727 1133 2755; x_wconf 83' lang='lat' dir='ltr'><strong>in</strong></span> <span class='ocrx_word' id='word_1_912' title='bbox 1145 2728 1220 2764; x_wconf 76' lang='lat' dir='ltr'><strong>ipso,</strong></span> <span class='ocrx_word' id='word_1_913' title='bbox 1242 2726 1349 2763; x_wconf 83' lang='lat' dir='ltr'><strong>inquit)</strong></span> <span class='ocrx_word' id='word_1_914' title='bbox 1362 2736 1371 2755; x_wconf 87' lang='lat'><strong>:</strong></span> <span class='ocrx_word' id='word_1_915' title='bbox 1385 2735 1509 2765; x_wconf 67' lang='lat' dir='ltr'><strong>quaenam</strong></span> <span class='ocrx_word' id='word_1_916' title='bbox 1532 2729 1590 2758; x_wconf 77' lang='lat' dir='ltr'><strong>lucc</strong></span> <span class='ocrx_word' id='word_1_917' title='bbox 1610 2732 1698 2761; x_wconf 89' lang='lat' dir='ltr'><strong>oratio</strong></span> <span class='ocrx_word' id='word_1_918' title='bbox 1711 2754 1719 2767; x_wconf 93' lang='lat'><strong>,</strong></span> 
     </span>
    </p>
   </div>
   <div class='ocr_carea' id='block_1_118' title="bbox 930 2774 1720 2814">
    <p class='ocr_par' dir='ltr' id='par_1_118' title="bbox 930 2774 1720 2814">
     <span class='ocr_line' id='line_1_118' title="bbox 930 2774 1720 2814; baseline 0.006 -12"><span class='ocrx_word' id='word_1_919' title='bbox 930 2781 1052 2809; x_wconf 77' lang='lat' dir='ltr'><strong>quamam</strong></span> <span class='ocrx_word' id='word_1_920' title='bbox 1065 2782 1141 2803; x_wconf 85' lang='lat' dir='ltr'><strong>mens</strong></span> <span class='ocrx_word' id='word_1_921' title='bbox 1150 2774 1208 2803; x_wconf 64' lang='lat' dir='ltr'><strong>haec</strong></span> <span class='ocrx_word' id='word_1_922' title='bbox 1221 2775 1347 2810; x_wconf 88' lang='lat' dir='ltr'><strong>consequi</strong></span> <span class='ocrx_word' id='word_1_923' title='bbox 1360 2780 1441 2812; x_wconf 69' lang='lat' dir='ltr'><strong>atqu</strong></span> <span class='ocrx_word' id='word_1_924' title='bbox 1456 2777 1608 2812; x_wconf 80' lang='lat' dir='ltr'><strong>exprimere</strong></span> <span class='ocrx_word' id='word_1_925' title='bbox 1621 2780 1720 2814; x_wconf 76' lang='lat' dir='ltr'><strong>queat?</strong></span> 
     </span>
    </p>
   </div>
   <div class='ocr_carea' id='block_1_119' title="bbox 930 2820 1718 2858">
    <p class='ocr_par' dir='ltr' id='par_1_119' title="bbox 930 2820 1718 2858">
     <span class='ocr_line' id='line_1_119' title="bbox 930 2820 1718 2858; baseline 0.005 -11"><span class='ocrx_word' id='word_1_926' title='bbox 930 2821 998 2848; x_wconf 89' lang='lat' dir='ltr'><strong>Eum</strong></span> <span class='ocrx_word' id='word_1_927' title='bbox 1010 2820 1094 2853; x_wconf 85' lang='lat' dir='ltr'><strong>enim,</strong></span> <span class='ocrx_word' id='word_1_928' title='bbox 1105 2820 1149 2856; x_wconf 90' lang='lat' dir='ltr'><strong>qui</strong></span> <span class='ocrx_word' id='word_1_929' title='bbox 1164 2820 1253 2855; x_wconf 87' lang='lat' dir='ltr'><strong>justus</strong></span> <span class='ocrx_word' id='word_1_930' title='bbox 1267 2825 1336 2854; x_wconf 75' lang='lat' dir='ltr'><strong>erat,</strong></span> <span class='ocrx_word' id='word_1_931' title='bbox 1351 2820 1446 2856; x_wconf 85' lang='lat' dir='ltr'><strong>inquit,</strong></span> <span class='ocrx_word' id='word_1_932' title='bbox 1460 2827 1627 2857; x_wconf 88' lang='lat' dir='ltr'><strong>peccatorem</strong></span> <span class='ocrx_word' id='word_1_933' title='bbox 1637 2823 1718 2858; x_wconf 87' lang='lat' dir='ltr'><strong>l‘eclt,</strong></span> 
     </span>
    </p>
   </div>
   <div class='ocr_carea' id='block_1_120' title="bbox 929 2864 1716 2903">
    <p class='ocr_par' dir='ltr' id='par_1_120' title="bbox 929 2864 1716 2903">
     <span class='ocr_line' id='line_1_120' title="bbox 929 2864 1716 2903; baseline 0.005 -11"><span class='ocrx_word' id='word_1_934' title='bbox 929 2871 958 2892; x_wconf 88' lang='lat' dir='ltr'><strong>ut</strong></span> <span class='ocrx_word' id='word_1_935' title='bbox 969 2869 1124 2900; x_wconf 81' lang='lat' dir='ltr'><strong>peccatores</strong></span> <span class='ocrx_word' id='word_1_936' title='bbox 1135 2865 1223 2900; x_wconf 84' lang='lat' dir='ltr'><strong>justos</strong></span> <span class='ocrx_word' id='word_1_937' title='bbox 1237 2864 1349 2893; x_wconf 82' lang='lat' dir='ltr'><strong>efﬁciat.</strong></span> <span class='ocrx_word' id='word_1_938' title='bbox 1364 2865 1420 2894; x_wconf 88' lang='lat' dir='ltr'><strong>lmo</strong></span> <span class='ocrx_word' id='word_1_939' title='bbox 1442 2875 1476 2894; x_wconf 85' lang='lat' dir='ltr'><strong>ne</strong></span> <span class='ocrx_word' id='word_1_940' title='bbox 1494 2868 1534 2895; x_wconf 91' lang='lat' dir='ltr'><strong>sic</strong></span> <span class='ocrx_word' id='word_1_941' title='bbox 1552 2868 1660 2903; x_wconf 89' lang='lat' dir='ltr'><strong>quidem</strong></span> <span class='ocrx_word' id='word_1_942' title='bbox 1674 2869 1716 2896; x_wconf 70' lang='grc' dir='ltr'><strong>Ιο-</strong></span> 
     </span>
    </p>
   </div>
   <div class='ocr_carea' id='block_1_121' title="bbox 931 2910 1712 2950">
    <p class='ocr_par' dir='ltr' id='par_1_121' title="bbox 931 2910 1712 2950">
     <span class='ocr_line' id='line_1_121' title="bbox 931 2910 1712 2950; baseline 0.006 -13"><span class='ocrx_word' id='word_1_943' title='bbox 931 2916 1027 2947; x_wconf 85' lang='lat' dir='ltr'><strong>quutus</strong></span> <span class='ocrx_word' id='word_1_944' title='bbox 1041 2916 1091 2946; x_wconf 86' lang='lat' dir='ltr'><strong>cst,</strong></span> <span class='ocrx_word' id='word_1_945' title='bbox 1108 2911 1155 2940; x_wconf 77' lang='lat' dir='ltr'><strong>scd</strong></span> <span class='ocrx_word' id='word_1_946' title='bbox 1178 2910 1247 2947; x_wconf 85' lang='lat' dir='ltr'><strong>quod</strong></span> <span class='ocrx_word' id='word_1_947' title='bbox 1269 2911 1346 2948; x_wconf 75' lang='lat' dir='ltr'><strong>longe</strong></span> <span class='ocrx_word' id='word_1_948' title='bbox 1368 2912 1507 2942; x_wconf 83' lang='lat' dir='ltr'><strong>sublimius</strong></span> <span class='ocrx_word' id='word_1_949' title='bbox 1530 2919 1606 2950; x_wconf 85' lang='lat' dir='ltr'><strong>erat,</strong></span> <span class='ocrx_word' id='word_1_950' title='bbox 1628 2914 1712 2947; x_wconf 77' lang='lat' dir='ltr'><strong>dixit;</strong></span> 
     </span>
    </p>
   </div>
  </div>
