4022 6258
529 401 635 456 479

533 530 705 582 neque
723 513 862 567 enim
889 505 1244 578 affectionem,
1269 500 1363 554 sed
1391 499 1698 567 qualitatem
1724 494 1890 558 ipsam
1923 485 2117 556 posuit.

537 581 652 661 Non
683 607 823 659 enim
856 602 1022 663 dixit,
1054 597 1204 652 Fecit
1233 600 1593 664 peccatorem,
1617 585 1708 639 sed
1732 626 1746 648 ,
1783 581 1923 634 Fecit
1949 593 2124 648 pecca-

536 710 641 750 tum
666 714 683 759 ;
719 711 844 758 non,
878 693 1013 746 Eum
1038 692 1126 758 qui
1156 694 1434 756 peccatum
1465 695 1571 734 non
1597 669 1930 745 per'petrarat
1950 711 1965 733 ,
2003 668 2122 731 sed,

534 791 634 855 Qui
661 804 726 841 ne
761 795 1032 854 peccatum
1060 781 1274 850 quidem
1303 783 1457 829 norat
1485 791 1497 825 :
1534 780 1588 823 ul
1614 779 1664 821 et
1694 781 1789 818 nos
1806 765 2122 855 efﬁciamur,

537 852 642 932 non
666 852 815 946 justi,
841 874 934 928 sed
961 871 1166 941 justitia
1200 870 1310 938 ipsa
1335 909 1347 927 .
1381 876 1542 932 atque
1585 860 1720 912 adeo
1767 855 1857 908 fici
1900 852 2122 922 iustitia.

540 971 629 1024 Dei
653 967 941 1034 enimipsa
971 973 1076 1025 est,
1108 976 1226 1015 cum
1255 975 1361 1012 non
1389 973 1455 1012 ex
1479 954 1730 1024 operibus
1779 953 1794 1017 (
1821 966 1940 1001 natu
1977 949 2030 1000 in
2066 946 2129 998 iis

539 1063 740 1117 nullam
772 1059 947 1113 labem
979 1056 1204 1109 inveniri
1239 1065 1460 1106 necesse
1486 1049 1691 1115 esset),
1718 1045 1812 1097 sed
1844 1059 1908 1098 ex
1935 1039 2130 1110 gratia,

540 1169 663 1224 qua:
692 1160 967 1221 peccatum
995 1163 1152 1201 omne
1185 1159 1404 1215 prorsus
1430 1141 1592 1204 delet,
1622 1136 1998 1207 justiﬁcamur.
2023 1132 2133 1186 Hoc

543 1258 706 1312 porro
739 1241 893 1294 simul
925 1254 1021 1292 nec
1052 1238 1245 1291 animis
1273 1233 1450 1289 etl‘erri
1481 1245 1580 1284 nos
1607 1229 1733 1284 sinit
1753 1270 1766 1290 ,
1808 1224 1950 1296 quod
1994 1224 2135 1278 Deus

545 1335 595 1387 id
630 1343 796 1387 totunt
829 1332 980 1385 nobis
1009 1329 1288 1389 tribuerit,
1323 1334 1379 1378 et
1421 1320 1664 1376 beneficii
1719 1317 2132 1387 magnitudinem

545 1425 800 1480 ostendit.
836 1424 987 1477 Prior
1012 1421 1158 1474 enim
1187 1419 1274 1471 illa
1313 1414 1446 1483 legis
1474 1421 1635 1482 atque
1664 1425 1883 1479 operum
1931 1409 2134 1475 justitia

543 1526 662 1580 est,
692 1516 803 1569 lucc
835 1529 962 1568 vero
999 1511 1091 1564 Dei
1137 1507 1366 1578 justitia.
1422 1505 1548 1558 llaec
1600 1503 1757 1571 igitur
1803 1501 2136 1570 cogitantes,

543 1608 712 1676 magis
741 1606 897 1659 verba
933 1605 1030 1656 ista
1051 1644 1066 1667 ,
1098 1615 1256 1669 quam
1285 1599 1584 1668 gehennam
1617 1595 1897 1649 timeamus
1924 1609 1938 1657 ;
1970 1593 2138 1660 magis

549 1703 643 1754 has
665 1717 779 1761 res,
807 1712 966 1766 quam
1000 1698 1168 1763 ipsum
1197 1693 1449 1746 czrlorum
1497 1704 1718 1757 regnum
1767 1687 2093 1740 admiremur
2119 1702 2136 1750 ;

548 1807 648 1844 nec
677 1805 836 1859 grave
867 1803 986 1841 esse
1013 1785 1314 1852 iudicemus
1347 1796 1501 1850 poma
1541 1779 1677 1832 afﬁci
1699 1820 1711 1840 ,
1755 1779 1845 1832 sed
1897 1792 2135 1845 peccare.

551 1885 679 1939 Nam
700 1883 907 1937 etiamsi
937 1881 1053 1946 ipse
1086 1883 1135 1932 in
1167 1894 1263 1931 nos
1294 1876 1512 1928 minime
1543 1875 2012 1934 animadverteret,
2045 1887 2140 1924 nos

553 1989 728 2029 tamen
759 1975 826 2028 de
852 1973 1004 2027 nobis
1034 1972 1161 2039 ipsis
1196 1981 1383 2037 poenas
1409 1980 1622 2019 sumere
1644 1965 1962 2017 deberemus
1987 2004 2001 2024 ,
2053 1963 2142 2030 qui

558 2080 660 2117 tam
711 2064 902 2134 ingrati
934 2064 983 2116 in
1037 2064 1172 2114 bene
1216 2059 1282 2110 de
1324 2056 1478 2108 nobis
1523 2054 1773 2107 meritum
1821 2053 2142 2105 exstitimos.

560 2158 626 2209 l'lt
655 2157 869 2226 quidem
899 2197 911 2217 ,
940 2153 1196 2207 amasium
1225 2149 1491 2217 quispiam
1521 2147 1722 2198 habens
1750 2185 1763 2204 ,
1797 2160 1938 2211 Sa-pe
1983 2143 2144 2197 etiam

559 2250 658 2300 sibi
689 2257 912 2300 mortem
946 2243 1224 2303 conscivit,
1256 2237 1398 2308 quod
1424 2253 1486 2291 ea
1511 2238 1666 2305 potiri
1700 2252 1803 2289 non
1851 2236 2143 2304 potuisset;

559 2347 718 2406 atque
749 2339 908 2391 etiam
940 2335 1158 2402 potitus,
1186 2331 1230 2385 si
1257 2330 1380 2399 quid
1414 2331 1463 2383 in
1490 2345 1605 2383 eam
1637 2328 1905 2396 peccarit,
1936 2343 2002 2380 ne
2031 2328 2148 2380 luce

561 2429 776 2497 quidem
803 2443 861 2481 se
888 2428 1104 2496 dignum
1134 2424 1402 2478 existimat
1434 2441 1446 2474 :
1497 2438 1595 2475 nos
1637 2431 1815 2475 autem
1851 2430 1954 2472 tam
2000 2420 2150 2473 beni-

562 2536 722 2587 gnum
747 2519 1026 2572 Dominum
1049 2514 1386 2571 contumeliis
1411 2514 1764 2578 incessentes,
1786 2525 1893 2565 non
1913 2511 2165 2582 nosipsos

561 2615 616 2664 in
662 2611 918 2681 gehenna:
975 2609 1241 2662 flammam
1289 2607 1629 2676 injiciemus?
1670 2605 1856 2658 Mirum
1908 2604 2105 2672 aliquid
2135 2646 2149 2671 ,

563 2703 854 2770 singulare,
885 2702 1135 2769 quodque
1177 2699 1449 2767 plerisque
1498 2696 1811 2748 incredibile
1851 2696 2150 2759 videbitur,

564 2797 737 2848 dicam
774 2811 786 2847 τ
826 2793 996 2858 major
1024 2793 1071 2843 ei
1101 2791 1188 2857 qtti
1219 2831 1230 2847 ,
1265 2803 1385 2841 cum
1417 2798 1519 2839 tam
1552 2786 1838 2856 benignum
1872 2787 2154 2841 Dominum

567 2886 896 2948 ostenderit,
931 2896 1117 2950 poenas
1151 2881 1265 2942 luit,
1289 2880 1584 2932 consolatio
1609 2879 1780 2932 futura
1807 2889 1888 2933 est
1911 2920 1922 2941 ,
1954 2881 1995 2933 si
2027 2895 2154 2934 Sana

569 2987 746 3030 mente
772 2975 860 3034 sit.
892 2988 1142 3039 eumque,
1177 2982 1232 3023 ut
1260 2987 1353 3037 par
1381 2980 1486 3038 est,
1519 2979 1681 3037 amet,
1711 2987 1868 3040 quam
1894 2972 1939 3025 ei
1963 2972 2031 3025 de
2053 2988 2157 3040 quo

569 3065 888 3134 supplicium
917 3080 1020 3116 non
1053 3061 1297 3115 sumitur.

645 3157 697 3208 4.
727 3158 900 3222 Atque
925 3155 1025 3208 hoc
1043 3153 1123 3206 vel
1143 3168 1206 3206 ex
1230 3138 1499 3205 communi
1524 3152 1910 3207 consuetudine
1929 3153 2159 3223 perspici

574 3258 766 3314 potest.
789 3246 922 3302 Nam
952 3247 1041 3316 qui
1076 3246 1344 3300 hominem
1371 3245 1471 3299 sibi
1498 3246 1832 3299 carissimum
1863 3247 2019 3306 lmsit,
2051 3256 2159 3298 tum

576 3342 803 3395 maxime
830 3341 1078 3410 quiescit,
1111 3354 1233 3392 cum
1262 3354 1291 3390 a
1323 3338 1502 3404 seipso
1549 3352 1734 3404 poenas
1778 3337 2052 3405 exegerit,
2098 3350 2162 3390 ac

575 3433 701 3486 mali
732 3429 930 3499 aliquid
965 3443 1250 3496 perpessus
1278 3426 1436 3479 fuerit
1469 3444 1480 3476 :
1512 3435 1568 3478 ut
1607 3437 1660 3479 et
1705 3425 1869 3478 David
1913 3425 2159 3492 dicebat,

579 3527 686 3595 Ego
712 3526 798 3593 qui
821 3532 992 3590 pastor
1021 3537 1164 3584 sum,
1208 3518 1434 3587 peccavi;
1453 3533 1544 3586 ego
1571 3518 1657 3586 qui
1687 3528 1860 3586 pastor
1885 3535 1995 3570 sum
2021 3561 2035 3584 ,
2067 3520 2165 3574 ini-

574 3633 671 3684 que
693 3617 768 3684 egi
793 3630 810 3665 :
831 3614 912 3664 isti
942 3611 1027 3679 qui
1065 3625 1176 3661 oves
1213 3618 1362 3672 sunt,
1397 3608 1521 3675 quid
1565 3609 1836 3678 fecerunt?
1886 3608 2123 3664 Vertatur
2146 3654 2161 3676 ,

577 3707 784 3758 obsecro
809 3745 824 3768 ,
855 3719 1036 3755 manus
1060 3712 1145 3752 tua
1170 3710 1345 3752 contra
1376 3716 1456 3752 me
1478 3710 1524 3752 et
1554 3709 1727 3753 contra
1766 3701 1972 3755 domum
2006 3704 2164 3773 patris

582 3799 674 3849 mei
701 3795 790 3868 (2.
820 3793 946 3865 Reg.
972 3793 1062 3848 24.
1091 3792 1156 3845 l7
1181 3793 1220 3860 ).
1255 3790 1331 3844 Ad
1367 3789 1481 3844 IIth
1506 3807 1626 3844 cum
1664 3791 1987 3846 Absalouem
2033 3795 2166 3845 ami-

579 3893 648 3944 sit
673 3931 686 3950 .
731 3887 1073 3958 gravissimas
1102 3902 1132 3939 a
1163 3887 1340 3954 seipso
1373 3898 1557 3953 poenas
1583 3883 1906 3951 exposcebat
1934 3900 1948 3936 :
1983 3901 2169 3953 quam-

581 3996 738 4049 quam
767 3996 870 4032 non
900 3979 1013 4046 ipse
1039 3985 1154 4030 erat
1179 4018 1192 4038 ,
1227 3977 1312 4042 qui
1344 3975 1593 4043 iujuriam
1621 3974 1907 4039 intulerat,
1938 3975 2031 4030 sed
2078 3978 2165 4046 qui

584 4081 861 4140 acceperat
887 4086 900 4133 ;
934 4067 1026 4121 sed
1059 4079 1232 4122 tamen
1257 4068 1376 4138 quia
1407 4067 1604 4134 ingenti
1632 4084 1817 4123 amore
1865 4067 2030 4121 ﬁliuni
2073 4070 2168 4124 de-

584 4167 820 4217 functum
851 4161 1308 4230 complectebatur
1332 4202 1347 4224 ,
1377 4161 1650 4213 doloribus
1677 4177 1794 4215 sese
1817 4162 2164 4225 conficiebat,

590 4257 687 4309 hac
717 4257 920 4310 ratione
952 4255 1203 4307 leviorem
1233 4253 1332 4304 sibi
1377 4251 1492 4318 ejus
1539 4269 1720 4304 casum
1768 4253 2024 4308 efﬁciens.
2081 4255 2169 4309 Sic

587 4362 682 4399 nos
707 4347 883 4412 igitur,
916 4360 1037 4397 cum
1071 4344 1121 4394 in
1147 4359 1268 4394 eum
1301 4356 1582 4408 peccamus
1607 4381 1619 4401 ,
1657 4345 1707 4394 in
1743 4358 1900 4410 quem
1951 4360 2172 4412 peccare

584 4439 806 4490 minime
835 4434 1146 4502 oportebat,
1180 4448 1386 4500 pugnam
1433 4431 1501 4485 de
1542 4431 1826 4501 nobisipsis
1875 4450 2169 4491 sumamus.

587 4531 779 4580 Annon
803 4541 894 4578 eos
921 4525 1108 4577 videtis
1131 4565 1146 4587 ,
1181 4525 1268 4593 qui
1300 4524 1615 4579 clarissimis
1640 4525 1764 4580 filiis
1793 4525 1964 4580 orbati
2008 4537 2132 4581 sunt
2153 4571 2167 4594 ,

585 4615 854 4685 quomodo
883 4615 1275 4670 discrttcier.:ttr
1301 4631 1363 4669 ac
1385 4615 1606 4684 capillos
1633 4617 1872 4683 vellant,
1918 4619 2171 4688 quoniam

585 4709 759 4761 solatii
789 4708 907 4762 loco
936 4708 1040 4762 illis
1065 4716 1147 4762 est
1173 4750 1186 4770 ,
1220 4723 1315 4774 pro
1361 4708 1424 4760 iis
1459 4723 1594 4775 quos
1639 4720 1820 4763 amant
1866 4726 1984 4766 sese
2035 4711 2173 4765 affli-

585 4800 772 4853 ctare?
796 4799 947 4865 Quod
977 4799 1018 4852 si
1045 4840 1060 4860 ,
1091 4816 1209 4850 cum
1241 4798 1370 4851 nihil
1395 4798 1517 4851 tnali
1545 4799 1595 4851 in
1621 4799 1866 4865 homines
1897 4804 2051 4857 nobis
2081 4818 2174 4856 ca-

589 4891 829 4944 rissimos
850 4888 1241 4947 adtitiserimus.
1272 4889 1512 4942 levamur
1537 4863 1734 4956 tanien,
1757 4907 1877 4945 cum
1900 4910 1962 4947 ex
1986 4911 2172 4949 eorttm

587 4980 977 5034 calamitatibus
998 4980 1186 5035 dolore
1226 4982 1323 5049 ipsi
1353 4981 1647 5045 afficimur;
1676 5001 1853 5040 annon
1900 5003 2020 5041 cum
2073 4990 2174 5058 ipsi

588 5089 795 5140 sunius,
842 5073 931 5144 qui
962 5087 1056 5127 eos
1076 5073 1141 5126 ad
1173 5073 1496 5125 iracundiam
1530 5078 1915 5132 concitavimus
1950 5090 2001 5133 et
2034 5080 2175 5147 inju-

595 5167 728 5218 riam
757 5163 1066 5226 intulimus,
1117 5163 1285 5217 multo
1333 5164 1501 5232 magis
1543 5181 1640 5218 nos
1679 5168 1944 5222 recreabit
1989 5184 2174 5238 paruas

589 5258 739 5318 dare,
771 5271 926 5324 quam
952 5271 1106 5324 paena
1135 5272 1238 5308 non
1268 5254 1445 5308 afﬁci?
1471 5254 1675 5310 Nemini
1717 5260 1766 5312 id
1813 5261 2030 5315 dubium
2073 5273 2174 5316 est.

590 5348 644 5396 Si
671 5345 790 5412 quis
820 5361 943 5414 erga
974 5345 1241 5399 Chrisnim
1271 5363 1338 5400 eo
1364 5363 1544 5401 amore
1571 5361 1672 5412 est,
1707 5367 1812 5420 quo
1842 5353 2024 5419 debet,
2050 5356 2176 5424 quid

592 5434 767 5486 dicam
813 5434 1092 5504 intelligit,
1140 5438 1431 5505 quomodo,
1488 5454 1555 5492 ne
1596 5438 1712 5508 ipso
1755 5445 1966 5512 quidem
2019 5447 2173 5516 igno-

594 5532 774 5578 sceute
798 5561 815 5590 ,
863 5525 989 5594 quin
1017 5527 1251 5597 seipsum
1277 5530 1482 5586 cruciet
1509 5546 1611 5586 non
1643 5534 1925 5591 sustinebit
1953 5556 1964 5590 :
1997 5540 2170 5594 maxi-

1280 388 1334 441 S.
1377 381 1654 440 JUANNIS
1693 365 2153 432 Clllii'b'tiSTUMi

2258 366 2522 423 RCHIEP.
2564 365 3093 422 (ῘΟΝΞΤΑΝΤΙΧΟῬ.

3715 365 3821 420 480

2232 497 2374 534 mum
2402 479 2545 535 enim
2577 482 2893 549 supplicium
2919 498 2984 535 eo
3012 481 3127 548 ipso
3153 481 3356 549 pendit,
3387 479 3527 551 quod
3558 481 3728 551 ipsum
3747 483 3816 535 ad

2231 573 2555 626 iracundiam
2588 573 2969 626 exstimulavit.
3001 570 3110 626 Nec
3135 587 3262 626 vero
3289 588 3377 627 me
3408 573 3536 642 fugit
3583 572 3821 626 incredi-

2233 664 2353 716 bilia
2383 667 2653 734 plerisque
2678 665 2842 719 videri
2871 679 2990 733 qua?
3015 666 3135 718 dico
3159 681 3173 729 ;
3208 665 3302 719 sed
3330 675 3505 719 tamen
3532 667 3599 718 ita
3626 679 3686 720 se
3727 679 3819 719 res

2235 755 2392 808 habet
2417 797 2431 820 ,
2463 767 2518 808 ut
2538 757 2667 810 dixi.
2698 755 2957 821 Quocirca
2985 756 3029 809 si
3054 753 3324 808 Christum
3349 755 3417 808 ita
3447 770 3689 809 amemus
3713 796 3728 815 .
3760 764 3820 807 ut

2233 849 2494 901 amandus
2521 858 2620 911 est,
2649 859 2989 915 peccatorum
3020 857 3326 901 nostrorum
3351 847 3828 915 ipsimetvindices

2234 940 2452 994 erimus.
2506 941 2572 994 lis
2619 943 2761 994 enim
2786 980 2801 1001 .
2850 941 2939 1009 qui
2985 939 3219 1007 cujusvis
3257 939 3490 991 hominis
3517 954 3698 993 amore
3725 940 3824 990 ila-

2236 1041 2410 1100 grant,
2437 1048 2541 1086 non
2575 1032 2699 1086 illud
2727 1033 3008 1086 molestum
3039 1041 3145 1097 est,
3170 1030 3312 1099 quod
3346 1046 3440 1098 pro
3475 1030 3681 1084 offenso
3705 1032 3822 1099 ejus

2237 1137 2396 1189 quem
2418 1133 2601 1175 ainant
2633 1124 2849 1192 gravius
2875 1122 3073 1192 aliquid
3100 1123 3388 1191 patiantur.
3420 1122 3513 1174 sed
3547 1122 3673 1176 illtnl
3697 1132 3822 1174 ante

2236 1213 2438 1274 omnia,
2467 1214 2607 1282 quod
2641 1230 2763 1267 cum
2793 1225 2950 1282 quem
2983 1213 3210 1282 diligunt
3256 1213 3597 1267 oﬂ‘enderint.
3647 1214 3725 1266 Ac
3778 1215 3822 1265 si

2237 1304 2326 1358 ille
2356 1305 2432 1357 ira
2456 1315 2777 1369 commotus,
2804 1306 3048 1374 injuriam
3079 1313 3350 1374 acceptam
3383 1321 3487 1358 thll
3516 1305 3826 1368 ulciscatur,

2242 1395 2343 1448 hoc
2367 1396 2480 1462 ipso
2506 1397 2738 1450 amicum
2761 1398 2978 1467 gravius
3003 1398 3276 1452 excruciat
3305 1415 3317 1448 :
3347 1406 3532 1452 contra
3555 1439 3570 1459 ,
3621 1397 3665 1449 si
3697 1397 3826 1465 quid

2241 1501 2518 1555 pamarum
2550 1498 2746 1550 sumat,
2781 1489 2896 1556 plus
2921 1489 2969 1544 ei
2999 1489 3278 1545 levationis
3323 1489 3498 1543 affert.
3541 1487 3620 1543 Ne
3669 1490 3833 1558 igitur

2240 1581 2540 1649 gehennam
2567 1579 3042 1649 perhorrescarnus
3065 1621 3082 1648 ,
3115 1581 3208 1636 sed
3241 1581 3292 1636 id
3341 1583 3516 1650 potius
3544 1583 3832 1636 timeamus

2243 1689 2310 1725 ne
2358 1673 2522 1726 Deum
2568 1673 2944 1730 oﬁ‘endamus:
2978 1673 3079 1727 hoc
3122 1674 3262 1727 enim
3306 1675 3395 1726 illo
3430 1675 3663 1728 atrocius
3706 1683 3832 1738 est,

2244 1779 2363 1816 cum
2394 1763 2634 1817 infensus
2661 1765 2860 1817 vultum
2886 1779 3041 1817 suum
3068 1780 3097 1816 a
3127 1765 3280 1818 nobis
3310 1765 3500 1818 avertit
3523 1782 3537 1829 ;
3572 1765 3674 1817 hoc
3696 1780 3833 1832 quo-

2245 1855 2325 1906 vis
2355 1854 2617 1923 supplicio
2645 1855 2857 1923 gravius
2883 1864 3042 1925 atque
3069 1855 3335 1909 acerbius.
3369 1858 3543 1926 Atque
3574 1867 3627 1908 ut
3665 1871 3836 1925 quan-

2249 1955 2358 1998 tum
2404 1948 2506 1998 hoc
2552 1947 2747 1998 malum
2799 1946 2870 2001 sit
2922 1947 3229 2015 intelligas,
3276 1945 3640 2000 animadverte
3689 1949 3840 2016 quod

2247 2039 2391 2092 dico.
2417 2039 2471 2092 Si
2507 2041 2627 2108 quis
2652 2056 2743 2093 rex
2784 2041 3044 2094 latronem
3087 2041 3321 2107 aliquem
3359 2055 3422 2094 ac
3470 2039 3836 2094 facinorosum

2251 2131 2522 2186 hominem
2554 2148 2740 2201 [)(Bttzts
2763 2133 3000 2188 luentem
3028 2135 3388 2201 conspiciens,
3419 2148 3600 2185 carum
3630 2143 3685 2186 et
3707 2138 3831 2188 uni-

2250 2242 2372 2279 cum
2404 2242 2465 2280 ac
2486 2240 2798 2295 germanum
2833 2227 2997 2279 ﬁlium
3043 2228 3341 2281 necandum
3386 2227 3631 2292 dederit,
3678 2240 3848 2297 atque

2253 2334 2355 2370 una
2387 2334 2508 2371 cum
2539 2327 2711 2371 morte
2752 2317 2958 2371 crimen
3007 2333 3219 2387 quoque
3265 2320 3332 2371 ab
3377 2318 3470 2372 illo
3520 2320 3583 2372 ad
3635 2321 3840 2382 lilium,

2256 2411 2411 2479 longe
2437 2410 2503 2464 ab
2531 2410 2672 2463 illius
2692 2408 2904 2479 ﬂagitiis
2931 2420 3215 2473 remotum,
3240 2413 3588 2476 transtulerit,
3611 2422 3669 2465 ut
3691 2427 3852 2466 reum

2254 2513 2307 2558 et
2337 2519 2366 2555 a
2393 2504 2656 2571 supplicio
2695 2504 2892 2558 eximat
2916 2513 2972 2558 et
3001 2505 3069 2558 ab
3111 2503 3326 2558 infamia
3373 2506 3634 2571 vindicet,
3681 2517 3846 2575 atque

2257 2597 2474 2668 insuper
2505 2595 2569 2652 ad
2598 2596 2866 2667 ingentem
2894 2596 3206 2668 dignitatem
3231 2598 3502 2655 evexerit:
3535 2613 3597 2654 ac
3647 2600 3848 2653 deinde

2259 2693 2374 2760 ipse
2397 2703 2513 2761 post
2534 2694 2747 2747 allatam
2781 2695 2857 2748 illi
2889 2694 3151 2762 ejusmodi
3181 2695 3405 2749 salutem
3434 2694 3850 2763 amplissimam-

2257 2800 2360 2852 que
2389 2786 2610 2855 gloriam
2645 2787 2710 2838 ab
2737 2802 2802 2840 eo
2822 2827 2836 2851 ,
2874 2787 2923 2840 in
2957 2802 3116 2855 quem
3148 2795 3289 2839 tanta
3321 2785 3576 2841 beneﬁcia
3603 2787 3851 2840 contule-

2261 2881 2348 2945 rit,
2373 2881 2710 2935 contumeliis
2734 2881 2994 2934 afﬁciatur
3017 2897 3031 2943 ;
3057 2896 3230 2935 annon
3261 2881 3378 2947 ille,
3408 2883 3451 2934 si
3481 2881 3643 2936 modo
3665 2894 3849 2936 mente

2259 2981 2504 3036 constet,
2540 2972 2733 3026 millies
2757 2981 2983 3025 mortem
3015 2981 3271 3040 oppetere
3300 2971 3510 3032 mallet,
3549 2985 3708 3037 quam
3739 2980 3852 3024 tam

2264 3061 2452 3130 ingrati
2501 3063 2665 3115 animi
2716 3063 2942 3116 crimine
2993 3062 3277 3115 laborare?
3317 3061 3428 3115 Hoc
3476 3062 3653 3130 itaque
3704 3077 3850 3116 nunc

2262 3167 2475 3219 quoque
2503 3152 2917 3219 perpendamus,
2953 3163 3111 3221 atque
3137 3153 3205 3204 ob
3230 3152 3492 3205 offensum
3545 3153 3851 3208 beneficum

2265 3240 2490 3292 acerbos
2505 3241 2733 3308 gemitus
2759 3231 3065 3294 emittamus
3091 3259 3104 3295 :
3138 3257 3235 3295 nec
3258 3242 3378 3309 quia
3410 3241 3616 3309 injuriis
3637 3258 3667 3294 a
3693 3244 3852 3296 nobis

2267 3332 2546 3386 lacessitus
2568 3332 2926 3402 longanimem
2961 3348 3017 3386 se
3049 3334 3280 3402 praebet,
3314 3333 3564 3388 ﬁdentem
3611 3336 3854 3389 animum

2268 3427 2647 3492 praeferamus,
2682 3440 2862 3480 verum
2894 3426 2963 3479 ob
2995 3425 3044 3478 id
3075 3441 3285 3496 quoque
3311 3427 3483 3496 ipsum
3514 3427 3855 3497 distorquea-

2269 3532 2405 3569 mur.
2431 3515 2564 3571 Nam
2593 3518 2752 3571 etiam
2779 3517 2919 3586 apud
2961 3515 3236 3582 homines,
3284 3534 3406 3571 cum
3455 3519 3572 3587 quis
3621 3521 3854 3588 impacta

2266 3610 2364 3663 sibi
2408 3610 2462 3663 in
2509 3611 2750 3665 dextram
2799 3612 3069 3664 maxillam
3115 3611 3266 3680 alapa
3321 3611 3592 3665 sinistram
3639 3628 3858 3681 quoque

2269 3703 2501 3769 praebet,
2551 3703 2809 3771 majorem
2858 3705 3113 3757 ultionem
3156 3705 3356 3766 sumit,
3409 3719 3568 3773 quam
3616 3705 3663 3757 si
3707 3705 3858 3758 mille

2270 3796 2448 3862 plagas
2481 3795 2763 3849 inflixisset
2791 3814 2805 3850 :
2833 3807 3032 3849 etcum
3066 3795 3361 3848 maledictis
3392 3796 3664 3862 impetitus
3686 3835 3702 3857 ,
3747 3812 3856 3848 non

2271 3888 2430 3938 modo
2461 3887 2738 3938 maledicta
2774 3903 2877 3939 non
2906 3888 3136 3954 regerit,
3165 3885 3258 3938 sed
3303 3887 3464 3936 etiam
3508 3886 3856 3938 conviciatori

2269 3991 2366 4028 suo
2396 3977 2563 4029 fausta
2590 3987 2842 4044 pretantur
2865 4017 2880 4042 ,
2909 3975 3125 4045 gravius
3153 3990 3275 4028 eum
3310 3973 3456 4041 ferit,
3486 3990 3644 4044 quam
3668 3977 3710 4029 si
3733 3992 3858 4030 sex-

2269 4067 2441 4120 centis
2471 4081 2592 4119 cum
2623 4066 2831 4134 probris
2857 4065 3362 4134 aspersisset.Quod
3380 4066 3424 4118 si
3450 4068 3502 4119 iu
3528 4068 3856 4133 hominibus,

2270 4172 2390 4211 cum
2418 4159 2460 4210 is
2481 4174 2636 4227 quem
2660 4157 2850 4226 injuria
2872 4156 3146 4212 all‘eeimus
3165 4158 3338 4211 lenem
3363 4173 3422 4212 se
3449 4158 3604 4213 nobis
3629 4160 3854 4228 praebet,

2272 4251 2686 4314 erubescamus;
2719 4261 2918 4321 quanto
2946 4254 3115 4321 magis
3140 4251 3191 4304 in
3224 4249 3331 4304 Deo
3367 4252 3712 4305 metuendum
3753 4251 3863 4305 illis

2275 4355 2377 4407 est,
2412 4346 2499 4414 qui
2530 4345 2781 4415 peccandi
2808 4345 2966 4399 tinent
2995 4362 3097 4399 non
3127 4345 3363 4409 faciunt,
3421 4362 3518 4399 nec
3561 4348 3860 4416 quidquam

2273 4437 2480 4492 adversi
2511 4438 2780 4506 patiuntur
2814 4456 2828 4492 :
2860 4437 3121 4508 siquidem
3154 4439 3206 4492 in
3238 4438 3427 4506 capitis
3458 4438 3691 4506 ipsorum
3739 4455 3862 4505 per-

2277 4529 2488 4592 niciem,
2521 4529 2893 4584 inenarrabilis
2917 4530 3182 4583 cruciatus
3210 4538 3533 4583 asservatur.
3558 4529 3680 4582 llzrc
3698 4531 3863 4598 igitur

2276 4621 2456 4672 animo
2483 4623 2784 4684 volventes,
2819 4632 3088 4688 peccatum
3135 4632 3259 4675 ante
3301 4621 3479 4674 omnia
3529 4621 3808 4675 timeamus
3841 4641 3861 4679 :

2279 4709 2381 4764 hoc
2410 4714 2549 4765 cnim
2579 4727 2731 4780 paena
2780 4723 2897 4778 cst,
2947 4713 3050 4767 hoc
3100 4713 3375 4782 gehenna,
3427 4710 3529 4766 hoc
3578 4713 3868 4768 innumera

2279 4803 2438 4856 mala.
2467 4802 2575 4857 Nec
2607 4820 2734 4858 vero
2763 4813 2966 4859 tantum
3001 4807 3281 4859 timeamus
3305 4845 3321 4869 ,
3353 4803 3447 4857 sed
3476 4805 3634 4859 etiam
3676 4803 3864 4876 fugia-

2278 4913 2420 4960 mus,
2443 4913 2505 4952 ac
2533 4898 2642 4952 Deo
2675 4911 2933 4970 perpetuo
2963 4901 3172 4968 placere
3200 4897 3510 4952 studeatnus
3541 4915 3555 4950 :
3590 4897 3690 4953 hoc
3715 4902 3862 4954 enim

2280 5006 2498 5060 regnum
2525 4999 2627 5059 est,
2655 4992 2757 5048 hoc
2787 4996 2907 5057 vita,
2943 4991 3044 5045 ltoc
3076 4991 3348 5044 innumera
3379 4989 3536 5045 bona.
3568 4990 3639 5045 Ita
3671 4991 3762 5046 fiet
3807 5005 3866 5047 ut

2279 5089 2333 5134 et
2385 5081 2470 5134 hic
2509 5081 2616 5150 jam
2668 5098 2831 5150 regno
2878 5082 3173 5150 potiattmr,
3205 5087 3258 5133 et
3295 5081 3484 5136 futuris
3513 5082 3667 5136 bonis
3697 5101 3710 5136 :
3745 5099 3868 5152 quas

2281 5173 2478 5227 utinam
2509 5191 2695 5228 omnes
2715 5188 3105 5240 consequantur
3124 5213 3139 5236 ,
3169 5186 3264 5241 per
3285 5173 3508 5242 gratiam
3529 5188 3592 5228 ac
3617 5173 3866 5244 benigni"

2284 5275 2443 5320 tatem
2469 5269 2675 5321 Domini
2700 5269 2865 5321 nostri
2895 5266 3021 5320 Jesu
3050 5267 3281 5332 Christi,
3306 5270 3392 5324 cui
3436 5285 3558 5324 cum
3607 5270 3765 5324 Patre
3813 5279 3864 5324 et

2281 5359 2481 5429 Spiritu
2512 5372 2697 5416 sancto
2719 5360 2907 5430 gloria,
2939 5360 3242 5429 imperium,
3271 5361 3466 5430 honor,
3490 5379 3630 5419 nunc
3647 5374 3701 5419 et
3724 5377 3867 5420 sem-

2283 5469 2396 5523 per,
2421 5466 2472 5508 et
2500 5457 2550 5510 in
2573 5454 2768 5510 smcula
2792 5453 3132 5508 sa'culorum.
3160 5457 3350 5512 Amen.
