4022 6258
305 403 409 458 £79

303 516 554 584 μέγεθος.
597 516 811 587 Ἐκείνη
854 517 959 587 γὰρ
988 519 1020 585 ἡ
1064 518 1301 588 προτέρα
1344 520 1511 588 νόμου
1556 521 1650 572 καὶ
1701 520 1879 590 ἔργων

298 605 636 679 δικαιοσύνη,
668 607 808 677 αὕτη
838 608 895 660 δὲ.
924 608 1060 662 Θεοῦ
1090 609 1428 680 δικαιοσύνη.
1461 610 1627 663 Ταῦτ’
1664 606 1755 663 οὖν
1790 611 1876 662 ἐν·

297 699 590 766 νοήσαντες
617 698 947 769 φοϐηθῶμεν
967 701 1066 770 τῆς
1087 701 1312 770 γεέννης
1342 701 1546 771 μᾶλλον
1565 702 1634 754 τά
1657 703 1876 773 ῥήματα

296 785 489 849 ταῦτα,
513 786 851 858 αίδεσθῶμεν
876 789 1077 859 μᾶλλον
1098 794 1196 861 τῆς
1221 790 1499 859 βασιλείας
1517 791 1588 845 τά
1617 794 1878 863 πράγμα-

295 891 384 939 τα,
409 878 504 929 καὶ
540 879 615 947 μὴ
653 879 967 950 νομίσωμεν
989 880 1223 950 χαλεπὸν
1262 877 1401 936 εἶναι
1430 882 1490 934 τὸ
1523 884 1872 947 κολάζεσθαι,

292 965 429 1021 ἀλλά
449 967 510 1021 τὸ
534 970 893 1040 ἁμαρτάνειν.
925 974 1036 1025 Kal
1065 972 1172 1040 γάρ
1206 973 1370 1035 αὐτὸς
1409 975 1459 1026 εἰ
1507 976 1580 1044 μὴ
1613 974 1873 1039 ἐκόλαζεν

290 1059 460 1128 ἡμᾶς,
488 1061 686 1123 αὐτοὺς
705 1063 872 1134 ἐχρῆν
899 1064 1198 1133 ἀπαιτῆσαι
1225 1064 1380 1134 δίκην
1406 1067 1658 1131 ἑαυτοὺς,
1693 1067 1867 1131 οὓτως

288 1148 609 1220 ἀγνώμονας
651 1155 780 1224 περὶ
809 1157 900 1207 τὸν
933 1154 1230 1225 εὐεργέτην
1269 1157 1614 1226 γενομένους.
1663 1158 1776 1211 Νῦν
1814 1159 1869 1211 δὲ

288 1243 573 1313 ἐρωμένην
614 1246 713 1314 μέν
747 1263 830 1307 τις
875 1246 1030 1314 ἔχων,
1077 1247 1340 1311 πολλάκις
1383 1251 1474 1304 καὶ
1514 1251 1706 1303 ἐαυτὸν
1741 1268 1872 1304 κατ-

285 1331 510 1402 έσφαξε,
541 1335 615 1405 μὴ
636 1335 812 1404 τυχὼν
832 1337 925 1391 τοῦ
950 1338 1172 1409 ἔρωτος·
1199 1343 1295 1395 καὶ
1311 1342 1492 1413 τυχὼν
1512 1344 1590 1407 δὲ,
1616 1345 1795 1416 πεπλη
1806 1364 1871 1415 μ-

289 1425 545 1496 μεληκὼς
584 1430 665 1491 είς
699 1429 868 1501 αὐτὴν
889 1468 905 1494 ,
939 1431 1060 1484 ούδέ
1094 1435 1242 1499 ἀξιον
1289 1438 1388 1505 ζῇν
1418 1437 1631 1505 ἡγεῖται
1653 1451 1668 1467 ο
1701 1439 1779 1500 είς
1812 1437 1869 1489 δὲ

284 1517 376 1570 τὸν
408 1517 552 1572 οὕτω
597 1521 981 1592 φιλάνθρωπον
1016 1526 1109 1578 καὶ
1152 1527 1358 1597 ἥμερον
1393 1528 1738 1599 ὑϐρίζοντες,
1770 1531 1868 1599 οὐχ

285 1610 513 1672 ἑαυτοὺς
544 1609 889 1682 ἐμϐαλοῦμεν
919 1615 998 1677 είς
1043 1617 1104 1667 τὸ
1147 1616 1259 1687 πῦρ
1287 1619 1384 1686 τῆς
1412 1620 1675 1690 γεέννης;
1716 1623 1869 1674 Εἴπω

282 1714 332 1749 τι
400 1699 702 1769 παράδοξον
756 1703 849 1755 καὶ
897 1703 1245 1774 θαυμαστὸν,
1306 1708 1401 1760 καὶ
1461 1708 1680 1772 πολλοῖς
1739 1709 1870 1775 ἴσως

283 1787 537 1841 ἄπιστον·
579 1791 782 1860 μείζων
823 1795 974 1848 ἔσται
1028 1797 1354 1867 παραμυθία
1405 1798 1482 1860 τῷ
1517 1801 1864 1871 κολαζομένῳ

284 1879 422 1944 μετά
449 1881 510 1933 τὸ
544 1882 848 1953 παροξῦναι
886 1887 977 1938 τὸν
1007 1887 1148 1940 οὕτω
1181 1889 1584 1957 φιλάνθρωπον,
1616 1891 1710 1944 ἐὰν
1739 1891 1864 1946 νοῦν

279 1968 399 2042 ἔχῃ,
432 1972 524 2023 καὶ
559 1973 687 2044 φιλῇ
721 1975 812 2027 τὸν
843 1978 1141 2046 Δεσπότην,
1175 1979 1249 2040 ὡς
1283 1979 1457 2048 φιλεῖν
1485 1983 1584 2047 δεῖ,
1680 1983 1757 2052 τῷ
1787 1984 1861 2055 μὴ

279 2060 652 2131 κολαζομένῳ.

349 2146 404 2198 δ’.
449 2151 558 2202 Καὶ
585 2151 744 2203 τοῦτο
770 2155 863 2205 καὶ
885 2155 995 2206 ἀπὸ
1029 2156 1126 2224 τῆς
1165 2158 1350 2227 κοινῆς
1388 2160 1672 2230 συνηθείας
1722 2165 1865 2221 ἔστιν

281 2236 426 2292 ἰδεῖν.
463 2239 520 2292 Ὀ
544 2241 651 2312 γὰρ
675 2247 751 2305 εἰς
774 2245 863 2296 τὸν
888 2249 1139 2314 φίλτατον
1161 2250 1460 2321 ἡδικηκὼς,
1481 2255 1596 2306 τότε
1625 2255 1859 2324 μάλιστα

274 2329 638 2395 ἀναπαύεται,
675 2335 802 2387 ὅταν
830 2337 1022 2389 ἐαυτὸν
1053 2341 1334 2411 ἀπαιτήσῃ
1365 2342 1542 2414 δίκην,
1583 2348 1676 2397 καὶ
1709 2348 1859 2420 πάθῃ

275 2421 461 2484 κακῶς
485 2441 499 2453 ·
529 2425 718 2496 ῶσπερ
750 2423 841 2480 οὖν
872 2429 967 2481 καὶ
996 2432 1024 2482 ό
1057 2430 1218 2485 Δαυῒδ
1248 2433 1452 2501 ἔλεγεν,
1668 2441 1700 2490 ό
1730 2455 1860 2490 ποι-

272 2510 396 2578 μὴν
429 2513 717 2590 ἥμαρτον,
763 2518 862 2571 καὶ
895 2519 1010 2587 ἐγὼ
1051 2524 1084 2574 o’
1131 2523 1357 2590 ποιμὴν
1401 2524 1852 2593 ἐκακοποίησα·

272 2602 373 2656 καὶ
405 2599 594 2667 οὗτοι,
624 2608 690 2658 τὸ
713 2609 1017 2676 ποίμνιον,
1040 2612 1098 2662 τί
1129 2613 1464 2681 ἐπυι¹ησαν;
1494 2617 1774 2670 Γενέσθω
1813 2620 1851 2686 ἠ

269 2691 401 2760 χείρ
428 2708 545 2746 σου
574 2695 646 2747 ἐν
674 2697 755 2762 τῷ
778 2699 921 2762 οἴκῳ
948 2700 1055 2754 τοῦ
1078 2705 1304 2769 πατρός
1325 2723 1464 2772 μου.
1497 2707 1607 2758 Καὶ
1640 2709 1729 2759 ὅτε
1761 2710 1854 2761 τὸν

297 2782 637 2871 Αϐεσσαλὼμ
696 2786 979 2852 ἀπώλεσε,
1039 2791 1197 2861 δίκην
1256 2795 1447 2847 ἐαυτὸν
1506 2799 1706 2868 ἀπῄτει
1756 2799 1853 2871 τὴν

269 2868 525 2938 ἐσχάτην·
556 2871 732 2925 καίτοι
757 2891 819 2941 γε
848 2877 945 2929 οὐκ
987 2872 1056 2947 ἦν
1086 2879 1247 2942 αὐτὸς
1277 2883 1305 2933 ό
1333 2883 1635 2954 ἠδικηκὼς,
1671 2888 1786 2940 ἀλλ’
1810 2868 1853 2941 ’ὁ

268 2958 633 3031 ἠδικημένος·
691 2965 807 3018 ἀλλ’
854 2967 1003 3038 ὅμως
1049 2971 1236 3042 ἐπειδὴ
1292 2974 1495 3045 σφόδρα
1543 2977 1715 3045 ἐφίλει
1759 2979 1852 3034 τὸν

266 3050 570 3105 ἀπελθόντα
593 3095 607 3119 ,
657 3057 965 3113 κατέτεινεν
1007 3061 1199 3114 ἐαυτὸν
1232 3067 1352 3127 ταῖς
1390 3066 1606 3132 ὀδύναις
1631 3111 1644 3132 ,
1677 3070 1851 3143 ταύτῃ

267 3144 760 3217 παραμυθούμενος
814 3151 1026 3208 ἐαυτόν.
1088 3157 1199 3208 Kal
1256 3158 1417 3226 ἡμεῖς
1472 3161 1673 3227 τοίνυν,
1724 3164 1854 3217 ὅταν

265 3235 670 3311 ἀμαρτάνωμεν
717 3244 798 3305 είς
830 3243 890 3297 ὃν
926 3246 1025 3299 οὐκ
1070 3249 1235 3318 ἐχρῆν
1287 3248 1439 3323 [519]
1489 3254 1849 3325 ἁμαρτάνειν,

262 3326 420 3398 δίκην
447 3329 672 3395 ἑαυτοὺς
699 3334 1041 3406 ἀπαιτῶμεν.
1070 3339 1182 3409 Οὐχ
1206 3342 1374 3411 ὁρᾶτε
1401 3343 1528 3408 τοὺς
1555 3345 1852 3401 ἀποϐαλόν-

262 3434 359 3479 τας
394 3421 589 3485 παῖδας
627 3427 916 3494 γνησίους,
958 3429 1041 3481 ὅτι
1086 3430 1175 3484 διὰ
1213 3432 1372 3487 τοῦτο
1421 3429 1514 3488 καὶ
1558 3439 1850 3493 κόπτονται

263 3509 359 3560 καὶ
392 3510 584 3579 τρίχας
626 3514 931 3583 τίλλουσιν,
981 3521 1169 3590 ἐπειδὴ
1221 3529 1580 3594 παραμυθίαν
1633 3533 1744 3600 ἔχει
1791 3533 1851 3585 τὸ

261 3600 513 3665 κολάζειν
536 3607 761 3669 ἑαυτοὺς
797 3610 938 3681 ὑπὲρ
967 3613 1079 3665 τῶν
1106 3614 1447 3686 φιλουμένων
1471 3638 1483 3684 ;
1523 3623 1583 3674 Εἰ
1615 3625 1693 3686 δὲ,
1721 3627 1849 3678 ὅταν

265 3693 430 3764 μηδὲν
477 3697 846 3768 ἐργασώμεθα
893 3705 1055 3772 ἡμεῖς
1111 3708 1236 3770 τοὺς
1293 3710 1581 3777 φιλτάτους
1641 3715 1843 3780 δεινὸν,

263 3784 419 3855 φέρει
446 3789 803 3858 παραμυθίαν
831 3795 964 3863 ἡμῖν
993 3796 1054 3848 τὸ
1085 3799 1271 3862 κακῶς
1301 3801 1555 3871 πάσχειν,
1587 3805 1730 3877 ὑπὲρ
1769 3803 1847 3860 ὧν

261 3877 457 3930 ἐκεῖνοι
481 3878 666 3944 κακῶς
689 3884 1022 3939 πεπόνθασιν
1042 3904 1055 3918 ’
1084 3890 1212 3946 ὅταν
1235 3893 1390 3945 αὐτοὶ
1427 3887 1578 3964 ῶμεν
1612 3899 1660 3950 οί
1705 3916 1845 3969 παρ-

258 3966 545 4060 οξύναντες
588 3973 681 4026 καὶ
735 3975 1057 4047 ύϐρικότες,
1098 3982 1156 4034 ού
1218 3983 1395 4055 πολλῷ
1449 3986 1651 4056 μᾶλλον
1699 3966 1846 4060 ἡμας

257 4059 566 4150 ἀναπαύσει
614 4065 690 4150 τὸῖ
717 4065 875 4137 δίκην
905 4069 1109 4137 δοῦναι,
1159 4074 1193 4144 ἢ
1239 4075 1299 4128 τὸ
1351 4076 1426 4147 μὴ
1462 4091 1486 4118 ιι
1519 4079 1844 4144 κολάζεσθαι

259 4149 514 4241 κόλασιν;
545 4153 716 4207 Παντί
742 4173 843 4210 που
871 4160 1050 4229 δῆλον.
1087 4164 1155 4216 EF
1179 4183 1262 4228 τις
1295 4167 1442 4234 φιλεῖ
1467 4169 1560 4222 τὸν
1585 4172 1839 4241 Χριστὸν,

254 4237 538 4331 ὡςῌφιλεῖν
559 4243 656 4301 δεῖ.
691 4241 832 4297 οἶδεν
861 4249 890 4300 ὃ
919 4250 1061 4317 λέγω
1081 4292 1095 4315 ,
1125 4255 1240 4316 πῶς
1273 4257 1396 4310 ούδέ
1428 4260 1592 4312 αὐτοῦ
1623 4237 1838 4331 συγχωέ

258 4326 479 4422 ρομῦντος
511 4331 761 4422 ἀνέξεται
794 4336 869 4406 μὴ
915 4340 1258 4402 κολάζεσθαι·
1303 4347 1402 4417 τὴν
1433 4351 1541 4418 γάρ
1573 4326 1839 4422 μεγίστην

253 4418 480 4474 κόλασιν
517 4421 809 4494 ὑπομένεις
845 4429 1157 4499 παροξύνας
1199 4434 1382 4488 αὐτόν.
1432 4439 1540 4491 Καὶ
1577 4418 1700 4492 οἰδα
1738 4418 1839 4511 μέν

251 4512 366 4575 τοῖς
399 4512 610 4579 πολλοῖς
642 4516 848 4574 ἄπιστα
875 4518 1084 4591 -λέγων,
1131 4524 1271 4598 πλὴν
1317 4526 1435 4582 ἀλλ’
1481 4529 1655 4595 οὕτως
1689 4535 1838 4589 ἐστὶν

315 4725 770 4811 ξξ-ἱεεξοξειιᾳυω,
808 4743 864 4810 ιιι
899 4741 1089 4811 aptavit
1114 4740 1328 4794 Savilius
1348 4749 1402 4795 et
1423 4745 1678 4811 Inlerpres
1705 4749 1836 4801 Lali-

255 4808 345 4843 nus
363 4792 507 4855 legit.
533 4792 650 4844 Edil
693 4792 775 4846 καὶ
807 4800 863 4848 τὸ
884 4800 970 4863 μή.

1345 403 1410 456 IN
1456 402 1671 459 EPIST.
1707 404 1751 458 II
1793 403 1883 457 AD
1921 402 2079 458 COR.
2124 402 2359 459 HOMIL.
2396 401 2506 456 ΧΠ.

3460 408 3564 460 4ζο

1979 520 2167 589 ῶσπερ
2198 521 2416 591 εἴρηκα.
2457 517 2580 570 Ἑάν
2612 517 2791 569 τοίνυν
2822 515 3064 585 φιλῶμεν
3093 517 3183 570 τὸν
3209 519 3462 588 Χριστὸν,
3492 540 3564 582 ως

1980 613 2155 680 φιλεῖν
2200 613 2314 676 δεῖ,
2368 611 2594 672 ἐαυτοὺς
2646 609 3078 679 τιμωρησόμεθα
3130 611 3562 681 ἁμαρτάνοντες.

1979 702 2105 765 Τοῖς
2125 702 2233 772 γὰρ
2257 701 2477 754 ὁτουοῦν
2500 699 2699 768 ἐρῶσιν
2723 700 2783 752 ού
2804 700 2865 752 τὸ
2887 700 3055 752 κακόν
3079 716 3131 753 τι
3152 702 3348 754 παθεῖν
3378 704 3560 772 ἀηδὲς,

1979 795 2120 866 ὑπὲρ
2159 789 2234 847 ὧν
2272 793 2600 863 παρώξυναν
2653 791 2745 844 τὸν
2790 791 3086 861 ἐρώμενον,
3133 793 3249 844 ἀλλ’
3283 793 3418 845 αὐτὸ
3456 795 3564 863 πρὸ

1977 887 2194 940 πάντων
2221 885 2281 937 τὸ
2303 884 2602 952 παροξῦναι
2629 883 2718 935 τὸν
2741 883 3126 951 ἀγαπώμενον.
3149 883 3264 936 Κᾶν
3283 883 3561 952 ὀργισθεὶς

1974 967 2128 1038 οὗτος
2170 977 2244 1045 μὴ
2275 975 2500 1045 κολάσῃ,
2545 973 2809 1043 μειζόνως
2841 972 3130 1026 ἐϐασάνισε
3160 973 3250 1024 τὸν
3278 973 3517 1042 ἐραστήν
3544 990 3556 1002 ·

1974 1064 2039 1117 ἂν
2078 1064 2134 1117 δὲ
2173 1063 2330 1132 δίκην
2377 1065 2679 1134 ἀπαιτήσῃ,
2733 1063 2935 1133 μᾶλλον
2976 1063 3427 1133 παρεμυθήσατο.
3468 1065 3558 1132 Μὴ

1973 1155 2153 1209 τοίνυν
2209 1157 2433 1224 γέενναν
2492 1155 2820 1225 φοϐώμεθα,
2873 1155 3009 1208 ἀλλά
3061 1158 3123 1209 τὸ
3186 1156 3558 1226 προσκροῦσαι

1973 1247 2050 1315 τῷ
2104 1246 2257 1315 Θεῷ·
2317 1243 2475 1299 τοῦτο
2530 1245 2638 1315 γὰρ
2691 1245 2901 1297 ἐκείνου
2954 1244 3365 1316 χαλεπώτερον,
3431 1248 3560 1299 ὅταν

1971 1337 2384 1408 ἀποστρέφηται
2437 1337 2819 1408 ὀργιζόμενος·
2855 1336 3016 1388 τοῦτο
3067 1337 3285 1390 πάντων
3339 1340 3557 1407 χεῖρον,

1970 1429 2130 1483 τοῦτο
2174 1432 2392 1483 πάντων
2438 1428 2861 1499 φορτικώτερον.
2889 1429 3000 1482 Kal
3029 1429 3117 1480 ἴνα
3156 1429 3335 1499 μάθῃς
3371 1429 3559 1499 ἡλίκον

1971 1522 2138 1585 ἐστὶν,
2188 1521 2440 1592 ἐννόησον
2479 1521 2637 1574 τοῦτο
2691 1521 2719 1573 δ
2758 1521 2920 1588 λέγω.
2969 1519 3034 1572 El’
3069 1537 3151 1582 τις
3199 1519 3558 1590 κολαζόμενον

1974 1611 2096 1663 ἰδὼν
2139 1612 2425 1681 ἄνθρωπον
2463 1613 2667 1682 λῃστὴν
2721 1614 2817 1665 καὶ
2859 1611 3202 1680 κακοῦργον,
3244 1610 3404 1674 αὐτὸς
3460 1610 3554 1680 βα-

1972 1707 2152 1766 σιλεὺς
2223 1705 2336 1767 ὢν,
2410 1705 2502 1758 τὸν
2573 1704 2860 1775 ἀγαπητὸν
2943 1706 3057 1758 υἱὸν
3129 1707 3221 1758 τὸν
3292 1708 3552 1774 μονογενῆ

1970 1794 2062 1845 καὶ
2100 1793 2323 1862 γνήσιον
2366 1793 2568 1845 ἔδωκεν
2610 1793 2750 1844 ὥστε
2798 1793 3096 1862 σφαγῆναι,
3141 1795 3234 1845 καὶ
3288 1795 3425 1863 μετά
3461 1793 3552 1845 τοῦ

1968 1887 2199 1940 θανάτου
2235 1888 2330 1940 καὶ
2362 1887 2460 1958 τὴν
2507 1885 2685 1940 αἰτίαν
2720 1887 2814 1939 ἀπ’
2845 1886 3056 1939 ἐκείνου
3091 1886 3430 1955 μετήνεγκεν
3461 1886 3555 1938 ἐπὶ

1965 1977 2054 2029 τὸν
2085 1976 2200 2029 υἱὸν
2222 1977 2323 2029 ούκ
2346 1977 2476 2029 ὄντα
2500 1975 2762 2037 τοιοῦτον,
2789 1977 2877 2028 ἵνα
2905 1978 2996 2028 καὶ
3029 1974 3178 2046 σώσῃ
3211 1975 3300 2027 τὸν
3332 1980 3553 2028 κατάδι-

1967 2086 2079 2129 κον,
2131 2068 2226 2120 καὶ
2266 2067 2366 2136 τῆς
2413 2068 2654 2136 πονηρᾶς
2705 2068 3027 2136 ὑπολήψεως
3069 2064 3378 2135 ἀπαλλάξῃ,
3432 2061 3552 2117 εἶτα

1967 2159 2106 2227 μετὰ
2127 2157 2297 2210 ταῦτα
2322 2159 2400 2221 είς
2429 2159 2671 2226 μεγάλην
2696 2158 2869 2228 ἀρχὴν
2893 2157 3050 2210 αὑτὸν
3077 2155 3391 2224 ἀναγαγὼν,
3415 2157 3551 2224 μετά

1962 2251 2060 2318 τὴν
2099 2251 2373 2319 σωτηρίαν
2396 2251 2489 2303 καὶ
2513 2254 2608 2318 τὴν
2633 2250 2790 2315 δόξαν
2817 2249 2915 2319 τὴν
2942 2248 3271 2319 ἀπόρρητον,
3299 2247 3554 2318 ὑϐρίζετο

1965 2339 2113 2410 παρά
2153 2339 2244 2390 τοῦ
2272 2339 2495 2392 τοιαῦτα
2524 2339 2853 2403 πεπονθότος
2873 2356 2886 2370 ο
2917 2339 3016 2391 οὐκ
3047 2338 3109 2391 ἂν
3145 2340 3319 2391 είλετο
3353 2340 3551 2408 μυριά-

1963 2447 2047 2491 κις
2080 2429 2372 2481 ἀποθανεῖν
2423 2432 2629 2491 ἐκεῖνος
2652 2469 2666 2491 ,
2699 2431 2752 2482 εί
2793 2447 2855 2497 γε
2886 2430 3011 2482 νοῦν
3046 2427 3213 2499 εἶχεν,
3250 2429 3282 2498 ἡ
3315 2430 3552 2501 τοσαύτῃ

1961 2515 2323 2585 ἀγνωμοσύνῃ
2357 2517 2590 2586 φανῆναι
2635 2517 2939 2579 ὑπεύθυνος
2973 2518 3091 2582 (Iw;
3136 2519 3307 2571 Τοῦτο
3456 2519 3550 2570 καὶ

1959 2607 2052 2657 νῦν
2082 2605 2445 2674 λογιζώμεθα,
2480 2606 2577 2658 καὶ
2610 2606 2885 2674 στένωμεν
2917 2606 3128 2675 πικρῶς
3172 2607 3258 2673 ἐφ’
3293 2602 3374 2668 οἷς
3411 2625 3550 2677 παρ·-

1958 2696 2244 2764 ωξύναμεν
2271 2696 2364 2749 τὸν
2389 2697 2686 2767 εὐεργέτην
2757 2695 2916 2766 μηδὲ,
2947 2696 3136 2767 ἐπειδὴ
3177 2697 3548 2766 μακροθύμως

1957 2786 2313 2855 ὑϐριζόμενος
2351 2785 2542 2856 φέρει,
2583 2786 2672 2840 διά
2717 2787 2878 2840 τοῦτο
2928 2786 3242 2857 θαρρῶμεν,
3295 2787 3430 2841 ἀλλά
3478 2788 3546 2841 δι’

1957 2878 2088 2929 αὐτὸ
2121 2878 2217 2947 μὲν
2242 2874 2335 2929 οὖν
2362 2878 2522 2930 τοῦτο
2547 2877 2894 2947 δακνώμεθα.
2926 2878 3034 2932 Καὶ
3063 2879 3171 2947 γὰρ
3197 2879 3289 2930 ἐπὶ
3311 2877 3420 2930 τῶν
3448 2879 3543 2930 ἀν·-

1959 2967 2216 3039 θρώπων,
2266 2969 2393 3021 ὃταν
2427 2986 2510 3032 τις
2542 2967 2772 3040 πληγεὶς
2814 2970 2914 3039 τὴν
2958 2969 3138 3034 δεξιὰν
3182 2970 3406 3037 σιαγόνα
3430 3011 3444 3034 ,
3472 2969 3547 3040 δῷ

1957 3064 2053 3114 καὶ
2084 3063 2184 3133 τὴν
2218 3063 2546 3134 ἀριστεράν,
2581 3063 2842 3132 μειζόνως
2873 3062 3164 3134 ἀμύνεται,
3200 3062 3232 3133 ἢ
3263 3065 3312 3114 εί
3346 3063 3547 3132 μυρίας

1955 3152 2126 3204 ἔδωκε
2153 3153 2390 3218 πληγάς·
2425 3153 2519 3204 καὶ
2558 3154 2686 3204 ὅταν
2729 3153 3085 3222 λοιδορηθεὶς,
3131 3154 3206 3222 μὴ
3261 3152 3421 3220 μόνον
3445 3153 3546 3203 οὐκ

1954 3243 2390 3314 ἀντιλοιδορήσῃ,
2445 3242 2582 3296 ἀλλά
2636 3244 2735 3295 καὶ
2790 3242 3095 3312 εύλογὴσῃ,
3159 3242 3542 3311 χαλεπώτερον

1953 3333 2210 3404 ἐπληξεν,
2244 3333 2277 3404 ἢ
2308 3334 2356 3386 εί
2391 3332 2607 3402 μυρίοις
2644 3333 2904 3385 ὀνείδεσιν
2945 3331 3194 3383 ἐπλυνεν.
3242 3330 3303 3382 EE
3347 3330 3402 3382 δὲ
3453 3329 3542 3381 ἐπ’

1953 3425 2277 3498 ἀνθρώπων,
2304 3427 2432 3480 ὅταν
2473 3424 2785 3496 ὑϐρίζοντες
2819 3423 3200 3493 μακροθυμίας
3257 3421 3540 3474 ἀπολαύω-

1956 3535 2090 3587 μεν,
2126 3517 2622 3589 καταισχυνόμεθα·
2647 3515 2796 3589 [520]
2826 3515 3005 3586 πολλῷ
3043 3516 3242 3586 μᾶλλον
3272 3516 3363 3567 ἐπὶ
3404 3514 3538 3567 Θεοῦ

1952 3609 2244 3662 δεδοικέναι
2273 3611 2379 3679 χρὴ
2418 3611 2544 3672 τοὺς
2571 3610 2984 3679 ἁμαρτάνοντας
3012 3605 3299 3676 διηνεκῶς,
3333 3606 3425 3656 καὶ
3450 3605 3540 3657 ού-

1949 3696 2041 3748 δέν
2081 3698 2389 3767 πάσχοντας
2428 3699 2636 3750 δεινόν·
2689 3698 2783 3750 καὶ
2815 3701 2923 3768 γάρ
2959 3698 3052 3748 καὶ
3099 3697 3190 3748 ἐπὶ
3243 3695 3398 3764 κακῷ
3440 3695 3537 3762 τῆς

1949 3789 2158 3842 ἑαυτῶν
2198 3789 2442 3858 κεφαλῆς
2484 3791 2517 3859 ἡ
2556 3790 2762 3858 άφατος
2800 3791 2985 3851 αὐτοῖς
3023 3789 3414 3858 θησαυρίζεται
3463 3805 3537 3839 τι·

1952 3882 2151 3952 μωρία.
2189 3881 2354 3935 Ταῦτ’
2382 3879 2475 3935 οῦν
2508 3880 2835 3946 ἐννοοῦντες,
2871 3883 2976 3952 πρὸ
3011 3881 3228 3934 πάντων
3260 3879 3534 3950 ἁμαρτίαν

1948 3974 2264 4046 φοϐώμεθα·
2305 3974 2472 4028 ’τοῦτο
2511 3974 2619 4042 γάρ
2651 3974 2904 4038 κόλασις,
2937 3973 3094 4026 τοῦτο
3127 3972 3339 4040 γέεννα,
3376 3970 3534 4023 τοῦτο

1947 4066 2017 4118 τά
2070 4066 2238 4136 μυρία
2278 4068 2444 4120 κακά.
2493 4066 2585 4136 Μὴ
2623 4065 2918 4136 φοϐώμεθα
2949 4065 3005 4118 δὲ
3049 4064 3228 4135 μόνον,
3264 4061 3399 4115 ἀλλά
3437 4063 3534 4115 καὶ

1948 4158 2241 4226 φεύγωμεν
2264 4199 2276 4216 ,
2308 4159 2402 4209 καὶ
2426 4157 2503 4228 τῷ
2539 4158 2658 4226 Θεῷ
2698 4157 3091 4226 σπουδάζωμεν
3118 4154 3380 4226 διηνεκῶς
3404 4154 3533 4225 ἀρέ-

1948 4265 2116 4302 σκειν·
2147 4247 2307 4300 τοῦτο
2338 4248 2446 4318 γάρ
2469 4247 2735 4318 βασιλεία,
2758 4246 2924 4300 τοῦτο·
2941 4246 3074 4316 ζωὴ,
3099 4245 3255 4298 τοῦτο
3273 4247 3341 4297 τά
3362 4245 3532 4313 μυρία

1947 4340 2108 4394 καλά.
2145 4341 2303 4395 Οῦτω
2336 4343 2430 4395 καὶ
2459 4342 2706 4395 ἐντεῦθεν
2734 4343 2836 4412 ἤδη
2865 4341 2966 4411 τῆς
3000 4338 3277 4411 βασιλείας
3308 4339 3531 4389 ἐπιτευ-

1948 4430 2170 4502 ξόμεθα,
2194 4434 2291 4487 καὶ
2315 4434 2424 4488 τῶν
2451 4435 2752 4506 μελλόντων
2779 4433 3021 4504 ἀγαθῶν·
3057 4425 3134 4487 ὧν
3159 4433 3368 4501 γένοιτο
3394 4429 3533 4483 πάν-

1943 4541 2043 4587 τας
2072 4526 2220 4595 ἡμᾶς
2243 4527 2540 4596 ἐπιτυχεῖν,
2568 4529 2750 4597 χάριτι
2773 4530 2868 4580 καὶ
2893 4525 3277 4596 φιλανθρωπίᾳ
3301 4523 3393 4576 τοῦ
3426 4524 3533 4575 Ku-

1946 4620 2064 4690 ρίου
2104 4618 2263 4688 ἡμῶν
2307 4619 2484 4690 Ἰησοῦ
2522 4619 2782 4689 Χριστοῦ,
2833 4618 2952 4688 μεθ’
2997 4614 3057 4673 οῦ
3087 4618 3164 4688 τῷ
3202 4619 3377 4686 Πατρὶ
3411 4617 3529 4685 ἅμα

1943 4712 2020 4782 τῷ
2049 4711 2189 4780 ἀγίῳ
2217 4712 2496 4781 Πνεύματι
2523 4710 2671 4776 δόξα,
2713 4711 2934 4781 κράτος,
2969 4710 3127 4780 τιμὴ,
3162 4710 3255 4762 νῦν
3289 4711 3382 4762 καὶ
3414 4710 3524 4775 ἀεὶ,

1943 4805 2035 4858 καὶ
2065 4805 2143 4866 είς
2172 4802 2299 4864 τοὺς
2329 4803 2531 4868 αἰῶνας
2561 4803 2668 4859 τῶν
2694 4803 2925 4859 αἰώνων.
2977 4803 3174 4874 Ἀμήν.
