3980 6222
454 384 553 444 εει

1178 378 1236 435 s.
1281 364 1571 436 Jomms
1608 372 2042 433 CIIRYSOSTO}

2163 370 2488 429 Αιιοιιιεῐι.
2532 369 3084 428 CONSTANTINOP.

517 532 3713 561 ww

1887 639 2133 693 OMIAIA
2182 636 2282 692 lB'.

457 781 896 851 Συνεργοῦντες
918 778 987 851 δέ
1007 778 1104 831 καὶ
1124 774 1621 851 ξτιξιῖρκίιιὲοὖμενρ
1639 776 1726 845 μὴ
1742 778 1830 851 εις
1855 775 2037 851 κενρν

525 844 843 931 {th-ridi
868 844 977 927 in}?
1004 847 1163 931 ᾷεοῦ
1183 846 1474 931 δέξασθαι
1488 844 1676 931 ’ῠμάςξ
1699 844 1876 931 Afra.

524 914 960 990 Kdtﬁévbexnﬁ
985 916 1329 990 ,ἐπήκουσά
1372 914 1545 981 σου,
1581 915 1679 971 καὶ
1727 914 1799 970 ἐν
1844 914 2037 985 ἡμέρα

522 986 824 1059 σωτηρίας
858 986 1165 1057 ἐϐοήθησά
1195 1001 1317 1041 σοι.

528 1153 600 1201 α’.
634 1143 851 1215 Ἐπειδὴ
891 1142 1001 1214 7&9
1032 1138 1204 1205 εἶπεν,
1237 1141 1319 1193 ὅτι
1361 1141 1420 1194 ’0
1438 1138 1572 1202 Θεὸς
1594 1137 1918 1209 παρακαλεῖ,
1944 1136 2037 1190 καὶ

456 1240 617 1308 ἡμεῖς
648 1234 1025 1307 πρεσδεύομεν
1051 1237 1145 1288 καὶ
1179 1244 1492 1302 ικετευομεν
1513 1273 1526 1297 ,
1555 1230 1932 1300 καταλλάγητε
1959 1228 2039 1300 τῷ

456 1327 597 1397 Θεῷ·
632 1327 717 1381 ῖνα
749 1326 823 1399 μὴ
848 1324 1215 1388 ἀναπέσωσιν,
1245 1321 1496 1376 ἐντεῦθεν
1524 1323 1723 1385 αὐτοὺς
1756 1321 1916 1375 πάλιν
1943 1338 2037 1389 φοι

456 1419 543 1472 δεῖ
582 1419 676 1472 καὶ
706 1416 1011 1487 διανίστησι
1045 1415 1255 1483 λέγων,
1292 1412 1766 1481 Παρακαλοῦμεν
1783 1451 1807 1492 ,θ
1826 1411 1913 1481 μὴ
1952 1414 2039 1478 εις

456 1509 640 1563 κενὸν
676 1507 790 1573 τὴν
832 1506 1007 1576 χάριν
1056 1505 1163 1559 τοῦ
1205 1504 1352 1559 Θεοῦ
1394 1504 1684 1567 δέξασθαι
1717 1502 1893 1573 ὑμᾶς.
1943 1504 2039 1573 Μὴ

456 1601 587 1672 7&9,
614 1598 803 1668 ἐπειδὴ
832 1597 1160 1669 παρακαλεῖ,
1204 1594 1360 1665 φησὶ,
1399 1595 1494 1648 καὶ
1522 1594 1733 1665 έπεμψε
1768 1594 2037 1665 πρεσδευ-

459 1691 742 1761 σομένους,
786 1688 874 1743 διά
913 1688 1063 1743 τοῦτο
1102 1687 1435 1759 ρᾳθυμῶμεν
1459 1685 1649 1771 ’,ἀλλά
1679 1685 1746 1738 δι’
1778 1687 1909 1740 αὐτὸ
1940 1686 2039 1754 μὲν

456 1778 552 1834 οὖν
590 1781 745 1834 τοῦτο
778 1780 872 1833 καὶ
912 1778 1259 1849 ἐπειγώμεθα
1289 1780 1427 1847 πρὸς
1458 1779 1519 1831 τὸ
1548 1778 1747 1849 ἀρέσαι
1778 1776 1855 1846 τῷ
1894 1772 2035 1846 Θεῷ,

459 1872 554 1926 καὶ
601 1870 978 1941 πνευματικὴν
1024 1872 1351 1938 συναγαγεῖν
1407 1869 1681 1940 ἐμπορίαν
1733 1868 1910 1939 (ὅπερ
1946 1871 2040 1923 καὶ

458 1960 715 2028 ἀνωτέρω
751 1959 960 2028 ἔλεγεν,
994 1960 1075 2012 ὅτι
1122 1959 1181 2015 Ἡ
1209 1958 1411 2027 ἀγάπη
1454 1958 1561 2012 τοῦ
1612 1958 1761 2012 Θεοῦ
1793 1958 2041 2027 συνέχει

457 2052 637 2123 ἡμᾶς·
673 2052 944 2116 τουτέστι,
978 2051 1171 2117 θλίϐει,
1222 2050 1372 2115 ὠθεῖ,
1414 2050 1791 2119 κατεπείγει),
1832 2049 1921 2103 ῖνα
1964 2050 2040 2119 μὴ

460 2145 599 2215 μετά
630 2143 898 2213 τοσαύτην
923 2142 1250 2212 κηδεμονίαν
1277 2142 1638 2203 ἀναπεσόντες
1666 2152 1716 2204 ι,
1751 2141 1846 2193 καὶ
1878 2140 2042 2210 μηδὲν

456 2238 704 2305 γενναῖον
732 2234 1157 2303 ἐπιδειξάμενοι,
1182 2231 1290 2285 τῶν
1316 2231 1584 2286 τοσούτων
1604 2230 1875 2302 ἐκπέσητε
1902 2232 2040 2299 ἀγα-

458 2326 591 2379 θῶν.
617 2326 711 2396 Μὴ
734 2325 936 2385 τοίνυν,
969 2322 1157 2394 ἐπειδὴ
1192 2322 1404 2394 έπεμψε
1428 2322 1931 2393 παρακαλέσοντας,
1959 2339 2045 2375 v0-

460 2416 658 2487 μίσητε
698 2414 858 2467 τοῦτο
899 2414 985 2469 ἀεὶ
1019 2410 1179 2466 εἷναι·
1208 2413 1371 2485 μέχρι
1408 2413 1510 2483 τῆς
1539 2416 1846 2484 παρουσίας
1874 2415 2042 2470 αὐτοῦ

459 2506 560 2575 τῆς
595 2505 855 2576 δευτέρας
898 2504 1058 2557 τοῦτο
1106 2504 1278 2569 ἔσται,
1329 2505 1491 2577 μέχρι
1540 2506 1663 2559 τότε
1710 2506 2041 2577 παρακαλεῖ,

459 2597 567 2658 ἕως
594 2594 659 2647 ἀν
685 2587 837 2665 ὦμεν
864 2592 1117 2647 ἐνταῦθα·
1154 2595 1293 2664 μετά
1317 2594 1373 2647 δὲ
1406 2593 1579 2648 ταῦτα
1603 2594 1729 2665 δίκη
1756 2596 1852 2647 καὶ
1879 2594 2041 2647 κόλα-

461 2703 566 2748 σις.
608 2685 705 2739 Διά
741 2686 922 2752 τοῦτο,
966 2686 1335 2757 Συνεχόμεθα,
1384 2688 1564 2758 φησίν.
1616 2688 1753 2741 Οὐδέ
1790 2689 1900 2759 γὰρ
1936 2688 2044 2741 ἀπὸ

457 2778 553 2832 τοῦ
590 2777 857 2849 μεγέθους
886 2778 997 2831 τῶν
1020 2776 1241 2847 ἀγαθῶν
1271 2779 1467 2841 αὐτοὺς
1490 2779 1585 2832 καὶ
1604 2778 1707 2849 τῆς
1734 2778 2042 2851 φιλανθρω-

461 2870 591 2931 πίας
628 2870 819 2938 μόνον,
854 2867 991 2923 ἀλλά
1022 2871 1118 2922 καὶ
1155 2868 1262 2921 ἀπὸ
1299 2868 1398 2937 τῆς
1432 2868 1771 2939 βραχύτητος
1816 2870 1915 2939 τῆς
1946 2870 2042 2923 τοῦ

460 2958 654 3029 καιροῦ
692 2958 1011 3027 και›,πείγει
1049 2958 1155 3013 ἀεί.
1191 2960 1281 3011 Διὸ
1324 2958 1421 3011 καὶ
1455 2958 1686 3029 ἀλλαχοῦ
1726 2976 1879 3028 φησι,
1915 2960 2039 3013 Νῦν

462 3052 571 3121 γὰρ
607 3052 929 3120 ἐγγύτερον
967 3047 1137 3119 ήμῶν
1186 3051 1226 3118 ἠ
1277 3050 1559 3117 σωτηρία·
1610 3050 1704 3102 καὶ⁸
1739 3049 1922 3116 πάλιν,
1984 3050 2044 3103 '0

459 3144 676 3210 Κύριος
696 3143 897 3212 ἐγγύς.
943 3140 1206 3194 Ἐνταῦθα
1231 3140 1289 3193 δέ
1315 3157 1367 3193 τι
1399 3140 1494 3193 καὶ
1525 3140 1686 3194 πλέον
1719 3143 1882 3197 ποιεῖ.
1909 3140 2043 3196 Οὐδὲ

460 3233 571 3304 γάρ
603 3234 712 3286 ἀπὸ
747 3233 841 3285 τοῦ
892 3232 953 3285 τδ
998 3232 1321 3303 λειπόμενον
1350 3232 1443 3285 τοῦ
1486 3233 1679 3304 χρόνου
1729 3232 1903 3303 βραχὺ
1949 3233 2045 3286 καὶ

464 3327 661 3397 μικρὸν
708 3323 867 3389 εἶναι,
907 3326 1044 3381 ἀλλά
1090 3326 1183 3380 καὶ
1227 3325 1335 3379 ἀπὸ
1380 3324 1473 3378 τοῦ
1514 3324 1704 3379 τοῦτον
1752 3326 1914 3394 μόνον
1953 3323 2045 3376 τὸν

462 3415 653 3485 καιρὸν
681 3415 984 3484 ἐπιτήδειον
1012 3410 1149 3467 εἶναι
1188 3415 1267 3475 είς
1303 3414 1597 3483 σωτηρίαν,
1644 3412 1852 3478 ἐνάγει.
1896 3410 2045 3465 Ἰδοὺ

461 3507 593 3578 γὰρ,
627 3506 783 3577 φησὶ,
816 3506 933 3560 νῦν
968 3505 1175 3573 καιρὸς
1201 3503 1666 3573 εὐπρόσδεκτος,
1702 3501 1831 3555 ίδοὺ
1856 3500 2047 3570 ἡμέρα

458 3599 782 3665 σωτηρίας.
826 3597 919 3666 Μὴ
957 3596 1135 3650 τοίνυν
1173 3594 1462 3667 προδῶμεν
1499 3595 1559 3648 τὸ
1600 3592 1878 3664 εὐκαιρον,
1926 3593 2044 3648 ἀλλ’

459 3689 860 3761 ἐπιδειξώμεθα
891 3688 1049 3755 ἀξίαν
1082 3686 1183 3758 τῆς
1233 3687 1459 3757 χάριτος
1504 3685 1601 3757 τὴν
1642 3686 1900 3758 σπουδήν.
1945 3686 2044 3739 Διά

459 3782 616 3836 τοῦτο
649 3783 756 3853 γάρ
797 3784 892 3835 καὶ
920 3782 1080 3852 ἡμεῖς
1109 3778 1465 3849 ἐπειγόμεθα,
1511 3779 1605 3831 καὶ
1634 3778 1695 3831 τὸ
1726 3777 1902 3849 βραχὺ
1951 3779 2045 3831 καὶ

457 3880 521 3930 τὸ
573 3877 883 3947 ἐπιτήδειον
934 3873 1138 3933 εἰδότες
1185 3870 1279 3923 τοῦ
1322 3869 1537 3936 καιροῦ·
1582 3869 1664 3920 διδ
1708 3869 1803 3921 καὶ
1859 3867 2043 3933 ἐλεγε,

460 3965 903 4035 Συνεργοῦντες
923 3950 997 4014 ’δὲ
1027 3959 1125 4012 καί
1155 3957 1643 4025 παρακαλοῦμεν.
1678 3955 2048 4026 Συνεργοῦν-

461 4074 560 4122 τες
585 4054 917 4127 [5211-ύμῖν·
956 4052 1083 4122 ὑμῖν
1105 4048 1213 4120 7&9
1242 4048 1613 4119 συνεργοῦμεν
1645 4047 1868 4118 μᾶλλον,
1904 4047 1938 4119 ἢ
1969 4046 2046 4118 τῷ

459 4148 601 4219 θεῷ,
628 4149 767 4218 ὑπὲρ
790 4142 851 4201 οὗ
874 4144 1271 4217 πρεσσεύομεν.
1309 4142 1537 4206 Οὐδενὸς
1569 4141 1674 4213 7&9
1700 4144 1905 4203 ἐκεῖνος
1940 4140 2046 4194 δεῖ-

458 4258 573 4304 ται,
604 4240 719 4294 ἀλλ’
754 4242 788 4309 ἡ
820 4238 1063 4309 σωτηρία
1094 4238 1244 4289 πάσα
1277 4236 1357 4297 είς
1385 4236 1531 4304 ὑμᾶς
1575 4233 1859 4287 διαϐαίνει.
1894 4233 1957 4285 Εἰ
1989 4232 2045 4285 δὲ

461 4332 557 4385 καὶ
582 4331 662 4399 τῷ
688 4330 807 4398 Θεῷ
833 4329 980 4395 λέγει
1006 4328 1311 4395 συνεργεῖν,
1338 4325 1459 4376 οὐδέ
1486 4325 1644 4376 τοῦτο
1671 4325 2042 4395 παραιτεῖται·

467 4422 689 4495 καὶγὰρ
727 4420 962 4490 ἀλλαχοῦ
994 4407 1147 4487 φησι,
1190 4414 1341 4471 Θεοῦ
1372 4414 1484 4485 γάρ
1516 4416 1703 4485 ἐσμεν
1737 4413 2043 4484 συνεργοί.

463 4515 652 4588 Ταύτῃ
700 4516 833 4583 φησὶ
879 4514 1005 4575 τοὺς
1055 4508 1380 4581 ἀνθρώπους
1432 4508 1626 4572 σώζειν
1679 4508 1876 4562 πάλιν·
1933 4506 2046 4561 Καὶ

460 4606 953 4678 παρακαλοῦμεν.
1003 4604 1243 4666 Ἐκεῖνος
1280 4602 1379 4672 μὲν
1409 4601 1517 4672 7&9
1545 4599 1883 4673 παρακαλῶν
1902 4640 1918 4665 ,
1945 4599 2046 4669 οὐχ

462 4701 649 4764 ἁπλῶς
695 4700 1038 4771 παρακαλεῖ,
1092 4697 1228 4751 ἀλλά
1270 4697 1443 4750 ταῦτα
1506 4696 1925 4767 προτεινόμενος
1978 4692 2046 4746 τὰ

460 4793 825 4862 δικαιώματα·
855 4793 939 4845 ὅτι
966 4790 1055 4844 τὸν
1077 4790 1206 4843 Υίὸν
1234 4789 1401 4843 ἔδωκε
1430 4789 1521 4843 τὸν
1548 4790 1779 4853 δίκαιον,
1811 4788 1900 4840 τὸν
1923 4784 2046 4840 οὐδὲ

464 4884 738 4955 ἁμαρτίαν
772 4882 970 4947 είδότα,
1006 4881 1100 4934 καὶ
1122 4881 1401 4951 ἁμαρτίαν
1426 4881 1590 4934 αὑτὸν
1619 4880 1875 4950 ἐποίησεν
1904 4877 2045 4948 ὑπὲρ

461 4974 620 5046 ἡμῶν
640 4972 751 5026 τῶν
786 4968 1161 5042 ἁμαρτωλῶν,
1190 4969 1278 5021 ῐνα
1310 4970 1471 5039 ἡμεῖς
1495 4967 1784 5039 γενώμεθα
1818 4968 2041 5022 δίκαιοι·

462 5070 607 5138 ἀπερ
645 5064 838 5136 έχοντα
859 5105 874 5129 ,
913 5059 1009 5114 καὶ
1043 5058 1177 5112 Θεὸν
1205 5058 1362 5118 ὄντα,
1395 5058 1518 5111 οὐδέ
1552 5057 1895 5129 παρακαλεῖν
1925 5056 2042 5127 δεῖ,

462 5162 557 5215 καὶ
592 5156 765 5212 ταῦτα
804 5152 1150 5227 ἀνθρώπους,
1187 5150 1281 5203 καὶ
1316 5150 1862 5222 προσκεκρουκότας,
1910 5149 2048 5202 ἀλλὰ

461 5245 898 5320 παρακαλεῖσθαι
951 5243 1073 5297 καθ’
1135 5243 1373 5313 έκάστην
1432 5242 1667 5313 ἡμέραν·
1725 5239 1841 5295 ἀλλ’
1895 5240 2047 5311 ὅμως

461 5341 789 5414 παρακαλεῖ·
824 5340 987 5414 ἡμεῖς
1027 5337 1086 5390 δέ
1117 5333 1581 5408 παρακαλοῦμεν,
1624 5334 1903 5403 δικαίωμα
1946 5332 2046 5403 μὲν

464 5412 631 5509 μηδὲν
668 5412 883 5505 ἔχοντὶς
912 5431 1073 5501 ἡμῶν
1104 5430 1279 5482 είπεῖν
1319 5425 1445 5480 οὐδὲ
1470 5424 1823 5495 εὐεργέτημα
1843 5464 1858 5489 ,
1902 5424 1960 5477 ἓν
1987 5423 2047 5475 δέ

463 5526 656 5599 μόνον.
699 5523 761 5575 τὺ
797 5521 937 5591 ὑπὲρ
982 5518 1141 5583 Θεοῦ,
1194 5518 1289 5572 καὶ
1334 5514 1561 5570 τοιαῦτα
1608 5513 2045 5585 ἐπιδειξαμένου,

464 5615 822 5688 παρακαλεῖν.
867 5608 1301 5682 Παρακαλοῦμεν
1349 5605 1539 5660 δὲῖνα
1579 5603 1679 5674 τὴν
1722 5602 2048 5674 εὐεργεσίαν

461 5707 711 5777 δέξησθε,
737 5704 832 5759 καὶ
860 5704 936 5775 μὴ
965 5699 1382 5771 ἀποκρούσησθε
1397 5698 1499 5768 τὴν
1519 5696 1749 5770 δωρεάν.
1780 5695 2046 5766 Πείσθητε

527 5830 553 5862 ³
572 5828 722 5880 Savil.
749 5829 799 5877 in
818 5838 994 5888 marg.,
1018 5821 1382 5875 καταπεσόντες.

2134 773 2315 827 τοίνυν
2351 772 2509 843 ἡμῖν,
2550 772 2646 826 καὶ
2696 773 2772 843 μὴ
2816 774 2899 835 είς
2936 772 3095 827 κενὸν
3132 771 3232 843 τὴν
3277 772 3440 843 χάριν
3470 772 3718 844 δέξησθε.

2138 866 2253 919 Ἵνα
2287 864 2397 934 7&9
2448 863 2524 935 μὴ
2552 864 2852 934 νομίσωσιν
2879 902 2897 929 ,
2927 865 3008 916 ὅτι
3058 862 3217 917 τοῦτό
3258 866 3373 918 ἐστι
3406 866 3721 939 καταλλαγὴ

2138 957 2319 1024 μόνον,
2355 954 2416 1006 τὸ
2442 952 2728 1006 πιστεῦσαι
2760 952 2839 1023 τῷ
2868 952 3143 1017 καλοῦντι,
3172 953 3370 1020 ἐπάγει
3398 952 3593 1017 ταῦτα,
3622 955 3722 1025 τὴν

2135 1048 2265 1117 περὶ
2292 1045 2384 1099 τὸν
2409 1044 2522 1114 βίον
2547 1045 2784 1115 σπουδὴν
2809 1043 3082 1098 ἀπαιτῶν.
3109 1044 3183 1097 Τὸ
3208 1043 3317 1114 7&9
3342 1044 3724 1112 ἀπαλλαγέντα

2138 1138 2555 1207 ἁμαρτημάτων
2588 1136 2683 1190 καὶ
2719 1135 2872 1204 φίλον
2909 1134 3236 1205 γενόμενον,
3286 1137 3401 1198 τοῖς
3435 1136 3725 1207 προτέροις

2137 1224 2568 1296 ἐγκαλινδεῖσθαι
2611 1225 2795 1288 πάλιν,
2838 1225 2925 1278 ἐπ’
2977 1224 3179 1296 ἔχθραν
3219 1224 3538 1279 ἐπανελθεῖν
3581 1226 3723 1291 ἐστι,

2138 1319 2234 1373 καὶ
2265 1318 2348 1382 είς
2373 1318 2528 1371 κενὸν
2556 1318 2654 1389 τὴν
2687 1318 2853 1389 χάριν
2878 1317 3153 1383 δέξασθαι,
3186 1318 3331 1372 κατά
3360 1318 3450 1372 τὸν
3479 1316 3576 1371 τοῦ
3610 1316 3726 1388 βίου

2137 1411 2318 1480 λόγον.

2209 1523 2376 1578 Οὐδὲν
2408 1523 2518 1595 7&9
2552 1524 2660 1577 ἀπὸ
2692 1524 2787 1594 τῆς
2826 1523 3047 1594 χάριτος
3091 1522 3234 1593 μέγα
3265 1522 3624 1592 ὠφελούμεθα
3650 1522 3728 1586 τίς

2140 1618 2436 1688 σωτηρίαν,
2464 1618 2794 1689 ἀκαθάρτως
2820 1616 3021 1680 ζῶντες
3044 1634 3057 1647 ·
3093 1616 3229 1670 ἀλλά
3256 1617 3350 1669 καὶ
3376 1613 3730 1687 βλαπόμεθα

2143 1708 2409 1779 μειζόνως
2428 1707 2601 1779 ταύτῃ
2629 1708 2956 1779 βαρούμενοι
2980 1706 3076 1761 καὶ
3091 1707 3151 1760 ἐν
3170 1708 3283 1770 τοῖς
3309 1708 3729 1778 ἁμαρτήμασιν,

2139 1800 2221 1853 ὅτι
2252 1801 2348 1853 καὶ
2378 1800 2517 1870 μετά
2550 1800 2845 1867 ἐπίγνωσιν
2872 1798 3131 1868 τοιαύτην
3162 1800 3258 1850 καὶ
3299 1797 3509 1868 δωρεὰν
3540 1797 3634 1850 ἐπὶ
3662 1797 3740 1849 τά.

2140 1889 2386 1964 πρότερῆ
2409 1890 2785 1960 ἐπανήλθομεν
2813 1888 2979 1942 κακά.
3019 1888 3181 1941 Ἀλλά
3205 1886 3364 1941 τοῦτο
3391 1888 3491 1957 μὲν
3515 1887 3735 1941 οὐδέπω

2139 1981 2377 2051 τίθησιν,
2408 1981 2548 2034 ὥστε
2597 1980 2671 2051 μὴ
2708 1980 2916 2051 τραχὺν
2963 1979 3189 2049 ποιῆσαι
3220 1978 3313 2031 τὸν
3344 1978 3522 2048 λόγον·
3557 1979 3641 2032 δτι
3673 1978 3733 2030 δὲ

2143 2072 2298 2125 οὐδὲν
2326 2072 2687 2142 ὠφελούμεθα
2719 2072 2869 2139 λέγει
2896 2072 3075 2141 μόνον.
3107 2066 3242 2123 Εἶτα
3269 2070 3365 2123 καὶ
3395 2070 3737 2141 προφητείας

2146 2164 2577 2233 ἀναμιμνήσκει,
2608 2162 2957 2231 κατεπείγων
2987 2163 3205 2229 αὐτοὺς,
3241 2163 3336 2215 καὶ
3367 2161 3621 2217 συνωθῶν
3652 2162 3734 2223 τίς

2142 2256 2206 2310 τὸ
2234 2255 2593 2323 διαναστῆναι
2628 2255 2766 2323 πρὸς
2790 2256 2889 2326 τὴν
2922 2257 3021 2325 τῆς
3044 2254 3248 2317 οἰκείας
3277 2253 3551 2325 σωτηρίας
3577 2252 3732 2306 ἀντί-

2143 2347 2328 2418 ληψιν.
2373 2347 2543 2415 Λέγει
2582 2346 2714 2415 γὰρ,
2755 2346 2907 2416 φησι·
2954 2344 3147 2413 Καιρῷ
3179 2344 3368 2409 δεκτῷ
3413 2342 3736 2412 ἐπήκουσά

2144 2456 2285 2502 σου,
2318 2438 2417 2491 καί
2437 2438 2507 2491 ἐν
2536 2436 2727 2505 ημέρςι
2755 2437 3054 2503 σωτηρίας
3079 2433 3385 2503 ἐϐοήθησά
3414 2449 3532 2487 σοι.
3573 2430 3734 2486 Ἰδοὺ

2143 2530 2263 2585 νῦν
2291 2530 2493 2596 καιρὸς
2518 2525 2985 2595 εὐπρόσδεκτος,
3020 2525 3149 2578 ίδοὺ
3175 2524 3295 2579 νῦν
3317 2522 3508 2592 ἡμέρα
3535 2538 3736 2588 σωτη-

2138 2623 2297 2690 ρίας.
2336 2620 2553 2688 Καιρὸς
2596 2617 3046 2687 εὐπρόσδεκτος
3068 2634 3082 2646 ·
3116 2618 3268 2680 ποῖος
3303 2607 3485 2681 οὗτος
3539 2614 3597 2667 Ὀ
3634 2613 3736 2683 τῆς

2143 2714 2373 2787 δωρεᾶς,
2406 2715 2434 2765 ὁ
2456 2714 2557 2779 τῆς
2587 2711 2845 2783 χάριτος,
2877 2711 2967 2764 ὅτε
2994 2710 3094 2763 οὐκ
3124 2708 3271 2763 ἐστιν
3306 2706 3539 2770 εὐθύνας
3564 2708 3733 2760 ἀπαι-

2143 2805 2377 2875 τηθῆναι
2412 2803 2519 2857 τῶν
2554 2802 2971 2873 ἁμαρτημάτων
3005 2800 3125 2854 οὐδὲ
3168 2801 3325 2869 δίκην
3352 2796 3561 2864 δοῦναι,
3595 2796 3736 2850 ἀλλά

2148 2895 2286 2967 με.τά
2312 2895 2413 2965 τῆς
2437 2893 2757 2964 ἀπαλλαγῆς
2786 2894 2879 2947 καὶ
2910 2894 3121 2965 μυρίων
3145 2890 3450 2946 ἀπολαῦσαι
3479 2888 3727 2957 ἀγαθῶν,

2144 2984 2517 3054 δικαιοσύνης,
2548 2983 2858 3054 ἀγιασμοῦ,
2896 2984 3003 3037 τῶν
3050 2983 3227 3037 ἀλλων
3264 2982 3545 3035 ἀπάντων.
3587 2980 3734 3033 Πόσα

2146 3064 2255 3146 γὰρ
2288 3077 2394 3130 ἐδει
2425 3078 2643 3147 καμεῖν,
2677 3076 2817 3130 ὥστε
2851 3075 3130 3146 ἐπιτυχεῖν
3156 3072 3252 3125 τοῦ
3275 3070 3469 3140 καιροῦ
3504 3069 3732 3133 τούτους

2146 3164 2265 3218 ἀλλ’
2320 3164 2429 3217 ίδοὺ
2454 3204 2468 3229 ,
2507 3165 2672 3233 μηδὲν
2703 3165 2990 3234 καμόντων
3021 3162 3182 3233 ἡμῶν
3218 3163 3591 3232 παραγέγονεν
3633 3161 3738 3229 ἄφ-

2147 3274 2265 3311 εσιν
2294 3258 2460 3328 φέρον
2489 3258 2745 3311 ἀπάντων
2765 3256 2871 3309 τῶν
2895 3255 3227 3326 ἔμπροσθεν.
3256 3256 3349 3307 Διὸ
3379 3254 3473 3307 καὶ
3501 3254 3737 3325 εὐπρόσ-

2146 3347 2334 3400 δεκτον
2358 3347 2546 3411 καλεῖ,
2576 3346 2763 3419 ἐπειδὴ
2792 3347 2888 3400 καὶ
2913 3346 3040 3410 τοὺς
3070 3346 3239 3417 μυρία
3265 3345 3737 3417 πεπλημμεληκό-

2147 3454 2249 3500 τας
2289 3437 2668 3508 προσεδέχετο,
2709 3439 2803 3491 καὶ
2844 3438 2943 3507 οὐχ
2977 3437 3164 3503 άπλῶς
3205 3438 3581 3509 προσεδέχετο,
3618 3436 3736 3491 ἀλλ’

2148 3529 2229 3592 είς
2256 3530 2356 3601 τὴν
2385 3531 2651 3583 ἀνωτάτω
2682 3526 2784 3601 ἦγε
2815 3531 2982 3600 τιμήν
3007 3547 3020 3560 ·
3056 3529 3331 3601 καθάπερ,
3358 3529 3580 3583 ἐπειδάν
3605 3528 3737 3600 ἔλθῃ

2149 3620 2428 3691 βασιλεὺς,
2461 3622 2522 3674 οὐ
2554 3621 2909 3692 δικαστηρίου
2948 3623 3160 3693 καιρὸς,
3202 3622 3338 3675 ἀλλά
3378 3622 3599 3692 χάριτος
3638 3621 3738 3674 καὶ

2150 3713 2446 3785 σωτηρίας.
2476 3713 2567 3765 Διὸ
2592 3715 2688 3767 καὶ
2722 3714 3118 3786 εὐπρόσδεκτον
3147 3715 3309 3767 αὐτὸν
3340 3715 3515 3777 καλεῖ,
3546 3715 3653 3776 ἕως
3673 3707 3737 3767 οὗ

2146 3804 2228 3856 ἐτι
2262 3806 2320 3856 ἐν
2359 3804 2437 3873 τῷ
2477 3804 2765 3875 σκάμματί
2794 3808 2984 3876 ἐσμὲν,
3016 3807 3121 3868 ἕως
3145 3809 3203 3861 ἐν
3225 3805 3307 3876 τῷ
3336 3806 3619 3876 ἀμπελῶνι
3646 3807 3740 3876 ἐρ⁶

2146 3892 2454 3961 γαζόμεθα,
2481 3894 2587 3956 ῑως
2616 3894 2865 3949 λείπεται
2889 3899 2921 3964 ἡ
2954 3897 3239 3964 ἑνδεκάτη.

2220 3980 2287 4050 β’.
2314 3980 2727 4050 Προσέλθωμεν,
2755 3985 2850 4036 καὶ
2873 3983 2988 4052 βίον
3011 3982 3408 4053 ἐπιδειξώμεθα
3428 3980 3578 4053 [522]
3599 3981 3738 4050 ἀγαο

2148 4068 2239 4122 θόν
2254 4086 2267 4098 ·
2299 4070 2390 4123 καὶ
2422 4069 2530 4139 7&9
2546 4070 2788 4129 εὐκολον.
2819 4073 2877 4125 Ὀ
2900 4073 3007 4143 γὰρ
3024 4074 3081 4126 ἐν
3094 4072 3319 4143 τοιούτῳ
3335 4072 3510 4141 καιρῷ
3535 4075 3738 4141 ἀγωνιο

2148 4160 2397 4231 ζόμενος,
2433 4162 2491 4214 ἐν
2512 4154 2557 4228 ᾧ
2584 4164 2822 4234 τοσαύτη
2846 4164 3071 4234 κέχυται
3102 4163 3301 4235 δωρεά,
3339 4167 3397 4218 ἐν
3418 4156 3462 4231 ᾧ
3495 4163 3731 4233 τοσαύτη

2148 4254 2328 4323 χάρις,
2354 4251 2591 4317 εὐκόλως
2627 4255 2970 4323 ἐπιτεύξεται
3008 4257 3118 4310 τῶν
3154 4256 3446 4328 βραϐείων.
3493 4258 3603 4311 Καὶ
3627 4257 3736 4326 7&9

2148 4345 2241 4396 ἐπὶ
2264 4343 2530 4414 βασιλέων
2558 4345 2665 4399 τῶν
2690 4348 2840 4401 κάτω
2867 4350 2925 4401 ἐν
2950 4348 3050 4419 μὲν
3083 4347 3162 4419 τῷ
3186 4348 3365 4421 καιρῷ
3398 4347 3507 4401 τῶν
3528 4346 3735 4419 ἑορτῶν

2147 4436 2346 4501 αὐτῶν,
2370 4437 2463 4491 καὶ
2491 4438 2579 4490 ὅτε
2629 4439 2685 4491 ἐν
2722 4438 2943 4493 ὑπάτων
2967 4439 3248 4508 φαίνονται
3275 4441 3539 4511 σχήματι,
3584 4439 3680 4493 καὶ
3705 4439 3738 4489 ὁ

2150 4528 2344 4597 μικρὸν
2366 4528 2751 4599 προσενεγκὼν
2780 4527 3020 4600 μεγάλας
3044 4528 3313 4599 λαμϐάνει
3341 4529 3573 4600 δωρεάς·
3598 4532 3657 4582 ἐν
3677 4528 3736 4581 δὲ

2146 4622 2266 4681 ταῖς
2288 4619 2546 4689 ἡμέραις,
2595 4614 2685 4682 αἷς
2737 4620 2802 4675 ἂν
2858 4620 3145 4685 δικάζωσι,
3203 4620 3406 4690 πολλῆς
3447 4620 3738 4691 ἀκριϐείας

2147 4710 2326 4781 χρεία,
2379 4711 2579 4782 πολλῆς
2605 4711 2929 4775 ἐξετάσεως.
2971 4711 3082 4765 Καὶ
3115 4712 3280 4780 ἡμεῖς
3328 4710 3509 4765 τοίνυν
3561 4713 3621 4763 ἐν
3655 4710 3739 4763 τῶ

2148 4801 2324 4873 καιρῷ
2351 4803 2445 4872 τῆς
2466 4803 2675 4875 δωρεᾶς
2728 4803 2933 4873 ταύτης
2966 4800 3385 4871 ἀγωνισώμεθα·
3415 4800 3600 4872 ἡμέρα
3637 4802 3741 4871 χά·-

2094 4934 2111 4943 ς,
2150 4894 2297 4963 ριτός
2332 4895 2468 4957 ἐστι,
2500 4896 2722 4965 χάριτος
2757 4895 2927 4957 θείας·
2964 4893 3046 4945 διὸ
3088 4894 3185 4947 καὶ
3236 4891 3472 4955 εὐκόλως
3510 4893 3737 4945 ἐπιτευ-

2149 4983 2353 5054 ξᾶμεθα
2396 4986 2503 5039 τῶν
2548 4987 2849 5054 στεφάνων.
2897 4985 2959 5037 El
3011 4984 3121 5053 7&9
3150 4983 3418 5036 τοσούτων
3462 4983 3740 5054 γέμοντας

2148 5075 2334 5129 κακῶν
2357 5078 2451 5129 καί⁵
2476 5077 2811 5146 προσήκατο.
2848 5075 2945 5129 καὶ
2983 5073 3281 5144 ἀπήλλαξε·
3322 5075 3543 5131 πάντων
3561 5076 3742 5129 ἀπαλ-

2147 5167 2426 5236 λαγέντας,
2464 5168 2560 5222 καὶ
2582 5169 2652 5221 τά
2682 5169 2814 5239 παρ’
2841 5165 3441 5239 ἐαυτῶνείσφέροντας,
3464 5168 3525 5221 οὐ
3557 5166 3742 5237 πολλῷ

2152 5258 2348 5329 μᾶλλον
2378 5258 2767 5332 προσδέξεται;
2804 5252 2972 5321 Εἶτα,
2999 5257 3137 5328 ὅπερ
3187 5257 3275 5311 ἀεὶ
3326 5260 3493 5321 ποιεῖ,
3544 5256 3741 5310 ἐαυτὸν

2152 5349 2316 5417 μέσον
2341 5350 2535 5413 τιθεὶς,
2576 5350 2672 5403 καὶ
2732 5346 2982 5403 ἐντεῦθεν
3014 5347 3252 5403 κελεύων
3280 5347 3342 5401 τὸ
3382 5348 3742 5418 παράδειγμα

2148 5441 2468 5511 λαμϐάνειν,
2526 5440 2688 5494 τοῦτο
2740 5442 2835 5495 καὶ
2866 5439 3101 5495 ἐνταῦθα
3154 5441 3471 5512 ἐργάζεται·
3517 5441 3599 5493 διδ
3639 5438 3741 5492 καὶ

2150 5530 2366 5597 ἐπάγει,
2399 5528 2709 5596 Μηδεμίαν
2737 5529 2806 5584 ἐν
2816 5528 3035 5599 μηδενί
3056 5528 3326 5595 διδόντες
3350 5527 3742 5597 προσκοπήν.

2152 5623 2257 5676 ἵνα
2306 5622 2392 5692 μὴ
2425 5619 2680 5689 μωμηθῇ
2728 5621 2768 5688 ἠ
2816 5619 3094 5676 διακονία
3123 5620 3310 5690 ἡμῶν·
3344 5621 3448 5675 οὐκ
3485 5617 3595 5673 ἀπὸ
3642 5616 3743 5671 τοῦ

2154 5715 2347 5783 καιροῦ
2390 5715 2572 5784 μόνον,
2618 5712 2758 5767 ἀλλά
2815 5713 2912 5766 καὶ
2966 5714 3075 5768 ἀπὸ
3114 5713 3224 5766 τῶν
3272 5713 3746 5783 κατορθωσάντων

2154 5805 2347 5871 αὐτοὺς
2392 5803 2615 5860 πείθων.
2664 5805 2773 5859 Καὶ
2808 5805 2909 5878 ὅρα
2958 5807 3075 5873 πῶς
3109 5806 3359 5875 ἀτύφως,
3391 5807 3454 5861 οὐ
3486 5803 3593 5876 7&9
3620 5799 3746 5860 εἷπε
