3980 6222
268 453 554 469 “ﬂ

1329 342 1395 398 IN
1434 341 1648 398 EPIST.
1683 341 1725 397 Il
1787 342 1877 398 AD
1915 342 2068 402 C08.
2112 347 2338 406 "OMIL.
2383 352 2496 407 ΧΠ.

1915 465 2114 475 -ο--μ

2117 469 2391 482 ~——_—_

2393 474 2700 489 Ἦ

2744 476 3405 502 Μ

1651 522 1999 586 HOMILIA
2046 526 2188 589 XII.

254 692 385 746 Car.
406 687 461 743 6.
473 703 529 744 ν.
544 686 570 746 Ι
583 727 597 742 .
611 687 923 762 Adimam
933 699 1102 746 autem
1117 693 1460 749 exhortamur.
1475 707 1537 744 ne
1557 690 1610 742 in
1628 705 1844 744 omum

286 774 288 776 ’
329 782 548 852 gratiam
575 777 673 834 Dei
697 780 976 853 recipiatis.
1003 781 1061 837 2.
1092 783 1175 837 Ait
1214 783 1349 837 enim
1370 796 1389 835 :
1414 778 1664 851 Tempore
1698 796 1842 836 acce-

328 878 416 938 pto
441 871 682 926 medici
707 879 757 928 te
775 913 793 939 ,
823 882 874 928 et
900 873 955 928 in
981 872 1066 928 die
1086 872 1270 928 salutis
1289 872 1569 927 auxiliatur
1590 887 1704 926 sum
1725 871 1835 927 tibi.

324 961 378 1016 1.
400 951 666 1030 Quoniam
690 963 837 1020 enim
867 964 1033 1022 Deum
1061 978 1252 1034 rogare
1278 962 1493 1018 dixerat
1513 1004 1527 1027 ,
1555 963 1835 1032 apostolos

251 1061 433 1108 autem
461 1054 729 1126 legatione
755 1054 938 1127 fungi,
972 1063 1134 1126 atque
1168 1053 1453 1110 obsecrare
1481 1063 1539 1110 ut
1576 1067 1697 1110 cum
1728 1056 1838 1109 Deo

254 1143 309 1198 in
336 1145 566 1215 gratiam
593 1146 871 1215 redirent;
898 1161 966 1203 ne
983 1145 1261 1216 segniores
1283 1145 1410 1201 inde
1439 1146 1797 1204 redderentur
1818 1188 1836 1214 ,

251 1235 380 1292 hinc
403 1250 593 1294 rursus
614 1251 711 1294 eos
735 1243 901 1294 terret
927 1245 982 1291 et
1004 1237 1203 1292 excitat
1225 1235 1413 1292 dicens
1432 1278 1448 1304 ,
1482 1236 1567 1291 Ne
1587 1239 1756 1309 itaque
1779 1239 1834 1292 in

251 1343 466 1384 manu
493 1327 592 1385 Dei
616 1329 835 1401 gratim
857 1326 1141 1398 recipiatis.
1162 1327 1350 1398 Neque
1375 1328 1520 1383 enim
1551 1338 1834 1400 propterea

249 1433 349 1476 nos
385 1421 649 1477 socordia
684 1420 877 1476 demus
897 1461 914 1486 ,
946 1419 1154 1490 inquit.
1178 1419 1304 1492 quia
1335 1421 1479 1476 Deus
1507 1436 1607 1476 nos
1633 1433 1827 1492 rogat,

245 1526 308 1566 ac
334 1511 537 1583 legatos
561 1511 642 1567 ad.
659 1524 760 1567 nos
789 1509 970 1565 misit:
1000 1511 1109 1566 imo
1133 1525 1262 1565 vero
1283 1509 1484 1567 ob'hoe
1509 1513 1681 1582 ipsum
1708 1527 1828 1566 ma-

242 1602 361 1670 jore
397 1601 576 1658 studio
604 1609 659 1656 et
684 1599 964 1672 diligentia
995 1600 1107 1656 Deo
1136 1600 1391 1670 placere,
1422 1616 1486 1656 ac
1525 1602 1830 1671 spirituales

243 1707 450 1749 merces
476 1692 734 1764 colligere
776 1707 1031 1750 curemus
1061 1693 1152 1764 (id
1191 1692 1336 1763 quod
1386 1694 1547 1749 etiam
1577 1692 1829 1763 superius

238 1782 474 1848 dicebat.
503 1781 704 1840 Caritas
729 1783 828 1840 Dei
855 1793 1001 1853 urget
1023 1800 1148 1850 nos,
1177 1783 1279 1840 hoc
1308 1793 1394 1839 est
1413 1827 1429 1848 ,
1463 1787 1691 1854 premit,
1723 1787 1829 1839 itu-

240 1872 462 1946 pellit):
509 1889 579 1931 ne
619 1874 819 1946 alloqui
862 1883 985 1945 post
1013 1883 1218 1930 tantam
1264 1875 1358 1930 Dei
1406 1875 1823 1932 sollicitudinem

237 1964 484 2034 collapsi,
506 1979 606 2020 nec
626 1965 794 2021 ullum
822 1965 1100 2036 egregium
1127 1965 1338 2020 virtutis
1361 1967 1632 2036 specimen
1659 1967 1829 2023 edeno

238 2064 322 2108 tes
343 2095 363 2122 ,
407 2056 570 2111 tantis
598 2053 755 2111 bonis
781 2054 1117 2112 excidamus.
1147 2055 1227 2111 Ne
1275 2057 1438 2127 igitur
1464 2057 1787 2114 existimetis
1805 2100 1824 2125 ,

235 2151 444 2220 inquit,
486 2155 610 2221 quia
653 2150 959 2209 hortatores
1004 2152 1187 2217 misit,
1237 2163 1556 2223 perpetuum
1583 2153 1635 2209 id
1667 2153 1821 2208 lore:

237 2257 407 2312 usque
431 2243 500 2300 ad
538 2243 833 2299 secundum
878 2244 1046 2316 ipsius
1073 2243 1362 2300 adventum
1404 2244 1508 2299 hoc
1535 2246 1676 2299 erit:
1707 2254 1824 2298 lan-

235 2343 349 2388 tum
388 2333 633 2390 hortatur
656 2334 784 2390 dum
809 2334 898 2392 hic
922 2349 1138 2400 sumus;
1169 2344 1358 2406 postea
1386 2336 1632 2405 sequitur
1658 2349 1816 2405 pinna

230 2435 288 2480 et
337 2428 627 2490 cruciatus.
676 2428 1001 2499 hepteres,
1046 2427 1351 2497 Urgemur,
1396 2427 1590 2499 inquit.
1635 2426 1820 2497 Neque

231 2516 376 2571 enim
407 2532 503 2574 eos
530 2519 704 2575 solum
733 2534 764 2574 a
793 2519 1058 2574 bonorum
1093 2517 1460 2588 magnitudine
1497 2531 1563 2573 ac
1592 2517 1686 2571 Dei
1717 2517 1814 2571 be-

230 2609 524 2679 nignitate,
557 2609 654 2665 sed
683 2610 846 2666 etiam
877 2609 1136 2679 temporis
1165 2609 1429 2664 brevitate
1467 2620 1685 2676 semper
1720 2620 1816 2660 ex-

229 2698 506 2753 stimulat:
540 2697 682 2754 unde
720 2707 776 2753 et
800 2699 909 2754 alio
939 2698 1061 2753 loco
1100 2700 1209 2763 ait,
1244 2697 1398 2773 Nunc
1441 2699 1575 2753 enim
1605 2698 1815 2768 propior

227 2801 302 2845 est
342 2799 514 2845 nostra
554 2791 695 2845 salus
737 2790 925 2862 (Rom.
957 2791 1046 2845 13.
1077 2791 1203 2860 lt);
1231 2800 1286 2845 et
1315 2805 1535 2856 rursus,
1569 2789 1815 2845 Dominus

227 2899 389 2954 prape
415 2891 489 2937 est
510 2881 770 2952 (Philipp.
800 2883 854 2936 4.
889 2881 968 2950 5).
1002 2880 1100 2935 llic
1124 2895 1255 2935 vero
1278 2880 1550 2953 quidpiam
1583 2881 1816 2950 amplius

227 2973 375 3028 facit.
418 2972 599 3043 Neque
628 2972 770 3027 enim
820 2972 944 3028 hinc
991 2981 1198 3028 tantum
1235 2987 1330 3028 eos
1357 2971 1424 3027 ad
1453 2972 1681 3028 salutem
1715 2974 1816 3028 im-

225 3062 410 3132 pellit,
440 3062 584 3133 quod
630 3063 792 3118 breve
829 3072 990 3134 atque
1041 3064 1294 3134 exiguum
1341 3063 1412 3118 sit
1451 3063 1504 3117 id
1554 3064 1814 3134 temporis

221 3153 368 3225 quod
389 3162 577 3220 restat,
606 3154 703 3209 sed
734 3154 861 3210 hinc
885 3155 1068 3222 etiam,
1103 3155 1246 3225 quod
1268 3156 1444 3211 solum
1475 3157 1578 3210 hoc
1600 3165 1814 3225 tempus

220 3246 292 3302 ad
319 3261 436 3300 eam
461 3244 860 3313 adipiscendam
888 3248 1191 3317 appositum
1219 3248 1314 3302 sit.
1351 3245 1480 3302 Ecce
1503 3250 1638 3302 enim
1677 3263 1812 3301 nunc

222 3348 420 3409 tempus
449 3338 788 3404 acceptabile,
821 3355 934 3394 ecce
968 3340 1077 3393 dies
1109 3338 1309 3392 salutis.
1355 3337 1435 3393 Ne
1465 3339 1627 3406 igitur
1651 3352 1811 3393 oeca-

220 3431 430 3483 sionem
460 3428 616 3483 nobis
645 3430 824 3499 perire
871 3429 1110 3482 sinamus
1130 3466 1146 3489 ,
1177 3425 1273 3481 sed
1320 3428 1539 3498 digmun
1591 3434 1808 3494 accepta

220 3520 390 3589 gratia
417 3520 652 3575 studium
679 3520 1052 3576 exhibeamns.
1082 3517 1214 3572 Nam
1244 3519 1366 3574 ideo
1387 3529 1441 3574 et
1463 3520 1561 3587 ipsi
1588 3518 1811 3572 festina-

221 3627 344 3665 mus
369 3653 384 3677 ,
416 3611 560 3681 quod
607 3619 664 3664 et
709 3609 1024 3663 brevitatem
1073 3616 1128 3662 et
1171 3610 1627 3678 opportunitatem
1667 3617 1806 3662 tem—

220 3701 368 3769 poris
414 3705 746 3768 perspectam
777 3696 1112 3751 habeamus:
1165 3697 1308 3752 unde
1348 3699 1510 3751 etiam
1556 3697 1803 3763 dicebat,

219 3790 533 3862 Adjuvantes
569 3795 740 3842 autem
774 3789 1124 3841 exhortamur.
1165 3787 1499 3857 Adjuvantes,
1529 3803 1627 3843 vos
1653 3790 1806 3844 scili-

217 3891 338 3935 cet:
369 3895 466 3934 vos
512 3880 653 3935 enim
706 3879 919 3947 potius,
949 3894 1106 3949 quam
1156 3880 1320 3934 Deum
1359 3893 1461 3950 pro
1505 3895 1612 3950 quo
1657 3881 1805 3950 lega-

220 3973 383 4026 tionis
425 3981 620 4025 munits
660 3969 903 4032 abimus,
931 3970 1262 4038 adjuvamus.
1321 3970 1437 4038 Ipse
1482 3971 1624 4025 enim
1659 3973 1804 4027 nulla

219 4079 279 4117 re
308 4062 546 4132 indiget,
578 4077 764 4117 verum
793 4059 938 4115 salus
982 4077 1158 4118 omnis
1187 4063 1254 4117 ad
1283 4077 1380 4117 vos
1411 4074 1672 4133 permeat.
1705 4065 1802 4119 At-

215 4167 324 4221 que
352 4152 598 4206 utetiam
633 4152 725 4205 Dei
770 4149 1074 4220 adiutorem
1120 4168 1180 4208 se
1221 4168 1342 4208 esse
1371 4153 1540 4218 dicat,
1587 4169 1656 4209 ne
1702 4154 1804 4209 hoc

216 4242 431 4309 quidem
456 4241 546 4296 ille
573 4240 818 4310 repudiat
845 4259 859 4295 :
888 4256 1011 4296 nam
1037 4253 1091 4298 et
1116 4243 1224 4297 alio
1253 4243 1374 4297 loco
1399 4244 1562 4310 dicit,
1589 4244 1685 4298 Dei
1705 4245 1805 4298 ad-

215 4334 409 4398 iutores
437 4347 610 4385 sumus
640 4331 722 4402 (1.
751 4326 875 4385 Cor.
901 4333 955 4388 5.
983 4331 1018 4388 9
1037 4333 1080 4404 ).
1115 4336 1288 4400 Atque
1317 4333 1418 4385 hac
1463 4336 1669 4389 ratione
1699 4335 1803 4386 ho-

215 4425 394 4477 mines
421 4434 632 4474 rursum
663 4421 893 4476 salutem
916 4422 1190 4492 impertire
1215 4423 1289 4475 ait
1313 4441 1325 4474 :
1357 4421 1424 4474 Et
1449 4424 1796 4479 exhortamur.

217 4515 313 4569 Ille
354 4515 548 4584 quippe
573 4526 696 4566 cum
743 4515 1085 4577 exhortatur.
1117 4530 1222 4568 non
1267 4514 1584 4582 simpliciter
1606 4518 1802 4570 exhor-

216 4618 394 4670 tatur,
426 4605 521 4659 sed
550 4605 646 4660 has
669 4606 1084 4675 iustificationes
1111 4606 1304 4670 ali'crt;
1333 4608 1474 4677 quod
1501 4608 1706 4677 justum
1737 4611 1801 4664 il-

215 4699 326 4751 lum
361 4697 585 4759 Filium,
613 4697 704 4766 qui
726 4684 796 4752 ne
825 4709 1100 4767 peccatum
1127 4697 1339 4766 quidem
1375 4711 1592 4763 nosset,
1627 4701 1798 4755 dona-

216 4792 390 4854 verit,
438 4798 491 4842 et
539 4803 637 4856 pro
667 4790 821 4845 nobis
865 4787 1232 4860 peccatoribus
1292 4793 1465 4859 ipsum
1517 4806 1794 4861 peccatum

215 4879 433 4941 fecerit,
462 4885 520 4930 ut
562 4892 662 4933 nos
688 4878 817 4948 justi
865 4880 1203 4935 efﬁciamur:
1237 4895 1357 4947 qua:
1406 4883 1624 4950 quidem
1677 4901 1796 4939 cum

215 4972 411 5028 habeat
431 5010 446 5033 ,
475 4983 537 5022 ac
565 4969 703 5024 Deus
730 4972 818 5035 sit,
856 4986 923 5026 ne
955 4984 1144 5040 rogare
1170 4970 1384 5039 quidem
1407 4988 1530 5028 eum
1559 4987 1795 5044 oportet,

214 5062 460 5118 homines
476 5063 794 5129 praesertim,
814 5072 868 5118 et
884 5077 912 5115 a
925 5061 1118 5134 quibus
1135 5059 1369 5117 oﬂ'cnsus
1385 5061 1579 5133 fuerat,
1603 5083 1795 5122 verum

213 5154 440 5225 singulis
481 5150 669 5206 diebus
705 5157 916 5224 rogari;
965 5152 1132 5209 nihilo
1168 5154 1344 5208 secius
1389 5164 1566 5209 tamen
1598 5170 1750 5228 rogat
1780 5176 1794 5210 :

209 5257 267 5301 at
295 5259 422 5310 nos,
451 5258 571 5299 cum
601 5259 886 5315 rogamus,
938 5247 1141 5301 nullum
1167 5245 1390 5299 omnino
1430 5246 1518 5315 jus
1540 5288 1555 5313 ,
1589 5250 1792 5303 nullum

212 5336 530 5396 beneﬁcium
578 5336 818 5403 proferre
865 5350 1190 5408 possumus;
1222 5352 1410 5390 verum
1453 5352 1617 5390 unum
1651 5339 1751 5394 hoc
1772 5381 1787 5404 ,

209 5429 355 5501 quod
384 5429 516 5491 Dei,
547 5432 638 5496 qui
683 5437 827 5482 tanta
861 5430 996 5484 bona
1043 5427 1280 5490 dederit,
1316 5430 1531 5482 nomine
1557 5443 1653 5481 vos
1689 5430 1790 5481 oh-

207 5534 506 5577 secramus.
531 5518 887 5574 Obsecremus
913 5535 1093 5589 porro,
1124 5526 1179 5572 ut
1205 5518 1441 5573 oblatum
1466 5521 1788 5574 beneficium

206 5613 486 5682 accipiatis
511 5652 526 5678 ,
556 5626 654 5666 nec
681 5627 874 5667 munus
905 5610 1216 5684 repudiatis.
1242 5611 1444 5666 Morem
1478 5613 1659 5680 itaque
1695 5629 1793 5667 no-

207 5703 295 5758 bis
328 5705 498 5773 geri:e
521 5743 536 5770 ,
562 5716 625 5756 ac
654 5697 826 5759 videte
858 5719 925 5757 ne
951 5705 1003 5757 in
1036 5717 1259 5756 vacuum
1292 5705 1521 5770 gratiam
1549 5705 1779 5774 1CCipi3-

1957 691 2044 741 Its.
2072 687 2285 746 Etenim
2311 707 2380 749 ne
2415 696 2488 751 illi
2519 703 2574 754 in
2606 701 2708 756 hoc
2731 718 2835 760 uno
2863 711 3361 774 reconciliationem
3391 724 3545 790 posis

1954 787 2060 880 tam
2083 796 2204 880 esse
2232 786 2607 846 existimarent
2624 833 2639 854 .
2671 803 2730 849 ut
2754 800 2963 854 vocanti
2991 799 3150 868 ﬁdem
3176 786 3502 868 adhiberent
3523 855 3542 880 ,

1952 867 2074 925 ideo
2119 873 2234 929 tunc
2279 877 2440 932 verba
2471 879 2749 953 adiungit,
2792 888 2988 957 quibus
3029 867 3266 950 studium
3315 898 3370 953 in
3415 867 3540 957 vita;

1949 961 2158 1056 ratione
2186 964 2462 1037 efflagitat.
2494 970 2628 1028 Nam
2662 975 2786 1046 qui,
2823 987 3169 1052 posteaquam
3202 991 3437 1056 peccatis
3468 992 3539 1047 li-

1951 1050 2167 1150 beratus
2186 1065 2350 1127 atque
2373 1061 2426 1115 in
2451 1064 2744 1122 amicitiam
2772 1050 3040 1143 receptus
3053 1086 3158 1143 est,
3185 1050 3235 1134 in
3266 1083 3534 1150 prioribus

1946 1143 2162 1238 flagitiis
2189 1166 2377 1206 rursus
2400 1156 2702 1225 volutatur,
2737 1161 2784 1236 is
2810 1164 2880 1220 ad
2925 1166 3242 1227 inimicitias
3267 1143 3441 1238 redit:
3473 1194 3538 1234 ac

1947 1235 2176 1309 frustra,
2208 1255 2464 1313 quantum
2491 1249 2560 1303 ad
2589 1235 2986 1312 vitamrattinet
3007 1300 3023 1323 ,
3054 1262 3284 1329 gratiam
3324 1264 3419 1323 Dei
3431 1235 3537 1323 iac-

1946 1331 2110 1400 cepit.

2019 1419 2196 1477 Gratia
2226 1442 2326 1480 non
2357 1430 2570 1484 multum
2592 1435 2741 1502 juvat
2766 1436 2837 1489 ad
2864 1439 3078 1493 salutem
3102 1483 3117 1506 ,
3149 1445 3195 1497 si
3220 1445 3420 1516 impure
3461 1452 3540 1506 ri-

1943 1527 2137 1567 uamus.
2163 1546 2234 1556 --
2251 1517 2436 1589 Neque
2461 1527 2603 1590 enim
2629 1542 2878 1596 magnum
2907 1533 3180 1603 quidpiam
3204 1536 3271 1592 ad
3300 1541 3530 1598 salutem

1941 1603 2096 1704 tionis
2126 1605 2279 1661 affert
2303 1615 2472 1678 gratia
2495 1655 2509 1679 ,
2544 1617 2590 1670 si
2633 1617 2842 1687 impure
2870 1623 3158 1683 vivamus:
3191 1631 3318 1700 quin
3351 1637 3531 1704 potius

1939 1691 2320 1752 detrimentum
2349 1701 2403 1754 in
2431 1719 2527 1758 nos
2557 1711 2805 1775 accersit,
2829 1691 3222 1773 vehementius
3242 1722 3294 1776 in
3328 1691 3527 1794 pecca-

1939 1784 2007 1879 tis
2049 1797 2332 1879 gravatos,
2366 1801 2424 1846 ut
2452 1796 2540 1864 qui
2587 1806 2714 1865 post
2756 1801 3022 1868 ejusmodi
3067 1784 3432 1879 cognitionem
3461 1833 3530 1873 ac

1936 1875 2252 1933 beneﬁcium
2296 1883 2362 1936 ad
2407 1886 2585 1953 priora
2619 1889 2744 1944 vitia
2785 1908 2883 1947 nos
2927 1897 3072 1963 ipsos
3106 1875 3422 1959 referamus.
3459 1910 3529 1964 At

1933 1967 2171 2060 nondum
2205 1970 2305 2025 hoc
2335 1976 2507 2040 ponit,
2536 1991 2602 2031 ne
2633 1980 2914 2036 molestam
2939 1993 3099 2056 atque
3125 2004 3370 2060 asperam
3399 2010 3530 2050 ora-

1934 2055 2134 2114 tionem
2163 2061 2354 2116 reddat
2383 2081 2398 2117 :
2429 2064 2531 2121 hoc
2557 2068 2729 2123 solum
2758 2071 2906 2136 dicit,
2941 2055 3140 2131 nullam
3174 2055 3298 2138 hinc
3324 2084 3391 2138 ad
3420 2099 3526 2140 nos

1932 2149 2218 2240 utilitatem
2251 2154 2452 2212 redire.
2496 2156 2700 2215 Deinde
2739 2163 3281 2240 prophetite'quoque
3309 2189 3526 2231 memo-

1931 2238 2064 2294 riam
2112 2241 2364 2311 refrieat,
2409 2262 2518 2317 quo
2547 2264 2736 2306 eorum
2785 2246 2995 2312 animos
3022 2238 3092 2318 ad
3124 2238 3519 2330 capessendum

1928 2331 2120 2386 salutis
2158 2335 2394 2393 studium
2436 2340 2679 2410 impellat
2720 2354 2774 2401 et
2803 2361 3012 2419 urgeat.
3052 2347 3133 2405 Ait
3157 2355 3293 2409 enim
3320 2373 3339 2412 :
3366 2356 3529 2415 Tem-

1926 2440 2048 2493 pore
2089 2437 2296 2498 aecepto
2337 2433 2574 2486 exaudiui
2604 2446 2654 2489 te
2675 2479 2688 2500 ,
2722 2449 2770 2493 et
2797 2443 2850 2496 iu
2878 2444 2964 2497 die
3001 2446 3183 2501 solutis
3231 2454 3519 2512 atrzilietus

1928 2531 2038 2568 sum
2066 2516 2174 2570 tibi.
2202 2517 2337 2574 Ecce
2362 2537 2498 2575 nunc
2527 2535 2722 2595 tempus
2746 2533 3072 2602 acceptabile,
3108 2554 3237 2593 ecce.
3250 2559 3382 2595 nunc
3403 2547 3520 2601 dies

1922 2604 2124 2661 salutis.
2157 2607 2392 2680 Tempus
2441 2618 2814 2684 acceptabile:
2848 2624 3117 2691 quodnam
3139 2627 3330 2685 istud?
3354 2633 3520 2690 Tem-

1923 2712 2024 2794 pus
2048 2699 2298 2794 ridielicet
2330 2705 2575 2764 beneficii
2614 2721 2664 2766 et
2688 2715 2880 2792 gratia:
2905 2757 2919 2779 ,
2953 2717 3005 2772 in
3047 2734 3152 2788 quo
3181 2721 3249 2778 de
3274 2730 3514 2794 peccatis

1920 2789 2174 2847 admissis
2203 2796 2441 2852 rationes
2471 2815 2576 2854 non
2619 2789 2989 2872 ex'poseuntur
3029 2825 3129 2865 nec
3159 2789 3333 2882 pretim
3369 2830 3510 2884 pen-

1920 2880 2153 2951 duntur,
2183 2887 2234 2939 in
2262 2903 2370 2958 quo
2410 2906 2512 2945 una
2558 2909 2679 2949 eum
2729 2880 3177 2962 reconciliatione
3211 2880 3513 2964 innumeris

1920 2986 2133 3042 quoque
2160 2977 2316 3030 bonis
2359 2978 2618 3047 fruimur,
2661 2985 2866 3052 iustitia
2895 2991 3145 3048 nimirum
3167 3036 3182 3058 ,
3213 3000 3512 3055 sanetiﬂeac

1923 3063 2065 3116 tione
2084 3106 2100 3128 ,
2129 3065 2356 3137 aliisque
2384 3072 2654 3128 omnibus.
2682 3075 2923 3143 Quantos
2954 3083 3100 3139 enim
3130 3085 3344 3151 labores
3386 3103 3509 3146 aus-

1918 3154 2099 3223 cipere
2127 3170 2223 3224 par
2249 3167 2388 3221 erat.
2417 3170 2474 3215 ut
2501 3161 2638 3217 hanc
2663 3169 3003 3225 occasionem
3031 3175 3509 3235 nancisceremur?

1915 3254 1971 3296 at
1995 3258 2123 3299 ecce
2143 3287 2159 3311 ,
2189 3249 2339 3302 nullo
2371 3267 2398 3302 τι
2435 3252 2592 3309 nobis
2620 3266 2874 3327 suscepto
2906 3260 3118 3330 labore,
3168 3265 3317 3322 adest
3338 3310 3352 3333 ,
3382 3285 3505 3325 0m-

1916 3335 2062 3388 nium
2090 3347 2213 3394 ante
2243 3339 2602 3398 admissurum
2637 3349 2848 3403 veniam
2889 3351 3141 3410 aﬂ'erens.
3173 3357 3252 3413 Ae
3277 3360 3507 3430 proinde

1915 3430 2246 3523 acceptabile
2274 3432 2377 3489 hoc
2406 3446 2616 3508 tempus
2647 3450 2803 3497 vocat
2821 3484 2835 3509 ,
2865 3446 3118 3513 quoniam
3147 3463 3244 3504 eos
3266 3467 3499 3523 quoque,

1915 3518 2004 3585 qui
2037 3520 2334 3578 innumeris
2366 3527 2661 3585 sceleribus
2690 3545 2810 3587 sese
2841 3535 3244 3596 obstrinxerant
3263 3518 3499 3607 ,vadmit-

1916 3609 2096 3675 tebat,
2154 3627 2253 3667 nec
2302 3624 2506 3671 tantum
2565 3620 2918 3690 admittebat,
2972 3628 3066 3682 sed
3111 3630 3179 3685 ad
3227 3649 3502 3690 summum

1913 3700 2074 3754 etiam
2105 3701 2323 3757 honoris
2350 3708 2573 3773 gradum
2602 3711 2935 3769 subvehebat
2961 3735 2975 3768 :
3019 3709 3128 3773 non
3154 3736 3312 3779 secus
3336 3734 3502 3790 atque

1915 3790 2230 3847 adveniente
2277 3809 2402 3865 rege
2439 3797 2622 3865 judicii
2656 3810 2868 3873 tempus
2897 3820 3002 3861 non
3031 3818 3149 3875 est,
3181 3811 3275 3866 sed
3311 3816 3499 3882 gratia:

1913 3896 1976 3935 ac
2031 3883 2238 3938 salutis.
2265 3882 2344 3940 Ob
2393 3901 2511 3942 eam
2561 3904 2778 3946 causam
2830 3896 3158 3964 acceptabile
3204 3901 3303 3956 hoc
3360 3911 3498 3969 tem-

1916 3988 2014 4041 pus
2039 3985 2219 4041 vorat,
2257 3980 2509 4047 quamdiu
2542 3981 2717 4039 adhuc
2760 3986 2810 4038 in
2855 3999 3151 4046 scammate
3177 4007 3494 4063 versamur,

1913 4064 2164 4128 quamdiu
2187 4068 2360 4120 adhuc
2389 4071 2438 4122 in
2463 4074 2756 4127 excolenda
2779 4083 2933 4131 vinea
2957 4095 3177 4149 operam
3200 4101 3458 4144 navemus
3478 4131 3496 4156 ,

1913 4155 2163 4220 quamdiu
2195 4157 2480 4234 undecima
2505 4161 2633 4215 hora
2663 4176 2928 4234 superest.

1967 4243 2020 4297 2.
2049 4245 2405 4313 Accedamus,
2431 4266 2492 4305 ac
2511 4253 2676 4308 vitam
2699 4271 2932 4311 nostrain
2958 4271 3102 4318 recte
3121 4265 3494 4326 instituamus:

1913 4335 1960 4388 id
1990 4338 2131 4391 enim
2164 4337 2320 4395 faciie
2362 4355 2464 4399 est.
2499 4344 2629 4400 Nam
2660 4350 2748 4418 qui
2776 4367 2840 4405 eo
2875 4361 3117 4423 tempore
3147 4373 3349 4430 certat,
3383 4382 3495 4437 quo

1912 4436 2117 4485 tantum
2150 4431 2471 4489 beneficium
2503 4454 2565 4490 ac
2612 4448 2753 4492 tanta
2799 4445 2968 4509 gratia
3014 4446 3180 4502 effusa
3210 4462 3329 4516 est,
3375 4431 3491 4523 pa!-

1912 4534 2050 4572 rnam
2083 4521 2222 4576 facili
2252 4526 2470 4594 negas-fis
2501 4539 2877 4596 consequetur.
2914 4533 3126 4589 Etenim
3157 4542 3294 4608 apud
3326 4521 3497 4602 terre-

1909 4626 2007 4666 nos
2033 4628 2244 4684 quoque
2287 4617 2641 4686 imperatores
2665 4660 2679 4685 ,
2716 4637 2835 4677 cum
2867 4625 2987 4680 festi
3016 4643 3202 4684 eorum
3236 4633 3352 4690 dies
3378 4644 3493 4708 agi-

1912 4711 2109 4769 tantur,
2135 4716 2292 4774 atque
2320 4707 2368 4759 ir.
2415 4711 2665 4765 .‘tti'suiari
2694 4713 2879 4769 habitu
2907 4731 3225 4785 cernuntur,
3256 4726 3300 4778 is
3329 4707 3490 4785 etism

1905 4793 1995 4860 qui
2025 4794 2268 4863 exiguum
2299 4813 2493 4850 "mons
2521 4800 2674 4854 odert
2694 4842 2709 4865 ,
2759 4806 2964 4872 magnis
3010 4805 3168 4862 donis
3214 4811 3448 4870 afficitur
3477 4837 3492 4884 ;

1907 4883 1973 4938 iis
1998 4892 2172 4937 autem
2201 4884 2410 4953 diebus,
2441 4892 2597 4959 queis
2616 4890 2814 4960 judicis
2845 4910 3039 4953 munus
3071 4914 3342 4971 exercent,
3375 4883 3494 4962 ma;

1903 4991 2005 5052 gna
2050 4977 2322 5047 diligentia
2356 4997 2657 5053 magnoque
2687 4987 2935 5044 examine
2962 5005 3098 5060 opus
3137 5004 3240 5050 est.
3273 4998 3362 5054 Sic
3385 5016 3490 5055 nos

1901 5068 2062 5120 etiam
2114 5067 2271 5138 hujus
2325 5071 2571 5127 beneﬁcii
2625 5083 2867 5145 tempore
2926 5080 3313 5142 decertemus:
3373 5092 3490 5149 dies

1902 5160 2085 5227 gratia:
2117 5173 2237 5227 est,
2270 5161 2462 5216 divinre
2493 5165 2710 5234 inquam
2737 5171 2946 5238 gratim,
2977 5173 3119 5230 unde
3144 5180 3307 5235 etiam
3336 5182 3492 5240 facile

1903 5261 2128 5304 coronas
2182 5251 2566 5319 adipiscemur.
2598 5256 2731 5312 Nam
2763 5259 2847 5320 si.
2881 5276 3001 5317 cum
3034 5274 3109 5319 tot
3141 5268 3285 5323 vitiis
3314 5284 3489 5330 scale.

1903 5354 2084 5395 remus
2105 5384 2118 5405 ,
2149 5353 2202 5397 et
2228 5343 2444 5400 admisit
2471 5361 2573 5402 nos
2599 5358 2652 5402 et
2693 5346 2757 5402 iis
2788 5351 3071 5417 liberavit;
3118 5360 3367 5416 omnibus
3397 5382 3489 5419 Sn-

1903 5431 2041 5484 lutos
2064 5476 2076 5498 ,
2126 5450 2291 5503 eaque
2323 5453 2439 5503 qua:
2492 5441 2662 5494 nostri
2711 5447 2948 5499 muneris
2977 5459 3099 5501 sunt
3129 5463 3447 5518 praestantes
3474 5502 3489 5522 ,

1903 5539 2077 5578 annon
2108 5529 2276 5580 multo
2306 5531 2475 5599 magis
2505 5531 2842 5588 admissurus
2892 5539 3012 5590 est?
3045 5539 3233 5596 Postea
3265 5546 3312 5597 id
3347 5551 3489 5615 quod

1902 5626 2158 5682 perpetuo
2187 5619 2344 5686 facit,
2375 5631 2429 5675 ut
2463 5624 2696 5694 seipsum
2732 5627 2782 5679 in
2819 5629 3052 5682 medium
3089 5647 3379 5703 proponat,
3412 5654 3487 5695 at-

1901 5722 2001 5771 que
2027 5707 2147 5763 hinc
2169 5713 2468 5781 exemplum
2499 5731 2706 5773 sumere
2725 5718 2927 5787 jubeat,
2961 5721 3051 5776 hic
3080 5737 3291 5795 quoque
3317 5728 3435 5783 facit
3460 5745 3476 5784 :
