4022 6258
483 361 540 381 (1-

445 365 475 413 4
502 385 545 409 νο,

449 451 592 502 unde
619 449 779 504 etiam
812 445 1114 514 subjungit,
1151 446 1202 497 5.
1241 442 1448 497 Nemini
1478 444 1654 494 dantes
1683 440 1845 492 ullam
1875 435 2037 503 offen-

445 544 656 604 sionem,
685 551 739 592 ut
770 555 872 592 non
917 539 1226 606 vituperetur
1269 534 1607 587 ministerium
1636 541 1887 584 nostrum.
1919 526 2037 581 Non

449 631 606 685 modo
636 645 664 683 a
710 639 972 698 tempore,
1005 627 1100 682 sed
1145 627 1307 681 etiam
1337 625 1406 678 ab
1437 624 1502 677 iis
1525 664 1538 687 ,
1573 624 1659 688 qui
1695 621 1950 690 praeclare
1980 632 2040 672 se

443 732 739 791 gesserunt,
771 735 864 775 eos
895 733 1216 789 permovere
1241 715 1444 770 studet.
1474 715 1551 767 Ac
1579 713 1703 765 vide
1731 726 1892 779 quam
1921 708 2040 762 sine

446 814 582 868 fastu
625 823 783 884 atque
829 812 1135 881 arrogantia
1170 828 1182 863 :
1230 825 1338 863 non
1367 807 1510 862 enim
1543 805 1714 868 dixit,
1749 801 2036 857 Intuemini

445 908 494 958 in
530 921 663 969 nos,
708 906 831 975 quia
875 905 1005 958 tales
1047 913 1233 958 sumus
1268 919 1283 966 ;
1333 914 1519 954 verum
1549 899 1695 965 prius
1731 911 1852 964 quae
1881 894 1946 947 ad
1979 907 2037 946 sc

442 1006 688 1065 spectant
712 1006 927 1050 enarrat
958 1036 972 1058 ,
1022 1006 1077 1048 ut
1109 1009 1321 1048 omnem
1359 988 1793 1058 reprehensionis
1819 1001 2036 1039 causam

442 1088 778 1142 submoveat.
811 1089 886 1140 Ac
933 1085 1040 1140 duo
1067 1086 1262 1140 eximia
1309 1080 1670 1136 iuunaculatze
1704 1081 1827 1132 vita:
1873 1091 2035 1145 argu-

443 1188 625 1232 menta
676 1180 855 1247 ponit,
906 1178 1036 1232 dum
1085 1179 1160 1231 ait
1185 1217 1200 1240 ,
1246 1174 1455 1229 Nemini
1486 1173 1668 1225 dantes
1699 1171 1859 1224 ullam
1887 1185 1904 1223 :
1934 1183 2035 1222 nec

441 1272 576 1324 dixit
615 1274 1015 1324 accusationem
1040 1311 1054 1333 ,
1089 1269 1182 1321 sed
1205 1310 1218 1332 ,
1253 1266 1393 1336 quod
1453 1265 1611 1332 longe
1657 1262 1833 1315 minus
1881 1269 2032 1324 erat,

445 1362 827 1428 ()[fensioncnt;
859 1378 922 1414 ac
955 1362 996 1413 si
1028 1359 1266 1419 diceret,
1300 1353 1740 1423 reprehensionis
1771 1360 1825 1405 et
1855 1349 2036 1419 queri-

442 1453 636 1506 monia:
669 1456 844 1507 locum
881 1451 1011 1504 nulli
1041 1450 1251 1502 dantes.
1287 1445 1357 1500 Ut
1405 1463 1506 1497 non
1547 1445 1857 1513 vituperetur
1884 1441 2034 1493 mini-

438 1549 649 1600 sterium
680 1557 929 1598 nostrum.
969 1543 1080 1596 Iloe
1120 1554 1222 1604 est,
1255 1555 1322 1593 ne
1360 1531 1479 1609 quis
1519 1537 1646 1590 illud
1678 1544 1884 1605 carpat.
1926 1534 2035 1589 Nec

437 1652 624 1690 rursus
649 1635 803 1697 dixit,
840 1633 908 1688 Ut
935 1650 1038 1686 non
1069 1640 1374 1692 accusetur,
1409 1630 1525 1690 sed,
1559 1627 1622 1684 Ut
1655 1644 1723 1682 ne
1755 1626 2030 1681 levissima

436 1730 652 1798 quidem
682 1729 732 1782 in
757 1743 821 1782 eo
848 1728 1002 1796 culpa
1026 1726 1257 1787 mereat,
1290 1739 1389 1778 nec
1420 1722 1684 1791 quispiam
1712 1723 1784 1774 sit
1804 1720 1895 1790 qui
1923 1720 2030 1772 ulla

438 1821 489 1872 in
523 1835 581 1874 re
611 1818 739 1872 illud
773 1819 1026 1872 insectari
1072 1826 1250 1885 queat.
1287 1817 1338 1870 4.
1374 1816 1478 1867 Sed
1509 1816 1560 1865 in
1607 1812 1836 1866 omnibus
1889 1811 2032 1864 exiti-

434 1909 605 1963 bentes
649 1910 981 1977 nosmetipsos
1023 1908 1153 1961 sicut
1197 1905 1292 1959 Dei
1351 1905 1629 1958 ministros.
1684 1902 1800 1956 Hoc
1861 1901 2031 1955 multo

436 2005 611 2071 majus
639 2013 742 2056 est.
773 2001 956 2070 Neque
989 2000 1132 2053 enim
1164 1998 1215 2049 in
1249 1997 1362 2065 pari
1395 1995 1549 2048 laude
1576 1991 1881 2061 ponendum
1914 2000 2028 2054 est,

437 2094 865 2163 reprehensione
921 2104 1118 2142 vacare
1138 2129 1153 2150 ,
1199 2097 1360 2154 atque
1390 2086 1458 2138 ita
1505 2100 1564 2137 se
1591 2096 1907 2150 comparare
1931 2123 1945 2145 ,
1977 2090 2030 2133 ut

437 2187 674 2255 undique
698 2184 1040 2253 perspicuum
1071 2179 1160 2239 sit,
1191 2192 1285 2230 eos
1313 2176 1408 2229 Dei
1433 2175 1710 2228 ministros
1731 2187 1851 2226 esse
1879 2189 1890 2223 :
1923 2187 2028 2223 non

436 2277 582 2330 enim
609 2275 752 2343 paris
772 2258 942 2327 laudis
963 2280 1074 2334 est,
1105 2285 1134 2322 a
1158 2266 1581 2336 reprehensione
1613 2265 1840 2319 liberum
1869 2277 1988 2317 esse
2010 2302 2026 2324 .

437 2378 492 2421 et
535 2365 752 2432 laudum
801 2361 1135 2416 ornamentis
1181 2358 1474 2412 abundare.
1506 2355 1615 2409 Nec
1645 2355 1810 2417 dixit,
1848 2357 2028 2422 Appa-

438 2468 652 2519 rentes,
710 2454 802 2507 sed
863 2452 1200 2515 Exhibentes,
1251 2449 1353 2502 hoc
1399 2457 1520 2512 est,
1574 2446 2026 2499 demonstrantes.

440 2550 642 2604 Deinde
661 2547 800 2600 unde
821 2547 952 2598 tales
971 2544 1143 2598 effecti
1164 2543 1272 2595 sint
1288 2541 1528 2610 exponit.
1544 2538 1822 2594 Undenam
1842 2537 2030 2605 igitur?

438 2643 504 2696 In
554 2642 714 2694 multa
763 2639 1006 2710 patientia
1029 2679 1044 2702 ,
1097 2635 1288 2704 inquit.
1323 2633 1530 2701 Quibus
1554 2631 1732 2685 verbis
1763 2631 2026 2685 bonorum

434 2737 672 2788 omnium
705 2732 1109 2786 fundamentum
1156 2727 1354 2797 posuit.
1403 2725 1528 2780 Ideo
1559 2739 1664 2778 non
1709 2723 2029 2793 simpliciter

439 2829 747 2896 patientiam
805 2825 980 2889 dixit,
1025 2822 1118 2876 sed
1154 2821 1374 2874 nmltam
1425 2817 1605 2882 addit,
1637 2827 1695 2870 ut
1743 2816 1884 2870 illius
1916 2829 2029 2867 ma-

434 2919 765 2987 gnitudinem
824 2915 1145 2969 declararet.
1204 2912 1376 2965 Unam
1429 2919 1520 2963 aut
1566 2909 1787 2962 alteram
1840 2907 2026 2959 tulisse

440 3010 787 3062 tentationem
817 3020 922 3060 non
951 3020 1199 3072 magnum
1226 3012 1401 3063 esset;
1435 2999 1528 3054 sed
1556 3000 1645 3054 ille
1674 2998 2024 3052 tentationem

436 3118 534 3156 ceu
579 3101 802 3155 imbrem
835 3097 1075 3160 inducit,
1121 3094 1341 3154 dicens,
1377 3091 1442 3145 In
1488 3090 1928 3155 tribulationibus,
1973 3089 2026 3141 in

436 3191 834 3247 necessitatibus.
867 3190 979 3242 lloe
1010 3187 1358 3240 afllictionmn
1383 3192 1728 3254 augmentum
1756 3191 1874 3246 est,
1901 3197 2026 3235 cum

436 3286 573 3340 mala
617 3282 772 3336 vitari
820 3287 1113 3348 nequeunt,
1146 3277 1389 3330 acvelut
1438 3275 1734 3328 necessitas
1779 3271 2026 3340 quaedam

433 3376 789 3431 accrbitatutn
821 3370 1105 3431 incumbit,
1131 3381 1196 3420 ex
1223 3381 1328 3434 qua
1363 3365 1445 3416 vix
1477 3374 1528 3417 te
1554 3361 1811 3431 expedire
1837 3374 2024 3429 queas.

436 3467 502 3523 In
527 3462 794 3534 angustiis.
822 3458 1006 3514 Famis
1036 3457 1240 3512 scilicet
1264 3456 1600 3522 aliarumque
1628 3465 1809 3506 rerum
1839 3466 2027 3505 neces-

435 3558 734 3618 sariarum,
766 3551 851 3606 vel
881 3548 1197 3619 simpliciter
1226 3545 1605 3602 tentatiouum.
1639 3545 1692 3598 5.
1728 3539 1795 3596 In
1820 3543 1988 3614 plagis
2008 3582 2023 3606 ,

434 3654 488 3705 in
515 3647 800 3704 carceribus
819 3686 834 3710 ,
862 3645 915 3699 in
943 3641 1298 3698 seditionibus.
1331 3637 1492 3708 Atqui
1524 3635 1802 3706 quodlibet
1832 3635 2023 3689 horum

436 3725 519 3796 vel
547 3741 718 3796 solum
741 3735 1080 3792 intolerabile
1107 3741 1225 3787 erat
1243 3773 1259 3798 ,
1287 3739 1342 3786 et
1365 3729 1546 3799 flagris
1565 3727 1699 3782 cmdi
1725 3727 1899 3782 solum
1922 3767 1938 3791 ,
1966 3734 2022 3780 et

434 3833 625 3888 vinciri
653 3830 848 3893 solum,
881 3837 936 3882 et
963 3826 1176 3894 pulsum
1205 3836 1470 3890 nusquam
1495 3818 1796 3873 consistere
1824 3831 1982 3884 posse
2008 3835 2021 3869 :

438 3925 542 3979 hoc
567 3924 712 3978 enim
755 3916 1022 3987 signiﬁcat
1041 3954 1059 3979 ,
1091 3911 1159 3964 1η
1202 3909 1556 3963 seditionibus.
1585 3909 1656 3960 At
1683 3920 1806 3959 cum
1834 3914 1889 3960 et
1912 3903 2027 3959 inec

433 4014 618 4069 omnia
642 4020 697 4065 et
723 4006 882 4062 simul
914 4006 1205 4073 ingruunt,
1249 3999 1423 4068 cogita
1454 4012 1616 4068 quam
1665 3995 1882 4050 firmum
1911 3991 2030 4050 anii

438 4122 587 4163 mum
616 4102 909 4173 requirant.
942 4099 1206 4168 Deinceps
1244 4111 1348 4150 una
1389 4109 1514 4149 cum
1540 4093 1779 4148 externis
1807 4106 1903 4146 sua
1933 4105 2023 4145 re-

439 4206 624 4256 censet
657 4216 672 4253 :
725 4193 793 4249 In
838 4193 1125 4255 laboribus,
1168 4190 1225 4242 in
1252 4187 1439 4258 uigiliis
1460 4225 1476 4251 ,
1507 4177 1559 4238 in
1597 4185 1850 4254 jejuniis.
1882 4183 1938 4238 6.
1971 4183 2025 4236 in

438 4291 688 4345 castitate.
733 4285 830 4339 [iis
866 4283 1051 4337 verbis
1095 4291 1365 4332 aerumnas
1390 4289 1484 4328 eas
1517 4275 1726 4336 innuit,
1759 4287 1893 4340 quas
1923 4271 2026 4325 huc

436 4394 598 4450 atque
626 4377 751 4431 illuc
771 4370 1036 4427 cursando
1057 4383 1120 4421 ac
1137 4367 1336 4420 victum
1353 4363 1452 4418 sibi
1477 4364 1722 4417 manibus
1736 4364 2025 4433 quaerendo

441 4465 753 4526 cxantlabat
773 4505 785 4526 .
814 4471 1108 4530 noctesque
1139 4473 1270 4528 quas
1297 4459 1349 4511 in
1379 4454 1625 4511 docendo
1645 4457 1726 4508 vel
1757 4454 1916 4508 etiam
1946 4454 2026 4509 la-

439 4557 681 4615 borando
731 4552 1065 4610 conterebat.
1114 4550 1194 4606 Ad
1250 4550 1366 4606 haec
1405 4547 1566 4603 etiam
1620 4561 1721 4602 nec
1759 4547 2024 4616 jejunium

446 4650 749 4707 omittebat.
793 4645 1003 4699 tametsi
1047 4643 1137 4696 illa
1189 4642 1337 4696 mille
1362 4640 1688 4709 jejuniorum
1735 4638 1902 4691 instar
1933 4652 2025 4691 es-

441 4750 582 4798 sent.
617 4740 718 4794 Per
746 4737 1045 4793 castitatem
1077 4746 1264 4788 rursus
1314 4731 1417 4786 hoc
1442 4732 1563 4786 loco
1599 4732 1684 4785 vel
1714 4729 2023 4798 pudicitiam

444 4831 729 4899 intelligit,
760 4829 844 4880 vel
871 4827 925 4878 in
955 4824 1200 4878 omnibus
1227 4823 1389 4877 rebus
1415 4823 1700 4892 puritatem
1719 4865 1735 4890 ,
1769 4823 1853 4878 vel
1879 4821 2022 4892 quod

443 4923 756 4978 niuneribus
805 4917 1028 4985 abjectis
1076 4914 1243 4984 gratis
1290 4915 1628 4984 evangelium
1679 4916 2020 4986 praedicaret.

443 5018 510 5071 lu
536 5013 763 5068 scientia.
795 5009 931 5078 Quid
963 5019 1046 5063 est
1066 5049 1081 5072 ,
1106 5004 1171 5060 In
1200 5007 1452 5060 scientia?
1483 5007 1540 5064 In
1567 5008 1828 5078 sapientia
1855 5023 1884 5062 a
1917 5009 2024 5062 Deo
2065 5055 2069 5057 _

442 5120 735 5168 concessa,
782 5117 902 5173 qua:
950 5114 1074 5155 vera
1122 5099 1346 5153 scientia
1377 5106 1501 5154 est:
1550 5115 1656 5152 non
1687 5108 1744 5152 ut
1790 5100 1902 5165 illi,
1934 5101 2022 5168 qui

442 5198 715 5266 sapientes
740 5195 1009 5257 videntur,
1033 5205 1098 5245 ac
1116 5192 1185 5245 de
1205 5201 1428 5244 externa
1451 5190 1675 5244 scientia
1701 5191 2019 5260 gloriantur,

445 5292 548 5345 hac
567 5303 694 5342 vero
718 5286 954 5341 destituti
978 5294 1121 5340 sunt.
1153 5283 1216 5336 In
1241 5283 1642 5352 longanimitate,
1669 5285 1722 5336 in
1751 5284 2019 5338 suavitate.

448 5383 574 5435 lla:c
599 5393 810 5448 quoque
841 5391 1091 5444 perquam
1133 5375 1377 5444 generosi
1404 5374 1568 5427 animi
1601 5383 1761 5437 sunt,
1794 5389 2020 5443 nempe,

444 5490 566 5528 cum
596 5470 828 5539 untdique
860 5469 1166 5538 provoccris
1209 5482 1276 5522 ac
1316 5466 1603 5536 pungaris,
1633 5481 1790 5536 sequo
1839 5469 2020 5522 animo

443 5571 587 5622 ferre
618 5565 814 5617 ninnia.
845 5562 977 5614 Tum
1003 5570 1180 5614 autem
1210 5560 1535 5621 ostendens,
1567 5557 1709 5612 unde
1738 5559 1856 5613 talis
1887 5560 2018 5614 effe-

447 5668 564 5710 ctus
592 5656 695 5718 sit,
741 5653 1038 5721 subjunxit,
1075 5649 1138 5702 In
1186 5649 1385 5718 Spiritu
1413 5659 1607 5703 sancto.
1639 5648 1693 5702 In
1737 5651 1854 5720 ipso
1879 5655 2021 5706 enim

443 5747 618 5798 omnia
651 5745 764 5797 haec
792 5741 1190 5809 consequimur.
1218 5746 1285 5792 At
1310 5740 1428 5794 vide
1457 5739 1798 5808 quandonam
1844 5742 2018 5812 Spiri-

1190 327 1245 380 S.
1287 325 1564 382 JOANNIS
1601 317 2084 379 CIIRYSOSTOMI
2125 319 2440 375 ARCIllliP.
2485 321 3019 382 CUNSTANTINOP.

3623 335 3725 394 itii

2149 445 2234 488 tos
2259 441 2433 522 sancti
2462 439 2718 491 auxilium
2751 442 2927 508 posuit
2953 455 3274 514 :vpostquam
3308 466 3500 520 nempe
3527 468 3623 506 sua
3645 471 3736 513 us-

2148 527 2410 581 tenderat.
2442 529 2776 596 Quamquam
2827 532 2955 587 tnilti
2987 537 3128 590 aliud
3163 555 3375 608 quoque
3423 542 3506 595 his
3555 546 3737 601 verbis

2147 620 2382 675 indicare
2404 622 2638 676 videtur.
2668 624 2932 690 Quidnam
2967 626 3109 680 hoc?
3138 629 3340 700 Nempe
3365 634 3508 702 quod
3538 639 3735 704 eopio-

2147 727 2207 763 so
2239 712 2444 780 Spiritu
2477 714 2716 782 repletus
2744 725 2908 779 esset,
2940 725 3100 786 atque
3127 718 3251 774 hinc
3271 738 3486 794 quoque
3515 724 3733 780 missio-

2154 807 2235 854 nis
2282 817 2393 856 suae
2423 815 2800 872 argumentum
2849 807 3146 876 pra-heret,
3190 815 3312 879 quia
3364 815 3736 883 spiritualibus

2144 891 2328 958 gratiis
2359 893 2589 947 donatus
2638 895 2848 949 fuisset.
2889 896 3022 950 Nam
3063 899 3162 951 etsi
3211 901 3260 953 id
3307 918 3520 973 quoque
3564 908 3733 976 gratia

2143 993 2289 1046 erat;
2322 992 2372 1036 at
2401 988 2517 1052 ipse
2545 1000 2758 1055 quoque
2790 1002 2949 1040 causa
2977 988 3103 1041 item
3127 1000 3273 1053 erat,
3309 1001 3364 1044 nt
3392 997 3479 1062 qui
3515 1012 3610 1064 per
3637 1013 3734 1051 sua

2143 1083 2292 1128 recte
2339 1075 2476 1129 facta
2505 1085 2561 1130 et
2606 1077 2833 1130 sudores
2865 1079 3088 1144 gratiam
3137 1082 3466 1138 attraxisset.
3505 1085 3659 1152 Quod
3690 1090 3734 1142 si

2143 1169 2262 1236 quis
2293 1170 2512 1236 insuper
2539 1169 2588 1222 id
2621 1185 2836 1239 quoque
2862 1175 2929 1224 ah
2949 1173 3204 1240 Apostolo
3253 1175 3474 1230 indicari
3501 1189 3702 1234 conten
3723 1211 3736 1219 -

2141 1259 2266 1323 dat,
2332 1261 2473 1330 quod
2528 1262 2578 1315 in
2629 1262 2893 1331 spirituali
2939 1266 3100 1317 ctiam
3161 1265 3246 1319 illa
3300 1269 3470 1336 gratia
3531 1272 3734 1326 nullam

2140 1350 2454 1405 offensionis
2498 1367 2685 1406 ansam
2721 1353 2960 1419 dederit,
3010 1359 3077 1409 ab
3125 1357 3290 1426 ipsius
3321 1360 3587 1413 sententia
3623 1376 3731 1415 non

2141 1447 2422 1499 aberrarit.
2493 1447 2702 1501 Etenim
2772 1448 2884 1513 illi,
2929 1449 3018 1517 qui
3084 1449 3226 1519 apud
3279 1466 3374 1505 eos
3425 1452 3734 1522 linguarum

2141 1534 2338 1589 donum
2384 1546 2742 1604 acceperant,
2787 1537 3013 1606 ideoque
3055 1543 3418 1610 arrogantiam
3465 1559 3730 1614 concepe-

2139 1636 2260 1679 rant
2286 1669 2300 1693 ,
2331 1628 2618 1698 vituperati
2648 1639 2808 1684 sunt:
2846 1628 2961 1683 fieri
2994 1631 3135 1684 enim
3169 1643 3342 1702 potest
3364 1676 3378 1696 ,
3413 1636 3579 1704 utqui
3605 1637 3735 1705 spi-

2141 1719 2385 1771 ritualem
2408 1720 2632 1788 gratiam
2662 1721 2952 1789 acceperit,
2986 1737 3046 1775 ea
3078 1738 3181 1775 non
3212 1733 3270 1776 ut
3301 1740 3396 1792 par
3421 1737 3503 1778 est
3528 1736 3730 1782 utatur.

2141 1813 2208 1863 At
2239 1825 2335 1865 nos
2363 1826 2468 1864 non
2503 1812 2610 1875 ita;
2649 1829 2833 1866 verum
2864 1814 2916 1866 in
2945 1814 3135 1882 spiritu
3165 1817 3324 1869 etiam
3349 1859 3362 1880 ,
3394 1817 3498 1871 hoc
3526 1829 3610 1872 est
3631 1861 3644 1883 ,
3679 1822 3731 1873 in

2139 1905 2507 1969 Spiritualibus
2533 1907 2742 1975 gratiis,
2770 1907 3025 1976 inculpati
3055 1908 3273 1962 fuimus.
3302 1907 3368 1963 In
3391 1911 3604 1965 caritate
3627 1930 3732 1967 non

2138 1995 2281 2064 ﬁcta.

2205 2085 2262 2138 5.
2294 2085 2416 2138 llaec
2447 2088 2705 2140 bonorum
2745 2088 2982 2142 omnium
3013 2103 3174 2142 causa
3208 2100 3356 2154 erat;
3402 2090 3518 2145 huic
3561 2094 3723 2148 talem

2139 2179 2311 2247 ipsum
2338 2181 2636 2244 efficiebat;
2664 2181 2778 2235 lure
2806 2181 2856 2235 id
2880 2184 3187 2250 prtestabat,
3212 2195 3269 2236 ut
3291 2184 3546 2253 Spiritus,
3573 2189 3732 2256 enjus

2138 2285 2240 2336 ope
2279 2270 2457 2323 omnia
2505 2281 2651 2324 recte
2696 2270 2996 2336 efficiebat,
3047 2273 3186 2340 apud
3229 2275 3404 2342 ipsum
3461 2287 3729 2332 maneret.

2138 2361 2192 2414 7.
2225 2359 2290 2412 In
2319 2362 2466 2413 verbo
2493 2363 2732 2414 veritatis.
2768 2361 2879 2414 Hoc
2903 2372 2984 2416 est
3009 2402 3025 2427 ,
3078 2361 3219 2432 quod
3250 2363 3567 2434 plerumque
3613 2367 3729 2434 ait,

2139 2468 2243 2505 non
2265 2451 2388 2503 dolo
2417 2462 2706 2505 tractantes
2729 2467 2825 2504 nec
2852 2451 3214 2506 adulterantes
3241 2453 3462 2508 verbum
3495 2455 3584 2509 Dei
3611 2473 3732 2526 per-

2137 2545 2391 2596 stitimus.
2425 2541 2487 2595 In
2519 2544 2698 2597 uirtute
2721 2544 2836 2597 Dei.
2873 2544 3022 2610 Quod
3048 2561 3306 2610 nusquam
3341 2563 3446 2600 non
3476 2546 3637 2614 facit,
3672 2561 3732 2605 ut

2137 2634 2266 2687 nihil
2304 2636 2426 2698 sibi,
2459 2634 2552 2690 sed
2584 2636 2692 2688 Deo
2720 2647 2936 2704 accepta
2962 2638 3138 2689 omnia
3173 2638 3386 2700 referat,
3414 2655 3584 2709 eaque
3609 2658 3730 2711 qua:

2135 2743 2256 2780 cum
2296 2727 2449 2781 laude
2480 2731 2707 2797 gesserit
2754 2728 3058 2793 adscribat,
3104 2728 3203 2781 hoc
3253 2733 3413 2782 etiam
3444 2731 3530 2785 hic
3579 2733 3724 2786 fecit.

2135 2822 2395 2886 Quoniam
2422 2821 2563 2875 enim
2597 2835 2783 2889 magna
2811 2821 3052 2889 quaedam
3083 2821 3331 2891 loquutus
3367 2823 3556 2886 fuerat,
3577 2825 3732 2879 dixe.

2136 2922 2324 2982 ratque
2348 2927 2408 2968 se
2434 2912 2596 2965 vitam
2621 2927 2834 2979 semper
2858 2927 2888 2964 a
2917 2912 3337 2979 reprehensione
3366 2915 3594 2968 alienam
3620 2957 3632 2979 ,
3665 2932 3727 2968 ac

2134 3021 2396 3059 summam
2445 3005 2838 3074 pliil0$0pltiam
2881 3007 3226 3073 exhibuisse,
3260 3008 3482 3078 Spiritui
3521 3026 3583 3064 ac
3620 3014 3728 3065 Deo

2137 3100 2252 3153 hac
2289 3099 2549 3152 attribuit.
2579 3098 2763 3166 Neque
2810 3100 2954 3151 enim
2983 3101 3219 3169 vulgaria
3246 3114 3401 3155 erant
3427 3119 3545 3171 quae
3577 3105 3728 3159 dixe-

2136 3199 2235 3244 rat.
2267 3189 2397 3242 Nam
2428 3191 2470 3242 si
2502 3191 2733 3257 quietam
2758 3190 2918 3241 vitam
2951 3194 3127 3258 agenti
3156 3195 3406 3247 virtutem
3434 3200 3644 3266 assequi
3669 3210 3728 3254 et

2137 3279 2664 3348 irreprehensibilem
2713 3295 2834 3333 esse
2867 3279 3084 3335 difficile
3114 3294 3190 3336 est
3217 3324 3232 3349 ,
3265 3285 3392 3338 illud
3425 3295 3598 3341 tecum
3643 3307 3728 3344 re-

2137 3379 2286 3438 puta,
2318 3384 2478 3438 quam
2501 3369 2700 3439 egregii
2731 3369 2894 3424 animi
2915 3372 2981 3424 sit
3005 3412 3020 3438 ,
3052 3381 3130 3426 tot
3156 3377 3538 3432 tentationibus
3565 3394 3728 3434 vexa-

2136 3470 2248 3513 tum
2275 3474 2488 3528 semper
2510 3459 2793 3515 effulsisse.
2822 3461 2979 3525 Atqui
3017 3478 3122 3517 non
3147 3464 3261 3519 haec
3287 3467 3400 3520 Sola
3427 3471 3680 3524 sustinuit
3705 3513 3721 3535 ,

2133 3554 2228 3608 sed
2279 3555 2454 3609 multo
2494 3555 2576 3608 his
2623 3555 2772 3625 plura
2800 3598 2814 3621 ,
2862 3573 2983 3625 qua:
3023 3557 3278 3628 deinceps
3322 3575 3620 3616 enumerat.
3667 3563 3722 3618 ln

2132 3663 2238 3717 quo
2268 3646 2395 3701 illud
2439 3646 2810 3702 adtllit‘audutn
2847 3660 2969 3717 est,
3020 3667 3125 3704 non
3167 3653 3310 3721 quod
3339 3662 3416 3706 tot
3456 3655 3724 3726 tantisqu

2134 3740 2386 3794 fluctibus
2431 3739 2920 3808 irrcprehensibilis
2970 3741 3160 3808 fuerit,
3210 3758 3308 3797 nec
3351 3744 3494 3813 quod
3543 3746 3722 3800 omnia

2133 3831 2257 3885 furti
2282 3831 2461 3885 animo
2503 3831 2801 3898 pertulerit,
2830 3831 2927 3886 sed
2953 3833 3092 3900 quod
3118 3834 3276 3885 etiam
3307 3850 3426 3887 cum
3450 3836 3725 3905 voluptate

2134 3921 2357 3974 omnia:
2401 3935 2519 3988 qua:
2548 3920 2743 3974 deinde
2775 3919 2861 3974 his
2905 3920 3085 3973 verbis
3131 3922 3389 3976 declarat.
3433 3923 3539 3976 Per
3579 3942 3724 3978 arma

2126 4011 2360 4078 justitiw,
2385 4026 2416 4060 a
2438 4009 2628 4062 dextris
2658 4020 2702 4061 et
2727 4025 2759 4060 a
2783 4009 3020 4062 sinistris.
3046 4008 3279 4064 Videsne
3297 4012 3460 4065 animi
3489 4028 3724 4082 prtesen-

2136 4102 2260 4153 tiam
2295 4101 2580 4168 firmesque
2609 4099 2838 4154 sensus?
2870 4097 3202 4154 Afflictiones
3227 4101 3370 4156 enim
3414 4117 3562 4157 arma
3603 4122 3724 4160 esse

2133 4191 2406 4259 ostendit,
2444 4207 2564 4261 quae
2608 4206 2717 4246 non
2755 4191 2917 4247 modo
2953 4209 3058 4246 non
3099 4193 3392 4263 dejiciant,
3435 4197 3530 4251 sed
3560 4200 3723 4254 etiam

2135 4284 2377 4338 muniant
2423 4298 2486 4337 ac
2532 4282 2796 4337 firmiores
2842 4284 3096 4338 efficiant.
3154 4283 3380 4340 Sinistra
3435 4297 3614 4343 autem
3658 4307 3722 4345 ea

2132 4383 2308 4438 vocat,
2337 4389 2456 4444 quae
2487 4374 2746 4427 molestia:
2770 4373 3003 4442 speciem
3033 4374 3232 4430 habent
3263 4391 3278 4429 :
3308 4391 3431 4432 nam
3457 4379 3724 4447 ejusmodi

2133 4475 2260 4521 sunt
2295 4479 2390 4528 ea,
2417 4480 2536 4533 qua:
2577 4464 2880 4518 mercedem
2927 4464 3147 4518 habent.
3177 4465 3284 4520 Cur
3324 4469 3483 4539 igitur
3510 4471 3613 4526 hoc
3657 4475 3723 4529 iis

2134 4573 2332 4611 nomen
2389 4556 2655 4624 imponit?
2685 4555 2782 4627 vel
2838 4555 3130 4611 secundum
3183 4560 3324 4629 vulgi
3370 4564 3674 4630 opinionem
3702 4611 3717 4632 ,

2134 4647 2218 4699 vel
2253 4647 2375 4714 quia
2420 4646 2581 4714 jussit
2620 4659 2717 4699 nos
2747 4646 2888 4700 Deus
2919 4661 3073 4699 orare
3097 4687 3112 4711 ,
3165 4663 3232 4701 ne
3271 4651 3323 4702 in
3365 4654 3720 4712 tentationem

2136 4735 2413 4788 intremus.
2443 4735 2497 4788 8.
2529 4734 2630 4788 Per
2644 4735 2864 4805 gloriam
2885 4745 2931 4788 et
2961 4736 3313 4805 ignominiam,
3338 4757 3429 4807 per
3455 4743 3723 4810 infamiam

2134 4838 2179 4879 et
2208 4827 2390 4877 bonam
2431 4830 2640 4894 famam.
2689 4826 2826 4892 Quid
2868 4812 2987 4880 ais?
3031 4842 3351 4895 magnumne
3395 4834 3460 4886 ad
3507 4835 3719 4891 lattdem

2137 4919 2229 4970 tibi
2271 4932 2390 4971 esse
2429 4932 2620 4971 censes
2656 4919 2826 4987 gloria
2866 4917 3007 4971 frui?
3043 4917 3304 4981 Maxime,
3354 4924 3539 4992 inquit.
3581 4927 3720 4994 Quid

2137 5008 2249 5061 ita?
2280 5022 2401 5061 nam
2437 5007 2781 5077 ignominiam
2814 5008 3025 5076 quidem
3056 5006 3196 5063 ferre
3238 5027 3487 5082 magnum
3515 5028 3630 5084 est;
3667 5025 3681 5073 i
3716 5043 3724 5070 ι

2135 5103 2300 5171 gloria
2327 5112 2504 5157 autem
2555 5103 2794 5162 versari.
2825 5117 3001 5156 annon
3031 5114 3305 5160 strenuum
3349 5111 3586 5165 anituum
3631 5129 3719 5166 re-

2134 5197 2328 5265 quirit?
2356 5196 2642 5251 Strenuum
2679 5198 2833 5264 plane
2862 5210 2925 5248 ac
2947 5203 3200 5265 perquam
3226 5202 3492 5271 ingentem
3514 5244 3530 5268 ,
3565 5215 3622 5258 ut
3651 5222 3726 5261 ne

2137 5287 2182 5339 is
2217 5288 2305 5356 qui
2333 5303 2394 5341 ea
2427 5285 2622 5340 fruitur
2649 5288 2926 5343 obruatur.
2955 5286 3071 5352 Quo
3113 5289 3170 5343 fit
3193 5332 3207 5354 ,
3240 5301 3297 5346 ut
3334 5293 3384 5346 in
3413 5308 3477 5348 eo
3502 5311 3718 5364 quoque

2135 5376 2330 5430 Paulus
2357 5377 2634 5447 glorietur.
2668 5385 2724 5428 ut
2769 5388 2822 5429 et
2855 5378 2905 5428 in
2936 5374 3026 5429 illo
3068 5396 3081 5431 :
3112 5383 3363 5448 quoniam
3397 5385 3447 5438 in
3495 5396 3725 5455 utraque

2137 5486 2192 5523 re
2222 5485 2468 5540 peraeque
2499 5470 2761 5523 elucehat.
2791 5467 3071 5534 Quomodo
3115 5490 3263 5530 arma
3287 5477 3548 5545 justitim?
3575 5481 3718 5544 Quu-

2136 5563 2278 5616 niam
2321 5563 2518 5616 multos
2556 5559 2618 5614 ad
2656 5561 2870 5630 pictatis
2898 5562 3130 5619 studium
3165 5568 3372 5636 incitat,
3400 5584 3519 5623 cum
3548 5574 3718 5640 magi-

2135 5664 2273 5708 stros
2315 5656 2365 5709 in
2419 5654 2624 5708 honore
2656 5669 2775 5708 esse
2824 5658 3205 5727 conspiciunt:
3250 5673 3411 5732 atque
3453 5663 3714 5720 bonorum

2141 5763 2358 5816 operum
2405 5747 2506 5801 hoc
2535 5757 2905 5816 argumentum
2937 5762 3047 5819 est,
3080 5766 3130 5809 ct
3153 5755 3276 5810 hinc
3305 5757 3398 5810 Dei
3433 5758 3598 5826 gloria
3624 5776 3714 5815 cc-
