4022 6258
311 348 416 403 αἱς

312 460 568 515 lebratur.
594 458 734 527 Quin
756 453 889 513 illud
908 470 1121 529 quoque
1152 454 1315 511 divini
1338 454 1549 510 artiiicii
1575 462 1711 515 erat.
1737 452 1894 507 nimi-

311 571 429 610 rum
457 553 715 624 evangelii
747 552 1110 624 prtcdicationi
1137 552 1339 605 aditum
1364 566 1457 620 per
1479 547 1743 604 contraria
1770 561 1897 617 ape-

312 648 438 702 rire.
491 646 583 701 Sic
636 646 780 701 enim
830 646 1005 716 cogita
1058 662 1071 697 :
1114 641 1338 698 Vinetus
1388 650 1505 697 erat
1557 638 1790 693 Paulus?
1838 637 1894 692 Id

307 753 521 810 quoque
550 738 615 790 ad
644 737 905 803 evangelii
938 735 1279 791 commodum
1317 732 1562 787 cedebat.
1602 730 1729 796 Ωιταε
1758 729 1895 783 circa

307 844 389 882 me
413 838 551 895 sunt,
576 829 762 899 inquit,
788 827 949 899 magis
968 827 1036 880 ad
1057 826 1337 896 profectum
1353 822 1597 891 evangelii
1617 830 1855 874 venerunt
1879 836 1899 874 :

306 920 379 973 ita
405 929 459 973 ut
486 921 656 989 plures
701 936 729 973 e
764 920 1008 992 fratribus
1039 918 1346 987 conﬁdentes
1382 916 1434 967 in
1476 914 1688 968 vinculis
1733 912 1855 966 meis
1876 950 1893 974 ,

309 1010 645 1064 abundantius
666 1012 908 1064 auderem
923 1011 1031 1063 sine
1050 1010 1227 1061 timore
1251 1006 1450 1059 verbum
1466 1003 1558 1057 Dei
1580 1003 1718 1074 loqui
1740 1001 1894 1073 (Phi-

310 1101 438 1172 lipp.
470 1102 520 1156 1.
557 1100 642 1156 12.
675 1102 787 1171 14).
817 1100 1048 1155 Rursum
1095 1099 1147 1153 in
1194 1097 1361 1167 gloria
1400 1096 1751 1151 versabatur?
1775 1094 1894 1149 'lloc

308 1208 520 1264 quoque
541 1209 749 1248 rursum
778 1189 1249 1262 promptitudinem
1276 1189 1383 1244 illis
1413 1187 1673 1257 majorem
1703 1186 1896 1241 alicre-

309 1286 478 1339 rehat.
518 1284 618 1340 Per
644 1285 911 1353 infamiam
941 1292 987 1335 et
1015 1280 1199 1334 bonam
1226 1283 1439 1350 famam.
1486 1277 1601 1333 Non
1634 1279 1778 1332 enim
1827 1293 1891 1333 ea

310 1379 486 1432 Solum
500 1390 622 1448 qum
638 1390 863 1445 corpore
883 1373 1202 1441 excipiebat,
1225 1371 1347 1426 forti
1365 1372 1543 1425 animo
1570 1368 1891 1440 perferebat,

306 1469 646 1537 al‘ﬂictiones,
665 1482 833 1535 eaque
850 1466 1027 1519 onmia
1054 1481 1171 1534 qua:
1192 1466 1479 1532 recensuit,
1503 1465 1594 1520 sed
1618 1480 1680 1520 ea
1703 1466 1890 1530 etiam,

307 1577 428 1632 quae
455 1562 688 1615 animum
713 1561 883 1613 solum
909 1558 1339 1630 perstringebant
1367 1574 1383 1611 :
1418 1573 1589 1627 neque
1610 1558 1755 1612 enim
1779 1557 1893 1615 lucc

311 1652 566 1707 tumultus
616 1653 854 1707 excitare
904 1660 1313 1706 consueverunt.
1344 1650 1463 1719 Ipse
1501 1651 1700 1720 quippe
1736 1649 1893 1705 iere-

307 1745 462 1808 mias,
500 1758 620 1797 cum
652 1744 848 1797 multas
880 1743 1204 1798 tentationes
1244 1742 1484 1805 tulisset,
1514 1740 1579 1796 ad
1624 1741 1720 1795 has
1766 1740 1891 1795 fati-

306 1835 508 1900 scebat,
540 1842 597 1889 et
628 1850 748 1891 cum
778 1835 1035 1890 conviciis
1065 1835 1449 1902 incesseretur,
1475 1835 1687 1890 dicebat
1720 1853 1731 1889 :
1770 1834 1892 1889 Non

308 1926 616 1997 prophetabo
635 1968 651 1994 ,
681 1944 775 1981 nec
802 1927 980 1999 loquar
1010 1927 1146 1981 ultra
1190 1927 1243 1981 in
1288 1927 1491 1981 nomine
1518 1926 1727 1981 Domini
1752 1925 1887 1996 (Jer.

302 2019 393 2074 20.
420 2018 497 2089 9).
530 2018 693 2073 David
720 2020 879 2073 etiam
910 2032 1051 2087 smpe
1080 2019 1132 2073 ln
1164 2017 1361 2088 probro
1385 2032 1445 2073 se
1482 2032 1602 2073 esse
1623 2017 1888 2087 deplorat.

303 2114 475 2181 Atque
515 2109 674 2167 lsaias
696 2121 816 2179 post
855 2110 955 2165 alia
988 2110 1149 2163 multa
1183 2125 1279 2180 pro
1302 2109 1402 2165 hae
1429 2124 1487 2164 re
1524 2110 1603 2165 sic
1626 2110 1885 2165 cohorta-

304 2214 390 2257 tur
424 2219 437 2259 :
464 2201 639 2257 Nolite
668 2205 839 2257 timere
866 2204 1194 2272 opprobrium
1219 2203 1501 2269 hominum,
1532 2213 1579 2258 et
1605 2204 1892 2272 despectum

300 2312 475 2348 eorum
517 2313 579 2349 ne
608 2298 841 2349 metuatis
869 2294 1024 2366 (lsai.
1059 2296 1149 2349 51.
1193 2296 1269 2367 7).
1301 2297 1376 2351 Ac
1402 2311 1613 2350 rursum
1645 2296 1891 2351 Christus

301 2385 599 2457 discipulis,
628 2386 754 2442 Cum
784 2388 1024 2451 dixerint,
1057 2386 1227 2457 inquit
1255 2428 1269 2451 ,
1300 2402 1446 2439 omne
1475 2388 1670 2439 malum
1712 2386 1891 2440 adver-

300 2496 413 2532 sunt
442 2496 547 2544 vos,
584 2483 897 2545 mentientes,
923 2479 1137 2550 gaudete
1163 2488 1209 2532 et
1230 2480 1475 2532 exsultate
1497 2480 1737 2550 quaniam
1760 2495 1891 2531 mer-

300 2588 380 2625 ces
418 2583 577 2626 vestra
622 2574 826 2639 copiosa
854 2582 925 2626 est
964 2573 1013 2623 in
1043 2571 1181 2624 ctelis
1213 2569 1422 2638 (Matth.
1457 2571 1508 2624 5.
1544 2570 1628 2622 11.
1666 2568 1794 2636 12);
1836 2562 1890 2622 et

299 2664 406 2716 alio
434 2664 551 2716 loco
574 2663 738 2727 dicit,
776 2662 840 2715 Et
868 2662 1116 2715 exsultate
1151 2659 1297 2730 (Luc.
1327 2661 1380 2713 6.
1410 2658 1522 2728 25).
1576 2661 1735 2729 Atqui
1772 2675 1882 2718 non

302 2764 499 2807 tantam
533 2754 834 2807 mercedem
862 2752 1247 2817 constituisset,
1273 2751 1372 2805 nisi
1402 2750 1588 2820 ingens
1611 2762 1754 2805 esset
1774 2767 1889 2807 cer-

302 2856 498 2898 tamen.
529 2845 581 2896 ln
617 2844 945 2897 cruciatibus
974 2843 1119 2897 enim
1146 2856 1342 2912 corpus
1368 2857 1489 2895 cum
1516 2844 1698 2897 animo
1726 2843 1882 2897 dolo-

298 2953 388 2991 res
412 2937 677 3007 partitur;
730 2936 829 2987 hoc
862 2935 1059 3003 quippe
1090 2933 1251 2987 habet
1284 2933 1470 3000 dolor,
1508 2944 1561 2987 ttt
1594 2944 1650 2988 et
1693 2950 1891 3005 corpus

297 3038 352 3080 et
396 3028 634 3081 animum
681 3025 929 3079 aiiiciat:
986 3037 1040 3079 at
1100 3026 1155 3079 in
1205 3026 1420 3095 probris
1474 3027 1683 3080 animus
1737 3030 1885 3081 solus

298 3130 539 3175 vexatur.
575 3119 725 3174 Multi
756 3130 899 3173 certe
930 3118 1015 3173 bis
1047 3120 1173 3174 solis
1205 3119 1455 3189 prostrati
1486 3129 1630 3185 sunt,
1662 3119 1887 3174 anima:-

296 3228 403 3279 que
432 3227 542 3266 suze
565 3211 833 3282 jacturam
869 3212 1128 3267 fecerunt.
1162 3214 1335 3281 Atque
1379 3213 1477 3282 ipsi
1509 3211 1644 3266 Jobo
1684 3213 1886 3266 vermi-

298 3306 401 3361 bus
426 3315 478 3360 et
500 3306 768 3361 ulceribus
794 3308 1040 3374 graviora
1072 3320 1132 3359 ea
1167 3305 1361 3376 probra
1396 3304 1566 3371 fuere,
1598 3304 1793 3376 quibus
1819 3307 1888 3359 ab

295 3401 488 3454 amicis
524 3410 777 3454 oneratus
810 3400 925 3453 fuit.
961 3397 1103 3453 Nihil
1136 3400 1276 3453 enim
1309 3409 1419 3460 est,
1455 3398 1610 3460 nihil,
1636 3398 1879 3465 inquam.

296 3503 385 3546 est
418 3494 482 3545 iis
502 3493 590 3561 qui
622 3492 899 3547 doloribus
935 3500 1248 3557 premuntur
1281 3491 1695 3553 intolerabilius,
1728 3507 1885 3560 quam

292 3584 473 3637 oratio
502 3600 619 3651 qua:
653 3583 772 3635 illos
804 3582 1066 3635 mordeat.
1092 3581 1357 3647 Quocirca
1386 3596 1506 3633 cum
1541 3582 1796 3648 periculis
1824 3596 1886 3635 ac

295 3674 583 3729 sudoribus
630 3674 744 3726 hare
794 3674 1060 3736 collocat,
1121 3672 1347 3735 dicens,
1401 3671 1505 3724 Per
1571 3673 1787 3740 gloriam
1838 3683 1888 3724 et

296 3768 657 3835 ignominiam.
700 3764 845 3818 Multi
876 3766 1071 3833 quippe
1093 3804 1106 3826 ,
1132 3764 1289 3817 etiam
1336 3778 1401 3817 ex
1440 3762 1638 3817 ,Πυόειξὶς
1665 3804 1677 3825 ,
1707 3778 1774 3816 ne
1824 3778 1885 3817 ca

294 3859 467 3931 gloria
502 3859 553 3912 in
580 3874 680 3927 qua
710 3856 850 3925 apud
899 3857 1089 3924 vulgus
1125 3865 1282 3909 erant
1327 3854 1635 3909 laberentur
1659 3894 1674 3919 ,
1726 3854 1882 3908 fidem

291 3951 552 4020 amplecti
582 3950 887 4003 noluerunt.
922 3947 1206 4001 Timebant
1231 3947 1373 4000 enim
1398 3987 1412 4011 ,
1446 3961 1551 3999 non
1582 3962 1647 3999 ne
1671 3945 1879 4013 suppli-

294 4045 386 4098 cio
416 4043 777 4105 afficerentur,
810 4042 903 4094 sed
938 4056 1003 4095 ne
1026 4056 1091 4095 cx
1119 4054 1386 4111 synagoga
1414 4038 1888 4108 pr0scriberentur

296 4134 485 4203 (Joan.
522 4135 606 4189 12.
640 4134 731 4207 42)
767 4154 779 4189 :
814 4133 953 4188 unde
992 4134 1153 4187 etiam
1184 4132 1395 4188 dicebat
1425 4133 1693 4193 Christus,
1740 4131 1885 4198 Quo~

294 4228 453 4281 modo
482 4228 688 4295 potes'is
721 4227 922 4279 credere
943 4269 956 4289 ,
986 4226 1071 4291 qui
1099 4212 1315 4295 g‘loriam
1340 4226 1401 4278 ab
1427 4227 1635 4278 invicem
1663 4224 1887 4291 accilntis

296 4320 483 4391 (Joan.
520 4320 571 4372 5.
606 4320 656 4371 4.
694 4316 791 4387 «1)ἳ
836 4321 912 4371 Ac
951 4318 1149 4371 multos
1199 4332 1423 4370 cernere
1460 4326 1581 4381 est,
1621 4316 1710 4385 qui
1763 4331 1884 4369 cmn

291 4411 496 4467 acerba
527 4409 703 4464 omnia
729 4408 1203 4477 contempsissent,
1236 4422 1263 4459 a
1295 4407 1462 4475 gloria
1487 4407 1716 4475 superati
1740 4415 1882 4458 sunt.

292 4502 371 4560 Ut
399 4506 685 4556 κάκεῖθι-ες
712 4509 757 4554 et
785 4514 1002 4552 veraces.
1030 4498 1171 4553 Idem
1198 4506 1279 4552 est
1309 4513 1433 4551 cum
1463 4497 1554 4551 illo
1578 4538 1592 4560 ,
1624 4495 1722 4549 Per
1748 4497 1887 4565 infu-

290 4597 458 4651 miam
478 4602 521 4646 et
548 4592 729 4646 bonam
756 4592 967 4660 fautum.
999 4591 1141 4646 Sicut
1170 4593 1256 4662 qui
1280 4592 1439 4661 ignoti
1466 4600 1513 4645 et
1544 4590 1752 4660 cogniti.
1776 4590 1887 4646 Hoc

276 4688 543 4757 .idipsum
558 4694 640 4739 est
666 4684 828 4754 quod,
854 4682 955 4735 l’er
976 4683 1190 4753 gloriam
1212 4693 1256 4735 et
1282 4683 1631 4753 ignominiam.
1658 4684 1887 4748 Quibus-

287 4780 425 4833 dam
454 4776 596 4831 enim
637 4775 747 4829 noti
777 4784 932 4827 erant
952 4814 966 4837 ,
990 4775 1059 4826 ab
1102 4773 1271 4840 iisque
1303 4772 1643 4837 colebantur;
1672 4774 1886 4843 quidam

288 4885 365 4925 ne
414 4881 740 4937 cognoscere
778 4865 992 4934 quidem
1040 4877 1138 4916 eos
1196 4862 1569 4932 dignabantur.
1618 4865 1670 4919 9.
1729 4864 1887 4931 Quasi

290 4961 593 5024 morientes,
624 4970 669 5013 et
695 4976 807 5013 ecce
834 4958 1063 5011 vicimus.
1098 4953 1167 5010 Ut
1192 4957 1349 5008 morti
1391 4957 1606 5011 obnoxii
1634 4975 1696 5013 ac
1737 4961 1888 5013 dam-

288 5052 414 5110 nati
450 5068 464 5103 :
492 5050 631 5119 quod
668 5052 841 5120 ipsum
873 5062 1087 5119 quoque
1114 5046 1403 5117 ignominia
1433 5058 1567 5102 crat.

367 5144 429 5197 ι.
468 5142 577 5197 lloc
618 5155 778 5211 porro
810 5141 1056 5205 dicebat,
1092 5150 1201 5195 tum
1245 5147 1304 5193 ut
1341 5139 1750 5196 incnarrabilem
1795 5142 1884 5199 Dei

291 5232 623 5307 potentiam,
659 5242 767 5285 tum
796 5232 1107 5301 patientiam
1163 5245 1313 5286 suam
1354 5228 1676 5285 declararet.
1711 5232 1841 5285 haut
1870 5274 1885 5298 ,

288 5331 564 5398 quaMum
596 5340 760 5394 penes
790 5325 1132 5381 insidiatores
1158 5333 1260 5391 est,
1283 5323 1479 5379 mortui
1501 5339 1706 5387 sumus,
1730 5335 1889 5395 atque

289 5426 369 5477 ita
405 5433 597 5474 omnes
627 5418 972 5484 existimant;
1000 5428 1054 5473 at
1078 5417 1258 5473 divina
1295 5417 1529 5488 potentia
1560 5416 1753 5471 factum
1783 5429 1885 5485 est,

292 5527 355 5572 ut
402 5526 474 5567 ex
510 5510 763 5579 periculis
792 5510 964 5578 erepti
996 5509 1186 5564 simus.
1221 5509 1411 5565 Postea
1453 5523 1549 5563 cur
1576 5506 1693 5561 hare
1750 5507 1890 5563 Deus

291 5600 585 5679 permittat
610 5600 925 5670 explanans,
953 5599 1263 5671 subjungit,
1316 5600 1384 5657 Ut
1416 5600 1648 5672 castigati
1670 5640 1687 5665 ,
1715 5609 1761 5653 et
1788 5617 1892 5654 non

291 5693 622 5761 morti/Esau.
662 5691 866 5760 Quibus
915 5691 1152 5759 indicat,
1183 5707 1248 5748 ex
1280 5693 1662 5749 tentationibus
1705 5692 1891 5764 ingen-

295 5804 413 5848 tem
454 5788 613 5840 etiam
641 5794 765 5840 ante
791 5784 903 5851 ipsa
934 5784 1154 5847 praemia
1204 5784 1432 5840 fructum
1472 5783 1603 5853 ipsis
1652 5784 1887 5853 exoriri,

643 5905 908 5964 Ps'rttOL.
954 5898 1069 5959 Gn.
1116 5894 1271 5955 LXI.

1309 339 1373 395 ΙΝ
1413 336 1627 397 EPIST.
1667 333 1713 395 Il
1776 333 1866 390 AD
1901 335 2057 392 (ΞΟΠ.
2098 335 2329 394 HOMIL.
2370 334 2486 394 ΧΠ.

3487 345 3590 401 £86

2008 454 2299 525 hostesque
2322 463 2403 510 vel
2425 456 2619 510 invitos
2644 456 2745 519 sibi
2773 456 2935 513 utiles
2960 459 3197 514 essc.l0.
3227 458 3386 527 Quasi
3403 464 3589 527 tristes,

2002 562 2197 616 semper
2233 558 2401 601 autem
2446 550 2742 621 gaudentes.
2784 550 2969 606 Exteri
2999 552 3342 622 suspicantur
3382 569 3482 608 nos
3536 554 3591 610 ln

2002 655 2236 695 incerare
2264 655 2418 707 esse;
2462 653 2516 696 at
2560 657 2698 710 nos,
2746 643 2869 713 quid
2910 644 3008 713 ipsi
3050 644 3396 713 existiment,
3449 647 3590 701 haud

2000 732 2329 787 attendimus
2350 776 2366 799 ,
2399 750 2583 789 verum
2614 734 2993 790 ﬂorentissima
3020 735 3294 807 voluptate
3339 736 3587 793 fruimur.

2000 820 2109 874 Nec
2133 836 2259 876 vero
2286 823 2583 894 gaudentes
2601 824 2775 880 solum
2794 826 3068 891 dixit,sed
3095 826 3329 892 addidit,.
3350 828 3585 898 Semper.

2002 910 2216 981 Semper
2243 916 2385 969 enim
2412 918 2724 988 gaudentes,
2778 918 2966 989 inquit.
3012 918 3214 990 Ecquid
3257 922 3416 988 igitur
3467 923 3590 977 huic

2002 1002 2122 1055 vitae
2153 1020 2249 1073 par
2289 1022 2409 1061 esse
2438 1018 2618 1077 queat,
2651 1010 2849 1080 inqua,
2885 1019 2963 1063 tot
2986 1012 3378 1066 calamitatibus
3408 1014 3590 1068 incur-

2000 1095 2263 1163 santibus,
2315 1100 2520 1153 auctior
2572 1100 2815 1170 voluptas
2862 1101 3131 1156 efﬁcitur?
3175 1102 3321 1157 Sicut
3351 1114 3587 1175 egentes,

1999 1186 2183 1241 multos
2211 1200 2374 1244 autem
2405 1191 2791 1259 locupletantes.
2818 1192 3042 1260 Quidam
3077 1194 3221 1248 aiunt
3249 1192 3354 1249 hoc
3381 1196 3498 1251 loco
3520 1197 3589 1250 de

2000 1278 2363 1346 spiritualibus
2407 1281 2597 1351 opibus
2624 1284 2783 1338 verba
2826 1282 3012 1339 haberi
3037 1302 3050 1351 ;
3080 1301 3179 1356 ego
3205 1297 3385 1342 autem
3416 1288 3481 1343 de
3525 1289 3589 1342 iis

1998 1382 2210 1439 quoque
2229 1412 2245 1438 ,
2273 1388 2392 1441 qua:
2434 1372 2501 1426 ad
2530 1389 2746 1429 carnem
2773 1376 3001 1430 attinent
3030 1394 3041 1428 :
3076 1393 3195 1430 nam
3232 1388 3287 1431 ct
3318 1378 3400 1432 his
3450 1394 3588 1432 novo

1997 1459 2228 1526 quodam
2278 1463 2437 1517 modo
2487 1465 2694 1535 przcditi
2747 1476 2941 1532 erant,
2996 1476 3053 1521 ut
3100 1468 3295 1538 quibus
3342 1471 3582 1523 omnium

1998 1551 2143 1605 mdes
2190 1564 2456 1621 paterent.
2487 1558 2662 1628 Atque
2708 1559 2809 1613 hoc
2852 1561 3192 1629 perspicuum
3234 1560 3360 1616 fecit
3406 1578 3468 1615 ex
3516 1577 3585 1617 eo

1997 1644 2137 1711 quod
2168 1644 2421 1714 deinceps
2449 1649 2525 1701 ait
2548 1690 2564 1711 ,
2596 1645 2877 1719 Tamquam
2912 1650 3041 1705 nihil
3065 1651 3319 1719 habentes,
3345 1663 3389 1705 et
3417 1655 3587 1706 omnia

1998 1737 2326 1805 possidentes.
2363 1738 2432 1792 Et
2457 1740 2545 1808 qui
2582 1739 2695 1794 ﬁeri
2727 1741 2828 1795 hoc
2860 1742 3071 1811 potest?
3093 1744 3330 1815 inquies.
3368 1746 3477 1798 lino
3498 1747 3585 1815 qui

1996 1827 2323 1881 contrarium
2369 1828 2481 1884 ﬁeri
2518 1832 2731 1899 potest?
2780 1830 2911 1885 Nam
2943 1833 3033 1902 qui
3087 1834 3259 1887 multa
3302 1835 3583 1905 possidet,

1996 1916 2127 1971 nihil
2169 1918 2361 1984 habet;
2391 1920 2477 1988 qui
2509 1929 2686 1974 autem
2713 1921 2843 1974 nihil
2873 1920 3074 1988 habet,
3104 1924 3288 1977 omnia
3319 1925 3580 1995 possidet.

1995 2012 2177 2083 Neque
2207 2012 2290 2067 hic
2317 2014 2488 2068 solum
2524 2015 2623 2066 hoc
2651 2031 2746 2069 usu
2782 2016 2952 2081 venit,
2979 2015 3077 2071 sed
3111 2028 3163 2072 et
3200 2018 3250 2072 in
3278 2018 3396 2072 aliis
3427 2022 3585 2075 rebus

1996 2121 2027 2161 e
2069 2106 2350 2164 contrarlis
2402 2107 2666 2161 contraria
2714 2108 2997 2161 exsistunt.
3050 2106 3203 2174 Quod
3250 2109 3293 2161 si
3352 2109 3569 2164 miraris

1996 2212 2228 2266 quonam
2260 2196 2419 2251 modo
2443 2196 2551 2262 liat,
2585 2206 2639 2251 ut
2669 2198 2757 2267 qui
2788 2198 2945 2252 rebus
2970 2198 3219 2253 omnibus
3248 2211 3409 2263 caret,
3452 2216 3584 2279 cqu-

1995 2297 2080 2338 cta
2115 2286 2326 2352 habeat,
2358 2286 2496 2341 hunc
2538 2290 2711 2359 ipsum
2746 2288 2968 2342 Paulum
3003 2290 3053 2341 in
3085 2288 3316 2343 medium
3347 2291 3583 2345 adduco-

1995 2391 2112 2429 mus
2136 2417 2152 2441 ,
2182 2375 2270 2444 qui
2300 2376 2415 2429 orbi
2451 2386 2711 2432 terrarum
2744 2380 3042 2449 imperabat
3063 2422 3077 2442 .
3108 2395 3206 2435 nec
3236 2382 3581 2450 pecuniarum

1996 2477 2218 2534 tantum,
2243 2469 2335 2523 sed
2364 2479 2417 2523 et
2438 2472 2718 2526 oculorum
2738 2475 2976 2528 omnium
2997 2475 3245 2531 dominus
3265 2487 3381 2531 erat
3407 2494 3580 2541 :nain,

1996 2559 2057 2614 Si
2086 2561 2195 2628 ﬁeri
2239 2562 2479 2627 potuisset
2500 2603 2514 2623 .
2546 2562 2752 2631 inquit,
2784 2566 2958 2618 oculos
3003 2575 3191 2620 vestros
3214 2569 3472 2622 eruissetis
3495 2613 3508 2633 ,
3534 2579 3583 2623 et

1996 2653 2117 2705 mihi
2148 2653 2409 2707 dedissetis
2442 2652 2582 2724 (Cal.
2616 2655 2669 2708 4.
2705 2655 2817 2725 15).
2843 2655 2965 2710 Haec
3000 2670 3159 2724 porro
3190 2658 3319 2710 dicit
3340 2700 3352 2721 ,
3385 2670 3442 2713 ut
3486 2677 3584 2713 nos

1995 2745 2185 2800 doceat
2223 2757 2279 2801 ut
2308 2763 2374 2802 ne
2404 2746 2473 2801 oh
2504 2748 2642 2818 vulgi
2695 2750 2975 2819 opinioaes
3022 2752 3299 2807 turbentur
3320 2796 3335 2820 ,
3368 2756 3581 2811 etiamsi

1995 2851 2094 2892 nos
2122 2838 2442 2909 impostores
2470 2841 2762 2909 appellent,
2800 2841 3013 2897 etiamsi
3051 2858 3149 2897 uos
3174 2845 3463 2914 ignorent,
3488 2849 3584 2901 da-

1996 2940 2204 2984 mnatos
2220 2931 2547 2995 existiment,
2576 2932 2785 2987 etiamsi
2820 2933 2871 2987 in
2903 2948 3134 2989 maerore
3161 2943 3318 3005 atque
3345 2946 3583 3008 egeSIatc

1995 3023 2195 3076 versari
2232 3032 2415 3091 putent
2458 3033 2513 3077 et
2567 3024 2743 3093 inopia
2801 3027 2992 3093 premi,
3047 3028 3278 3089 etiamsi,
3324 3044 3443 3083 cum
3476 3030 3581 3085 ltrti

1995 3114 2180 3179 simus,
2208 3125 2401 3167 mtesto
2432 3116 2611 3168 animo
2632 3130 2751 3169 esse
2778 3119 2958 3171 dicant
2982 3138 2993 3173 :
3022 3121 3449 3191 quandoquidem
3484 3140 3583 3179 nec

1992 3206 2145 3258 etecis
2180 3205 2487 3273 perspicuus
2519 3216 2600 3258 est
2632 3205 2759 3259 solis
2791 3207 3050 3277 splendor
3072 3250 3083 3271 ,
3129 3226 3227 3264 nec
3257 3214 3459 3267 insanis
3490 3230 3576 3267 sa-

1993 3297 2249 3365 pientium
2321 3296 2587 3367 voluptas.
2635 3298 2745 3353 Soli
2796 3300 2937 3354 enim
2998 3301 3066 3370 pii
3130 3303 3225 3356 viri
3280 3306 3410 3358 recti
3459 3316 3582 3361 sunt

1992 3404 2173 3444 rerum
2212 3388 2424 3459 judiccs
2448 3431 2461 3455 ,
2498 3403 2594 3444 nec
2622 3389 2689 3445 de
2726 3390 2914 3445 iisdem
2942 3393 3138 3461 quibus
3165 3394 3251 3447 alii
3286 3396 3444 3450 rebus
3491 3399 3573 3451 vel

1992 3481 2223 3551 gaudent
2270 3481 2355 3535 vel
2399 3491 2688 3549 anguntur.
2739 3481 2870 3535 Nam
2900 3484 2943 3536 si
2973 3486 3093 3552 quis
3122 3486 3385 3555 palwstrm
3435 3490 3580 3543 rudis

1995 3573 2224 3642 pugilem
2259 3573 2569 3628 vulneribus
2600 3571 2846 3627 allectum
2880 3585 3088 3641 spectet
3117 3591 3179 3631 ac
3206 3593 3405 3633 Corona
3439 3581 3578 3635 redi-

1992 3667 2211 3726 mitum,
2244 3680 2366 3718 eum
2416 3666 2484 3718 ob
2517 3666 2737 3720 vulnera
2782 3667 3390 3739 discruciarijudicarit,
3440 3675 3579 3743 quod

1991 3768 2245 3827 quantum
2272 3757 2319 3811 ei
2348 3772 2545 3811 corona
2570 3759 2892 3826 voluptatem
2926 3762 3095 3829 pariat
3115 3763 3343 3833 ignoret.
3382 3766 3579 3821 Eodem

1995 3850 2155 3904 tnodo
2186 3851 2271 3905 isti
2297 3892 2311 3915 ,
2356 3850 2480 3919 quia
2513 3865 2630 3915 qua:
2658 3852 2889 3921 patimur
2922 3839 3157 3919 norunt‘,
3188 3871 3252 3910 ea
3280 3866 3458 3913 autem
3513 3860 3582 3914 ob

1993 3960 2111 4013 qua:
2141 3944 2370 4011 patimur
2398 3943 2662 4006 nesciunt,
2689 3960 2793 3998 non
2826 3944 3016 3999 mirum
3042 3946 3085 4001 si
3112 3946 3225 4001 lucc
3247 3950 3358 4002 sola
3383 3965 3577 4021 Suspe-

1993 4046 2075 4090 cta
2124 4036 2371 4099 habeant,
2406 4044 2462 4089 ut
2510 4036 2599 4105 qui
2652 4036 2942 4090 certamina
2981 4038 3195 4107 quidem
3235 4050 3289 4095 et
3346 4043 3577 4110 pericula

1992 4128 2337 4196 perSpiciant,
2361 4127 2581 4192 prmmia
2611 4136 2790 4181 autem
2816 4137 2869 4180 et
2900 4144 3126 4183 coronas
3149 4142 3201 4183 ct
3226 4136 3577 4189 certaminum

1992 4234 2203 4273 causam
2253 4234 2357 4272 non
2404 4219 2552 4273 item.
2586 4218 2842 4285 Quasnam
2885 4236 3013 4293 ergo
3055 4238 3115 4276 ea
3160 4228 3336 4277 omnia
3383 4240 3574 4295 erant,

1992 4328 2111 4381 qua:
2143 4312 2339 4365 Paulus
2366 4311 2693 4381 possidebat,
2727 4328 2847 4367 cum
2879 4314 3116 4381 diceret,
3152 4315 3428 4387 Tamquam
3452 4322 3581 4375 nihil

1992 4405 2229 4458 habentes
2254 4414 2299 4458 et
2326 4405 2497 4458 omnia
2515 4407 2872 4476 possidentes?
2894 4407 3153 4464 Mundana
3180 4420 3230 4464 et
3260 4413 3575 4481 Spiritualia.

1992 4498 2087 4552 Ille
2115 4499 2257 4551 enim
2283 4513 2442 4566 quem
2473 4498 2634 4552 urbes
2661 4498 2802 4551 velut
2843 4501 3088 4569 angelum
3117 4504 3427 4573 exciperent
3451 4548 3465 4569 ,
3518 4523 3579 4558 at:

1994 4605 2090 4662 pro
2119 4604 2227 4660 quo
2254 4590 2480 4646 ell‘ossos
2520 4588 2705 4645 oculos
2751 4593 2999 4656 tradere,
3043 4610 3139 4663 pro
3179 4612 3287 4666 quo
3339 4600 3580 4653 cervices

1992 4696 2117 4736 suas
2143 4696 2416 4749 exponere
2443 4685 2612 4751 parati
2647 4683 2797 4737 multi
2821 4695 3001 4739 essent
3019 4727 3033 4751 ,
3059 4701 3236 4740 annon
3280 4688 3368 4742 ille
3391 4692 3569 4744 omnia

1990 4787 2176 4849 eorum
2234 4773 2370 4826 bona
2408 4773 2749 4843 possidebat?
2775 4774 2927 4843 Quod
2958 4779 3000 4829 si
3032 4778 3323 4845 spiritualia
3358 4795 3570 4849 quoque

1995 4865 2300 4936 perspicere
2331 4866 2479 4930 libet,
2514 4867 2715 4921 videbis
2742 4882 2863 4921 eum
2897 4871 2945 4920 iu
2982 4868 3043 4920 iis
3072 4870 3301 4931 maxime
3333 4871 3568 4941 locuple-

1994 4965 2122 5011 tem.
2155 4956 2288 5011 Nam
2316 4957 2404 5027 qui
2434 4959 2485 5010 in
2519 4965 2661 5010 tanta
2684 4958 2923 5011 omnium
2955 4959 3114 5028 Regis
3143 4962 3373 5014 amicitia
3401 4979 3579 5017 vena-

1994 5051 2169 5116 batur,
2188 5060 2249 5106 ut
2272 5049 2581 5118 angelorum
2613 5049 2873 5105 Dominus
2896 5066 3090 5105 aTCMl-‘l
3124 5068 3216 5106 sua
3250 5053 3345 5122 ipsi
3376 5053 3577 5123 imper-

1994 5144 2118 5198 tiret
2149 5161 2163 5195 :
2192 5145 2281 5214 qui
2322 5141 2437 5197 ﬁcri
2468 5150 2695 5211 poterat,
2722 5142 2850 5211 quin
2878 5158 3069 5197 omnes
3107 5142 3295 5211 opibus
3325 5146 3581 5210 anteiret,

1993 5244 2154 5305 atque
2180 5235 2355 5291 omnia
2390 5234 2722 5303 possideret?
2753 5234 2866 5287 Non
2894 5236 3038 5288 enim
3082 5234 3277 5306 alioqui
3309 5238 3583 5292 dannoucs

1997 5325 2065 5379 ita
2112 5326 2160 5380 ei
2210 5324 2535 5388 cessissent;
2584 5338 2690 5379 non
2740 5324 2810 5379 ita
2851 5324 3065 5379 dolores
3096 5341 3157 5379 ac
3199 5327 3369 5381 morbi
3402 5326 3578 5397 fugam

1997 5420 2402 5487 corripuisscut.
2461 5417 2691 5473 Proinde
2744 5431 2843 5473 nos
2899 5432 3148 5487 quoque,
3200 5432 3319 5471 cum
3363 5430 3582 5489 propter

1995 5509 2266 5564 Christum
2321 5508 2460 5562 malo
2502 5508 2806 5574 aﬂicimur,
2861 5524 2967 5563 non
3023 5510 3181 5563 modo
3232 5509 3455 5574 fortem,
3485 5512 3579 5564 sed

1998 5600 2157 5659 etiam
2186 5601 2365 5655 laetum
2395 5600 2627 5654 animum
2657 5599 2990 5669 prabeamus
3020 5617 3034 5658 ;
3066 5601 3110 5655 si
3132 5600 3458 5669 jejunamus,
3488 5615 3582 5671 pc—

1999 5692 2151 5748 rinde
2196 5693 2527 5747 exsultemus
2569 5706 2633 5745 ac
2687 5690 2731 5745 si
2782 5692 2833 5745 in
2882 5693 3158 5761 voluptate
3204 5705 3483 5754 essemus;
3534 5696 3578 5743 st

1999 5783 2348 5841 contumelias
2385 5783 2713 5850 accipimus,
2756 5795 2818 5837 ac
2865 5782 2911 5836 si
2965 5779 3306 5835 laudaremur
3347 5775 3585 5845 choreas

3116 5890 3189 5950 31
