4022 6258
486 389 591 445 4'37

485 514 706 569 agamus
729 536 744 562 ,
772 497 814 550 si
845 503 1089 563 sumplus
1119 490 1343 545 iacimus
1362 526 1381 553 ,
1408 487 1479 541 ita
1504 483 1677 538 allecti
1701 481 1890 542 simus,
1933 490 1994 528 ac
2020 471 2067 524 si

484 601 718 662 quaestus
747 588 1035 651 faciamus;
1068 585 1112 639 si
1143 581 1463 655 pauperibus
1489 576 1743 645 largimur
1768 614 1781 637 ,
1817 572 2063 662 nosipsos

484 660 729 753 accipere
756 680 1078 734 arbitremur
1126 694 1141 731 :
1187 690 1311 730 nam
1340 672 1429 740 qui
1459 684 1563 723 non
1610 681 1675 720 eo
1702 664 1881 718 animo
1928 660 2060 753 dat,

488 748 785 829 uec-facile
822 770 988 825 dabit.
1017 770 1194 836 Quare
1237 779 1362 819 eum
1408 761 1489 813 vis
1533 772 1818 829 spargere,
1863 768 1967 808 non
2012 748 2063 803 id

482 867 652 919 solum
697 872 877 933 specta
910 860 1053 930 quod
1100 854 1394 925 expendis,
1440 850 1532 905 sed
1578 853 1677 900 hoc
1726 847 1885 901 etiam
1922 841 2063 933 quod

483 957 634 1026 plura
667 931 931 1015 lucraris;
962 959 1016 1004 et
1046 950 1147 1001 hoc
1180 946 1327 1015 prius
1354 955 1515 1010 quam
1549 937 1696 991 illud.
1728 935 1835 989 Nec
1863 938 1989 987 vero
2008 931 2063 984 in

483 1053 826 1115 eleemosyua
852 1042 1049 1103 solum,
1079 1038 1173 1094 sed
1204 1039 1255 1091 in
1284 1035 1427 1090 omni
1456 1042 1668 1101 quoque
1692 1030 1921 1092 virtute,
1955 1040 2063 1078 non

481 1141 725 1195 laborum
767 1132 1135 1196 acrimoniam,
1178 1128 1271 1183 sed
1328 1125 1669 1197 prwmiorum
1724 1119 2061 1180 suavitatem,

485 1240 645 1299 atque
671 1237 794 1281 ante
831 1225 1008 1281 omnia
1049 1222 1347 1283 Christum,
1378 1215 1471 1285 qui
1500 1210 1856 1266 certaminum
1902 1219 2062 1261 causa

483 1332 601 1381 est,
657 1319 749 1372 tibi
793 1330 1050 1386 propone.
1100 1313 1187 1366 Sic
1229 1309 1351 1371 ﬁet,
1394 1315 1450 1358 ut
1493 1302 1784 1357 certamina
1841 1299 2065 1365 impigre

484 1413 685 1473 adeas,
734 1416 893 1476 atque
930 1418 1142 1458 onn‘iem
1188 1401 1313 1454 vitae
1362 1410 1577 1449 cursum
1624 1407 1745 1446 cum
1792 1390 2063 1459 voluptate

479 1500 754 1555 coniicias.
794 1496 975 1563 Neque
1010 1492 1153 1545 enim
1182 1489 1471 1560 quidquam
1522 1492 1639 1548 est,
1669 1482 1808 1551 quod
1862 1488 2062 1532 tantam

480 1591 805 1660 voluptatein
846 1586 1066 1649 afferat,
1115 1591 1171 1635 ut
1208 1581 1421 1633 animus
1460 1576 1558 1631 sibi
1615 1575 1751 1628 bene
1792 1568 2059 1626 conscius.

484 1685 769 1753 Propterea
796 1678 993 1735 Paulus
1018 1675 1252 1747 quidem,
1283 1688 1403 1727 cum
1430 1668 1654 1738 singulis
1679 1665 1866 1719 diebus
1898 1676 2060 1714 vexa-

479 1784 646 1837 retur,
670 1770 937 1844 gaudebat
959 1778 1013 1823 et
1054 1766 1391 1822 exsultabat:
1420 1777 1561 1817 nunc
1606 1770 1784 1814 autem
1819 1757 2062 1809 homines

481 1882 548 1919 ne
577 1880 676 1934 per
704 1861 970 1919 somnium
1023 1857 1237 1930 quidem
1280 1856 1469 1909 horum
1502 1850 1704 1921 aliquid
1758 1848 2058 1918 perpetien-

479 1966 580 2023 tes,
612 1956 797 2010 dolent
823 1968 886 2009 ac
913 1951 1089 2008 incesti
1116 1957 1261 2013 sunt,
1294 1948 1491 2001 nullam
1520 1946 1680 1998 aliam
1727 1943 1796 1997 ob
1821 1956 2058 2005 causam,

482 2064 641 2117 quam
672 2045 813 2119 quod
858 2041 1232 2116 philosophice
1276 2038 1457 2092 animo
1509 2034 1715 2104 pnediti
1764 2047 1869 2086 non
1927 2030 2058 2083 siut.

480 2140 692 2210 Alioqui
739 2137 881 2192 enim
924 2146 1161 2203 exponas
1202 2128 1331 2184 mihi
1373 2127 1531 2181 velim
1580 2123 1707 2194 quid
1758 2122 1826 2176 sit
1870 2137 2061 2191 quarm

479 2235 665 2286 ohrem
707 2225 928 2298 lugeas?
961 2240 1027 2278 an
1054 2223 1175 2293 quia
1224 2234 1425 2291 pauper
1462 2232 1538 2280 es,
1572 2231 1634 2270 ac
1664 2230 1843 2270 rerum
1870 2228 2058 2268 neces-

479 2321 741 2375 sariarum
767 2314 944 2387 inopia
968 2313 1223 2383 premeris
1238 2312 1263 2364 ?
1280 2309 1425 2380 Ergo
1446 2309 1566 2363 ideo
1597 2308 1775 2377 potius
1803 2305 2061 2373 lugendus

481 2426 561 2471 es,
593 2424 699 2464 non
721 2406 841 2477 quia
872 2406 1051 2475 ploras
1090 2418 1190 2458 nec
1214 2402 1334 2473 quia
1366 2415 1491 2469 eges
1512 2441 1526 2464 ,
1555 2397 1650 2454 sed
1678 2397 1799 2467 quia
1847 2397 2057 2465 abjecto

480 2516 541 2555 es
570 2499 784 2556 animo:
808 2512 911 2552 non
940 2497 1058 2566 quia
1090 2494 1319 2548 nummis
1343 2506 1513 2549 cares.
1537 2491 1630 2547 sed
1664 2490 1785 2559 quia
1813 2501 2059 2540 nummus

482 2590 613 2645 tanti
657 2590 913 2644 testimas.
967 2589 1021 2642 In
1071 2586 1311 2657 singulos
1349 2584 1464 2637 dies
1518 2588 1693 2637 morte
1738 2581 2058 2648 fungebatur

480 2683 676 2739 Paulus
701 2724 716 2750 ,
746 2697 845 2737 nec
878 2690 1052 2734 tamen
1082 2677 1359 2748 plorabat,
1393 2678 1497 2728 imo
1528 2674 1689 2727 etiam
1719 2670 1998 2724 laetabatur
2041 2687 2054 2722 :

479 2790 600 2830 cum
640 2782 893 2845 perpetua
934 2770 1075 2825 fame
1106 2767 1441 2828 luctabatur,
1492 2778 1590 2818 nec
1639 2760 1891 2824 dolebat,
1950 2760 2057 2812 imo

482 2868 643 2921 etiam
674 2863 1018 2933 gloriabatur.
1948 2922 1953 2925 ἓ

552 2956 605 3009 5.
639 2959 707 3009 At
752 2964 826 3018 tu,
882 2954 1004 3022 quia
1051 2952 1211 3005 totius
1250 2948 1373 3003 anni
1420 2955 1707 3016 proventus
1756 2942 2059 2999 reconditos

476 3065 586 3101 mn
628 3046 823 3107 habes,
856 3044 1068 3113 angeris
1107 3051 1265 3111 teque
1290 3038 1520 3109 aiiligis?
1559 3037 1673 3092 Non
1709 3037 1923 3101 mirum,
1972 3035 2054 3087 iu-

480 3143 601 3209 quis
631 3138 763 3192 :‘ille
790 3135 931 3191 enim
962 3135 1029 3189 de
1052 3149 1111 3188 se
1134 3142 1337 3188 tantum
1365 3141 1480 3185 erat
1500 3130 1759 3185 sollicitus
1782 3146 1797 3195 ;
1822 3143 1908 3182 me
1932 3142 2055 3181 vero

380 3238 387 3243 '
478 3242 533 3285 et
562 3230 704 3285 servi
735 3238 788 3283 et
816 3227 964 3282 liberi
991 3235 1044 3280 et
1068 3240 1200 3280 uxor
1219 3224 1503 3279 sollicitum
1537 3232 1740 3277 tenent.
1786 3220 1898 3273 lino
1927 3234 2056 3272 vero

480 3324 570 3376 ille
607 3336 711 3375 non
740 3334 916 3374 rerum
960 3332 1175 3371 suarum
1209 3324 1410 3368 tantum
1462 3313 1872 3367 sollicitudinem
1902 3326 2051 3377 gere-

480 3416 596 3477 bat,
620 3414 711 3466 sed
751 3412 981 3464 universi
1014 3418 1274 3463 terrarum
1313 3407 1457 3458 orbis
1490 3424 1499 3457 :
1530 3420 1593 3457 ae
1626 3416 1676 3456 tu
1719 3404 1933 3470 quidem
1962 3417 2056 3469 pro

479 3506 634 3558 unica
659 3503 821 3556 domo
843 3498 1199 3553 sollicitudine
1228 3496 1487 3561 afﬁceris;
1523 3495 1609 3548 ille
1639 3506 1821 3548 autem
1861 3508 1955 3563 pro
1974 3502 2055 3547 tot

478 3590 943 3663 Jerosolymitauis
984 3589 1325 3657 pauperibus,
1379 3600 1476 3655 pro
1522 3584 1906 3649 Macedonicis,
1959 3599 2055 3653 pro

475 3686 727 3743 omnibus
752 3683 983 3753 denique
1009 3683 1192 3757 egenis
1216 3680 1307 3751 qui
1331 3680 1524 3751 ubique
1550 3689 1724 3745 erant,
1761 3694 1856 3733 nec
1882 3679 2055 3734 minus

476 3794 577 3848 pro
603 3778 671 3833 iis
698 3779 788 3847 qui
812 3776 941 3846 ipsis
976 3774 1358 3846 largiebantur,
1391 3789 1548 3843 quam
1581 3788 1677 3843 pro
1706 3773 1769 3826 iis
1793 3771 1879 3841 qui
1906 3773 2052 3829 accio

472 3868 713 3940 piebant.
732 3868 943 3938 'Duplex
972 3866 1116 3922 enim
1142 3866 1314 3937 ipsum
1344 3864 1394 3917 in
1425 3872 1687 3917 terrarum
1712 3864 1896 3916 orbem
1924 3877 2052 3917 cura

476 3963 746 4033 tangebat,
772 3974 968 4029 nempe
988 3966 1054 4013 ut
1083 3971 1153 4010 ue
1176 3956 1337 4011 rebus
1362 3954 1427 4008 ad
1451 3953 1613 4007 vitam
1642 3952 1961 4007 necessariis
1983 3954 2054 4007 in-

470 4058 738 4126 digerent,
772 4062 826 4107 et
854 4062 912 4106 ut
951 4048 1312 4122 spiritualibns
1344 4047 1531 4118 opibus
1571 4045 1921 4100 abundarent.
1947 4044 2055 4099 Nec

473 4162 602 4202 vero
635 4154 833 4200 tantum
863 4142 1110 4199 mmroris
1135 4141 1227 4197 tibi
1252 4140 1481 4196 alterunt
1512 4139 1603 4194 lilii
1625 4139 1769 4194 fame
1800 4138 2052 4194 laboran-

476 4245 578 4301 tes,
595 4246 851 4307 quantum
876 4235 975 4304 ipsi
991 4234 1224 4289 ﬁdelium
1251 4232 1491 4286 omnium
1515 4231 1750 4301 negotia.
1770 4231 1905 4297 Quid
1933 4230 2053 4284 dico

477 4326 753 4381 ﬁdelium?
783 4340 904 4378 nam
934 4338 1107 4393 neque
1135 4322 1203 4376 ab
1231 4319 1522 4375 inﬁdelium
1545 4337 1671 4375 cura
1702 4322 1938 4387 vacabat,
1965 4336 2054 4375 ve-

476 4433 595 4471 rum
625 4431 687 4471 ea
728 4416 801 4468 ita
843 4412 1244 4476 conﬁciebatur,
1272 4421 1330 4465 ut
1372 4426 1559 4467 eorum
1604 4411 1724 4464 loco
1770 4412 2053 4467 anathema

474 4520 691 4577 quoque
731 4505 843 4560 fieri
889 4513 1098 4574 Optaret
1126 4522 1141 4562 :
1169 4515 1222 4559 ιιι
1263 4518 1410 4570 vero,
1440 4519 1507 4558 ne
1543 4505 1585 4558 si
1617 4503 1812 4557 millies
1836 4503 2051 4574 quidem

479 4601 647 4655 iiuues
694 4599 1062 4665 invabsceret,
1124 4613 1220 4669 pro
1276 4596 1384 4651 ullo
1429 4608 1603 4651 tamen
1652 4594 1869 4649 homine
1918 4595 2051 4649 mori

475 4695 661 4748 velles.
691 4694 769 4745 Ae
793 4703 845 4744 tu
876 4691 1087 4760 quidem
1116 4706 1211 4760 pro
1234 4689 1387 4745 unica
1415 4703 1582 4744 uxore
1615 4688 1665 4743 in
1694 4702 1819 4742 cura
1848 4702 1938 4750 es;
1968 4686 2054 4741 ille

477 4796 655 4839 autem
687 4797 783 4851 pro
812 4781 1059 4835 omnibus
1081 4783 1241 4835 totius
1262 4782 1407 4835 orbis
1430 4781 1718 4853 Eeclesiis;
1745 4778 2052 4835 Sollicitudo

476 4875 618 4926 enim
649 4888 789 4933 mea,
838 4872 1025 4939 inquit,
1058 4873 1282 4925 omnium
1326 4870 1666 4925 Ecclesiarum
1703 4871 1778 4944 (2.
1808 4870 1927 4924 Cor.
1962 4871 2049 4923 ιι.

475 4963 571 5032 28)
624 4962 912 5029 Quousque
963 4977 1090 5029 ergo
1140 4962 1327 5027 ludes,
1370 4978 1401 5013 ο
1430 4964 1606 5027 homo,
1657 4966 1882 5033 teipsmn
1929 4978 2049 5016 cum

480 5058 643 5109 l‘aulo
662 5053 974 5109 conferens?
998 5068 1101 5105 non
1135 5063 1187 5106 tu
1215 5055 1312 5107 hac
1336 5061 1479 5106 tanta
1502 5057 1661 5109 animi
1693 5056 2052 5111 imbecillitate

476 5147 719 5202 laborare
764 5145 1019 5199 desines?
1055 5142 1553 5214 Colla’crymandum
1600 5147 1741 5200 enim
1794 5156 1895 5210 est,
1947 5162 2050 5198 non

475 5251 598 5289 eum
632 5237 683 5287 in
716 5246 1025 5303 paupertate
1063 5251 1246 5290 sumus
1267 5276 1281 5300 ,
1316 5234 1407 5289 sed
1449 5249 1568 5289 cum
1601 5252 1879 5305 peccamus
1910 5256 1922 5289 :
1951 5238 2051 5291 hoc

477 5327 674 5397 quippe
713 5334 829 5391 est,
860 5325 1000 5394 quod
1045 5327 1307 5399 lacrymas
1337 5338 1597 5391 meretur;
1634 5344 1753 5382 nam
1800 5331 1901 5383 alia
1942 5331 2050 5384 risu

474 5422 631 5490 digna
666 5429 808 5475 sunt.
846 5422 911 5473 At
945 5434 1047 5471 non
1090 5418 1194 5474 hoc
1224 5419 1500 5474 dumtaxat
1540 5419 1667 5472 mihi
1702 5424 1917 5477 mterori
1947 5431 2048 5485 est,

477 5515 672 5586 inquis,
703 5515 797 5569 sed
829 5511 959 5567 illud
986 5528 1214 5582 quoque,
1244 5512 1383 5582 quod
1410 5508 1497 5564 hic
1526 5515 1757 5579 potentia
1796 5514 2049 5582 prmditus

476 5619 582 5675 est,
604 5624 703 5677 ego
729 5618 904 5662 autem
932 5608 1103 5676 jaceo.
1135 5605 1269 5672 Quid
1301 5606 1448 5659 tum?
1477 5608 1587 5675 ipse
1616 5622 1827 5678 quoque
1855 5609 2051 5663 Paulus

478 5699 727 5769 ignobilis
766 5710 925 5768 atque
950 5699 1187 5766 abjectus
1228 5699 1493 5769 plerisque
1522 5698 1820 5753 videbatur.
1856 5700 2048 5755 Verum

474 5786 667 5843 Paulus
691 5790 779 5845 ille
799 5799 932 5852 erat,
966 5791 1157 5861 inquis.
1194 5790 1331 5860 Ergo
1361 5807 1465 5845 mn
1491 5805 1669 5845 rerum
1704 5800 1918 5858 natura,
1949 5794 2040 5847 sed

1176 377 1231 432 S.
1272 368 1547 430 JOASNIS
1584 359 2047 423 CIIRYSOSTOMI

2164 359 2398 414 lCllllJ'.
2438 361 2965 424 CONSTANTINOP.
3651 381 3741 435 ἂῢὸ

2177 480 2339 533 animi
2386 482 2720 536 imbecillitas
2765 483 2901 538 hanc
2948 484 3038 537 ιίιιι
3070 487 3377 542 mmstitiam
3402 487 3577 543 all‘ert.
3607 492 3742 559 Quo.

2173 573 2314 626 circa
2338 585 2702 644 paupertatem
2754 574 2861 629 noli
2893 575 3116 641 deﬂere,
3147 593 3331 632 verum
3361 588 3412 633 te
3439 580 3632 647 ipsum,
3659 581 3741 651 qui

2174 666 2242 717 ita
2283 663 2504 718 allectus
2549 665 2669 720 sis:
2704 664 2811 719 imo
2865 680 2995 719 vero
3040 668 3267 735 teipsum
3323 686 3390 721 ne
3444 669 3603 731 delle,
3655 669 3742 724 sed

2173 753 2348 823 potius
2374 755 2603 825 corrige,
2636 770 2733 809 nec
2772 770 2906 824 opes
2950 772 3164 819 quaere,
3210 758 3303 812 sed
3330 758 3470 829 quod
3493 760 3737 828 majorem

2172 862 2330 915 quam
2362 846 2582 901 inlinitze
2607 862 2737 916 opes
2767 848 3002 900 laititiam
3034 849 3191 915 parit,
3220 858 3533 903 consectare
3552 890 3566 912 .
3595 866 3736 904 nem-

2175 954 2239 1006 pe
2284 937 2672 1006 philosophiam
2723 952 2785 992 ac
2842 943 3114 991 virtutem.
3161 936 3286 991 H:c.c
3328 941 3471 993 enim
3512 939 3558 993 si
3586 940 3735 1006 adsit,

2172 1028 2302 1081 nihil
2340 1038 2497 1081 uocet
2537 1037 2858 1097 paupertas;
2899 1028 2942 1081 si
2990 1027 3148 1089 desit,
3186 1026 3318 1079 nihil
3346 1038 3567 1095 prosunt
3594 1043 3736 1097 opes.

2171 1117 2307 1185 Quid
2337 1119 2502 1183 enim,
2528 1133 2625 1172 oro
2656 1128 2727 1182 te,
2763 1117 3009 1172 utilitatis
3042 1120 3277 1188 capiunt,
3304 1118 3394 1186 qui
3418 1118 3605 1185 opibus
3624 1118 3734 1189 qui-

2171 1208 2291 1263 dem
2320 1208 2563 1270 al‘iluuut,
2595 1225 2782 1264 verum
2826 1223 3087 1279 pauperes
3128 1209 3336 1261 animos
3364 1204 3596 1262 habent?
3630 1209 3737 1264 Non

2171 1309 2351 1354 tutam
2384 1303 2639 1355 miserum
2666 1311 2716 1355 te
2745 1300 2915 1369 ipsum
2942 1314 3152 1364 censes,
3182 1313 3340 1367 quam
3366 1298 3515 1352 dives
3542 1297 3631 1354 ille
3653 1314 3737 1353 se-

2170 1390 2365 1460 ipsum,
2396 1391 2517 1459 quia
2544 1405 2651 1445 uou
2692 1391 2927 1445 omnium
2968 1404 3099 1459 opes
3143 1389 3321 1442 habet.
3352 1387 3503 1454 Quod
3548 1391 3592 1443 si
3636 1405 3735 1443 non

2171 1482 2394 1553 perinde
2416 1492 2471 1537 ut
2499 1491 2551 1536 tu
2571 1483 2908 1549 lamentatur,
2926 1482 3091 1552 ipsius
3110 1481 3493 1536 conscientiam
3514 1481 3734 1551 explica,

2168 1587 2223 1631 et
2244 1575 2654 1632 lamentationes
2680 1586 2839 1647 atque
2873 1576 3136 1646 singultus
3163 1574 3389 1629 videbis.

2242 1666 2374 1737 Opes
2412 1683 2648 1735 quisnam
2684 1683 2815 1721 verre
2852 1668 2970 1722 sint.
3006 1667 3264 1735 Pauper-es
3294 1666 3527 1721 divitibus
3551 1667 3738 1737 felicio-

2166 1774 2267 1812 res.
2297 1786 2370 1798 —-
2399 1756 2487 1811 Vis
2528 1768 2644 1812 luas
2687 1758 2780 1812 tibi
2826 1772 2958 1827 opes
2995 1756 3298 1817 ostendam,
3346 1766 3404 1810 ut
3430 1757 3614 1812 beatos
3646 1772 3737 1811 eos

2167 1850 2475 1904 existimare
2504 1849 2737 1914 desinas,
2768 1851 2856 1919 qui
2900 1858 3026 1905 sunt
3075 1849 3411 1919 locupletes?
3440 1850 3598 1905 Vides
3642 1849 3738 1904 hoc

2166 1941 2376 2006 caelum,
2410 1955 2566 2011 quam
2595 1943 2930 2010 praeclarum,
2954 1958 3111 2012 quam
3135 1943 3324 2012 ingens
3346 1981 3362 2006 ,
3392 1956 3550 2012 quam
3580 1941 3739 1995 subli-

2166 2032 2238 2087 mi
2262 2031 2381 2085 loco
2407 2032 2608 2086 situm?
2634 2032 2745 2087 Hac
2776 2034 2866 2088 ille
2891 2033 3288 2103 pulchritudine
3323 2033 3493 2087 nihilo
3513 2033 3738 2102 amplius

2167 2120 2360 2175 fruitur
2379 2137 2536 2191 quam
2571 2130 2645 2187 tu,
2688 2138 2785 2177 nec
2815 2133 2866 2179 te
2888 2125 2976 2179 ille
3008 2125 3328 2195 propellere,
3359 2132 3634 2194 totumque
3660 2125 3737 2178 sui

2161 2213 2298 2283 juris
2334 2212 2546 2268 efﬁcere
2574 2223 2732 2283 queat
2759 2230 2774 2266 :
2806 2224 2861 2267 ut
2890 2216 3031 2269 enim
3064 2224 3280 2284 prepter
3302 2215 3450 2270 illum
3482 2223 3565 2271 est
3588 2229 3737 2269 crea-

2166 2314 2299 2373 tum,
2337 2306 2405 2359 ita
2433 2307 2591 2360 etiam
2624 2317 2842 2375 propter
2863 2316 2940 2361 te.
2985 2306 3122 2373 Quid
3143 2308 3244 2372 sol,
3277 2308 3609 2377 splendidum
3642 2306 3740 2361 hoc

2165 2394 2312 2449 sidus
2361 2410 2423 2449 ac
2469 2395 2716 2461 rutilans,
2747 2404 2907 2464 atque
2935 2395 3121 2450 oculos
3170 2406 3384 2449 nostros
3432 2397 3739 2451 obiectans?

2164 2501 2343 2540 annon
2386 2486 2686 2540 communis
2743 2486 2830 2541 hic
2881 2500 3093 2556 quoque
3137 2486 3386 2540 omnibus
3429 2488 3739 2541 mortalibus

2165 2587 2327 2647 patet,
2360 2586 2519 2648 atque
2551 2592 2738 2633 omnes
2765 2593 2938 2648 reque,
2967 2587 3072 2632 tam
3100 2578 3293 2633 divites
3315 2593 3472 2648 quam
3500 2590 3735 2649 egentes.

2163 2686 2230 2726 eo
2260 2671 2505 2727 fruuntur
2526 2674 2547 2725 ?
2568 2672 2693 2743 quid
2721 2673 2992 2727 stellarum
3014 2686 3235 2737 corona,
3255 2672 3380 2742 quid
3408 2673 3544 2726 luna:
3565 2674 3738 2726 orbis?

2163 2776 2337 2817 annon
2370 2764 2615 2819 omnibus
2644 2780 2796 2841 teque
2818 2780 3073 2821 concessa
3099 2765 3265 2819 sunt?
3289 2764 3398 2818 lino
3420 2780 3568 2830 vero,
3597 2765 3735 2834 quod

2164 2850 2308 2905 dictu
2340 2854 2583 2909 mirabile
2603 2865 2705 2918 est,
2735 2869 2852 2919 nos,
2881 2856 2969 2925 qui
3001 2870 3261 2925 pauperes
3291 2871 3491 2919 sumus,
3527 2856 3739 2909 uberius

2164 2943 2227 2996 iis
2257 2941 2483 2997 fruimur
2511 2961 2667 3014 quam
2700 2946 2794 3001 illi.
2827 2947 3038 3003 Etenim
3066 2948 3163 3013 illi,
3193 2962 3341 3001 mero
3368 2955 3422 2999 ut
3452 2946 3735 3015 plurimum

2162 3036 2362 3100 obruti,
2392 3038 2623 3105 atquein
2655 3040 3134 3095 eomessationibus
3161 3041 3527 3110 altissimaque
3547 3056 3738 3095 saturio

2162 3130 2325 3183 vitam
2350 3127 2603 3197 degentes
2624 3171 2639 3193 ,
2674 3144 2742 3183 ne
2772 3130 2885 3183 htPc
2913 3133 3125 3200 quidem
3153 3134 3407 3199 sentiunt,
3444 3144 3498 3187 ut
3522 3136 3611 3204 qui
3639 3136 3738 3189 sub

2164 3229 2304 3275 tecto
2341 3235 2400 3275 se
2427 3228 2640 3275 teneant
2683 3229 2842 3288 atque
2886 3221 2937 3273 in
2980 3223 3163 3275 umbra
3190 3224 3401 3277 alantur
3434 3242 3446 3276 :
3478 3240 3741 3293 pauperes

2162 3321 2349 3366 contra
2377 3327 2437 3366 ea
2466 3311 2772 3367 cenditioue
2798 3322 2949 3377 sunt,
2981 3323 3036 3366 ut
3062 3314 3190 3367 nulli
3223 3315 3524 3369 mortalium
3551 3330 3737 3385 parem

2160 3420 2227 3457 ex
2260 3404 2536 3460 elementis
2578 3407 2900 3473 voluptatem
2936 3407 3167 3475 capiant.
3205 3406 3339 3474 Quin
3372 3410 3414 3462 si
3443 3424 3619 3464 aerem
3647 3411 3735 3480 ip-

2161 3513 2300 3560 sum,
2325 3499 2414 3568 qui
2445 3499 2639 3569 ubique
2662 3499 2805 3555 fusus
2831 3510 2932 3565 est,
2965 3502 3357 3573 exploraveris,
3392 3507 3603 3575 puriom
3631 3511 3741 3563 uti-

2160 3604 2265 3659 que
2287 3604 2354 3645 eo
2380 3598 2540 3660 atque
2564 3592 2809 3646 uberiore
2833 3608 3117 3665 pauperem
3144 3594 3244 3650 frui
3266 3598 3575 3667 perspicies.
3604 3597 3740 3654 Nam

2160 3690 2214 3737 et
2257 3680 2490 3737 viatores
2532 3694 2585 3737 et
2636 3684 2881 3754 agricola:
2911 3685 3085 3740 laetius
3112 3702 3178 3742 eo
3223 3686 3547 3751 afficiuntur,
3577 3705 3742 3758 quam

2160 3772 2251 3843 qui
2296 3773 2349 3827 in
2402 3772 2620 3830 urbibus
2671 3774 2903 3844 degunt;
2949 3777 3073 3829 etsi
3126 3778 3222 3831 hos
3266 3792 3477 3850 quoque
3503 3789 3740 3849 spectes,

2161 3864 2335 3919 laetius
2361 3866 2595 3921 artiﬁces
2622 3908 2637 3932 ,
2673 3882 2830 3935 quam
2860 3866 2951 3937 qui
2999 3875 3110 3921 toto
3157 3867 3245 3923 die
3288 3869 3742 3938 perbaccha-atur.

2160 3957 2290 4012 Nam
2320 3958 2447 4028 quid
2491 3960 2559 4013 de
2589 3949 2727 4014 terra
2774 3958 2948 4013 dicam
2972 3958 2996 4007 Ἰ
3020 3972 3200 4012 annon
3227 3962 3436 4015 cunctis
3464 3978 3615 4032 teque
3645 3979 3745 4034 pa-

2162 4049 2285 4103 tet?
2334 4049 2572 4115 Minime,
2624 4051 2853 4120 inquies.
2900 4049 3040 4119 Quid
3090 4051 3198 4106 ita?
3244 4052 3505 4121 Quoniam
3550 4056 3615 4123 is,
3647 4061 3745 4129 qui

2160 4138 2309 4193 dives
2329 4149 2411 4193 est
2428 4148 2482 4193 et
2500 4140 2551 4193 in
2576 4139 2705 4194 urbe
2732 4140 2892 4194 multa
2920 4149 3074 4194 terra:
3093 4141 3275 4211 jugera
3303 4144 3549 4213 adeptus,
3580 4146 3748 4217 long:

2161 4231 2420 4302 pomoeria
2444 4231 2673 4286 exstruit
2698 4272 2712 4297 ,
2742 4240 2798 4287 et
2826 4232 2877 4286 in
2905 4232 3046 4304 agris
3074 4234 3267 4289 multas
3293 4246 3472 4305 partes
3496 4238 3745 4296 desecat.

2160 4320 2297 4390 Quid
2324 4320 2488 4392 ergo?
2527 4336 2593 4375 an
2622 4323 2743 4393 quia
2772 4322 2985 4378 desecat
3010 4366 3024 4389 ,
3062 4324 3212 4379 solus
3233 4325 3457 4395 proinde
3502 4330 3564 4385 iis
3608 4330 3757 4386 frui-

2157 4414 2290 4469 tur?
2314 4413 2463 4468 Haud
2490 4427 2640 4480 sane,
2668 4414 2958 4483 quamlibet
2982 4415 3250 4470 adnitatur
3278 4433 3292 4469 :
3318 4413 3525 4473 fructus
3538 4422 3751 4477 etenim

2160 4509 2214 4562 in
2243 4522 2429 4562 omnes
2470 4502 2790 4563 distribuere
2815 4508 3026 4578 cogitur
3045 4546 3063 4574 ,
3092 4522 3156 4562 ac
3181 4509 3436 4577 triticum,
3468 4511 3650 4568 vinum
3689 4524 3759 4571 et

2160 4599 2339 4655 oleum
2387 4598 2483 4653 tibi
2526 4598 2787 4663 elaborat,
2817 4612 2879 4652 ac
2906 4613 3167 4669 nusquam
3214 4614 3318 4656 non
3349 4602 3441 4657 tibi
3489 4604 3753 4661 inservit.

2160 4691 2472 4760 Amplorum
2505 4693 2661 4746 etiam
2711 4701 2984 4760 septorum
3010 4704 3073 4745 ac
3094 4686 3483 4748 domiciliorum
3511 4705 3635 4764 post
3663 4698 3761 4750 in-

2158 4783 2441 4837 credibiles
2471 4792 2714 4853 surnptus
2759 4794 2813 4838 et
2865 4780 3076 4836 labores
3103 4791 3262 4852 atque
3287 4802 3555 4842 aerumnas
3583 4804 3760 4845 usum

2162 4872 2254 4925 tibi
2283 4883 2579 4941 comparat,
2609 4872 2816 4943 exiguis
2841 4885 2871 4925 a
2893 4879 2951 4925 te
2980 4886 3074 4939 pro
3109 4873 3411 4944 hujusmodi
3439 4878 3763 4935 ministerio

2160 4963 2393 5017 nummis
2418 4967 2672 5035 acceptis.
2706 4967 2879 5035 Atque
2906 4963 3005 5017 hoc
3044 4973 3099 5019 et
3140 4966 3190 5019 in
3230 4968 3432 5023 balneis
3456 4979 3512 5024 et
3536 4970 3587 5022 in
3617 4970 3765 5025 aliis

2160 5055 2411 5111 omnibus
2435 5057 2594 5111 rebus
2622 5072 2721 5112 usu
2748 5055 2936 5110 venire
2957 5060 3259 5125 comperias
3281 5100 3296 5124 ,
3342 5068 3398 5113 ut
3427 5060 3516 5128 qui
3544 5058 3767 5118 divites

2161 5158 2305 5211 sunt,
2338 5148 2657 5218 sumptibus,
2680 5146 2823 5203 curis
2847 5152 2902 5200 et
2927 5144 3198 5205 laboribm
3223 5148 3575 5205 conﬁciantur
3600 5168 3617 5216 ;
3654 5155 3764 5223 qui

2160 5252 2337 5295 autem
2364 5241 2555 5311 opibus
2575 5249 2780 5305 carent,
2812 5230 2994 5308 paucis
3014 5239 3186 5296 obolis
3211 5240 3315 5296 hoc
3334 5253 3710 5310 assequuntur
3742 5288 3765 5310 .

2163 5338 2219 5382 ut
2249 5328 2332 5384 bis
2357 5331 2603 5386 onmibus
2626 5346 2747 5386 cum
2786 5342 2993 5382 summa
3033 5333 3319 5386 securitate
3342 5330 3609 5388 fruantur.
3636 5334 3771 5390 Nec

2162 5433 2289 5473 vero
2321 5422 2434 5490 plus
2475 5421 2681 5477 fructus
2707 5430 2905 5476 eterra
2954 5418 3022 5473 ad
3073 5420 3291 5477 divitem
3320 5420 3457 5476 redit
3507 5442 3521 5477 :
3568 5440 3771 5496 neque

2162 5512 2302 5567 enim
2336 5513 2425 5567 ille
2466 5514 2652 5569 decem
2683 5521 2898 5568 ventres
2928 5511 3131 5581 implet,
3163 5529 3284 5567 eum
3316 5523 3370 5566 tu
3393 5527 3555 5567 unum
3587 5516 3774 5573 dum-

2162 5609 2325 5659 taxat.
2377 5607 2447 5658 At
2498 5601 2937 5674 exquisitioribus
2984 5603 3117 5659 cibis
3164 5604 3253 5659 ille
3301 5602 3577 5658 vescitur?
3602 5606 3775 5663 Sane

2161 5695 2373 5766 quidem
2404 5696 2541 5751 istud
2571 5696 2708 5752 haud
2741 5708 2928 5762 magna
2960 5698 3261 5763 praestantia
3292 5705 3373 5750 est
3404 5712 3416 5747 :
3449 5703 3628 5750 tamen
3663 5700 3778 5755 hic

2164 5808 2374 5867 quoque
2415 5804 2701 5864 pauperem
2752 5786 2869 5859 plus
2909 5784 3105 5844 habere
3134 5786 3547 5859 comperiemus.
3602 5791 3777 5845 Nam
