4022 6258
222 156 251 167 ς.

158 381 260 435 13'!

154 491 523 565 διακεώμεθα·
564 490 669 545 κάν
710 487 905 559 πένησι
938 484 1293 555 παρέχωμεν,
1320 480 1618 551 λαμϐάνειν
1651 494 1730 530 νο-

159 590 428 659 μίζωμεν*
470 586 498 637 6
525 583 635 653 γὰρ
663 582 736 652 μὴ
760 579 902 634 οῦτω
934 576 1133 638 διδοὺς,
1167 574 1286 628 οὐδὲ
1317 571 1477 627 δώσει
1510 571 1728 642 ῥᾳδίως.

157 679 329 732 Ὀταν
353 676 529 730 τοίνυν
567 672 727 744 θέλῃς
753 669 1066 740 σκορπίσαι,
1095 666 1170 737 μὴ
1195 663 1353 717 τοῦτο
1391 663 1504 733 ῖδῃς
1550 661 1732 731 μόνον,

152 769 240 822 ὅτι
270 767 602 827 ἀναλίσκεις,
633 762 750 816 ἀλλ’
777 761 861 815 δτι
889 760 983 813 καὶ
1021 757 1243 810 πλείονα
1284 753 1606 824 κερδαίνεις.
1638 752 1733 805 καὶ

154 858 314 912 τοῦτο
349 855 455 927 πρὸ
481 854 714 909 ἑκείνου.
751 852 862 905 Καὶ
892 851 969 921 μὴ
1017 848 1176 918 μόνον
1219 846 1313 898 ἐπὶ
1338 842 1730 915 ὲλεημοσύνης,

155 949 295 1003 ἀλλά
320 947 416 1001 καὶ
440 945 534 1000 tu!
564 944 747 1012 πάσης
775 940 975 1012 ἀρετῆς
1001 938 1075 1008 μὴ
1100 936 1162 989 τὸ
1188 936 1355 1005 δριμὺ
1384 933 1493 986 τῶν
1532 933 1731 998 πόνων,

156 1038 297 1093 ἀλλά
326 1038 421 1091 καλ⁵
455 1036 517 1089 τὸ
554 1036 727 1104 γλυκὺ
764 1032 874 1086 τῶν
914 1027 1166 1082 ἐπάθλων
1217 1024 1453 1093 λογίζου*
1497 1023 1594 1077 καὶ
1627 1021 1734 1093 πρὸ

157 1130 377 1184 πάντων
402 1127 503 1197 τὴν
529 1124 787 1180 ὑπόθεσιν
824 1118 935 1173 τῶν
975 1114 1371 1186 παλαισμάτων
1401 1114 1494 1167 τὸν
1528 1111 1734 1182 Κύριον

158 1220 319 1291 ἡμῶν
358 1218 587 1291 Ἰησοῦν·
611 1216 707 1270 καὶ
733 1210 929 1284 ῥᾳδίως
953 1208 1191 1279 έπιϐήση
1219 1206 1329 1261 τῶν
1362 1205 1611 1274 ἀγώνων,
1639 1203 1735 1255 καὶ⁵

155 1314 219 1364 tv
243 1312 405 1382 ἡδονῇ
435 1308 526 1363 τὸν
560 1306 775 1360 ἄπαντα
810 1302 982 1374 βιώσῃ
1013 1300 1223 1372 χρόνον.
1257 1298 1422 1351 Οὐδὲν
1452 1296 1559 1366 γάρ
1592 1293 1735 1348 οὕτω

158 1405 335 1455 ποιεῖν
357 1398 547 1471 ἡδονὴν
575 1395 785 1455 εῖωθεν,
825 1392 902 1454 ὡς
926 1390 1162 1452 συνειδὸς
1188 1388 1411 1457 ἀγαθόν.
1454 1387 1553 1440 Διά
1574 1385 1736 1439 τοῦτο

157 1493 373 1555 Παῦλος
416 1491 514 1561 μὲν
557 1487 676 1542 καθ’
711 1485 949 1554 έκάστην
984 1482 1320 1551 κοπτόμενος
1360 1479 1462 1550 τὴν
1496 1478 1731 1549 ἡμέραν,

158 1585 348 1654 ἔχαιρε
391 1580 486 1633 καὶ
511 1578 791 1648 ἠγάλλετο·
820 1577 870 1629 οῖ
896 1574 952 1628 δὲ
981 1572 1096 1639 νῦν,
1120 1570 1242 1625 οὐδὲ
1274 1570 1408 1641 δναρ
1435 1570 1735 1639 ὑπομένον-

156 1674 251 1737 τές
270 1691 323 1726 τι
348 1671 573 1734 τούτων,
603 1666 827 1736 ἀλγοῦσι
859 1665 955 1719 καὶ
984 1661 1295 1735 θρηνοῦσιν,
1326 1658 1623 1730 οὐδαμόθεν
1643 1656 1736 1712 ἄλ-

156 1762 335 1827 λοθεν,
359 1761 473 1815 ἀλλ’
517 1760 552 1830 ἢ
611 1760 676 1811 έκ
729 1756 822 1810 τοῦ
864 1755 942 1827 μὴ
990 1753 1278 1825 φιλόσοφον
1315 1750 1459 1821 ἔχειν
1486 1748 1731 1819 γνώμην.

174 1854 329 1909 Ἐπεὶ
349 1854 493 1915 τίνος
520 1851 728 1914 ἕνεκεν,
760 1849 882 1902 εἰπέ
907 1865 1019 1918 μοι,
1041 1848 1070 1899 6
1091 1842 1321 1916 θρῆνοςς
1347 1843 1431 1896 ὅτι
1460 1841 1628 1909 πένης
1660 1836 1732 1903 εί,

157 1949 254 2000 καὶ
288 1946 398 1999 τῶν
439 1942 753 2012 ἀναγκαίων
796 1941 1056 2012 ἀπορεῖς;
1088 1932 1298 1991 υῦκοῦν
1338 1934 1427 1987 διὰ
1470 1933 1627 1987 τοῦτό
1674 1950 1735 1985 σε

162 2036 361 2107 μᾶλλον
410 2034 627 2106 θρηνεῖν
657 2033 757 2096 δεῖ,
785 2032 885 2101 οὐχ
920 2031 1003 2083 ὅτι
1042 2027 1271 2090 κλαίεις,
1300 2027 1400 2095 οὐχ
1441 2026 1523 2078 ὅτι
1567 2027 1736 2094 πένης

159 2124 230 2191 εἷ,
255 2126 370 2181 ἀλλ’
403 2127 484 2179 ὅτι
531 2123 885 2196 μικρόψυχοςο
914 2122 1013 2191 οὐχ
1044 2122 1123 2173 ὅτι
1154 2121 1411 2191 χρήματα
1438 2118 1538 2170 οὐκ
1567 2116 1732 2186 εχεις,

158 2215 275 2269 ἀλλ’
310 2215 391 2268 δτι
419 2212 673 2267 τοσούτου
712 2212 781 2265 τὰ
810 2210 1071 2282 χρήματα
1099 2209 1284 2278 τιμᾷς.
1323 2205 1461 2259 Καθ’
1498 2205 1735 2274 ἑκάστην

158 2307 375 2379 ἡμέραν
398 2305 708 2375 ἀπέθνησκε
733 2302 963 2366 Παῦλος,
992 2300 1088 2353 καὶ
1111 2300 1210 2352 οὑκ
1230 2297 1462 2361 ἔκλαιεν,
1488 2295 1623 2349 ἀλλά
1643 2297 1738 2349 καὶ

158 2399 367 2469 έχαιρε’
398 2395 541 2467 λιμῷ
567 2397 801 2467 έμάχετο
827 2393 1085 2464 διηνεκεῖ,
1130 2390 1221 2444 καὶ
1264 2388 1363 2442 οὐκ
1389 2387 1563 2458 ἧλγει,
1598 2386 1735 2441 ἀλλά

159 2488 258 2543 καὶ
285 2484 709 2549 έκαλλωπίζετο.

218 2584 281 2631 ε’.
306 2578 378 2630 Σὺ
394 2577 451 2629 δέ
467 2578 548 2628 ὃτι
570 2575 644 2645 μὴ
660 2574 835 2626 πάντα
851 2574 995 2642 ἔχεις
1011 2572 1080 2624 τὰ
1100 2570 1194 2623 τοῦ
1214 2568 1459 2623 ἐνιαυτοῦ
1483 2569 1730 2637 κείμενα,

159 2667 345 2733 ἀλγεῖς
373 2667 465 2717 καὶ
490 2666 708 2727 κόπτεις
730 2665 957 2724 έαυτόν;
998 2662 1124 2723 Ναὶ,
1155 2661 1319 2729 φησίν
1340 2674 1353 2687 ·
1387 2661 1594 2720 ἐκεῖνος
1626 2658 1734 2728 γὰρ

156 2757 226 2810 τὰ
254 2754 448 2809 έαυτοῦ
480 2755 639 2825 μόνον
668 2755 958 2823 έμερίμνα,
983 2751 1093 2818 ἐγὼ
1115 2753 1172 2804 δὲ
1196 2752 1290 2804 καὶ
1316 2751 1454 2820 ὑπὲρ
1480 2750 1729 2813 οἰκετῶν,

160 2847 253 2900 καὶ
288 2846 489 2899 παίδων
511 2846 603 2898 καὶ
631 2846 904 2913 γυναικός.
953 2845 1187 2905 Ἐκεῖνος
1222 2843 1318 2912 μὲν
1344 2838 1437 2895 οῦν
1459 2840 1608 2913 [527]
1636 2842 1733 2911 μό-

157 2957 249 3003 νος
277 2937 346 2992 τά
372 2938 563 2992 ἑαυτοῦ
590 2939 690 2991 ούκ
719 2938 1011 3008 ὲμερίμνα,
1034 2937 1169 2989 ἀλλὰ
1189 2937 1257 2989 τά
1286 2937 1384 3005 τῆς
1408 2936 1734 3006 οἰκουμένης

161 3032 398 3101 ἀπάσης’
441 3029 534 3083 καὶ
589 3032 653 3083 σὺ
703 3030 801 3098 μὲν
847 3028 987 3101 ὑπὲρ
1039 3029 1218 3091 οἰκίας
1262 3031 1409 3099 μιᾶς,
1442 3031 1647 3091 ἐκεῖνος
1677 3028 1735 3081 δὲ

160 3123 305 3193 ὑπὲρ
330 3120 438 3174 τῶν
471 3122 527 3173 tv
558 3119 953 3192 Ἱεροσολύμοις
976 3125 1224 3191 πενήτων
1251 3120 1519 3173 τοσούτων
1546 3121 1734 3184 ὄντων,

159 3215 303 3285 ὑπὲρ
342 3214 448 3266 τῶν
482 3215 539 3266 tv
573 3214 901 3285 Μακεδονίᾳ,
940 3214 1078 3283 ὑπὲρ
1122 3214 1230 3265 τῶν
1276 3215 1550 3284 πανταχοῦ
1592 3233 1737 3268 πτω-

158 3306 449 3375 χευόντων,
476 3305 616 3374 ὑπὲρ
643 3304 751 3356 τῶν
778 3303 1025 3356 διδόντων
1054 3303 1282 3367 ἐκείνοις
1316 3305 1414 3373 οὐχ
1464 3300 1650 3375 ἦττον,
1699 3304 1732 3373 ἢ

159 3396 267 3449 τῶν
297 3395 699 3464 λαμϐανόντων.
731 3396 840 3448 Καὶ
864 3394 971 3465 γὰρ
991 3395 1153 3465 διπλῆ
1182 3390 1249 3465 ἦν
1275 3396 1424 3465 αύτῴ
1455 3398 1486 3465 ἡ
1516 3394 1736 3466 φροντὶς

161 3488 305 3557 ὒπλρ
346 3487 444 3554 τῆς
478 3488 820 3557 οἰκουμένης,
853 3488 946 3539 καὶ
974 3488 1122 3550 ὅπως
1162 3488 1269 3540 τῶν
1311 3487 1623 3554 ἀναγκαίων
1661 3486 1736 3557 μὴ

159 3575 439 3643 ἀποροῖεν,
479 3574 573 3626 καὶ
608 3574 755 3635 ὅπως
782 3576 839 3624 tv
870 3576 980 3635 τοῖς
1016 3576 1404 3643 πνευματικοῖς
1439 3575 1735 3637 πλουτοῖεν.

160 3664 274 3717 Καὶ
315 3664 413 3731 οὑχ
462 3661 605 3713 οῦτω
642 3678 703 3715 σε
735 3660 896 3714 λυπεῖ
928 3674 954 3701 ι
996 3662 1063 3713 τά
1101 3662 1290 3715 παιδία
1338 3662 1629 3724 πεινῶντα,
1663 3663 1738 3726 ὼς

162 3756 370 3809 έκεῖνον
393 3753 461 3806 τά
487 3752 595 3805 τῶν
620 3752 825 3805 πιστῶν
852 3754 1153 3823 πράγματα
1182 3753 1380 3805 πάντα.
1419 3753 1483 3803 Τί
1511 3752 1652 3821 λέγω
1670 3754 1737 3806 τὰ

162 3842 272 3896 τῶν
305 3841 544 3906 πιστῶν;
576 3841 696 3895 οὐδὲ
724 3840 831 3911 γὰρ
872 3840 974 3909 τῆς
1006 3841 1148 3913 ὑπὲρ
1176 3841 1282 3894 τῶν
1312 3841 1557 3894 ἀπίστων
1579 3859 1738 3911 φρον-

161 3934 305 3997 τίδος
334 3932 615 4004 ἐλεύθερος
644 3928 731 4003 ἦν,
763 3933 877 3985 ἀλλ’
910 3932 1083 3995 οὕτως
1118 3932 1222 3985 ὑπὸ
1247 3932 1452 4002 ταύτης
1489 3934 1735 4005 ἐτήκετο,

161 4026 239 4089 ὠς
259 4022 513 4095 εὔχεσθαι
532 4025 624 4078 καὶ
650 4023 896 4093 ἀνάθεμα
917 4023 1157 4091 γίνεσθαι
1185 4024 1325 4095 ὑπὲρ
1349 4024 1547 4078 αὐτῶν·
1573 4026 1637 4079 σὺ
1656 4025 1735 4091 δὲ,

165 4119 272 4171 κᾶν
306 4116 567 4187 μυριάκις
604 4118 948 4189 έπικρατήσῃ
989 4115 1168 4186 λιμὸς,
1192 4117 1292 4170 ούκ
1329 4117 1397 4170 ἀν
1428 4117 1567 4171 έλοιό
1606 4134 1737 4170 ποτε

164 4208 460 4262 ἀποθανεῖν
494 4208 634 4275 ὑπὲρ
668 4208 910 4261 ὁτουοῦν.
944 4210 1054 4261 Καὶ
1082 4210 1147 4260 σὺ
1182 4210 1281 4278 μὲν
1307 4211 1453 4279 ὑπὲρ
1480 4211 1736 4279 γυναικὸς

170 4300 300 4367 μιᾶς
329 4299 617 4366 μεριμνᾷς,
641 4298 845 4358 έκεῖνος
867 4298 925 4349 δὲ
951 4297 1092 4368 ὑπὲρ
1128 4298 1315 4350 πασῶν
1341 4300 1451 4351 τῶν
1476 4300 1619 4352 κατὰ
1638 4302 1735 4368 τὴν

164 4387 492 4456 οίκουμένην
519 4384 876 4454 Ἐκκλησιῶνο
913 4385 1103 4455 Ήγάρ
1128 4386 1384 4455 μέριμνά
1406 4406 1548 4456 μου,
1580 4392 1733 4459 φησι,

162 4478 383 4533 πασῶν
411 4476 531 4531 τῶν
568 4475 963 4542 Ἐκκλησιῶν.
1003 4475 1182 4545 Μέχρι
1206 4477 1350 4540 τίνος
1380 4474 1475 4530 οὗν
1498 4478 1732 4547 παίζεις,

162 4569 442 4641 ἄνθρωπε,
468 4567 663 4636 Παύλῳ
693 4567 887 4620 σαυτὸν
921 4567 1302 4637 παραϐάλλων,
1338 4570 1432 4623 καὶ
1459 4570 1522 4623 οὐ
1550 4570 1736 4643 παύσῃ

162 4662 262 4730 τῆς
289 4660 493 4729 πολλῆς
515 4658 716 4729 ταύτης
745 4657 1107 4728 μικροψυχίας
1130 4674 1145 4722 ;
1179 4658 1447 4731 Δακρύειν
1481 4661 1609 4734 γὰρ,
1636 4663 1735 4734 οὐχ

162 4758 296 4806 ὅταν
340 4755 397 4805 tv
448 4751 605 4821 πενίᾳ
650 4745 818 4819 ὦμεν,
866 4748 980 4803 ἀλλ’
1008 4749 1136 4802 ὂταν
1176 4752 1600 4823 ἀμαρτάνωμεν,
1633 4755 1731 4807 δεῖ·

162 4843 324 4896 τοῦτο
354 4840 462 4910 γὰρ
488 4842 697 4912 θρήνων
721 4840 887 4905 ἄξιον·
916 4839 990 4900 ὼς
1019 4840 1087 4891 τά
1115 4856 1176 4905 γε
1204 4840 1337 4894 ἄλλα
1360 4846 1453 4895 καὶ
1474 4844 1729 4910 γέλωτος.

177 4932 320 4984 Ἀλλ’
347 4932 410 4983 οὐ
447 4930 603 4983 τοῦτό
630 4948 699 5000 με
725 4930 899 4994 λυπεῖ,
930 4932 1082 4999 φησὶ,
1121 4930 1305 4998 μόνον,
1336 4933 1451 4986 ἀλλ’
1472 4936 1551 4987 ὅτι
1584 4939 1679 4988 καὶ
1703 4939 1732 4987 ὀ

163 5025 314 5075 δεῖνα
339 5024 396 5073 tv
416 5021 722 5094 δυναστείᾳ,
743 5022 856 5090 ἐγὼ
884 5022 939 5073 δὲ
968 5021 1157 5089 ἄτιμος
1180 5022 1274 5073 καὶ
1299 5023 1728 5095 ἀπερῤιμμένος.

167 5116 281 5168 Καὶ
331 5113 385 5165 τί
422 5114 610 5180 τοῦτο;
643 5116 737 5169 καὶ
781 5116 888 5185 γὰρ
931 5117 959 5166 6
997 5113 1263 5183 μακάριος
1302 5114 1511 5181 Παῦλος
1542 5120 1733 5188 ἀτιμος

166 5209 263 5259 καὶ
308 5203 716 5273 ἀπερῤιμμένος
771 5199 910 5256 εἶναι
954 5203 1128 5256 ἐδόκει
1168 5203 1279 5265 τοῖς
1312 5202 1548 5268 πολλοῖς.
1595 5207 1731 5261 Ἀλλ’

167 5297 377 5355 ἐκεῖνος
418 5291 626 5354 Παῦλος
663 5287 753 5362 ἧν,
796 5291 978 5360 φησίν.
1012 5288 1220 5343 υύκοῦν
1258 5288 1356 5359 ούχ
1386 5291 1555 5360 ἡτῶν
1594 5309 1734 5365 πρι-

167 5384 396 5455 γμάτων
425 5381 607 5451 φύσις,
808 5384 843 5451 ἡ
895 5380 993 5449 τῆς
1036 5378 1257 5450 γνώμης
1299 5380 1549 5435 ἀσθένεια
1592 5400 1733 5438 ποια

170 5491 254 5529 σοι
281 5474 383 5543 τὴν
410 5470 666 5541 ἀθυμίαν.
702 5472 793 5542 Μὴ
820 5472 997 5525 τοίνυν
1026 5471 1125 5540 τὴν
1151 5470 1341 5525 πενίαν
1364 5470 1569 5543 θρήνει,
1599 5476 1735 5530 ἀλλά

171 5563 366 5618 σαυτὸν
398 5562 490 5614 τὸν
523 5560 667 5615 οὕτω
703 5561 1069 5632 διακείμενον·
1118 5561 1317 5631 μᾶλλον
1342 5561 1397 5615 δὲ
1426 5563 1500 5633 μὴ
1540 5568 1734 5621 σαυτὸν

234 5737 258 5766 ⁸
299 5734 551 5800 Lr-gebalur
575 5735 725 5793 οὕτως
749 5737 923 5787 ἐλύπει.

1197 362 1261 417 IN
1305 322 1523 417 Εριδτ.
1567 358 1608 411 ιι
1645 358 1736 411 AD
1770 355 1927 412 con.
1972 357 2203 412 ιιοιιιι.
2249 357 2361 412 xu.

3310 360 3410 416 683

1836 476 2047 551 θρήνει,
2090 478 2223 532 ἀλλά
2265 477 2500 547 διόρθου,
2554 476 2688 548 μηδὲ
2726 478 2985 549 χρήματα
3013 476 3188 548 ζήτει,
3228 476 3343 530 ἀλλ’
3383 476 3412 529 δ

1836 570 2045 641 μυρίων
2070 570 2369 641 χρημάτων
2419 568 2805 639 φαιδροτέρους
2835 573 3003 637 ποιεῖ,
3036 569 3193 623 τοῦτο
3223 569 3411 629 δίωκε,

1834 660 2153 729 φιλοσοφίαν
2177 660 2273 713 καὶ
2298 660 2518 731 ἀρετήν.
2543 656 2758 728 Ταύτης
2788 658 2888 729 μὲν
2914 658 3023 729 γάρ
3044 657 3231 730 οὔσης,
3260 660 3412 713 οὐδὲν

1834 753 2025 816 πενίας
2058 752 2272 823 βλάϐος·
2324 752 2529 823 ταύτης
2559 751 2615 804 δὲ
2664 752 2765 805 οὐκ
2791 750 2979 822 οὔσης,
3008 751 3161 805 οὐδὲν
3190 752 3412 822 χρημά-

1834 860 1941 895 των
1967 843 2180 911 δερελος,
2209 842 2273 895 Τί
2306 842 2413 913 γὰρ
2444 840 2654 909 ὄφελος,
2678 840 2800 895 εἰπέ
2833 858 2946 911 μοι,
2979 839 3087 895 τῶν
3115 841 3411 923 πλουτούν-

1834 950 1942 986 των
1980 934 2101 1003 μὲν,
2137 934 2397 1004 πενιχρὰς
2434 932 2489 985 δὲ
2523 932 2755 1002 ἐχόντων
2780 930 2994 1000 ψυχάς
3032 931 3143 1001 Ούχ
3170 929 3315 984 οὕτω
3344 930 3410 983 σὺ

1836 1024 2033 1076 σαυτὸν
2061 1024 2387 1087 ταλανίζεις,
2416 1024 2489 1086 ὼς
2521 1025 2724 1086 ἐκεῖνος
2760 1026 2789 1076 6
2820 1022 3070 1087 πλούσιος
3099 1023 3307 1087 ἑαυτὸν,
3329 1020 3413 1078 ὅτι

1839 1112 1914 1183 μὴ
1941 1112 2012 1167 τὰ
2042 1115 2258 1168 πάντων
2298 1114 2431 1183 ἔχει.
2475 1112 2536 1166 El
2580 1113 2635 1166 δὲ
2682 1113 2757 1185 μὴ
2795 1113 2997 1179 κλαίει,
3028 1113 3283 1185 καθάπερ
3321 1116 3409 1180 σὺ,

1834 1204 2143 1270 ἀνάπτυξον
2177 1204 2343 1258 αὑτοῦ
2368 1203 2429 1257 τδ
2464 1202 2720 1268 συνειδὸς,
2753 1204 2848 1259 καὶ
2874 1204 2995 1274 ϐψει
3026 1204 3152 1268 τοὺς
3182 1204 3414 1277 θρήνους

1836 1296 1931 1349 καὶ
1964 1296 2090 1360 τοὺς
2127 1296 2427 1357 κωκυτούς.

1906 1386 2093 1447 θέλεις
2125 1402 2208 1437 σοι
2246 1385 2404 1449 δείξω
2448 1385 2538 1437 τὸν
2576 1383 2804 1437 πλοῦτον
2845 1385 2935 1439 τὸν
2970 1385 3082 1451 σόν,
3111 1388 3197 1440 ἵνα
3228 1387 3412 1458 παύση

1840 1477 2159 1546 μακαρίζων
2212 1477 2337 1539 τοὺς
2383 1478 2441 1529 ἐν
2485 1477 2732 1546 χρήμασι
2783 1476 3185 1541 πλουτοῦνταςς
3249 1477 3414 1550 Ὁρᾷς
3515 1528 3525 1539 ι

1835 1567 2044 1618 τουτονὶ
2069 1566 2160 1618 τὸν
2191 1566 2439 1634 ούρανδν,
2475 1566 2593 1631 πῶς
2622 1566 2722 1637 μὲν
2747 1565 2932 1632 καλὸς,
2969 1568 3085 1631 πῶς
3123 1567 3180 1621 δὲ
3216 1568 3412 1639 μέγας,

1837 1657 1955 1720 πῶς
1985 1657 2043 1709 δὲ
2069 1658 2153 1725 ἐφ’
2176 1656 2381 1727 ὑψηλοῦ
2406 1660 2582 1710 κεῖται
2609 1674 2624 1723 ;
2665 1657 2870 1712 Τούτου
2912 1658 3005 1712 τοῦ
3030 1658 3259 1723 κάλλους
3290 1661 3413 1730 οὐχὶ

1838 1749 1998 1802 πλέον
2046 1751 2145 1818 μὲν
2192 1748 2455 1802 ἀπολαύει
2500 1750 2727 1813 ἐκεῖνος,
2779 1749 2885 1802 οὐδ’
2936 1751 3003 1804 ἂν
3056 1751 3306 1823 δυνηθείη
3352 1768 3413 1803 σε

1836 1839 2219 1911 παρώσασθαι,
2250 1840 2345 1893 καὶ
2374 1839 2542 1894 αὑτοῦ
2575 1840 2799 1910 ποιῆσαι
2824 1842 2883 1895 τὸ
2908 1844 3036 1895 πᾶν*
3084 1843 3273 1915 ὥσπερ
3303 1843 3413 1913 γὰρ

1834 1932 1902 1984 δι’
1928 1932 2134 1985 ἐκεῖνον
2184 1933 2427 2001 γέγονεν,
2471 1932 2613 1987 οὕτω
2643 1934 2737 1987 καὶ
2766 1934 2854 1987 διὰ
2884 1935 2963 1988 σέ.
3002 1936 3068 1989 Τί
3098 1938 3157 1991 δὲ
3184 1941 3212 1991 6
3234 1939 3408 2007 ἣλιος,

1835 2024 1897 2078 τδ
1918 2026 2142 2097 φαιδρὸν
2170 2025 2329 2077 τοῦτο
2352 2025 2551 2098 ἄστρον
2579 2030 2667 2081 καὶ
2699 2028 2987 2098 τηλαυγὲς,
3017 2029 3109 2082 καὶ
3134 2028 3231 2093 τὰς
3262 2030 3412 2098 διζιεις

1835 2117 1996 2189 ἡμῶν
2022 2119 2335 2189 εὐφραῖνον,
2365 2120 2485 2188 ούχὶ
2529 2121 2705 2185 κοινὸς
2744 2122 2918 2175 ἅπασι
2962 2122 3055 2175 καὶ
3093 2117 3246 2184 οὗτος
3279 2113 3414 2191 1:96-

1837 2227 2036 2273 κειται,
2072 2212 2167 2264 καλ⁸
2198 2211 2400 2275 πάντες
2424 2212 2787 2267 ἀπολαύουσιν
2831 2214 2889 2281 ἐξ
2925 2214 3046 2283 ῖσης
3083 2212 3271 2277 αὐτοῦ,
3316 2214 3413 2267 καὶ

1836 2302 2082 2354 πλούσιοι
2123 2303 2217 2355 καὶ
2246 2303 2510 2373 πένητε;;
2541 2304 2655 2358 ἀλλ’
2687 2309 2715 2359 6
2745 2305 2852 2359 τῶν
2879 2306 3094 2377 ἄστρων
3127 2308 3411 2374 στέφανος,

1836 2392 1930 2445 καὶ
1948 2391 1977 2442 6
1998 2392 2100 2461 τῆς
2120 2392 2349 2463 σελήνης
2371 2394 2589 2461 κύκλος,
2621 2398 2718 2466 οὐχ
2747 2397 2949 2467 ὁμοίως
2976 2401 3141 2451 πᾶσιν
3164 2398 3373 2452 ἀνεῖται
3394 2414 3412 2463 ;

1835 2482 2052 2536 Μᾶλλον
2085 2482 2161 2544 δὲ,
2194 2484 2356 2541 εί,δεί
2390 2501 2443 2535 τι
2472 2485 2783 2555 θαυμαστὸν
2815 2487 3010 2551 είπεῖν,
3048 2488 3211 2541 πλέον
3252 2490 3416 2559 ἡμεῖς

1835 2576 1880 2627 of
1915 2574 2143 2644 πένητες
2192 2574 2556 2644 ἀπολαύομεν,
2592 2576 2624 2645 ἢ
2656 2578 2874 2631 ἐκεῖνοι.
2919 2579 3145 2633 Ἐκεῖνοι
3178 2580 3278 2649 μὲν
3305 2579 3414 2651 γὰρ

1835 2666 1901 2719 τά
1926 2665 2095 2718 πολλά
2120 2665 2269 2737 [5‘28]
2300 2666 2437 2737 μέθῃ
2460 2665 2866 2735 βαπτιζόμενοι,
2895 2668 2990 2720 καὶ
3022 2669 3078 2720 tv
3100 2667 3307 2737 κώμοις
3339 2668 3415 2720 δι-

1836 2762 2061 2827 άγοντες
2112 2760 2206 2812 καὶ
2245 2759 2400 2829 ῦπνῳ
2440 2758 2615 2824 βαθεῖ,
2660 2759 2781 2811 οὐδέ
2827 2758 3244 2813 έπαισθάνονται
3289 2758 3415 2811 τού-

1834 2870 1963 2913 των,
1990 2851 2291 2921 ὑπωρόφιοι
2317 2851 2467 2913 ὄντες
2494 2851 2586 2903 καὶ
2614 2850 3132 2921 σκιατραφούμενοι·
3157 2852 3208 2904 οῖ
3239 2850 3294 2904 δὲ
3318 2851 3416 2903 πέ-
3498 2885 3508 2897 ι

1835 2957 1994 3011 νητες
2018 2940 2252 3011 μάλιστα
2285 2942 2503 2994 πάντων
2532 2941 2671 2993 είσὶν
2708 2941 2756 2992 οί
2782 2941 2893 3002 τοῖς
2918 2941 3199 3011 στοιχείοις
3228 2942 3416 3010 ἐντρυ-

1840 3032 2051 3103 φῶντες
2088 3031 2321 3096 τούτοις.
2354 3030 2473 3084 Κάν
2495 3031 2587 3084 τὸν
2623 3030 2761 3101 ἀέρα
2787 3030 2844 3083 δὲ
2874 3029 3133 3101 ὲξετάσης
3163 3029 3253 3082 τὸν
3280 3046 3417 3082 παν-

1837 3124 2007 3195 ταχοῦ
2066 3124 2385 3195 κεχυμένον,
2451 3124 2543 3174 τὸν
2604 3124 2811 3190 πένητα
2881 3120 3268 3191 καθαρωτέρου
3324 3121 3419 3175 καὶ

1838 3218 2081 3278 πλείονος
2121 3215 2465 3268 ἀπολαύοντα
2505 3213 2645 3282 δψει.
2704 3214 2812 3268 Καὶ
2856 3214 2963 3282 γάρ
3003 3212 3271 3281 ὁδοιπόροι
3323 3214 3419 3266 καὶ

1836 3305 2076 3377 γεωργοὶ
2100 3304 2207 3356 τῶν
2238 3305 2297 3356 έν
2326 3302 2480 3355 ἄστει
2512 3300 2709 3371 μᾶλλον
2730 3300 3035 3371 ἐντρυφῶσι
3066 3299 3295 3364 τούτοις,
3322 3300 3418 3353 καὶ

1838 3399 2015 3453 αὐτῶν
2046 3398 2208 3451 πάλιν
2243 3396 2353 3449 τῶν
2382 3396 2441 3447 tv
2480 3393 2633 3447 ἄστει
2660 3393 2865 3447 τούτων
2897 3392 3055 3445 πλέον
3085 3392 3136 3445 οῖ
3174 3392 3416 3463 χειροτέ-

1838 3509 1961 3561 χναι
1989 3490 2099 3544 τῶν
2120 3489 2185 3543 δι’
2211 3487 2341 3557 δλης
2373 3485 2682 3557 μεθυόντων
2710 3485 2806 3555 τῆς
2828 3484 3060 3555 ἡμέρας.
3083 3483 3147 3535 Τί
3175 3483 3233 3536 δὲ
3260 3484 3292 3554 ὴ
3322 3484 3415 3552 γῆ,

1838 3580 1959 3650 οὐχὶ.
1984 3578 2138 3648 κοινὴ
2164 3579 2327 3631 πᾶσιν
2357 3577 2596 3639 ἀνεῖται;
2628 3575 2783 3644 Οὐχὶ,
2812 3573 2967 3643 φησί.
2999 3574 3122 3636 Πῶς
3147 3571 3305 3627 τοῦτο
3334 3572 3420 3626 λέ·

1838 3687 1993 3738 γεις;
2030 3668 2151 3720 είπέ
2187 3684 2298 3735 μοι.
2337 3667 2459 3719 Ὅτι
2485 3668 2514 3719 6
2551 3664 2795 3717 πλουτῶν
2818 3663 2911 3715 καὶ
2947 3666 3003 3717 ὲν
3032 3663 3185 3717 ἄστει
3210 3662 3419 3734 πλέθρα

1837 3756 2128 3811 ἀπολαϐὼν
2182 3756 2429 3818 πλείονα,
2473 3754 2719 3823 μακροὺς
2769 3753 3020 3823 ἀνίστησι
3075 3752 3416 3824 περιϐόλους.

1840 3852 1932 3902 καὶ
1993 3851 2050 3901 ὲν
2106 3850 2298 3919 ἀγροῖς
2346 3844 2519 3898 πολλὰ
2569 3843 2939 3913 ἀποτέμνεται
2994 3843 3154 3914 μέρη.
3203 3841 3268 3896 Τί
3299 3839 3415 3905 οῦν,

1840 3939 2028 4009 ἐπειδὴ
2072 3937 2434 4008 ἀποτέμνεται
2479 3933 2663 3999 αὐτὸς,
2704 3932 2882 3988 αὐτῶν
2924 3933 3185 3987 ἀπολαύει
3222 3934 3415 4005 μόνος;

1840 4030 2123 4099 Οὐδαμῶς,
2150 4030 2255 4084 κᾶν
2282 4030 2453 4100 μυρία
2480 4026 2851 4099 φιλονεικήσῃ·
2883 4026 2978 4080 καὶ
3006 4025 3113 4097 γὰρ
3142 4027 3267 4091 τοὺς
3290 4044 3419 4098 καρο

1838 4123 1975 4183 ποὺς
2006 4124 2088 4183 είς
2126 4121 2372 4181 ἀπαντας
2411 4117 2782 4185 ἀναγκάζεται
2819 4119 3119 4189 διανέμειν,
3148 4119 3243 4173 καὶ
3272 4122 3419 4173 σῖτον

1837 4212 1932 4265 καὶ
1957 4206 2101 4264 οἶνον
2131 4208 2226 4262 καὶ
2250 4208 2429 4261 ἔλαιον
2456 4208 2540 4261 σοὶ
2563 4209 2816 4277 γεωργεῖ,
2850 4209 2944 4260 καὶ
2971 4208 3299 4263 διακονεῖται
3335 4210 3419 4263 σο)⁸

1838 4300 2133 4371 πανταχοῦ.
2165 4302 2274 4353 Καὶ
2301 4299 2411 4353 τῶν
2441 4298 2740 4370 περιϐόλων
2774 4299 2882 4351 τῶν
2918 4298 3147 4369 μακρῶν
3190 4300 3419 4353 καὶτῶν

1837 4394 2177 4463 οίκημάτων,
2222 4390 2361 4461 μετά
2384 4390 2483 4460 τὴν
2513 4390 2719 4460 ἄφατον
2745 4389 2991 4459 δαπάνην
3030 4390 3124 4443 καὶ
3160 4392 3289 4454 τοὺς
3318 4392 3417 4444 πό⁴

1838 4499 1963 4545 νους
2000 4482 2093 4535 καὶ
2140 4480 2239 4543 τὰς
2285 4477 2685 4549 ταλαιπωρίας,
2729 4479 2814 4530 σοὶ
2856 4476 3265 4546 παρασκευάζει
3317 4477 3417 4547 τὴν

1839 4573 2053 4643 χρῆσιν,
2083 4570 2264 4635 ὀλίγον
2291 4570 2441 4638 παρά
2476 4566 2573 4619 σοῦ
2602 4570 2702 4635 τῆς
2720 4565 2991 4634 τοσαύτης
3017 4565 3293 4627 διακονίας
3316 4568 3415 4637 ἀρ-

1838 4664 2026 4733 γύριον
2069 4659 2269 4713 λαϐών.
2319 4658 2428 4710 Καὶ
2472 4659 2530 4709 έν
2562 4655 2864 4724 βαλανείοις
2911 4656 3004 4706 καὶ
3033 4653 3310 4723 πανταχοῦ
3354 4654 3415 4706 τὸ

1838 4755 1969 4809 αὐτὸ
1991 4751 2286 4821 συμϐαῖνον
2312 4750 2410 4803 ῖδοι
2434 4766 2517 4811 τις
2538 4748 2623 4802 ἄν·
2649 4749 2775 4810 τοὺς
2808 4745 2907 4816 μὲν
2929 4746 3291 4807 πλουτοῦντας
3317 4747 3413 4799 καὶ

1836 4843 2083 4913 χρήμασι
2135 4841 2229 4893 καὶ
2282 4839 2529 4911 φροντίσι
2574 4838 2667 4890 καὶ
2720 4836 2901 4899 πόνοις
2966 4834 3407 4904 δαπανωμένους,

1833 4935 1960 4995 τοὺς
1987 4932 2044 4985 δὲ
2070 4930 2308 5000 πένητας
2347 4929 2546 4997 ὀλίγων
2579 4928 2782 4981 ὀϐολῶν
2810 4927 2946 4998 μετά
2980 4926 3164 4988 ἀδείας
3193 4925 3409 4979 ἄπαντα

1836 5022 2250 5094 καρπουμένους
2286 5022 2479 5075 ταῦτα.
2506 5021 2617 5074 Καὶ
2650 5019 2810 5072 πλέον
2837 5016 2988 5069 οὐδὲν
3012 5014 3275 5069 ἀπολαύει
3313 5032 3405 5068 σου

1834 5118 1931 5186 τῆς
1957 5116 2078 5185 γῆς’
2111 5117 2173 5169 οὐ
2203 5114 2311 5187 γὰρ
2339 5114 2401 5182 δὴ
2426 5114 2633 5175 ἐκεῖνος
2660 5111 2758 5181 μὲν
2776 5109 2909 5161 δέκα
2939 5108 3236 5178 γαστέρας,
3263 5108 3328 5161 σὺ
3352 5108 3407 5159 δέ

1839 5206 1965 5277 μίαν
1995 5206 2243 5277 πληροῖς.
2286 5203 2444 5256 Ἀλλά
2490 5199 2956 5268 πολυτελεστέρων
2986 5198 3149 5261 αὐτὸς
3190 5197 3405 5267 μετέχει

1836 5298 2049 5362 σιτίωνς
2072 5298 2322 5351 Μάλιστα
2351 5295 2449 5365 μὲν
2478 5294 2539 5347 ού
2568 5292 2734 5362 πολλὴ
2754 5290 2912 5343 τοῦτο
2936 5287 3235 5350 πλεονεξία’
3268 5285 3405 5355 πλὴν

1834 5388 2111 5443 κάνταῦθά
2139 5404 2197 5441 σε
2229 5387 2322 5439 τὸν
2356 5384 2517 5438 πλέον
2545 5383 2735 5453 έχοντα
2772 5381 3093 5451 εὑρήσομεν.
3139 5377 3203 5429 Ἡ
3246 5376 3354 5448 γάρ
3378 5378 3405 5415 δ

1836 5481 2155 5535 πολυτέλεια
2192 5478 2335 5549 αῦτη
2372 5478 2460 5533 διὰ
2500 5475 2661 5530 τοῦτό
2696 5492 2779 5529 σοι
2825 5471 3042 5542 ζηλωτῇ
3068 5465 3205 5524 εῖναι
3235 5470 3403 5527 δοκεῖ,

1836 5572 2024 5645 ἐπειδὴ
2056 5573 2274 5627 πλείονα
2308 5571 2421 5641 έχει
2451 5570 2550 5639 τὴν
2578 5569 2791 5639 ἡδονήν·
2835 5566 2950 5620 ἀλλ’
2981 5564 3118 5633 αῦτη
3150 5560 3302 5632 παρά
3329 5564 3403 5625 τῷ

1896 5748 1929 5787 δ
1964 5748 2245 5810 Legebatur
2270 5749 2307 5797 εί
2336 5749 2443 5810 γάρ,
2466 5752 2513 5798 ει
2551 5743 2680 5807 infra
2701 5743 2980 5800 πλεονεκτῇ,
3002 5751 3094 5803 pro
3116 5729 3400 5785 πλεονεκτεῖ.
