  <div class='ocr_page' id='page_1' title='image "/cluster/home/n/w/nwhite01/storage/ocr_20150623/61/nnc1.0022379681/497.png"; bbox 0 0 4022 6258; ppageno 0'>
   <div class='ocr_carea' id='block_1_1' title="bbox 573 435 2139 517">
    <p class='ocr_par' dir='ltr' id='par_1_1' title="bbox 573 435 2139 517">
     <span class='ocr_line' id='line_1_1' title="bbox 573 435 2139 517; baseline -0.01 -15"><span class='ocrx_word' id='word_1_1' title='bbox 573 450 767 517; x_wconf 80' lang='grc' dir='ltr'>πένητι</span> <span class='ocrx_word' id='word_1_2' title='bbox 792 442 1010 504; x_wconf 77' lang='grc' dir='ltr'>πλείων,</span> <span class='ocrx_word' id='word_1_3' title='bbox 1039 440 1136 512; x_wconf 90' lang='grc' dir='ltr'>οὐχ</span> <span class='ocrx_word' id='word_1_4' title='bbox 1166 438 1327 510; x_wconf 69' lang='grc' dir='ltr'>ἡδονὴ</span> <span class='ocrx_word' id='word_1_5' title='bbox 1356 439 1413 493; x_wconf 78' lang='grc' dir='ltr'>δὲ</span> <span class='ocrx_word' id='word_1_6' title='bbox 1465 441 1647 510; x_wconf 86' lang='grc' dir='ltr'>μόνον,</span> <span class='ocrx_word' id='word_1_7' title='bbox 1674 438 1809 491; x_wconf 84' lang='grc' dir='ltr'>ἀλλὰ</span> <span class='ocrx_word' id='word_1_8' title='bbox 1838 438 1931 491; x_wconf 71' lang='grc' dir='ltr'>καὶ</span> <span class='ocrx_word' id='word_1_9' title='bbox 1962 435 2139 504; x_wconf 74' lang='grc' dir='ltr'>ὑγιεία⁸</span> 
     </span>
    </p>
   </div>
   <div class='ocr_carea' id='block_1_2' title="bbox 572 525 2146 615">
    <p class='ocr_par' dir='ltr' id='par_1_2' title="bbox 572 525 2146 615">
     <span class='ocr_line' id='line_1_2' title="bbox 572 525 2146 615; baseline -0.008 -23"><span class='ocrx_word' id='word_1_10' title='bbox 572 539 673 593; x_wconf 83' lang='grc' dir='ltr'>κάν</span> <span class='ocrx_word' id='word_1_11' title='bbox 712 536 907 615; x_wconf 54' lang='grc' dir='ltr'>⁸τούτῳ</span> <span class='ocrx_word' id='word_1_12' title='bbox 957 533 1269 586; x_wconf 77' lang='grc' dir='ltr'>πλεονεκτεῖ</span> <span class='ocrx_word' id='word_1_13' title='bbox 1318 531 1479 603; x_wconf 82' lang='grc' dir='ltr'>μόνον</span> <span class='ocrx_word' id='word_1_14' title='bbox 1532 533 1561 585; x_wconf 85' lang='grc' dir='ltr'>ό</span> <span class='ocrx_word' id='word_1_15' title='bbox 1618 530 1897 593; x_wconf 84' lang='grc' dir='ltr'>πλούσιος,</span> <span class='ocrx_word' id='word_1_16' title='bbox 1957 527 2036 597; x_wconf 84' lang='grc' dir='ltr'>τῷ</span> <span class='ocrx_word' id='word_1_17' title='bbox 2084 525 2146 579; x_wconf 88' lang='grc' dir='ltr'>τδ</span> 
     </span>
    </p>
   </div>
   <div class='ocr_carea' id='block_1_3' title="bbox 574 619 2145 700">
    <p class='ocr_par' dir='ltr' id='par_1_3' title="bbox 574 619 2145 700">
     <span class='ocr_line' id='line_1_3' title="bbox 574 619 2145 700; baseline -0.008 -18"><span class='ocrx_word' id='word_1_18' title='bbox 574 630 733 700; x_wconf 85' lang='grc' dir='ltr'>σῶμα</span> <span class='ocrx_word' id='word_1_19' title='bbox 782 626 1170 696; x_wconf 84' lang='grc' dir='ltr'>ἀσθενέστερον</span> <span class='ocrx_word' id='word_1_20' title='bbox 1223 622 1686 687; x_wconf 80' lang='grc' dir='ltr'>κατασκευάζειν,</span> <span class='ocrx_word' id='word_1_21' title='bbox 1740 622 1836 676; x_wconf 71' lang='grc' dir='ltr'>καὶ</span> <span class='ocrx_word' id='word_1_22' title='bbox 1894 619 2145 681; x_wconf 86' lang='grc' dir='ltr'>πλείονας</span> 
     </span>
    </p>
   </div>
   <div class='ocr_carea' id='block_1_4' title="bbox 573 712 2142 789">
    <p class='ocr_par' dir='ltr' id='par_1_4' title="bbox 573 712 2142 789">
     <span class='ocr_line' id='line_1_4' title="bbox 573 712 2142 789; baseline -0.005 -16"><span class='ocrx_word' id='word_1_23' title='bbox 573 721 824 787; x_wconf 84' lang='grc' dir='ltr'>συνάγειν</span> <span class='ocrx_word' id='word_1_24' title='bbox 866 718 965 781; x_wconf 81' lang='grc' dir='ltr'>τὰς</span> <span class='ocrx_word' id='word_1_25' title='bbox 1001 717 1187 789; x_wconf 76' lang='grc' dir='ltr'>πηγὰς</span> <span class='ocrx_word' id='word_1_26' title='bbox 1227 716 1338 770; x_wconf 83' lang='grc' dir='ltr'>τῶν</span> <span class='ocrx_word' id='word_1_27' title='bbox 1390 716 1860 787; x_wconf 76' lang='grc' dir='ltr'>ἀρρωστημάτων.</span> <span class='ocrx_word' id='word_1_28' title='bbox 1921 713 2002 767; x_wconf 86' lang='grc' dir='ltr'>Τὰ</span> <span class='ocrx_word' id='word_1_29' title='bbox 2049 712 2142 782; x_wconf 73' lang='grc' dir='ltr'>μὲν</span> 
     </span>
    </p>
   </div>
   <div class='ocr_carea' id='block_1_5' title="bbox 572 801 2145 880">
    <p class='ocr_par' dir='ltr' id='par_1_5' title="bbox 572 801 2145 880">
     <span class='ocr_line' id='line_1_5' title="bbox 572 801 2145 880; baseline -0.006 -18"><span class='ocrx_word' id='word_1_30' title='bbox 572 811 678 880; x_wconf 81' lang='grc' dir='ltr'>γὰρ</span> <span class='ocrx_word' id='word_1_31' title='bbox 708 807 802 863; x_wconf 84' lang='grc' dir='ltr'>τοῦ</span> <span class='ocrx_word' id='word_1_32' title='bbox 831 808 1062 877; x_wconf 78' lang='grc' dir='ltr'>πένητος</span> <span class='ocrx_word' id='word_1_33' title='bbox 1101 804 1243 860; x_wconf 88' lang='grc' dir='ltr'>κατά</span> <span class='ocrx_word' id='word_1_34' title='bbox 1272 803 1436 873; x_wconf 82' lang='grc' dir='ltr'>φύσιν</span> <span class='ocrx_word' id='word_1_35' title='bbox 1462 805 1825 876; x_wconf 72' lang='grc' dir='ltr'>οἰκονομεῖται</span> <span class='ocrx_word' id='word_1_36' title='bbox 1856 804 2053 870; x_wconf 87' lang='grc' dir='ltr'>πάντα,</span> <span class='ocrx_word' id='word_1_37' title='bbox 2076 801 2145 854; x_wconf 84' lang='grc' dir='ltr'>τὰ</span> 
     </span>
    </p>
   </div>
   <div class='ocr_carea' id='block_1_6' title="bbox 569 892 2146 967">
    <p class='ocr_par' dir='ltr' id='par_1_6' title="bbox 569 892 2146 967">
     <span class='ocr_line' id='line_1_6' title="bbox 569 892 2146 967; baseline -0.004 -17"><span class='ocrx_word' id='word_1_38' title='bbox 569 899 623 951; x_wconf 81' lang='grc' dir='ltr'>δὲ</span> <span class='ocrx_word' id='word_1_39' title='bbox 654 897 861 951; x_wconf 84' lang='grc' dir='ltr'>ἐκείνου</span> <span class='ocrx_word' id='word_1_40' title='bbox 888 895 978 950; x_wconf 84' lang='grc' dir='ltr'>διὰ</span> <span class='ocrx_word' id='word_1_41' title='bbox 1021 895 1120 966; x_wconf 83' lang='grc' dir='ltr'>τὴν</span> <span class='ocrx_word' id='word_1_42' title='bbox 1146 893 1414 965; x_wconf 75' lang='grc' dir='ltr'>ἀμετρίαν</span> <span class='ocrx_word' id='word_1_43' title='bbox 1438 894 1519 957; x_wconf 84' lang='grc' dir='ltr'>είς</span> <span class='ocrx_word' id='word_1_44' title='bbox 1552 894 1757 967; x_wconf 81' lang='grc' dir='ltr'>φθοράν</span> <span class='ocrx_word' id='word_1_45' title='bbox 1793 894 2018 963; x_wconf 80' lang='grc' dir='ltr'>τελευτᾷ</span> <span class='ocrx_word' id='word_1_46' title='bbox 2051 892 2146 946; x_wconf 73' lang='grc' dir='ltr'>καὶ</span> 
     </span>
    </p>
   </div>
   <div class='ocr_carea' id='block_1_7' title="bbox 570 989 901 1061">
    <p class='ocr_par' dir='ltr' id='par_1_7' title="bbox 570 989 901 1061">
     <span class='ocr_line' id='line_1_7' title="bbox 570 989 901 1061; baseline -0.009 -17"><span class='ocrx_word' id='word_1_47' title='bbox 570 989 901 1061; x_wconf 68' lang='grc' dir='ltr'>ἀρρωστίαν.</span> 
     </span>
    </p>
   </div>
   <div class='ocr_carea' id='block_1_8' title="bbox 643 1075 2147 1149">
    <p class='ocr_par' dir='ltr' id='par_1_8' title="bbox 643 1075 2147 1149">
     <span class='ocr_line' id='line_1_8' title="bbox 643 1075 2147 1149; baseline -0.004 -14"><span class='ocrx_word' id='word_1_48' title='bbox 643 1088 715 1147; x_wconf 83' lang='grc' dir='ltr'>ς’·</span> <span class='ocrx_word' id='word_1_49' title='bbox 744 1081 807 1134; x_wconf 89' lang='grc' dir='ltr'>Εί</span> <span class='ocrx_word' id='word_1_50' title='bbox 823 1080 878 1133; x_wconf 84' lang='grc' dir='ltr'>δέ</span> <span class='ocrx_word' id='word_1_51' title='bbox 897 1078 1168 1149; x_wconf 83' lang='grc' dir='ltr'>βούλεσθε,</span> <span class='ocrx_word' id='word_1_52' title='bbox 1190 1079 1282 1131; x_wconf 77' lang='grc' dir='ltr'>καὶ</span> <span class='ocrx_word' id='word_1_53' title='bbox 1299 1077 1393 1131; x_wconf 79' lang='grc' dir='ltr'>ἐπὶ</span> <span class='ocrx_word' id='word_1_54' title='bbox 1414 1076 1812 1148; x_wconf 89' lang='grc' dir='ltr'>ὑποδείγματος</span> <span class='ocrx_word' id='word_1_55' title='bbox 1830 1077 1963 1130; x_wconf 78' lang='grc' dir='ltr'>αὑτὸ</span> <span class='ocrx_word' id='word_1_56' title='bbox 1989 1075 2147 1129; x_wconf 82' lang='grc' dir='ltr'>τοῦτο</span> 
     </span>
    </p>
   </div>
   <div class='ocr_carea' id='block_1_9' title="bbox 570 1164 2147 1244">
    <p class='ocr_par' dir='ltr' id='par_1_9' title="bbox 570 1164 2147 1244">
     <span class='ocr_line' id='line_1_9' title="bbox 570 1164 2147 1244; baseline -0.004 -16"><span class='ocrx_word' id='word_1_57' title='bbox 570 1172 895 1243; x_wconf 76' lang='grc' dir='ltr'>κατίδωμεν.</span> <span class='ocrx_word' id='word_1_58' title='bbox 928 1170 989 1225; x_wconf 69' lang='lat' dir='ltr'>Et</span> <span class='ocrx_word' id='word_1_59' title='bbox 1022 1170 1132 1242; x_wconf 85' lang='grc' dir='ltr'>γὰρ</span> <span class='ocrx_word' id='word_1_60' title='bbox 1166 1171 1276 1223; x_wconf 89' lang='grc' dir='ltr'>δέοι</span> <span class='ocrx_word' id='word_1_61' title='bbox 1314 1170 1543 1241; x_wconf 85' lang='grc' dir='ltr'>κάμινον</span> <span class='ocrx_word' id='word_1_62' title='bbox 1582 1170 1806 1238; x_wconf 78' lang='grc' dir='ltr'>ἀνάψαι,</span> <span class='ocrx_word' id='word_1_63' title='bbox 1845 1164 1964 1221; x_wconf 72' lang='grc' dir='ltr'>εἶτα</span> <span class='ocrx_word' id='word_1_64' title='bbox 2050 1168 2147 1238; x_wconf 83' lang='grc' dir='ltr'>μὲν</span> 
     </span>
    </p>
   </div>
   <div class='ocr_carea' id='block_1_10' title="bbox 572 1258 2147 1333">
    <p class='ocr_par' dir='ltr' id='par_1_10' title="bbox 572 1258 2147 1333">
     <span class='ocr_line' id='line_1_10' title="bbox 572 1258 2147 1333; baseline -0.004 -16"><span class='ocrx_word' id='word_1_65' title='bbox 572 1263 774 1333; x_wconf 81' lang='grc' dir='ltr'>σηρικὰ</span> <span class='ocrx_word' id='word_1_66' title='bbox 810 1262 999 1332; x_wconf 81' lang='grc' dir='ltr'>ἱμάτια</span> <span class='ocrx_word' id='word_1_67' title='bbox 1027 1260 1121 1313; x_wconf 78' lang='grc' dir='ltr'>καὶ</span> <span class='ocrx_word' id='word_1_68' title='bbox 1151 1259 1341 1323; x_wconf 85' lang='grc' dir='ltr'>ὀθόνας</span> <span class='ocrx_word' id='word_1_69' title='bbox 1372 1260 1573 1324; x_wconf 83' lang='grc' dir='ltr'>λεπτάς</span> <span class='ocrx_word' id='word_1_70' title='bbox 1596 1258 1923 1313; x_wconf 80' lang='grc' dir='ltr'>καταϐάλλοι</span> <span class='ocrx_word' id='word_1_71' title='bbox 1948 1259 2147 1321; x_wconf 80' lang='grc' dir='ltr'>πολλὰς</span> 
     </span>
    </p>
   </div>
   <div class='ocr_carea' id='block_1_11' title="bbox 570 1351 2146 1425">
    <p class='ocr_par' dir='ltr' id='par_1_11' title="bbox 570 1351 2146 1425">
     <span class='ocr_line' id='line_1_11' title="bbox 570 1351 2146 1425; baseline -0.004 -17"><span class='ocrx_word' id='word_1_72' title='bbox 570 1358 663 1410; x_wconf 68' lang='grc' dir='ltr'>καὶ</span> <span class='ocrx_word' id='word_1_73' title='bbox 702 1354 983 1425; x_wconf 84' lang='grc' dir='ltr'>ἀπείρους,</span> <span class='ocrx_word' id='word_1_74' title='bbox 1020 1352 1113 1405; x_wconf 74' lang='grc' dir='ltr'>καὶ</span> <span class='ocrx_word' id='word_1_75' title='bbox 1147 1352 1318 1416; x_wconf 81' lang='grc' dir='ltr'>οὑτως</span> <span class='ocrx_word' id='word_1_76' title='bbox 1351 1352 1518 1421; x_wconf 80' lang='grc' dir='ltr'>αὐτὴν</span> <span class='ocrx_word' id='word_1_77' title='bbox 1549 1352 1821 1417; x_wconf 86' lang='grc' dir='ltr'>ἀνακαίοι,</span> <span class='ocrx_word' id='word_1_78' title='bbox 1850 1352 1877 1403; x_wconf 89' lang='grc' dir='ltr'>ὁ</span> <span class='ocrx_word' id='word_1_79' title='bbox 1917 1352 1974 1404; x_wconf 85' lang='grc' dir='ltr'>δέ</span> <span class='ocrx_word' id='word_1_80' title='bbox 2016 1351 2146 1417; x_wconf 82' lang='grc' dir='ltr'>ξύλα</span> 
     </span>
    </p>
   </div>
   <div class='ocr_carea' id='block_1_12' title="bbox 569 1429 2147 1518">
    <p class='ocr_par' dir='ltr' id='par_1_12' title="bbox 569 1429 2147 1518">
     <span class='ocr_line' id='line_1_12' title="bbox 569 1429 2147 1518; baseline -0.003 -18"><span class='ocrx_word' id='word_1_81' title='bbox 569 1429 725 1518; x_wconf 74' lang='grc' dir='ltr'>δρυὸς</span> <span class='ocrx_word' id='word_1_82' title='bbox 756 1446 851 1501; x_wconf 68' lang='grc' dir='ltr'>καλ.</span> <span class='ocrx_word' id='word_1_83' title='bbox 875 1445 1106 1514; x_wconf 83' lang='grc' dir='ltr'>πεύκης·</span> <span class='ocrx_word' id='word_1_84' title='bbox 1136 1445 1189 1496; x_wconf 90' lang='grc' dir='ltr'>τί</span> <span class='ocrx_word' id='word_1_85' title='bbox 1220 1444 1381 1497; x_wconf 84' lang='grc' dir='ltr'>πλέον</span> <span class='ocrx_word' id='word_1_86' title='bbox 1407 1443 1564 1515; x_wconf 81' lang='grc' dir='ltr'>ἔσχεν</span> <span class='ocrx_word' id='word_1_87' title='bbox 1590 1438 1742 1506; x_wconf 76' lang='grc' dir='ltr'>οὗτος</span> <span class='ocrx_word' id='word_1_88' title='bbox 1772 1443 2013 1508; x_wconf 85' lang='grc' dir='ltr'>ἐκείνου;</span> <span class='ocrx_word' id='word_1_89' title='bbox 2045 1444 2147 1497; x_wconf 65' lang='lat'>06-</span> 
     </span>
    </p>
   </div>
   <div class='ocr_carea' id='block_1_13' title="bbox 568 1530 2147 1601">
    <p class='ocr_par' dir='ltr' id='par_1_13' title="bbox 568 1530 2147 1601">
     <span class='ocr_line' id='line_1_13' title="bbox 568 1530 2147 1601; baseline 0 -17"><span class='ocrx_word' id='word_1_90' title='bbox 568 1532 674 1584; x_wconf 83' lang='grc' dir='ltr'>δέν·</span> <span class='ocrx_word' id='word_1_91' title='bbox 703 1532 838 1586; x_wconf 86' lang='grc' dir='ltr'>ἀλλὰ</span> <span class='ocrx_word' id='word_1_92' title='bbox 866 1531 959 1584; x_wconf 72' lang='grc' dir='ltr'>καὶ</span> <span class='ocrx_word' id='word_1_93' title='bbox 989 1531 1229 1583; x_wconf 73' lang='grc' dir='ltr'>ἔλαττον.</span> <span class='ocrx_word' id='word_1_94' title='bbox 1264 1531 1330 1582; x_wconf 89' lang='grc' dir='ltr'>Τί</span> <span class='ocrx_word' id='word_1_95' title='bbox 1356 1530 1446 1593; x_wconf 83' lang='grc' dir='ltr'>δέ;</span> <span class='ocrx_word' id='word_1_96' title='bbox 1477 1531 1651 1601; x_wconf 79' lang='grc' dir='ltr'>(οὐδὲν</span> <span class='ocrx_word' id='word_1_97' title='bbox 1681 1531 1788 1601; x_wconf 86' lang='grc' dir='ltr'>γὰρ</span> <span class='ocrx_word' id='word_1_98' title='bbox 1812 1530 2008 1585; x_wconf 83' lang='grc' dir='ltr'>κωλύει</span> <span class='ocrx_word' id='word_1_99' title='bbox 2054 1533 2147 1584; x_wconf 79' lang='grc' dir='ltr'>καὶ</span> 
     </span>
    </p>
   </div>
   <div class='ocr_carea' id='block_1_14' title="bbox 570 1620 2146 1692">
    <p class='ocr_par' dir='ltr' id='par_1_14' title="bbox 570 1620 2146 1692">
     <span class='ocr_line' id='line_1_14' title="bbox 570 1620 2146 1692; baseline 0.001 -19"><span class='ocrx_word' id='word_1_100' title='bbox 570 1621 768 1692; x_wconf 77' lang='grc' dir='ltr'>ἑτέρως</span> <span class='ocrx_word' id='word_1_101' title='bbox 788 1621 849 1673; x_wconf 81' lang='grc' dir='ltr'>τὸ</span> <span class='ocrx_word' id='word_1_102' title='bbox 887 1620 1018 1672; x_wconf 80' lang='grc' dir='ltr'>αὐτὸ</span> <span class='ocrx_word' id='word_1_103' title='bbox 1047 1620 1370 1691; x_wconf 79' lang='grc' dir='ltr'>περιτρέψαι</span> <span class='ocrx_word' id='word_1_104' title='bbox 1405 1621 1729 1691; x_wconf 79' lang='grc' dir='ltr'>ὑπόδειγμα)</span> <span class='ocrx_word' id='word_1_105' title='bbox 1758 1623 1805 1673; x_wconf 89' lang='grc' dir='ltr'>εί</span> <span class='ocrx_word' id='word_1_106' title='bbox 1836 1624 1864 1674; x_wconf 81' lang='grc' dir='ltr'><strong>ὁ</strong></span> <span class='ocrx_word' id='word_1_107' title='bbox 1893 1622 1991 1692; x_wconf 81' lang='grc' dir='ltr'>μὲν</span> <span class='ocrx_word' id='word_1_108' title='bbox 2015 1621 2146 1688; x_wconf 84' lang='grc' dir='ltr'>ξύλα</span> 
     </span>
    </p>
   </div>
   <div class='ocr_carea' id='block_1_15' title="bbox 571 1712 2143 1785">
    <p class='ocr_par' dir='ltr' id='par_1_15' title="bbox 571 1712 2143 1785">
     <span class='ocr_line' id='line_1_15' title="bbox 571 1712 2143 1785; baseline 0.003 -21"><span class='ocrx_word' id='word_1_109' title='bbox 571 1713 774 1782; x_wconf 69' lang='grc' dir='ltr'>βάλλοι,</span> <span class='ocrx_word' id='word_1_110' title='bbox 802 1715 829 1765; x_wconf 87' lang='grc' dir='ltr'>ό</span> <span class='ocrx_word' id='word_1_111' title='bbox 862 1712 917 1764; x_wconf 84' lang='grc' dir='ltr'>δὲ</span> <span class='ocrx_word' id='word_1_112' title='bbox 956 1712 1182 1781; x_wconf 89' lang='grc' dir='ltr'>σώματα</span> <span class='ocrx_word' id='word_1_113' title='bbox 1226 1714 1497 1779; x_wconf 82' lang='grc' dir='ltr'>ὑποκαίοι,</span> <span class='ocrx_word' id='word_1_114' title='bbox 1535 1714 1662 1785; x_wconf 79' lang='grc' dir='ltr'>ποίᾳ</span> <span class='ocrx_word' id='word_1_115' title='bbox 1704 1714 1769 1767; x_wconf 85' lang='grc' dir='ltr'>ἂν</span> <span class='ocrx_word' id='word_1_116' title='bbox 1799 1714 1966 1785; x_wconf 83' lang='grc' dir='ltr'>ἡδέως</span> <span class='ocrx_word' id='word_1_117' title='bbox 2000 1732 2143 1785; x_wconf 88' lang='grc' dir='ltr'>παρ-</span> 
     </span>
    </p>
   </div>
   <div class='ocr_carea' id='block_1_16' title="bbox 570 1803 2139 1876">
    <p class='ocr_par' dir='ltr' id='par_1_16' title="bbox 570 1803 2139 1876">
     <span class='ocr_line' id='line_1_16' title="bbox 570 1803 2139 1876; baseline 0.001 -20"><span class='ocrx_word' id='word_1_118' title='bbox 570 1806 731 1874; x_wconf 85' lang='grc' dir='ltr'>έστης</span> <span class='ocrx_word' id='word_1_119' title='bbox 778 1806 1013 1873; x_wconf 86' lang='grc' dir='ltr'>καμίνῳ,</span> <span class='ocrx_word' id='word_1_120' title='bbox 1060 1805 1124 1873; x_wconf 84' lang='grc' dir='ltr'>τῇ</span> <span class='ocrx_word' id='word_1_121' title='bbox 1165 1803 1273 1856; x_wconf 86' lang='grc' dir='ltr'>τῶν</span> <span class='ocrx_word' id='word_1_122' title='bbox 1298 1804 1493 1870; x_wconf 82' lang='grc' dir='ltr'>ξύλων,</span> <span class='ocrx_word' id='word_1_123' title='bbox 1532 1805 1564 1873; x_wconf 80' lang='grc' dir='ltr'>ἢ</span> <span class='ocrx_word' id='word_1_124' title='bbox 1597 1807 1662 1875; x_wconf 80' lang='grc' dir='ltr'>τῇ</span> <span class='ocrx_word' id='word_1_125' title='bbox 1692 1805 1801 1858; x_wconf 86' lang='grc' dir='ltr'>τῶν</span> <span class='ocrx_word' id='word_1_126' title='bbox 1837 1806 2139 1876; x_wconf 86' lang='grc' dir='ltr'>σωμάτων;</span> 
     </span>
    </p>
   </div>
   <div class='ocr_carea' id='block_1_17' title="bbox 571 1894 2144 1965">
    <p class='ocr_par' dir='ltr' id='par_1_17' title="bbox 571 1894 2144 1965">
     <span class='ocr_line' id='line_1_17' title="bbox 571 1894 2144 1965; baseline 0.001 -19"><span class='ocrx_word' id='word_1_127' title='bbox 571 1894 800 1965; x_wconf 75' lang='grc' dir='ltr'>Εὔδηλον</span> <span class='ocrx_word' id='word_1_128' title='bbox 832 1895 914 1947; x_wconf 83' lang='grc' dir='ltr'>ὅτι</span> <span class='ocrx_word' id='word_1_129' title='bbox 942 1898 1004 1964; x_wconf 82' lang='grc' dir='ltr'>τῇ</span> <span class='ocrx_word' id='word_1_130' title='bbox 1033 1894 1141 1947; x_wconf 85' lang='grc' dir='ltr'>τῶν</span> <span class='ocrx_word' id='word_1_131' title='bbox 1162 1895 1355 1960; x_wconf 80' lang='grc' dir='ltr'>ξύλων·</span> <span class='ocrx_word' id='word_1_132' title='bbox 1391 1894 1572 1965; x_wconf 81' lang='grc' dir='ltr'>ἐκείνη</span> <span class='ocrx_word' id='word_1_133' title='bbox 1601 1896 1699 1965; x_wconf 86' lang='grc' dir='ltr'>μὲν</span> <span class='ocrx_word' id='word_1_134' title='bbox 1730 1895 1838 1965; x_wconf 82' lang='grc' dir='ltr'>γὰρ</span> <span class='ocrx_word' id='word_1_135' title='bbox 1876 1896 2015 1948; x_wconf 82' lang='grc' dir='ltr'>κατὰ</span> <span class='ocrx_word' id='word_1_136' title='bbox 2044 1897 2144 1963; x_wconf 83' lang='grc' dir='ltr'>φύ-</span> 
     </span>
    </p>
   </div>
   <div class='ocr_carea' id='block_1_18' title="bbox 569 1985 2142 2057">
    <p class='ocr_par' dir='ltr' id='par_1_18' title="bbox 569 1985 2142 2057">
     <span class='ocr_line' id='line_1_18' title="bbox 569 1985 2142 2057; baseline -0.001 -17"><span class='ocrx_word' id='word_1_137' title='bbox 569 2004 654 2040; x_wconf 91' lang='grc' dir='ltr'>σιν</span> <span class='ocrx_word' id='word_1_138' title='bbox 683 1987 916 2047; x_wconf 86' lang='grc' dir='ltr'>καίεται,</span> <span class='ocrx_word' id='word_1_139' title='bbox 945 1986 1040 2039; x_wconf 82' lang='grc' dir='ltr'>καὶ</span> <span class='ocrx_word' id='word_1_140' title='bbox 1068 1987 1166 2056; x_wconf 80' lang='grc' dir='ltr'>ἡδὺ</span> <span class='ocrx_word' id='word_1_141' title='bbox 1199 1987 1379 2057; x_wconf 87' lang='grc' dir='ltr'>θέαμα</span> <span class='ocrx_word' id='word_1_142' title='bbox 1420 1989 1532 2050; x_wconf 88' lang='grc' dir='ltr'>τοῖς</span> <span class='ocrx_word' id='word_1_143' title='bbox 1569 1986 1770 2056; x_wconf 86' lang='grc' dir='ltr'>ὀρῶσίν</span> <span class='ocrx_word' id='word_1_144' title='bbox 1798 1988 1966 2038; x_wconf 81' lang='grc' dir='ltr'>ἐστιν’</span> <span class='ocrx_word' id='word_1_145' title='bbox 2004 1985 2142 2054; x_wconf 76' lang='grc' dir='ltr'>αὐτη</span> 
     </span>
    </p>
   </div>
   <div class='ocr_carea' id='block_1_19' title="bbox 566 2075 2143 2149">
    <p class='ocr_par' dir='ltr' id='par_1_19' title="bbox 566 2075 2143 2149">
     <span class='ocr_line' id='line_1_19' title="bbox 566 2075 2143 2149; baseline -0.001 -19"><span class='ocrx_word' id='word_1_146' title='bbox 566 2079 621 2131; x_wconf 83' lang='grc' dir='ltr'>δὲ</span> <span class='ocrx_word' id='word_1_147' title='bbox 653 2081 717 2149; x_wconf 81' lang='grc' dir='ltr'>τῇ</span> <span class='ocrx_word' id='word_1_148' title='bbox 751 2078 942 2148; x_wconf 82' lang='grc' dir='ltr'>κνίσσῃ</span> <span class='ocrx_word' id='word_1_149' title='bbox 973 2079 1065 2131; x_wconf 72' lang='grc' dir='ltr'>καὶ</span> <span class='ocrx_word' id='word_1_150' title='bbox 1090 2078 1165 2147; x_wconf 80' lang='grc' dir='ltr'>τῷ</span> <span class='ocrx_word' id='word_1_151' title='bbox 1193 2078 1348 2147; x_wconf 88' lang='grc' dir='ltr'>ίχῶρι</span> <span class='ocrx_word' id='word_1_152' title='bbox 1374 2078 1469 2130; x_wconf 75' lang='grc' dir='ltr'>καὶ</span> <span class='ocrx_word' id='word_1_153' title='bbox 1496 2076 1575 2146; x_wconf 83' lang='grc' dir='ltr'>τῷ</span> <span class='ocrx_word' id='word_1_154' title='bbox 1605 2075 1796 2145; x_wconf 81' lang='grc' dir='ltr'>καπνῷ</span> <span class='ocrx_word' id='word_1_155' title='bbox 1826 2077 1915 2129; x_wconf 75' lang='grc' dir='ltr'>καὶ</span> <span class='ocrx_word' id='word_1_156' title='bbox 1944 2078 2009 2147; x_wconf 79' lang='grc' dir='ltr'>τῇ</span> <span class='ocrx_word' id='word_1_157' title='bbox 2036 2077 2143 2129; x_wconf 88' lang='grc' dir='ltr'>τῶν</span> 
     </span>
    </p>
   </div>
   <div class='ocr_carea' id='block_1_20' title="bbox 566 2164 2144 2236">
    <p class='ocr_par' dir='ltr' id='par_1_20' title="bbox 566 2164 2144 2236">
     <span class='ocr_line' id='line_1_20' title="bbox 566 2164 2144 2236; baseline -0.004 -15"><span class='ocrx_word' id='word_1_158' title='bbox 566 2170 767 2221; x_wconf 79' lang='grc' dir='ltr'>ὀστέων</span> <span class='ocrx_word' id='word_1_159' title='bbox 834 2167 1065 2236; x_wconf 63' lang='grc' dir='ltr'>δυσωδίᾳ</span> <span class='ocrx_word' id='word_1_160' title='bbox 1117 2166 1326 2227; x_wconf 84' lang='grc' dir='ltr'>πάντας</span> <span class='ocrx_word' id='word_1_161' title='bbox 1370 2166 1437 2217; x_wconf 84' lang='grc' dir='ltr'>ἂν</span> <span class='ocrx_word' id='word_1_162' title='bbox 1477 2166 1818 2218; x_wconf 83' lang='grc' dir='ltr'>ἀπελάσειεν.</span> <span class='ocrx_word' id='word_1_163' title='bbox 1880 2164 2144 2233; x_wconf 75' lang='grc' dir='ltr'>Ἔφριξας</span> 
     </span>
    </p>
   </div>
   <div class='ocr_carea' id='block_1_21' title="bbox 566 2255 2142 2325">
    <p class='ocr_par' dir='ltr' id='par_1_21' title="bbox 566 2255 2142 2325">
     <span class='ocr_line' id='line_1_21' title="bbox 566 2255 2142 2325; baseline -0.003 -14"><span class='ocrx_word' id='word_1_164' title='bbox 566 2258 829 2323; x_wconf 83' lang='grc' dir='ltr'>ἀκούσας,</span> <span class='ocrx_word' id='word_1_165' title='bbox 886 2259 981 2310; x_wconf 69' lang='grc' dir='ltr'>καὶ</span> <span class='ocrx_word' id='word_1_166' title='bbox 1034 2256 1300 2319; x_wconf 77' lang='grc' dir='ltr'>ἐϐδελύξω</span> <span class='ocrx_word' id='word_1_167' title='bbox 1359 2256 1458 2324; x_wconf 82' lang='grc' dir='ltr'>τὴν</span> <span class='ocrx_word' id='word_1_168' title='bbox 1500 2256 1755 2325; x_wconf 84' lang='grc' dir='ltr'>κάμινον;</span> <span class='ocrx_word' id='word_1_169' title='bbox 1796 2255 2054 2308; x_wconf 79' lang='grc' dir='ltr'>Τοιαῦται</span> <span class='ocrx_word' id='word_1_170' title='bbox 2089 2257 2142 2307; x_wconf 89' lang='grc' dir='ltr'>αί</span> 
     </span>
    </p>
   </div>
   <div class='ocr_carea' id='block_1_22' title="bbox 569 2342 2142 2419">
    <p class='ocr_par' dir='ltr' id='par_1_22' title="bbox 569 2342 2142 2419">
     <span class='ocr_line' id='line_1_22' title="bbox 569 2342 2142 2419; baseline -0.003 -19"><span class='ocrx_word' id='word_1_171' title='bbox 569 2346 721 2419; x_wconf 70' lang='grc'>[529]</span> <span class='ocrx_word' id='word_1_172' title='bbox 749 2345 856 2399; x_wconf 88' lang='grc' dir='ltr'>τῶν</span> <span class='ocrx_word' id='word_1_173' title='bbox 905 2346 1174 2398; x_wconf 88' lang='grc' dir='ltr'>πλουσίων</span> <span class='ocrx_word' id='word_1_174' title='bbox 1209 2344 1476 2413; x_wconf 81' lang='grc' dir='ltr'>γαστέρες</span> <span class='ocrx_word' id='word_1_175' title='bbox 1500 2342 1624 2397; x_wconf 80' lang='grc' dir='ltr'>εἰσί.</span> <span class='ocrx_word' id='word_1_176' title='bbox 1670 2344 1894 2396; x_wconf 85' lang='grc' dir='ltr'>Πλείονα</span> <span class='ocrx_word' id='word_1_177' title='bbox 1939 2343 2046 2413; x_wconf 79' lang='grc' dir='ltr'>γάρ</span> <span class='ocrx_word' id='word_1_178' title='bbox 2085 2346 2142 2396; x_wconf 86' lang='grc' dir='ltr'>ἐν</span> 
     </span>
    </p>
   </div>
   <div class='ocr_carea' id='block_1_23' title="bbox 566 2436 2141 2509">
    <p class='ocr_par' dir='ltr' id='par_1_23' title="bbox 566 2436 2141 2509">
     <span class='ocr_line' id='line_1_23' title="bbox 566 2436 2141 2509; baseline -0.003 -16"><span class='ocrx_word' id='word_1_179' title='bbox 566 2441 775 2504; x_wconf 82' lang='grc' dir='ltr'>τούτοις</span> <span class='ocrx_word' id='word_1_180' title='bbox 817 2440 1106 2509; x_wconf 75' lang='grc' dir='ltr'>σηπεδόνα,</span> <span class='ocrx_word' id='word_1_181' title='bbox 1141 2439 1170 2509; x_wconf 75' lang='grc' dir='ltr'>ἦ</span> <span class='ocrx_word' id='word_1_182' title='bbox 1210 2440 1267 2490; x_wconf 88' lang='grc' dir='ltr'>ἐν</span> <span class='ocrx_word' id='word_1_183' title='bbox 1314 2441 1369 2509; x_wconf 75' lang='grc' dir='ltr'>,ᾗ</span> <span class='ocrx_word' id='word_1_184' title='bbox 1406 2438 1618 2507; x_wconf 83' lang='grc' dir='ltr'>καμίνῳ</span> <span class='ocrx_word' id='word_1_185' title='bbox 1646 2437 1830 2509; x_wconf 81' lang='grc' dir='ltr'>ἐκείνῃ</span> <span class='ocrx_word' id='word_1_186' title='bbox 1874 2436 2024 2503; x_wconf 73' lang='grc' dir='ltr'>εὖροι</span> <span class='ocrx_word' id='word_1_187' title='bbox 2057 2454 2141 2500; x_wconf 90' lang='grc' dir='ltr'>τις</span> 
     </span>
    </p>
   </div>
   <div class='ocr_carea' id='block_1_24' title="bbox 568 2528 2138 2599">
    <p class='ocr_par' dir='ltr' id='par_1_24' title="bbox 568 2528 2138 2599">
     <span class='ocr_line' id='line_1_24' title="bbox 568 2528 2138 2599; baseline -0.004 -14"><span class='ocrx_word' id='word_1_188' title='bbox 568 2534 655 2599; x_wconf 86' lang='grc' dir='ltr'>ἂν,</span> <span class='ocrx_word' id='word_1_189' title='bbox 705 2533 798 2585; x_wconf 75' lang='grc' dir='ltr'>καὶ</span> <span class='ocrx_word' id='word_1_190' title='bbox 843 2530 1127 2599; x_wconf 86' lang='grc' dir='ltr'>πνεύματα</span> <span class='ocrx_word' id='word_1_191' title='bbox 1160 2528 1369 2599; x_wconf 83' lang='grc' dir='ltr'>δυσώδη</span> <span class='ocrx_word' id='word_1_192' title='bbox 1417 2528 1511 2581; x_wconf 80' lang='grc' dir='ltr'>καὶ</span> <span class='ocrx_word' id='word_1_193' title='bbox 1554 2530 1798 2599; x_wconf 75' lang='grc' dir='ltr'>ῥεύματα</span> <span class='ocrx_word' id='word_1_194' title='bbox 1833 2529 2138 2597; x_wconf 85' lang='grc' dir='ltr'>ἀκάθαρτα,</span> 
     </span>
    </p>
   </div>
   <div class='ocr_carea' id='block_1_25' title="bbox 566 2615 2141 2694">
    <p class='ocr_par' dir='ltr' id='par_1_25' title="bbox 566 2615 2141 2694">
     <span class='ocr_line' id='line_1_25' title="bbox 566 2615 2141 2694; baseline -0.004 -17"><span class='ocrx_word' id='word_1_195' title='bbox 566 2625 643 2694; x_wconf 80' lang='grc' dir='ltr'>τῷ</span> <span class='ocrx_word' id='word_1_196' title='bbox 685 2622 958 2693; x_wconf 77' lang='grc' dir='ltr'>πανταχοῦ</span> <span class='ocrx_word' id='word_1_197' title='bbox 991 2624 1085 2676; x_wconf 72' lang='grc' dir='ltr'>καὶ</span> <span class='ocrx_word' id='word_1_198' title='bbox 1111 2625 1167 2674; x_wconf 88' lang='grc' dir='ltr'>ἐν</span> <span class='ocrx_word' id='word_1_199' title='bbox 1192 2623 1405 2691; x_wconf 79' lang='grc' dir='ltr'>ἑκάστῳ</span> <span class='ocrx_word' id='word_1_200' title='bbox 1433 2622 1606 2691; x_wconf 83' lang='grc' dir='ltr'>μορίῳ</span> <span class='ocrx_word' id='word_1_201' title='bbox 1640 2620 1841 2689; x_wconf 79' lang='grc' dir='ltr'>πολλὴν</span> <span class='ocrx_word' id='word_1_202' title='bbox 1881 2615 2019 2672; x_wconf 79' lang='grc' dir='ltr'>εἶναι</span> <span class='ocrx_word' id='word_1_203' title='bbox 2045 2620 2141 2689; x_wconf 80' lang='grc' dir='ltr'>τὴν</span> 
     </span>
    </p>
   </div>
   <div class='ocr_carea' id='block_1_26' title="bbox 566 2711 2140 2784">
    <p class='ocr_par' dir='ltr' id='par_1_26' title="bbox 566 2711 2140 2784">
     <span class='ocr_line' id='line_1_26' title="bbox 566 2711 2140 2784; baseline -0.002 -17"><span class='ocrx_word' id='word_1_204' title='bbox 566 2716 802 2784; x_wconf 65' lang='grc' dir='ltr'>ἀπεψίαν</span> <span class='ocrx_word' id='word_1_205' title='bbox 850 2715 938 2767; x_wconf 82' lang='grc' dir='ltr'>διὰ</span> <span class='ocrx_word' id='word_1_206' title='bbox 985 2716 1080 2783; x_wconf 77' lang='grc' dir='ltr'>τὴν</span> <span class='ocrx_word' id='word_1_207' title='bbox 1116 2714 1453 2783; x_wconf 80' lang='grc' dir='ltr'>πλησμονήν.</span> <span class='ocrx_word' id='word_1_208' title='bbox 1494 2713 1596 2764; x_wconf 75' lang='grc' dir='ltr'>Τοῦ</span> <span class='ocrx_word' id='word_1_209' title='bbox 1643 2712 1751 2782; x_wconf 76' lang='grc' dir='ltr'>γὰρ</span> <span class='ocrx_word' id='word_1_210' title='bbox 1799 2711 1938 2765; x_wconf 84' lang='grc' dir='ltr'>κατὰ</span> <span class='ocrx_word' id='word_1_211' title='bbox 1982 2712 2140 2779; x_wconf 81' lang='grc' dir='ltr'>φύσιν</span> 
     </span>
    </p>
   </div>
   <div class='ocr_carea' id='block_1_27' title="bbox 566 2803 2139 2879">
    <p class='ocr_par' dir='ltr' id='par_1_27' title="bbox 566 2803 2139 2879">
     <span class='ocr_line' id='line_1_27' title="bbox 566 2803 2139 2879; baseline -0.002 -19"><span class='ocrx_word' id='word_1_212' title='bbox 566 2808 770 2879; x_wconf 81' lang='grc' dir='ltr'>θερμοῦ</span> <span class='ocrx_word' id='word_1_213' title='bbox 804 2808 903 2859; x_wconf 78' lang='grc' dir='ltr'>οὐκ</span> <span class='ocrx_word' id='word_1_214' title='bbox 934 2806 1228 2877; x_wconf 83' lang='grc' dir='ltr'>ἀρκοῦντος</span> <span class='ocrx_word' id='word_1_215' title='bbox 1255 2806 1472 2858; x_wconf 75' lang='grc' dir='ltr'>ἅπαντα</span> <span class='ocrx_word' id='word_1_216' title='bbox 1497 2803 1966 2875; x_wconf 86' lang='grc' dir='ltr'>κατεργάσασθαι,</span> <span class='ocrx_word' id='word_1_217' title='bbox 2003 2804 2139 2857; x_wconf 83' lang='grc' dir='ltr'>ἀλλὰ</span> 
     </span>
    </p>
   </div>
   <div class='ocr_carea' id='block_1_28' title="bbox 566 2893 2137 2964">
    <p class='ocr_par' dir='ltr' id='par_1_28' title="bbox 566 2893 2137 2964">
     <span class='ocr_line' id='line_1_28' title="bbox 566 2893 2137 2964; baseline -0.001 -16"><span class='ocrx_word' id='word_1_218' title='bbox 566 2896 1077 2964; x_wconf 55' lang='grc' dir='ltr'>καταχωννιδμένου,</span> <span class='ocrx_word' id='word_1_219' title='bbox 1115 2895 1390 2945; x_wconf 82' lang='grc' dir='ltr'>ἐπίκειται</span> <span class='ocrx_word' id='word_1_220' title='bbox 1435 2896 1617 2945; x_wconf 87' lang='grc' dir='ltr'>ἐκεῖνα</span> <span class='ocrx_word' id='word_1_221' title='bbox 1646 2894 1848 2947; x_wconf 77' lang='grc' dir='ltr'>ἀνωθεν</span> <span class='ocrx_word' id='word_1_222' title='bbox 1878 2893 2137 2957; x_wconf 76' lang='grc' dir='ltr'>καπνιζόο</span> 
     </span>
    </p>
   </div>
   <div class='ocr_carea' id='block_1_29' title="bbox 571 2981 2137 3054">
    <p class='ocr_par' dir='ltr' id='par_1_29' title="bbox 571 2981 2137 3054">
     <span class='ocr_line' id='line_1_29' title="bbox 571 2981 2137 3054; baseline -0.001 -18"><span class='ocrx_word' id='word_1_223' title='bbox 571 3001 725 3052; x_wconf 86' lang='grc' dir='ltr'>μενα,</span> <span class='ocrx_word' id='word_1_224' title='bbox 772 2985 864 3036; x_wconf 81' lang='grc' dir='ltr'>καί</span> <span class='ocrx_word' id='word_1_225' title='bbox 909 2984 1109 3051; x_wconf 80' lang='grc' dir='ltr'>πολλὴν</span> <span class='ocrx_word' id='word_1_226' title='bbox 1150 2983 1406 3037; x_wconf 87' lang='grc' dir='ltr'>ποιοῦντα</span> <span class='ocrx_word' id='word_1_227' title='bbox 1436 2983 1531 3054; x_wconf 81' lang='grc' dir='ltr'>τὴν</span> <span class='ocrx_word' id='word_1_228' title='bbox 1560 2985 1769 3053; x_wconf 82' lang='grc' dir='ltr'>ἀηδίαν.</span> <span class='ocrx_word' id='word_1_229' title='bbox 1802 2987 1917 3038; x_wconf 85' lang='grc' dir='ltr'>Τίνι</span> <span class='ocrx_word' id='word_1_230' title='bbox 1953 2981 2043 3038; x_wconf 80' lang='grc' dir='ltr'>οὖν</span> <span class='ocrx_word' id='word_1_231' title='bbox 2073 2986 2137 3039; x_wconf 83' lang='grc' dir='ltr'>ἄν</span> 
     </span>
    </p>
   </div>
   <div class='ocr_carea' id='block_1_30' title="bbox 567 3075 2136 3148">
    <p class='ocr_par' dir='ltr' id='par_1_30' title="bbox 567 3075 2136 3148">
     <span class='ocr_line' id='line_1_30' title="bbox 567 3075 2136 3148; baseline 0.001 -20"><span class='ocrx_word' id='word_1_232' title='bbox 567 3094 647 3137; x_wconf 82' lang='grc' dir='ltr'>τις</span> <span class='ocrx_word' id='word_1_233' title='bbox 678 3076 983 3146; x_wconf 77' lang='grc' dir='ltr'>παραϐάλοι</span> <span class='ocrx_word' id='word_1_234' title='bbox 1024 3078 1119 3138; x_wconf 81' lang='grc' dir='ltr'>τὰς</span> <span class='ocrx_word' id='word_1_235' title='bbox 1148 3076 1369 3127; x_wconf 77' lang='grc' dir='ltr'>ἐκείνων</span> <span class='ocrx_word' id='word_1_236' title='bbox 1400 3075 1708 3143; x_wconf 82' lang='grc' dir='ltr'>γαστέρας;</span> <span class='ocrx_word' id='word_1_237' title='bbox 1744 3077 1879 3129; x_wconf 85' lang='grc' dir='ltr'>ἀλλά</span> <span class='ocrx_word' id='word_1_238' title='bbox 1910 3078 1983 3148; x_wconf 85' lang='grc' dir='ltr'>μὴ</span> <span class='ocrx_word' id='word_1_239' title='bbox 2010 3078 2136 3129; x_wconf 85' lang='grc' dir='ltr'>δυσ-</span> 
     </span>
    </p>
   </div>
   <div class='ocr_carea' id='block_1_31' title="bbox 567 3167 2139 3239">
    <p class='ocr_par' dir='ltr' id='par_1_31' title="bbox 567 3167 2139 3239">
     <span class='ocr_line' id='line_1_31' title="bbox 567 3167 2139 3239; baseline 0.002 -20"><span class='ocrx_word' id='word_1_240' title='bbox 567 3168 829 3238; x_wconf 81' lang='grc' dir='ltr'>χεράνητε</span> <span class='ocrx_word' id='word_1_241' title='bbox 856 3168 986 3239; x_wconf 72' lang='grc' dir='ltr'>πρδς</span> <span class='ocrx_word' id='word_1_242' title='bbox 1022 3167 1111 3219; x_wconf 72' lang='grc' dir='ltr'>τὸν</span> <span class='ocrx_word' id='word_1_243' title='bbox 1134 3167 1309 3235; x_wconf 88' lang='grc' dir='ltr'>λόγον,</span> <span class='ocrx_word' id='word_1_244' title='bbox 1342 3167 1454 3219; x_wconf 79' lang='grc' dir='ltr'>ἀλλ’</span> <span class='ocrx_word' id='word_1_245' title='bbox 1481 3170 1527 3219; x_wconf 87' lang='grc' dir='ltr'>εί</span> <span class='ocrx_word' id='word_1_246' title='bbox 1558 3168 1631 3238; x_wconf 82' lang='grc' dir='ltr'>μὴ</span> <span class='ocrx_word' id='word_1_247' title='bbox 1666 3168 1838 3239; x_wconf 85' lang='grc' dir='ltr'>ἀληθῆ</span> <span class='ocrx_word' id='word_1_248' title='bbox 1870 3171 2031 3237; x_wconf 86' lang='grc' dir='ltr'>λέγω,</span> <span class='ocrx_word' id='word_1_249' title='bbox 2059 3169 2139 3221; x_wconf 87' lang='grc' dir='ltr'>δι-</span> 
     </span>
    </p>
   </div>
   <div class='ocr_carea' id='block_1_32' title="bbox 566 3254 2141 3333">
    <p class='ocr_par' dir='ltr' id='par_1_32' title="bbox 566 3254 2141 3333">
     <span class='ocr_line' id='line_1_32' title="bbox 566 3254 2141 3333; baseline 0.004 -24"><span class='ocrx_word' id='word_1_250' title='bbox 566 3258 840 3326; x_wconf 71' lang='grc' dir='ltr'>ελέγξατε·</span> <span class='ocrx_word' id='word_1_251' title='bbox 872 3259 977 3310; x_wconf 85' lang='grc' dir='ltr'>τίνι</span> <span class='ocrx_word' id='word_1_252' title='bbox 1001 3254 1091 3311; x_wconf 73' lang='grc' dir='ltr'>οὖν</span> <span class='ocrx_word' id='word_1_253' title='bbox 1122 3259 1186 3312; x_wconf 78' lang='grc' dir='ltr'>ἄν</span> <span class='ocrx_word' id='word_1_254' title='bbox 1216 3276 1296 3321; x_wconf 85' lang='grc' dir='ltr'>τις</span> <span class='ocrx_word' id='word_1_255' title='bbox 1326 3260 1491 3322; x_wconf 83' lang='grc' dir='ltr'>αὑτὰς</span> <span class='ocrx_word' id='word_1_256' title='bbox 1520 3262 1855 3329; x_wconf 79' lang='grc' dir='ltr'>παραδάλοι;</span> <span class='ocrx_word' id='word_1_257' title='bbox 1890 3264 2009 3315; x_wconf 85' lang='grc' dir='ltr'>οὑδέ</span> <span class='ocrx_word' id='word_1_258' title='bbox 2035 3263 2141 3333; x_wconf 82' lang='grc' dir='ltr'>γάρ</span> 
     </span>
    </p>
   </div>
   <div class='ocr_carea' id='block_1_33' title="bbox 566 3347 2143 3421">
    <p class='ocr_par' dir='ltr' id='par_1_33' title="bbox 566 3347 2143 3421">
     <span class='ocr_line' id='line_1_33' title="bbox 566 3347 2143 3421; baseline 0.002 -20"><span class='ocrx_word' id='word_1_259' title='bbox 566 3351 724 3419; x_wconf 72' lang='grc' dir='ltr'>ἀρκεῖ</span> <span class='ocrx_word' id='word_1_260' title='bbox 749 3350 811 3400; x_wconf 85' lang='grc' dir='ltr'>τὰ</span> <span class='ocrx_word' id='word_1_261' title='bbox 836 3350 952 3418; x_wconf 89' lang='grc' dir='ltr'>είρη</span> <span class='ocrx_word' id='word_1_262' title='bbox 964 3350 1097 3416; x_wconf 85' lang='grc' dir='ltr'>μένα</span> <span class='ocrx_word' id='word_1_263' title='bbox 1121 3349 1289 3413; x_wconf 82' lang='grc' dir='ltr'>δεῖξαι</span> <span class='ocrx_word' id='word_1_264' title='bbox 1313 3350 1490 3401; x_wconf 87' lang='grc' dir='ltr'>αὐτῶν</span> <span class='ocrx_word' id='word_1_265' title='bbox 1514 3353 1611 3418; x_wconf 85' lang='grc' dir='ltr'>τὴν</span> <span class='ocrx_word' id='word_1_266' title='bbox 1636 3352 1947 3420; x_wconf 86' lang='grc' dir='ltr'>ἀθλιότητα.</span> <span class='ocrx_word' id='word_1_267' title='bbox 1974 3347 2143 3421; x_wconf 75' lang='grc' dir='ltr'>Εὗρον</span> 
     </span>
    </p>
   </div>
   <div class='ocr_carea' id='block_1_34' title="bbox 566 3440 2143 3513">
    <p class='ocr_par' dir='ltr' id='par_1_34' title="bbox 566 3440 2143 3513">
     <span class='ocr_line' id='line_1_34' title="bbox 566 3440 2143 3513; baseline 0 -18"><span class='ocrx_word' id='word_1_268' title='bbox 566 3442 660 3495; x_wconf 77' lang='grc' dir='ltr'>καὶ</span> <span class='ocrx_word' id='word_1_269' title='bbox 704 3441 896 3511; x_wconf 80' lang='grc' dir='ltr'>ἑτέραν</span> <span class='ocrx_word' id='word_1_270' title='bbox 931 3440 1132 3494; x_wconf 90' lang='grc' dir='ltr'>είκόνα.</span> <span class='ocrx_word' id='word_1_271' title='bbox 1164 3442 1299 3492; x_wconf 78' lang='grc' dir='ltr'>Τίνα</span> <span class='ocrx_word' id='word_1_272' title='bbox 1346 3440 1409 3510; x_wconf 79' lang='grc' dir='ltr'>δὴ</span> <span class='ocrx_word' id='word_1_273' title='bbox 1456 3441 1692 3510; x_wconf 83' lang='grc' dir='ltr'>ταύτην;</span> <span class='ocrx_word' id='word_1_274' title='bbox 1733 3442 2001 3513; x_wconf 78' lang='grc' dir='ltr'>Καθάπερ</span> <span class='ocrx_word' id='word_1_275' title='bbox 2050 3445 2143 3495; x_wconf 73' lang='grc' dir='ltr'>ἐπὶ</span> 
     </span>
    </p>
   </div>
   <div class='ocr_carea' id='block_1_35' title="bbox 566 3529 2138 3603">
    <p class='ocr_par' dir='ltr' id='par_1_35' title="bbox 566 3529 2138 3603">
     <span class='ocr_line' id='line_1_35' title="bbox 566 3529 2138 3603; baseline 0.001 -20"><span class='ocrx_word' id='word_1_276' title='bbox 566 3530 674 3584; x_wconf 84' lang='grc' dir='ltr'>τῶν</span> <span class='ocrx_word' id='word_1_277' title='bbox 702 3529 932 3599; x_wconf 84' lang='grc' dir='ltr'>ἀμαρῶν</span> <span class='ocrx_word' id='word_1_278' title='bbox 959 3530 1086 3582; x_wconf 81' lang='grc' dir='ltr'>ἔνθα</span> <span class='ocrx_word' id='word_1_279' title='bbox 1126 3530 1308 3581; x_wconf 71' lang='grc' dir='ltr'>πολλοὶ</span> <span class='ocrx_word' id='word_1_280' title='bbox 1343 3532 1388 3582; x_wconf 88' lang='grc' dir='ltr'>οἱ</span> <span class='ocrx_word' id='word_1_281' title='bbox 1423 3532 1645 3599; x_wconf 71' lang='grc' dir='ltr'>φορυτοὶ</span> <span class='ocrx_word' id='word_1_282' title='bbox 1669 3532 1899 3602; x_wconf 86' lang='grc' dir='ltr'>κόπρου,</span> <span class='ocrx_word' id='word_1_283' title='bbox 1923 3534 2138 3603; x_wconf 84' lang='grc' dir='ltr'>χόρτου,</span> 
     </span>
    </p>
   </div>
   <div class='ocr_carea' id='block_1_36' title="bbox 1310 317 3178 382">
    <p class='ocr_par' dir='ltr' id='par_1_36' title="bbox 1310 317 3178 382">
     <span class='ocr_line' id='line_1_36' title="bbox 1310 317 3178 382; baseline -0.002 -1"><span class='ocrx_word' id='word_1_284' title='bbox 1310 326 1369 382; x_wconf 85' lang='grc'>5.</span> <span class='ocrx_word' id='word_1_285' title='bbox 1409 324 1699 381; x_wconf 74' lang='lat' dir='ltr'>JOANNIS</span> <span class='ocrx_word' id='word_1_286' title='bbox 1735 317 2229 381; x_wconf 67' lang='lat' dir='ltr'>CIIIWSOSTOMI</span> <span class='ocrx_word' id='word_1_287' title='bbox 2268 318 2588 376; x_wconf 76' lang='lat' dir='ltr'>AHCHIEP.</span> <span class='ocrx_word' id='word_1_288' title='bbox 2630 317 3178 378; x_wconf 75' lang='lat' dir='ltr'>CONSTANTINOP.</span> 
     </span>
    </p>
   </div>
   <div class='ocr_carea' id='block_1_37' title="bbox 3724 326 3828 380">
    <p class='ocr_par' dir='ltr' id='par_1_37' title="bbox 3724 326 3828 380">
     <span class='ocr_line' id='line_1_37' title="bbox 3724 326 3828 380; baseline -0.01 0"><span class='ocrx_word' id='word_1_289' title='bbox 3724 326 3828 380; x_wconf 71' lang='grc'>400</span> 
     </span>
    </p>
   </div>
   <div class='ocr_carea' id='block_1_38' title="bbox 2256 434 3831 508">
    <p class='ocr_par' dir='ltr' id='par_1_38' title="bbox 2256 434 3831 508">
     <span class='ocr_line' id='line_1_38' title="bbox 2256 434 3831 508; baseline 0.004 -23"><span class='ocrx_word' id='word_1_290' title='bbox 2256 436 2527 503; x_wconf 85' lang='grc' dir='ltr'>καλάμης,</span> <span class='ocrx_word' id='word_1_291' title='bbox 2551 434 2731 500; x_wconf 50' lang='lat' dir='ltr'>“om,</span> <span class='ocrx_word' id='word_1_292' title='bbox 2758 435 2951 504; x_wconf 88' lang='grc' dir='ltr'>πηλοῦ,</span> <span class='ocrx_word' id='word_1_293' title='bbox 2980 436 3221 503; x_wconf 81' lang='grc' dir='ltr'>συνεχεῖς</span> <span class='ocrx_word' id='word_1_294' title='bbox 3246 434 3547 508; x_wconf 79' lang='grc' dir='ltr'>ὲμφράξεις</span> <span class='ocrx_word' id='word_1_295' title='bbox 3571 438 3831 505; x_wconf 85' lang='grc' dir='ltr'>γίνονται,</span> 
     </span>
    </p>
   </div>
   <div class='ocr_carea' id='block_1_39' title="bbox 2254 524 3833 602">
    <p class='ocr_par' dir='ltr' id='par_1_39' title="bbox 2254 524 3833 602">
     <span class='ocr_line' id='line_1_39' title="bbox 2254 524 3833 602; baseline 0.005 -26"><span class='ocrx_word' id='word_1_296' title='bbox 2254 524 2345 577; x_wconf 76' lang='grc' dir='ltr'>καὶ</span> <span class='ocrx_word' id='word_1_297' title='bbox 2398 524 2784 595; x_wconf 80' lang='grc' dir='ltr'>ὑπερεκχεῖται</span> <span class='ocrx_word' id='word_1_298' title='bbox 2830 537 2855 565; x_wconf 75' lang='grc' dir='ltr'>ι</span> <span class='ocrx_word' id='word_1_299' title='bbox 2898 525 3085 578; x_wconf 77' lang='grc' dir='ltr'>λοιπὸν</span> <span class='ocrx_word' id='word_1_300' title='bbox 3115 526 3322 580; x_wconf 79' lang='grc' dir='ltr'>ἀνωθεν</span> <span class='ocrx_word' id='word_1_301' title='bbox 3366 530 3398 599; x_wconf 86' lang='grc' dir='ltr'><strong>ή</strong></span> <span class='ocrx_word' id='word_1_302' title='bbox 3439 527 3534 581; x_wconf 84' lang='grc' dir='ltr'>τοῦ</span> <span class='ocrx_word' id='word_1_303' title='bbox 3568 529 3833 602; x_wconf 75' lang='grc' dir='ltr'>βορὸὀρου</span> 
     </span>
    </p>
   </div>
   <div class='ocr_carea' id='block_1_40' title="bbox 2253 614 3830 693">
    <p class='ocr_par' dir='ltr' id='par_1_40' title="bbox 2253 614 3830 693">
     <span class='ocr_line' id='line_1_40' title="bbox 2253 614 3830 693; baseline 0.004 -26"><span class='ocrx_word' id='word_1_304' title='bbox 2253 615 2422 686; x_wconf 75' lang='grc' dir='ltr'>ῥύμη·</span> <span class='ocrx_word' id='word_1_305' title='bbox 2466 614 2608 669; x_wconf 80' lang='grc' dir='ltr'>οὕτω</span> <span class='ocrx_word' id='word_1_306' title='bbox 2644 616 2737 668; x_wconf 64' lang='grc' dir='ltr'>καὶ</span> <span class='ocrx_word' id='word_1_307' title='bbox 2770 616 2863 669; x_wconf 70' lang='grc' dir='ltr'>ἐπὶ</span> <span class='ocrx_word' id='word_1_308' title='bbox 2900 616 2999 687; x_wconf 81' lang='grc' dir='ltr'>τῆς</span> <span class='ocrx_word' id='word_1_309' title='bbox 3036 617 3241 671; x_wconf 90' lang='grc' dir='ltr'>τούτων</span> <span class='ocrx_word' id='word_1_310' title='bbox 3279 620 3482 684; x_wconf 79' lang='grc' dir='ltr'>κοιλίας</span> <span class='ocrx_word' id='word_1_311' title='bbox 3516 623 3830 693; x_wconf 67' lang='grc' dir='ltr'>συμϐαίνει·</span> 
     </span>
    </p>
   </div>
   <div class='ocr_carea' id='block_1_41' title="bbox 2254 706 3835 781">
    <p class='ocr_par' dir='ltr' id='par_1_41' title="bbox 2254 706 3835 781">
     <span class='ocr_line' id='line_1_41' title="bbox 2254 706 3835 781; baseline 0.002 -19"><span class='ocrx_word' id='word_1_312' title='bbox 2254 706 2633 779; x_wconf 80' lang='grc' dir='ltr'>φραττομένης</span> <span class='ocrx_word' id='word_1_313' title='bbox 2658 708 2766 778; x_wconf 88' lang='grc' dir='ltr'>γὰρ</span> <span class='ocrx_word' id='word_1_314' title='bbox 2804 710 2973 781; x_wconf 80' lang='grc' dir='ltr'>αὐτῆς</span> <span class='ocrx_word' id='word_1_315' title='bbox 3005 710 3269 774; x_wconf 85' lang='grc' dir='ltr'>κάτωθεν,</span> <span class='ocrx_word' id='word_1_316' title='bbox 3302 713 3506 766; x_wconf 79' lang='grc' dir='ltr'>ἀνωθεν</span> <span class='ocrx_word' id='word_1_317' title='bbox 3539 713 3835 777; x_wconf 72' lang='grc' dir='ltr'>ἀναϐλύζει</span> 
     </span>
    </p>
   </div>
   <div class='ocr_carea' id='block_1_42' title="bbox 2251 797 3834 873">
    <p class='ocr_par' dir='ltr' id='par_1_42' title="bbox 2251 797 3834 873">
     <span class='ocr_line' id='line_1_42' title="bbox 2251 797 3834 873; baseline 0.003 -23"><span class='ocrx_word' id='word_1_318' title='bbox 2251 800 2321 851; x_wconf 80' lang='grc' dir='ltr'>τὰ</span> <span class='ocrx_word' id='word_1_319' title='bbox 2365 797 2586 852; x_wconf 84' lang='grc' dir='ltr'>πλείονα</span> <span class='ocrx_word' id='word_1_320' title='bbox 2617 798 2727 852; x_wconf 86' lang='grc' dir='ltr'>τῶν</span> <span class='ocrx_word' id='word_1_321' title='bbox 2774 799 3029 870; x_wconf 84' lang='grc' dir='ltr'>πονηρῶν</span> <span class='ocrx_word' id='word_1_322' title='bbox 3066 799 3273 854; x_wconf 84' lang='grc' dir='ltr'>τούτων</span> <span class='ocrx_word' id='word_1_323' title='bbox 3314 803 3630 873; x_wconf 72' lang='grc' dir='ltr'>ῥευμάτων.</span> <span class='ocrx_word' id='word_1_324' title='bbox 3688 802 3834 855; x_wconf 72' lang='grc' dir='ltr'>Ἀλλ’</span> 
     </span>
    </p>
   </div>
   <div class='ocr_carea' id='block_1_43' title="bbox 2251 890 3836 966">
    <p class='ocr_par' dir='ltr' id='par_1_43' title="bbox 2251 890 3836 966">
     <span class='ocr_line' id='line_1_43' title="bbox 2251 890 3836 966; baseline 0.003 -23"><span class='ocrx_word' id='word_1_325' title='bbox 2251 890 2351 944; x_wconf 89' lang='grc' dir='ltr'>οὐκ</span> <span class='ocrx_word' id='word_1_326' title='bbox 2373 890 2463 944; x_wconf 73' lang='grc' dir='ltr'>ἐπὶ</span> <span class='ocrx_word' id='word_1_327' title='bbox 2485 890 2592 945; x_wconf 87' lang='grc' dir='ltr'>τῶν</span> <span class='ocrx_word' id='word_1_328' title='bbox 2615 892 2862 962; x_wconf 80' lang='grc' dir='ltr'>πενήτων</span> <span class='ocrx_word' id='word_1_329' title='bbox 2889 890 3062 955; x_wconf 78' lang='grc' dir='ltr'>οὕτως</span> <span class='ocrx_word' id='word_1_330' title='bbox 3104 892 3215 945; x_wconf 85' lang='grc' dir='ltr'>ἀλλ’</span> <span class='ocrx_word' id='word_1_331' title='bbox 3238 891 3427 965; x_wconf 81' lang='grc' dir='ltr'>ὥσπερ</span> <span class='ocrx_word' id='word_1_332' title='bbox 3450 895 3590 948; x_wconf 87' lang='grc' dir='ltr'>αἱτά</span> <span class='ocrx_word' id='word_1_333' title='bbox 3613 895 3836 966; x_wconf 84' lang='grc' dir='ltr'>καθαρά</span> 
     </span>
    </p>
   </div>
   <div class='ocr_carea' id='block_1_44' title="bbox 2253 982 3836 1056">
    <p class='ocr_par' dir='ltr' id='par_1_44' title="bbox 2253 982 3836 1056">
     <span class='ocr_line' id='line_1_44' title="bbox 2253 982 3836 1056; baseline 0.005 -23"><span class='ocrx_word' id='word_1_334' title='bbox 2253 982 2580 1053; x_wconf 84' lang='grc' dir='ltr'>προχέουσαι</span> <span class='ocrx_word' id='word_1_335' title='bbox 2612 984 2804 1054; x_wconf 77' lang='grc' dir='ltr'>ῥεῖθρα</span> <span class='ocrx_word' id='word_1_336' title='bbox 2844 983 3040 1054; x_wconf 84' lang='grc' dir='ltr'>πηγαὶ,</span> <span class='ocrx_word' id='word_1_337' title='bbox 3075 985 3169 1036; x_wconf 81' lang='grc' dir='ltr'>καὶ</span> <span class='ocrx_word' id='word_1_338' title='bbox 3201 985 3411 1056; x_wconf 82' lang='grc' dir='ltr'>κήπους</span> <span class='ocrx_word' id='word_1_339' title='bbox 3437 986 3697 1054; x_wconf 79' lang='grc' dir='ltr'>ἄρδουσαι</span> <span class='ocrx_word' id='word_1_340' title='bbox 3737 990 3836 1041; x_wconf 76' lang='grc' dir='ltr'>καὶ</span> 
     </span>
    </p>
   </div>
   <div class='ocr_carea' id='block_1_45' title="bbox 2253 1072 3835 1145">
    <p class='ocr_par' dir='ltr' id='par_1_45' title="bbox 2253 1072 3835 1145">
     <span class='ocr_line' id='line_1_45' title="bbox 2253 1072 3835 1145; baseline 0.004 -20"><span class='ocrx_word' id='word_1_341' title='bbox 2253 1072 2634 1143; x_wconf 86' lang='grc' dir='ltr'>παραδείσους,</span> <span class='ocrx_word' id='word_1_342' title='bbox 2664 1073 2807 1127; x_wconf 78' lang='grc' dir='ltr'>οὕτω</span> <span class='ocrx_word' id='word_1_343' title='bbox 2844 1074 2938 1128; x_wconf 80' lang='grc' dir='ltr'>καὶ</span> <span class='ocrx_word' id='word_1_344' title='bbox 2980 1075 3035 1127; x_wconf 89' lang='grc' dir='ltr'>αἱ</span> <span class='ocrx_word' id='word_1_345' title='bbox 3061 1074 3269 1128; x_wconf 89' lang='grc' dir='ltr'>τούτων</span> <span class='ocrx_word' id='word_1_346' title='bbox 3300 1076 3565 1145; x_wconf 70' lang='grc' dir='ltr'>γαστάρες</span> <span class='ocrx_word' id='word_1_347' title='bbox 3597 1079 3706 1130; x_wconf 75' lang='grc' dir='ltr'>εἰσὶ</span> <span class='ocrx_word' id='word_1_348' title='bbox 3736 1096 3835 1131; x_wconf 82' lang='grc' dir='ltr'>κα-</span> 
     </span>
    </p>
   </div>
   <div class='ocr_carea' id='block_1_46' title="bbox 2253 1146 3837 1237">
    <p class='ocr_par' dir='ltr' id='par_1_46' title="bbox 2253 1146 3837 1237">
     <span class='ocr_line' id='line_1_46' title="bbox 2253 1146 3837 1237; baseline 0.003 -20"><span class='ocrx_word' id='word_1_349' title='bbox 2253 1164 2415 1234; x_wconf 64' lang='grc' dir='ltr'>θαραλ⁵</span> <span class='ocrx_word' id='word_1_350' title='bbox 2438 1162 2545 1217; x_wconf 84' lang='grc' dir='ltr'>τῶν</span> <span class='ocrx_word' id='word_1_351' title='bbox 2565 1146 3320 1236; x_wconf 77' lang='grc' dir='ltr'>τοιούτωνπεριττευμάτων.</span> <span class='ocrx_word' id='word_1_352' title='bbox 3357 1167 3499 1221; x_wconf 85' lang='grc' dir='ltr'>Ἀλλ’</span> <span class='ocrx_word' id='word_1_353' title='bbox 3520 1170 3618 1237; x_wconf 84' lang='grc' dir='ltr'>οὐχ</span> <span class='ocrx_word' id='word_1_354' title='bbox 3645 1169 3700 1223; x_wconf 83' lang='grc' dir='ltr'>αί</span> <span class='ocrx_word' id='word_1_355' title='bbox 3726 1169 3837 1222; x_wconf 84' lang='grc' dir='ltr'>τῶν</span> 
     </span>
    </p>
   </div>
   <div class='ocr_carea' id='block_1_47' title="bbox 2254 1252 3839 1326">
    <p class='ocr_par' dir='ltr' id='par_1_47' title="bbox 2254 1252 3839 1326">
     <span class='ocr_line' id='line_1_47' title="bbox 2254 1252 3839 1326; baseline 0.004 -22"><span class='ocrx_word' id='word_1_356' title='bbox 2254 1252 2646 1317; x_wconf 87' lang='grc' dir='ltr'>πλουτούντων,</span> <span class='ocrx_word' id='word_1_357' title='bbox 2680 1254 2878 1324; x_wconf 78' lang='grc' dir='ltr'>μᾶλλον</span> <span class='ocrx_word' id='word_1_358' title='bbox 2914 1254 2971 1307; x_wconf 84' lang='grc' dir='ltr'>δέ</span> <span class='ocrx_word' id='word_1_359' title='bbox 3010 1255 3362 1326; x_wconf 79' lang='grc' dir='ltr'>τρυφώντων,</span> <span class='ocrx_word' id='word_1_360' title='bbox 3393 1257 3660 1323; x_wconf 84' lang='grc' dir='ltr'>τοιαῦται,</span> <span class='ocrx_word' id='word_1_361' title='bbox 3697 1258 3839 1310; x_wconf 82' lang='grc' dir='ltr'>ἀλλά</span> 
     </span>
    </p>
   </div>
   <div class='ocr_carea' id='block_1_48' title="bbox 2253 1342 3840 1418">
    <p class='ocr_par' dir='ltr' id='par_1_48' title="bbox 2253 1342 3840 1418">
     <span class='ocr_line' id='line_1_48' title="bbox 2253 1342 3840 1418; baseline 0.004 -24"><span class='ocrx_word' id='word_1_362' title='bbox 2253 1342 2462 1413; x_wconf 84' lang='grc' dir='ltr'>χυμῶν,</span> <span class='ocrx_word' id='word_1_363' title='bbox 2492 1342 2834 1414; x_wconf 81' lang='grc' dir='ltr'>φλεγμάτων,</span> <span class='ocrx_word' id='word_1_364' title='bbox 2856 1345 3038 1415; x_wconf 86' lang='grc' dir='ltr'>χολῆς,</span> <span class='ocrx_word' id='word_1_365' title='bbox 3063 1346 3294 1416; x_wconf 79' lang='grc' dir='ltr'>αἵματος</span> <span class='ocrx_word' id='word_1_366' title='bbox 3322 1346 3686 1418; x_wconf 76' lang='grc' dir='ltr'>διεφθορότος,</span> <span class='ocrx_word' id='word_1_367' title='bbox 3714 1348 3840 1418; x_wconf 75' lang='grc' dir='ltr'>ρεύ·</span> 
     </span>
    </p>
   </div>
   <div class='ocr_carea' id='block_1_49' title="bbox 2258 1436 3838 1505">
    <p class='ocr_par' dir='ltr' id='par_1_49' title="bbox 2258 1436 3838 1505">
     <span class='ocr_line' id='line_1_49' title="bbox 2258 1436 3838 1505; baseline 0.004 -19"><span class='ocrx_word' id='word_1_368' title='bbox 2258 1450 2424 1503; x_wconf 82' lang='grc' dir='ltr'>ματος</span> <span class='ocrx_word' id='word_1_369' title='bbox 2467 1436 2784 1505; x_wconf 76' lang='grc' dir='ltr'>σεσηπότας,</span> <span class='ocrx_word' id='word_1_370' title='bbox 2819 1436 2913 1489; x_wconf 73' lang='grc' dir='ltr'>καὶ</span> <span class='ocrx_word' id='word_1_371' title='bbox 2946 1436 3055 1489; x_wconf 90' lang='grc' dir='ltr'>τῶν</span> <span class='ocrx_word' id='word_1_372' title='bbox 3088 1438 3261 1492; x_wconf 79' lang='grc' dir='ltr'>ἄλλων</span> <span class='ocrx_word' id='word_1_373' title='bbox 3290 1437 3400 1491; x_wconf 85' lang='grc' dir='ltr'>τῶν</span> <span class='ocrx_word' id='word_1_374' title='bbox 3437 1438 3693 1491; x_wconf 82' lang='grc' dir='ltr'>τοιούτων</span> <span class='ocrx_word' id='word_1_375' title='bbox 3726 1441 3838 1492; x_wconf 70' lang='grc' dir='ltr'>εἰσὶ</span> 
     </span>
    </p>
   </div>
   <div class='ocr_carea' id='block_1_50' title="bbox 2256 1526 3832 1601">
    <p class='ocr_par' dir='ltr' id='par_1_50' title="bbox 2256 1526 3832 1601">
     <span class='ocr_line' id='line_1_50' title="bbox 2256 1526 3832 1601; baseline 0.004 -23"><span class='ocrx_word' id='word_1_376' title='bbox 2256 1526 2699 1596; x_wconf 88' lang='grc' dir='ltr'>πεπληρωμέναι.</span> <span class='ocrx_word' id='word_1_377' title='bbox 2724 1527 2925 1599; x_wconf 86' lang='grc' dir='ltr'>Διόπερ</span> <span class='ocrx_word' id='word_1_378' title='bbox 2945 1528 3119 1593; x_wconf 82' lang='grc' dir='ltr'>οὐδεὶς</span> <span class='ocrx_word' id='word_1_379' title='bbox 3145 1528 3247 1582; x_wconf 78' lang='grc' dir='ltr'>κᾶν</span> <span class='ocrx_word' id='word_1_380' title='bbox 3270 1529 3406 1601; x_wconf 84' lang='grc' dir='ltr'>πρὸς</span> <span class='ocrx_word' id='word_1_381' title='bbox 3437 1529 3643 1601; x_wconf 75' lang='grc' dir='ltr'>βραχὺν</span> <span class='ocrx_word' id='word_1_382' title='bbox 3668 1533 3832 1601; x_wconf 81' lang='grc' dir='ltr'>ἀρκέ-</span> 
     </span>
    </p>
   </div>
   <div class='ocr_carea' id='block_1_51' title="bbox 2255 1617 3837 1695">
    <p class='ocr_par' dir='ltr' id='par_1_51' title="bbox 2255 1617 3837 1695">
     <span class='ocr_line' id='line_1_51' title="bbox 2255 1617 3837 1695; baseline 0.005 -26"><span class='ocrx_word' id='word_1_383' title='bbox 2255 1633 2339 1669; x_wconf 91' lang='grc' dir='ltr'>σει</span> <span class='ocrx_word' id='word_1_384' title='bbox 2372 1617 2562 1687; x_wconf 87' lang='grc' dir='ltr'>χρόνον</span> <span class='ocrx_word' id='word_1_385' title='bbox 2594 1618 2883 1682; x_wconf 85' lang='grc' dir='ltr'>διαπαντὸς</span> <span class='ocrx_word' id='word_1_386' title='bbox 2926 1621 2985 1672; x_wconf 87' lang='grc' dir='ltr'>ἐν</span> <span class='ocrx_word' id='word_1_387' title='bbox 3015 1624 3193 1693; x_wconf 78' lang='grc' dir='ltr'>τρυφῇ</span> <span class='ocrx_word' id='word_1_388' title='bbox 3234 1620 3365 1689; x_wconf 78' lang='grc' dir='ltr'>ζῶν,</span> <span class='ocrx_word' id='word_1_389' title='bbox 3412 1623 3529 1676; x_wconf 79' lang='grc' dir='ltr'>ἀλλ’</span> <span class='ocrx_word' id='word_1_390' title='bbox 3558 1625 3615 1675; x_wconf 91' lang='grc' dir='ltr'>ἐν</span> <span class='ocrx_word' id='word_1_391' title='bbox 3645 1624 3837 1695; x_wconf 77' lang='grc' dir='ltr'>ἀρρω-</span> 
     </span>
    </p>
   </div>
   <div class='ocr_carea' id='block_1_52' title="bbox 2254 1708 3841 1785">
    <p class='ocr_par' dir='ltr' id='par_1_52' title="bbox 2254 1708 3841 1785">
     <span class='ocr_line' id='line_1_52' title="bbox 2254 1708 3841 1785; baseline 0.004 -24"><span class='ocrx_word' id='word_1_392' title='bbox 2254 1709 2428 1772; x_wconf 89' lang='grc' dir='ltr'>στίαις</span> <span class='ocrx_word' id='word_1_393' title='bbox 2463 1708 2725 1779; x_wconf 84' lang='grc' dir='ltr'>βιώσεται</span> <span class='ocrx_word' id='word_1_394' title='bbox 2752 1709 3042 1780; x_wconf 82' lang='grc' dir='ltr'>διηνεκέσι.</span> <span class='ocrx_word' id='word_1_395' title='bbox 3073 1713 3163 1765; x_wconf 87' lang='grc' dir='ltr'>Διὸ</span> <span class='ocrx_word' id='word_1_396' title='bbox 3185 1712 3279 1765; x_wconf 76' lang='grc' dir='ltr'>καὶ</span> <span class='ocrx_word' id='word_1_397' title='bbox 3313 1713 3484 1783; x_wconf 79' lang='grc' dir='ltr'>ἡδέως</span> <span class='ocrx_word' id='word_1_398' title='bbox 3512 1713 3577 1767; x_wconf 82' lang='grc' dir='ltr'>ἂν</span> <span class='ocrx_word' id='word_1_399' title='bbox 3618 1715 3841 1785; x_wconf 72' lang='grc' dir='ltr'>ἠρόμην</span> 
     </span>
    </p>
   </div>
   <div class='ocr_carea' id='block_1_53' title="bbox 2250 1801 3840 1877">
    <p class='ocr_par' dir='ltr' id='par_1_53' title="bbox 2250 1801 3840 1877">
     <span class='ocr_line' id='line_1_53' title="bbox 2250 1801 3840 1877; baseline 0.004 -24"><span class='ocrx_word' id='word_1_400' title='bbox 2250 1801 2465 1868; x_wconf 73' lang='grc' dir='ltr'>αὐτοὺς,</span> <span class='ocrx_word' id='word_1_401' title='bbox 2494 1801 2636 1865; x_wconf 84' lang='grc' dir='ltr'>τίνος</span> <span class='ocrx_word' id='word_1_402' title='bbox 2664 1802 2850 1855; x_wconf 72' lang='grc' dir='ltr'>ἕνεκεν</span> <span class='ocrx_word' id='word_1_403' title='bbox 2880 1802 2946 1855; x_wconf 89' lang='grc' dir='ltr'>τά</span> <span class='ocrx_word' id='word_1_404' title='bbox 2978 1803 3120 1855; x_wconf 83' lang='grc' dir='ltr'>σιτία</span> <span class='ocrx_word' id='word_1_405' title='bbox 3151 1804 3359 1858; x_wconf 85' lang='grc' dir='ltr'>δέδοται</span> <span class='ocrx_word' id='word_1_406' title='bbox 3378 1820 3391 1833; x_wconf 88' lang='lat'><strong>&#39;</strong></span> <span class='ocrx_word' id='word_1_407' title='bbox 3419 1805 3507 1858; x_wconf 83' lang='grc' dir='ltr'>ἶνα</span> <span class='ocrx_word' id='word_1_408' title='bbox 3524 1806 3840 1877; x_wconf 79' lang='grc' dir='ltr'>φθειρώμεο</span> 
     </span>
    </p>
   </div>
   <div class='ocr_carea' id='block_1_54' title="bbox 2254 1892 3839 1966">
    <p class='ocr_par' dir='ltr' id='par_1_54' title="bbox 2254 1892 3839 1966">
     <span class='ocr_line' id='line_1_54' title="bbox 2254 1892 3839 1966; baseline 0.003 -22"><span class='ocrx_word' id='word_1_409' title='bbox 2254 1893 2343 1955; x_wconf 88' lang='grc' dir='ltr'>θα,</span> <span class='ocrx_word' id='word_1_410' title='bbox 2386 1893 2418 1963; x_wconf 81' lang='grc' dir='ltr'><strong>ἦ</strong></span> <span class='ocrx_word' id='word_1_411' title='bbox 2453 1892 2541 1945; x_wconf 78' lang='grc' dir='ltr'>ἵνα</span> <span class='ocrx_word' id='word_1_412' title='bbox 2569 1892 2929 1963; x_wconf 80' lang='grc' dir='ltr'>τρεφώμεθα;</span> <span class='ocrx_word' id='word_1_413' title='bbox 2962 1895 3047 1947; x_wconf 83' lang='grc' dir='ltr'>ἵνα</span> <span class='ocrx_word' id='word_1_414' title='bbox 3073 1893 3339 1963; x_wconf 87' lang='grc' dir='ltr'>νοσῶμεν,</span> <span class='ocrx_word' id='word_1_415' title='bbox 3371 1896 3403 1966; x_wconf 76' lang='grc' dir='ltr'>ἢ</span> <span class='ocrx_word' id='word_1_416' title='bbox 3443 1897 3529 1962; x_wconf 75' lang='grc' dir='ltr'>ἶνα</span> <span class='ocrx_word' id='word_1_417' title='bbox 3578 1898 3839 1965; x_wconf 59' lang='grc' dir='ltr'>ὑγιαίνω⁴</span> 
     </span>
    </p>
   </div>
   <div class='ocr_carea' id='block_1_55' title="bbox 2255 1982 3837 2055">
    <p class='ocr_par' dir='ltr' id='par_1_55' title="bbox 2255 1982 3837 2055">
     <span class='ocr_line' id='line_1_55' title="bbox 2255 1982 3837 2055; baseline 0.003 -22"><span class='ocrx_word' id='word_1_418' title='bbox 2255 1998 2393 2051; x_wconf 88' lang='grc' dir='ltr'>μεν;</span> <span class='ocrx_word' id='word_1_419' title='bbox 2434 1982 2521 2035; x_wconf 87' lang='grc' dir='ltr'>’ίνα</span> <span class='ocrx_word' id='word_1_420' title='bbox 2556 1982 2895 2052; x_wconf 86' lang='grc' dir='ltr'>ἀσθενῶμεν,</span> <span class='ocrx_word' id='word_1_421' title='bbox 2943 1984 2973 2053; x_wconf 80' lang='grc' dir='ltr'>ἢ</span> <span class='ocrx_word' id='word_1_422' title='bbox 3011 1984 3098 2038; x_wconf 81' lang='grc' dir='ltr'>ἴνα</span> <span class='ocrx_word' id='word_1_423' title='bbox 3132 1983 3444 2055; x_wconf 85' lang='grc' dir='ltr'>ίσχύωμεν;</span> <span class='ocrx_word' id='word_1_424' title='bbox 3484 1986 3718 2054; x_wconf 73' lang='grc' dir='ltr'>Εὔδηλον</span> <span class='ocrx_word' id='word_1_425' title='bbox 3752 1989 3837 2038; x_wconf 74' lang='grc' dir='ltr'>ὃτι</span> 
     </span>
    </p>
   </div>
   <div class='ocr_carea' id='block_1_56' title="bbox 2250 2070 3838 2143">
    <p class='ocr_par' dir='ltr' id='par_1_56' title="bbox 2250 2070 3838 2143">
     <span class='ocr_line' id='line_1_56' title="bbox 2250 2070 3838 2143; baseline 0.004 -20"><span class='ocrx_word' id='word_1_426' title='bbox 2250 2070 2339 2124; x_wconf 78' lang='grc' dir='ltr'>διὰ</span> <span class='ocrx_word' id='word_1_427' title='bbox 2368 2072 2572 2142; x_wconf 77' lang='grc' dir='ltr'>τροφὴν</span> <span class='ocrx_word' id='word_1_428' title='bbox 2598 2073 2689 2124; x_wconf 78' lang='grc' dir='ltr'>καὶ</span> <span class='ocrx_word' id='word_1_429' title='bbox 2713 2072 2898 2139; x_wconf 84' lang='grc' dir='ltr'>ὑγείαν</span> <span class='ocrx_word' id='word_1_430' title='bbox 2928 2074 3019 2125; x_wconf 81' lang='grc' dir='ltr'>καὶ</span> <span class='ocrx_word' id='word_1_431' title='bbox 3046 2074 3217 2143; x_wconf 89' lang='grc' dir='ltr'>ίσχύν.</span> <span class='ocrx_word' id='word_1_432' title='bbox 3245 2075 3400 2138; x_wconf 83' lang='grc' dir='ltr'>Τίνος</span> <span class='ocrx_word' id='word_1_433' title='bbox 3430 2074 3521 2129; x_wconf 78' lang='grc' dir='ltr'>οὖν</span> <span class='ocrx_word' id='word_1_434' title='bbox 3542 2078 3727 2129; x_wconf 71' lang='grc' dir='ltr'>ἕνεκεν</span> <span class='ocrx_word' id='word_1_435' title='bbox 3755 2080 3838 2139; x_wconf 85' lang='grc' dir='ltr'>είς</span> 
     </span>
    </p>
   </div>
   <div class='ocr_carea' id='block_1_57' title="bbox 2250 2163 3837 2236">
    <p class='ocr_par' dir='ltr' id='par_1_57' title="bbox 2250 2163 3837 2236">
     <span class='ocr_line' id='line_1_57' title="bbox 2250 2163 3837 2236; baseline 0.003 -21"><span class='ocrx_word' id='word_1_436' title='bbox 2250 2163 2557 2215; x_wconf 86' lang='grc' dir='ltr'>τούναντίον</span> <span class='ocrx_word' id='word_1_437' title='bbox 2588 2163 2769 2225; x_wconf 88' lang='grc' dir='ltr'>αὐτοῖς</span> <span class='ocrx_word' id='word_1_438' title='bbox 2808 2164 3211 2236; x_wconf 78' lang='grc' dir='ltr'>ἀποκέχρησθε,</span> <span class='ocrx_word' id='word_1_439' title='bbox 3237 2167 3391 2221; x_wconf 86' lang='grc' dir='ltr'>νόσον</span> <span class='ocrx_word' id='word_1_440' title='bbox 3415 2169 3508 2220; x_wconf 79' lang='grc' dir='ltr'>καὶ</span> <span class='ocrx_word' id='word_1_441' title='bbox 3541 2170 3837 2221; x_wconf 84' lang='grc' dir='ltr'>ἀσθένειαν</span> 
     </span>
    </p>
   </div>
   <div class='ocr_carea' id='block_1_58' title="bbox 2250 2254 3839 2331">
    <p class='ocr_par' dir='ltr' id='par_1_58' title="bbox 2250 2254 3839 2331">
     <span class='ocr_line' id='line_1_58' title="bbox 2250 2254 3839 2331; baseline 0.004 -25"><span class='ocrx_word' id='word_1_442' title='bbox 2250 2254 2335 2307; x_wconf 86' lang='grc' dir='ltr'>διὰ</span> <span class='ocrx_word' id='word_1_443' title='bbox 2372 2255 2577 2307; x_wconf 84' lang='grc' dir='ltr'>τούτων</span> <span class='ocrx_word' id='word_1_444' title='bbox 2606 2255 3064 2327; x_wconf 81' lang='grc' dir='ltr'>δημιουργοῦντες</span> <span class='ocrx_word' id='word_1_445' title='bbox 3092 2258 3169 2327; x_wconf 81' lang='grc' dir='ltr'>τῷ</span> <span class='ocrx_word' id='word_1_446' title='bbox 3201 2258 3452 2330; x_wconf 87' lang='grc' dir='ltr'>σώματι;</span> <span class='ocrx_word' id='word_1_447' title='bbox 3496 2260 3637 2313; x_wconf 81' lang='grc' dir='ltr'>Ἀλλ’</span> <span class='ocrx_word' id='word_1_448' title='bbox 3669 2262 3770 2331; x_wconf 88' lang='grc' dir='ltr'>οὐχ</span> <span class='ocrx_word' id='word_1_449' title='bbox 3806 2262 3839 2312; x_wconf 84' lang='grc' dir='ltr'>ὁ</span> 
     </span>
    </p>
   </div>
   <div class='ocr_carea' id='block_1_59' title="bbox 2252 2345 3838 2419">
    <p class='ocr_par' dir='ltr' id='par_1_59' title="bbox 2252 2345 3838 2419">
     <span class='ocr_line' id='line_1_59' title="bbox 2252 2345 3838 2419; baseline 0.004 -23"><span class='ocrx_word' id='word_1_450' title='bbox 2252 2345 2443 2414; x_wconf 78' lang='grc' dir='ltr'>πένης,</span> <span class='ocrx_word' id='word_1_451' title='bbox 2467 2345 2581 2398; x_wconf 85' lang='grc' dir='ltr'>ἀλλ’</span> <span class='ocrx_word' id='word_1_452' title='bbox 2608 2347 2794 2414; x_wconf 81' lang='grc' dir='ltr'>ὑγείαν</span> <span class='ocrx_word' id='word_1_453' title='bbox 2824 2350 2914 2400; x_wconf 80' lang='grc' dir='ltr'>καὶ</span> <span class='ocrx_word' id='word_1_454' title='bbox 2946 2349 3245 2418; x_wconf 87' lang='grc' dir='ltr'>εὐρωστίαν</span> <span class='ocrx_word' id='word_1_455' title='bbox 3295 2352 3386 2402; x_wconf 76' lang='grc' dir='ltr'>καὶ</span> <span class='ocrx_word' id='word_1_456' title='bbox 3422 2352 3572 2419; x_wconf 78' lang='grc' dir='ltr'>ἰσχὺν</span> <span class='ocrx_word' id='word_1_457' title='bbox 3612 2352 3699 2403; x_wconf 81' lang='grc' dir='ltr'>διὰ</span> <span class='ocrx_word' id='word_1_458' title='bbox 3732 2353 3838 2418; x_wconf 83' lang='grc' dir='ltr'>τῆς</span> 
     </span>
    </p>
   </div>
   <div class='ocr_carea' id='block_1_60' title="bbox 2250 2439 3840 2513">
    <p class='ocr_par' dir='ltr' id='par_1_60' title="bbox 2250 2439 3840 2513">
     <span class='ocr_line' id='line_1_60' title="bbox 2250 2439 3840 2513; baseline 0.003 -23"><span class='ocrx_word' id='word_1_459' title='bbox 2250 2439 2399 2507; x_wconf 81' lang='grc' dir='ltr'>λιτῆς</span> <span class='ocrx_word' id='word_1_460' title='bbox 2448 2439 2666 2491; x_wconf 84' lang='grc' dir='ltr'>ὠνεῖται</span> <span class='ocrx_word' id='word_1_461' title='bbox 2704 2440 2927 2509; x_wconf 64' lang='grc' dir='ltr'>τροφῆς.</span> <span class='ocrx_word' id='word_1_462' title='bbox 2970 2442 3058 2510; x_wconf 75' lang='grc' dir='ltr'>Μὴ</span> <span class='ocrx_word' id='word_1_463' title='bbox 3085 2442 3147 2511; x_wconf 83' lang='grc' dir='ltr'>δὴ</span> <span class='ocrx_word' id='word_1_464' title='bbox 3180 2441 3329 2495; x_wconf 84' lang='grc' dir='ltr'>κλαῖε</span> <span class='ocrx_word' id='word_1_465' title='bbox 3374 2441 3459 2494; x_wconf 82' lang='grc' dir='ltr'>διὰ</span> <span class='ocrx_word' id='word_1_466' title='bbox 3495 2443 3681 2493; x_wconf 84' lang='grc' dir='ltr'>πενίαν</span> <span class='ocrx_word' id='word_1_467' title='bbox 3731 2443 3840 2513; x_wconf 74' lang='grc' dir='ltr'>τὴν</span> 
     </span>
    </p>
   </div>
   <div class='ocr_carea' id='block_1_61' title="bbox 2250 2530 3837 2603">
    <p class='ocr_par' dir='ltr' id='par_1_61' title="bbox 2250 2530 3837 2603">
     <span class='ocr_line' id='line_1_61' title="bbox 2250 2530 3837 2603; baseline 0.003 -21"><span class='ocrx_word' id='word_1_468' title='bbox 2250 2530 2438 2597; x_wconf 88' lang='grc' dir='ltr'>ὑγείας</span> <span class='ocrx_word' id='word_1_469' title='bbox 2467 2532 2697 2601; x_wconf 82' lang='grc' dir='ltr'>μητέρα,</span> <span class='ocrx_word' id='word_1_470' title='bbox 2740 2532 2875 2584; x_wconf 82' lang='grc' dir='ltr'>ἀλλά</span> <span class='ocrx_word' id='word_1_471' title='bbox 2930 2534 3023 2586; x_wconf 73' lang='grc' dir='ltr'>καὶ</span> <span class='ocrx_word' id='word_1_472' title='bbox 3078 2533 3334 2600; x_wconf 70' lang='grc' dir='ltr'>ἀγάλλουο</span> <span class='ocrx_word' id='word_1_473' title='bbox 3383 2535 3497 2596; x_wconf 67' lang='grc' dir='ltr'>καὶ,</span> <span class='ocrx_word' id='word_1_474' title='bbox 3552 2536 3599 2587; x_wconf 88' lang='grc' dir='ltr'>εί</span> <span class='ocrx_word' id='word_1_475' title='bbox 3651 2533 3837 2603; x_wconf 83' lang='grc' dir='ltr'>βούλει</span> 
     </span>
    </p>
   </div>
   <div class='ocr_carea' id='block_1_62' title="bbox 2250 2623 3835 2697">
    <p class='ocr_par' dir='ltr' id='par_1_62' title="bbox 2250 2623 3835 2697">
     <span class='ocr_line' id='line_1_62' title="bbox 2250 2623 3835 2697; baseline 0.003 -22"><span class='ocrx_word' id='word_1_476' title='bbox 2250 2623 2516 2687; x_wconf 86' lang='grc' dir='ltr'>πλουτεῖν,</span> <span class='ocrx_word' id='word_1_477' title='bbox 2551 2624 2878 2693; x_wconf 78' lang='grc' dir='ltr'>καταφρόνει</span> <span class='ocrx_word' id='word_1_478' title='bbox 2930 2624 3181 2677; x_wconf 87' lang='grc' dir='ltr'>πλούτου.</span> <span class='ocrx_word' id='word_1_479' title='bbox 3217 2626 3291 2678; x_wconf 82' lang='grc' dir='ltr'>Οὐ</span> <span class='ocrx_word' id='word_1_480' title='bbox 3326 2626 3432 2697; x_wconf 82' lang='grc' dir='ltr'>γάρ</span> <span class='ocrx_word' id='word_1_481' title='bbox 3474 2628 3534 2679; x_wconf 76' lang='grc' dir='ltr'>τὸ</span> <span class='ocrx_word' id='word_1_482' title='bbox 3566 2631 3835 2697; x_wconf 76' lang='grc' dir='ltr'>χρήματα</span> 
     </span>
    </p>
   </div>
   <div class='ocr_carea' id='block_1_63' title="bbox 2249 2717 3837 2792">
    <p class='ocr_par' dir='ltr' id='par_1_63' title="bbox 2249 2717 3837 2792">
     <span class='ocr_line' id='line_1_63' title="bbox 2249 2717 3837 2792; baseline 0.004 -23"><span class='ocrx_word' id='word_1_483' title='bbox 2249 2717 2412 2786; x_wconf 76' lang='grc' dir='ltr'>ἔχειν,</span> <span class='ocrx_word' id='word_1_484' title='bbox 2444 2718 2581 2771; x_wconf 83' lang='grc' dir='ltr'>ἀλλὰ</span> <span class='ocrx_word' id='word_1_485' title='bbox 2613 2719 2672 2771; x_wconf 81' lang='grc' dir='ltr'>τὸ</span> <span class='ocrx_word' id='word_1_486' title='bbox 2707 2720 2781 2791; x_wconf 81' lang='grc' dir='ltr'>μὴ</span> <span class='ocrx_word' id='word_1_487' title='bbox 2825 2720 3031 2772; x_wconf 83' lang='grc' dir='ltr'>δεῖσθαι</span> <span class='ocrx_word' id='word_1_488' title='bbox 3078 2722 3171 2774; x_wconf 89' lang='grc' dir='ltr'>τοῦ</span> <span class='ocrx_word' id='word_1_489' title='bbox 3201 2722 3362 2791; x_wconf 77' lang='grc' dir='ltr'>ἔχειν,</span> <span class='ocrx_word' id='word_1_490' title='bbox 3398 2723 3556 2776; x_wconf 85' lang='grc' dir='ltr'>τοῦτο</span> <span class='ocrx_word' id='word_1_491' title='bbox 3596 2724 3837 2792; x_wconf 86' lang='grc' dir='ltr'>μάλιστα</span> 
     </span>
    </p>
   </div>
   <div class='ocr_carea' id='block_1_64' title="bbox 2248 2812 3835 2885">
    <p class='ocr_par' dir='ltr' id='par_1_64' title="bbox 2248 2812 3835 2885">
     <span class='ocr_line' id='line_1_64' title="bbox 2248 2812 3835 2885; baseline 0.006 -23"><span class='ocrx_word' id='word_1_492' title='bbox 2248 2812 2494 2882; x_wconf 88' lang='grc' dir='ltr'>εὐπορία.</span> <span class='ocrx_word' id='word_1_493' title='bbox 2526 2814 2623 2865; x_wconf 76' lang='grc' dir='ltr'>Ἂν</span> <span class='ocrx_word' id='word_1_494' title='bbox 2652 2812 2809 2865; x_wconf 80' lang='grc' dir='ltr'>τοῦτο</span> <span class='ocrx_word' id='word_1_495' title='bbox 2840 2813 3292 2885; x_wconf 81' lang='grc' dir='ltr'>κατορθώσωμεν,</span> <span class='ocrx_word' id='word_1_496' title='bbox 3326 2819 3417 2869; x_wconf 76' lang='grc' dir='ltr'>καί</span> <span class='ocrx_word' id='word_1_497' title='bbox 3452 2818 3685 2872; x_wconf 82' lang='grc' dir='ltr'>ἐνταῦθα</span> <span class='ocrx_word' id='word_1_498' title='bbox 3721 2822 3835 2871; x_wconf 83' lang='grc' dir='ltr'>τῶν</span> 
     </span>
    </p>
   </div>
   <div class='ocr_carea' id='block_1_65' title="bbox 2249 2901 3835 2978">
    <p class='ocr_par' dir='ltr' id='par_1_65' title="bbox 2249 2901 3835 2978">
     <span class='ocr_line' id='line_1_65' title="bbox 2249 2901 3835 2978; baseline 0.005 -25"><span class='ocrx_word' id='word_1_499' title='bbox 2249 2901 2621 2955; x_wconf 83' lang='grc' dir='ltr'>πλουτούντων</span> <span class='ocrx_word' id='word_1_500' title='bbox 2651 2904 2867 2957; x_wconf 88' lang='grc' dir='ltr'>πάντων</span> <span class='ocrx_word' id='word_1_501' title='bbox 2893 2904 3257 2975; x_wconf 80' lang='grc' dir='ltr'>εὐπορώτεροι</span> <span class='ocrx_word' id='word_1_502' title='bbox 3285 2908 3542 2978; x_wconf 82' lang='grc' dir='ltr'>ἐσόμεθα,</span> <span class='ocrx_word' id='word_1_503' title='bbox 3581 2910 3675 2961; x_wconf 74' lang='grc' dir='ltr'>καὶ</span> <span class='ocrx_word' id='word_1_504' title='bbox 3714 2911 3835 2961; x_wconf 80' lang='grc' dir='ltr'>ἐκεῖ</span> 
     </span>
    </p>
   </div>
   <div class='ocr_carea' id='block_1_66' title="bbox 2245 2993 3835 3070">
    <p class='ocr_par' dir='ltr' id='par_1_66' title="bbox 2245 2993 3835 3070">
     <span class='ocr_line' id='line_1_66' title="bbox 2245 2993 3835 3070; baseline 0.006 -25"><span class='ocrx_word' id='word_1_505' title='bbox 2245 2993 2352 3045; x_wconf 90' lang='grc' dir='ltr'>τῶν</span> <span class='ocrx_word' id='word_1_506' title='bbox 2407 2993 2709 3064; x_wconf 82' lang='grc' dir='ltr'>μελλόντων</span> <span class='ocrx_word' id='word_1_507' title='bbox 2757 2996 3154 3067; x_wconf 80' lang='grc' dir='ltr'>ἐπιτευξόμεοα</span> <span class='ocrx_word' id='word_1_508' title='bbox 3212 3000 3452 3066; x_wconf 72' lang='grc' dir='ltr'>ἀγαθῶνο</span> <span class='ocrx_word' id='word_1_509' title='bbox 3493 2994 3567 3053; x_wconf 84' lang='grc' dir='ltr'>ὧν</span> <span class='ocrx_word' id='word_1_510' title='bbox 3616 3001 3835 3070; x_wconf 82' lang='grc' dir='ltr'>γένοιτο</span> 
     </span>
    </p>
   </div>
   <div class='ocr_carea' id='block_1_67' title="bbox 2249 3085 3831 3162">
    <p class='ocr_par' dir='ltr' id='par_1_67' title="bbox 2249 3085 3831 3162">
     <span class='ocr_line' id='line_1_67' title="bbox 2249 3085 3831 3162; baseline 0.005 -25"><span class='ocrx_word' id='word_1_511' title='bbox 2249 3085 2457 3148; x_wconf 88' lang='grc' dir='ltr'>πάντας</span> <span class='ocrx_word' id='word_1_512' title='bbox 2482 3088 2624 3157; x_wconf 82' lang='grc' dir='ltr'>ἡμᾶς</span> <span class='ocrx_word' id='word_1_513' title='bbox 2657 3089 2954 3157; x_wconf 80' lang='grc' dir='ltr'>ἐπιτυχεῖν,</span> <span class='ocrx_word' id='word_1_514' title='bbox 2991 3088 3174 3159; x_wconf 86' lang='grc' dir='ltr'>χάριτι</span> <span class='ocrx_word' id='word_1_515' title='bbox 3202 3092 3299 3143; x_wconf 70' lang='grc' dir='ltr'>καὶ</span> <span class='ocrx_word' id='word_1_516' title='bbox 3321 3092 3703 3162; x_wconf 79' lang='grc' dir='ltr'>φιλανθρωπίᾳ</span> <span class='ocrx_word' id='word_1_517' title='bbox 3729 3092 3831 3145; x_wconf 71' lang='grc' dir='ltr'>τοῦ</span> 
     </span>
    </p>
   </div>
   <div class='ocr_carea' id='block_1_68' title="bbox 2249 3177 3834 3252">
    <p class='ocr_par' dir='ltr' id='par_1_68' title="bbox 2249 3177 3834 3252">
     <span class='ocr_line' id='line_1_68' title="bbox 2249 3177 3834 3252; baseline 0.004 -25"><span class='ocrx_word' id='word_1_518' title='bbox 2249 3178 2453 3245; x_wconf 81' lang='grc' dir='ltr'>Κυρίου</span> <span class='ocrx_word' id='word_1_519' title='bbox 2508 3178 2664 3246; x_wconf 73' lang='grc' dir='ltr'>ἡμῶν</span> <span class='ocrx_word' id='word_1_520' title='bbox 2710 3180 2882 3247; x_wconf 82' lang='grc' dir='ltr'>Ἰησοῦ</span> <span class='ocrx_word' id='word_1_521' title='bbox 2940 3182 3201 3251; x_wconf 80' lang='grc' dir='ltr'>Χριστοῦ,</span> <span class='ocrx_word' id='word_1_522' title='bbox 3250 3184 3370 3249; x_wconf 86' lang='grc' dir='ltr'>μεθ’</span> <span class='ocrx_word' id='word_1_523' title='bbox 3414 3177 3474 3233; x_wconf 76' lang='grc' dir='ltr'>οὗ</span> <span class='ocrx_word' id='word_1_524' title='bbox 3522 3183 3598 3251; x_wconf 82' lang='grc' dir='ltr'>τῷ</span> <span class='ocrx_word' id='word_1_525' title='bbox 3650 3184 3834 3252; x_wconf 75' lang='grc' dir='ltr'>Πατρὶ</span> 
     </span>
    </p>
   </div>
   <div class='ocr_carea' id='block_1_69' title="bbox 2249 3263 3835 3339">
    <p class='ocr_par' dir='ltr' id='par_1_69' title="bbox 2249 3263 3835 3339">
     <span class='ocr_line' id='line_1_69' title="bbox 2249 3263 3835 3339; baseline 0.006 -24"><span class='ocrx_word' id='word_1_526' title='bbox 2249 3264 2366 3333; x_wconf 77' lang='grc' dir='ltr'>ἅμα</span> <span class='ocrx_word' id='word_1_527' title='bbox 2390 3263 2465 3331; x_wconf 82' lang='grc' dir='ltr'>τῷ</span> <span class='ocrx_word' id='word_1_528' title='bbox 2499 3266 2638 3335; x_wconf 83' lang='grc' dir='ltr'>ἀγίῳ</span> <span class='ocrx_word' id='word_1_529' title='bbox 2670 3266 2946 3336; x_wconf 88' lang='grc' dir='ltr'>Πνεύματι</span> <span class='ocrx_word' id='word_1_530' title='bbox 2984 3268 3127 3333; x_wconf 82' lang='grc' dir='ltr'>δόξα,</span> <span class='ocrx_word' id='word_1_531' title='bbox 3171 3271 3389 3339; x_wconf 88' lang='grc' dir='ltr'>κράτος,</span> <span class='ocrx_word' id='word_1_532' title='bbox 3422 3270 3573 3339; x_wconf 84' lang='grc' dir='ltr'>τιμὴ.</span> <span class='ocrx_word' id='word_1_533' title='bbox 3611 3270 3705 3323; x_wconf 85' lang='grc' dir='ltr'>νῦν</span> <span class='ocrx_word' id='word_1_534' title='bbox 3734 3272 3835 3325; x_wconf 69' lang='grc' dir='ltr'>καὶ</span> 
     </span>
    </p>
   </div>
   <div class='ocr_carea' id='block_1_70' title="bbox 2250 3356 3613 3431">
    <p class='ocr_par' dir='ltr' id='par_1_70' title="bbox 2250 3356 3613 3431">
     <span class='ocr_line' id='line_1_70' title="bbox 2250 3356 3613 3431; baseline 0.005 -24"><span class='ocrx_word' id='word_1_535' title='bbox 2250 3356 2357 3418; x_wconf 78' lang='grc' dir='ltr'>ἀεὶ,</span> <span class='ocrx_word' id='word_1_536' title='bbox 2390 3357 2484 3408; x_wconf 72' lang='grc' dir='ltr'>καὶ</span> <span class='ocrx_word' id='word_1_537' title='bbox 2518 3358 2596 3419; x_wconf 82' lang='grc' dir='ltr'>εἰς</span> <span class='ocrx_word' id='word_1_538' title='bbox 2625 3358 2751 3420; x_wconf 83' lang='grc' dir='ltr'>τοὺς</span> <span class='ocrx_word' id='word_1_539' title='bbox 2783 3360 2983 3422; x_wconf 86' lang='grc' dir='ltr'>αἰῶνας</span> <span class='ocrx_word' id='word_1_540' title='bbox 3017 3360 3123 3414; x_wconf 85' lang='grc' dir='ltr'>τῶν</span> <span class='ocrx_word' id='word_1_541' title='bbox 3146 3361 3378 3418; x_wconf 86' lang='grc' dir='ltr'>αἰώνων,</span> <span class='ocrx_word' id='word_1_542' title='bbox 3425 3363 3613 3431; x_wconf 79' lang='grc' dir='ltr'>Ἀμήν.</span> 
     </span>
    </p>
   </div>
   <div class='ocr_carea' id='block_1_71' title="bbox 2312 3543 2988 3607">
    <p class='ocr_par' dir='ltr' id='par_1_71' title="bbox 2312 3543 2988 3607">
     <span class='ocr_line' id='line_1_71' title="bbox 2312 3543 2988 3607; baseline -0.001 -17"><span class='ocrx_word' id='word_1_543' title='bbox 2312 3544 2335 3571; x_wconf 76' lang='grc'><strong><em>⁸</em></strong></span> <span class='ocrx_word' id='word_1_544' title='bbox 2365 3543 2623 3607; x_wconf 84' lang='lat' dir='ltr'>Legebalur</span> <span class='ocrx_word' id='word_1_545' title='bbox 2644 3546 2988 3607; x_wconf 75' lang='grc' dir='ltr'>ὓπερεγχεῖται.</span> 
     </span>
    </p>
   </div>
   <div class='ocr_carea' id='block_1_72' title="bbox 574 3752 3797 3780">
    <p class='ocr_par' dir='ltr' id='par_1_72' title="bbox 574 3752 3797 3780">
     <span class='ocr_line' id='line_1_72' title="bbox 574 3752 3797 3780; baseline 0.003 -20"><span class='ocrx_word' id='word_1_546' title='bbox 574 3752 3797 3780; x_wconf 58' lang='lat' dir='ltr'><em>W</em></span> 
     </span>
    </p>
   </div>
   <div class='ocr_carea' id='block_1_73' title="bbox 1918 3940 2481 4011">
    <p class='ocr_par' dir='ltr' id='par_1_73' title="bbox 1918 3940 2481 4011">
     <span class='ocr_line' id='line_1_73' title="bbox 1918 3940 2481 4011; baseline 0.005 -20"><span class='ocrx_word' id='word_1_547' title='bbox 1918 3940 2067 4011; x_wconf 61' lang='lat'>[550}</span> <span class='ocrx_word' id='word_1_548' title='bbox 2103 3943 2345 3993; x_wconf 66' lang='lat' dir='ltr'>omum</span> <span class='ocrx_word' id='word_1_549' title='bbox 2388 3942 2481 3995; x_wconf 74' lang='lat' dir='ltr'>ll&quot;.</span> 
     </span>
    </p>
   </div>
   <div class='ocr_carea' id='block_1_74' title="bbox 574 4072 2129 4144">
    <p class='ocr_par' dir='ltr' id='par_1_74' title="bbox 574 4072 2129 4144">
     <span class='ocr_line' id='line_1_74' title="bbox 574 4072 2129 4144; baseline 0.001 -17"><span class='ocrx_word' id='word_1_550' title='bbox 574 4072 642 4127; x_wconf 81' lang='grc' dir='ltr'>Τὸ</span> <span class='ocrx_word' id='word_1_551' title='bbox 674 4076 865 4137; x_wconf 69' lang='grc' dir='ltr'>στόμα</span> <span class='ocrx_word' id='word_1_552' title='bbox 905 4073 1071 4142; x_wconf 79' lang='grc' dir='ltr'>ἡμῶν</span> <span class='ocrx_word' id='word_1_553' title='bbox 1102 4074 1323 4142; x_wconf 78' lang='grc' dir='ltr'>ἀνέῳγε</span> <span class='ocrx_word' id='word_1_554' title='bbox 1354 4075 1501 4141; x_wconf 83' lang='grc' dir='ltr'>πρὸς</span> <span class='ocrx_word' id='word_1_555' title='bbox 1539 4072 1714 4144; x_wconf 74' lang='grc' dir='ltr'>ὑμᾶς,</span> <span class='ocrx_word' id='word_1_556' title='bbox 1746 4076 2060 4143; x_wconf 81' lang='grc' dir='ltr'>Κορίνθιοι,</span> <span class='ocrx_word' id='word_1_557' title='bbox 2092 4078 2129 4141; x_wconf 71' lang='grc' dir='ltr'>ἡ</span> 
     </span>
    </p>
   </div>
   <div class='ocr_carea' id='block_1_75' title="bbox 636 4144 2132 4213">
    <p class='ocr_par' dir='ltr' id='par_1_75' title="bbox 636 4144 2132 4213">
     <span class='ocr_line' id='line_1_75' title="bbox 636 4144 2132 4213; baseline 0.001 -17"><span class='ocrx_word' id='word_1_558' title='bbox 636 4144 845 4211; x_wconf 75' lang='grc' dir='ltr'>καρδία</span> <span class='ocrx_word' id='word_1_559' title='bbox 872 4145 1038 4213; x_wconf 71' lang='grc' dir='ltr'>ἡμῶν</span> <span class='ocrx_word' id='word_1_560' title='bbox 1065 4144 1497 4199; x_wconf 79' lang='grc' dir='ltr'>πεπλάτυνται.</span> <span class='ocrx_word' id='word_1_561' title='bbox 1531 4148 1612 4199; x_wconf 78' lang='grc' dir='ltr'>Οὐ</span> <span class='ocrx_word' id='word_1_562' title='bbox 1660 4146 2132 4213; x_wconf 73' lang='grc' dir='ltr'>στενοχωρεῖσθε</span> 
     </span>
    </p>
   </div>
   <div class='ocr_carea' id='block_1_76' title="bbox 637 4213 2134 4283">
    <p class='ocr_par' dir='ltr' id='par_1_76' title="bbox 637 4213 2134 4283">
     <span class='ocr_line' id='line_1_76' title="bbox 637 4213 2134 4283; baseline 0.002 -19"><span class='ocrx_word' id='word_1_563' title='bbox 637 4214 706 4265; x_wconf 70' lang='grc' dir='ltr'>ἐν</span> <span class='ocrx_word' id='word_1_564' title='bbox 728 4215 887 4281; x_wconf 73' lang='grc' dir='ltr'>ἡμῖν,</span> <span class='ocrx_word' id='word_1_565' title='bbox 924 4214 1395 4283; x_wconf 76' lang='grc' dir='ltr'>στενοχωρεῖσθε</span> <span class='ocrx_word' id='word_1_566' title='bbox 1419 4213 1485 4265; x_wconf 80' lang='grc' dir='ltr'>δὲ</span> <span class='ocrx_word' id='word_1_567' title='bbox 1507 4216 1575 4266; x_wconf 83' lang='grc' dir='ltr'>ἐν</span> <span class='ocrx_word' id='word_1_568' title='bbox 1600 4216 1721 4279; x_wconf 80' lang='grc' dir='ltr'>τοῖς</span> <span class='ocrx_word' id='word_1_569' title='bbox 1753 4216 2134 4283; x_wconf 68' lang='grc' dir='ltr'>σπλάγχνοις</span> 
     </span>
    </p>
   </div>
   <div class='ocr_carea' id='block_1_77' title="bbox 633 4283 802 4349">
    <p class='ocr_par' dir='ltr' id='par_1_77' title="bbox 633 4283 802 4349">
     <span class='ocr_line' id='line_1_77' title="bbox 633 4283 802 4349; baseline -0.012 -14"><span class='ocrx_word' id='word_1_570' title='bbox 633 4283 802 4349; x_wconf 79' lang='grc' dir='ltr'>ὑμῶν</span> 
     </span>
    </p>
   </div>
   <div class='ocr_carea' id='block_1_78' title="bbox 637 4424 2134 4505">
    <p class='ocr_par' dir='ltr' id='par_1_78' title="bbox 637 4424 2134 4505">
     <span class='ocr_line' id='line_1_78' title="bbox 637 4424 2134 4505; baseline 0.003 -20"><span class='ocrx_word' id='word_1_571' title='bbox 637 4440 707 4485; x_wconf 87' lang='grc' dir='ltr'>α’.</span> <span class='ocrx_word' id='word_1_572' title='bbox 740 4434 1150 4505; x_wconf 62' lang='grc' dir='ltr'>ᾼιηγησάμενος</span> <span class='ocrx_word' id='word_1_573' title='bbox 1173 4435 1300 4503; x_wconf 69' lang='grc' dir='ltr'>περὶ</span> <span class='ocrx_word' id='word_1_574' title='bbox 1330 4435 1437 4487; x_wconf 84' lang='grc' dir='ltr'>τῶν</span> <span class='ocrx_word' id='word_1_575' title='bbox 1462 4424 1653 4487; x_wconf 78' lang='grc' dir='ltr'>ἐαυτοῦ</span> <span class='ocrx_word' id='word_1_576' title='bbox 1687 4436 2008 4505; x_wconf 85' lang='grc' dir='ltr'>πειρασμῶν</span> <span class='ocrx_word' id='word_1_577' title='bbox 2043 4438 2134 4490; x_wconf 72' lang='grc' dir='ltr'>καὶ</span> 
     </span>
    </p>
   </div>
   <div class='ocr_carea' id='block_1_79' title="bbox 565 4501 2134 4595">
    <p class='ocr_par' dir='ltr' id='par_1_79' title="bbox 565 4501 2134 4595">
     <span class='ocr_line' id='line_1_79' title="bbox 565 4501 2134 4595; baseline 0.003 -20"><span class='ocrx_word' id='word_1_578' title='bbox 565 4501 832 4591; x_wconf 49' lang='lat' dir='ltr'>elapsi»)?</span> <span class='ocrx_word' id='word_1_579' title='bbox 868 4526 969 4576; x_wconf 82' lang='grc' dir='ltr'>Ἐν</span> <span class='ocrx_word' id='word_1_580' title='bbox 994 4501 1270 4593; x_wconf 63' lang='grc' dir='ltr'>ὑπομοννῇ</span> <span class='ocrx_word' id='word_1_581' title='bbox 1312 4524 1441 4595; x_wconf 83' lang='grc' dir='ltr'>γὰρ,</span> <span class='ocrx_word' id='word_1_582' title='bbox 1482 4526 1665 4594; x_wconf 77' lang='grc' dir='ltr'>φησὶν,</span> <span class='ocrx_word' id='word_1_583' title='bbox 1707 4501 2134 4593; x_wconf 33' lang='grc' dir='ltr'>ἐν’-θλίψεσιν,</span> 
     </span>
    </p>
   </div>
   <div class='ocr_carea' id='block_1_80' title="bbox 560 4615 2137 4685">
    <p class='ocr_par' dir='ltr' id='par_1_80' title="bbox 560 4615 2137 4685">
     <span class='ocr_line' id='line_1_80' title="bbox 560 4615 2137 4685; baseline 0.003 -19"><span class='ocrx_word' id='word_1_584' title='bbox 560 4615 630 4666; x_wconf 79' lang='grc' dir='ltr'>ἐν</span> <span class='ocrx_word' id='word_1_585' title='bbox 663 4615 953 4683; x_wconf 66' lang='grc' dir='ltr'>ἀνάγκαις</span> <span class='ocrx_word' id='word_1_586' title='bbox 985 4657 999 4674; x_wconf 80' lang='grc'>,</span> <span class='ocrx_word' id='word_1_587' title='bbox 1025 4617 1095 4669; x_wconf 76' lang='grc' dir='ltr'>ἐν</span> <span class='ocrx_word' id='word_1_588' title='bbox 1136 4618 1569 4685; x_wconf 79' lang='grc' dir='ltr'>στενοχωρίαις</span> <span class='ocrx_word' id='word_1_589' title='bbox 1595 4659 1608 4683; x_wconf 86' lang='grc'>,</span> <span class='ocrx_word' id='word_1_590' title='bbox 1642 4619 1711 4671; x_wconf 79' lang='grc' dir='ltr'>ἐν</span> <span class='ocrx_word' id='word_1_591' title='bbox 1745 4618 2033 4685; x_wconf 70' lang='grc' dir='ltr'>πληγαῖς,</span> <span class='ocrx_word' id='word_1_592' title='bbox 2069 4620 2137 4671; x_wconf 84' lang='grc' dir='ltr'>ἐν</span> 
     </span>
    </p>
   </div>
   <div class='ocr_carea' id='block_1_81' title="bbox 561 4709 2136 4775">
    <p class='ocr_par' dir='ltr' id='par_1_81' title="bbox 561 4709 2136 4775">
     <span class='ocr_line' id='line_1_81' title="bbox 561 4709 2136 4775; baseline 0.002 -16"><span class='ocrx_word' id='word_1_593' title='bbox 561 4709 880 4773; x_wconf 58' lang='grc' dir='ltr'>φυλακαῖς,</span> <span class='ocrx_word' id='word_1_594' title='bbox 949 4709 1018 4760; x_wconf 79' lang='grc' dir='ltr'>ἐν</span> <span class='ocrx_word' id='word_1_595' title='bbox 1087 4710 1603 4775; x_wconf 75' lang='grc' dir='ltr'>ἀκαταστασίαις,</span> <span class='ocrx_word' id='word_1_596' title='bbox 1670 4711 1740 4762; x_wconf 81' lang='grc' dir='ltr'>ὲν</span> <span class='ocrx_word' id='word_1_597' title='bbox 1790 4709 2136 4775; x_wconf 76' lang='grc' dir='ltr'>κόποις,ἑν</span> 
     </span>
    </p>
   </div>
   <div class='ocr_carea' id='block_1_82' title="bbox 562 4797 2133 4871">
    <p class='ocr_par' dir='ltr' id='par_1_82' title="bbox 562 4797 2133 4871">
     <span class='ocr_line' id='line_1_82' title="bbox 562 4797 2133 4871; baseline 0.003 -22"><span class='ocrx_word' id='word_1_598' title='bbox 562 4797 957 4863; x_wconf 69' lang='grc' dir='ltr'>ἀγρυπνίαις·</span> <span class='ocrx_word' id='word_1_599' title='bbox 996 4799 1090 4851; x_wconf 79' lang='grc' dir='ltr'>καὶ</span> <span class='ocrx_word' id='word_1_600' title='bbox 1147 4800 1325 4865; x_wconf 78' lang='grc' dir='ltr'>δείξας</span> <span class='ocrx_word' id='word_1_601' title='bbox 1372 4802 1453 4852; x_wconf 83' lang='grc' dir='ltr'>ὅτι</span> <span class='ocrx_word' id='word_1_602' title='bbox 1492 4802 1632 4870; x_wconf 81' lang='grc' dir='ltr'>μέγα</span> <span class='ocrx_word' id='word_1_603' title='bbox 1661 4801 1865 4870; x_wconf 75' lang='grc' dir='ltr'>ἀγαθὸν</span> <span class='ocrx_word' id='word_1_604' title='bbox 1899 4801 1959 4853; x_wconf 86' lang='grc' dir='ltr'>τὸ</span> <span class='ocrx_word' id='word_1_605' title='bbox 1994 4802 2133 4871; x_wconf 74' lang='grc' dir='ltr'>πρᾶ-</span> 
     </span>
    </p>
   </div>
   <div class='ocr_carea' id='block_1_83' title="bbox 564 4890 2131 4961">
    <p class='ocr_par' dir='ltr' id='par_1_83' title="bbox 564 4890 2131 4961">
     <span class='ocr_line' id='line_1_83' title="bbox 564 4890 2131 4961; baseline 0.004 -22"><span class='ocrx_word' id='word_1_606' title='bbox 564 4904 680 4955; x_wconf 89' lang='grc' dir='ltr'>γμα</span> <span class='ocrx_word' id='word_1_607' title='bbox 714 4902 727 4916; x_wconf 85' lang='lat'><strong><em>°</em></strong></span> <span class='ocrx_word' id='word_1_608' title='bbox 784 4890 879 4953; x_wconf 85' lang='grc' dir='ltr'>Ὡς</span> <span class='ocrx_word' id='word_1_609' title='bbox 941 4890 1313 4957; x_wconf 81' lang='grc' dir='ltr'>λυπούμενοι</span> <span class='ocrx_word' id='word_1_610' title='bbox 1366 4892 1495 4961; x_wconf 87' lang='grc' dir='ltr'>γὰρ,</span> <span class='ocrx_word' id='word_1_611' title='bbox 1535 4894 1715 4961; x_wconf 71' lang='grc' dir='ltr'>φησίν,</span> <span class='ocrx_word' id='word_1_612' title='bbox 1763 4893 1855 4946; x_wconf 75' lang='grc' dir='ltr'>ἀεὶ</span> <span class='ocrx_word' id='word_1_613' title='bbox 1906 4892 1974 4945; x_wconf 80' lang='grc' dir='ltr'>δὲ</span> <span class='ocrx_word' id='word_1_614' title='bbox 2002 4894 2131 4960; x_wconf 80' lang='grc' dir='ltr'>χαί-</span> 
     </span>
    </p>
   </div>
   <div class='ocr_carea' id='block_1_84' title="bbox 554 4979 2129 5047">
    <p class='ocr_par' dir='ltr' id='par_1_84' title="bbox 554 4979 2129 5047">
     <span class='ocr_line' id='line_1_84' title="bbox 554 4979 2129 5047; baseline 0.004 -19"><span class='ocrx_word' id='word_1_615' title='bbox 554 4994 775 5043; x_wconf 82' lang='grc' dir='ltr'>ροντες</span> <span class='ocrx_word' id='word_1_616' title='bbox 810 4994 824 5007; x_wconf 75' lang='grc'><strong>⁸</strong></span> <span class='ocrx_word' id='word_1_617' title='bbox 860 4979 941 5043; x_wconf 81' lang='grc' dir='ltr'>ὡς</span> <span class='ocrx_word' id='word_1_618' title='bbox 984 4980 1231 5047; x_wconf 80' lang='grc' dir='ltr'>πτωχοί,</span> <span class='ocrx_word' id='word_1_619' title='bbox 1262 4980 1533 5045; x_wconf 78' lang='grc' dir='ltr'>πολλοὺς</span> <span class='ocrx_word' id='word_1_620' title='bbox 1571 4980 1639 5033; x_wconf 84' lang='grc' dir='ltr'>δὲ</span> <span class='ocrx_word' id='word_1_621' title='bbox 1670 4980 2091 5046; x_wconf 77' lang='grc' dir='ltr'>πλουτίζοντες</span> <span class='ocrx_word' id='word_1_622' title='bbox 2116 4998 2129 5011; x_wconf 86' lang='grc'><em>’</em></span> 
     </span>
    </p>
   </div>
   <div class='ocr_carea' id='block_1_85' title="bbox 559 5068 2134 5140">
    <p class='ocr_par' dir='ltr' id='par_1_85' title="bbox 559 5068 2134 5140">
     <span class='ocr_line' id='line_1_85' title="bbox 559 5068 2134 5140; baseline 0.003 -20"><span class='ocrx_word' id='word_1_623' title='bbox 559 5070 642 5133; x_wconf 86' lang='grc' dir='ltr'>ώς</span> <span class='ocrx_word' id='word_1_624' title='bbox 677 5068 874 5135; x_wconf 81' lang='grc' dir='ltr'>μηδὲν</span> <span class='ocrx_word' id='word_1_625' title='bbox 921 5072 1193 5137; x_wconf 71' lang='grc' dir='ltr'>ἔχοντες,</span> <span class='ocrx_word' id='word_1_626' title='bbox 1240 5069 1341 5123; x_wconf 80' lang='grc' dir='ltr'>καί</span> <span class='ocrx_word' id='word_1_627' title='bbox 1392 5070 1588 5123; x_wconf 83' lang='grc' dir='ltr'>πάντα</span> <span class='ocrx_word' id='word_1_628' title='bbox 1618 5070 1975 5140; x_wconf 75' lang='grc' dir='ltr'>κατέχοντες</span> <span class='ocrx_word' id='word_1_629' title='bbox 2003 5088 2013 5098; x_wconf 92' lang='grc'><strong>·</strong></span> <span class='ocrx_word' id='word_1_630' title='bbox 2040 5073 2134 5124; x_wconf 72' lang='grc' dir='ltr'>καὶ</span> 
     </span>
    </p>
   </div>
   <div class='ocr_carea' id='block_1_86' title="bbox 560 5159 2134 5233">
    <p class='ocr_par' dir='ltr' id='par_1_86' title="bbox 560 5159 2134 5233">
     <span class='ocr_line' id='line_1_86' title="bbox 560 5159 2134 5233; baseline 0.003 -21"><span class='ocrx_word' id='word_1_631' title='bbox 560 5160 699 5212; x_wconf 80' lang='grc' dir='ltr'>ὅπλα</span> <span class='ocrx_word' id='word_1_632' title='bbox 734 5160 870 5212; x_wconf 86' lang='grc' dir='ltr'>αὐτὰ</span> <span class='ocrx_word' id='word_1_633' title='bbox 899 5159 1068 5212; x_wconf 86' lang='grc' dir='ltr'>είπών</span> <span class='ocrx_word' id='word_1_634' title='bbox 1090 5176 1103 5191; x_wconf 75' lang='grc' dir='ltr'><strong>ο</strong></span> <span class='ocrx_word' id='word_1_635' title='bbox 1144 5163 1240 5227; x_wconf 86' lang='grc' dir='ltr'>Ὧς</span> <span class='ocrx_word' id='word_1_636' title='bbox 1261 5161 1675 5229; x_wconf 77' lang='grc' dir='ltr'>παιδευόμενοι</span> <span class='ocrx_word' id='word_1_637' title='bbox 1701 5165 1830 5233; x_wconf 83' lang='grc' dir='ltr'>γὰρ,</span> <span class='ocrx_word' id='word_1_638' title='bbox 1867 5164 2134 5233; x_wconf 77' lang='grc' dir='ltr'>φησὶ,καί</span> 
     </span>
    </p>
   </div>
   <div class='ocr_carea' id='block_1_87' title="bbox 554 5247 2132 5324">
    <p class='ocr_par' dir='ltr' id='par_1_87' title="bbox 554 5247 2132 5324">
     <span class='ocr_line' id='line_1_87' title="bbox 554 5247 2132 5324; baseline 0.004 -24"><span class='ocrx_word' id='word_1_639' title='bbox 554 5247 639 5317; x_wconf 80' lang='grc' dir='ltr'>μὴ</span> <span class='ocrx_word' id='word_1_640' title='bbox 687 5250 1121 5317; x_wconf 76' lang='grc' dir='ltr'>θανατούμενοι</span> <span class='ocrx_word' id='word_1_641' title='bbox 1150 5267 1163 5280; x_wconf 82' lang='grc'><strong><em>“</em></strong></span> <span class='ocrx_word' id='word_1_642' title='bbox 1199 5252 1292 5303; x_wconf 76' lang='grc' dir='ltr'>καὶ</span> <span class='ocrx_word' id='word_1_643' title='bbox 1317 5251 1410 5302; x_wconf 84' lang='grc' dir='ltr'>τοῦ</span> <span class='ocrx_word' id='word_1_644' title='bbox 1440 5251 1576 5303; x_wconf 82' lang='grc' dir='ltr'>Θεοῦ</span> <span class='ocrx_word' id='word_1_645' title='bbox 1606 5253 1706 5322; x_wconf 84' lang='grc' dir='ltr'>τὴν</span> <span class='ocrx_word' id='word_1_646' title='bbox 1739 5253 1940 5323; x_wconf 76' lang='grc' dir='ltr'>πολλὴν</span> <span class='ocrx_word' id='word_1_647' title='bbox 1967 5255 2132 5324; x_wconf 89' lang='grc' dir='ltr'>κηδε-</span> 
     </span>
    </p>
   </div>
   <div class='ocr_carea' id='block_1_88' title="bbox 561 5338 2131 5413">
    <p class='ocr_par' dir='ltr' id='par_1_88' title="bbox 561 5338 2131 5413">
     <span class='ocr_line' id='line_1_88' title="bbox 561 5338 2131 5413; baseline 0.003 -23"><span class='ocrx_word' id='word_1_648' title='bbox 561 5339 750 5406; x_wconf 85' lang='grc' dir='ltr'>μονίαν</span> <span class='ocrx_word' id='word_1_649' title='bbox 782 5338 869 5392; x_wconf 82' lang='grc' dir='ltr'>διὰ</span> <span class='ocrx_word' id='word_1_650' title='bbox 914 5340 1120 5393; x_wconf 88' lang='grc' dir='ltr'>τούτων</span> <span class='ocrx_word' id='word_1_651' title='bbox 1164 5343 1414 5411; x_wconf 82' lang='grc' dir='ltr'>ἐμφήνας</span> <span class='ocrx_word' id='word_1_652' title='bbox 1460 5342 1553 5393; x_wconf 74' lang='grc' dir='ltr'>καὶ</span> <span class='ocrx_word' id='word_1_653' title='bbox 1579 5342 1678 5411; x_wconf 84' lang='grc' dir='ltr'>τὴν</span> <span class='ocrx_word' id='word_1_654' title='bbox 1707 5343 1941 5413; x_wconf 86' lang='grc' dir='ltr'>δύναμιν</span> <span class='ocrx_word' id='word_1_655' title='bbox 1966 5360 1979 5373; x_wconf 70' lang='grc'><strong>⁸</strong></span> <span class='ocrx_word' id='word_1_656' title='bbox 2008 5346 2131 5397; x_wconf 70' lang='lat' dir='ltr'>&quot;In:</span> 
     </span>
    </p>
   </div>
   <div class='ocr_carea' id='block_1_89' title="bbox 559 5428 2131 5506">
    <p class='ocr_par' dir='ltr' id='par_1_89' title="bbox 559 5428 2131 5506">
     <span class='ocr_line' id='line_1_89' title="bbox 559 5428 2131 5506; baseline 0.013 -25"><span class='ocrx_word' id='word_1_657' title='bbox 559 5431 665 5499; x_wconf 69' lang='grc' dir='ltr'>γάρ</span> <span class='ocrx_word' id='word_1_658' title='bbox 689 5430 727 5495; x_wconf 74' lang='grc' dir='ltr'><strong><em>ἡ</em></strong></span> <span class='ocrx_word' id='word_1_659' title='bbox 760 5431 1065 5499; x_wconf 69' lang='grc' dir='ltr'>ὑπερϐολὴ</span> <span class='ocrx_word' id='word_1_660' title='bbox 1092 5430 1201 5499; x_wconf 84' lang='grc' dir='ltr'>τῆς</span> <span class='ocrx_word' id='word_1_661' title='bbox 1233 5433 1549 5503; x_wconf 80' lang='grc' dir='ltr'>δυνάμεως</span> <span class='ocrx_word' id='word_1_662' title='bbox 1573 5428 1614 5503; x_wconf 80' lang='grc' dir='ltr'><em>ᾖ</em></span> <span class='ocrx_word' id='word_1_663' title='bbox 1636 5435 1741 5487; x_wconf 80' lang='grc' dir='ltr'>τοῦ</span> <span class='ocrx_word' id='word_1_664' title='bbox 1774 5434 1945 5501; x_wconf 76' lang='grc' dir='ltr'>Θεοῦ.</span> <span class='ocrx_word' id='word_1_665' title='bbox 1976 5436 2131 5506; x_wconf 62' lang='grc' dir='ltr'>φησι.</span> 
     </span>
    </p>
   </div>
   <div class='ocr_carea' id='block_1_90' title="bbox 557 5519 2123 5591">
    <p class='ocr_par' dir='ltr' id='par_1_90' title="bbox 557 5519 2123 5591">
     <span class='ocr_line' id='line_1_90' title="bbox 557 5519 2123 5591; baseline 0.007 -20"><span class='ocrx_word' id='word_1_666' title='bbox 557 5522 656 5573; x_wconf 61' lang='grc' dir='ltr'>καί</span> <span class='ocrx_word' id='word_1_667' title='bbox 696 5519 784 5588; x_wconf 81' lang='grc' dir='ltr'>μὴ</span> <span class='ocrx_word' id='word_1_668' title='bbox 816 5522 887 5585; x_wconf 79' lang='grc' dir='ltr'>ἐξ</span> <span class='ocrx_word' id='word_1_669' title='bbox 930 5520 1098 5591; x_wconf 76' lang='grc' dir='ltr'>ἡμῶν</span> <span class='ocrx_word' id='word_1_670' title='bbox 1121 5538 1133 5550; x_wconf 89' lang='grc'><strong>·</strong></span> <span class='ocrx_word' id='word_1_671' title='bbox 1163 5522 1257 5574; x_wconf 78' lang='grc' dir='ltr'>καὶ</span> <span class='ocrx_word' id='word_1_672' title='bbox 1303 5525 1431 5587; x_wconf 78' lang='grc' dir='ltr'>τοὺς</span> <span class='ocrx_word' id='word_1_673' title='bbox 1471 5522 1673 5584; x_wconf 76' lang='grc' dir='ltr'>ἄθλους</span> <span class='ocrx_word' id='word_1_674' title='bbox 1699 5522 1867 5579; x_wconf 80' lang='grc' dir='ltr'>αὐτοῦ</span> <span class='ocrx_word' id='word_1_675' title='bbox 1900 5525 2123 5582; x_wconf 69' lang='grc' dir='ltr'>καταλι-</span> 
     </span>
    </p>
   </div>
   <div class='ocr_carea' id='block_1_91' title="bbox 559 5611 2114 5687">
    <p class='ocr_par' dir='ltr' id='par_1_91' title="bbox 559 5611 2114 5687">
     <span class='ocr_line' id='line_1_91' title="bbox 559 5611 2114 5687; baseline 0.003 -24"><span class='ocrx_word' id='word_1_676' title='bbox 559 5615 651 5675; x_wconf 74' lang='grc' dir='ltr'>ξας</span> <span class='ocrx_word' id='word_1_677' title='bbox 672 5629 681 5640; x_wconf 95' lang='grc'><strong>·</strong></span> <span class='ocrx_word' id='word_1_678' title='bbox 703 5614 959 5667; x_wconf 83' lang='grc' dir='ltr'>Πάντοτε</span> <span class='ocrx_word' id='word_1_679' title='bbox 988 5614 1094 5684; x_wconf 81' lang='grc' dir='ltr'>γὰρ</span> <span class='ocrx_word' id='word_1_680' title='bbox 1112 5611 1227 5680; x_wconf 80' lang='grc' dir='ltr'>τὴν</span> <span class='ocrx_word' id='word_1_681' title='bbox 1240 5613 1535 5681; x_wconf 79' lang='grc' dir='ltr'>νέκρωσιν</span> <span class='ocrx_word' id='word_1_682' title='bbox 1547 5613 1759 5677; x_wconf 80' lang='grc' dir='ltr'>αὐτοῦ,</span> <span class='ocrx_word' id='word_1_683' title='bbox 1794 5616 1949 5687; x_wconf 77' lang='grc' dir='ltr'>φησὶ,</span> <span class='ocrx_word' id='word_1_684' title='bbox 1967 5634 2114 5687; x_wconf 71' lang='grc' dir='ltr'>περι-</span> 
     </span>
    </p>
   </div>
   <div class='ocr_carea' id='block_1_92' title="bbox 559 5704 2106 5779">
    <p class='ocr_par' dir='ltr' id='par_1_92' title="bbox 559 5704 2106 5779">
     <span class='ocr_line' id='line_1_92' title="bbox 559 5704 2106 5779; baseline 0.006 -24"><span class='ocrx_word' id='word_1_685' title='bbox 559 5704 836 5774; x_wconf 61' lang='grc' dir='ltr'>ςέρομειυ</span> <span class='ocrx_word' id='word_1_686' title='bbox 876 5706 970 5760; x_wconf 73' lang='grc' dir='ltr'>καὶ</span> <span class='ocrx_word' id='word_1_687' title='bbox 985 5708 1063 5759; x_wconf 85' lang='grc' dir='ltr'>ὅτι</span> <span class='ocrx_word' id='word_1_688' title='bbox 1084 5707 1429 5770; x_wconf 83' lang='grc' dir='ltr'>ἀναστάσεως</span> <span class='ocrx_word' id='word_1_689' title='bbox 1450 5706 1605 5761; x_wconf 77' lang='grc' dir='ltr'>τοῦτο</span> <span class='ocrx_word' id='word_1_690' title='bbox 1632 5706 1907 5773; x_wconf 74' lang='grc' dir='ltr'>ἀπόδειξις</span> <span class='ocrx_word' id='word_1_691' title='bbox 1932 5712 2106 5779; x_wconf 70' lang='grc' dir='ltr'>σαφής</span> 
     </span>
    </p>
   </div>
   <div class='ocr_carea' id='block_1_93' title="bbox 2240 4077 3826 4153">
    <p class='ocr_par' dir='ltr' id='par_1_93' title="bbox 2240 4077 3826 4153">
     <span class='ocr_line' id='line_1_93' title="bbox 2240 4077 3826 4153; baseline 0.007 -25"><span class='ocrx_word' id='word_1_692' title='bbox 2240 4078 2370 4129; x_wconf 81' lang='grc' dir='ltr'>Ἵνα</span> <span class='ocrx_word' id='word_1_693' title='bbox 2388 4077 2493 4147; x_wconf 79' lang='grc' dir='ltr'>γὰρ</span> <span class='ocrx_word' id='word_1_694' title='bbox 2514 4078 2609 4129; x_wconf 72' lang='grc' dir='ltr'>καί</span> <span class='ocrx_word' id='word_1_695' title='bbox 2637 4080 2669 4145; x_wconf 77' lang='grc' dir='ltr'>ἡ</span> <span class='ocrx_word' id='word_1_696' title='bbox 2685 4078 2793 4147; x_wconf 82' lang='grc' dir='ltr'>ζωὴ</span> <span class='ocrx_word' id='word_1_697' title='bbox 2820 4081 2923 4133; x_wconf 84' lang='grc' dir='ltr'>τοῦ</span> <span class='ocrx_word' id='word_1_698' title='bbox 2964 4082 3164 4148; x_wconf 82' lang='grc' dir='ltr'>Ἰησοῦ</span> <span class='ocrx_word' id='word_1_699' title='bbox 3186 4083 3492 4152; x_wconf 67' lang='grc' dir='ltr'>φανερωθῇ</span> <span class='ocrx_word' id='word_1_700' title='bbox 3510 4086 3577 4136; x_wconf 85' lang='grc' dir='ltr'>ἐν</span> <span class='ocrx_word' id='word_1_701' title='bbox 3594 4084 3666 4151; x_wconf 79' lang='grc' dir='ltr'>τῇ</span> <span class='ocrx_word' id='word_1_702' title='bbox 3684 4090 3826 4153; x_wconf 84' lang='grc' dir='ltr'>θνη-</span> 
     </span>
    </p>
   </div>
   <div class='ocr_carea' id='block_1_94' title="bbox 2237 4167 3824 4244">
    <p class='ocr_par' dir='ltr' id='par_1_94' title="bbox 2237 4167 3824 4244">
     <span class='ocr_line' id='line_1_94' title="bbox 2237 4167 3824 4244; baseline 0.008 -25"><span class='ocrx_word' id='word_1_703' title='bbox 2237 4167 2309 4235; x_wconf 75' lang='grc' dir='ltr'>τῇ</span> <span class='ocrx_word' id='word_1_704' title='bbox 2327 4171 2507 4235; x_wconf 81' lang='grc' dir='ltr'>σαρκὶ</span> <span class='ocrx_word' id='word_1_705' title='bbox 2532 4168 2713 4238; x_wconf 74' lang='grc' dir='ltr'>ἡμῶν,</span> <span class='ocrx_word' id='word_1_706' title='bbox 2736 4172 2868 4241; x_wconf 84' lang='grc' dir='ltr'>φησί</span> <span class='ocrx_word' id='word_1_707' title='bbox 2899 4191 2911 4203; x_wconf 89' lang='grc'><strong>·</strong></span> <span class='ocrx_word' id='word_1_708' title='bbox 2956 4175 3047 4227; x_wconf 71' lang='grc' dir='ltr'>καὶ</span> <span class='ocrx_word' id='word_1_709' title='bbox 3069 4169 3143 4227; x_wconf 83' lang='grc' dir='ltr'>ὧν</span> <span class='ocrx_word' id='word_1_710' title='bbox 3193 4176 3385 4244; x_wconf 85' lang='grc' dir='ltr'>γέγονε</span> <span class='ocrx_word' id='word_1_711' title='bbox 3425 4178 3696 4241; x_wconf 78' lang='grc' dir='ltr'>κοινωνὸς,</span> <span class='ocrx_word' id='word_1_712' title='bbox 3725 4181 3824 4234; x_wconf 77' lang='grc' dir='ltr'>καὶ</span> 
     </span>
    </p>
   </div>
   <div class='ocr_carea' id='block_1_95' title="bbox 2235 4257 3822 4338">
    <p class='ocr_par' dir='ltr' id='par_1_95' title="bbox 2235 4257 3822 4338">
     <span class='ocr_line' id='line_1_95' title="bbox 2235 4257 3822 4338; baseline 0.009 -30"><span class='ocrx_word' id='word_1_713' title='bbox 2235 4257 2357 4310; x_wconf 89' lang='grc' dir='ltr'>τίνα</span> <span class='ocrx_word' id='word_1_714' title='bbox 2416 4260 2712 4330; x_wconf 83' lang='grc' dir='ltr'>ἐπιστεύθη</span> <span class='ocrx_word' id='word_1_715' title='bbox 2751 4278 2762 4291; x_wconf 88' lang='grc'><strong>·</strong></span> <span class='ocrx_word' id='word_1_716' title='bbox 2810 4262 2988 4331; x_wconf 77' lang='grc' dir='ltr'>Ὑπὲρ</span> <span class='ocrx_word' id='word_1_717' title='bbox 3032 4266 3293 4332; x_wconf 84' lang='grc' dir='ltr'>Χριστοῦ</span> <span class='ocrx_word' id='word_1_718' title='bbox 3338 4267 3446 4338; x_wconf 75' lang='grc' dir='ltr'>γάρ</span> <span class='ocrx_word' id='word_1_719' title='bbox 3490 4270 3822 4335; x_wconf 71' lang='grc' dir='ltr'>πρεσϐεύο-</span> 
     </span>
    </p>
   </div>
   <div class='ocr_carea' id='block_1_96' title="bbox 2232 4350 3819 4430">
    <p class='ocr_par' dir='ltr' id='par_1_96' title="bbox 2232 4350 3819 4430">
     <span class='ocr_line' id='line_1_96' title="bbox 2232 4350 3819 4430; baseline 0.009 -30"><span class='ocrx_word' id='word_1_720' title='bbox 2232 4365 2365 4415; x_wconf 83' lang='grc' dir='ltr'>μεν,</span> <span class='ocrx_word' id='word_1_721' title='bbox 2400 4350 2580 4420; x_wconf 70' lang='grc' dir='ltr'>ρησὶν,</span> <span class='ocrx_word' id='word_1_722' title='bbox 2601 4354 2679 4419; x_wconf 86' lang='grc' dir='ltr'>ὡς</span> <span class='ocrx_word' id='word_1_723' title='bbox 2698 4354 2802 4407; x_wconf 83' lang='grc' dir='ltr'>τοῦ</span> <span class='ocrx_word' id='word_1_724' title='bbox 2833 4356 2980 4410; x_wconf 83' lang='grc' dir='ltr'>Θεοῦ</span> <span class='ocrx_word' id='word_1_725' title='bbox 3004 4360 3503 4425; x_wconf 76' lang='grc' dir='ltr'>παρακαλοῦντος</span> <span class='ocrx_word' id='word_1_726' title='bbox 3529 4360 3601 4413; x_wconf 78' lang='grc' dir='ltr'>δι’</span> <span class='ocrx_word' id='word_1_727' title='bbox 3627 4361 3819 4430; x_wconf 66' lang='grc' dir='ltr'>ήμῶν-ο</span> 
     </span>
    </p>
   </div>
   <div class='ocr_carea' id='block_1_97' title="bbox 2240 4441 3825 4520">
    <p class='ocr_par' dir='ltr' id='par_1_97' title="bbox 2240 4441 3825 4520">
     <span class='ocr_line' id='line_1_97' title="bbox 2240 4441 3825 4520; baseline 0.009 -29"><span class='ocrx_word' id='word_1_728' title='bbox 2240 4442 2332 4492; x_wconf 79' lang='grc' dir='ltr'>καὶ</span> <span class='ocrx_word' id='word_1_729' title='bbox 2373 4441 2535 4494; x_wconf 88' lang='grc' dir='ltr'>τίνων</span> <span class='ocrx_word' id='word_1_730' title='bbox 2576 4446 2693 4496; x_wconf 74' lang='grc' dir='ltr'>ἐστὶ</span> <span class='ocrx_word' id='word_1_731' title='bbox 2734 4445 3001 4509; x_wconf 86' lang='grc' dir='ltr'>διάκονος,</span> <span class='ocrx_word' id='word_1_732' title='bbox 3038 4449 3120 4501; x_wconf 84' lang='grc' dir='ltr'>ὅτι</span> <span class='ocrx_word' id='word_1_733' title='bbox 3168 4450 3228 4501; x_wconf 87' lang='grc' dir='ltr'>οὐ</span> <span class='ocrx_word' id='word_1_734' title='bbox 3283 4450 3607 4520; x_wconf 85' lang='grc' dir='ltr'>γράμματος</span> <span class='ocrx_word' id='word_1_735' title='bbox 3631 4492 3645 4514; x_wconf 95' lang='grc'>,</span> <span class='ocrx_word' id='word_1_736' title='bbox 3681 4452 3825 4505; x_wconf 79' lang='grc' dir='ltr'>ἀλλὰ</span> 
     </span>
    </p>
   </div>
   <div class='ocr_carea' id='block_1_98' title="bbox 2242 4532 3822 4610">
    <p class='ocr_par' dir='ltr' id='par_1_98' title="bbox 2242 4532 3822 4610">
     <span class='ocr_line' id='line_1_98' title="bbox 2242 4532 3822 4610; baseline 0.006 -28"><span class='ocrx_word' id='word_1_737' title='bbox 2242 4532 2557 4602; x_wconf 77' lang='grc' dir='ltr'>πνεύματος</span> <span class='ocrx_word' id='word_1_738' title='bbox 2586 4552 2598 4565; x_wconf 91' lang='grc'><strong>·</strong></span> <span class='ocrx_word' id='word_1_739' title='bbox 2634 4539 2728 4587; x_wconf 75' lang='grc' dir='ltr'>καὶ</span> <span class='ocrx_word' id='word_1_740' title='bbox 2763 4537 2844 4588; x_wconf 83' lang='grc' dir='ltr'>ὅτι</span> <span class='ocrx_word' id='word_1_741' title='bbox 2878 4540 2938 4589; x_wconf 87' lang='grc' dir='ltr'>οὐ</span> <span class='ocrx_word' id='word_1_742' title='bbox 2966 4540 3139 4609; x_wconf 85' lang='grc' dir='ltr'>τούτῳ</span> <span class='ocrx_word' id='word_1_743' title='bbox 3172 4540 3331 4610; x_wconf 88' lang='grc' dir='ltr'>μόνον</span> <span class='ocrx_word' id='word_1_744' title='bbox 3364 4540 3822 4608; x_wconf 74' lang='grc' dir='ltr'>αίδέσιμος,ἀλλὰ</span> 
     </span>
    </p>
   </div>
   <div class='ocr_carea' id='block_1_99' title="bbox 2238 4622 3821 4699">
    <p class='ocr_par' dir='ltr' id='par_1_99' title="bbox 2238 4622 3821 4699">
     <span class='ocr_line' id='line_1_99' title="bbox 2238 4622 3821 4699; baseline 0.015 -28"><span class='ocrx_word' id='word_1_745' title='bbox 2238 4622 2332 4672; x_wconf 68' lang='grc' dir='ltr'>καὶ</span> <span class='ocrx_word' id='word_1_746' title='bbox 2359 4625 2469 4682; x_wconf 80' lang='grc' dir='ltr'>τοῖς</span> <span class='ocrx_word' id='word_1_747' title='bbox 2494 4628 2820 4693; x_wconf 81' lang='grc' dir='ltr'>πειρασμοῖς</span> <span class='ocrx_word' id='word_1_748' title='bbox 2841 4644 2854 4657; x_wconf 76' lang='grc' dir='ltr'><strong>ο</strong></span> <span class='ocrx_word' id='word_1_749' title='bbox 2901 4628 2984 4693; x_wconf 84' lang='grc' dir='ltr'><em>Τῷ</em></span> <span class='ocrx_word' id='word_1_750' title='bbox 3013 4630 3134 4695; x_wconf 85' lang='grc' dir='ltr'>Θεῴ</span> <span class='ocrx_word' id='word_1_751' title='bbox 3168 4632 3294 4699; x_wconf 80' lang='grc' dir='ltr'>γὰρ,</span> <span class='ocrx_word' id='word_1_752' title='bbox 3323 4629 3457 4696; x_wconf 72' lang='grc' dir='ltr'>φησὶ</span> <span class='ocrx_word' id='word_1_753' title='bbox 3478 4670 3491 4692; x_wconf 82' lang='grc'>,</span> <span class='ocrx_word' id='word_1_754' title='bbox 3537 4629 3708 4697; x_wconf 80' lang='grc' dir='ltr'>χάρις</span> <span class='ocrx_word' id='word_1_755' title='bbox 3732 4629 3821 4695; x_wconf 69' lang='grc' dir='ltr'>τῷ</span> 
     </span>
    </p>
   </div>
   <div class='ocr_carea' id='block_1_100' title="bbox 2246 4711 3819 4789">
    <p class='ocr_par' dir='ltr' id='par_1_100' title="bbox 2246 4711 3819 4789">
     <span class='ocr_line' id='line_1_100' title="bbox 2246 4711 3819 4789; baseline 0.009 -29"><span class='ocrx_word' id='word_1_756' title='bbox 2246 4711 2505 4764; x_wconf 78' lang='grc' dir='ltr'>πάντοτε</span> <span class='ocrx_word' id='word_1_757' title='bbox 2546 4712 2703 4779; x_wconf 80' lang='grc' dir='ltr'>ἡμᾶς</span> <span class='ocrx_word' id='word_1_758' title='bbox 2724 4720 3132 4786; x_wconf 75' lang='grc' dir='ltr'>θριαμϐεύοντι</span> <span class='ocrx_word' id='word_1_759' title='bbox 3154 4737 3166 4749; x_wconf 92' lang='grc'><strong>·</strong></span> <span class='ocrx_word' id='word_1_760' title='bbox 3202 4720 3387 4789; x_wconf 86' lang='grc' dir='ltr'>μέλλει</span> <span class='ocrx_word' id='word_1_761' title='bbox 3417 4719 3599 4771; x_wconf 80' lang='grc' dir='ltr'>λοιπὸν</span> <span class='ocrx_word' id='word_1_762' title='bbox 3626 4721 3819 4785; x_wconf 80' lang='grc' dir='ltr'>αὐτοῖς</span> 
     </span>
    </p>
   </div>
   <div class='ocr_carea' id='block_1_101' title="bbox 2239 4803 3814 4883">
    <p class='ocr_par' dir='ltr' id='par_1_101' title="bbox 2239 4803 3814 4883">
     <span class='ocr_line' id='line_1_101' title="bbox 2239 4803 3814 4883; baseline 0.009 -31"><span class='ocrx_word' id='word_1_763' title='bbox 2239 4804 2332 4853; x_wconf 79' lang='grc' dir='ltr'>καὶ</span> <span class='ocrx_word' id='word_1_764' title='bbox 2359 4803 2637 4872; x_wconf 85' lang='grc' dir='ltr'>ἐπιτιμᾷν,</span> <span class='ocrx_word' id='word_1_765' title='bbox 2664 4806 2737 4869; x_wconf 85' lang='grc' dir='ltr'>ὡς</span> <span class='ocrx_word' id='word_1_766' title='bbox 2760 4809 2820 4860; x_wconf 87' lang='grc' dir='ltr'>οὐ</span> <span class='ocrx_word' id='word_1_767' title='bbox 2851 4812 3057 4882; x_wconf 75' lang='grc' dir='ltr'>σφόδρα</span> <span class='ocrx_word' id='word_1_768' title='bbox 3078 4812 3203 4881; x_wconf 70' lang='grc' dir='ltr'>περὶ</span> <span class='ocrx_word' id='word_1_769' title='bbox 3228 4812 3389 4863; x_wconf 86' lang='grc' dir='ltr'>αὐτὸν</span> <span class='ocrx_word' id='word_1_770' title='bbox 3417 4813 3814 4883; x_wconf 80' lang='grc' dir='ltr'>διακειμένοις.</span> 
     </span>
    </p>
   </div>
   <div class='ocr_carea' id='block_1_102' title="bbox 2253 4894 3817 4975">
    <p class='ocr_par' dir='ltr' id='par_1_102' title="bbox 2253 4894 3817 4975">
     <span class='ocr_line' id='line_1_102' title="bbox 2253 4894 3817 4975; baseline 0.01 -28"><span class='ocrx_word' id='word_1_771' title='bbox 2253 4894 2414 4947; x_wconf 80' lang='grc' dir='ltr'>Ἀλλά</span> <span class='ocrx_word' id='word_1_772' title='bbox 2449 4897 2657 4964; x_wconf 82' lang='grc' dir='ltr'>μέλλων</span> <span class='ocrx_word' id='word_1_773' title='bbox 2685 4941 2697 4962; x_wconf 94' lang='grc'>,</span> <span class='ocrx_word' id='word_1_774' title='bbox 2728 4902 2826 4954; x_wconf 86' lang='grc' dir='ltr'>οὐκ</span> <span class='ocrx_word' id='word_1_775' title='bbox 2856 4902 3056 4964; x_wconf 70' lang='grc' dir='ltr'>εὐθέως</span> <span class='ocrx_word' id='word_1_776' title='bbox 3103 4903 3194 4954; x_wconf 75' lang='grc' dir='ltr'>ἐπὶ</span> <span class='ocrx_word' id='word_1_777' title='bbox 3227 4902 3656 4975; x_wconf 81' lang='grc' dir='ltr'>τοῦτοέρχεται,</span> <span class='ocrx_word' id='word_1_778' title='bbox 3675 4906 3817 4962; x_wconf 83' lang='grc' dir='ltr'>ἀλλά</span> 
     </span>
    </p>
   </div>
   <div class='ocr_carea' id='block_1_103' title="bbox 2241 4984 3819 5067">
    <p class='ocr_par' dir='ltr' id='par_1_103' title="bbox 2241 4984 3819 5067">
     <span class='ocr_line' id='line_1_103' title="bbox 2241 4984 3819 5067; baseline 0.01 -32"><span class='ocrx_word' id='word_1_779' title='bbox 2241 4984 2509 5057; x_wconf 88' lang='grc' dir='ltr'>πρότερον</span> <span class='ocrx_word' id='word_1_780' title='bbox 2559 4990 2625 5041; x_wconf 70' lang='grc' dir='ltr'>τὰ</span> <span class='ocrx_word' id='word_1_781' title='bbox 2686 4994 2816 5063; x_wconf 75' lang='grc' dir='ltr'>περὶ</span> <span class='ocrx_word' id='word_1_782' title='bbox 2880 4997 2976 5063; x_wconf 79' lang='grc' dir='ltr'>τῆς</span> <span class='ocrx_word' id='word_1_783' title='bbox 3029 4994 3249 5064; x_wconf 78' lang='grc' dir='ltr'>ἀγάπης</span> <span class='ocrx_word' id='word_1_784' title='bbox 3318 4996 3509 5059; x_wconf 87' lang='grc' dir='ltr'>είπὼν,</span> <span class='ocrx_word' id='word_1_785' title='bbox 3558 5000 3625 5067; x_wconf 73' lang='grc' dir='ltr'>ῆν</span> <span class='ocrx_word' id='word_1_786' title='bbox 3682 5000 3819 5066; x_wconf 79' lang='grc' dir='ltr'>περὶ</span> 
     </span>
    </p>
   </div>
   <div class='ocr_carea' id='block_1_104' title="bbox 2240 5078 3817 5160">
    <p class='ocr_par' dir='ltr' id='par_1_104' title="bbox 2240 5078 3817 5160">
     <span class='ocr_line' id='line_1_104' title="bbox 2240 5078 3817 5160; baseline 0.011 -33"><span class='ocrx_word' id='word_1_787' title='bbox 2240 5078 2437 5138; x_wconf 84' lang='grc' dir='ltr'>αὐτοὺς</span> <span class='ocrx_word' id='word_1_788' title='bbox 2479 5080 2832 5137; x_wconf 79' lang='grc' dir='ltr'>ἐπεδείκνυτο</span> <span class='ocrx_word' id='word_1_789' title='bbox 2861 5125 2876 5150; x_wconf 97' lang='grc'>,</span> <span class='ocrx_word' id='word_1_790' title='bbox 2903 5085 3022 5136; x_wconf 86' lang='grc' dir='ltr'>τότε</span> <span class='ocrx_word' id='word_1_791' title='bbox 3050 5086 3298 5154; x_wconf 76' lang='grc' dir='ltr'>ἐμϐαίνει</span> <span class='ocrx_word' id='word_1_792' title='bbox 3334 5091 3426 5142; x_wconf 84' lang='grc' dir='ltr'>καὶ</span> <span class='ocrx_word' id='word_1_793' title='bbox 3463 5094 3540 5153; x_wconf 78' lang='grc' dir='ltr'>εἰς</span> <span class='ocrx_word' id='word_1_794' title='bbox 3566 5094 3654 5143; x_wconf 84' lang='grc' dir='ltr'>τὸν</span> <span class='ocrx_word' id='word_1_795' title='bbox 3685 5094 3817 5160; x_wconf 81' lang='grc' dir='ltr'>περὶ</span> 
     </span>
    </p>
   </div>
   <div class='ocr_carea' id='block_1_105' title="bbox 2239 5166 3815 5254">
    <p class='ocr_par' dir='ltr' id='par_1_105' title="bbox 2239 5166 3815 5254">
     <span class='ocr_line' id='line_1_105' title="bbox 2239 5166 3815 5254; baseline 0.011 -34"><span class='ocrx_word' id='word_1_796' title='bbox 2239 5166 2445 5222; x_wconf 88' lang='grc' dir='ltr'>τούτων</span> <span class='ocrx_word' id='word_1_797' title='bbox 2501 5171 2678 5241; x_wconf 78' lang='grc' dir='ltr'>λόγον.</span> <span class='ocrx_word' id='word_1_798' title='bbox 2711 5175 2775 5227; x_wconf 88' lang='grc' dir='ltr'>Εί</span> <span class='ocrx_word' id='word_1_799' title='bbox 2804 5175 2913 5244; x_wconf 84' lang='grc' dir='ltr'>γάρ</span> <span class='ocrx_word' id='word_1_800' title='bbox 2947 5176 3040 5227; x_wconf 80' lang='grc' dir='ltr'>καὶ</span> <span class='ocrx_word' id='word_1_801' title='bbox 3080 5178 3187 5229; x_wconf 82' lang='grc' dir='ltr'>ἀπὸ</span> <span class='ocrx_word' id='word_1_802' title='bbox 3218 5179 3328 5233; x_wconf 85' lang='grc' dir='ltr'>τῶν</span> <span class='ocrx_word' id='word_1_803' title='bbox 3366 5184 3583 5235; x_wconf 86' lang='grc' dir='ltr'>οἰκείων</span> <span class='ocrx_word' id='word_1_804' title='bbox 3605 5200 3815 5254; x_wconf 76' lang='grc' dir='ltr'>κατορ-</span> 
     </span>
    </p>
   </div>
   <div class='ocr_carea' id='block_1_106' title="bbox 2242 5257 3815 5343">
    <p class='ocr_par' dir='ltr' id='par_1_106' title="bbox 2242 5257 3815 5343">
     <span class='ocr_line' id='line_1_106' title="bbox 2242 5257 3815 5343; baseline 0.012 -33"><span class='ocrx_word' id='word_1_805' title='bbox 2242 5257 2514 5327; x_wconf 85' lang='grc' dir='ltr'>θωμάτων</span> <span class='ocrx_word' id='word_1_806' title='bbox 2540 5262 2819 5333; x_wconf 78' lang='grc' dir='ltr'>αἰδέσιμος</span> <span class='ocrx_word' id='word_1_807' title='bbox 2853 5266 2880 5317; x_wconf 87' lang='grc' dir='ltr'>ὁ</span> <span class='ocrx_word' id='word_1_808' title='bbox 2904 5266 3174 5335; x_wconf 83' lang='grc' dir='ltr'>ἐπιτιμῶν</span> <span class='ocrx_word' id='word_1_809' title='bbox 3203 5270 3288 5340; x_wconf 83' lang='grc' dir='ltr'>εῐη</span> <span class='ocrx_word' id='word_1_810' title='bbox 3313 5311 3328 5331; x_wconf 84' lang='grc'>,</span> <span class='ocrx_word' id='word_1_811' title='bbox 3360 5273 3480 5325; x_wconf 88' lang='grc' dir='ltr'>ἀλλ’</span> <span class='ocrx_word' id='word_1_812' title='bbox 3506 5274 3654 5343; x_wconf 84' lang='grc' dir='ltr'>ὅμως</span> <span class='ocrx_word' id='word_1_813' title='bbox 3681 5276 3815 5328; x_wconf 82' lang='grc' dir='ltr'>ὅταν</span> 
     </span>
    </p>
   </div>
   <div class='ocr_carea' id='block_1_107' title="bbox 2238 5351 3813 5435">
    <p class='ocr_par' dir='ltr' id='par_1_107' title="bbox 2238 5351 3813 5435">
     <span class='ocr_line' id='line_1_107' title="bbox 2238 5351 3813 5435; baseline 0.012 -36"><span class='ocrx_word' id='word_1_814' title='bbox 2238 5351 2331 5401; x_wconf 76' lang='grc' dir='ltr'>καὶ</span> <span class='ocrx_word' id='word_1_815' title='bbox 2358 5351 2456 5421; x_wconf 80' lang='grc' dir='ltr'>τὴν</span> <span class='ocrx_word' id='word_1_816' title='bbox 2486 5354 2666 5423; x_wconf 79' lang='grc' dir='ltr'>φιλίαν</span> <span class='ocrx_word' id='word_1_817' title='bbox 2687 5395 2702 5419; x_wconf 98' lang='grc'>,</span> <span class='ocrx_word' id='word_1_818' title='bbox 2729 5358 2796 5425; x_wconf 80' lang='grc' dir='ltr'>ἢν</span> <span class='ocrx_word' id='word_1_819' title='bbox 2834 5356 2947 5425; x_wconf 78' lang='grc' dir='ltr'>εχει</span> <span class='ocrx_word' id='word_1_820' title='bbox 2993 5359 3127 5429; x_wconf 81' lang='grc' dir='ltr'>πρὸς</span> <span class='ocrx_word' id='word_1_821' title='bbox 3172 5365 3298 5426; x_wconf 84' lang='grc' dir='ltr'>τοὺς</span> <span class='ocrx_word' id='word_1_822' title='bbox 3330 5364 3773 5435; x_wconf 77' lang='grc' dir='ltr'>ἐγκαλουμένους</span> <span class='ocrx_word' id='word_1_823' title='bbox 3795 5406 3813 5431; x_wconf 87' lang='grc'>,</span> 
     </span>
    </p>
   </div>
   <div class='ocr_carea' id='block_1_108' title="bbox 2237 5439 3813 5523">
    <p class='ocr_par' dir='ltr' id='par_1_108' title="bbox 2237 5439 3813 5523">
     <span class='ocr_line' id='line_1_108' title="bbox 2237 5439 3813 5523; baseline 0.011 -33"><span class='ocrx_word' id='word_1_824' title='bbox 2237 5439 2595 5512; x_wconf 71' lang='grc' dir='ltr'>ἐπιδείξηται,</span> <span class='ocrx_word' id='word_1_825' title='bbox 2650 5444 3121 5520; x_wconf 74' lang='grc' dir='ltr'>ἀνεπαχθέστιρον</span> <span class='ocrx_word' id='word_1_826' title='bbox 3172 5455 3317 5507; x_wconf 78' lang='grc' dir='ltr'>ποιεῖ</span> <span class='ocrx_word' id='word_1_827' title='bbox 3362 5454 3456 5507; x_wconf 76' lang='grc' dir='ltr'>τὸν</span> <span class='ocrx_word' id='word_1_828' title='bbox 3497 5454 3674 5523; x_wconf 85' lang='grc' dir='ltr'>λόγον.</span> <span class='ocrx_word' id='word_1_829' title='bbox 3708 5455 3813 5508; x_wconf 80' lang='grc' dir='ltr'>Διά</span> 
     </span>
    </p>
   </div>
   <div class='ocr_carea' id='block_1_109' title="bbox 2239 5530 3813 5615">
    <p class='ocr_par' dir='ltr' id='par_1_109' title="bbox 2239 5530 3813 5615">
     <span class='ocr_line' id='line_1_109' title="bbox 2239 5530 3813 5615; baseline 0.01 -33"><span class='ocrx_word' id='word_1_830' title='bbox 2239 5530 2398 5586; x_wconf 89' lang='grc' dir='ltr'>τοῦτο</span> <span class='ocrx_word' id='word_1_831' title='bbox 2437 5536 2531 5589; x_wconf 80' lang='grc' dir='ltr'>καὶ</span> <span class='ocrx_word' id='word_1_832' title='bbox 2575 5537 2741 5601; x_wconf 80' lang='grc' dir='ltr'>αὐτὸς</span> <span class='ocrx_word' id='word_1_833' title='bbox 2769 5539 2876 5591; x_wconf 84' lang='grc' dir='ltr'>ἀπὸ</span> <span class='ocrx_word' id='word_1_834' title='bbox 2904 5540 3013 5595; x_wconf 88' lang='grc' dir='ltr'>τῶν</span> <span class='ocrx_word' id='word_1_835' title='bbox 3040 5544 3361 5615; x_wconf 85' lang='grc' dir='ltr'>πειρασμῶν</span> <span class='ocrx_word' id='word_1_836' title='bbox 3387 5546 3483 5598; x_wconf 79' lang='grc' dir='ltr'>καὶ</span> <span class='ocrx_word' id='word_1_837' title='bbox 3508 5546 3614 5599; x_wconf 84' lang='grc' dir='ltr'>τῶν</span> <span class='ocrx_word' id='word_1_838' title='bbox 3647 5544 3813 5613; x_wconf 79' lang='grc' dir='ltr'>ιδρώ-</span> 
     </span>
    </p>
   </div>
   <div class='ocr_carea' id='block_1_110' title="bbox 2236 5625 3813 5706">
    <p class='ocr_par' dir='ltr' id='par_1_110' title="bbox 2236 5625 3813 5706">
     <span class='ocr_line' id='line_1_110' title="bbox 2236 5625 3813 5706; baseline 0.01 -31"><span class='ocrx_word' id='word_1_839' title='bbox 2236 5640 2344 5676; x_wconf 89' lang='grc' dir='ltr'>των</span> <span class='ocrx_word' id='word_1_840' title='bbox 2364 5625 2473 5679; x_wconf 88' lang='grc' dir='ltr'>τῶν</span> <span class='ocrx_word' id='word_1_841' title='bbox 2502 5627 2697 5682; x_wconf 81' lang='grc' dir='ltr'>ἑαυτοῦ</span> <span class='ocrx_word' id='word_1_842' title='bbox 2736 5632 2828 5683; x_wconf 78' lang='grc' dir='ltr'>καὶ</span> <span class='ocrx_word' id='word_1_843' title='bbox 2853 5631 2961 5685; x_wconf 86' lang='grc' dir='ltr'>τῶν</span> <span class='ocrx_word' id='word_1_844' title='bbox 2984 5635 3207 5703; x_wconf 82' lang='grc' dir='ltr'>ἀγώνων</span> <span class='ocrx_word' id='word_1_845' title='bbox 3241 5635 3431 5703; x_wconf 74' lang='grc' dir='ltr'>ἐκϐάς,</span> <span class='ocrx_word' id='word_1_846' title='bbox 3462 5640 3540 5701; x_wconf 77' lang='grc' dir='ltr'>εἰς</span> <span class='ocrx_word' id='word_1_847' title='bbox 3563 5636 3654 5688; x_wconf 84' lang='grc' dir='ltr'>τὸν</span> <span class='ocrx_word' id='word_1_848' title='bbox 3678 5636 3813 5706; x_wconf 76' lang='grc' dir='ltr'>περὶ</span> 
     </span>
    </p>
   </div>
   <div class='ocr_carea' id='block_1_111' title="bbox 2236 5714 3806 5797">
    <p class='ocr_par' dir='ltr' id='par_1_111' title="bbox 2236 5714 3806 5797">
     <span class='ocr_line' id='line_1_111' title="bbox 2236 5714 3806 5797; baseline 0.002 -19"><span class='ocrx_word' id='word_1_849' title='bbox 2236 5714 2335 5783; x_wconf 79' lang='grc' dir='ltr'>τῆς</span> <span class='ocrx_word' id='word_1_850' title='bbox 2354 5717 2575 5789; x_wconf 79' lang='grc' dir='ltr'>ἀγάπης</span> <span class='ocrx_word' id='word_1_851' title='bbox 2602 5722 2919 5787; x_wconf 71' lang='grc' dir='ltr'>μεταϐαίνει</span> <span class='ocrx_word' id='word_1_852' title='bbox 2946 5724 3122 5797; x_wconf 81' lang='grc' dir='ltr'>λόγον,</span> <span class='ocrx_word' id='word_1_853' title='bbox 3154 5727 3247 5781; x_wconf 74' lang='grc' dir='ltr'>καί</span> <span class='ocrx_word' id='word_1_854' title='bbox 3264 5727 3433 5793; x_wconf 74' lang='grc' dir='ltr'>οὕτως</span> <span class='ocrx_word' id='word_1_855' title='bbox 3457 5726 3637 5781; x_wconf 73' lang='grc' dir='ltr'>αὐτῶν</span> <span class='ocrx_word' id='word_1_856' title='bbox 3668 5729 3806 5781; x_wconf 75' lang='grc' dir='ltr'>καθ-</span> 
     </span>
    </p>
   </div>
  </div>
