  <div class='ocr_page' id='page_1' title='image "/cluster/home/n/w/nwhite01/storage/ocr_20150623/61/nnc1.0022379681/498.png"; bbox 0 0 4022 6258; ppageno 0'>
   <div class='ocr_carea' id='block_1_1' title="bbox 235 408 337 463">
    <p class='ocr_par' dir='ltr' id='par_1_1' title="bbox 235 408 337 463">
     <span class='ocr_line' id='line_1_1' title="bbox 235 408 337 463; baseline 0.029 -3"><span class='ocrx_word' id='word_1_1' title='bbox 235 408 337 463; x_wconf 71' lang='lat'><strong>£39</strong></span> 
     </span>
    </p>
   </div>
   <div class='ocr_carea' id='block_1_2' title="bbox 236 514 1823 595">
    <p class='ocr_par' dir='ltr' id='par_1_2' title="bbox 236 514 1823 595">
     <span class='ocr_line' id='line_1_2' title="bbox 236 514 1823 595; baseline -0.008 -16"><span class='ocrx_word' id='word_1_2' title='bbox 236 523 448 595; x_wconf 77' lang='lat' dir='ltr'><strong>profusa</strong></span> <span class='ocrx_word' id='word_1_3' title='bbox 484 522 570 577; x_wconf 85' lang='lat' dir='ltr'><strong>illa</strong></span> <span class='ocrx_word' id='word_1_4' title='bbox 594 528 648 576; x_wconf 89' lang='lat' dir='ltr'><strong>et</strong></span> <span class='ocrx_word' id='word_1_5' title='bbox 672 520 935 591; x_wconf 75' lang='lat' dir='ltr'><strong>exquisita</strong></span> <span class='ocrx_word' id='word_1_6' title='bbox 979 518 1101 573; x_wconf 68' lang='lat' dir='ltr'><strong>vita:</strong></span> <span class='ocrx_word' id='word_1_7' title='bbox 1131 515 1270 573; x_wconf 81' lang='lat' dir='ltr'><strong>ratio</strong></span> <span class='ocrx_word' id='word_1_8' title='bbox 1298 516 1416 572; x_wconf 89' lang='lat' dir='ltr'><strong>ideo</strong></span> <span class='ocrx_word' id='word_1_9' title='bbox 1449 515 1542 570; x_wconf 90' lang='lat' dir='ltr'><strong>tibi</strong></span> <span class='ocrx_word' id='word_1_10' title='bbox 1573 514 1726 571; x_wconf 86' lang='lat' dir='ltr'><strong>beata</strong></span> <span class='ocrx_word' id='word_1_11' title='bbox 1766 521 1823 569; x_wconf 90' lang='lat' dir='ltr'><strong>et</strong></span> 
     </span>
    </p>
   </div>
   <div class='ocr_carea' id='block_1_3' title="bbox 236 608 1815 682">
    <p class='ocr_par' dir='ltr' id='par_1_3' title="bbox 236 608 1815 682">
     <span class='ocr_line' id='line_1_3' title="bbox 236 608 1815 682; baseline -0.007 -10"><span class='ocrx_word' id='word_1_12' title='bbox 236 615 529 676; x_wconf 75' lang='lat' dir='ltr'><strong>exnetenda</strong></span> <span class='ocrx_word' id='word_1_13' title='bbox 557 629 677 670; x_wconf 85' lang='lat' dir='ltr'><strong>esse</strong></span> <span class='ocrx_word' id='word_1_14' title='bbox 703 613 945 677; x_wconf 88' lang='lat' dir='ltr'><strong>videtur,</strong></span> <span class='ocrx_word' id='word_1_15' title='bbox 979 610 1121 682; x_wconf 90' lang='lat' dir='ltr'><strong>quod</strong></span> <span class='ocrx_word' id='word_1_16' title='bbox 1150 610 1357 681; x_wconf 80' lang='lat' dir='ltr'><strong>majore</strong></span> <span class='ocrx_word' id='word_1_17' title='bbox 1392 608 1661 678; x_wconf 72' lang='lat' dir='ltr'><strong>voluptate</strong></span> <span class='ocrx_word' id='word_1_18' title='bbox 1693 622 1815 678; x_wconf 83' lang='lat' dir='ltr'><strong>per-</strong></span> 
     </span>
    </p>
   </div>
   <div class='ocr_carea' id='block_1_4' title="bbox 236 704 1817 776">
    <p class='ocr_par' dir='ltr' id='par_1_4' title="bbox 236 704 1817 776">
     <span class='ocr_line' id='line_1_4' title="bbox 236 704 1817 776; baseline -0.004 -16"><span class='ocrx_word' id='word_1_19' title='bbox 236 706 349 763; x_wconf 81' lang='lat' dir='ltr'><strong>l’nsa</strong></span> <span class='ocrx_word' id='word_1_20' title='bbox 376 706 473 771; x_wconf 87' lang='lat' dir='ltr'><strong>sit;</strong></span> <span class='ocrx_word' id='word_1_21' title='bbox 498 706 593 772; x_wconf 77' lang='lat' dir='ltr'><strong>sed</strong></span> <span class='ocrx_word' id='word_1_22' title='bbox 635 704 864 776; x_wconf 81' lang='lat' dir='ltr'><strong>amplior</strong></span> <span class='ocrx_word' id='word_1_23' title='bbox 900 704 1143 773; x_wconf 80' lang='lat' dir='ltr'><strong>voluptas</strong></span> <span class='ocrx_word' id='word_1_24' title='bbox 1173 716 1336 774; x_wconf 89' lang='lat' dir='ltr'><strong>penes</strong></span> <span class='ocrx_word' id='word_1_25' title='bbox 1382 714 1665 771; x_wconf 82' lang='lat' dir='ltr'><strong>pauperem</strong></span> <span class='ocrx_word' id='word_1_26' title='bbox 1715 708 1817 764; x_wconf 85' lang='lat' dir='ltr'><strong>est,</strong></span> 
     </span>
    </p>
   </div>
   <div class='ocr_carea' id='block_1_5' title="bbox 235 792 1820 868">
    <p class='ocr_par' dir='ltr' id='par_1_5' title="bbox 235 792 1820 868">
     <span class='ocr_line' id='line_1_5' title="bbox 235 792 1820 868; baseline -0.004 -14"><span class='ocrx_word' id='word_1_27' title='bbox 235 814 331 854; x_wconf 91' lang='lat' dir='ltr'><strong>nec</strong></span> <span class='ocrx_word' id='word_1_28' title='bbox 358 800 531 853; x_wconf 87' lang='lat' dir='ltr'><strong>solum</strong></span> <span class='ocrx_word' id='word_1_29' title='bbox 562 799 827 868; x_wconf 86' lang='lat' dir='ltr'><strong>voluptas,</strong></span> <span class='ocrx_word' id='word_1_30' title='bbox 854 797 949 853; x_wconf 89' lang='lat' dir='ltr'><strong>sed</strong></span> <span class='ocrx_word' id='word_1_31' title='bbox 986 797 1146 851; x_wconf 91' lang='lat' dir='ltr'><strong>etiam</strong></span> <span class='ocrx_word' id='word_1_32' title='bbox 1184 795 1419 861; x_wconf 88' lang='lat' dir='ltr'><strong>sanitas;</strong></span> <span class='ocrx_word' id='word_1_33' title='bbox 1446 802 1606 864; x_wconf 88' lang='lat' dir='ltr'><strong>atque</strong></span> <span class='ocrx_word' id='word_1_34' title='bbox 1633 794 1686 849; x_wconf 90' lang='lat' dir='ltr'><strong>in</strong></span> <span class='ocrx_word' id='word_1_35' title='bbox 1719 792 1820 848; x_wconf 90' lang='lat' dir='ltr'><strong>hoc</strong></span> 
     </span>
    </p>
   </div>
   <div class='ocr_carea' id='block_1_6' title="bbox 233 885 1819 961">
    <p class='ocr_par' dir='ltr' id='par_1_6' title="bbox 233 885 1819 961">
     <span class='ocr_line' id='line_1_6' title="bbox 233 885 1819 961; baseline -0.004 -15"><span class='ocrx_word' id='word_1_36' title='bbox 233 893 345 946; x_wconf 82' lang='lat' dir='ltr'><strong>solo</strong></span> <span class='ocrx_word' id='word_1_37' title='bbox 372 892 615 961; x_wconf 84' lang='lat' dir='ltr'><strong>superior</strong></span> <span class='ocrx_word' id='word_1_38' title='bbox 658 901 741 945; x_wconf 90' lang='lat' dir='ltr'><strong>est</strong></span> <span class='ocrx_word' id='word_1_39' title='bbox 784 890 953 955; x_wconf 80' lang='lat' dir='ltr'><strong>dives,</strong></span> <span class='ocrx_word' id='word_1_40' title='bbox 983 889 1123 960; x_wconf 89' lang='lat' dir='ltr'><strong>quod</strong></span> <span class='ocrx_word' id='word_1_41' title='bbox 1151 887 1469 943; x_wconf 79' lang='lat' dir='ltr'><strong>imbecillius</strong></span> <span class='ocrx_word' id='word_1_42' title='bbox 1496 885 1594 941; x_wconf 69' lang='lat' dir='ltr'><strong>sibi</strong></span> <span class='ocrx_word' id='word_1_43' title='bbox 1623 900 1819 954; x_wconf 86' lang='lat' dir='ltr'><strong>corpus</strong></span> 
     </span>
    </p>
   </div>
   <div class='ocr_carea' id='block_1_7' title="bbox 233 976 1819 1052">
    <p class='ocr_par' dir='ltr' id='par_1_7' title="bbox 233 976 1819 1052">
     <span class='ocr_line' id='line_1_7' title="bbox 233 976 1819 1052; baseline -0.004 -14"><span class='ocrx_word' id='word_1_44' title='bbox 233 984 449 1049; x_wconf 70' lang='lat' dir='ltr'><strong>efﬁciat,</strong></span> <span class='ocrx_word' id='word_1_45' title='bbox 480 998 542 1036; x_wconf 86' lang='lat' dir='ltr'><strong>ac</strong></span> <span class='ocrx_word' id='word_1_46' title='bbox 565 983 744 1052; x_wconf 86' lang='lat' dir='ltr'><strong>plures</strong></span> <span class='ocrx_word' id='word_1_47' title='bbox 767 983 1075 1038; x_wconf 84' lang='lat' dir='ltr'><strong>morborum</strong></span> <span class='ocrx_word' id='word_1_48' title='bbox 1099 980 1272 1034; x_wconf 80' lang='lat' dir='ltr'><strong>fontes</strong></span> <span class='ocrx_word' id='word_1_49' title='bbox 1293 979 1526 1049; x_wconf 93' lang='lat' dir='ltr'><strong>colligat.</strong></span> <span class='ocrx_word' id='word_1_50' title='bbox 1551 976 1819 1048; x_wconf 79' lang='lat' dir='ltr'><strong>Quidquid</strong></span> 
     </span>
    </p>
   </div>
   <div class='ocr_carea' id='block_1_8' title="bbox 232 1072 1820 1147">
    <p class='ocr_par' dir='ltr' id='par_1_8' title="bbox 232 1072 1820 1147">
     <span class='ocr_line' id='line_1_8' title="bbox 232 1072 1820 1147; baseline -0.003 -16"><span class='ocrx_word' id='word_1_51' title='bbox 232 1077 373 1131; x_wconf 90' lang='lat' dir='ltr'><strong>enim</strong></span> <span class='ocrx_word' id='word_1_52' title='bbox 409 1090 609 1147; x_wconf 80' lang='lat' dir='ltr'><strong>pauper</strong></span> <span class='ocrx_word' id='word_1_53' title='bbox 634 1077 778 1141; x_wconf 90' lang='lat' dir='ltr'><strong>edit,</strong></span> <span class='ocrx_word' id='word_1_54' title='bbox 814 1076 972 1129; x_wconf 89' lang='lat' dir='ltr'><strong>modo</strong></span> <span class='ocrx_word' id='word_1_55' title='bbox 1014 1075 1207 1130; x_wconf 90' lang='lat' dir='ltr'><strong>rationi</strong></span> <span class='ocrx_word' id='word_1_56' title='bbox 1250 1082 1613 1128; x_wconf 87' lang='lat' dir='ltr'><strong>consentaneo</strong></span> <span class='ocrx_word' id='word_1_57' title='bbox 1652 1072 1820 1127; x_wconf 89' lang='lat' dir='ltr'><strong>admi-</strong></span> 
     </span>
    </p>
   </div>
   <div class='ocr_carea' id='block_1_9' title="bbox 232 1164 1815 1240">
    <p class='ocr_par' dir='ltr' id='par_1_9' title="bbox 232 1164 1815 1240">
     <span class='ocr_line' id='line_1_9' title="bbox 232 1164 1815 1240; baseline -0.004 -17"><span class='ocrx_word' id='word_1_58' title='bbox 232 1171 517 1233; x_wconf 88' lang='lat' dir='ltr'><strong>nistratur;</strong></span> <span class='ocrx_word' id='word_1_59' title='bbox 556 1167 810 1240; x_wconf 87' lang='lat' dir='ltr'><strong>quidquid</strong></span> <span class='ocrx_word' id='word_1_60' title='bbox 836 1175 1012 1222; x_wconf 88' lang='lat' dir='ltr'><strong>autem</strong></span> <span class='ocrx_word' id='word_1_61' title='bbox 1040 1166 1189 1221; x_wconf 83' lang='lat' dir='ltr'><strong>dives</strong></span> <span class='ocrx_word' id='word_1_62' title='bbox 1211 1208 1226 1232; x_wconf 95' lang='lat'><strong>,</strong></span> <span class='ocrx_word' id='word_1_63' title='bbox 1259 1166 1381 1236; x_wconf 86' lang='lat' dir='ltr'><strong>quia</strong></span> <span class='ocrx_word' id='word_1_64' title='bbox 1411 1164 1626 1219; x_wconf 90' lang='lat' dir='ltr'><strong>modum</strong></span> <span class='ocrx_word' id='word_1_65' title='bbox 1656 1178 1815 1219; x_wconf 58' lang='lat' dir='ltr'><strong>exce-</strong></span> 
     </span>
    </p>
   </div>
   <div class='ocr_carea' id='block_1_10' title="bbox 229 1258 1435 1329">
    <p class='ocr_par' dir='ltr' id='par_1_10' title="bbox 229 1258 1435 1329">
     <span class='ocr_line' id='line_1_10' title="bbox 229 1258 1435 1329; baseline -0.002 -15"><span class='ocrx_word' id='word_1_66' title='bbox 229 1259 326 1326; x_wconf 90' lang='lat' dir='ltr'><strong>dit,</strong></span> <span class='ocrx_word' id='word_1_67' title='bbox 362 1261 415 1315; x_wconf 88' lang='lat' dir='ltr'><strong>in</strong></span> <span class='ocrx_word' id='word_1_68' title='bbox 442 1262 837 1329; x_wconf 82' lang='lat' dir='ltr'><strong>corruptionem</strong></span> <span class='ocrx_word' id='word_1_69' title='bbox 864 1258 1057 1312; x_wconf 80' lang='lat' dir='ltr'><strong>desinit</strong></span> <span class='ocrx_word' id='word_1_70' title='bbox 1081 1268 1133 1312; x_wconf 91' lang='lat' dir='ltr'><strong>et</strong></span> <span class='ocrx_word' id='word_1_71' title='bbox 1165 1258 1435 1312; x_wconf 83' lang='lat' dir='ltr'><strong>morbum.</strong></span> 
     </span>
    </p>
   </div>
   <div class='ocr_carea' id='block_1_11' title="bbox 298 1348 1819 1423">
    <p class='ocr_par' dir='ltr' id='par_1_11' title="bbox 298 1348 1819 1423">
     <span class='ocr_line' id='line_1_11' title="bbox 298 1348 1819 1423; baseline -0.005 -16"><span class='ocrx_word' id='word_1_72' title='bbox 298 1355 350 1407; x_wconf 84' lang='lat'><strong>6.</strong></span> <span class='ocrx_word' id='word_1_73' title='bbox 385 1352 537 1420; x_wconf 87' lang='lat' dir='ltr'><strong>Quod</strong></span> <span class='ocrx_word' id='word_1_74' title='bbox 567 1352 611 1407; x_wconf 88' lang='lat' dir='ltr'><strong>si</strong></span> <span class='ocrx_word' id='word_1_75' title='bbox 640 1352 835 1423; x_wconf 77' lang='lat' dir='ltr'><strong>placet,</strong></span> <span class='ocrx_word' id='word_1_76' title='bbox 877 1349 1126 1419; x_wconf 81' lang='lat' dir='ltr'><strong>exemplo</strong></span> <span class='ocrx_word' id='word_1_77' title='bbox 1154 1349 1291 1403; x_wconf 83' lang='lat' dir='ltr'><strong>istud</strong></span> <span class='ocrx_word' id='word_1_78' title='bbox 1327 1349 1498 1418; x_wconf 87' lang='lat' dir='ltr'><strong>ipsum</strong></span> <span class='ocrx_word' id='word_1_79' title='bbox 1529 1348 1819 1418; x_wconf 89' lang='lat' dir='ltr'><strong>perspicia-</strong></span> 
     </span>
    </p>
   </div>
   <div class='ocr_carea' id='block_1_12' title="bbox 230 1439 1816 1513">
    <p class='ocr_par' dir='ltr' id='par_1_12' title="bbox 230 1439 1816 1513">
     <span class='ocr_line' id='line_1_12' title="bbox 230 1439 1816 1513; baseline -0.003 -15"><span class='ocrx_word' id='word_1_80' title='bbox 230 1460 366 1499; x_wconf 92' lang='lat' dir='ltr'><strong>mus.</strong></span> <span class='ocrx_word' id='word_1_81' title='bbox 398 1444 453 1499; x_wconf 87' lang='lat' dir='ltr'><strong>Si</strong></span> <span class='ocrx_word' id='word_1_82' title='bbox 478 1458 637 1513; x_wconf 83' lang='lat' dir='ltr'><strong>rogus</strong></span> <span class='ocrx_word' id='word_1_83' title='bbox 664 1440 1038 1497; x_wconf 79' lang='lat' dir='ltr'><strong>accendendus</strong></span> <span class='ocrx_word' id='word_1_84' title='bbox 1066 1440 1154 1501; x_wconf 85' lang='lat' dir='ltr'><strong>sit,</strong></span> <span class='ocrx_word' id='word_1_85' title='bbox 1185 1449 1346 1510; x_wconf 90' lang='lat' dir='ltr'><strong>atque</strong></span> <span class='ocrx_word' id='word_1_86' title='bbox 1375 1441 1463 1495; x_wconf 92' lang='lat' dir='ltr'><strong>ille</strong></span> <span class='ocrx_word' id='word_1_87' title='bbox 1488 1439 1704 1510; x_wconf 86' lang='lat' dir='ltr'><strong>quidem</strong></span> <span class='ocrx_word' id='word_1_88' title='bbox 1728 1455 1816 1494; x_wconf 88' lang='lat' dir='ltr'><strong>se-</strong></span> 
     </span>
    </p>
   </div>
   <div class='ocr_carea' id='block_1_13' title="bbox 229 1531 1815 1604">
    <p class='ocr_par' dir='ltr' id='par_1_13' title="bbox 229 1531 1815 1604">
     <span class='ocr_line' id='line_1_13' title="bbox 229 1531 1815 1604; baseline -0.001 -17"><span class='ocrx_word' id='word_1_89' title='bbox 229 1538 363 1590; x_wconf 88' lang='lat' dir='ltr'><strong>ticas</strong></span> <span class='ocrx_word' id='word_1_90' title='bbox 407 1544 581 1589; x_wconf 81' lang='lat' dir='ltr'><strong>vestes</strong></span> <span class='ocrx_word' id='word_1_91' title='bbox 624 1542 679 1589; x_wconf 91' lang='lat' dir='ltr'><strong>et</strong></span> <span class='ocrx_word' id='word_1_92' title='bbox 720 1532 979 1604; x_wconf 84' lang='lat' dir='ltr'><strong>permulta</strong></span> <span class='ocrx_word' id='word_1_93' title='bbox 1028 1533 1173 1587; x_wconf 91' lang='lat' dir='ltr'><strong>tenui</strong></span> <span class='ocrx_word' id='word_1_94' title='bbox 1221 1531 1311 1585; x_wconf 95' lang='lat' dir='ltr'><strong>ﬁlo</strong></span> <span class='ocrx_word' id='word_1_95' title='bbox 1359 1540 1607 1587; x_wconf 79' lang='lat' dir='ltr'><strong>contexta</strong></span> <span class='ocrx_word' id='word_1_96' title='bbox 1652 1532 1815 1585; x_wconf 88' lang='lat' dir='ltr'><strong>lintea</strong></span> 
     </span>
    </p>
   </div>
   <div class='ocr_carea' id='block_1_14' title="bbox 228 1623 1812 1696">
    <p class='ocr_par' dir='ltr' id='par_1_14' title="bbox 228 1623 1812 1696">
     <span class='ocr_line' id='line_1_14' title="bbox 228 1623 1812 1696; baseline -0.001 -16"><span class='ocrx_word' id='word_1_97' title='bbox 228 1628 447 1695; x_wconf 83' lang='lat' dir='ltr'><strong>iujiciat,</strong></span> <span class='ocrx_word' id='word_1_98' title='bbox 479 1636 639 1696; x_wconf 86' lang='lat' dir='ltr'><strong>atque</strong></span> <span class='ocrx_word' id='word_1_99' title='bbox 663 1626 733 1679; x_wconf 90' lang='lat' dir='ltr'><strong>ita</strong></span> <span class='ocrx_word' id='word_1_100' title='bbox 772 1640 895 1681; x_wconf 89' lang='lat' dir='ltr'><strong>eum</strong></span> <span class='ocrx_word' id='word_1_101' title='bbox 933 1625 1213 1691; x_wconf 86' lang='lat' dir='ltr'><strong>accendat,</strong></span> <span class='ocrx_word' id='word_1_102' title='bbox 1248 1623 1334 1679; x_wconf 91' lang='lat' dir='ltr'><strong>hic</strong></span> <span class='ocrx_word' id='word_1_103' title='bbox 1366 1633 1553 1679; x_wconf 92' lang='lat' dir='ltr'><strong>contra</strong></span> <span class='ocrx_word' id='word_1_104' title='bbox 1582 1640 1812 1695; x_wconf 88' lang='lat' dir='ltr'><strong>quercea</strong></span> 
     </span>
    </p>
   </div>
   <div class='ocr_carea' id='block_1_15' title="bbox 223 1716 1814 1793">
    <p class='ocr_par' dir='ltr' id='par_1_15' title="bbox 223 1716 1814 1793">
     <span class='ocr_line' id='line_1_15' title="bbox 223 1716 1814 1793; baseline -0.002 -17"><span class='ocrx_word' id='word_1_105' title='bbox 223 1731 278 1776; x_wconf 89' lang='lat' dir='ltr'><strong>et</strong></span> <span class='ocrx_word' id='word_1_106' title='bbox 317 1723 466 1790; x_wconf 90' lang='lat' dir='ltr'><strong>picea</strong></span> <span class='ocrx_word' id='word_1_107' title='bbox 516 1722 677 1793; x_wconf 83' lang='lat' dir='ltr'><strong>ligna,</strong></span> <span class='ocrx_word' id='word_1_108' title='bbox 709 1716 836 1791; x_wconf 90' lang='lat' dir='ltr'><strong>quid</strong></span> <span class='ocrx_word' id='word_1_109' title='bbox 876 1721 1105 1789; x_wconf 89' lang='lat' dir='ltr'><strong>amplius</strong></span> <span class='ocrx_word' id='word_1_110' title='bbox 1137 1719 1225 1774; x_wconf 92' lang='lat' dir='ltr'><strong>ille</strong></span> <span class='ocrx_word' id='word_1_111' title='bbox 1277 1719 1436 1789; x_wconf 67' lang='lat' dir='ltr'><strong>liabet</strong></span> <span class='ocrx_word' id='word_1_112' title='bbox 1484 1734 1642 1788; x_wconf 89' lang='lat' dir='ltr'><strong>quam</strong></span> <span class='ocrx_word' id='word_1_113' title='bbox 1689 1719 1814 1773; x_wconf 87' lang='lat' dir='ltr'><strong>hic?</strong></span> 
     </span>
    </p>
   </div>
   <div class='ocr_carea' id='block_1_16' title="bbox 225 1809 1813 1880">
    <p class='ocr_par' dir='ltr' id='par_1_16' title="bbox 225 1809 1813 1880">
     <span class='ocr_line' id='line_1_16' title="bbox 225 1809 1813 1880; baseline -0.001 -15"><span class='ocrx_word' id='word_1_114' title='bbox 225 1812 363 1866; x_wconf 71' lang='lat' dir='ltr'><strong>Nihil</strong></span> <span class='ocrx_word' id='word_1_115' title='bbox 391 1826 555 1875; x_wconf 88' lang='lat' dir='ltr'><strong>sane;</strong></span> <span class='ocrx_word' id='word_1_116' title='bbox 588 1812 695 1866; x_wconf 90' lang='lat' dir='ltr'><strong>imo</strong></span> <span class='ocrx_word' id='word_1_117' title='bbox 726 1810 949 1866; x_wconf 79' lang='lat' dir='ltr'><strong>inferius</strong></span> <span class='ocrx_word' id='word_1_118' title='bbox 976 1810 1137 1865; x_wconf 81' lang='lat' dir='ltr'><strong>etiam</strong></span> <span class='ocrx_word' id='word_1_119' title='bbox 1169 1809 1466 1880; x_wconf 85' lang='lat' dir='ltr'><strong>quidpiam.</strong></span> <span class='ocrx_word' id='word_1_120' title='bbox 1496 1810 1631 1878; x_wconf 86' lang='lat' dir='ltr'><strong>Quid</strong></span> <span class='ocrx_word' id='word_1_121' title='bbox 1664 1810 1813 1863; x_wconf 86' lang='lat' dir='ltr'><strong>vero?</strong></span> 
     </span>
    </p>
   </div>
   <div class='ocr_carea' id='block_1_17' title="bbox 220 1902 1814 1974">
    <p class='ocr_par' dir='ltr' id='par_1_17' title="bbox 220 1902 1814 1974">
     <span class='ocr_line' id='line_1_17' title="bbox 220 1902 1814 1974; baseline -0.001 -15"><span class='ocrx_word' id='word_1_122' title='bbox 220 1904 377 1973; x_wconf 81' lang='lat' dir='ltr'><strong>(nihil</strong></span> <span class='ocrx_word' id='word_1_123' title='bbox 408 1908 549 1959; x_wconf 90' lang='lat' dir='ltr'><strong>enim</strong></span> <span class='ocrx_word' id='word_1_124' title='bbox 581 1904 827 1974; x_wconf 83' lang='lat' dir='ltr'><strong>prohibet</strong></span> <span class='ocrx_word' id='word_1_125' title='bbox 866 1904 1153 1974; x_wconf 88' lang='lat' dir='ltr'><strong>quominus</strong></span> <span class='ocrx_word' id='word_1_126' title='bbox 1184 1903 1324 1957; x_wconf 88' lang='lat' dir='ltr'><strong>idem</strong></span> <span class='ocrx_word' id='word_1_127' title='bbox 1363 1904 1667 1971; x_wconf 80' lang='lat' dir='ltr'><strong>exemplum</strong></span> <span class='ocrx_word' id='word_1_128' title='bbox 1710 1902 1814 1957; x_wconf 90' lang='lat' dir='ltr'><strong>alio</strong></span> 
     </span>
    </p>
   </div>
   <div class='ocr_carea' id='block_1_18' title="bbox 221 1997 1815 2066">
    <p class='ocr_par' dir='ltr' id='par_1_18' title="bbox 221 1997 1815 2066">
     <span class='ocr_line' id='line_1_18' title="bbox 221 1997 1815 2066; baseline -0.001 -18"><span class='ocrx_word' id='word_1_129' title='bbox 221 1997 380 2051; x_wconf 88' lang='lat' dir='ltr'><strong>modo</strong></span> <span class='ocrx_word' id='word_1_130' title='bbox 408 1997 762 2065; x_wconf 90' lang='lat' dir='ltr'><strong>invertatnus)</strong></span> <span class='ocrx_word' id='word_1_131' title='bbox 803 1998 845 2051; x_wconf 92' lang='lat' dir='ltr'><strong>si</strong></span> <span class='ocrx_word' id='word_1_132' title='bbox 890 1998 1025 2050; x_wconf 71' lang='lat' dir='ltr'><strong>alter</strong></span> <span class='ocrx_word' id='word_1_133' title='bbox 1056 1998 1216 2066; x_wconf 85' lang='lat' dir='ltr'><strong>ligna,</strong></span> <span class='ocrx_word' id='word_1_134' title='bbox 1252 1997 1389 2050; x_wconf 82' lang='lat' dir='ltr'><strong>alter</strong></span> <span class='ocrx_word' id='word_1_135' title='bbox 1427 2012 1650 2065; x_wconf 84' lang='lat' dir='ltr'><strong>corpora</strong></span> <span class='ocrx_word' id='word_1_136' title='bbox 1685 2012 1815 2049; x_wconf 80' lang='lat' dir='ltr'><strong>exu-</strong></span> 
     </span>
    </p>
   </div>
   <div class='ocr_carea' id='block_1_19' title="bbox 220 2086 1812 2159">
    <p class='ocr_par' dir='ltr' id='par_1_19' title="bbox 220 2086 1812 2159">
     <span class='ocr_line' id='line_1_19' title="bbox 220 2086 1812 2159; baseline -0.002 -16"><span class='ocrx_word' id='word_1_137' title='bbox 220 2089 382 2143; x_wconf 88' lang='lat' dir='ltr'><strong>renda</strong></span> <span class='ocrx_word' id='word_1_138' title='bbox 412 2089 464 2144; x_wconf 91' lang='lat' dir='ltr'><strong>in</strong></span> <span class='ocrx_word' id='word_1_139' title='bbox 496 2104 681 2159; x_wconf 86' lang='lat' dir='ltr'><strong>rogum</strong></span> <span class='ocrx_word' id='word_1_140' title='bbox 710 2089 949 2158; x_wconf 81' lang='lat' dir='ltr'><strong>injecet&#39;it</strong></span> <span class='ocrx_word' id='word_1_141' title='bbox 973 2130 985 2151; x_wconf 88' lang='lat'><strong>,</strong></span> <span class='ocrx_word' id='word_1_142' title='bbox 1017 2089 1119 2141; x_wconf 89' lang='lat' dir='ltr'><strong>utri</strong></span> <span class='ocrx_word' id='word_1_143' title='bbox 1153 2088 1366 2141; x_wconf 85' lang='lat' dir='ltr'><strong>tandem</strong></span> <span class='ocrx_word' id='word_1_144' title='bbox 1394 2102 1521 2155; x_wconf 82' lang='lat' dir='ltr'><strong>rogo</strong></span> <span class='ocrx_word' id='word_1_145' title='bbox 1545 2086 1812 2140; x_wconf 82' lang='lat' dir='ltr'><strong>lubentius</strong></span> 
     </span>
    </p>
   </div>
   <div class='ocr_carea' id='block_1_20' title="bbox 223 2178 1813 2251">
    <p class='ocr_par' dir='ltr' id='par_1_20' title="bbox 223 2178 1813 2251">
     <span class='ocr_line' id='line_1_20' title="bbox 223 2178 1813 2251; baseline -0.003 -17"><span class='ocrx_word' id='word_1_146' title='bbox 223 2179 454 2246; x_wconf 70' lang='lat' dir='ltr'><strong>alitteris,</strong></span> <span class='ocrx_word' id='word_1_147' title='bbox 489 2180 682 2235; x_wconf 89' lang='lat' dir='ltr'><strong>huicne</strong></span> <span class='ocrx_word' id='word_1_148' title='bbox 722 2181 811 2251; x_wconf 93' lang='lat' dir='ltr'><strong>qui</strong></span> <span class='ocrx_word' id='word_1_149' title='bbox 844 2181 1017 2250; x_wconf 80' lang='lat' dir='ltr'><strong>lignis,</strong></span> <span class='ocrx_word' id='word_1_150' title='bbox 1060 2195 1127 2233; x_wconf 90' lang='lat' dir='ltr'><strong>an</strong></span> <span class='ocrx_word' id='word_1_151' title='bbox 1158 2180 1204 2234; x_wconf 91' lang='lat' dir='ltr'><strong>ei</strong></span> <span class='ocrx_word' id='word_1_152' title='bbox 1248 2181 1335 2250; x_wconf 87' lang='lat' dir='ltr'><strong>qui</strong></span> <span class='ocrx_word' id='word_1_153' title='bbox 1370 2180 1685 2246; x_wconf 84' lang='lat' dir='ltr'><strong>corporibus</strong></span> <span class='ocrx_word' id='word_1_154' title='bbox 1734 2178 1813 2230; x_wconf 88' lang='lat' dir='ltr'><strong>iii-</strong></span> 
     </span>
    </p>
   </div>
   <div class='ocr_carea' id='block_1_21' title="bbox 220 2268 1811 2342">
    <p class='ocr_par' dir='ltr' id='par_1_21' title="bbox 220 2268 1811 2342">
     <span class='ocr_line' id='line_1_21' title="bbox 220 2268 1811 2342; baseline -0.001 -17"><span class='ocrx_word' id='word_1_155' title='bbox 220 2274 521 2326; x_wconf 84' lang='lat' dir='ltr'><strong>llammatus</strong></span> <span class='ocrx_word' id='word_1_156' title='bbox 544 2273 655 2326; x_wconf 87' lang='lat' dir='ltr'><strong>sit?</strong></span> <span class='ocrx_word' id='word_1_157' title='bbox 685 2272 876 2342; x_wconf 89' lang='lat' dir='ltr'><strong>Liquet</strong></span> <span class='ocrx_word' id='word_1_158' title='bbox 909 2272 1148 2340; x_wconf 82' lang='lat' dir='ltr'><strong>profecto</strong></span> <span class='ocrx_word' id='word_1_159' title='bbox 1179 2270 1319 2339; x_wconf 90' lang='lat' dir='ltr'><strong>quod</strong></span> <span class='ocrx_word' id='word_1_160' title='bbox 1346 2272 1393 2324; x_wconf 92' lang='lat' dir='ltr'><strong>ei</strong></span> <span class='ocrx_word' id='word_1_161' title='bbox 1424 2270 1510 2339; x_wconf 91' lang='lat' dir='ltr'><strong>qui</strong></span> <span class='ocrx_word' id='word_1_162' title='bbox 1544 2271 1698 2339; x_wconf 89' lang='lat' dir='ltr'><strong>lignis</strong></span> <span class='ocrx_word' id='word_1_163' title='bbox 1733 2268 1811 2323; x_wconf 85' lang='lat' dir='ltr'><strong>iti-</strong></span> 
     </span>
    </p>
   </div>
   <div class='ocr_carea' id='block_1_22' title="bbox 216 2363 1807 2435">
    <p class='ocr_par' dir='ltr' id='par_1_22' title="bbox 216 2363 1807 2435">
     <span class='ocr_line' id='line_1_22' title="bbox 216 2363 1807 2435; baseline -0.001 -19"><span class='ocrx_word' id='word_1_164' title='bbox 216 2379 408 2417; x_wconf 83' lang='lat' dir='ltr'><strong>oettsus</strong></span> <span class='ocrx_word' id='word_1_165' title='bbox 439 2364 507 2417; x_wconf 87' lang='lat' dir='ltr'><strong>sit</strong></span> <span class='ocrx_word' id='word_1_166' title='bbox 537 2379 551 2414; x_wconf 87' lang='lat'>:</span> <span class='ocrx_word' id='word_1_167' title='bbox 587 2363 675 2417; x_wconf 89' lang='lat' dir='ltr'><strong>ille</strong></span> <span class='ocrx_word' id='word_1_168' title='bbox 698 2365 842 2417; x_wconf 92' lang='lat' dir='ltr'><strong>enim</strong></span> <span class='ocrx_word' id='word_1_169' title='bbox 863 2405 878 2428; x_wconf 95' lang='lat'><strong>,</strong></span> <span class='ocrx_word' id='word_1_170' title='bbox 913 2373 969 2417; x_wconf 93' lang='lat' dir='ltr'><strong>ut</strong></span> <span class='ocrx_word' id='word_1_171' title='bbox 997 2373 1199 2435; x_wconf 78' lang='lat' dir='ltr'><strong>natura:</strong></span> <span class='ocrx_word' id='word_1_172' title='bbox 1244 2371 1664 2416; x_wconf 82' lang='lat' dir='ltr'><strong>consentaneum</strong></span> <span class='ocrx_word' id='word_1_173' title='bbox 1705 2370 1807 2424; x_wconf 91' lang='lat' dir='ltr'><strong>est,</strong></span> 
     </span>
    </p>
   </div>
   <div class='ocr_carea' id='block_1_23' title="bbox 217 2453 1808 2527">
    <p class='ocr_par' dir='ltr' id='par_1_23' title="bbox 217 2453 1808 2527">
     <span class='ocr_line' id='line_1_23' title="bbox 217 2453 1808 2527; baseline -0.001 -20"><span class='ocrx_word' id='word_1_174' title='bbox 217 2454 385 2519; x_wconf 84' lang='lat' dir='ltr'><strong>ardet,</strong></span> <span class='ocrx_word' id='word_1_175' title='bbox 418 2470 480 2509; x_wconf 88' lang='lat' dir='ltr'><strong>ac</strong></span> <span class='ocrx_word' id='word_1_176' title='bbox 496 2454 792 2525; x_wconf 91' lang='lat' dir='ltr'><strong>jucundum</strong></span> <span class='ocrx_word' id='word_1_177' title='bbox 822 2456 1186 2527; x_wconf 84' lang='lat' dir='ltr'><strong>spectaculum</strong></span> <span class='ocrx_word' id='word_1_178' title='bbox 1218 2456 1455 2523; x_wconf 71' lang='lat' dir='ltr'><strong>pra-bet;</strong></span> <span class='ocrx_word' id='word_1_179' title='bbox 1493 2453 1577 2508; x_wconf 84' lang='lat' dir='ltr'><strong>hic</strong></span> <span class='ocrx_word' id='word_1_180' title='bbox 1622 2462 1808 2507; x_wconf 91' lang='lat' dir='ltr'><strong>contra</strong></span> 
     </span>
    </p>
   </div>
   <div class='ocr_carea' id='block_1_24' title="bbox 216 2545 1807 2617">
    <p class='ocr_par' dir='ltr' id='par_1_24' title="bbox 216 2545 1807 2617">
     <span class='ocr_line' id='line_1_24' title="bbox 216 2545 1807 2617; baseline -0.001 -18"><span class='ocrx_word' id='word_1_181' title='bbox 216 2546 476 2612; x_wconf 82' lang='lat' dir='ltr'><strong>ejusmodi</strong></span> <span class='ocrx_word' id='word_1_182' title='bbox 506 2556 587 2600; x_wconf 91' lang='lat' dir='ltr'><strong>est</strong></span> <span class='ocrx_word' id='word_1_183' title='bbox 608 2588 621 2610; x_wconf 91' lang='lat'><strong>,</strong></span> <span class='ocrx_word' id='word_1_184' title='bbox 652 2546 742 2617; x_wconf 91' lang='lat' dir='ltr'><strong>qui</strong></span> <span class='ocrx_word' id='word_1_185' title='bbox 776 2545 964 2601; x_wconf 90' lang='lat' dir='ltr'><strong>nidore</strong></span> <span class='ocrx_word' id='word_1_186' title='bbox 1000 2557 1054 2599; x_wconf 91' lang='lat' dir='ltr'><strong>et</strong></span> <span class='ocrx_word' id='word_1_187' title='bbox 1085 2546 1235 2600; x_wconf 88' lang='lat' dir='ltr'><strong>sanie</strong></span> <span class='ocrx_word' id='word_1_188' title='bbox 1262 2560 1324 2598; x_wconf 89' lang='lat' dir='ltr'><strong>ac</strong></span> <span class='ocrx_word' id='word_1_189' title='bbox 1355 2545 1499 2598; x_wconf 81' lang='lat' dir='ltr'><strong>fumo</strong></span> <span class='ocrx_word' id='word_1_190' title='bbox 1529 2555 1583 2599; x_wconf 86' lang='lat' dir='ltr'><strong>et</strong></span> <span class='ocrx_word' id='word_1_191' title='bbox 1606 2545 1807 2599; x_wconf 80' lang='lat' dir='ltr'><strong>oSsium</strong></span> 
     </span>
    </p>
   </div>
   <div class='ocr_carea' id='block_1_25' title="bbox 216 2639 1814 2711">
    <p class='ocr_par' dir='ltr' id='par_1_25' title="bbox 216 2639 1814 2711">
     <span class='ocr_line' id='line_1_25' title="bbox 216 2639 1814 2711; baseline 0 -18"><span class='ocrx_word' id='word_1_192' title='bbox 216 2645 400 2697; x_wconf 71' lang='lat' dir='ltr'><strong>{cetere</strong></span> <span class='ocrx_word' id='word_1_193' title='bbox 422 2658 610 2697; x_wconf 84' lang='lat' dir='ltr'><strong>omnes</strong></span> <span class='ocrx_word' id='word_1_194' title='bbox 626 2643 807 2711; x_wconf 86' lang='lat' dir='ltr'><strong>procul</strong></span> <span class='ocrx_word' id='word_1_195' title='bbox 830 2643 1024 2711; x_wconf 85' lang='lat' dir='ltr'><strong>abigat.</strong></span> <span class='ocrx_word' id='word_1_196' title='bbox 1046 2641 1379 2695; x_wconf 83' lang='lat' dir='ltr'><strong>Coltorruisti</strong></span> <span class='ocrx_word' id='word_1_197' title='bbox 1404 2639 1469 2693; x_wconf 88' lang='lat' dir='ltr'><strong>ad</strong></span> <span class='ocrx_word' id='word_1_198' title='bbox 1489 2640 1605 2694; x_wconf 78' lang='lat' dir='ltr'><strong>[nec</strong></span> <span class='ocrx_word' id='word_1_199' title='bbox 1624 2640 1814 2706; x_wconf 69' lang='lat' dir='ltr'><strong>verba,</strong></span> 
     </span>
    </p>
   </div>
   <div class='ocr_carea' id='block_1_26' title="bbox 213 2730 1806 2801">
    <p class='ocr_par' dir='ltr' id='par_1_26' title="bbox 213 2730 1806 2801">
     <span class='ocr_line' id='line_1_26' title="bbox 213 2730 1806 2801; baseline 0.002 -18"><span class='ocrx_word' id='word_1_200' title='bbox 213 2742 367 2801; x_wconf 84' lang='lat' dir='ltr'><strong>atque</strong></span> <span class='ocrx_word' id='word_1_201' title='bbox 393 2748 579 2800; x_wconf 84' lang='lat' dir='ltr'><strong>rogum</strong></span> <span class='ocrx_word' id='word_1_202' title='bbox 609 2732 748 2785; x_wconf 90' lang='lat' dir='ltr'><strong>hunc</strong></span> <span class='ocrx_word' id='word_1_203' title='bbox 778 2731 1119 2786; x_wconf 74' lang='lat' dir='ltr'><strong>exsecraris?</strong></span> <span class='ocrx_word' id='word_1_204' title='bbox 1150 2730 1309 2785; x_wconf 86' lang='lat' dir='ltr'><strong>Tales</strong></span> <span class='ocrx_word' id='word_1_205' title='bbox 1346 2731 1528 2800; x_wconf 89' lang='lat' dir='ltr'><strong>utique</strong></span> <span class='ocrx_word' id='word_1_206' title='bbox 1557 2741 1683 2785; x_wconf 82' lang='lat' dir='ltr'><strong>sunt</strong></span> <span class='ocrx_word' id='word_1_207' title='bbox 1720 2731 1806 2786; x_wconf 84' lang='lat' dir='ltr'><strong>di-</strong></span> 
     </span>
    </p>
   </div>
   <div class='ocr_carea' id='block_1_27' title="bbox 214 2824 1811 2896">
    <p class='ocr_par' dir='ltr' id='par_1_27' title="bbox 214 2824 1811 2896">
     <span class='ocr_line' id='line_1_27' title="bbox 214 2824 1811 2896; baseline 0 -17"><span class='ocrx_word' id='word_1_208' title='bbox 214 2827 374 2879; x_wconf 87' lang='lat' dir='ltr'><strong>vitum</strong></span> <span class='ocrx_word' id='word_1_209' title='bbox 409 2836 625 2879; x_wconf 87' lang='lat' dir='ltr'><strong>ventres</strong></span> <span class='ocrx_word' id='word_1_210' title='bbox 654 2843 667 2880; x_wconf 86' lang='lat'>:</span> <span class='ocrx_word' id='word_1_211' title='bbox 699 2824 956 2893; x_wconf 87' lang='lat' dir='ltr'><strong>majorem</strong></span> <span class='ocrx_word' id='word_1_212' title='bbox 1004 2825 1054 2877; x_wconf 88' lang='lat' dir='ltr'><strong>iit</strong></span> <span class='ocrx_word' id='word_1_213' title='bbox 1099 2824 1203 2877; x_wconf 85' lang='lat' dir='ltr'><strong>illis</strong></span> <span class='ocrx_word' id='word_1_214' title='bbox 1227 2865 1242 2889; x_wconf 91' lang='lat'><strong>,</strong></span> <span class='ocrx_word' id='word_1_215' title='bbox 1288 2839 1446 2893; x_wconf 90' lang='lat' dir='ltr'><strong>quain</strong></span> <span class='ocrx_word' id='word_1_216' title='bbox 1482 2825 1532 2877; x_wconf 88' lang='lat' dir='ltr'><strong>iti</strong></span> <span class='ocrx_word' id='word_1_217' title='bbox 1564 2824 1652 2879; x_wconf 90' lang='lat' dir='ltr'><strong>illo</strong></span> <span class='ocrx_word' id='word_1_218' title='bbox 1678 2838 1811 2896; x_wconf 83' lang='lat' dir='ltr'><strong>rogo</strong></span> 
     </span>
    </p>
   </div>
   <div class='ocr_carea' id='block_1_28' title="bbox 214 2915 1803 2986">
    <p class='ocr_par' dir='ltr' id='par_1_28' title="bbox 214 2915 1803 2986">
     <span class='ocr_line' id='line_1_28' title="bbox 214 2915 1803 2986; baseline 0.001 -19"><span class='ocrx_word' id='word_1_219' title='bbox 214 2916 547 2985; x_wconf 88' lang='lat' dir='ltr'><strong>putredinem</strong></span> <span class='ocrx_word' id='word_1_220' title='bbox 588 2918 706 2986; x_wconf 87' lang='lat' dir='ltr'><strong>quis</strong></span> <span class='ocrx_word' id='word_1_221' title='bbox 747 2916 1021 2985; x_wconf 85' lang='lat' dir='ltr'><strong>reperiat;</strong></span> <span class='ocrx_word' id='word_1_222' title='bbox 1063 2926 1122 2968; x_wconf 92' lang='lat' dir='ltr'><strong>ut</strong></span> <span class='ocrx_word' id='word_1_223' title='bbox 1158 2915 1371 2969; x_wconf 71' lang='lat' dir='ltr'><strong>lmtidos</strong></span> <span class='ocrx_word' id='word_1_224' title='bbox 1401 2916 1595 2971; x_wconf 84' lang='lat' dir='ltr'><strong>halitus</strong></span> <span class='ocrx_word' id='word_1_225' title='bbox 1622 2927 1675 2971; x_wconf 92' lang='lat' dir='ltr'><strong>et</strong></span> <span class='ocrx_word' id='word_1_226' title='bbox 1703 2916 1803 2970; x_wconf 85' lang='lat' dir='ltr'><strong>itii-</strong></span> 
     </span>
    </p>
   </div>
   <div class='ocr_carea' id='block_1_29' title="bbox 213 3007 1802 3077">
    <p class='ocr_par' dir='ltr' id='par_1_29' title="bbox 213 3007 1802 3077">
     <span class='ocr_line' id='line_1_29' title="bbox 213 3007 1802 3077; baseline 0.003 -20"><span class='ocrx_word' id='word_1_227' title='bbox 213 3023 369 3077; x_wconf 81' lang='lat' dir='ltr'><strong>purus</strong></span> <span class='ocrx_word' id='word_1_228' title='bbox 408 3007 759 3072; x_wconf 76' lang='lat' dir='ltr'><strong>delluxiones,</strong></span> <span class='ocrx_word' id='word_1_229' title='bbox 788 3010 930 3077; x_wconf 86' lang='lat' dir='ltr'><strong>quod</strong></span> <span class='ocrx_word' id='word_1_230' title='bbox 986 3016 1097 3060; x_wconf 90' lang='lat' dir='ltr'><strong>toto</strong></span> <span class='ocrx_word' id='word_1_231' title='bbox 1136 3022 1368 3075; x_wconf 88' lang='lat' dir='ltr'><strong>corpore</strong></span> <span class='ocrx_word' id='word_1_232' title='bbox 1409 3018 1569 3071; x_wconf 89' lang='lat' dir='ltr'><strong>atque</strong></span> <span class='ocrx_word' id='word_1_233' title='bbox 1615 3009 1665 3061; x_wconf 92' lang='lat' dir='ltr'><strong>in</strong></span> <span class='ocrx_word' id='word_1_234' title='bbox 1699 3009 1802 3063; x_wconf 84' lang='lat' dir='ltr'><strong>sitt-</strong></span> 
     </span>
    </p>
   </div>
   <div class='ocr_carea' id='block_1_30' title="bbox 209 3097 1799 3169">
    <p class='ocr_par' dir='ltr' id='par_1_30' title="bbox 209 3097 1799 3169">
     <span class='ocr_line' id='line_1_30' title="bbox 209 3097 1799 3169; baseline -0.001 -16"><span class='ocrx_word' id='word_1_235' title='bbox 209 3101 338 3167; x_wconf 71' lang='lat' dir='ltr'><strong>gulis</strong></span> <span class='ocrx_word' id='word_1_236' title='bbox 368 3100 607 3169; x_wconf 89' lang='lat' dir='ltr'><strong>partibus</strong></span> <span class='ocrx_word' id='word_1_237' title='bbox 632 3101 817 3169; x_wconf 86' lang='lat' dir='ltr'><strong>ingens</strong></span> <span class='ocrx_word' id='word_1_238' title='bbox 842 3100 911 3153; x_wconf 90' lang='lat' dir='ltr'><strong>ob</strong></span> <span class='ocrx_word' id='word_1_239' title='bbox 940 3100 1277 3154; x_wconf 85' lang='lat' dir='ltr'><strong>saturitatem</strong></span> <span class='ocrx_word' id='word_1_240' title='bbox 1303 3098 1539 3152; x_wconf 89' lang='lat' dir='ltr'><strong>cruditas</strong></span> <span class='ocrx_word' id='word_1_241' title='bbox 1558 3097 1799 3153; x_wconf 81' lang='lat' dir='ltr'><strong>exsistat.</strong></span> 
     </span>
    </p>
   </div>
   <div class='ocr_carea' id='block_1_31' title="bbox 210 3188 1805 3245">
    <p class='ocr_par' dir='ltr' id='par_1_31' title="bbox 210 3188 1805 3245">
     <span class='ocr_line' id='line_1_31' title="bbox 210 3188 1805 3245; baseline 0.002 -4"><span class='ocrx_word' id='word_1_242' title='bbox 210 3188 337 3242; x_wconf 86' lang='lat' dir='ltr'><strong>Nam</strong></span> <span class='ocrx_word' id='word_1_243' title='bbox 366 3205 487 3243; x_wconf 89' lang='lat' dir='ltr'><strong>cum</strong></span> <span class='ocrx_word' id='word_1_244' title='bbox 529 3192 785 3244; x_wconf 85' lang='lat' dir='ltr'><strong>naturalis</strong></span> <span class='ocrx_word' id='word_1_245' title='bbox 812 3190 960 3245; x_wconf 89' lang='lat' dir='ltr'><strong>calor</strong></span> <span class='ocrx_word' id='word_1_246' title='bbox 997 3189 1348 3244; x_wconf 87' lang='lat' dir='ltr'><strong>conﬁciendis</strong></span> <span class='ocrx_word' id='word_1_247' title='bbox 1377 3189 1629 3243; x_wconf 88' lang='lat' dir='ltr'><strong>omnibus</strong></span> <span class='ocrx_word' id='word_1_248' title='bbox 1671 3190 1805 3244; x_wconf 86' lang='lat' dir='ltr'><strong>cibis</strong></span> 
     </span>
    </p>
   </div>
   <div class='ocr_carea' id='block_1_32' title="bbox 210 3280 1804 3352">
    <p class='ocr_par' dir='ltr' id='par_1_32' title="bbox 210 3280 1804 3352">
     <span class='ocr_line' id='line_1_32' title="bbox 210 3280 1804 3352; baseline 0.002 -20"><span class='ocrx_word' id='word_1_249' title='bbox 210 3281 347 3335; x_wconf 89' lang='lat' dir='ltr'><strong>ltattd</strong></span> <span class='ocrx_word' id='word_1_250' title='bbox 379 3298 473 3349; x_wconf 85' lang='lat' dir='ltr'><strong>par</strong></span> <span class='ocrx_word' id='word_1_251' title='bbox 501 3283 588 3347; x_wconf 89' lang='lat' dir='ltr'><strong>sit,</strong></span> <span class='ocrx_word' id='word_1_252' title='bbox 615 3298 798 3335; x_wconf 90' lang='lat' dir='ltr'><strong>verum</strong></span> <span class='ocrx_word' id='word_1_253' title='bbox 830 3282 878 3335; x_wconf 89' lang='lat' dir='ltr'><strong>is</strong></span> <span class='ocrx_word' id='word_1_254' title='bbox 904 3284 1165 3336; x_wconf 88' lang='lat' dir='ltr'><strong>obruatur</strong></span> <span class='ocrx_word' id='word_1_255' title='bbox 1188 3323 1204 3348; x_wconf 97' lang='lat'><strong>,</strong></span> <span class='ocrx_word' id='word_1_256' title='bbox 1237 3292 1430 3352; x_wconf 86' lang='lat' dir='ltr'><strong>urgent</strong></span> <span class='ocrx_word' id='word_1_257' title='bbox 1459 3282 1529 3335; x_wconf 89' lang='lat' dir='ltr'><strong>illi</strong></span> <span class='ocrx_word' id='word_1_258' title='bbox 1551 3321 1566 3347; x_wconf 89' lang='lat'><strong>,</strong></span> <span class='ocrx_word' id='word_1_259' title='bbox 1602 3280 1804 3335; x_wconf 82' lang='lat' dir='ltr'><strong>fumum</strong></span> 
     </span>
    </p>
   </div>
   <div class='ocr_carea' id='block_1_33' title="bbox 211 3374 1801 3445">
    <p class='ocr_par' dir='ltr' id='par_1_33' title="bbox 211 3374 1801 3445">
     <span class='ocr_line' id='line_1_33' title="bbox 211 3374 1801 3445; baseline 0.001 -18"><span class='ocrx_word' id='word_1_260' title='bbox 211 3392 417 3428; x_wconf 86' lang='lat' dir='ltr'><strong>rursum</strong></span> <span class='ocrx_word' id='word_1_261' title='bbox 450 3376 746 3429; x_wconf 78' lang='lat' dir='ltr'><strong>excitantes</strong></span> <span class='ocrx_word' id='word_1_262' title='bbox 769 3415 782 3438; x_wconf 91' lang='lat'><strong>,</strong></span> <span class='ocrx_word' id='word_1_263' title='bbox 817 3384 977 3445; x_wconf 86' lang='lat' dir='ltr'><strong>atque</strong></span> <span class='ocrx_word' id='word_1_264' title='bbox 1024 3376 1290 3444; x_wconf 79' lang='lat' dir='ltr'><strong>ingentem</strong></span> <span class='ocrx_word' id='word_1_265' title='bbox 1333 3374 1631 3429; x_wconf 88' lang='lat' dir='ltr'><strong>molestiam</strong></span> <span class='ocrx_word' id='word_1_266' title='bbox 1670 3374 1801 3429; x_wconf 84' lang='lat' dir='ltr'><strong>all‘e-</strong></span> 
     </span>
    </p>
   </div>
   <div class='ocr_carea' id='block_1_34' title="bbox 209 3459 1803 3535">
    <p class='ocr_par' dir='ltr' id='par_1_34' title="bbox 209 3459 1803 3535">
     <span class='ocr_line' id='line_1_34' title="bbox 209 3459 1803 3535; baseline 0.001 -17"><span class='ocrx_word' id='word_1_267' title='bbox 209 3459 408 3519; x_wconf 85' lang='lat' dir='ltr'><strong>rcntcs.</strong></span> <span class='ocrx_word' id='word_1_268' title='bbox 454 3465 678 3519; x_wconf 86' lang='lat' dir='ltr'><strong>Cuinatn</strong></span> <span class='ocrx_word' id='word_1_269' title='bbox 733 3465 893 3535; x_wconf 79' lang='lat' dir='ltr'><strong>igitur</strong></span> <span class='ocrx_word' id='word_1_270' title='bbox 947 3466 1020 3519; x_wconf 88' lang='lat' dir='ltr'><strong>rei</strong></span> <span class='ocrx_word' id='word_1_271' title='bbox 1062 3480 1252 3519; x_wconf 87' lang='lat' dir='ltr'><strong>eorum</strong></span> <span class='ocrx_word' id='word_1_272' title='bbox 1297 3476 1516 3519; x_wconf 85' lang='lat' dir='ltr'><strong>ventres</strong></span> <span class='ocrx_word' id='word_1_273' title='bbox 1556 3467 1803 3521; x_wconf 76' lang='lat' dir='ltr'><strong>conferre</strong></span> 
     </span>
    </p>
   </div>
   <div class='ocr_carea' id='block_1_35' title="bbox 208 3556 1804 3625">
    <p class='ocr_par' dir='ltr' id='par_1_35' title="bbox 208 3556 1804 3625">
     <span class='ocr_line' id='line_1_35' title="bbox 208 3556 1804 3625; baseline 0.001 -16"><span class='ocrx_word' id='word_1_274' title='bbox 208 3556 323 3625; x_wconf 88' lang='lat' dir='ltr'><strong>quis</strong></span> <span class='ocrx_word' id='word_1_275' title='bbox 380 3556 587 3624; x_wconf 77' lang='lat' dir='ltr'><strong>possit?</strong></span> <span class='ocrx_word' id='word_1_276' title='bbox 622 3570 685 3609; x_wconf 91' lang='lat' dir='ltr'><strong>ac</strong></span> <span class='ocrx_word' id='word_1_277' title='bbox 709 3557 870 3609; x_wconf 85' lang='lat' dir='ltr'><strong>velim</strong></span> <span class='ocrx_word' id='word_1_278' title='bbox 904 3574 968 3608; x_wconf 88' lang='lat' dir='ltr'><strong>ne</strong></span> <span class='ocrx_word' id='word_1_279' title='bbox 999 3569 1094 3610; x_wconf 92' lang='lat' dir='ltr'><strong>vos</strong></span> <span class='ocrx_word' id='word_1_280' title='bbox 1123 3556 1361 3612; x_wconf 77' lang='lat' dir='ltr'><strong>otl‘endat</strong></span> <span class='ocrx_word' id='word_1_281' title='bbox 1396 3558 1536 3624; x_wconf 90' lang='lat' dir='ltr'><strong>quod</strong></span> <span class='ocrx_word' id='word_1_282' title='bbox 1563 3558 1804 3612; x_wconf 88' lang='lat' dir='ltr'><strong>dicturus</strong></span> 
     </span>
    </p>
   </div>
   <div class='ocr_carea' id='block_1_36' title="bbox 206 3644 1798 3713">
    <p class='ocr_par' dir='ltr' id='par_1_36' title="bbox 206 3644 1798 3713">
     <span class='ocr_line' id='line_1_36' title="bbox 206 3644 1798 3713; baseline 0 -12"><span class='ocrx_word' id='word_1_283' title='bbox 206 3660 319 3701; x_wconf 81' lang='lat' dir='ltr'><strong>sum</strong></span> <span class='ocrx_word' id='word_1_284' title='bbox 347 3662 361 3711; x_wconf 92' lang='lat'><strong>;</strong></span> <span class='ocrx_word' id='word_1_285' title='bbox 392 3660 578 3699; x_wconf 88' lang='lat' dir='ltr'><strong>verum</strong></span> <span class='ocrx_word' id='word_1_286' title='bbox 610 3648 652 3698; x_wconf 92' lang='lat' dir='ltr'><strong>si</strong></span> <span class='ocrx_word' id='word_1_287' title='bbox 692 3645 827 3700; x_wconf 82' lang='lat' dir='ltr'><strong>falsa</strong></span> <span class='ocrx_word' id='word_1_288' title='bbox 864 3644 1072 3713; x_wconf 84' lang='lat' dir='ltr'><strong>loquar,</strong></span> <span class='ocrx_word' id='word_1_289' title='bbox 1106 3647 1402 3699; x_wconf 87' lang='lat' dir='ltr'><strong>orationem</strong></span> <span class='ocrx_word' id='word_1_290' title='bbox 1448 3661 1621 3700; x_wconf 86' lang='lat' dir='ltr'><strong>meam</strong></span> <span class='ocrx_word' id='word_1_291' title='bbox 1652 3646 1798 3701; x_wconf 81' lang='lat' dir='ltr'><strong>relu-</strong></span> 
     </span>
    </p>
   </div>
   <div class='ocr_carea' id='block_1_37' title="bbox 207 3735 1798 3804">
    <p class='ocr_par' dir='ltr' id='par_1_37' title="bbox 207 3735 1798 3804">
     <span class='ocr_line' id='line_1_37' title="bbox 207 3735 1798 3804; baseline 0.002 -15"><span class='ocrx_word' id='word_1_292' title='bbox 207 3745 308 3789; x_wconf 83' lang='lat' dir='ltr'><strong>tate</strong></span> <span class='ocrx_word' id='word_1_293' title='bbox 335 3752 346 3787; x_wconf 90' lang='lat'><strong>:</strong></span> <span class='ocrx_word' id='word_1_294' title='bbox 372 3735 613 3800; x_wconf 89' lang='lat' dir='ltr'><strong>cuinam,</strong></span> <span class='ocrx_word' id='word_1_295' title='bbox 646 3736 881 3804; x_wconf 88' lang='lat' dir='ltr'><strong>inquam,</strong></span> <span class='ocrx_word' id='word_1_296' title='bbox 910 3736 984 3789; x_wconf 90' lang='lat' dir='ltr'><strong>rei</strong></span> <span class='ocrx_word' id='word_1_297' title='bbox 1013 3735 1277 3803; x_wconf 84' lang='lat' dir='ltr'><strong>ejusmodi</strong></span> <span class='ocrx_word' id='word_1_298' title='bbox 1308 3746 1521 3791; x_wconf 84' lang='lat' dir='ltr'><strong>ventres</strong></span> <span class='ocrx_word' id='word_1_299' title='bbox 1550 3736 1798 3792; x_wconf 83' lang='lat' dir='ltr'><strong>conferre</strong></span> 
     </span>
    </p>
   </div>
   <div class='ocr_carea' id='block_1_38' title="bbox 203 3825 1798 3895">
    <p class='ocr_par' dir='ltr' id='par_1_38' title="bbox 203 3825 1798 3895">
     <span class='ocr_line' id='line_1_38' title="bbox 203 3825 1798 3895; baseline 0.004 -19"><span class='ocrx_word' id='word_1_300' title='bbox 203 3825 466 3894; x_wconf 80' lang='lat' dir='ltr'><strong>quispiam</strong></span> <span class='ocrx_word' id='word_1_301' title='bbox 500 3825 711 3895; x_wconf 79' lang='lat' dir='ltr'><strong>possit?</strong></span> <span class='ocrx_word' id='word_1_302' title='bbox 740 3839 912 3893; x_wconf 90' lang='lat' dir='ltr'><strong>neque</strong></span> <span class='ocrx_word' id='word_1_303' title='bbox 944 3826 1084 3879; x_wconf 90' lang='lat' dir='ltr'><strong>enim</strong></span> <span class='ocrx_word' id='word_1_304' title='bbox 1133 3840 1251 3893; x_wconf 65' lang='lat' dir='ltr'><strong>quat</strong></span> <span class='ocrx_word' id='word_1_305' title='bbox 1298 3826 1551 3892; x_wconf 80' lang='lat' dir='ltr'><strong>diximus,</strong></span> <span class='ocrx_word' id='word_1_306' title='bbox 1597 3828 1660 3881; x_wconf 90' lang='lat' dir='ltr'><strong>ad</strong></span> <span class='ocrx_word' id='word_1_307' title='bbox 1702 3830 1798 3883; x_wconf 91' lang='lat' dir='ltr'><strong>de-</strong></span> 
     </span>
    </p>
   </div>
   <div class='ocr_carea' id='block_1_39' title="bbox 203 3915 1793 3975">
    <p class='ocr_par' dir='ltr' id='par_1_39' title="bbox 203 3915 1793 3975">
     <span class='ocr_line' id='line_1_39' title="bbox 203 3915 1793 3975; baseline 0.004 -6"><span class='ocrx_word' id='word_1_308' title='bbox 203 3917 513 3971; x_wconf 82' lang='lat' dir='ltr'><strong>clarandam</strong></span> <span class='ocrx_word' id='word_1_309' title='bbox 547 3931 732 3971; x_wconf 89' lang='lat' dir='ltr'><strong>eorum</strong></span> <span class='ocrx_word' id='word_1_310' title='bbox 765 3917 1035 3971; x_wconf 88' lang='lat' dir='ltr'><strong>miseriam</strong></span> <span class='ocrx_word' id='word_1_311' title='bbox 1064 3915 1353 3972; x_wconf 79' lang='lat' dir='ltr'><strong>sufﬁciunt.</strong></span> <span class='ocrx_word' id='word_1_312' title='bbox 1400 3919 1636 3974; x_wconf 84' lang='lat' dir='ltr'><strong>Alteram</strong></span> <span class='ocrx_word' id='word_1_313' title='bbox 1673 3937 1793 3975; x_wconf 88' lang='lat' dir='ltr'><strong>rur-</strong></span> 
     </span>
    </p>
   </div>
   <div class='ocr_carea' id='block_1_40' title="bbox 1224 393 2425 455">
    <p class='ocr_par' dir='ltr' id='par_1_40' title="bbox 1224 393 2425 455">
     <span class='ocr_line' id='line_1_40' title="bbox 1224 393 2425 455; baseline -0.005 0"><span class='ocrx_word' id='word_1_314' title='bbox 1224 399 1289 455; x_wconf 68' lang='grc' dir='ltr'><strong>ΙΝ</strong></span> <span class='ocrx_word' id='word_1_315' title='bbox 1328 396 1539 454; x_wconf 79' lang='lat' dir='ltr'><strong>EPIST.</strong></span> <span class='ocrx_word' id='word_1_316' title='bbox 1586 396 1624 451; x_wconf 93' lang='lat' dir='ltr'><strong>Il</strong></span> <span class='ocrx_word' id='word_1_317' title='bbox 1689 394 1780 449; x_wconf 78' lang='lat' dir='ltr'><strong>AD</strong></span> <span class='ocrx_word' id='word_1_318' title='bbox 1819 393 1973 449; x_wconf 78' lang='lat' dir='ltr'><strong>COII.</strong></span> <span class='ocrx_word' id='word_1_319' title='bbox 2017 393 2246 450; x_wconf 75' lang='lat' dir='ltr'><strong>IIOMIL.</strong></span> <span class='ocrx_word' id='word_1_320' title='bbox 2290 395 2425 451; x_wconf 75' lang='lat' dir='ltr'><strong>XIII.</strong></span> 
     </span>
    </p>
   </div>
   <div class='ocr_carea' id='block_1_41' title="bbox 3413 401 3515 455">
    <p class='ocr_par' dir='ltr' id='par_1_41' title="bbox 3413 401 3515 455">
     <span class='ocr_line' id='line_1_41' title="bbox 3413 401 3515 455; baseline -0.049 0"><span class='ocrx_word' id='word_1_321' title='bbox 3413 401 3515 455; x_wconf 61' lang='lat'><strong>49&#39;.)</strong></span> 
     </span>
    </p>
   </div>
   <div class='ocr_carea' id='block_1_42' title="bbox 1924 510 3514 583">
    <p class='ocr_par' dir='ltr' id='par_1_42' title="bbox 1924 510 3514 583">
     <span class='ocr_line' id='line_1_42' title="bbox 1924 510 3514 583; baseline 0.002 -15"><span class='ocrx_word' id='word_1_322' title='bbox 1924 526 2043 568; x_wconf 85' lang='lat' dir='ltr'><strong>sum</strong></span> <span class='ocrx_word' id='word_1_323' title='bbox 2066 510 2349 583; x_wconf 77' lang='lat' dir='ltr'><strong>imaginem</strong></span> <span class='ocrx_word' id='word_1_324' title='bbox 2377 510 2572 581; x_wconf 82' lang='lat' dir='ltr'><strong>reperi.</strong></span> <span class='ocrx_word' id='word_1_325' title='bbox 2592 510 2759 579; x_wconf 91' lang='lat' dir='ltr'><strong>Quam</strong></span> <span class='ocrx_word' id='word_1_326' title='bbox 2787 511 2997 567; x_wconf 87' lang='lat' dir='ltr'><strong>tandem</strong></span> <span class='ocrx_word' id='word_1_327' title='bbox 3016 514 3514 582; x_wconf 79' lang='lat' dir='ltr'><strong>‘tQuemadmodutn</strong></span> 
     </span>
    </p>
   </div>
   <div class='ocr_carea' id='block_1_43' title="bbox 1924 600 3516 674">
    <p class='ocr_par' dir='ltr' id='par_1_43' title="bbox 1924 600 3516 674">
     <span class='ocr_line' id='line_1_43' title="bbox 1924 600 3516 674; baseline 0.004 -17"><span class='ocrx_word' id='word_1_328' title='bbox 1924 600 1979 657; x_wconf 88' lang='lat' dir='ltr'><strong>in</strong></span> <span class='ocrx_word' id='word_1_329' title='bbox 2008 601 2229 668; x_wconf 82' lang='lat' dir='ltr'><strong>cloacis,</strong></span> <span class='ocrx_word' id='word_1_330' title='bbox 2264 602 2315 658; x_wconf 90' lang='lat' dir='ltr'><strong>in</strong></span> <span class='ocrx_word' id='word_1_331' title='bbox 2364 602 2555 673; x_wconf 87' lang='lat' dir='ltr'><strong>quibus</strong></span> <span class='ocrx_word' id='word_1_332' title='bbox 2586 618 2777 674; x_wconf 81' lang='lat' dir='ltr'><strong>magna</strong></span> <span class='ocrx_word' id='word_1_333' title='bbox 2807 614 2889 660; x_wconf 90' lang='lat' dir='ltr'><strong>est</strong></span> <span class='ocrx_word' id='word_1_334' title='bbox 2914 610 3165 661; x_wconf 89' lang='lat' dir='ltr'><strong>stercoris</strong></span> <span class='ocrx_word' id='word_1_335' title='bbox 3186 650 3199 672; x_wconf 92' lang='lat'><strong>,</strong></span> <span class='ocrx_word' id='word_1_336' title='bbox 3233 608 3383 673; x_wconf 69' lang='lat' dir='ltr'><strong>faeni,</strong></span> <span class='ocrx_word' id='word_1_337' title='bbox 3423 613 3516 664; x_wconf 79' lang='lat' dir='ltr'><strong>sti—</strong></span> 
     </span>
    </p>
   </div>
   <div class='ocr_carea' id='block_1_44' title="bbox 1926 695 3514 767">
    <p class='ocr_par' dir='ltr' id='par_1_44' title="bbox 1926 695 3514 767">
     <span class='ocr_line' id='line_1_44' title="bbox 1926 695 3514 767; baseline 0.006 -19"><span class='ocrx_word' id='word_1_338' title='bbox 1926 695 2086 765; x_wconf 55' lang='lat' dir='ltr'><strong>pula,</strong></span> <span class='ocrx_word' id='word_1_339' title='bbox 2121 695 2352 767; x_wconf 89' lang='lat' dir='ltr'><strong>lapidum</strong></span> <span class='ocrx_word' id='word_1_340' title='bbox 2376 710 2440 751; x_wconf 89' lang='lat' dir='ltr'><strong>ac</strong></span> <span class='ocrx_word' id='word_1_341' title='bbox 2466 696 2562 750; x_wconf 86' lang='lat' dir='ltr'><strong>ltiti</strong></span> <span class='ocrx_word' id='word_1_342' title='bbox 2594 697 2870 760; x_wconf 86' lang='lat' dir='ltr'><strong>colluvies.</strong></span> <span class='ocrx_word' id='word_1_343' title='bbox 2893 698 3097 754; x_wconf 72' lang='lat' dir='ltr'><strong>crebrre</strong></span> <span class='ocrx_word' id='word_1_344' title='bbox 3114 702 3514 758; x_wconf 88' lang='lat' dir='ltr'><strong>obstructiones</strong></span> 
     </span>
    </p>
   </div>
   <div class='ocr_carea' id='block_1_45' title="bbox 1923 790 3513 865">
    <p class='ocr_par' dir='ltr' id='par_1_45' title="bbox 1923 790 3513 865">
     <span class='ocr_line' id='line_1_45' title="bbox 1923 790 3513 865; baseline 0.004 -20"><span class='ocrx_word' id='word_1_345' title='bbox 1923 790 2191 857; x_wconf 88' lang='lat' dir='ltr'><strong>oriuntur,</strong></span> <span class='ocrx_word' id='word_1_346' title='bbox 2236 804 2302 847; x_wconf 80' lang='lat' dir='ltr'><strong>ex</strong></span> <span class='ocrx_word' id='word_1_347' title='bbox 2350 790 2540 862; x_wconf 89' lang='lat' dir='ltr'><strong>quibus</strong></span> <span class='ocrx_word' id='word_1_348' title='bbox 2573 790 2627 843; x_wconf 91' lang='lat' dir='ltr'><strong>ﬁt</strong></span> <span class='ocrx_word' id='word_1_349' title='bbox 2678 791 2887 845; x_wconf 88' lang='lat' dir='ltr'><strong>tandem</strong></span> <span class='ocrx_word' id='word_1_350' title='bbox 2923 802 2978 846; x_wconf 91' lang='lat' dir='ltr'><strong>ut</strong></span> <span class='ocrx_word' id='word_1_351' title='bbox 3006 809 3218 849; x_wconf 78' lang='lat' dir='ltr'><strong>omnum</strong></span> <span class='ocrx_word' id='word_1_352' title='bbox 3250 795 3314 849; x_wconf 88' lang='lat' dir='ltr'><strong>ad</strong></span> <span class='ocrx_word' id='word_1_353' title='bbox 3347 810 3513 865; x_wconf 84' lang='lat' dir='ltr'><strong>supe-</strong></span> 
     </span>
    </p>
   </div>
   <div class='ocr_carea' id='block_1_46' title="bbox 1924 884 3510 955">
    <p class='ocr_par' dir='ltr' id='par_1_46' title="bbox 1924 884 3510 955">
     <span class='ocr_line' id='line_1_46' title="bbox 1924 884 3510 955; baseline 0.003 -17"><span class='ocrx_word' id='word_1_354' title='bbox 1924 885 2097 941; x_wconf 88' lang='lat' dir='ltr'><strong>riores</strong></span> <span class='ocrx_word' id='word_1_355' title='bbox 2140 894 2320 955; x_wconf 88' lang='lat' dir='ltr'><strong>partes</strong></span> <span class='ocrx_word' id='word_1_356' title='bbox 2358 899 2478 939; x_wconf 90' lang='lat' dir='ltr'><strong>sese</strong></span> <span class='ocrx_word' id='word_1_357' title='bbox 2526 884 2787 939; x_wconf 85' lang='lat' dir='ltr'><strong>ditl‘undat</strong></span> <span class='ocrx_word' id='word_1_358' title='bbox 2817 902 2829 937; x_wconf 89' lang='lat'>:</span> <span class='ocrx_word' id='word_1_359' title='bbox 2862 887 2929 940; x_wconf 89' lang='lat' dir='ltr'><strong>ita</strong></span> <span class='ocrx_word' id='word_1_360' title='bbox 2990 887 3149 942; x_wconf 91' lang='lat' dir='ltr'><strong>etiam</strong></span> <span class='ocrx_word' id='word_1_361' title='bbox 3211 888 3263 941; x_wconf 92' lang='lat' dir='ltr'><strong>in</strong></span> <span class='ocrx_word' id='word_1_362' title='bbox 3319 888 3510 943; x_wconf 86' lang='lat' dir='ltr'><strong>liorutu</strong></span> 
     </span>
    </p>
   </div>
   <div class='ocr_carea' id='block_1_47' title="bbox 1923 976 3515 1050">
    <p class='ocr_par' dir='ltr' id='par_1_47' title="bbox 1923 976 3515 1050">
     <span class='ocr_line' id='line_1_47' title="bbox 1923 976 3515 1050; baseline 0.006 -23"><span class='ocrx_word' id='word_1_363' title='bbox 1923 986 2115 1030; x_wconf 77' lang='lat' dir='ltr'><strong>ventre</strong></span> <span class='ocrx_word' id='word_1_364' title='bbox 2164 992 2263 1031; x_wconf 90' lang='lat' dir='ltr'><strong>usu</strong></span> <span class='ocrx_word' id='word_1_365' title='bbox 2314 976 2457 1031; x_wconf 80' lang='lat' dir='ltr'><strong>venit</strong></span> <span class='ocrx_word' id='word_1_366' title='bbox 2513 994 2526 1030; x_wconf 89' lang='lat'>:</span> <span class='ocrx_word' id='word_1_367' title='bbox 2585 991 2650 1031; x_wconf 89' lang='lat' dir='ltr'><strong>eo</strong></span> <span class='ocrx_word' id='word_1_368' title='bbox 2702 979 2900 1047; x_wconf 87' lang='lat' dir='ltr'><strong>quippe</strong></span> <span class='ocrx_word' id='word_1_369' title='bbox 2948 977 3017 1031; x_wconf 85' lang='lat' dir='ltr'><strong>ab</strong></span> <span class='ocrx_word' id='word_1_370' title='bbox 3072 980 3307 1034; x_wconf 75' lang='lat' dir='ltr'><strong>inferiori</strong></span> <span class='ocrx_word' id='word_1_371' title='bbox 3364 991 3515 1050; x_wconf 83' lang='lat' dir='ltr'><strong>parte</strong></span> 
     </span>
    </p>
   </div>
   <div class='ocr_carea' id='block_1_48' title="bbox 1924 1068 3510 1141">
    <p class='ocr_par' dir='ltr' id='par_1_48' title="bbox 1924 1068 3510 1141">
     <span class='ocr_line' id='line_1_48' title="bbox 1924 1068 3510 1141; baseline 0.002 -18"><span class='ocrx_word' id='word_1_372' title='bbox 1924 1068 2222 1137; x_wconf 89' lang='lat' dir='ltr'><strong>obstructo,</strong></span> <span class='ocrx_word' id='word_1_373' title='bbox 2254 1068 2406 1124; x_wconf 70' lang='lat' dir='ltr'><strong>mala:</strong></span> <span class='ocrx_word' id='word_1_374' title='bbox 2447 1069 2551 1123; x_wconf 71' lang='lat' dir='ltr'><strong>illa:</strong></span> <span class='ocrx_word' id='word_1_375' title='bbox 2581 1069 2915 1124; x_wconf 75' lang='lat' dir='ltr'><strong>deﬁuxiones</strong></span> <span class='ocrx_word' id='word_1_376' title='bbox 2944 1085 3132 1140; x_wconf 87' lang='lat' dir='ltr'><strong>magna</strong></span> <span class='ocrx_word' id='word_1_377' title='bbox 3163 1087 3231 1125; x_wconf 81' lang='lat' dir='ltr'><strong>ex</strong></span> <span class='ocrx_word' id='word_1_378' title='bbox 3262 1082 3413 1141; x_wconf 85' lang='lat' dir='ltr'><strong>parte</strong></span> <span class='ocrx_word' id='word_1_379' title='bbox 3443 1073 3510 1127; x_wconf 91' lang='lat' dir='ltr'><strong>ad</strong></span> 
     </span>
    </p>
   </div>
   <div class='ocr_carea' id='block_1_49' title="bbox 1924 1162 3509 1231">
    <p class='ocr_par' dir='ltr' id='par_1_49' title="bbox 1924 1162 3509 1231">
     <span class='ocr_line' id='line_1_49' title="bbox 1924 1162 3509 1231; baseline 0.006 -20"><span class='ocrx_word' id='word_1_380' title='bbox 1924 1163 2232 1230; x_wconf 86' lang='lat' dir='ltr'><strong>superiores</strong></span> <span class='ocrx_word' id='word_1_381' title='bbox 2251 1171 2429 1231; x_wconf 83' lang='lat' dir='ltr'><strong>partes</strong></span> <span class='ocrx_word' id='word_1_382' title='bbox 2450 1163 2799 1231; x_wconf 81' lang='lat' dir='ltr'><strong>regurgitant.</strong></span> <span class='ocrx_word' id='word_1_383' title='bbox 2826 1165 2892 1215; x_wconf 89' lang='lat' dir='ltr'><strong>At</strong></span> <span class='ocrx_word' id='word_1_384' title='bbox 2909 1162 3047 1231; x_wconf 87' lang='lat' dir='ltr'><strong>apud</strong></span> <span class='ocrx_word' id='word_1_385' title='bbox 3076 1173 3337 1231; x_wconf 82' lang='lat' dir='ltr'><strong>pauperes</strong></span> <span class='ocrx_word' id='word_1_386' title='bbox 3354 1178 3509 1220; x_wconf 88' lang='lat' dir='ltr'><strong>secus</strong></span> 
     </span>
    </p>
   </div>
   <div class='ocr_carea' id='block_1_50' title="bbox 1925 1252 3508 1325">
    <p class='ocr_par' dir='ltr' id='par_1_50' title="bbox 1925 1252 3508 1325">
     <span class='ocr_line' id='line_1_50' title="bbox 1925 1252 3508 1325; baseline 0.003 -18"><span class='ocrx_word' id='word_1_387' title='bbox 1925 1269 2012 1307; x_wconf 86' lang='lat' dir='ltr'><strong>res</strong></span> <span class='ocrx_word' id='word_1_388' title='bbox 2036 1252 2212 1309; x_wconf 87' lang='lat' dir='ltr'><strong>habet.</strong></span> <span class='ocrx_word' id='word_1_389' title='bbox 2244 1253 2310 1310; x_wconf 84' lang='lat' dir='ltr'><strong>Ut</strong></span> <span class='ocrx_word' id='word_1_390' title='bbox 2339 1254 2482 1310; x_wconf 90' lang='lat' dir='ltr'><strong>enim</strong></span> <span class='ocrx_word' id='word_1_391' title='bbox 2506 1253 2680 1308; x_wconf 74' lang='lat' dir='ltr'><strong>fontes</strong></span> <span class='ocrx_word' id='word_1_392' title='bbox 2703 1295 2717 1320; x_wconf 97' lang='lat'><strong>,</strong></span> <span class='ocrx_word' id='word_1_393' title='bbox 2746 1255 2833 1325; x_wconf 90' lang='lat' dir='ltr'><strong>qui</strong></span> <span class='ocrx_word' id='word_1_394' title='bbox 2865 1270 3027 1324; x_wconf 90' lang='lat' dir='ltr'><strong>puros</strong></span> <span class='ocrx_word' id='word_1_395' title='bbox 3049 1256 3231 1311; x_wconf 83' lang='lat' dir='ltr'><strong>latices</strong></span> <span class='ocrx_word' id='word_1_396' title='bbox 3258 1256 3508 1323; x_wconf 80' lang='lat' dir='ltr'><strong>fundunt,</strong></span> 
     </span>
    </p>
   </div>
   <div class='ocr_carea' id='block_1_51' title="bbox 1923 1345 3515 1421">
    <p class='ocr_par' dir='ltr' id='par_1_51' title="bbox 1923 1345 3515 1421">
     <span class='ocr_line' id='line_1_51' title="bbox 1923 1345 3515 1421; baseline 0.006 -24"><span class='ocrx_word' id='word_1_397' title='bbox 1923 1356 2081 1416; x_wconf 85' lang='lat' dir='ltr'><strong>atque</strong></span> <span class='ocrx_word' id='word_1_398' title='bbox 2133 1345 2318 1401; x_wconf 83' lang='lat' dir='ltr'><strong>hortos</strong></span> <span class='ocrx_word' id='word_1_399' title='bbox 2363 1355 2416 1401; x_wconf 86' lang='lat' dir='ltr'><strong>et</strong></span> <span class='ocrx_word' id='word_1_400' title='bbox 2466 1356 2615 1416; x_wconf 85' lang='lat' dir='ltr'><strong>prata</strong></span> <span class='ocrx_word' id='word_1_401' title='bbox 2670 1347 2910 1417; x_wconf 78' lang='lat' dir='ltr'><strong>irrigant,</strong></span> <span class='ocrx_word' id='word_1_402' title='bbox 2956 1348 3022 1401; x_wconf 87' lang='lat' dir='ltr'><strong>ita</strong></span> <span class='ocrx_word' id='word_1_403' title='bbox 3072 1347 3259 1404; x_wconf 89' lang='lat' dir='ltr'><strong>horum</strong></span> <span class='ocrx_word' id='word_1_404' title='bbox 3297 1366 3515 1421; x_wconf 79' lang='lat' dir='ltr'><strong>quoque</strong></span> 
     </span>
    </p>
   </div>
   <div class='ocr_carea' id='block_1_52' title="bbox 1922 1438 3509 1511">
    <p class='ocr_par' dir='ltr' id='par_1_52' title="bbox 1922 1438 3509 1511">
     <span class='ocr_line' id='line_1_52' title="bbox 1922 1438 3509 1511; baseline 0.006 -21"><span class='ocrx_word' id='word_1_405' title='bbox 1922 1448 2137 1493; x_wconf 89' lang='lat' dir='ltr'><strong>ventres</strong></span> <span class='ocrx_word' id='word_1_406' title='bbox 2182 1438 2250 1493; x_wconf 89' lang='lat' dir='ltr'><strong>ab</strong></span> <span class='ocrx_word' id='word_1_407' title='bbox 2282 1438 2363 1493; x_wconf 89' lang='lat' dir='ltr'><strong>liis</strong></span> <span class='ocrx_word' id='word_1_408' title='bbox 2404 1440 2761 1495; x_wconf 85' lang='lat' dir='ltr'><strong>excrementis</strong></span> <span class='ocrx_word' id='word_1_409' title='bbox 2808 1441 2923 1511; x_wconf 91' lang='lat' dir='ltr'><strong>puri</strong></span> <span class='ocrx_word' id='word_1_410' title='bbox 2959 1451 3079 1494; x_wconf 91' lang='lat' dir='ltr'><strong>sunt</strong></span> <span class='ocrx_word' id='word_1_411' title='bbox 3112 1458 3123 1494; x_wconf 94' lang='lat'>:</span> <span class='ocrx_word' id='word_1_412' title='bbox 3154 1456 3273 1496; x_wconf 91' lang='lat' dir='ltr'><strong>eum</strong></span> <span class='ocrx_word' id='word_1_413' title='bbox 3324 1453 3509 1499; x_wconf 88' lang='lat' dir='ltr'><strong>contra</strong></span> 
     </span>
    </p>
   </div>
   <div class='ocr_carea' id='block_1_53' title="bbox 1922 1531 3509 1603">
    <p class='ocr_par' dir='ltr' id='par_1_53' title="bbox 1922 1531 3509 1603">
     <span class='ocr_line' id='line_1_53' title="bbox 1922 1531 3509 1603; baseline 0.006 -20"><span class='ocrx_word' id='word_1_414' title='bbox 1922 1531 2141 1584; x_wconf 82' lang='lat' dir='ltr'><strong>divitum</strong></span> <span class='ocrx_word' id='word_1_415' title='bbox 2174 1574 2187 1597; x_wconf 93' lang='lat'><strong>,</strong></span> <span class='ocrx_word' id='word_1_416' title='bbox 2232 1533 2315 1587; x_wconf 88' lang='lat' dir='ltr'><strong>vel</strong></span> <span class='ocrx_word' id='word_1_417' title='bbox 2369 1534 2543 1603; x_wconf 90' lang='lat' dir='ltr'><strong>potius</strong></span> <span class='ocrx_word' id='word_1_418' title='bbox 2569 1534 2773 1589; x_wconf 89' lang='lat' dir='ltr'><strong>deliciis</strong></span> <span class='ocrx_word' id='word_1_419' title='bbox 2804 1535 3128 1589; x_wconf 86' lang='lat' dir='ltr'><strong>studentittm</strong></span> <span class='ocrx_word' id='word_1_420' title='bbox 3159 1544 3375 1592; x_wconf 89' lang='lat' dir='ltr'><strong>ventres</strong></span> <span class='ocrx_word' id='word_1_421' title='bbox 3406 1538 3509 1593; x_wconf 89' lang='lat' dir='ltr'><strong>bu-</strong></span> 
     </span>
    </p>
   </div>
   <div class='ocr_carea' id='block_1_54' title="bbox 1922 1622 3512 1701">
    <p class='ocr_par' dir='ltr' id='par_1_54' title="bbox 1922 1622 3512 1701">
     <span class='ocr_line' id='line_1_54' title="bbox 1922 1622 3512 1701; baseline 0.006 -25"><span class='ocrx_word' id='word_1_422' title='bbox 1922 1622 2160 1676; x_wconf 87' lang='lat' dir='ltr'><strong>tuoribus</strong></span> <span class='ocrx_word' id='word_1_423' title='bbox 2189 1625 2381 1689; x_wconf 81' lang='lat' dir='ltr'><strong>noxiis,</strong></span> <span class='ocrx_word' id='word_1_424' title='bbox 2420 1626 2625 1694; x_wconf 87' lang='lat' dir='ltr'><strong>pituita,</strong></span> <span class='ocrx_word' id='word_1_425' title='bbox 2659 1627 2785 1693; x_wconf 89' lang='lat' dir='ltr'><strong>bile,</strong></span> <span class='ocrx_word' id='word_1_426' title='bbox 2819 1637 3075 1698; x_wconf 89' lang='lat' dir='ltr'><strong>corrupto</strong></span> <span class='ocrx_word' id='word_1_427' title='bbox 3101 1631 3379 1700; x_wconf 85' lang='lat' dir='ltr'><strong>sanguine,</strong></span> <span class='ocrx_word' id='word_1_428' title='bbox 3416 1648 3512 1701; x_wconf 88' lang='lat' dir='ltr'><strong>pti-</strong></span> 
     </span>
    </p>
   </div>
   <div class='ocr_carea' id='block_1_55' title="bbox 1922 1715 3508 1794">
    <p class='ocr_par' dir='ltr' id='par_1_55' title="bbox 1922 1715 3508 1794">
     <span class='ocr_line' id='line_1_55' title="bbox 1922 1715 3508 1794; baseline 0.008 -27"><span class='ocrx_word' id='word_1_429' title='bbox 1922 1716 2093 1785; x_wconf 88' lang='lat' dir='ltr'><strong>trique</strong></span> <span class='ocrx_word' id='word_1_430' title='bbox 2151 1715 2455 1772; x_wconf 83' lang='lat' dir='ltr'><strong>deﬁuxionc</strong></span> <span class='ocrx_word' id='word_1_431' title='bbox 2508 1719 2731 1786; x_wconf 86' lang='lat' dir='ltr'><strong>aliisque</strong></span> <span class='ocrx_word' id='word_1_432' title='bbox 2784 1719 3087 1789; x_wconf 89' lang='lat' dir='ltr'><strong>hujusmodi</strong></span> <span class='ocrx_word' id='word_1_433' title='bbox 3147 1722 3308 1776; x_wconf 90' lang='lat' dir='ltr'><strong>rebus</strong></span> <span class='ocrx_word' id='word_1_434' title='bbox 3366 1724 3508 1794; x_wconf 87' lang='lat' dir='ltr'><strong>pleni</strong></span> 
     </span>
    </p>
   </div>
   <div class='ocr_carea' id='block_1_56' title="bbox 1920 1806 3511 1883">
    <p class='ocr_par' dir='ltr' id='par_1_56' title="bbox 1920 1806 3511 1883">
     <span class='ocr_line' id='line_1_56' title="bbox 1920 1806 3511 1883; baseline 0.008 -25"><span class='ocrx_word' id='word_1_435' title='bbox 1920 1807 2045 1859; x_wconf 91' lang='lat' dir='ltr'><strong>sint.</strong></span> <span class='ocrx_word' id='word_1_436' title='bbox 2073 1806 2147 1860; x_wconf 86' lang='lat' dir='ltr'><strong>Ex</strong></span> <span class='ocrx_word' id='word_1_437' title='bbox 2180 1823 2284 1877; x_wconf 91' lang='lat' dir='ltr'><strong>quo</strong></span> <span class='ocrx_word' id='word_1_438' title='bbox 2318 1806 2392 1872; x_wconf 88' lang='lat' dir='ltr'><strong>ﬁt,</strong></span> <span class='ocrx_word' id='word_1_439' title='bbox 2420 1818 2475 1861; x_wconf 87' lang='lat' dir='ltr'><strong>tit</strong></span> <span class='ocrx_word' id='word_1_440' title='bbox 2502 1824 2566 1863; x_wconf 92' lang='lat' dir='ltr'><strong>ne</strong></span> <span class='ocrx_word' id='word_1_441' title='bbox 2588 1810 2654 1863; x_wconf 89' lang='lat' dir='ltr'><strong>ad</strong></span> <span class='ocrx_word' id='word_1_442' title='bbox 2684 1810 2845 1865; x_wconf 90' lang='lat' dir='ltr'><strong>breve</strong></span> <span class='ocrx_word' id='word_1_443' title='bbox 2873 1812 3087 1880; x_wconf 87' lang='lat' dir='ltr'><strong>quidem</strong></span> <span class='ocrx_word' id='word_1_444' title='bbox 3124 1824 3332 1883; x_wconf 86' lang='lat' dir='ltr'><strong>tempus</strong></span> <span class='ocrx_word' id='word_1_445' title='bbox 3362 1816 3511 1871; x_wconf 88' lang='lat' dir='ltr'><strong>inco-</strong></span> 
     </span>
    </p>
   </div>
   <div class='ocr_carea' id='block_1_57' title="bbox 1921 1898 3509 1973">
    <p class='ocr_par' dir='ltr' id='par_1_57' title="bbox 1921 1898 3509 1973">
     <span class='ocr_line' id='line_1_57' title="bbox 1921 1898 3509 1973; baseline 0.007 -22"><span class='ocrx_word' id='word_1_446' title='bbox 1921 1898 2075 1953; x_wconf 90' lang='lat' dir='ltr'><strong>lumis</strong></span> <span class='ocrx_word' id='word_1_447' title='bbox 2126 1901 2247 1969; x_wconf 90' lang='lat' dir='ltr'><strong>quis</strong></span> <span class='ocrx_word' id='word_1_448' title='bbox 2294 1910 2533 1970; x_wconf 87' lang='lat' dir='ltr'><strong>perstare</strong></span> <span class='ocrx_word' id='word_1_449' title='bbox 2581 1902 2767 1971; x_wconf 87' lang='lat' dir='ltr'><strong>possit,</strong></span> <span class='ocrx_word' id='word_1_450' title='bbox 2816 1903 2905 1973; x_wconf 91' lang='lat' dir='ltr'><strong>qui</strong></span> <span class='ocrx_word' id='word_1_451' title='bbox 2946 1919 3160 1973; x_wconf 91' lang='lat' dir='ltr'><strong>semper</strong></span> <span class='ocrx_word' id='word_1_452' title='bbox 3204 1905 3256 1958; x_wconf 92' lang='lat' dir='ltr'><strong>in</strong></span> <span class='ocrx_word' id='word_1_453' title='bbox 3302 1906 3509 1962; x_wconf 86' lang='lat' dir='ltr'><strong>deliciis</strong></span> 
     </span>
    </p>
   </div>
   <div class='ocr_carea' id='block_1_58' title="bbox 1920 1991 3508 2065">
    <p class='ocr_par' dir='ltr' id='par_1_58' title="bbox 1920 1991 3508 2065">
     <span class='ocr_line' id='line_1_58' title="bbox 1920 1991 3508 2065; baseline 0.008 -24"><span class='ocrx_word' id='word_1_454' title='bbox 1920 1991 2078 2052; x_wconf 85' lang='lat' dir='ltr'><strong>vivat,</strong></span> <span class='ocrx_word' id='word_1_455' title='bbox 2111 2008 2296 2045; x_wconf 90' lang='lat' dir='ltr'><strong>verum</strong></span> <span class='ocrx_word' id='word_1_456' title='bbox 2328 1993 2379 2045; x_wconf 90' lang='lat' dir='ltr'><strong>in</strong></span> <span class='ocrx_word' id='word_1_457' title='bbox 2410 1994 2682 2061; x_wconf 84' lang='lat' dir='ltr'><strong>perpetuis</strong></span> <span class='ocrx_word' id='word_1_458' title='bbox 2724 1995 2925 2048; x_wconf 86' lang='lat' dir='ltr'><strong>morbis</strong></span> <span class='ocrx_word' id='word_1_459' title='bbox 2956 2006 3213 2051; x_wconf 76' lang='lat' dir='ltr'><strong>versetur.</strong></span> <span class='ocrx_word' id='word_1_460' title='bbox 3248 1997 3508 2065; x_wconf 82' lang='lat' dir='ltr'><strong>Quocirca</strong></span> 
     </span>
    </p>
   </div>
   <div class='ocr_carea' id='block_1_59' title="bbox 1920 2082 3508 2157">
    <p class='ocr_par' dir='ltr' id='par_1_59' title="bbox 1920 2082 3508 2157">
     <span class='ocr_line' id='line_1_59' title="bbox 1920 2082 3508 2157; baseline 0.008 -23"><span class='ocrx_word' id='word_1_461' title='bbox 1920 2082 2106 2137; x_wconf 86' lang='lat' dir='ltr'><strong>lubens</strong></span> <span class='ocrx_word' id='word_1_462' title='bbox 2133 2098 2195 2137; x_wconf 88' lang='lat' dir='ltr'><strong>ex</strong></span> <span class='ocrx_word' id='word_1_463' title='bbox 2227 2083 2342 2138; x_wconf 91' lang='lat' dir='ltr'><strong>istis</strong></span> <span class='ocrx_word' id='word_1_464' title='bbox 2368 2084 2613 2141; x_wconf 87' lang='lat' dir='ltr'><strong>scisciter</strong></span> <span class='ocrx_word' id='word_1_465' title='bbox 2634 2127 2647 2150; x_wconf 96' lang='lat'><strong>,</strong></span> <span class='ocrx_word' id='word_1_466' title='bbox 2678 2102 2836 2157; x_wconf 91' lang='lat' dir='ltr'><strong>quam</strong></span> <span class='ocrx_word' id='word_1_467' title='bbox 2865 2088 2934 2142; x_wconf 93' lang='lat' dir='ltr'><strong>ob</strong></span> <span class='ocrx_word' id='word_1_468' title='bbox 2958 2102 3173 2143; x_wconf 84' lang='lat' dir='ltr'><strong>causam</strong></span> <span class='ocrx_word' id='word_1_469' title='bbox 3218 2090 3322 2145; x_wconf 88' lang='lat' dir='ltr'><strong>cibi</strong></span> <span class='ocrx_word' id='word_1_470' title='bbox 3354 2091 3508 2147; x_wconf 86' lang='lat' dir='ltr'><strong>nobis</strong></span> 
     </span>
    </p>
   </div>
   <div class='ocr_carea' id='block_1_60' title="bbox 1917 2175 3507 2244">
    <p class='ocr_par' dir='ltr' id='par_1_60' title="bbox 1917 2175 3507 2244">
     <span class='ocr_line' id='line_1_60' title="bbox 1917 2175 3507 2244; baseline 0.007 -15"><span class='ocrx_word' id='word_1_471' title='bbox 1917 2175 2157 2230; x_wconf 90' lang='lat' dir='ltr'><strong>concessi</strong></span> <span class='ocrx_word' id='word_1_472' title='bbox 2182 2176 2285 2229; x_wconf 92' lang='lat' dir='ltr'><strong>siut</strong></span> <span class='ocrx_word' id='word_1_473' title='bbox 2320 2196 2331 2230; x_wconf 93' lang='lat'><strong>:</strong></span> <span class='ocrx_word' id='word_1_474' title='bbox 2361 2187 2417 2230; x_wconf 93' lang='lat' dir='ltr'><strong>ut</strong></span> <span class='ocrx_word' id='word_1_475' title='bbox 2448 2178 2778 2235; x_wconf 86' lang='lat' dir='ltr'><strong>intereainus</strong></span> <span class='ocrx_word' id='word_1_476' title='bbox 2802 2220 2815 2244; x_wconf 88' lang='lat'><strong>,</strong></span> <span class='ocrx_word' id='word_1_477' title='bbox 2850 2195 2916 2235; x_wconf 90' lang='lat' dir='ltr'><strong>an</strong></span> <span class='ocrx_word' id='word_1_478' title='bbox 2950 2189 3004 2237; x_wconf 87' lang='lat' dir='ltr'><strong>ut</strong></span> <span class='ocrx_word' id='word_1_479' title='bbox 3035 2181 3291 2237; x_wconf 85' lang='lat' dir='ltr'><strong>alantur?</strong></span> <span class='ocrx_word' id='word_1_480' title='bbox 3333 2186 3507 2239; x_wconf 82' lang='lat' dir='ltr'><strong>utad-</strong></span> 
     </span>
    </p>
   </div>
   <div class='ocr_carea' id='block_1_61' title="bbox 1917 2267 3510 2336">
    <p class='ocr_par' dir='ltr' id='par_1_61' title="bbox 1917 2267 3510 2336">
     <span class='ocr_line' id='line_1_61' title="bbox 1917 2267 3510 2336; baseline 0.011 -19"><span class='ocrx_word' id='word_1_481' title='bbox 1917 2280 2069 2319; x_wconf 88' lang='lat' dir='ltr'><strong>versa</strong></span> <span class='ocrx_word' id='word_1_482' title='bbox 2119 2267 2424 2324; x_wconf 87' lang='lat' dir='ltr'><strong>valetudine</strong></span> <span class='ocrx_word' id='word_1_483' title='bbox 2454 2270 2759 2327; x_wconf 88' lang='lat' dir='ltr'><strong>laboremus</strong></span> <span class='ocrx_word' id='word_1_484' title='bbox 2785 2315 2797 2335; x_wconf 87' lang='lat'><strong>,</strong></span> <span class='ocrx_word' id='word_1_485' title='bbox 2848 2289 2913 2327; x_wconf 85' lang='lat' dir='ltr'><strong>an</strong></span> <span class='ocrx_word' id='word_1_486' title='bbox 2958 2283 3016 2328; x_wconf 87' lang='lat' dir='ltr'><strong>ut</strong></span> <span class='ocrx_word' id='word_1_487' title='bbox 3058 2275 3172 2329; x_wconf 84' lang='lat' dir='ltr'><strong>sani</strong></span> <span class='ocrx_word' id='word_1_488' title='bbox 3204 2277 3407 2332; x_wconf 85' lang='lat' dir='ltr'><strong>simus?</strong></span> <span class='ocrx_word' id='word_1_489' title='bbox 3456 2291 3510 2336; x_wconf 91' lang='lat' dir='ltr'><strong>ut</strong></span> 
     </span>
    </p>
   </div>
   <div class='ocr_carea' id='block_1_62' title="bbox 1917 2355 3506 2440">
    <p class='ocr_par' dir='ltr' id='par_1_62' title="bbox 1917 2355 3506 2440">
     <span class='ocr_line' id='line_1_62' title="bbox 1917 2355 3506 2440; baseline 0.011 -33"><span class='ocrx_word' id='word_1_490' title='bbox 1917 2355 2212 2411; x_wconf 85' lang='lat' dir='ltr'><strong>imbecilles</strong></span> <span class='ocrx_word' id='word_1_491' title='bbox 2242 2359 2429 2424; x_wconf 83' lang='lat' dir='ltr'><strong>simus,</strong></span> <span class='ocrx_word' id='word_1_492' title='bbox 2456 2376 2521 2416; x_wconf 93' lang='lat' dir='ltr'><strong>an</strong></span> <span class='ocrx_word' id='word_1_493' title='bbox 2552 2372 2606 2416; x_wconf 92' lang='lat' dir='ltr'><strong>ut</strong></span> <span class='ocrx_word' id='word_1_494' title='bbox 2637 2363 2776 2418; x_wconf 88' lang='lat' dir='ltr'><strong>ﬁrmi</strong></span> <span class='ocrx_word' id='word_1_495' title='bbox 2802 2380 2863 2420; x_wconf 89' lang='lat' dir='ltr'><strong>ac</strong></span> <span class='ocrx_word' id='word_1_496' title='bbox 2887 2365 3133 2421; x_wconf 87' lang='lat' dir='ltr'><strong>robusti?</strong></span> <span class='ocrx_word' id='word_1_497' title='bbox 3161 2368 3506 2440; x_wconf 84' lang='lat' dir='ltr'><strong>Perspicuum</strong></span> 
     </span>
    </p>
   </div>
   <div class='ocr_carea' id='block_1_63' title="bbox 1913 2449 3508 2531">
    <p class='ocr_par' dir='ltr' id='par_1_63' title="bbox 1913 2449 3508 2531">
     <span class='ocr_line' id='line_1_63' title="bbox 1913 2449 3508 2531; baseline 0.013 -30"><span class='ocrx_word' id='word_1_498' title='bbox 1913 2449 2160 2519; x_wconf 82' lang='lat' dir='ltr'><strong>estquod</strong></span> <span class='ocrx_word' id='word_1_499' title='bbox 2196 2451 2465 2507; x_wconf 80' lang='lat' dir='ltr'><strong>alimoniae</strong></span> <span class='ocrx_word' id='word_1_500' title='bbox 2491 2496 2504 2520; x_wconf 92' lang='lat'><strong>,</strong></span> <span class='ocrx_word' id='word_1_501' title='bbox 2539 2458 2782 2511; x_wconf 89' lang='lat' dir='ltr'><strong>sanitatis</strong></span> <span class='ocrx_word' id='word_1_502' title='bbox 2803 2499 2816 2522; x_wconf 91' lang='lat'><strong>,</strong></span> <span class='ocrx_word' id='word_1_503' title='bbox 2846 2460 3148 2531; x_wconf 90' lang='lat' dir='ltr'><strong>viriumque</strong></span> <span class='ocrx_word' id='word_1_504' title='bbox 3193 2466 3508 2521; x_wconf 88' lang='lat' dir='ltr'><strong>tuendarum</strong></span> 
     </span>
    </p>
   </div>
   <div class='ocr_carea' id='block_1_64' title="bbox 1913 2540 3501 2622">
    <p class='ocr_par' dir='ltr' id='par_1_64' title="bbox 1913 2540 3501 2622">
     <span class='ocr_line' id='line_1_64' title="bbox 1913 2540 3501 2622; baseline 0.013 -30"><span class='ocrx_word' id='word_1_505' title='bbox 1913 2554 2071 2593; x_wconf 87' lang='lat' dir='ltr'><strong>causa</strong></span> <span class='ocrx_word' id='word_1_506' title='bbox 2101 2541 2209 2595; x_wconf 86' lang='lat' dir='ltr'><strong>dati</strong></span> <span class='ocrx_word' id='word_1_507' title='bbox 2234 2540 2359 2599; x_wconf 86' lang='lat' dir='ltr'><strong>sint.</strong></span> <span class='ocrx_word' id='word_1_508' title='bbox 2385 2542 2492 2599; x_wconf 89' lang='lat' dir='ltr'><strong>Cur</strong></span> <span class='ocrx_word' id='word_1_509' title='bbox 2514 2562 2643 2616; x_wconf 90' lang='lat' dir='ltr'><strong>ergo</strong></span> <span class='ocrx_word' id='word_1_510' title='bbox 2666 2548 2730 2601; x_wconf 87' lang='lat' dir='ltr'><strong>iis</strong></span> <span class='ocrx_word' id='word_1_511' title='bbox 2762 2549 2813 2601; x_wconf 88' lang='lat' dir='ltr'><strong>iti</strong></span> <span class='ocrx_word' id='word_1_512' title='bbox 2842 2553 3172 2607; x_wconf 88' lang='lat' dir='ltr'><strong>contrarium</strong></span> <span class='ocrx_word' id='word_1_513' title='bbox 3199 2555 3501 2622; x_wconf 89' lang='lat' dir='ltr'><strong>abutimini,</strong></span> 
     </span>
    </p>
   </div>
   <div class='ocr_carea' id='block_1_65' title="bbox 1913 2634 3508 2716">
    <p class='ocr_par' dir='ltr' id='par_1_65' title="bbox 1913 2634 3508 2716">
     <span class='ocr_line' id='line_1_65' title="bbox 1913 2634 3508 2716; baseline 0.01 -29"><span class='ocrx_word' id='word_1_514' title='bbox 1913 2634 2135 2688; x_wconf 86' lang='lat' dir='ltr'><strong>morbos</strong></span> <span class='ocrx_word' id='word_1_515' title='bbox 2162 2642 2322 2706; x_wconf 83' lang='lat' dir='ltr'><strong>atque</strong></span> <span class='ocrx_word' id='word_1_516' title='bbox 2353 2636 2773 2694; x_wconf 87' lang='lat' dir='ltr'><strong>imbecillitatem</strong></span> <span class='ocrx_word' id='word_1_517' title='bbox 2808 2656 2901 2709; x_wconf 90' lang='lat' dir='ltr'><strong>per</strong></span> <span class='ocrx_word' id='word_1_518' title='bbox 2939 2657 3032 2697; x_wconf 92' lang='lat' dir='ltr'><strong>eos</strong></span> <span class='ocrx_word' id='word_1_519' title='bbox 3061 2649 3273 2715; x_wconf 89' lang='lat' dir='ltr'><strong>corpori</strong></span> <span class='ocrx_word' id='word_1_520' title='bbox 3319 2665 3508 2716; x_wconf 90' lang='lat' dir='ltr'><strong>procu-</strong></span> 
     </span>
    </p>
   </div>
   <div class='ocr_carea' id='block_1_66' title="bbox 1914 2726 3509 2801">
    <p class='ocr_par' dir='ltr' id='par_1_66' title="bbox 1914 2726 3509 2801">
     <span class='ocr_line' id='line_1_66' title="bbox 1914 2726 3509 2801; baseline 0.011 -24"><span class='ocrx_word' id='word_1_521' title='bbox 1914 2726 2129 2778; x_wconf 76' lang='lat' dir='ltr'><strong>rantes?</strong></span> <span class='ocrx_word' id='word_1_522' title='bbox 2155 2726 2351 2783; x_wconf 79' lang='lat' dir='ltr'><strong>Contra</strong></span> <span class='ocrx_word' id='word_1_523' title='bbox 2378 2742 2583 2799; x_wconf 85' lang='lat' dir='ltr'><strong>pauper</strong></span> <span class='ocrx_word' id='word_1_524' title='bbox 2612 2729 2801 2801; x_wconf 82' lang='lat' dir='ltr'><strong>frugali</strong></span> <span class='ocrx_word' id='word_1_525' title='bbox 2834 2748 2897 2787; x_wconf 89' lang='lat' dir='ltr'><strong>ac</strong></span> <span class='ocrx_word' id='word_1_526' title='bbox 2927 2735 3074 2789; x_wconf 92' lang='lat' dir='ltr'><strong>tenui</strong></span> <span class='ocrx_word' id='word_1_527' title='bbox 3100 2737 3219 2791; x_wconf 91' lang='lat' dir='ltr'><strong>cibo</strong></span> <span class='ocrx_word' id='word_1_528' title='bbox 3252 2739 3509 2794; x_wconf 87' lang='lat' dir='ltr'><strong>valetudi-</strong></span> 
     </span>
    </p>
   </div>
   <div class='ocr_carea' id='block_1_67' title="bbox 1914 2820 3501 2903">
    <p class='ocr_par' dir='ltr' id='par_1_67' title="bbox 1914 2820 3501 2903">
     <span class='ocr_line' id='line_1_67' title="bbox 1914 2820 3501 2903; baseline 0.013 -34"><span class='ocrx_word' id='word_1_529' title='bbox 1914 2832 2057 2881; x_wconf 90' lang='lat' dir='ltr'><strong>nem,</strong></span> <span class='ocrx_word' id='word_1_530' title='bbox 2091 2820 2440 2892; x_wconf 90' lang='lat' dir='ltr'><strong>corporisque</strong></span> <span class='ocrx_word' id='word_1_531' title='bbox 2466 2820 2771 2878; x_wconf 86' lang='lat' dir='ltr'><strong>ﬁrmitatctn</strong></span> <span class='ocrx_word' id='word_1_532' title='bbox 2795 2840 2858 2879; x_wconf 90' lang='lat' dir='ltr'><strong>ac</strong></span> <span class='ocrx_word' id='word_1_533' title='bbox 2889 2827 3052 2881; x_wconf 90' lang='lat' dir='ltr'><strong>robur</strong></span> <span class='ocrx_word' id='word_1_534' title='bbox 3079 2829 3179 2883; x_wconf 91' lang='lat' dir='ltr'><strong>sibi</strong></span> <span class='ocrx_word' id='word_1_535' title='bbox 3207 2846 3501 2903; x_wconf 89' lang='lat' dir='ltr'><strong>comparat.</strong></span> 
     </span>
    </p>
   </div>
   <div class='ocr_carea' id='block_1_68' title="bbox 1914 2910 3507 2993">
    <p class='ocr_par' dir='ltr' id='par_1_68' title="bbox 1914 2910 3507 2993">
     <span class='ocr_line' id='line_1_68' title="bbox 1914 2910 3507 2993; baseline 0.013 -30"><span class='ocrx_word' id='word_1_536' title='bbox 1914 2910 2144 2966; x_wconf 83' lang='lat' dir='ltr'><strong>Proinde</strong></span> <span class='ocrx_word' id='word_1_537' title='bbox 2192 2913 2262 2967; x_wconf 89' lang='lat' dir='ltr'><strong>ob</strong></span> <span class='ocrx_word' id='word_1_538' title='bbox 2314 2925 2723 2985; x_wconf 87' lang='lat' dir='ltr'><strong>paupertatem,</strong></span> <span class='ocrx_word' id='word_1_539' title='bbox 2764 2919 3010 2975; x_wconf 89' lang='lat' dir='ltr'><strong>sanitatis</strong></span> <span class='ocrx_word' id='word_1_540' title='bbox 3066 2936 3383 2993; x_wconf 90' lang='lat' dir='ltr'><strong>parentem,</strong></span> <span class='ocrx_word' id='word_1_541' title='bbox 3439 2944 3507 2985; x_wconf 90' lang='lat' dir='ltr'><strong>ne</strong></span> 
     </span>
    </p>
   </div>
   <div class='ocr_carea' id='block_1_69' title="bbox 1912 3002 3505 3077">
    <p class='ocr_par' dir='ltr' id='par_1_69' title="bbox 1912 3002 3505 3077">
     <span class='ocr_line' id='line_1_69' title="bbox 1912 3002 3505 3077; baseline 0.013 -22"><span class='ocrx_word' id='word_1_542' title='bbox 1912 3002 2233 3076; x_wconf 87' lang='lat' dir='ltr'><strong>lacryuiare,</strong></span> <span class='ocrx_word' id='word_1_543' title='bbox 2266 3006 2359 3060; x_wconf 90' lang='lat' dir='ltr'><strong>sed</strong></span> <span class='ocrx_word' id='word_1_544' title='bbox 2386 3008 2561 3075; x_wconf 89' lang='lat' dir='ltr'><strong>potius</strong></span> <span class='ocrx_word' id='word_1_545' title='bbox 2584 3012 2790 3065; x_wconf 87' lang='lat' dir='ltr'><strong>exsulta</strong></span> <span class='ocrx_word' id='word_1_546' title='bbox 2814 3027 2827 3077; x_wconf 91' lang='lat'><strong>;</strong></span> <span class='ocrx_word' id='word_1_547' title='bbox 2862 3022 2914 3067; x_wconf 90' lang='lat' dir='ltr'><strong>et</strong></span> <span class='ocrx_word' id='word_1_548' title='bbox 2942 3014 2987 3068; x_wconf 91' lang='lat' dir='ltr'><strong>si</strong></span> <span class='ocrx_word' id='word_1_549' title='bbox 3018 3016 3106 3069; x_wconf 81' lang='lat' dir='ltr'><strong>lilii</strong></span> <span class='ocrx_word' id='word_1_550' title='bbox 3138 3014 3335 3073; x_wconf 72' lang='lat' dir='ltr'><strong>divitia:</strong></span> <span class='ocrx_word' id='word_1_551' title='bbox 3355 3021 3505 3075; x_wconf 89' lang='lat' dir='ltr'><strong>cordi</strong></span> 
     </span>
    </p>
   </div>
   <div class='ocr_carea' id='block_1_70' title="bbox 1911 3096 3505 3179">
    <p class='ocr_par' dir='ltr' id='par_1_70' title="bbox 1911 3096 3505 3179">
     <span class='ocr_line' id='line_1_70' title="bbox 1911 3096 3505 3179; baseline 0.014 -32"><span class='ocrx_word' id='word_1_552' title='bbox 1911 3103 2055 3159; x_wconf 89' lang='lat' dir='ltr'><strong>sunt,</strong></span> <span class='ocrx_word' id='word_1_553' title='bbox 2111 3096 2327 3150; x_wconf 83' lang='lat' dir='ltr'><strong>divitias</strong></span> <span class='ocrx_word' id='word_1_554' title='bbox 2370 3109 2678 3155; x_wconf 87' lang='lat' dir='ltr'><strong>contemne.</strong></span> <span class='ocrx_word' id='word_1_555' title='bbox 2727 3102 2780 3155; x_wconf 92' lang='lat' dir='ltr'><strong>In</strong></span> <span class='ocrx_word' id='word_1_556' title='bbox 2831 3105 2932 3159; x_wconf 88' lang='lat' dir='ltr'><strong>hoc</strong></span> <span class='ocrx_word' id='word_1_557' title='bbox 2979 3108 3120 3161; x_wconf 91' lang='lat' dir='ltr'><strong>enim</strong></span> <span class='ocrx_word' id='word_1_558' title='bbox 3170 3112 3505 3179; x_wconf 88' lang='lat' dir='ltr'><strong>potissimum</strong></span> 
     </span>
    </p>
   </div>
   <div class='ocr_carea' id='block_1_71' title="bbox 1911 3187 3506 3266">
    <p class='ocr_par' dir='ltr' id='par_1_71' title="bbox 1911 3187 3506 3266">
     <span class='ocr_line' id='line_1_71' title="bbox 1911 3187 3506 3266; baseline 0.015 -30"><span class='ocrx_word' id='word_1_559' title='bbox 1911 3198 2037 3253; x_wconf 89' lang='lat' dir='ltr'><strong>opes</strong></span> <span class='ocrx_word' id='word_1_560' title='bbox 2062 3187 2251 3253; x_wconf 82' lang='lat' dir='ltr'><strong>posit-.e</strong></span> <span class='ocrx_word' id='word_1_561' title='bbox 2281 3197 2425 3252; x_wconf 90' lang='lat' dir='ltr'><strong>sunt,</strong></span> <span class='ocrx_word' id='word_1_562' title='bbox 2463 3204 2565 3241; x_wconf 93' lang='lat' dir='ltr'><strong>non</strong></span> <span class='ocrx_word' id='word_1_563' title='bbox 2597 3200 2652 3244; x_wconf 94' lang='lat' dir='ltr'><strong>ut</strong></span> <span class='ocrx_word' id='word_1_564' title='bbox 2679 3191 2799 3260; x_wconf 90' lang='lat' dir='ltr'><strong>quis</strong></span> <span class='ocrx_word' id='word_1_565' title='bbox 2830 3194 3043 3251; x_wconf 86' lang='lat' dir='ltr'><strong>divitias</strong></span> <span class='ocrx_word' id='word_1_566' title='bbox 3073 3198 3286 3266; x_wconf 89' lang='lat' dir='ltr'><strong>habeat,</strong></span> <span class='ocrx_word' id='word_1_567' title='bbox 3322 3204 3415 3258; x_wconf 90' lang='lat' dir='ltr'><strong>sed</strong></span> <span class='ocrx_word' id='word_1_568' title='bbox 3451 3216 3506 3260; x_wconf 91' lang='lat' dir='ltr'><strong>ttt</strong></span> 
     </span>
    </p>
   </div>
   <div class='ocr_carea' id='block_1_72' title="bbox 1908 3278 3501 3364">
    <p class='ocr_par' dir='ltr' id='par_1_72' title="bbox 1908 3278 3501 3364">
     <span class='ocr_line' id='line_1_72' title="bbox 1908 3278 3501 3364; baseline 0.013 -33"><span class='ocrx_word' id='word_1_569' title='bbox 1908 3293 1976 3332; x_wconf 89' lang='lat' dir='ltr'><strong>ne</strong></span> <span class='ocrx_word' id='word_1_570' title='bbox 2008 3278 2207 3334; x_wconf 89' lang='lat' dir='ltr'><strong>habere</strong></span> <span class='ocrx_word' id='word_1_571' title='bbox 2236 3281 2450 3349; x_wconf 84' lang='lat' dir='ltr'><strong>quidem</strong></span> <span class='ocrx_word' id='word_1_572' title='bbox 2483 3292 2656 3337; x_wconf 90' lang='lat' dir='ltr'><strong>curet.</strong></span> <span class='ocrx_word' id='word_1_573' title='bbox 2686 3283 2739 3337; x_wconf 91' lang='lat' dir='ltr'><strong>Id</strong></span> <span class='ocrx_word' id='word_1_574' title='bbox 2774 3287 2913 3353; x_wconf 89' lang='lat' dir='ltr'><strong>quod</strong></span> <span class='ocrx_word' id='word_1_575' title='bbox 2945 3288 2987 3340; x_wconf 90' lang='lat' dir='ltr'><strong>si</strong></span> <span class='ocrx_word' id='word_1_576' title='bbox 3018 3289 3193 3358; x_wconf 89' lang='lat' dir='ltr'><strong>adepti</strong></span> <span class='ocrx_word' id='word_1_577' title='bbox 3224 3292 3501 3364; x_wconf 78' lang='lat' dir='ltr'><strong>fuerimus,</strong></span> 
     </span>
    </p>
   </div>
   <div class='ocr_carea' id='block_1_73' title="bbox 1910 3369 3504 3447">
    <p class='ocr_par' dir='ltr' id='par_1_73' title="bbox 1910 3369 3504 3447">
     <span class='ocr_line' id='line_1_73' title="bbox 1910 3369 3504 3447; baseline 0.012 -23"><span class='ocrx_word' id='word_1_578' title='bbox 1910 3379 1962 3424; x_wconf 88' lang='lat' dir='ltr'><strong>et</strong></span> <span class='ocrx_word' id='word_1_579' title='bbox 1992 3369 2078 3423; x_wconf 91' lang='lat' dir='ltr'><strong>hic</strong></span> <span class='ocrx_word' id='word_1_580' title='bbox 2105 3370 2357 3425; x_wconf 88' lang='lat' dir='ltr'><strong>divitibus</strong></span> <span class='ocrx_word' id='word_1_581' title='bbox 2383 3373 2634 3427; x_wconf 91' lang='lat' dir='ltr'><strong>omnibus</strong></span> <span class='ocrx_word' id='word_1_582' title='bbox 2676 3375 3008 3443; x_wconf 86' lang='lat' dir='ltr'><strong>cepiosiores</strong></span> <span class='ocrx_word' id='word_1_583' title='bbox 3048 3380 3283 3447; x_wconf 86' lang='lat' dir='ltr'><strong>erimus,</strong></span> <span class='ocrx_word' id='word_1_584' title='bbox 3316 3395 3367 3437; x_wconf 91' lang='lat' dir='ltr'><strong>et</strong></span> <span class='ocrx_word' id='word_1_585' title='bbox 3398 3386 3504 3443; x_wconf 75' lang='lat' dir='ltr'><strong>illic</strong></span> 
     </span>
    </p>
   </div>
   <div class='ocr_carea' id='block_1_74' title="bbox 1908 3463 3498 3544">
    <p class='ocr_par' dir='ltr' id='par_1_74' title="bbox 1908 3463 3498 3544">
     <span class='ocr_line' id='line_1_74' title="bbox 1908 3463 3498 3544; baseline 0.009 -28"><span class='ocrx_word' id='word_1_586' title='bbox 1908 3464 2085 3516; x_wconf 79' lang='lat' dir='ltr'><strong>futura</strong></span> <span class='ocrx_word' id='word_1_587' title='bbox 2107 3463 2241 3517; x_wconf 86' lang='lat' dir='ltr'><strong>bona</strong></span> <span class='ocrx_word' id='word_1_588' title='bbox 2262 3479 2655 3535; x_wconf 90' lang='lat' dir='ltr'><strong>consequemur</strong></span> <span class='ocrx_word' id='word_1_589' title='bbox 2680 3483 2690 3517; x_wconf 92' lang='lat'>:</span> <span class='ocrx_word' id='word_1_590' title='bbox 2718 3482 2835 3535; x_wconf 72' lang='lat' dir='ltr'><strong>qute</strong></span> <span class='ocrx_word' id='word_1_591' title='bbox 2862 3468 3061 3522; x_wconf 87' lang='lat' dir='ltr'><strong>utinam</strong></span> <span class='ocrx_word' id='word_1_592' title='bbox 3087 3486 3498 3544; x_wconf 90' lang='lat' dir='ltr'><strong>consequamur,</strong></span> 
     </span>
    </p>
   </div>
   <div class='ocr_carea' id='block_1_75' title="bbox 1910 3555 3500 3626">
    <p class='ocr_par' dir='ltr' id='par_1_75' title="bbox 1910 3555 3500 3626">
     <span class='ocr_line' id='line_1_75' title="bbox 1910 3555 3500 3626; baseline 0.01 -19"><span class='ocrx_word' id='word_1_593' title='bbox 1910 3570 2006 3624; x_wconf 87' lang='lat' dir='ltr'><strong>per</strong></span> <span class='ocrx_word' id='word_1_594' title='bbox 2049 3556 2274 3623; x_wconf 75' lang='lat' dir='ltr'><strong>gratiam</strong></span> <span class='ocrx_word' id='word_1_595' title='bbox 2334 3571 2397 3609; x_wconf 87' lang='lat' dir='ltr'><strong>ac</strong></span> <span class='ocrx_word' id='word_1_596' title='bbox 2446 3555 2828 3626; x_wconf 80' lang='lat' dir='ltr'><strong>benignitatem</strong></span> <span class='ocrx_word' id='word_1_597' title='bbox 2888 3558 3097 3615; x_wconf 92' lang='lat' dir='ltr'><strong>Domini</strong></span> <span class='ocrx_word' id='word_1_598' title='bbox 3152 3568 3321 3619; x_wconf 79' lang='lat' dir='ltr'><strong>nostri</strong></span> <span class='ocrx_word' id='word_1_599' title='bbox 3374 3568 3500 3623; x_wconf 90' lang='lat' dir='ltr'><strong>.lesu</strong></span> 
     </span>
    </p>
   </div>
   <div class='ocr_carea' id='block_1_76' title="bbox 1906 3645 3500 3725">
    <p class='ocr_par' dir='ltr' id='par_1_76' title="bbox 1906 3645 3500 3725">
     <span class='ocr_line' id='line_1_76' title="bbox 1906 3645 3500 3725; baseline 0.01 -27"><span class='ocrx_word' id='word_1_600' title='bbox 1906 3645 2125 3708; x_wconf 85' lang='lat' dir='ltr'><strong>Christi,</strong></span> <span class='ocrx_word' id='word_1_601' title='bbox 2156 3647 2239 3699; x_wconf 92' lang='lat' dir='ltr'><strong>cui</strong></span> <span class='ocrx_word' id='word_1_602' title='bbox 2270 3661 2391 3699; x_wconf 91' lang='lat' dir='ltr'><strong>cum</strong></span> <span class='ocrx_word' id='word_1_603' title='bbox 2421 3646 2578 3701; x_wconf 84' lang='lat' dir='ltr'><strong>Patre</strong></span> <span class='ocrx_word' id='word_1_604' title='bbox 2619 3658 2671 3701; x_wconf 92' lang='lat' dir='ltr'><strong>et</strong></span> <span class='ocrx_word' id='word_1_605' title='bbox 2718 3649 2917 3717; x_wconf 90' lang='lat' dir='ltr'><strong>Spiritu</strong></span> <span class='ocrx_word' id='word_1_606' title='bbox 2950 3664 3136 3709; x_wconf 89' lang='lat' dir='ltr'><strong>sancto</strong></span> <span class='ocrx_word' id='word_1_607' title='bbox 3168 3659 3330 3725; x_wconf 81' lang='lat' dir='ltr'><strong>gloria</strong></span> <span class='ocrx_word' id='word_1_608' title='bbox 3354 3700 3367 3723; x_wconf 91' lang='lat'><strong>,</strong></span> <span class='ocrx_word' id='word_1_609' title='bbox 3401 3661 3500 3713; x_wconf 85' lang='lat' dir='ltr'><strong>itit-</strong></span> 
     </span>
    </p>
   </div>
   <div class='ocr_carea' id='block_1_77' title="bbox 1908 3737 3496 3809">
    <p class='ocr_par' dir='ltr' id='par_1_77' title="bbox 1908 3737 3496 3809">
     <span class='ocr_line' id='line_1_77' title="bbox 1908 3737 3496 3809; baseline 0.011 -18"><span class='ocrx_word' id='word_1_610' title='bbox 1908 3740 2133 3806; x_wconf 87' lang='lat' dir='ltr'><strong>perium,</strong></span> <span class='ocrx_word' id='word_1_611' title='bbox 2167 3737 2363 3802; x_wconf 85' lang='lat' dir='ltr'><strong>honor,</strong></span> <span class='ocrx_word' id='word_1_612' title='bbox 2400 3754 2541 3791; x_wconf 91' lang='lat' dir='ltr'><strong>nunc</strong></span> <span class='ocrx_word' id='word_1_613' title='bbox 2571 3749 2624 3792; x_wconf 90' lang='lat' dir='ltr'><strong>et</strong></span> <span class='ocrx_word' id='word_1_614' title='bbox 2650 3756 2901 3809; x_wconf 79' lang='lat' dir='ltr'><strong>semper,</strong></span> <span class='ocrx_word' id='word_1_615' title='bbox 2932 3754 2985 3798; x_wconf 90' lang='lat' dir='ltr'><strong>et</strong></span> <span class='ocrx_word' id='word_1_616' title='bbox 3016 3748 3064 3799; x_wconf 89' lang='lat' dir='ltr'><strong>in</strong></span> <span class='ocrx_word' id='word_1_617' title='bbox 3103 3749 3294 3802; x_wconf 65' lang='lat' dir='ltr'><strong>saecula</strong></span> <span class='ocrx_word' id='word_1_618' title='bbox 3326 3765 3496 3808; x_wconf 67' lang='lat' dir='ltr'><strong>sa‘cu-</strong></span> 
     </span>
    </p>
   </div>
   <div class='ocr_carea' id='block_1_78' title="bbox 1906 3832 2315 3885">
    <p class='ocr_par' dir='ltr' id='par_1_78' title="bbox 1906 3832 2315 3885">
     <span class='ocr_line' id='line_1_78' title="bbox 1906 3832 2315 3885; baseline 0.005 -2"><span class='ocrx_word' id='word_1_619' title='bbox 1906 3832 2096 3884; x_wconf 88' lang='lat' dir='ltr'><strong>lorum.</strong></span> <span class='ocrx_word' id='word_1_620' title='bbox 2128 3832 2315 3885; x_wconf 86' lang='lat' dir='ltr'><strong>Amen.</strong></span> 
     </span>
    </p>
   </div>
   <div class='ocr_carea' id='block_1_79' title="bbox 3075 4044 3490 4067">
    <p class='ocr_par' dir='ltr' id='par_1_79' title="bbox 3075 4044 3490 4067">
     <span class='ocr_line' id='line_1_79' title="bbox 3075 4044 3490 4067; baseline 0.002 -1"><span class='ocrx_word' id='word_1_621' title='bbox 3075 4044 3490 4067; x_wconf 59' lang='lat' dir='ltr'><strong>-——__.—‘—a</strong></span> 
     </span>
    </p>
   </div>
   <div class='ocr_carea' id='block_1_80' title="bbox 1526 4104 2089 4167">
    <p class='ocr_par' dir='ltr' id='par_1_80' title="bbox 1526 4104 2089 4167">
     <span class='ocr_line' id='line_1_80' title="bbox 1526 4104 2089 4167; baseline -0.009 -2"><span class='ocrx_word' id='word_1_622' title='bbox 1526 4104 1871 4167; x_wconf 84' lang='lat' dir='ltr'><strong>HOMILIA</strong></span> <span class='ocrx_word' id='word_1_623' title='bbox 1916 4104 2089 4163; x_wconf 79' lang='lat' dir='ltr'><strong>XIII.</strong></span> 
     </span>
    </p>
   </div>
   <div class='ocr_carea' id='block_1_81' title="bbox 200 4201 1789 4272">
    <p class='ocr_par' dir='ltr' id='par_1_81' title="bbox 200 4201 1789 4272">
     <span class='ocr_line' id='line_1_81' title="bbox 200 4201 1789 4272; baseline -0.002 -12"><span class='ocrx_word' id='word_1_624' title='bbox 200 4206 326 4259; x_wconf 74' lang='lat' dir='ltr'><strong>CAP.</strong></span> <span class='ocrx_word' id='word_1_625' title='bbox 358 4204 410 4257; x_wconf 91' lang='lat'><strong>6.</strong></span> <span class='ocrx_word' id='word_1_626' title='bbox 443 4218 495 4255; x_wconf 92' lang='lat' dir='ltr'><strong>v.</strong></span> <span class='ocrx_word' id='word_1_627' title='bbox 541 4202 629 4255; x_wconf 81' lang='grc'><strong>11.</strong></span> <span class='ocrx_word' id='word_1_628' title='bbox 666 4201 736 4254; x_wconf 73' lang='grc' dir='ltr'><strong>υς</strong></span> <span class='ocrx_word' id='word_1_629' title='bbox 764 4212 988 4254; x_wconf 86' lang='lat' dir='ltr'><strong>nostrum</strong></span> <span class='ocrx_word' id='word_1_630' title='bbox 1028 4212 1163 4272; x_wconf 85' lang='lat' dir='ltr'><strong>patet</strong></span> <span class='ocrx_word' id='word_1_631' title='bbox 1195 4205 1261 4255; x_wconf 82' lang='lat' dir='ltr'><strong>ad</strong></span> <span class='ocrx_word' id='word_1_632' title='bbox 1302 4220 1385 4256; x_wconf 73' lang='lat' dir='ltr'><strong>vos</strong></span> <span class='ocrx_word' id='word_1_633' title='bbox 1412 4247 1425 4269; x_wconf 92' lang='lat'><strong>,</strong></span> <span class='ocrx_word' id='word_1_634' title='bbox 1455 4222 1483 4257; x_wconf 92' lang='grc' dir='ltr'><em>ο</em></span> <span class='ocrx_word' id='word_1_635' title='bbox 1516 4204 1789 4268; x_wconf 78' lang='lat' dir='ltr'><strong>Corinthii,</strong></span> 
     </span>
    </p>
   </div>
   <div class='ocr_carea' id='block_1_82' title="bbox 269 4291 1791 4363">
    <p class='ocr_par' dir='ltr' id='par_1_82' title="bbox 269 4291 1791 4363">
     <span class='ocr_line' id='line_1_82' title="bbox 269 4291 1791 4363; baseline -0.001 -16"><span class='ocrx_word' id='word_1_636' title='bbox 269 4312 355 4348; x_wconf 75' lang='lat' dir='ltr'><strong>cor</strong></span> <span class='ocrx_word' id='word_1_637' title='bbox 385 4302 616 4347; x_wconf 70' lang='lat' dir='ltr'><strong>nostrum</strong></span> <span class='ocrx_word' id='word_1_638' title='bbox 657 4293 1131 4346; x_wconf 70' lang='lat' dir='ltr'><strong>dilatatumest.12</strong></span> <span class='ocrx_word' id='word_1_639' title='bbox 1185 4291 1303 4345; x_wconf 83' lang='grc' dir='ltr'><strong>Νοη</strong></span> <span class='ocrx_word' id='word_1_640' title='bbox 1344 4297 1703 4363; x_wconf 85' lang='lat' dir='ltr'><strong>angustiamini</strong></span> <span class='ocrx_word' id='word_1_641' title='bbox 1741 4295 1791 4346; x_wconf 91' lang='lat' dir='ltr'><strong>in</strong></span> 
     </span>
    </p>
   </div>
   <div class='ocr_carea' id='block_1_83' title="bbox 270 4382 1610 4452">
    <p class='ocr_par' dir='ltr' id='par_1_83' title="bbox 270 4382 1610 4452">
     <span class='ocr_line' id='line_1_83' title="bbox 270 4382 1610 4452; baseline 0 -15"><span class='ocrx_word' id='word_1_642' title='bbox 270 4386 432 4449; x_wconf 81' lang='lat' dir='ltr'><strong>nobis,</strong></span> <span class='ocrx_word' id='word_1_643' title='bbox 462 4382 825 4452; x_wconf 80' lang='lat' dir='ltr'><strong>angustiamini</strong></span> <span class='ocrx_word' id='word_1_644' title='bbox 852 4394 1018 4435; x_wconf 85' lang='lat' dir='ltr'><strong>autem</strong></span> <span class='ocrx_word' id='word_1_645' title='bbox 1040 4383 1090 4434; x_wconf 86' lang='lat' dir='ltr'><strong>in</strong></span> <span class='ocrx_word' id='word_1_646' title='bbox 1118 4384 1388 4435; x_wconf 78' lang='lat' dir='ltr'><strong>visceribus</strong></span> <span class='ocrx_word' id='word_1_647' title='bbox 1416 4386 1610 4437; x_wconf 79' lang='lat' dir='ltr'><strong>vestris.</strong></span> 
     </span>
    </p>
   </div>
   <div class='ocr_carea' id='block_1_84' title="bbox 275 4475 1794 4547">
    <p class='ocr_par' dir='ltr' id='par_1_84' title="bbox 275 4475 1794 4547">
     <span class='ocr_line' id='line_1_84' title="bbox 275 4475 1794 4547; baseline 0 -16"><span class='ocrx_word' id='word_1_648' title='bbox 275 4478 640 4544; x_wconf 85' lang='lat' dir='ltr'><strong>l.‘Postquam</strong></span> <span class='ocrx_word' id='word_1_649' title='bbox 684 4476 1006 4529; x_wconf 88' lang='lat' dir='ltr'><strong>tentationes</strong></span> <span class='ocrx_word' id='word_1_650' title='bbox 1033 4490 1157 4527; x_wconf 88' lang='lat' dir='ltr'><strong>suas</strong></span> <span class='ocrx_word' id='word_1_651' title='bbox 1202 4485 1254 4528; x_wconf 91' lang='lat' dir='ltr'><strong>et</strong></span> <span class='ocrx_word' id='word_1_652' title='bbox 1282 4475 1598 4530; x_wconf 82' lang='lat' dir='ltr'><strong>alﬁictiones</strong></span> <span class='ocrx_word' id='word_1_653' title='bbox 1631 4492 1794 4547; x_wconf 82' lang='lat' dir='ltr'><strong>expo-</strong></span> 
     </span>
    </p>
   </div>
   <div class='ocr_carea' id='block_1_85' title="bbox 200 4566 1790 4635">
    <p class='ocr_par' dir='ltr' id='par_1_85' title="bbox 200 4566 1790 4635">
     <span class='ocr_line' id='line_1_85' title="bbox 200 4566 1790 4635; baseline 0.001 -13"><span class='ocrx_word' id='word_1_654' title='bbox 200 4572 334 4633; x_wconf 89' lang='lat' dir='ltr'><strong>suit;</strong></span> <span class='ocrx_word' id='word_1_655' title='bbox 371 4567 435 4620; x_wconf 87' lang='lat' dir='ltr'><strong>In</strong></span> <span class='ocrx_word' id='word_1_656' title='bbox 460 4567 703 4635; x_wconf 78' lang='lat' dir='ltr'><strong>patientia</strong></span> <span class='ocrx_word' id='word_1_657' title='bbox 729 4566 893 4631; x_wconf 90' lang='lat' dir='ltr'><strong>enim,</strong></span> <span class='ocrx_word' id='word_1_658' title='bbox 927 4566 1117 4631; x_wconf 87' lang='lat' dir='ltr'><strong>inquit,</strong></span> <span class='ocrx_word' id='word_1_659' title='bbox 1151 4567 1201 4618; x_wconf 88' lang='lat' dir='ltr'><strong>in</strong></span> <span class='ocrx_word' id='word_1_660' title='bbox 1228 4569 1467 4620; x_wconf 78' lang='lat' dir='ltr'><strong>wrumnis</strong></span> <span class='ocrx_word' id='word_1_661' title='bbox 1491 4609 1503 4632; x_wconf 89' lang='lat'><strong>,</strong></span> <span class='ocrx_word' id='word_1_662' title='bbox 1533 4569 1586 4621; x_wconf 90' lang='lat' dir='ltr'><strong>in</strong></span> <span class='ocrx_word' id='word_1_663' title='bbox 1614 4586 1790 4624; x_wconf 85' lang='lat' dir='ltr'><strong>neces-</strong></span> 
     </span>
    </p>
   </div>
   <div class='ocr_carea' id='block_1_86' title="bbox 200 4654 1793 4726">
    <p class='ocr_par' dir='ltr' id='par_1_86' title="bbox 200 4654 1793 4726">
     <span class='ocr_line' id='line_1_86' title="bbox 200 4654 1793 4726; baseline 0.001 -14"><span class='ocrx_word' id='word_1_664' title='bbox 200 4661 429 4714; x_wconf 76' lang='lat' dir='ltr'><strong>sitatibus</strong></span> <span class='ocrx_word' id='word_1_665' title='bbox 448 4701 462 4722; x_wconf 95' lang='lat'><strong>,</strong></span> <span class='ocrx_word' id='word_1_666' title='bbox 492 4659 546 4710; x_wconf 90' lang='lat' dir='ltr'><strong>in</strong></span> <span class='ocrx_word' id='word_1_667' title='bbox 579 4658 911 4726; x_wconf 78' lang='lat' dir='ltr'><strong>angttstiis,in</strong></span> <span class='ocrx_word' id='word_1_668' title='bbox 930 4655 1115 4723; x_wconf 82' lang='lat' dir='ltr'><strong>plagis,</strong></span> <span class='ocrx_word' id='word_1_669' title='bbox 1136 4657 1186 4708; x_wconf 88' lang='lat' dir='ltr'><strong>in</strong></span> <span class='ocrx_word' id='word_1_670' title='bbox 1199 4654 1506 4717; x_wconf 82' lang='lat' dir='ltr'><strong>carceribus,</strong></span> <span class='ocrx_word' id='word_1_671' title='bbox 1526 4657 1575 4709; x_wconf 86' lang='lat' dir='ltr'><strong>in</strong></span> <span class='ocrx_word' id='word_1_672' title='bbox 1589 4660 1793 4716; x_wconf 86' lang='lat' dir='ltr'><strong>incertis</strong></span> 
     </span>
    </p>
   </div>
   <div class='ocr_carea' id='block_1_87' title="bbox 198 4748 1789 4818">
    <p class='ocr_par' dir='ltr' id='par_1_87' title="bbox 198 4748 1789 4818">
     <span class='ocr_line' id='line_1_87' title="bbox 198 4748 1789 4818; baseline 0.003 -17"><span class='ocrx_word' id='word_1_673' title='bbox 198 4752 417 4811; x_wconf 80' lang='lat' dir='ltr'><strong>sedibus,</strong></span> <span class='ocrx_word' id='word_1_674' title='bbox 448 4750 505 4801; x_wconf 77' lang='lat' dir='ltr'><strong>in</strong></span> <span class='ocrx_word' id='word_1_675' title='bbox 529 4748 800 4811; x_wconf 80' lang='lat' dir='ltr'><strong>laboribus,</strong></span> <span class='ocrx_word' id='word_1_676' title='bbox 831 4749 883 4800; x_wconf 88' lang='lat' dir='ltr'><strong>in</strong></span> <span class='ocrx_word' id='word_1_677' title='bbox 909 4748 1127 4816; x_wconf 83' lang='lat' dir='ltr'><strong>vigiliis;</strong></span> <span class='ocrx_word' id='word_1_678' title='bbox 1154 4755 1313 4815; x_wconf 88' lang='lat' dir='ltr'><strong>atque</strong></span> <span class='ocrx_word' id='word_1_679' title='bbox 1349 4748 1536 4818; x_wconf 89' lang='lat' dir='ltr'><strong>ingens</strong></span> <span class='ocrx_word' id='word_1_680' title='bbox 1588 4751 1639 4804; x_wconf 93' lang='lat' dir='ltr'><strong>id</strong></span> <span class='ocrx_word' id='word_1_681' title='bbox 1690 4753 1789 4806; x_wconf 89' lang='lat' dir='ltr'><strong>bo-</strong></span> 
     </span>
    </p>
   </div>
   <div class='ocr_carea' id='block_1_88' title="bbox 202 4838 1790 4910">
    <p class='ocr_par' dir='ltr' id='par_1_88' title="bbox 202 4838 1790 4910">
     <span class='ocr_line' id='line_1_88' title="bbox 202 4838 1790 4910; baseline 0.005 -21"><span class='ocrx_word' id='word_1_682' title='bbox 202 4856 321 4891; x_wconf 86' lang='lat' dir='ltr'><strong>num</strong></span> <span class='ocrx_word' id='word_1_683' title='bbox 351 4854 472 4893; x_wconf 86' lang='lat' dir='ltr'><strong>esse</strong></span> <span class='ocrx_word' id='word_1_684' title='bbox 498 4838 768 4901; x_wconf 87' lang='lat' dir='ltr'><strong>ostendit;</strong></span> <span class='ocrx_word' id='word_1_685' title='bbox 798 4838 941 4891; x_wconf 87' lang='lat' dir='ltr'><strong>Sicut</strong></span> <span class='ocrx_word' id='word_1_686' title='bbox 977 4838 1139 4891; x_wconf 80' lang='lat' dir='ltr'><strong>tristes</strong></span> <span class='ocrx_word' id='word_1_687' title='bbox 1169 4838 1311 4891; x_wconf 91' lang='lat' dir='ltr'><strong>enim</strong></span> <span class='ocrx_word' id='word_1_688' title='bbox 1331 4881 1343 4901; x_wconf 95' lang='lat'><strong>,</strong></span> <span class='ocrx_word' id='word_1_689' title='bbox 1377 4840 1569 4910; x_wconf 91' lang='lat' dir='ltr'><strong>inquit,</strong></span> <span class='ocrx_word' id='word_1_690' title='bbox 1592 4859 1790 4910; x_wconf 82' lang='lat' dir='ltr'><strong>semper</strong></span> 
     </span>
    </p>
   </div>
   <div class='ocr_carea' id='block_1_89' title="bbox 200 4928 1786 5005">
    <p class='ocr_par' dir='ltr' id='par_1_89' title="bbox 200 4928 1786 5005">
     <span class='ocr_line' id='line_1_89' title="bbox 200 4928 1786 5005; baseline 0.006 -24"><span class='ocrx_word' id='word_1_691' title='bbox 200 4941 359 4983; x_wconf 86' lang='lat' dir='ltr'><strong>autem</strong></span> <span class='ocrx_word' id='word_1_692' title='bbox 386 4928 696 4999; x_wconf 79' lang='lat' dir='ltr'><strong>gaudentes;</strong></span> <span class='ocrx_word' id='word_1_693' title='bbox 719 4931 848 4981; x_wconf 86' lang='lat' dir='ltr'><strong>sicut</strong></span> <span class='ocrx_word' id='word_1_694' title='bbox 875 4940 1070 4999; x_wconf 84' lang='lat' dir='ltr'><strong>egentes</strong></span> <span class='ocrx_word' id='word_1_695' title='bbox 1091 4968 1106 4995; x_wconf 96' lang='lat'><strong>,</strong></span> <span class='ocrx_word' id='word_1_696' title='bbox 1146 4931 1333 4985; x_wconf 80' lang='lat' dir='ltr'><strong>multos</strong></span> <span class='ocrx_word' id='word_1_697' title='bbox 1362 4942 1531 4987; x_wconf 89' lang='lat' dir='ltr'><strong>autem</strong></span> <span class='ocrx_word' id='word_1_698' title='bbox 1560 4937 1786 5005; x_wconf 81' lang='lat' dir='ltr'><strong>locuple-</strong></span> 
     </span>
    </p>
   </div>
   <div class='ocr_carea' id='block_1_90' title="bbox 202 5020 1787 5092">
    <p class='ocr_par' dir='ltr' id='par_1_90' title="bbox 202 5020 1787 5092">
     <span class='ocr_line' id='line_1_90' title="bbox 202 5020 1787 5092; baseline 0.005 -21"><span class='ocrx_word' id='word_1_699' title='bbox 202 5030 393 5081; x_wconf 74' lang='lat' dir='ltr'><strong>tantes;</strong></span> <span class='ocrx_word' id='word_1_700' title='bbox 419 5030 675 5086; x_wconf 86' lang='lat' dir='ltr'><strong>tamquam</strong></span> <span class='ocrx_word' id='word_1_701' title='bbox 704 5020 831 5073; x_wconf 82' lang='lat' dir='ltr'><strong>nihil</strong></span> <span class='ocrx_word' id='word_1_702' title='bbox 863 5022 1119 5082; x_wconf 80' lang='lat' dir='ltr'><strong>habentes,</strong></span> <span class='ocrx_word' id='word_1_703' title='bbox 1164 5033 1207 5073; x_wconf 82' lang='lat' dir='ltr'><strong>et</strong></span> <span class='ocrx_word' id='word_1_704' title='bbox 1235 5023 1403 5075; x_wconf 83' lang='lat' dir='ltr'><strong>omnia</strong></span> <span class='ocrx_word' id='word_1_705' title='bbox 1431 5026 1741 5092; x_wconf 80' lang='lat' dir='ltr'><strong>possidentes</strong></span> <span class='ocrx_word' id='word_1_706' title='bbox 1769 5044 1787 5079; x_wconf 90' lang='lat'><strong><em>:</em></strong></span> 
     </span>
    </p>
   </div>
   <div class='ocr_carea' id='block_1_91' title="bbox 203 5110 1788 5183">
    <p class='ocr_par' dir='ltr' id='par_1_91' title="bbox 203 5110 1788 5183">
     <span class='ocr_line' id='line_1_91' title="bbox 203 5110 1788 5183; baseline 0.003 -19"><span class='ocrx_word' id='word_1_707' title='bbox 203 5120 309 5166; x_wconf 86' lang='lat' dir='ltr'><strong>tum</strong></span> <span class='ocrx_word' id='word_1_708' title='bbox 334 5114 494 5165; x_wconf 88' lang='lat' dir='ltr'><strong>etiam</strong></span> <span class='ocrx_word' id='word_1_709' title='bbox 526 5123 675 5161; x_wconf 88' lang='lat' dir='ltr'><strong>arma</strong></span> <span class='ocrx_word' id='word_1_710' title='bbox 704 5125 765 5163; x_wconf 88' lang='lat' dir='ltr'><strong>ea</strong></span> <span class='ocrx_word' id='word_1_711' title='bbox 802 5125 922 5165; x_wconf 84' lang='lat' dir='ltr'><strong>esse</strong></span> <span class='ocrx_word' id='word_1_712' title='bbox 948 5112 1115 5175; x_wconf 82' lang='lat' dir='ltr'><strong>dixit;</strong></span> <span class='ocrx_word' id='word_1_713' title='bbox 1154 5110 1218 5165; x_wconf 82' lang='lat' dir='ltr'><strong>Ut</strong></span> <span class='ocrx_word' id='word_1_714' title='bbox 1246 5114 1478 5182; x_wconf 83' lang='lat' dir='ltr'><strong>castigati</strong></span> <span class='ocrx_word' id='word_1_715' title='bbox 1502 5116 1668 5183; x_wconf 90' lang='lat' dir='ltr'><strong>enim,</strong></span> <span class='ocrx_word' id='word_1_716' title='bbox 1694 5118 1788 5180; x_wconf 85' lang='lat' dir='ltr'><strong>ait,</strong></span> 
     </span>
    </p>
   </div>
   <div class='ocr_carea' id='block_1_92' title="bbox 205 5200 1789 5278">
    <p class='ocr_par' dir='ltr' id='par_1_92' title="bbox 205 5200 1789 5278">
     <span class='ocr_line' id='line_1_92' title="bbox 205 5200 1789 5278; baseline 0.006 -23"><span class='ocrx_word' id='word_1_717' title='bbox 205 5214 243 5255; x_wconf 77' lang='lat' dir='ltr'><strong>et</strong></span> <span class='ocrx_word' id='word_1_718' title='bbox 265 5221 363 5255; x_wconf 86' lang='lat' dir='ltr'><strong>non</strong></span> <span class='ocrx_word' id='word_1_719' title='bbox 400 5200 695 5266; x_wconf 83' lang='lat' dir='ltr'><strong>mortiﬁcatt</strong></span> <span class='ocrx_word' id='word_1_720' title='bbox 727 5211 927 5269; x_wconf 89' lang='lat' dir='ltr'><strong>:atque</strong></span> <span class='ocrx_word' id='word_1_721' title='bbox 981 5204 1200 5271; x_wconf 89' lang='lat' dir='ltr'><strong>insuper</strong></span> <span class='ocrx_word' id='word_1_722' title='bbox 1230 5218 1475 5274; x_wconf 86' lang='lat' dir='ltr'><strong>magnam</strong></span> <span class='ocrx_word' id='word_1_723' title='bbox 1519 5208 1609 5261; x_wconf 91' lang='lat' dir='ltr'><strong>Dei</strong></span> <span class='ocrx_word' id='word_1_724' title='bbox 1662 5223 1789 5278; x_wconf 81' lang='lat' dir='ltr'><strong>erga</strong></span> 
     </span>
    </p>
   </div>
   <div class='ocr_carea' id='block_1_93' title="bbox 204 5296 1786 5365">
    <p class='ocr_par' dir='ltr' id='par_1_93' title="bbox 204 5296 1786 5365">
     <span class='ocr_line' id='line_1_93' title="bbox 204 5296 1786 5365; baseline 0.006 -21"><span class='ocrx_word' id='word_1_725' title='bbox 204 5311 297 5347; x_wconf 87' lang='lat' dir='ltr'><strong>nos</strong></span> <span class='ocrx_word' id='word_1_726' title='bbox 326 5309 509 5348; x_wconf 91' lang='lat' dir='ltr'><strong>curam</strong></span> <span class='ocrx_word' id='word_1_727' title='bbox 538 5306 600 5343; x_wconf 88' lang='lat' dir='ltr'><strong>ac</strong></span> <span class='ocrx_word' id='word_1_728' title='bbox 633 5296 925 5359; x_wconf 88' lang='lat' dir='ltr'><strong>potentiam</strong></span> <span class='ocrx_word' id='word_1_729' title='bbox 958 5311 1051 5363; x_wconf 83' lang='lat' dir='ltr'><strong>per</strong></span> <span class='ocrx_word' id='word_1_730' title='bbox 1075 5312 1137 5350; x_wconf 91' lang='lat' dir='ltr'><strong>ea</strong></span> <span class='ocrx_word' id='word_1_731' title='bbox 1159 5297 1483 5361; x_wconf 85' lang='lat' dir='ltr'><strong>declaravit;</strong></span> <span class='ocrx_word' id='word_1_732' title='bbox 1523 5297 1591 5352; x_wconf 88' lang='lat' dir='ltr'><strong>Ut</strong></span> <span class='ocrx_word' id='word_1_733' title='bbox 1620 5301 1786 5365; x_wconf 91' lang='lat' dir='ltr'><strong>enim,</strong></span> 
     </span>
    </p>
   </div>
   <div class='ocr_carea' id='block_1_94' title="bbox 205 5382 1792 5455">
    <p class='ocr_par' dir='ltr' id='par_1_94' title="bbox 205 5382 1792 5455">
     <span class='ocr_line' id='line_1_94' title="bbox 205 5382 1792 5455; baseline 0.006 -18"><span class='ocrx_word' id='word_1_734' title='bbox 205 5386 385 5455; x_wconf 81' lang='lat' dir='ltr'><strong>inquit,</strong></span> <span class='ocrx_word' id='word_1_735' title='bbox 418 5382 706 5436; x_wconf 83' lang='lat' dir='ltr'><strong>sublimitas</strong></span> <span class='ocrx_word' id='word_1_736' title='bbox 732 5384 928 5440; x_wconf 81' lang='lat' dir='ltr'><strong>virtutis</strong></span> <span class='ocrx_word' id='word_1_737' title='bbox 956 5388 1017 5439; x_wconf 87' lang='lat' dir='ltr'><strong>sit</strong></span> <span class='ocrx_word' id='word_1_738' title='bbox 1061 5386 1174 5452; x_wconf 88' lang='lat' dir='ltr'><strong>Dei,</strong></span> <span class='ocrx_word' id='word_1_739' title='bbox 1207 5398 1254 5440; x_wconf 89' lang='lat' dir='ltr'><strong>et</strong></span> <span class='ocrx_word' id='word_1_740' title='bbox 1284 5404 1383 5441; x_wconf 89' lang='lat' dir='ltr'><strong>non</strong></span> <span class='ocrx_word' id='word_1_741' title='bbox 1425 5404 1487 5441; x_wconf 76' lang='lat' dir='ltr'><strong>ea:</strong></span> <span class='ocrx_word' id='word_1_742' title='bbox 1515 5389 1656 5444; x_wconf 86' lang='lat' dir='ltr'><strong>nobis</strong></span> <span class='ocrx_word' id='word_1_743' title='bbox 1687 5408 1705 5445; x_wconf 91' lang='lat'><em>:</em></span> <span class='ocrx_word' id='word_1_744' title='bbox 1729 5408 1792 5447; x_wconf 89' lang='lat' dir='ltr'><strong>ac</strong></span> 
     </span>
    </p>
   </div>
   <div class='ocr_carea' id='block_1_95' title="bbox 206 5475 1792 5554">
    <p class='ocr_par' dir='ltr' id='par_1_95' title="bbox 206 5475 1792 5554">
     <span class='ocr_line' id='line_1_95' title="bbox 206 5475 1792 5554; baseline 0.008 -29"><span class='ocrx_word' id='word_1_745' title='bbox 206 5488 457 5544; x_wconf 66' lang='lat' dir='ltr'><strong>praeterea</strong></span> <span class='ocrx_word' id='word_1_746' title='bbox 487 5475 780 5529; x_wconf 89' lang='lat' dir='ltr'><strong>certamina</strong></span> <span class='ocrx_word' id='word_1_747' title='bbox 808 5491 1021 5546; x_wconf 89' lang='lat' dir='ltr'><strong>quoque</strong></span> <span class='ocrx_word' id='word_1_748' title='bbox 1048 5493 1143 5532; x_wconf 89' lang='lat' dir='ltr'><strong>sua</strong></span> <span class='ocrx_word' id='word_1_749' title='bbox 1173 5481 1544 5545; x_wconf 86' lang='lat' dir='ltr'><strong>enumeravit;</strong></span> <span class='ocrx_word' id='word_1_750' title='bbox 1578 5482 1792 5554; x_wconf 83' lang='lat' dir='ltr'><strong>Semper</strong></span> 
     </span>
    </p>
   </div>
   <div class='ocr_carea' id='block_1_96' title="bbox 205 5566 1791 5641">
    <p class='ocr_par' dir='ltr' id='par_1_96' title="bbox 205 5566 1791 5641">
     <span class='ocr_line' id='line_1_96' title="bbox 205 5566 1791 5641; baseline 0.006 -20"><span class='ocrx_word' id='word_1_751' title='bbox 205 5571 365 5633; x_wconf 84' lang='lat' dir='ltr'><strong>enim,</strong></span> <span class='ocrx_word' id='word_1_752' title='bbox 419 5566 610 5635; x_wconf 85' lang='lat' dir='ltr'><strong>inquit,</strong></span> <span class='ocrx_word' id='word_1_753' title='bbox 660 5566 818 5631; x_wconf 86' lang='lat' dir='ltr'><strong>ipsius</strong></span> <span class='ocrx_word' id='word_1_754' title='bbox 872 5571 1307 5639; x_wconf 83' lang='lat' dir='ltr'><strong>mortiﬁcationem</strong></span> <span class='ocrx_word' id='word_1_755' title='bbox 1349 5574 1791 5641; x_wconf 74' lang='lat' dir='ltr'><strong>circumferimtts.‘</strong></span> 
     </span>
    </p>
   </div>
   <div class='ocr_carea' id='block_1_97' title="bbox 208 5658 1792 5733">
    <p class='ocr_par' dir='ltr' id='par_1_97' title="bbox 208 5658 1792 5733">
     <span class='ocr_line' id='line_1_97' title="bbox 208 5658 1792 5733; baseline 0.008 -20"><span class='ocrx_word' id='word_1_756' title='bbox 208 5658 439 5730; x_wconf 86' lang='lat' dir='ltr'><strong>illudque</strong></span> <span class='ocrx_word' id='word_1_757' title='bbox 472 5662 599 5714; x_wconf 90' lang='lat' dir='ltr'><strong>item</strong></span> <span class='ocrx_word' id='word_1_758' title='bbox 629 5659 849 5719; x_wconf 89' lang='lat' dir='ltr'><strong>addidit,</strong></span> <span class='ocrx_word' id='word_1_759' title='bbox 879 5676 940 5714; x_wconf 91' lang='lat' dir='ltr'><strong>ca</strong></span> <span class='ocrx_word' id='word_1_760' title='bbox 988 5665 1327 5733; x_wconf 85' lang='lat' dir='ltr'><strong>perspicuum</strong></span> <span class='ocrx_word' id='word_1_761' title='bbox 1379 5669 1792 5725; x_wconf 89' lang='lat' dir='ltr'><strong>resurrectionis</strong></span> 
     </span>
    </p>
   </div>
   <div class='ocr_carea' id='block_1_98' title="bbox 206 5749 1790 5827">
    <p class='ocr_par' dir='ltr' id='par_1_98' title="bbox 206 5749 1790 5827">
     <span class='ocr_line' id='line_1_98' title="bbox 206 5749 1790 5827; baseline 0.008 -26"><span class='ocrx_word' id='word_1_762' title='bbox 206 5761 571 5820; x_wconf 77' lang='lat' dir='ltr'><strong>argumentum</strong></span> <span class='ocrx_word' id='word_1_763' title='bbox 602 5766 755 5816; x_wconf 84' lang='lat' dir='ltr'><strong>esse;</strong></span> <span class='ocrx_word' id='word_1_764' title='bbox 792 5749 859 5805; x_wconf 89' lang='lat' dir='ltr'><strong>Ut</strong></span> <span class='ocrx_word' id='word_1_765' title='bbox 904 5754 1045 5807; x_wconf 90' lang='lat' dir='ltr'><strong>enim</strong></span> <span class='ocrx_word' id='word_1_766' title='bbox 1079 5766 1123 5807; x_wconf 72' lang='lat' dir='ltr'><strong>et</strong></span> <span class='ocrx_word' id='word_1_767' title='bbox 1153 5757 1250 5808; x_wconf 80' lang='lat' dir='ltr'><strong>vita</strong></span> <span class='ocrx_word' id='word_1_768' title='bbox 1282 5756 1428 5820; x_wconf 65' lang='grc' dir='ltr'><strong>λίνεα,</strong></span> <span class='ocrx_word' id='word_1_769' title='bbox 1463 5759 1648 5827; x_wconf 89' lang='lat' dir='ltr'><strong>inquit,</strong></span> <span class='ocrx_word' id='word_1_770' title='bbox 1678 5778 1790 5813; x_wconf 86' lang='lat' dir='ltr'><strong>nta-</strong></span> 
     </span>
    </p>
   </div>
   <div class='ocr_carea' id='block_1_99' title="bbox 211 5843 1784 5921">
    <p class='ocr_par' dir='ltr' id='par_1_99' title="bbox 211 5843 1784 5921">
     <span class='ocr_line' id='line_1_99' title="bbox 211 5843 1784 5921; baseline 0.007 -26"><span class='ocrx_word' id='word_1_771' title='bbox 211 5843 463 5914; x_wconf 73' lang='lat' dir='ltr'><strong>tn&#39;frstctur</strong></span> <span class='ocrx_word' id='word_1_772' title='bbox 510 5843 561 5899; x_wconf 89' lang='lat' dir='ltr'><strong>in</strong></span> <span class='ocrx_word' id='word_1_773' title='bbox 619 5859 766 5899; x_wconf 84' lang='lat' dir='ltr'><strong>carne</strong></span> <span class='ocrx_word' id='word_1_774' title='bbox 797 5855 971 5903; x_wconf 83' lang='lat' dir='ltr'><strong>nostra</strong></span> <span class='ocrx_word' id='word_1_775' title='bbox 1008 5850 1208 5902; x_wconf 80' lang='lat' dir='ltr'><strong>mortali</strong></span> <span class='ocrx_word' id='word_1_776' title='bbox 1240 5867 1256 5903; x_wconf 91' lang='lat'><strong><em>:</em></strong></span> <span class='ocrx_word' id='word_1_777' title='bbox 1285 5851 1349 5906; x_wconf 87' lang='lat' dir='ltr'><strong>ad</strong></span> <span class='ocrx_word' id='word_1_778' title='bbox 1394 5852 1507 5907; x_wconf 74' lang='lat' dir='ltr'><strong>lucc</strong></span> <span class='ocrx_word' id='word_1_779' title='bbox 1562 5870 1784 5921; x_wconf 77' lang='lat' dir='ltr'><strong>quarum</strong></span> 
     </span>
    </p>
   </div>
   <div class='ocr_carea' id='block_1_100' title="bbox 1906 4200 3494 4275">
    <p class='ocr_par' dir='ltr' id='par_1_100' title="bbox 1906 4200 3494 4275">
     <span class='ocr_line' id='line_1_100' title="bbox 1906 4200 3494 4275; baseline 0.015 -25"><span class='ocrx_word' id='word_1_780' title='bbox 1906 4218 2081 4256; x_wconf 78' lang='lat' dir='ltr'><strong>rerum</strong></span> <span class='ocrx_word' id='word_1_781' title='bbox 2118 4202 2383 4269; x_wconf 86' lang='lat' dir='ltr'><strong>particeps</strong></span> <span class='ocrx_word' id='word_1_782' title='bbox 2412 4200 2711 4264; x_wconf 83' lang='lat' dir='ltr'><strong>exstiterit,</strong></span> <span class='ocrx_word' id='word_1_783' title='bbox 2746 4216 2968 4271; x_wconf 73' lang='lat' dir='ltr'><strong>qumque</strong></span> <span class='ocrx_word' id='word_1_784' title='bbox 3003 4208 3167 4275; x_wconf 88' lang='lat' dir='ltr'><strong>ipsius</strong></span> <span class='ocrx_word' id='word_1_785' title='bbox 3190 4214 3311 4268; x_wconf 87' lang='lat' dir='ltr'><strong>tidei</strong></span> <span class='ocrx_word' id='word_1_786' title='bbox 3345 4233 3494 4273; x_wconf 90' lang='lat' dir='ltr'><strong>com-</strong></span> 
     </span>
    </p>
   </div>
   <div class='ocr_carea' id='block_1_101' title="bbox 1905 4287 3491 4378">
    <p class='ocr_par' dir='ltr' id='par_1_101' title="bbox 1905 4287 3491 4378">
     <span class='ocr_line' id='line_1_101' title="bbox 1905 4287 3491 4378; baseline 0.014 -32"><span class='ocrx_word' id='word_1_787' title='bbox 1905 4298 2063 4347; x_wconf 84' lang='lat' dir='ltr'><strong>missa</strong></span> <span class='ocrx_word' id='word_1_788' title='bbox 2096 4293 2327 4357; x_wconf 80' lang='lat' dir='ltr'><strong>fuerint;</strong></span> <span class='ocrx_word' id='word_1_789' title='bbox 2385 4291 2487 4346; x_wconf 87' lang='lat' dir='ltr'><strong>Pro</strong></span> <span class='ocrx_word' id='word_1_790' title='bbox 2519 4287 2717 4346; x_wconf 78' lang='lat' dir='ltr'><strong>Christo</strong></span> <span class='ocrx_word' id='word_1_791' title='bbox 2746 4295 2885 4349; x_wconf 88' lang='lat' dir='ltr'><strong>enim</strong></span> <span class='ocrx_word' id='word_1_792' title='bbox 2915 4300 3165 4367; x_wconf 82' lang='lat' dir='ltr'><strong>legatione</strong></span> <span class='ocrx_word' id='word_1_793' title='bbox 3210 4311 3491 4378; x_wconf 77' lang='lat' dir='ltr'><strong>fungimur,</strong></span> 
     </span>
    </p>
   </div>
   <div class='ocr_carea' id='block_1_102' title="bbox 1905 4384 3496 4475">
    <p class='ocr_par' dir='ltr' id='par_1_102' title="bbox 1905 4384 3496 4475">
     <span class='ocr_line' id='line_1_102' title="bbox 1905 4384 3496 4475; baseline 0.008 -35"><span class='ocrx_word' id='word_1_794' title='bbox 1905 4387 2094 4455; x_wconf 88' lang='lat' dir='ltr'><strong>inquit,</strong></span> <span class='ocrx_word' id='word_1_795' title='bbox 2122 4395 2377 4454; x_wconf 83' lang='lat' dir='ltr'><strong>tamquam</strong></span> <span class='ocrx_word' id='word_1_796' title='bbox 2398 4384 2503 4438; x_wconf 79' lang='lat' dir='ltr'><strong>Deo</strong></span> <span class='ocrx_word' id='word_1_797' title='bbox 2527 4403 2614 4454; x_wconf 86' lang='lat' dir='ltr'><strong>per</strong></span> <span class='ocrx_word' id='word_1_798' title='bbox 2638 4404 2724 4440; x_wconf 80' lang='lat' dir='ltr'><strong>nos</strong></span> <span class='ocrx_word' id='word_1_799' title='bbox 2745 4389 3083 4447; x_wconf 75' lang='lat' dir='ltr'><strong>exhortante:</strong></span> <span class='ocrx_word' id='word_1_800' title='bbox 3106 4406 3263 4468; x_wconf 88' lang='lat' dir='ltr'><strong>atque</strong></span> <span class='ocrx_word' id='word_1_801' title='bbox 3283 4407 3496 4475; x_wconf 63' lang='lat' dir='ltr'><strong>insuper</strong></span> 
     </span>
    </p>
   </div>
   <div class='ocr_carea' id='block_1_103' title="bbox 1902 4480 3493 4564">
    <p class='ocr_par' dir='ltr' id='par_1_103' title="bbox 1902 4480 3493 4564">
     <span class='ocr_line' id='line_1_103' title="bbox 1902 4480 3493 4564; baseline 0.011 -32"><span class='ocrx_word' id='word_1_802' title='bbox 1902 4496 2125 4550; x_wconf 86' lang='lat' dir='ltr'><strong>quarum</strong></span> <span class='ocrx_word' id='word_1_803' title='bbox 2156 4495 2334 4534; x_wconf 75' lang='lat' dir='ltr'><strong>rerum</strong></span> <span class='ocrx_word' id='word_1_804' title='bbox 2364 4480 2607 4533; x_wconf 91' lang='lat' dir='ltr'><strong>minister</strong></span> <span class='ocrx_word' id='word_1_805' title='bbox 2630 4482 2716 4545; x_wconf 90' lang='lat' dir='ltr'><strong>sit,</strong></span> <span class='ocrx_word' id='word_1_806' title='bbox 2754 4484 3003 4540; x_wconf 89' lang='lat' dir='ltr'><strong>nimirum</strong></span> <span class='ocrx_word' id='word_1_807' title='bbox 3033 4504 3135 4544; x_wconf 91' lang='lat' dir='ltr'><strong>non</strong></span> <span class='ocrx_word' id='word_1_808' title='bbox 3168 4492 3335 4549; x_wconf 64' lang='lat' dir='ltr'><strong>iilCl‘tB</strong></span> <span class='ocrx_word' id='word_1_809' title='bbox 3356 4540 3369 4564; x_wconf 98' lang='lat'><strong>,</strong></span> <span class='ocrx_word' id='word_1_810' title='bbox 3402 4506 3493 4556; x_wconf 74' lang='lat' dir='ltr'><strong>seti</strong></span> 
     </span>
    </p>
   </div>
   <div class='ocr_carea' id='block_1_104' title="bbox 1901 4571 3495 4647">
    <p class='ocr_par' dir='ltr' id='par_1_104' title="bbox 1901 4571 3495 4647">
     <span class='ocr_line' id='line_1_104' title="bbox 1901 4571 3495 4647; baseline 0.013 -21"><span class='ocrx_word' id='word_1_811' title='bbox 1901 4575 2117 4642; x_wconf 85' lang='lat' dir='ltr'><strong>Spiritus</strong></span> <span class='ocrx_word' id='word_1_812' title='bbox 2152 4590 2163 4624; x_wconf 92' lang='lat'><strong>:</strong></span> <span class='ocrx_word' id='word_1_813' title='bbox 2197 4586 2258 4624; x_wconf 92' lang='lat' dir='ltr'><strong>ac</strong></span> <span class='ocrx_word' id='word_1_814' title='bbox 2286 4571 2518 4639; x_wconf 89' lang='lat' dir='ltr'><strong>denique</strong></span> <span class='ocrx_word' id='word_1_815' title='bbox 2557 4572 2699 4638; x_wconf 89' lang='lat' dir='ltr'><strong>quod</strong></span> <span class='ocrx_word' id='word_1_816' title='bbox 2743 4588 2848 4627; x_wconf 91' lang='lat' dir='ltr'><strong>non</strong></span> <span class='ocrx_word' id='word_1_817' title='bbox 2903 4592 2967 4630; x_wconf 92' lang='lat' dir='ltr'><strong>eo</strong></span> <span class='ocrx_word' id='word_1_818' title='bbox 3023 4590 3223 4637; x_wconf 83' lang='lat' dir='ltr'><strong>tantum</strong></span> <span class='ocrx_word' id='word_1_819' title='bbox 3280 4595 3495 4647; x_wconf 87' lang='lat' dir='ltr'><strong>nomine</strong></span> 
     </span>
    </p>
   </div>
   <div class='ocr_carea' id='block_1_105' title="bbox 1901 4662 3488 4743">
    <p class='ocr_par' dir='ltr' id='par_1_105' title="bbox 1901 4662 3488 4743">
     <span class='ocr_line' id='line_1_105' title="bbox 1901 4662 3488 4743; baseline 0.016 -31"><span class='ocrx_word' id='word_1_820' title='bbox 1901 4662 2238 4718; x_wconf 79' lang='lat' dir='ltr'><strong>venerandus</strong></span> <span class='ocrx_word' id='word_1_821' title='bbox 2271 4663 2359 4721; x_wconf 89' lang='lat' dir='ltr'><strong>sit,</strong></span> <span class='ocrx_word' id='word_1_822' title='bbox 2394 4662 2485 4713; x_wconf 85' lang='lat' dir='ltr'><strong>sed</strong></span> <span class='ocrx_word' id='word_1_823' title='bbox 2515 4663 2674 4715; x_wconf 89' lang='lat' dir='ltr'><strong>etiam</strong></span> <span class='ocrx_word' id='word_1_824' title='bbox 2703 4664 2771 4716; x_wconf 88' lang='lat' dir='ltr'><strong>ob</strong></span> <span class='ocrx_word' id='word_1_825' title='bbox 2806 4670 3161 4736; x_wconf 88' lang='lat' dir='ltr'><strong>lentationcs;</strong></span> <span class='ocrx_word' id='word_1_826' title='bbox 3189 4676 3293 4730; x_wconf 83' lang='lat' dir='ltr'><strong>Deo</strong></span> <span class='ocrx_word' id='word_1_827' title='bbox 3322 4684 3488 4743; x_wconf 83' lang='lat' dir='ltr'><strong>enim.</strong></span> 
     </span>
    </p>
   </div>
   <div class='ocr_carea' id='block_1_106' title="bbox 1901 4752 3491 4833">
    <p class='ocr_par' dir='ltr' id='par_1_106' title="bbox 1901 4752 3491 4833">
     <span class='ocr_line' id='line_1_106' title="bbox 1901 4752 3491 4833; baseline 0.008 -25"><span class='ocrx_word' id='word_1_828' title='bbox 1901 4757 2085 4824; x_wconf 88' lang='lat' dir='ltr'><strong>inquit,</strong></span> <span class='ocrx_word' id='word_1_829' title='bbox 2118 4752 2304 4823; x_wconf 87' lang='lat' dir='ltr'><strong>gratia,</strong></span> <span class='ocrx_word' id='word_1_830' title='bbox 2339 4752 2421 4822; x_wconf 87' lang='lat' dir='ltr'><strong>qui</strong></span> <span class='ocrx_word' id='word_1_831' title='bbox 2451 4770 2542 4805; x_wconf 84' lang='lat' dir='ltr'><strong>nos</strong></span> <span class='ocrx_word' id='word_1_832' title='bbox 2584 4771 2779 4823; x_wconf 83' lang='lat' dir='ltr'><strong>semper</strong></span> <span class='ocrx_word' id='word_1_833' title='bbox 2805 4758 3083 4829; x_wconf 75' lang='lat' dir='ltr'><strong>triumphat</strong></span> <span class='ocrx_word' id='word_1_834' title='bbox 3114 4780 3131 4815; x_wconf 95' lang='lat'><em>:</em></span> <span class='ocrx_word' id='word_1_835' title='bbox 3170 4766 3277 4833; x_wconf 89' lang='lat' dir='ltr'><strong>jam</strong></span> <span class='ocrx_word' id='word_1_836' title='bbox 3306 4771 3370 4824; x_wconf 88' lang='lat' dir='ltr'><strong>ad</strong></span> <span class='ocrx_word' id='word_1_837' title='bbox 3399 4790 3491 4827; x_wconf 71' lang='lat' dir='ltr'><strong>eos</strong></span> 
     </span>
    </p>
   </div>
   <div class='ocr_carea' id='block_1_107' title="bbox 1898 4844 3491 4919">
    <p class='ocr_par' dir='ltr' id='par_1_107' title="bbox 1898 4844 3491 4919">
     <span class='ocr_line' id='line_1_107' title="bbox 1898 4844 3491 4919; baseline 0.009 -26"><span class='ocrx_word' id='word_1_838' title='bbox 1898 4844 2257 4915; x_wconf 69' lang='lat' dir='ltr'><strong>ottjurgandos</strong></span> <span class='ocrx_word' id='word_1_839' title='bbox 2287 4857 2344 4897; x_wconf 89' lang='lat' dir='ltr'><strong>se</strong></span> <span class='ocrx_word' id='word_1_840' title='bbox 2371 4844 2632 4913; x_wconf 83' lang='lat' dir='ltr'><strong>accingit,</strong></span> <span class='ocrx_word' id='word_1_841' title='bbox 2663 4854 2719 4899; x_wconf 93' lang='lat' dir='ltr'><strong>ut</strong></span> <span class='ocrx_word' id='word_1_842' title='bbox 2746 4861 2929 4915; x_wconf 86' lang='lat' dir='ltr'><strong>parum</strong></span> <span class='ocrx_word' id='word_1_843' title='bbox 2961 4852 3041 4905; x_wconf 90' lang='lat' dir='ltr'><strong>sui</strong></span> <span class='ocrx_word' id='word_1_844' title='bbox 3072 4856 3357 4915; x_wconf 77' lang='lat' dir='ltr'><strong>studiosos,</strong></span> <span class='ocrx_word' id='word_1_845' title='bbox 3384 4863 3491 4919; x_wconf 53' lang='lat' dir='ltr'><strong>Nec</strong></span> 
     </span>
    </p>
   </div>
   <div class='ocr_carea' id='block_1_108' title="bbox 1897 4937 3485 5025">
    <p class='ocr_par' dir='ltr' id='par_1_108' title="bbox 1897 4937 3485 5025">
     <span class='ocr_line' id='line_1_108' title="bbox 1897 4937 3485 5025; baseline 0.009 -34"><span class='ocrx_word' id='word_1_846' title='bbox 1897 4938 1961 4991; x_wconf 89' lang='lat' dir='ltr'><strong>ad</strong></span> <span class='ocrx_word' id='word_1_847' title='bbox 1993 4938 2092 4989; x_wconf 88' lang='lat' dir='ltr'><strong>hoc</strong></span> <span class='ocrx_word' id='word_1_848' title='bbox 2121 4938 2299 4990; x_wconf 88' lang='lat' dir='ltr'><strong>statim</strong></span> <span class='ocrx_word' id='word_1_849' title='bbox 2328 4937 2624 4990; x_wconf 89' lang='lat' dir='ltr'><strong>orationem</strong></span> <span class='ocrx_word' id='word_1_850' title='bbox 2654 4938 2884 5004; x_wconf 84' lang='lat' dir='ltr'><strong>confert,</strong></span> <span class='ocrx_word' id='word_1_851' title='bbox 2910 4958 3092 4997; x_wconf 89' lang='lat' dir='ltr'><strong>verum</strong></span> <span class='ocrx_word' id='word_1_852' title='bbox 3121 4948 3168 5000; x_wconf 87' lang='lat' dir='ltr'><strong>id</strong></span> <span class='ocrx_word' id='word_1_853' title='bbox 3193 4952 3337 5017; x_wconf 85' lang='lat' dir='ltr'><strong>prius</strong></span> <span class='ocrx_word' id='word_1_854' title='bbox 3359 4958 3485 5025; x_wconf 75' lang='lat' dir='ltr'><strong>agit,</strong></span> 
     </span>
    </p>
   </div>
   <div class='ocr_carea' id='block_1_109' title="bbox 1898 5028 3490 5107">
    <p class='ocr_par' dir='ltr' id='par_1_109' title="bbox 1898 5028 3490 5107">
     <span class='ocr_line' id='line_1_109' title="bbox 1898 5028 3490 5107; baseline 0.011 -24"><span class='ocrx_word' id='word_1_855' title='bbox 1898 5039 1953 5083; x_wconf 90' lang='lat' dir='ltr'><strong>ut</strong></span> <span class='ocrx_word' id='word_1_856' title='bbox 1980 5043 2128 5082; x_wconf 90' lang='lat' dir='ltr'><strong>suam</strong></span> <span class='ocrx_word' id='word_1_857' title='bbox 2161 5042 2287 5097; x_wconf 87' lang='lat' dir='ltr'><strong>erga</strong></span> <span class='ocrx_word' id='word_1_858' title='bbox 2315 5042 2408 5081; x_wconf 89' lang='lat' dir='ltr'><strong>eos</strong></span> <span class='ocrx_word' id='word_1_859' title='bbox 2443 5028 2785 5084; x_wconf 85' lang='lat' dir='ltr'><strong>dilectionem</strong></span> <span class='ocrx_word' id='word_1_860' title='bbox 2818 5035 3081 5097; x_wconf 83' lang='lat' dir='ltr'><strong>ostendat,</strong></span> <span class='ocrx_word' id='word_1_861' title='bbox 3114 5050 3271 5107; x_wconf 76' lang='lat' dir='ltr'><strong>atque</strong></span> <span class='ocrx_word' id='word_1_862' title='bbox 3299 5045 3366 5097; x_wconf 86' lang='lat' dir='ltr'><strong>ita</strong></span> <span class='ocrx_word' id='word_1_863' title='bbox 3398 5048 3490 5103; x_wconf 74' lang='lat' dir='ltr'><strong>de-</strong></span> 
     </span>
    </p>
   </div>
   <div class='ocr_carea' id='block_1_110' title="bbox 1898 5118 3487 5192">
    <p class='ocr_par' dir='ltr' id='par_1_110' title="bbox 1898 5118 3487 5192">
     <span class='ocr_line' id='line_1_110' title="bbox 1898 5118 3487 5192; baseline 0.004 -17"><span class='ocrx_word' id='word_1_864' title='bbox 1898 5137 2040 5175; x_wconf 89' lang='lat' dir='ltr'><strong>mum</strong></span> <span class='ocrx_word' id='word_1_865' title='bbox 2066 5120 2117 5173; x_wconf 90' lang='lat' dir='ltr'><strong>in</strong></span> <span class='ocrx_word' id='word_1_866' title='bbox 2150 5118 2455 5189; x_wconf 89' lang='lat' dir='ltr'><strong>hujusmodi</strong></span> <span class='ocrx_word' id='word_1_867' title='bbox 2487 5135 2791 5173; x_wconf 84' lang='lat' dir='ltr'><strong>sermonem</strong></span> <span class='ocrx_word' id='word_1_868' title='bbox 2822 5124 3133 5192; x_wconf 80' lang='lat' dir='ltr'><strong>ingreditur.</strong></span> <span class='ocrx_word' id='word_1_869' title='bbox 3164 5129 3294 5185; x_wconf 86' lang='lat' dir='ltr'><strong>Nam</strong></span> <span class='ocrx_word' id='word_1_870' title='bbox 3328 5140 3427 5191; x_wconf 72' lang='lat' dir='ltr'><strong>etsi</strong></span> <span class='ocrx_word' id='word_1_871' title='bbox 3461 5155 3487 5190; x_wconf 68' lang='grc' dir='ltr'><strong>ει</strong></span> 
     </span>
    </p>
   </div>
   <div class='ocr_carea' id='block_1_111' title="bbox 1898 5210 3486 5297">
    <p class='ocr_par' dir='ltr' id='par_1_111' title="bbox 1898 5210 3486 5297">
     <span class='ocr_line' id='line_1_111' title="bbox 1898 5210 3486 5297; baseline 0.011 -32"><span class='ocrx_word' id='word_1_872' title='bbox 1898 5212 2056 5265; x_wconf 90' lang='lat' dir='ltr'><strong>rebus</strong></span> <span class='ocrx_word' id='word_1_873' title='bbox 2078 5212 2335 5279; x_wconf 84' lang='lat' dir='ltr'><strong>praeclare</strong></span> <span class='ocrx_word' id='word_1_874' title='bbox 2361 5210 2525 5279; x_wconf 80' lang='lat' dir='ltr'><strong>geSIis</strong></span> <span class='ocrx_word' id='word_1_875' title='bbox 2558 5212 2879 5267; x_wconf 88' lang='lat' dir='ltr'><strong>venerabilis</strong></span> <span class='ocrx_word' id='word_1_876' title='bbox 2903 5227 2982 5269; x_wconf 70' lang='lat' dir='ltr'><strong>est</strong></span> <span class='ocrx_word' id='word_1_877' title='bbox 3029 5219 3072 5271; x_wconf 89' lang='lat' dir='ltr'><strong>is</strong></span> <span class='ocrx_word' id='word_1_878' title='bbox 3093 5222 3179 5289; x_wconf 92' lang='lat' dir='ltr'><strong>qui</strong></span> <span class='ocrx_word' id='word_1_879' title='bbox 3210 5224 3447 5297; x_wconf 84' lang='lat' dir='ltr'><strong>increpat</strong></span> <span class='ocrx_word' id='word_1_880' title='bbox 3472 5276 3486 5297; x_wconf 88' lang='lat'><strong>,</strong></span> 
     </span>
    </p>
   </div>
   <div class='ocr_carea' id='block_1_112' title="bbox 1896 5302 3485 5384">
    <p class='ocr_par' dir='ltr' id='par_1_112' title="bbox 1896 5302 3485 5384">
     <span class='ocr_line' id='line_1_112' title="bbox 1896 5302 3485 5384; baseline 0.008 -29"><span class='ocrx_word' id='word_1_881' title='bbox 1896 5312 2131 5356; x_wconf 75' lang='lat' dir='ltr'><strong>attamen</strong></span> <span class='ocrx_word' id='word_1_882' title='bbox 2162 5317 2283 5356; x_wconf 91' lang='lat' dir='ltr'><strong>cum</strong></span> <span class='ocrx_word' id='word_1_883' title='bbox 2324 5302 2613 5357; x_wconf 86' lang='lat' dir='ltr'><strong>amicitiam</strong></span> <span class='ocrx_word' id='word_1_884' title='bbox 2645 5304 2860 5359; x_wconf 83' lang='lat' dir='ltr'><strong>exhibet</strong></span> <span class='ocrx_word' id='word_1_885' title='bbox 2887 5322 3009 5377; x_wconf 81' lang='lat' dir='ltr'><strong>erga</strong></span> <span class='ocrx_word' id='word_1_886' title='bbox 3041 5328 3133 5366; x_wconf 83' lang='lat' dir='ltr'><strong>eos</strong></span> <span class='ocrx_word' id='word_1_887' title='bbox 3156 5332 3289 5384; x_wconf 76' lang='lat' dir='ltr'><strong>quos</strong></span> <span class='ocrx_word' id='word_1_888' title='bbox 3319 5326 3485 5378; x_wconf 68' lang='lat' dir='ltr'><strong>(om.</strong></span> 
     </span>
    </p>
   </div>
   <div class='ocr_carea' id='block_1_113' title="bbox 1898 5394 3493 5486">
    <p class='ocr_par' dir='ltr' id='par_1_113' title="bbox 1898 5394 3493 5486">
     <span class='ocr_line' id='line_1_113' title="bbox 1898 5394 3493 5486; baseline 0.013 -40"><span class='ocrx_word' id='word_1_889' title='bbox 1898 5395 1993 5464; x_wconf 90' lang='lat' dir='ltr'><strong>pit,</strong></span> <span class='ocrx_word' id='word_1_890' title='bbox 2016 5394 2429 5486; x_wconf 86' lang='lat' dir='ltr'><strong>tolerabiliorem</strong></span> <span class='ocrx_word' id='word_1_891' title='bbox 2457 5410 2757 5451; x_wconf 88' lang='lat' dir='ltr'><strong>sermonem</strong></span> <span class='ocrx_word' id='word_1_892' title='bbox 2783 5400 2973 5456; x_wconf 92' lang='lat' dir='ltr'><strong>reddit.</strong></span> <span class='ocrx_word' id='word_1_893' title='bbox 3000 5404 3119 5461; x_wconf 91' lang='lat' dir='ltr'><strong>Ideo</strong></span> <span class='ocrx_word' id='word_1_894' title='bbox 3144 5410 3253 5478; x_wconf 89' lang='lat' dir='ltr'><strong>ipse</strong></span> <span class='ocrx_word' id='word_1_895' title='bbox 3279 5428 3455 5486; x_wconf 78' lang='lat' dir='ltr'><strong>quoqu</strong></span> <span class='ocrx_word' id='word_1_896' title='bbox 3484 5438 3493 5467; x_wconf 56' lang='grc' dir='ltr'>θ</span> 
     </span>
    </p>
   </div>
   <div class='ocr_carea' id='block_1_114' title="bbox 1898 5485 3491 5560">
    <p class='ocr_par' dir='ltr' id='par_1_114' title="bbox 1898 5485 3491 5560">
     <span class='ocr_line' id='line_1_114' title="bbox 1898 5485 3491 5560; baseline 0.012 -19"><span class='ocrx_word' id='word_1_897' title='bbox 1898 5485 2096 5541; x_wconf 88' lang='lat' dir='ltr'><strong>Paulus</strong></span> <span class='ocrx_word' id='word_1_898' title='bbox 2121 5501 2153 5541; x_wconf 89' lang='lat' dir='ltr'><strong>e</strong></span> <span class='ocrx_word' id='word_1_899' title='bbox 2183 5486 2569 5541; x_wconf 89' lang='lat' dir='ltr'><strong>tentationibus</strong></span> <span class='ocrx_word' id='word_1_900' title='bbox 2599 5488 2711 5542; x_wconf 90' lang='lat' dir='ltr'><strong>suis</strong></span> <span class='ocrx_word' id='word_1_901' title='bbox 2735 5502 2798 5545; x_wconf 89' lang='lat' dir='ltr'><strong>ac</strong></span> <span class='ocrx_word' id='word_1_902' title='bbox 2826 5492 3111 5551; x_wconf 83' lang='lat' dir='ltr'><strong>sudoribus</strong></span> <span class='ocrx_word' id='word_1_903' title='bbox 3146 5509 3199 5553; x_wconf 88' lang='lat' dir='ltr'><strong>et</strong></span> <span class='ocrx_word' id='word_1_904' title='bbox 3228 5485 3491 5560; x_wconf 83' lang='lat' dir='ltr'><strong>certanti-</strong></span> 
     </span>
    </p>
   </div>
   <div class='ocr_carea' id='block_1_115' title="bbox 1897 5575 3493 5662">
    <p class='ocr_par' dir='ltr' id='par_1_115' title="bbox 1897 5575 3493 5662">
     <span class='ocr_line' id='line_1_115' title="bbox 1897 5575 3493 5662; baseline 0.014 -32"><span class='ocrx_word' id='word_1_905' title='bbox 1897 5575 2052 5631; x_wconf 89' lang='lat' dir='ltr'><strong>nibus</strong></span> <span class='ocrx_word' id='word_1_906' title='bbox 2098 5589 2345 5647; x_wconf 80' lang='lat' dir='ltr'><strong>egressus</strong></span> <span class='ocrx_word' id='word_1_907' title='bbox 2365 5616 2380 5641; x_wconf 93' lang='lat'><strong>,</strong></span> <span class='ocrx_word' id='word_1_908' title='bbox 2412 5575 2478 5629; x_wconf 89' lang='lat' dir='ltr'><strong>ad</strong></span> <span class='ocrx_word' id='word_1_909' title='bbox 2508 5589 2815 5635; x_wconf 88' lang='lat' dir='ltr'><strong>sermonem</strong></span> <span class='ocrx_word' id='word_1_910' title='bbox 2844 5581 2913 5637; x_wconf 91' lang='lat' dir='ltr'><strong>de</strong></span> <span class='ocrx_word' id='word_1_911' title='bbox 2955 5587 3179 5643; x_wconf 70' lang='lat' dir='ltr'><strong>caritate</strong></span> <span class='ocrx_word' id='word_1_912' title='bbox 3208 5596 3416 5662; x_wconf 87' lang='lat' dir='ltr'><strong>transit,</strong></span> <span class='ocrx_word' id='word_1_913' title='bbox 3439 5607 3493 5653; x_wconf 85' lang='lat' dir='ltr'><strong>et</strong></span> 
     </span>
    </p>
   </div>
   <div class='ocr_carea' id='block_1_116' title="bbox 1897 5666 3492 5742">
    <p class='ocr_par' dir='ltr' id='par_1_116' title="bbox 1897 5666 3492 5742">
     <span class='ocr_line' id='line_1_116' title="bbox 1897 5666 3492 5742; baseline 0.012 -21"><span class='ocrx_word' id='word_1_914' title='bbox 1897 5669 1973 5722; x_wconf 87' lang='lat' dir='ltr'><strong>sic</strong></span> <span class='ocrx_word' id='word_1_915' title='bbox 2024 5667 2146 5722; x_wconf 92' lang='lat' dir='ltr'><strong>illos</strong></span> <span class='ocrx_word' id='word_1_916' title='bbox 2189 5667 2454 5739; x_wconf 85' lang='lat' dir='ltr'><strong>objurgat.</strong></span> <span class='ocrx_word' id='word_1_917' title='bbox 2502 5666 2760 5734; x_wconf 63' lang='lat' dir='ltr'><strong>Quaenam</strong></span> <span class='ocrx_word' id='word_1_918' title='bbox 2803 5685 2934 5742; x_wconf 87' lang='lat' dir='ltr'><strong>ergo</strong></span> <span class='ocrx_word' id='word_1_919' title='bbox 2972 5690 3083 5730; x_wconf 83' lang='lat' dir='ltr'><strong>suae</strong></span> <span class='ocrx_word' id='word_1_920' title='bbox 3112 5692 3205 5732; x_wconf 84' lang='lat' dir='ltr'><strong>eos</strong></span> <span class='ocrx_word' id='word_1_921' title='bbox 3253 5686 3492 5742; x_wconf 87' lang='lat' dir='ltr'><strong>caritatis</strong></span> 
     </span>
    </p>
   </div>
   <div class='ocr_carea' id='block_1_117' title="bbox 1899 5756 3486 5834">
    <p class='ocr_par' dir='ltr' id='par_1_117' title="bbox 1899 5756 3486 5834">
     <span class='ocr_line' id='line_1_117' title="bbox 1899 5756 3486 5834; baseline 0.006 -24"><span class='ocrx_word' id='word_1_922' title='bbox 1899 5769 2208 5828; x_wconf 81' lang='lat' dir='ltr'><strong>argumenta</strong></span> <span class='ocrx_word' id='word_1_923' title='bbox 2237 5757 2429 5813; x_wconf 80' lang='lat' dir='ltr'><strong>affert?</strong></span> <span class='ocrx_word' id='word_1_924' title='bbox 2477 5756 2548 5813; x_wconf 85' lang='lat' dir='ltr'><strong>Os</strong></span> <span class='ocrx_word' id='word_1_925' title='bbox 2587 5769 2814 5814; x_wconf 83' lang='lat' dir='ltr'><strong>nostrum</strong></span> <span class='ocrx_word' id='word_1_926' title='bbox 2853 5773 2988 5832; x_wconf 86' lang='lat' dir='ltr'><strong>patet</strong></span> <span class='ocrx_word' id='word_1_927' title='bbox 3014 5769 3085 5820; x_wconf 88' lang='lat' dir='ltr'><strong>ad</strong></span> <span class='ocrx_word' id='word_1_928' title='bbox 3110 5785 3214 5834; x_wconf 85' lang='lat' dir='ltr'><strong>vos,</strong></span> <span class='ocrx_word' id='word_1_929' title='bbox 3246 5788 3273 5824; x_wconf 95' lang='lat' dir='ltr'><strong>o</strong></span> <span class='ocrx_word' id='word_1_930' title='bbox 3298 5773 3486 5831; x_wconf 66' lang='lat' dir='ltr'><strong>Cori”.</strong></span> 
     </span>
    </p>
   </div>
   <div class='ocr_carea' id='block_1_118' title="bbox 1902 5851 3497 5927">
    <p class='ocr_par' dir='ltr' id='par_1_118' title="bbox 1902 5851 3497 5927">
     <span class='ocr_line' id='line_1_118' title="bbox 1902 5851 3497 5927; baseline 0.011 -22"><span class='ocrx_word' id='word_1_931' title='bbox 1902 5852 2011 5907; x_wconf 84' lang='lat' dir='ltr'><strong>thii.</strong></span> <span class='ocrx_word' id='word_1_932' title='bbox 2048 5852 2109 5909; x_wconf 79' lang='lat' dir='ltr'><strong>Et</strong></span> <span class='ocrx_word' id='word_1_933' title='bbox 2137 5851 2401 5922; x_wconf 86' lang='lat' dir='ltr'><strong>quodnam</strong></span> <span class='ocrx_word' id='word_1_934' title='bbox 2429 5852 2665 5910; x_wconf 89' lang='lat' dir='ltr'><strong>caritatis</strong></span> <span class='ocrx_word' id='word_1_935' title='bbox 2695 5867 3067 5925; x_wconf 80' lang='lat' dir='ltr'><strong>argumentum</strong></span> <span class='ocrx_word' id='word_1_936' title='bbox 3118 5861 3218 5918; x_wconf 89' lang='lat' dir='ltr'><strong>ltoc</strong></span> <span class='ocrx_word' id='word_1_937' title='bbox 3250 5871 3371 5921; x_wconf 78' lang='lat' dir='ltr'><strong>est?</strong></span> <span class='ocrx_word' id='word_1_938' title='bbox 3400 5883 3497 5927; x_wconf 69' lang='lat' dir='ltr'><strong>aut</strong></span> 
     </span>
    </p>
   </div>
  </div>
