4022 6258
558 358 622 417 ιθ
631 361 657 417 1

556 476 685 549 quid
711 473 931 531 omnino
954 470 1072 537 haec
1094 465 1197 525 sibi
1220 464 1380 523 verba
1406 462 1632 521 volunt?
1654 461 1773 519 Non
1794 463 2142 529 sustinemus,

557 569 748 641 inquit,
770 563 985 637 silentio
1007 562 1073 616 ad
1101 575 1198 616 vos
1224 559 1324 622 uti,
1351 557 1447 613 sed
1470 556 1809 612 continenter
1832 569 1929 609 vos
1948 554 2145 625 alloqui

555 673 715 735 atque
741 658 1039 714 oralionem
1068 652 1135 709 ad
1164 667 1259 708 vos
1289 649 1487 705 habere
1511 647 1770 718 gestimus
1801 664 1815 699 :
1846 647 1932 717 qui
1960 661 2147 701 aman-

556 756 686 808 tium
724 766 842 805 mos
862 755 969 805 est.
1002 745 1137 802 Nam
1178 741 1323 814 quod
1379 741 1431 795 in
1485 753 1713 809 corpore
1739 747 1863 793 sunt
1890 753 2142 793 manuum

551 844 884 914 complexus,
918 844 1022 893 hoc
1048 838 1101 891 in
1122 835 1305 889 animo
1327 840 1411 889 est
1438 830 1705 886 sermonis
1731 828 2142 885 commercium.

552 939 633 1005 Ad
662 937 764 993 hoc
783 935 945 991 etiam
988 928 1131 985 aliud
1160 925 1548 983 subiudicatur.
1594 923 1732 991 Quid
1779 921 1941 977 illud?
1990 920 2145 992 Apud

548 1046 667 1095 vos,
697 1026 891 1098 inquit,
937 1036 1074 1094 quos
1098 1019 1405 1076 carissimos
1432 1015 1713 1079 habemus,
1757 1023 1946 1067 cuncta
1978 1012 2147 1067 libere

542 1124 856 1197 loquimur,
889 1118 1017 1173 nihil
1045 1112 1442 1170 dissimulantes
1483 1117 1575 1161 aut
1613 1116 1973 1161 reservantes.
1996 1104 2144 1197 Quo-

550 1195 693 1273 niam
709 1212 853 1269 enim
863 1210 975 1283 jam
993 1206 1376 1275 objurgaturus
1396 1210 1495 1263 est,
1522 1198 1721 1253 idcirco
1743 1197 1951 1251 veniam
1980 1195 2140 1266 petit;

547 1304 678 1365 illud
708 1305 905 1375 ipsum,
953 1296 1096 1370 quod
1135 1308 1233 1351 eis
1272 1292 1439 1347 libere
1465 1289 1746 1359 objurget,
1802 1286 2030 1356 ingentis
2060 1285 2143 1339 sui

546 1413 675 1473 erga
702 1409 798 1453 eos
820 1390 1022 1448 amoris
1040 1388 1425 1443 documentum
1444 1395 1567 1437 esse
1594 1388 1854 1433 statuens.
1882 1376 2001 1433 Jam
2029 1375 2142 1446 ipsa

546 1468 762 1564 quisque
784 1483 1022 1542 nominis
1050 1478 1282 1549 adjemio
1306 1490 1512 1545 magna:
1532 1472 1781 1527 amicitiae
1801 1486 1864 1526 ac
1885 1468 2144 1525 ferventis

545 1584 770 1641 aﬂ‘ectus
787 1578 1059 1651 specimen
1082 1572 1242 1628 habet
1265 1588 1280 1626 :
1310 1584 1433 1624 nam
1455 1578 1511 1623 et
1528 1581 1715 1622 eorum
1733 1579 1881 1634 quos
1900 1576 2145 1619 amamus

546 1674 688 1732 nuda
734 1670 949 1728 nomina
979 1665 1135 1722 nobis
1163 1660 1455 1718 identidem
1496 1659 1551 1713 in
1574 1672 1672 1712 ore
1699 1656 1900 1711 versari
1945 1654 2140 1709 solent.

544 1764 647 1822 Cor
690 1772 923 1819 nostrum
965 1757 1235 1811 dilatatam
1259 1760 1353 1807 est.
1388 1747 1853 1819 Quemadmodum
1882 1747 2025 1801 enim
2057 1746 2139 1810 id,

544 1854 687 1928 quod
714 1854 950 1910 calorem
975 1848 1150 1913 aﬂ'ert,
1172 1843 1400 1899 dilatare
1436 1832 1574 1895 solet
1607 1858 1620 1892 :
1654 1839 1724 1892 ita
1752 1837 1916 1928 etiam
1945 1836 2142 1889 carita-

544 1927 615 2004 tis
654 1958 849 2002 munus
876 1951 962 1998 est
1008 1938 1238 1995 dilatare
1266 1953 1282 1990 :
1306 1932 1477 1988 calida
1507 1930 1707 2000 quippe
1729 1942 1793 1981 ac
1823 1927 2035 1981 fervens
2061 1934 2143 1980 est

541 2043 733 2099 virtus.
762 2038 891 2093 llaec
915 2049 979 2090 os
1013 2044 1227 2104 quoque
1254 2026 1403 2084 Pauli
1441 2022 1740 2093 aperiebat,
1762 2027 1819 2076 et
1836 2032 1931 2073 cor
1952 2017 2144 2071 dilata-

545 2136 656 2191 bat.
683 2131 867 2203 Neque
882 2131 1027 2185 enim
1044 2140 1139 2179 ore
1161 2130 1367 2177 tantum
1381 2132 1524 2179 amo,
1549 2113 1753 2184 inquit;
1776 2126 1959 2203 verum
1976 2109 2141 2203 etiam

544 2241 640 2283 cor
669 2201 844 2297 ipsum
874 2223 925 2275 in
948 2232 1135 2272 amore
1173 2218 1437 2269 consonat
1472 2225 1485 2261 :
1514 2207 1638 2263 ideo
1664 2219 1786 2260 cum
1833 2201 2021 2257 ﬁducia
2060 2201 2141 2255 lo-

538 2332 699 2391 quor,
730 2324 842 2369 toto
868 2318 986 2378 ore,
1013 2324 1077 2364 Ic
1103 2316 1211 2362 tota
1237 2310 1438 2365 mente.
1678 2389 1723 2397 η
1896 2388 1908 2397 _
1992 2386 2029 2397 “
2106 2384 2138 2397 η

617 2409 773 2465 Pauli
803 2421 949 2461 amor
972 2418 1096 2474 erga
1122 2415 1294 2455 omnes
1328 2404 1563 2467 quantus.
1589 2422 1661 2433 —
1678 2389 1795 2447 Non
1823 2388 1967 2444 enim
1990 2386 2139 2442 Pauli

541 2504 705 2562 corde
730 2498 1017 2573 quidquam
1041 2493 1201 2549 latius
1216 2498 1354 2555 erat,
1371 2484 1515 2558 quod
1546 2485 1662 2555 pios
1680 2496 1889 2543 omnes,
1917 2478 2140 2573 perinde

540 2606 703 2666 atque
737 2568 975 2645 amasius
1000 2582 1264 2656 quispiam
1285 2621 1302 2647 ,
1350 2578 1484 2632 adeo
1515 2584 1665 2629 arcto
1689 2586 1872 2670 amore
1903 2568 2141 2670 comple-

538 2660 809 2748 ctebatur,
836 2695 941 2735 non
970 2691 1090 2733 sese
1109 2671 1393 2729 scindente
1416 2667 1584 2739 ipsius
1607 2663 1844 2719 amicitia
1885 2671 1939 2714 et
1967 2660 2139 2714 imbe-

539 2777 813 2835 cillitatem
835 2768 1211 2830 contrahe-nte,
1229 2762 1323 2818 sed
1342 2764 1547 2830 integra
1566 2759 1617 2810 in
1638 2769 1851 2824 unoque
1866 2762 2134 2807 manente.

541 2870 606 2923 Et
650 2866 776 2937 quid
827 2864 1022 2917 mirum
1064 2858 1227 2913 talum
1272 2853 1445 2923 ipsius
1488 2852 1539 2902 iu
1586 2848 1703 2915 pios
1730 2847 1872 2898 viros
1902 2843 2136 2937 animum

540 2935 724 3021 fuisse,
756 2970 878 3008 cum
902 2954 1061 3005 etiam
1091 2950 1142 3001 in
1176 2942 1485 3001 inﬁdelibus
1505 2954 1601 2994 cor
1631 2938 1795 3008 ipsius
1825 2935 2135 2988 universum

542 3063 806 3105 terrarum
833 3045 1019 3100 orbem
1050 3035 1504 3108 amplecteretur?
1530 3031 1657 3086 ideo
1679 3045 1784 3084 non
1815 3028 1967 3091 dixit,
2000 3027 2139 3081 Amo

539 3158 655 3207 vos,
683 3140 798 3203 sed,
828 3135 967 3208 quod
996 3134 1251 3203 majorem
1277 3127 1579 3198 emphasim
1608 3124 1789 3187 habet,
1816 3121 1886 3176 0s
1907 3131 2133 3177 nostrum

539 3244 693 3306 potet,
725 3248 811 3287 cor
834 3238 1060 3285 nostrum
1092 3225 1363 3279 dilatatam
1394 3230 1504 3286 est;
1547 3232 1740 3273 omnes
1779 3215 1942 3306 intus
1968 3212 2133 3306 habet

542 3304 660 3381 mus
686 3341 700 3377 :
728 3338 792 3377 ac
819 3339 885 3375 tte
914 3319 967 3374 id
1005 3317 1224 3387 quidem
1258 3322 1544 3380 utcumque
1567 3350 1582 3373 ,
1628 3308 1722 3363 sed
1763 3321 1885 3361 cum
1933 3304 2132 3374 ingenti

536 3415 906 3487 amplitudine.
931 3410 1064 3466 Nam
1084 3408 1173 3479 qni
1196 3414 1426 3465 amatur,
1451 3403 1503 3455 in
1526 3398 1712 3455 intimo
1728 3396 1959 3451 amantis
1973 3395 2135 3487 corde

537 3486 655 3566 sine
685 3508 795 3562 ullo
823 3514 966 3559 metu
997 3498 1307 3556 obambulat
1340 3512 1354 3548 :
1388 3493 1587 3549 idcirco
1604 3492 1698 3556 ait,
1726 3488 1848 3543 Non
1871 3486 2135 3558 angustia-

537 3600 661 3653 mini
684 3599 737 3651 in
768 3594 929 3656 nobis,
955 3588 1320 3660 angustiamini
1349 3596 1517 3639 autem
1540 3585 1592 3636 in
1623 3580 1895 3635 visceribus
1933 3579 2127 3633 uestris.

536 3688 971 3761 Obiurgationeut
1004 3682 1126 3739 vide
1158 3697 1263 3735 non
1291 3694 1456 3750 parva
1495 3674 1824 3745 indulgentia
1857 3682 2129 3742 tempera-

538 3794 646 3837 tam
681 3799 694 3835 :
726 3779 778 3833 id
805 3777 945 3849 quod
973 3785 1296 3845 magnopere
1318 3766 1614 3823 amantium
1655 3774 1756 3818 est.
1809 3763 1927 3817 Non
1973 3762 2128 3827 dixit,

542 3873 645 3928 Vos
698 3885 785 3927 me
833 3886 939 3924 non
982 3867 1195 3930 amatis,
1248 3859 1367 3924 sed,
1410 3857 1526 3913 Non
1578 3856 1691 3926 pari
1722 3854 1927 3908 modo:
1958 3868 2131 3921 neque

535 3966 680 4019 enim
710 3960 825 4015 vult
851 3956 1093 4027 asperius
1121 3966 1215 4007 eos
1242 3948 1513 4005 insectari.
1548 3947 1625 4000 Ac
1655 3944 1854 4015 passim
1906 3957 2132 3998 cernere

538 4064 623 4113 est
648 4049 919 4123 quomodo
961 4044 1258 4101 incredibili
1289 4039 1521 4114 quodam
1554 4038 1787 4094 lldeliutn
1818 4051 2003 4091 amore
2030 4034 2129 4089 lla-

538 4157 679 4217 gret,
697 4145 741 4199 si
762 4142 883 4214 quis
900 4157 963 4194 ex
991 4136 1217 4208 singulis
1235 4133 1479 4203 epistolis
1502 4128 1805 4185 testimonia
1819 4128 2029 4198 seligat.
2050 4125 2133 4181 Ad

543 4242 812 4295 Romanos
832 4233 975 4288 enim
994 4230 1234 4283 scribens
1251 4227 1346 4289 ait,
1367 4222 1531 4291 Cupio
1552 4222 1721 4273 videre
1745 4234 1863 4282 vos;
1884 4226 1959 4283 et,
1981 4218 2136 4287 Scpe

540 4326 781 4399 proposui
826 4310 992 4377 venire
1016 4319 1084 4371 ad
1116 4333 1201 4370 ros
1220 4333 1237 4379 ,'
1264 4323 1337 4375 et,
1370 4312 1433 4365 Si
1459 4327 1559 4381 quo
1595 4309 1745 4363 modo
1793 4309 1997 4363 tandem
2038 4309 2136 4363 alio

541 4418 745 4489 quando
774 4426 1073 4486 prosperum
1113 4410 1208 4462 iter
1252 4405 1463 4458 habeam
1505 4402 1578 4455 ad
1600 4418 1686 4455 vos
1737 4399 1925 4473 (Rom.
1958 4401 2009 4455 1.
2047 4401 2131 4455 11.

544 4517 629 4571 15.
666 4513 763 4582 10)
845 4510 925 4566 Ad
961 4508 1172 4563 Galatas
1200 4512 1376 4559 autem
1427 4500 1543 4555 hcec
1571 4498 1721 4562 dicit,
1769 4496 1950 4551 Filioli
2000 4496 2131 4559 mei,

540 4624 665 4671 tum
692 4606 876 4658 iterum
915 4598 1150 4671 partuiio
1181 4594 1341 4664 (Gal.
1370 4594 1424 4649 4.
1461 4591 1563 4662 19)
1587 4608 1602 4656 ;
1630 4590 1695 4644 ad
1729 4587 1995 4660 Ephesios
2018 4602 2136 4640 rur-

540 4670 670 4765 sus,
717 4670 1017 4765 Παίωννεὶ
1065 4690 1232 4761 gratia
1289 4688 1437 4758 ﬂecto
1483 4701 1649 4756 genua
1694 4698 1805 4736 mea
1856 4698 1948 4750 pro
1998 4677 2135 4732 vobis

543 4793 560 4861 (
588 4790 780 4859 Ephes.
802 4782 982 4852 3.14)
1004 4781 1100 4847 ;ad
1125 4780 1494 4848 Philippenses
1516 4777 1598 4848 (a)
1627 4785 1828 4841 autem,
1863 4774 2133 4842 Quaenim

538 4892 611 4935 est
634 4894 753 4948 spes
787 4892 898 4930 mea
921 4882 1007 4927 aut
1038 4870 1282 4943 gaudium
1330 4878 1418 4921 aut
1469 4868 1647 4939 gloria:
1689 4868 1918 4921 corona?
1962 4881 2135 4919 annon

539 4992 625 5029 vos
651 4982 668 5042 (
692 4973 744 5028 1.
775 4969 952 5025 Thess.
984 4967 1040 5029 2,
1067 4965 1133 5021 l9
1155 4966 1219 5034 )?
1249 4963 1386 5029 Quin
1419 4979 1478 5015 se
1503 4970 1558 5016 et
1589 4963 1639 5014 in
1666 4961 1836 5015 corde
1864 4970 1916 5014 et
1938 4961 1990 5014 in
2019 4960 2132 5012 vin-

539 5067 674 5124 aulis
693 5080 790 5122 eos
813 5059 1161 5118 circumferre
1190 5054 1402 5111 dicebat
1446 5052 1463 5123 (
1490 5052 1719 5124 Philipp.
1756 5054 1807 5107 1.
1842 5055 1871 5105 'l
1891 5052 1931 5124 ).
1967 5053 2134 5106 Porto

536 5175 661 5215 eum
683 5157 750 5212 ad
786 5155 1138 5210 Colossenses
1172 5148 1378 5213 scribit,
1412 5145 1594 5217 Cupio,
1620 5147 1812 5216 inquit,
1844 5146 2013 5198 videre
2050 5160 2134 5197 vos

537 5262 783 5323 quantum
807 5258 1061 5302 certamen
1087 5244 1296 5297 habeam
1329 5256 1420 5310 pro
1450 5240 1607 5304 vobis,
1637 5249 1684 5293 et
1718 5239 2019 5308 quicumque
2044 5242 2129 5308 [α-

536 5345 663 5396 ciem
708 5354 868 5393 meum
917 5352 1019 5389 non
1064 5334 1293 5387 uiderunt
1323 5349 1375 5385 tn
1416 5340 1695 5383 carne~:ut
1738 5330 2135 5384 consolationem

540 5434 754 5488 habeant
780 5428 935 5484 corda
964 5424 1386 5497 vestra(Coloss.
1410 5424 1464 5478 2.
1513 5424 1538 5478 1
1566 5425 1624 5493 );
1665 5433 1720 5477 et
1748 5424 1813 5479 ad
1843 5424 2132 5480 Thessalo-

542 5529 822 5586 nicenses,
851 5515 1299 5585 Quemadmodum
1323 5517 1368 5571 si
1400 5516 1575 5570 nutrix
1616 5520 1779 5585 foveat
1818 5517 1952 5583 ﬁlios
1977 5531 2132 5579 suos,

542 5622 610 5674 ita
645 5616 987 5673 desidch
1017 5627 1104 5665 vos
1131 5611 1455 5681 eupiebamus
1482 5611 1623 5665 vobis
1651 5608 1775 5661 dare
1796 5648 1809 5672 ,
1839 5625 1939 5662 non
1968 5610 2132 5662 solum

605 5761 679 5820 tu)
701 5756 793 5811 illc
817 5766 954 5808 erm
977 5747 1313 5821 egelidum
1341 5764 1366 5821 ε⁸
1383 5750 1531 5821 verba
1571 5762 1716 5820 erum
1739 5755 1997 5813 sequeutta
2032 5761 2131 5801 non

540 5812 958 5884 Phili'tqiensibus,
984 5815 1071 5863 sed
1092 5812 1605 5864 Thessaloruceusibus
1628 5812 1955 5874 Sct‘iplftsultl.

1284 346 1345 405 8.
1382 345 1663 406 JOANNIS
1699 341 2178 403 CHRYSOSTOMI
2217 349 2533 412 AllCﬂlEP.
2572 353 3100 417 CONSTANTINOP.

3750 365 3853 423 492

2256 470 2606 540 euangelium,
2652 475 2742 529 sed
2786 478 2939 531 etiam
2983 485 3182 534 animas
3222 494 3421 536 nostras
3462 484 3480 553 (
3514 486 3561 538 l.
3590 483 3771 541 Thess.
3794 488 3847 540 Ξ.

2254 560 2306 613 7.
2336 561 2450 631 8);
2474 571 2585 618 tum
2612 566 2777 621 etiam
2803 567 2871 623 ad
2895 568 3259 637 Timotheum,
3290 574 3486 628 Memor
3506 577 3851 648 lacrymarum

2253 659 2474 719 tuarum,
2498 664 2555 708 ut
2582 657 2774 727 gaudio
2800 660 3024 729 implear
3059 662 3081 736 (
3107 664 3164 717 Ξ.
3192 662 3327 718 Tim.
3361 668 3410 722 1.
3456 668 3492 723 4
3514 680 3551 737 ).
3598 667 3667 724 Et
3722 687 3846 725 cum

2259 742 2326 797 ad
2356 743 2535 800 Titum
2558 748 2788 815 scribit,
2818 749 3019 808 Dilecto
3062 754 3172 822 filio
3204 757 3223 826 (
3253 756 3352 811 Tit.
3404 758 3451 813 ι.
3494 760 3601 831 4);
3632 768 3688 815 ct
3720 761 3849 815 item

2251 833 2318 887 ad
2340 832 2710 894 Philemonem
2742 842 2993 898 similiter
3018 844 3037 913 (
3066 843 3283 900 Philem.
3311 849 3363 903 l.
3394 851 3417 904 l
3446 849 3486 921 ).

2293 924 2349 978 2.
2371 926 2449 979 Ad
2469 926 2583 984 haec
2600 928 2652 984 in
2671 930 2907 1000 Epistula
2928 933 2995 988 ad
3013 935 3267 992 Hebraeos
3285 938 3449 993 multa
3466 940 3567 995 alia
3579 940 3846 1010 ejusmodi

2250 1017 2462 1082 scribit,
2494 1034 2592 1075 nec
2622 1034 2801 1078 cessat
2822 1026 3094 1081 consolari
3131 1044 3195 1083 ac
3223 1028 3405 1086 dicere
3430 1050 3444 1085 :
3470 1032 3649 1087 Adhuc
3676 1036 3844 1088 modi-

2250 1121 2364 1160 cum
2388 1109 2799 1180 aliquantulum,
2837 1126 2886 1171 et
2922 1119 3009 1188 qui
3046 1130 3286 1177 venturus
3325 1134 3428 1190 est,
3471 1126 3627 1180 ueniet
3668 1138 3716 1180 et
3744 1146 3847 1182 non

2252 1202 2472 1258 tardabit
2498 1204 2698 1278 (Hebr.
2729 1209 2815 1264 10.
2843 1211 2949 1277 3'7)
2984 1230 2996 1265 :
3026 1214 3246 1282 perinde
3281 1216 3529 1273 videlicet
3557 1234 3622 1273 ac
3650 1220 3695 1275 si
3727 1236 3845 1275 ma-

2252 1302 2335 1347 ter
2359 1293 2495 1350 ﬁlios
2522 1297 2680 1353 tardio
2705 1316 2769 1355 ac
2795 1317 3030 1359 num-ore
3072 1305 3383 1363 laborantes
3406 1310 3727 1382 alloquetur.
3757 1311 3849 1368 Sic

2250 1396 2304 1440 et
2335 1386 2461 1453 iliis,
2487 1388 2611 1445 Non
2656 1395 3021 1464 angustiamini
3050 1397 3103 1450 in
3124 1399 3301 1465 nobis,
3330 1400 3519 1470 inquit.
3562 1401 3672 1457 Nec
3718 1418 3850 1459 vero

2248 1493 2309 1533 se
2331 1478 2609 1537 dumtaxat
2641 1500 2737 1540 eos
2772 1501 2957 1541 amare
2984 1488 3075 1555 ait,
3105 1489 3200 1544 sed
3224 1489 3293 1545 ab
3312 1490 3443 1561 ipsis
3473 1492 3634 1549 etiam
3651 1510 3848 1559 amart,

2248 1584 2357 1639 quo
2376 1573 2629 1628 nimirum
2664 1576 2790 1630 hinc
2814 1592 3031 1648 quoque
3058 1595 3247 1637 eorum
3276 1584 3483 1639 animos
3507 1586 3728 1641 alliciat.
3753 1589 3853 1642 At-

2247 1674 2353 1728 que
2372 1661 2547 1718 dehis
2573 1665 2792 1734 quidem
2818 1666 2922 1722 boc
2963 1671 3293 1738 testillcans,
3340 1675 3435 1741 ait,
3485 1674 3631 1730 Titus
3676 1680 3849 1745 uenit,

2248 1752 2471 1821 referens
2518 1757 2663 1813 nobis
2706 1769 2929 1815 uestrum
2977 1762 3287 1819 desiderium
3308 1809 3321 1828 ,
3368 1778 3589 1823 uestrum
3630 1771 3811 1839 ﬂetum
3831 1811 3849 1837 ,

2246 1856 2464 1900 vestrm
2506 1851 2883 1907 ternulationent
2923 1853 3015 1925 (2.
3044 1852 3164 1910 Cor.
3198 1856 3250 1911 7.
3293 1857 3393 1928 7);
3424 1872 3477 1915 et
3505 1861 3574 1916 de
3599 1861 3809 1917 Calatis
3829 1906 3847 1932 ,

2248 1934 2435 1992 dicens
2453 1979 2469 2004 ,
2502 1939 2563 1993 Si
2588 1940 2704 2008 ﬁeri
2728 1952 2897 2011 posset
2922 1984 2936 2009 ,
2964 1945 3138 1999 oculos
3165 1956 3356 2003 vestros
3384 1950 3661 2017 eruissetis,
3689 1962 3733 2007 et
3759 1954 3853 2008 de-

2248 2029 2448 2085 dissetis
2471 2031 2599 2086 mihi
2618 2034 2638 2103 (
2656 2032 2775 2089 Gal.
2812 2034 2869 2092 4.
2913 2038 3019 2109 15)
3039 2055 3055 2102 ;
3082 2047 3138 2094 et
3158 2039 3230 2096 de
3249 2040 3853 2113 Thessalonicensihus,

2253 2120 2468 2188 Qualem
2494 2124 2756 2181 introitum
2785 2128 3111 2186 habuerimus
3138 2133 3208 2186 ad
3235 2148 3320 2187 vos
3342 2134 3360 2204 (
3382 2136 3435 2190 1.
3461 2134 3642 2191 Thess.
3675 2137 3725 2191 1.
3749 2136 3847 2205 9);

2247 2222 2302 2266 et
2346 2229 2535 2271 rursus
2578 2216 2646 2278 de
2675 2217 2983 2286 Timotheo,
3014 2221 3215 2277 Memor
3243 2225 3586 2296 lacrymtn‘um
3616 2238 3848 2292 tuarum,

2246 2314 2300 2354 ut
2325 2304 2515 2373 gaudio
2538 2307 2761 2377 implear
2791 2309 2879 2380 (2.
2908 2309 3045 2365 Tim.
3080 2314 3131 2369 1.
3159 2314 3253 2384 4).
3285 2318 3363 2370 Ac
3388 2317 3619 2387 denique
3645 2320 3848 2387 passim

2248 2393 2299 2447 in
2323 2395 2566 2463 epistolis
2589 2396 2691 2453 hoc
2720 2400 2922 2467 videas,
2946 2402 3120 2472 ipsum
3144 2403 3422 2475 discipulis
3445 2408 3848 2476 testiﬁcantcm,

2244 2486 2389 2555 quod
2413 2498 2467 2541 et
2496 2503 2591 2542 eos
2621 2499 2767 2545 amet
2810 2500 2867 2547 et
2909 2495 3148 2550 vicissim
3175 2495 3243 2550 ab
3270 2496 3336 2552 iis
3361 2507 3607 2553 ametur:
3630 2514 3737 2555 non
3768 2512 3851 2553 ta-

2245 2591 2368 2631 men
2412 2578 2680 2636 similiter.
2726 2581 2824 2637 ﬂic
2860 2599 3073 2656 quoque
3113 2585 3278 2655 dicit,
3312 2587 3451 2643 Licet
3494 2592 3849 2647 abundantius

2244 2684 2329 2722 vos
2355 2670 2591 2741 diligens,
2620 2675 2786 2730 minus
2812 2676 3001 2748 diligor
3024 2678 3113 2749 (2.
3159 2678 3278 2735 Cor.
3326 2681 3416 2737 l2.
3468 2684 3600 2755 15).
3634 2685 3842 2741 Verum

2246 2760 2349 2818 hoc
2374 2765 2591 2843 quidem
2619 2766 2685 2821 ad
2712 2768 2955 2837 epistola:
3003 2772 3205 2827 calcem
3233 2775 3309 2829 ait
3327 2816 3341 2836 ,
3397 2776 3612 2831 interim
3656 2789 3844 2834 autem

2244 2856 2442 2922 acrius,
2462 2857 2579 2911 Non
2597 2864 2987 2932 angustiamini,
3002 2865 3195 2937 inquit,
3210 2868 3263 2921 in
3288 2869 3451 2935 nobis,
3474 2872 3847 2941 angustiamini

2244 2958 2412 3002 autem
2438 2956 2491 3002 in
2519 2951 2754 3005 cordibus
2778 2957 2971 3010 vestris.
3005 2957 3132 3023 Vos,
3168 2960 3369 3029 inquit,
3405 2977 3570 3016 unum
3607 2964 3801 3033 capitis
3827 2982 3844 3029 ;

2243 3057 2345 3112 ego
2374 3042 2559 3097 urbem
2597 3045 2899 3101 universam
2930 3062 2993 3102 ac
3037 3050 3245 3118 plebem
3295 3062 3517 3107 tantam.
3543 3053 3655 3109 Nec
3681 3056 3843 3119 dixit,

2245 3132 2360 3188 Non
2405 3148 2504 3188 nos
2532 3135 2723 3203 capitis
2746 3175 2761 3198 ,
2804 3136 2896 3192 sed
2920 3178 2935 3202 ,
2966 3138 3338 3208 Angustiamini
3356 3160 3374 3206 ;
3406 3142 3545 3197 idem
3587 3144 3847 3199 nimirum

2243 3223 2607 3286 subiudicaus,
2639 3225 2735 3280 sed
2767 3226 2999 3283 molliori
3027 3229 3193 3285 verbo
3223 3240 3376 3286 utens
3398 3275 3411 3292 .
3452 3249 3521 3288 ne
3544 3236 3721 3289 acrius
3742 3251 3847 3291 eos

2242 3315 2652 3385 perstringeret.
2678 3317 2765 3372 15.
2792 3317 3039 3373 Eamdem
3076 3330 3247 3375 autem
3283 3323 3520 3379 habentes
3545 3342 3846 3381 remunera-

2240 3407 2449 3474 tionem,
2489 3417 2747 3478 tamquam
2776 3408 2899 3477 ﬁliis
2928 3411 3062 3477 dico,
3112 3411 3402 3467 dilatamini
3446 3426 3495 3471 et
3522 3432 3626 3471 vos.
3675 3420 3846 3486 Atqui

2241 3499 2461 3554 minime
2487 3515 2584 3571 par
2608 3508 2709 3567 est,
2740 3501 2888 3571 prius
2908 3504 3098 3570 amari,
3141 3503 3337 3561 deinde
3357 3522 3557 3563 amare.
3581 3508 3844 3575 Quamvis

2239 3592 2381 3646 enim
2415 3605 2595 3660 parem
2625 3593 2827 3647 amoris
2854 3609 3162 3650 mensuram
3187 3596 3309 3667 quis
3353 3597 3567 3665 aderat,
3613 3598 3716 3653 hoc
3753 3610 3842 3653 ta-

2239 3698 2362 3736 men
2402 3683 2621 3738 nomine
2664 3684 2919 3752 vincitur,
2950 3686 3093 3757 quod
3135 3687 3403 3756 posterior
3450 3688 3517 3743 ad
3548 3690 3842 3743 amandum

2239 3775 2469 3829 venerit.
2500 3774 2701 3849 Verum
2730 3774 2846 3830 hare
2887 3791 2992 3830 non
3021 3784 3273 3831 accurate
3317 3780 3534 3847 requiro
3557 3818 3573 3845 ,
3626 3780 3839 3849 inquit;

2239 3865 2372 3918 mihi
2398 3868 2525 3919 satis
2549 3866 2729 3928 fuerit,
2763 3867 2808 3919 si
2838 3868 2921 3920 vel
2949 3881 3069 3921 meo
3093 3881 3277 3920 amore
3306 3869 3601 3935 provocati,
3635 3883 3842 3926 mutua:

2238 3968 2364 4025 erga
2387 3971 2474 4009 me
2502 3957 2890 4010 benevolentia:
2917 3957 3360 4025 signiﬁcationem
3405 3958 3705 4027 pra-beatis,
3752 3961 3842 4015 di-

2243 4047 2348 4117 ligo
2373 4056 2430 4100 et
2476 4047 2796 4115 amplector.
2839 4046 3051 4111 Postea,
3092 4058 3147 4101 ut
3190 4063 3285 4102 eos
3320 4048 3388 4103 ad
3427 4048 3529 4104 huc
3573 4051 3839 4125 obstringi

2240 4138 2513 4199 ostendat,
2553 4150 2712 4208 atque
2740 4154 2800 4192 ea
2848 4154 2970 4209 qua:
3000 4139 3129 4193 dicit
3156 4140 3225 4196 ab
3252 4141 3399 4196 omni
3454 4146 3839 4199 asscntationts

2242 4230 2548 4300 suspicione
2576 4230 2829 4295 vindicet,
2857 4228 3133 4301 Tamquam
3164 4232 3285 4301 [iliis
3306 4233 3442 4301 dico,
3473 4235 3661 4303 inquit.
3692 4235 3835 4303 Quid

2241 4334 2344 4386 est,
2378 4321 2656 4393 Tamquam
2676 4323 2799 4393 [iliis
2816 4323 2843 4377 2
2866 4322 2949 4378 Nil
2977 4324 3153 4394 magni
3183 4326 3415 4395 postulo.
3439 4326 3507 4394 si,
3531 4341 3655 4383 cum
3680 4339 3839 4398 pater

2243 4424 2420 4472 vester
2438 4416 2559 4481 sim,
2584 4430 2614 4469 a
2646 4416 2797 4471 vehis
2821 4418 2989 4471 amari
3012 4418 3193 4471 velim.

2319 4507 2472 4562 Pauli
2498 4508 2764 4571 prudentia
2789 4520 2838 4563 et
2859 4510 3124 4563 modestia.
3149 4536 3218 4548 --
3246 4508 3322 4562 Ae
3360 4509 3483 4564 vide
3510 4510 3676 4580 ipsius
3703 4525 3809 4581 pru

2244 4600 2476 4653 dentiam
2505 4609 2559 4655 et
2586 4600 2926 4654 modestiam.
2952 4598 3068 4655 Non
3094 4600 3180 4656 hic
3204 4601 3440 4670 pericula
3465 4616 3559 4671 pro
3580 4602 3708 4670 ipsis
3741 4618 3829 4657 su-

2243 4702 2447 4759 scepta,
2478 4706 2584 4745 non
2611 4690 2826 4747 labores
2855 4708 2918 4748 ac
2950 4703 3151 4747 mortes
3180 4691 3346 4760 ponit,
3377 4694 3618 4762 quamvis
3666 4696 3843 4751 multa

2244 4782 2505 4851 ejusmodi
2551 4797 2978 4838 commemorare
3024 4792 3218 4852 queat;
3246 4782 3382 4837 adeo
3421 4783 3490 4840 ab
3517 4784 3662 4839 omni
3695 4784 3842 4855 fastu

2242 4877 2449 4928 alienus
2476 4883 2594 4937 est;
2642 4890 2827 4929 verum
2881 4892 3045 4929 unum
3075 4874 3198 4940 hoc,
3255 4874 3396 4942 quod
3442 4889 3538 4930 eos
3575 4888 3741 4941 atuet,
3776 4891 3849 4934 ac

2246 4964 2467 5033 proinde
2487 4967 2651 5021 amari
2678 4982 2891 5037 quoque
2930 4966 3054 5019 velit
3085 4984 3097 5019 :
3130 4965 3263 5031 Quia
3304 4974 3459 5037 pater
3483 4977 3659 5021 vester
3684 4982 3805 5023 sum
3826 5012 3843 5035 ,

2244 5058 2445 5126 inquit,
2474 5060 2594 5129 quia
2621 5060 2887 5114 acerrimo
2913 5058 3075 5113 vestri
3102 5070 3289 5111 amore
3317 5056 3591 5111 incendor.
3624 5057 3844 5113 Etenim

2244 5149 2368 5202 illud
2390 5161 2532 5221 saepe
2568 5165 2692 5204 eum
2731 5151 2819 5220 qui
2851 5158 3063 5204 amatur
3083 5145 3323 5211 olleudit,
3352 5163 3471 5202 cum
3500 5149 3620 5219 quis
3642 5151 3846 5206 collata

2244 5242 2295 5295 in
2337 5257 2459 5296 eum
2500 5243 2757 5297 beneﬁcia
2790 5242 3024 5312 profert;
3056 5239 3383 5308 exprobrare
3421 5242 3562 5295 enim
3606 5243 3845 5297 videtur.

2243 5335 2503 5399 Quocirca
2556 5334 2659 5387 hoc
2687 5335 2910 5388 minitue
2939 5332 3063 5385 facit
3118 5329 3333 5395 Paulus,
3368 5347 3576 5397 verum,
3632 5332 3698 5388 ljt
3747 5335 3850 5389 lilii

2245 5437 2521 5494 parentem
2548 5424 2774 5494 diligite,
2808 5425 3012 5493 inquit:
3038 5420 3180 5488 quod
3202 5420 3416 5490 quidem
3438 5432 3640 5477 naturae
3662 5426 3853 5490 potius

2244 5531 2345 5584 est,
2377 5536 2441 5576 ac
2466 5519 2574 5575 tale
2596 5527 2653 5573 ut
2678 5519 2813 5587 patri
2838 5517 2939 5571 hoc
2967 5530 3064 5568 suo
3091 5514 3319 5584 quisque
3342 5525 3595 5583 pnestare
3622 5515 3852 5573 debeat.

2244 5608 2458 5673 Postea,
2491 5623 2559 5663 ne
2588 5608 2710 5678 quis
2734 5607 3005 5660 existimet
3030 5619 3152 5657 eum
3182 5619 3275 5658 sua
3304 5620 3462 5659 causa
3490 5604 3605 5660 hzec
3634 5605 3853 5674 dicere,

2242 5703 2577 5757 demonstrat
2621 5715 2681 5753 se
2721 5698 3021 5753 commodis
3046 5711 3233 5750 eorum
3261 5698 3566 5762 consulere,
3595 5713 3720 5751 cum
3752 5714 3855 5753 eo-

2246 5814 2365 5854 tnm
2412 5793 2839 5851 benevolentiam
2869 5790 2936 5846 ad
2966 5805 3023 5844 se
3068 5789 3287 5847 attrahit
3317 5807 3329 5841 :
3359 5789 3501 5845 unde
3531 5790 3693 5844 ctiam
3719 5791 3854 5847 sub.
