3994 6218
236 260 336 318 789

240 367 504 436 leglslator
544 379 642 434 per
676 362 935 436 jejunium
960 362 1182 436 eliectus
1213 367 1337 436 est;
1366 376 1465 414 mc
1492 375 1680 436 panem
1710 375 1802 415 co-

237 431 413 495 medit.
438 431 740 491 nec-viuum
766 434 918 495 bibit;
942 433 1071 485 μαιίε
1096 432 1237 484 enim
1268 431 1340 483 Illi
1366 442 1480 483 erat
1506 432 1568 481 ad
1594 445 1794 489 escattL,

235 507 370 577 quod
422 510 589 574 legem
630 502 660 577 ᾳ
705 502 1010 577 legislature
1040 502 1335 555 doceretur.
1368 500 1432 554 Ut
1461 510 1638 577 autem
1664 502 1799 577 scias

234 570 498 644 quantuni
513 575 677 644 prosit
698 570 979 644 jejunium,
1012 580 1065 623 et
1088 582 1347 644 quantum
1364 578 1551 622 noceat
1571 570 1798 621 ebrietas

236 640 414 714 jejunii
443 640 782 705 adversaria;
812 642 981 709 cogita
1009 655 1067 714 ea
1094 655 1267 714 quina
1293 640 1565 714 Moyse.__t-t
1591 654 1650 689 ea
1680 653 1798 714 qua:

236 707 499 784 a'populo
555 722 702 784 gesta
745 707 903 769 sunti
949 722 1002 763 et
1047 710 1241 784 jejunii
1282 707 1392 784 vim
1438 707 1666 784 edisces.
1699 708 1798 761 Su-

305 777 399 840 rne
435 777 643 852 Moyses
682 777 1113 852 lrgcnraccepit,
1152 788 1207 833 et
1232 778 1366 831 inira
1399 777 1599 852 positus
1628 792 1796 852 pnpu-

276 870 318 909 ts
375 845 544 921 legem
602 845 815 921 evertit.
864 850 1057 903 Dolore
1109 863 1337 921 namque
1387 845 1606 900 allectus
1652 846 1800 921 Moy-

236 938 321 977 ses
349 917 521 990 legem
563 918 835 990 contrivit,
888 935 990 971 non
1030 918 1345 990 rationabile
1387 926 1577 990 putans
1625 929 1680 990 ut
1720 917 1796 990 les

238 986 853 1046 ebriis'concrederelur.
886 998 940 1041 et
987 989 1176 1042 animis
1213 990 1337 1040 vino
1363 986 1569 1037 onustis
1594 986 1801 1051 eloquia

240 1061 322 1115 illa
354 1060 707 1114 traderentur.
740 1057 869 1111 Vide
890 1071 1046 1125 quam
1075 1067 1261 1110 noceat
1286 1057 1516 1110 ebrietas
1540 1051 1800 1125 jejttnt'um

239 1143 568 1197 oppugnatis.
619 1127 724 1197 Sed
771 1123 956 1197 rursus
1013 1126 1294 1197 jejunium,
1347 1134 1550 1197 tantum
1607 1123 1801 1197 malum

241 1192 550 1261 emendatis,
574 1196 789 1251 totidem
816 1196 1002 1250 diebus
1029 1192 1203 1260 usum,
1229 1196 1398 1261 legem
1431 1196 1620 1247 itcrtnn
1643 1192 1806 1245 advo-

242 1270 378 1321 cavit
405 1283 417 1319 :
450 1267 757 1321 memoriale
783 1266 935 1320 nobis
952 1265 1257 1333 relinquens
1278 1264 1344 1318 ad
1363 1265 1699 1317 securitatem
1725 1262 1805 1314 vi-

243 1346 307 1390 ne
336 1345 389 1390 et
407 1336 845 1390 conversationis.
877 1335 997 1388 ldeo
1029 1334 1162 1389 forte
1187 1337 1264 1387 sic
1294 1334 1519 1400 contigit
1540 1342 1595 1384 ut
1618 1342 1807 1401 myste-

243 1407 375 1459 rium
419 1405 704 1474 quodpiam
750 1404 1008 1457 indicaret
1050 1422 1063 1457 :
1108 1403 1248 1471 quod
1276 1418 1481 1474 nempe
1523 1400 1689 1474 prima
1719 1400 1805 1474 lex

242 1471 511 1528 cessatura
538 1471 627 1537 sit,
655 1476 725 1527 ob
756 1474 1177 1527 incredulitatem
1209 1473 1361 1538 primi
1396 1472 1571 1538 populi
1602 1471 1802 1523 Cottlrio

244 1554 292 1597 ta
324 1561 337 1595 :
366 1544 596 1599 secunda
642 1558 770 1596 vero
810 1554 1027 1611 Operata
1076 1553 1177 1606 est,
1213 1542 1411 1610 ubique
1439 1540 1801 1601 disseminata,

218 1613 358 1680 quia
400 1614 687 1668 secundam
720 1614 888 1681 legem
919 1611 1184 1665 secumlus
1214 1611 1437 1680 populus
1464 1611 1806 1681 lideliteriae-

242 1684 381 1750 repit
408 1697 462 1737 et
481 1680 787 1737 custodivit.
828 1682 970 1735 Elias
998 1696 1125 1734 vero
1155 1690 1430 1750 postquam
1464 1695 1556 1746 per
1582 1680 1811 1750 quadra-

242 1749 384 1819 ginta
411 1752 527 1805 dies
564 1752 887 1821 jejunasset,
910 1762 964 1803 et
1001 1766 1101 1805 una
1126 1765 1249 1821 esca
1276 1749 1544 1804 desertum
1572 1749 1811 1821 trajecis—

244 1818 346 1884 set,
392 1818 633 1876 laborm
670 1835 777 1875 non
817 1821 988 1874 sensit
1031 1836 1043 1871 :
1086 1818 1345 1887 jejunium
1398 1835 1622 1886 namque
1662 1819 1809 1870 illum

245 1886 562 1946 sustentavit
616 1905 668 1945 et
717 1889 957 1942 laborem
1008 1886 1232 1950 minuit;
1284 1904 1346 1941 ac
1393 1897 1510 1955 post
1552 1887 1809 1955 jejunium

250 1960 415 2013 Deum
444 1961 593 2022 vidit,
627 1970 683 2011 ut
724 1969 930 2025 poterat
972 1959 1195 2009 humana
1243 1967 1427 2009 natura
1457 1956 1810 2022 comprehen-

247 2030 394 2081 dere.
442 2028 875 2095 Non.corporeis
917 2028 1086 2080 oculis
1130 2029 1500 2093 iucosporeum
1543 2026 1689 2081 vidit.
1720 2026 1813 2078 sed

247 2098 409 2150 corde
461 2096 781 2161 ittvisihilem
830 2097 1070 2164 cogitans
1096 2135 1109 2157 ,
1136 2110 1241 2162 per
1284 2095 1485 2148 utlima'r
1511 2096 1812 2162 puritatem.

248 2166 381 2219 Nam
423 2164 567 2219 Beati
608 2166 799 2218 mundo
840 2165 1026 2228 corde,
1067 2165 1302 2233 quoniam
1333 2166 1429 2232 ipsi
1475 2164 1637 2216 Deum
1678 2165 1814 2216 ride-

247 2238 367 2317 bunt
388 2236 599 2317 litauit.
717 2233 917 2314 8.)._Sic
947 2249 1012 2317 po
1035 2237 1222 2317 Atqua'm‘
1247 2234 1816 2317 jejuuaverathczclum

248 2303 437 2363 clausit
458 2307 669 2360 lascivis
691 2345 704 2367 ,
729 2305 817 2374 qui
849 2320 944 2373 per
974 2313 1134 2357 totam
1158 2304 1315 2357 vitam
1345 2304 1699 2369 voluptatibus
1725 2303 1818 2356 dc-

250 2376 342 2427 diti
371 2383 561 2439 erant;
592 2385 646 2428 ut
669 2373 810 2441 quad
844 2388 949 2428 non
982 2373 1253 2427 voluntate
1296 2375 1505 2441 propria
1550 2374 1819 2440 eli-gerant

246 2444 506 2512 jejunium
532 2485 547 2507 ,
594 2443 697 2498 hoc
738 2460 832 2510 per
870 2443 1062 2498 famem
1109 2443 1333 2497 instituti
1368 2444 1704 2503 ediscerent,
1767 2452 1820 2495 et

248 2516 450 2568 scirent
491 2520 649 2583 quam
689 2514 817 2567 utile
868 2514 937 2567 sit
983 2512 1267 2583 jejunium,
1322 2512 1465 2583 quod
1509 2512 1817 2583 deliciasum

252 2582 698 2652 tempore’suam
768 2583 875 2652 vim
935 2582 1263 2652 ostenderet.
1341 2582 1524 2635 Daniel
1610 2597 1820 2650 quoque

251 2651 525 2721 postquam
554 2667 645 2719 per
675 2662 783 2706 tres
814 2651 1170 2705 hebdomadas
1192 2651 1520 2720 jejunasset,
1549 2660 1600 2704 et
1628 2667 1817 2717 panem

250 2722 632 2783 desideriorum
679 2738 783 2774 non
832 2731 1114 2789 guSIasset,
1160 2723 1210 2775 in
1263 2724 1430 2774 lacmn
1477 2721 1683 2772 leonum
1728 2737 1820 2789 per

254 2790 568 2845 lascivortttn
599 2790 845 2844 invidiam
873 2791 1129 2859 dejecttts,
1160 2791 1339 2844 leones
1364 2791 1430 2843 ibi
1456 2790 1697 2857 jejunare
1726 2791 1821 2843 do-

252 2863 379 2915 cuit.
411 2861 766 2928 lejunatorem
789 2862 928 2914 enim
962 2862 1201 2914 reverita:
1228 2873 1345 2915 sunt
1379 2860 1634 2913 innnancs
1663 2861 1815 2921 leue,

251 2930 653 2984 rationabilibns
678 2930 801 2983 feris
829 2932 1100 2991 mitiores;
1133 2941 1185 2984 et
1218 2945 1278 2983 os
1304 2945 1459 2983 suum
1491 2930 1817 2993 clauserunt,

254 3012 463 3053 sacrum
502 3014 695 3067 Corpus
736 3011 952 3066 tangere
994 3017 1097 3051 non
1138 3014 1301 3053 attszc.
1346 2999 1564 3066 Corpori
1596 3015 1821 3066 namque

252 3082 353 3122 suo
363 3068 623 3136 jejunium
645 3070 792 3135 quasi
814 3078 1135 3121 armaturam
1158 3084 1450 3135 apponens,
1469 3083 1633 3133 seque
1656 3077 1820 3120 totum

257 3153 351 3204 per
376 3135 507 3190 illud
534 3137 795 3195 muniens.
824 3135 1009 3191 fefellit
1029 3139 1210 3191 oculos
1240 3139 1473 3203 leunum,
1501 3152 1605 3190 non
1631 3152 1825 3204 corpus

257 3209 565 3268 lnnnanum,
602 3205 693 3259 sed
731 3220 925 3273 corpus
968 3208 1263 3275 augelicmn
1305 3206 1580 3260 exhibens.
1617 3206 1678 3258 Et
1718 3217 1826 3259 tres

254 3277 403 3344 pueri
452 3276 503 3329 in
555 3276 859 3344 Babylone,
910 3276 1151 3329 nolentes
1202 3276 1395 3343 iniqua:
1442 3276 1580 3342 regis
1631 3289 1828 3328 mensa:

262 3346 543 3412 participes
573 3360 691 3399 esse
712 3385 727 3408 ,
762 3345 854 3399 sed
895 3346 1063 3413 legale
1086 3345 1343 3412 jejunium
1371 3346 1519 3412 Sequi
1547 3352 1790 3411 optantes
1810 3384 1824 3405 ,

254 3413 309 3466 in
355 3430 538 3481 rogum
586 3414 776 3468 camini
826 3415 1069 3482 ingressi,
1102 3416 1491 3468 'exslinxernnt
1534 3413 1823 3475 llatnmam,

256 3498 351 3550 per
376 3483 631 3551 jejunium
661 3484 831 3552 ignem
873 3488 922 3535 in
966 3499 1139 3537 rorem
1191 3487 1240 3536 iu
1286 3482 1499 3536 fornace
1540 3492 1824 3537 llttllallles.

257 3554 430 3621 Atque
475 3568 569 3607 eos
608 3556 695 3620 qui
736 3554 993 3619 jejunitnn
1035 3570 1137 3606 non
1166 3553 1368 3620 experti
1395 3563 1544 3605 erant
1570 3552 1707 3618 ignis
1733 3566 1826 3621 ag-

255 3636 471 3689 gressus
516 3633 625 3685 est;
682 3637 870 3675 omnes
912 3623 1053 3675 enim
1105 3624 1514 3676 circumstantes
1542 3621 1831 3675 Cltaltlwos

256 3692 622 3760 consumpsit;
665 3692 733 3743 ab
778 3692 841 3745 iis
888 3707 1011 3744 vero
1055 3692 1145 3759 qui
1186 3693 1391 3758 jejunio
1434 3693 1631 3745 assueti
1677 3701 1833 3744 erant

258 3762 495 3823 recessit,
527 3777 665 3830 quos
698 3776 803 3814 non
841 3768 1020 3828 posset
1045 3776 1233 3814 eorum
1274 3776 1497 3829 corpora
1527 3761 1789 3828 attingere
1816 3778 1827 3812 :

258 3846 432 3897 neque
455 3832 594 3884 enim
620 3832 836 3884 materia
862 3832 1121 3899 quaepiam
1143 3840 1259 3884 erat
1285 3832 1335 3883 in
1366 3844 1614 3896 corpore.
1635 3830 1776 3894 quod
1801 3844 1829 3883 a

253 3899 457 3968 jejunio
483 3902 752 3968 spirituale
778 3902 1043 3953 redditum
1075 3900 1265 3953 fuerat.
1296 3900 1557 3953 Similiter
1586 3900 1832 3953 Ninivitte

254 3970 459 4034 jejunio
497 3984 719 4023 mortent
763 3970 1082 4037 depulerunt
1111 3987 1123 4022 :
1151 3970 1318 4023 tribus
1365 3971 1507 4022 enim
1548 3969 1735 4023 diebus
1779 3970 1830 4022 in

255 4038 461 4105 jejunio
488 4044 734 4106 peractis,
762 4053 1020 4092 aeternum
1043 4040 1355 4107 supplicium
1382 4055 1474 4107 per
1496 4053 1691 4103 paucos
1712 4039 1833 4092 illos

232 4108 375 4161 dics
402 4108 744 4175 eﬁ'ugirntes,
773 4118 1023 4162 alternam
1056 4109 1105 4160 in
1138 4108 1335 4161 mundo
1358 4111 1438 4163 sui
1471 4110 1679 4162 laudem
1712 4108 1833 4162 reli-

258 4187 509 4243 querunt.
553 4176 761 4241 Videte,
804 4178 1004 4238 dilecti.
1050 4189 1305 4246 quantum
1350 4179 1515 4246 possit
1550 4178 1831 4247 jejunium,

261 4261 383 4298 cum
415 4249 653 4300 oratione
681 4258 736 4301 et
763 4248 1012 4314 operibus
1043 4258 1333 4313 peractum.
1381 4248 1649 4316 Jejunium
1689 4250 1830 4301 enim

258 4326 314 4367 et
341 4318 577 4381 precatio
605 4331 636 4371 a
665 4327 835 4370 morte
872 4318 1123 4376 liberant;
1170 4316 1263 4371 sed
1286 4318 1492 4385 justitia
1526 4318 1645 4385 plus
1675 4333 1831 4385 quam

1490 246 1552 304 ΙΝ
1595 246 1822 304 FILIUS!
1865 245 2113 305 illiilli.

3352 256 3455 310 790

1906 363 1992 415 illa
2021 364 2145 416 duo.
2176 363 2437 427 Jt'jt'nittm
2470 377 2688 419 mortem
2724 368 2852 421 tollit
2877 412 2890 425 .
2916 377 2968 422 ct
2996 368 3063 422 ah
3097 371 3169 423 ira
3208 385 3247 420 rt
3267 368 3410 420 tlilllil

1903 433 2158 507 jejunium
2188 436 2425 501 purgatio
2452 446 2533 488 est
2558 440 2748 507 tuentis
2773 480 2788 498 ,
2817 452 3047 507 consors
3062 449 3205 507 temp
3238 442 3454 496 rantiat.

1901 503 2232 569 gymnasium
2278 507 2519 576 pietatis,
2557 506 2733 576 jugum
2760 508 2996 575 justitizn.
3028 503 3186 561 Solet
3200 507 3457 576 jejunium

1904 585 2184 643 pattperem
2216 570 2439 643 reddere
2467 570 2709 635 divitem;
2753 570 2922 643 neque
2946 578 3087 629 enim
3113 570 3236 629 siml
3253 570 3460 629 'lemerc

1904 641 2192 713 impensam
2232 641 2425 713 facere,
2465 643 2811 697 sufficientem
2840 641 3084 713 indicans
3110 658 3408 699 mensuram
3445 663 3455 696 :

1902 710 2037 765 solet
2062 711 2220 765 etiam
2250 710 2465 765 divitem
2489 714 2822 779 pecuniarum
2847 710 3180 769 maritumum
3216 714 3459 773 reddere.

1905 794 1999 833 nec
2024 780 2149 833 sinit
2181 795 2300 833 cum
2332 795 2422 833 sua
2451 782 2566 834 sine
2601 783 2756 835 ιιιιιιιο
2782 784 3080 837 absumere.
3127 784 3283 837 Novit
3322 783 3459 849 jeju—

1907 850 2046 900 nium
2070 849 2366 917 juventutis
2396 851 2623 918 vigorem
2645 893 2658 913 ,
2698 856 2851 905 (lueet
2893 854 3023 905 cibis
3065 852 3269 905 frenum
3302 866 3464 918 appo-

1909 934 2052 980 nere,
2084 919 2459 972 continentiam
2493 920 2642 990 indit,
2673 930 2727 974 et
2754 923 3020 988 sapienter
3039 921 3180 975 ducit
3209 922 3273 973 ad
3298 924 3457 990 pieta~

1908 996 2011 1057 tem
2054 998 2106 1039 et
2153 990 2469 1042 castitatem.
2518 989 2628 1043 Scit
2670 991 2829 1043 etiam
2875 991 3089 1043 senilms
3134 990 3459 1057 prudentiam

1910 1054 2118 1117 indere,
2144 1067 2198 1109 et
2228 1073 2413 1123 purum
2441 1059 2567 1124 ipsis
2599 1061 2787 1112 utentis
2812 1062 3020 1111 oculum
3049 1054 3281 1112 servare.
3316 1058 3462 1126 Jeju-

1911 1126 2053 1196 nium
2102 1139 2291 1192 corpus
2339 1142 2522 1179 sanum
2572 1128 2795 1181 custodit
2832 1148 2843 1179 :
2876 1129 3015 1196 quod
3061 1146 3165 1181 non
3218 1136 3464 1180 onustum

1909 1195 2074 1266 eihis,
2119 1197 2393 1266 materiam
2446 1196 2750 1266 morborum
2793 1195 2905 1250 non,
2939 1200 3163 1266 accipit;
3214 1197 3307 1251 sed
3351 1197 3466 1249 lete

1911 1263 2103 1334 factum
2136 1278 2162 1314 a
2195 1265 2326 1317 cibis
2346 1306 2361 1327 ,
2390 1265 2659 1317 robustum
2686 1276 2770 1319 est
2797 1268 2857 1317 ad
2888 1263 3101 1320 Inlinera
3135 1267 3461 1334 accipienda.

1913 1332 2034 1384 Ideo
2052 1334 2369 1399 jejunemus,
2394 1335 2592 1398 dilecti,
2626 1346 2681 1387 ιιι
2714 1336 2999 1400 spiritttalia
3033 1332 3468 1388 lllllnel'liVCOIlSC-

1912 1417 2153 1468 quamnr.
2192 1402 2287 1468 Qui
2315 1404 2517 1470 jejunat
2539 1445 2551 1465 ,
2589 1405 2815 1457 animam
2859 1405 3080 1457 instituit
3104 1405 3166 1456 ad
3198 1405 3487 1471 pietatrm,_

1915 1472 2193 1540 imaginem
2235 1475 2498 1541 accipiens
2533 1487 2803 1539 corporea:
2829 1474 3164 1527 continentia:
3190 1474 3253 1525 ad
3284 1488 3464 1526 curam

1912 1542 2137 1599 animae;
2168 1551 2221 1593 ut
2247 1541 2687 1609 quemadmodum
2716 1544 2942 1596 abstinet
2966 1545 3032 1595 ab
3060 1544 3290 1595 externis
3316 1542 3468 1601 cibis,

1912 1612 1990 1663 sic
2014 1610 2275 1665 abstineat
2302 1626 2330 1663 a
2363 1614 2536 1678 pravis
2563 1613 2967 1680 cogitationibus
2995 1612 3375 1679 ingruentibus.
3409 1609 3469 1662 Si

1915 1680 2140 1746 Spiritus
2165 1682 2408 1746 potentis,
2442 1680 2624 1748 inquit,
2656 1683 2932 1735 ascenderit
2962 1684 3010 1733 in
3038 1691 3116 1743 te,
3146 1682 3309 1748 locum
3331 1691 3471 1731 lnmn

1914 1744 1975 1801 ne
2004 1744 2272 1817 relinquas,
2294 1751 2410 1814 quia
2430 1744 2619 1803 medela
2637 1768 2828 1803 cessare
2848 1753 2991 1817 faciet
3022 1744 3216 1816 pet-cata
3251 1748 3465 1815 (Eccles.

1915 1818 2000 1873 10.
2031 1818 2107 1888 4).
2134 1818 2280 1875 Sicut
2304 1834 2431 1888 ergo
2460 1820 2695 1874 abstines
2720 1836 2747 1873 a
2776 1822 2907 1873 cibis
2935 1821 3060 1873 nihil
3092 1819 3369 1889 gestando.
3396 1821 3471 1871 sic

1915 1890 2120 1943 abstine
2145 1905 2174 1942 a
2203 1890 2428 1957 peccatis
2459 1890 2678 1957 leipsum
2704 1890 2974 1942 mutando.
3003 1888 3245 1943 Ahstines
3266 1904 3293 1940 a
3317 1888 3474 1939 \‘ltm'.’

1915 1958 2123 2012 abstine
2157 1960 2313 2012 etiam
2340 1975 2369 2010 a
2405 1961 2630 2024 nequitia
2660 1976 2672 2013 :
2701 1960 2837 2011 solet
2862 1962 3000 2010 enim
3035 1961 3261 2022 nequitia
3306 1958 3467 2023 majo-

1918 2042 2029 2079 rem
2052 2029 2361 2081 ebrietatem
2380 2028 2430 2079 in
2451 2028 2621 2080 anima
2649 2044 2855 2096 parere.
2882 2029 3125 2082 Abstines
3146 2043 3175 2080 a
3195 2025 3472 2080 carnibus?

1918 2097 2125 2150 abstine
2150 2106 2203 2150 et
2229 2114 2257 2148 a
2284 2096 2631 2161 detractione,
2668 2113 2731 2150 ne
2760 2112 2851 2165 per
2880 2098 3020 2150 illam
3051 2111 3235 2150 carnes
3259 2100 3474 2149 fratrum

1919 2167 2188 2221 comedas.
2234 2165 2427 2219 Verum
2461 2182 2687 2233 uanique
2710 2164 2965 2234 jejunium
2995 2179 3074 2219 est
3107 2164 3420 2218 abstinentia
3447 2179 3475 2214 a

1920 2239 2169 2303 peccatis.
2222 2236 2355 2290 Audi
2400 2236 2709 2303 prophetam
2754 2237 3058 2297 dicentem,
3092 2235 3205 2287 Non
3238 2237 3327 2286 hoc
3342 2235 3475 2301 jeju-

1920 2306 2061 2357 nium
2080 2305 2225 2373 elegi.
2245 2322 2400 2372 neque
2419 2306 2548 2357 diem
2569 2323 2668 2372 qua
2691 2306 2917 2357 ltumiliat
2938 2307 3082 2367 homo
3103 2306 3321 2356 animant
3339 2320 3477 2355 suam

1923 2374 2071 2444 (lsai.
2108 2376 2194 2429 58.
2220 2376 2296 2443 5).
2328 2374 2432 2429 Sed
2456 2376 2617 2442 quid?
2648 2375 2795 2428 Solve
2815 2392 2955 2427 omne
2973 2375 3221 2426 vinculum
3240 2374 3473 2439 iniquita-

1925 2446 1985 2498 tis
2005 2462 2023 2496 :
2040 2445 2253 2499 dissolve
2274 2446 2606 2497 tortuositates
2624 2444 2946 2496 riolentorum
2966 2453 3222 2511 pactorum
3244 2450 3440 2498 tuorum
3461 2455 3477 2489 :

1925 2519 2103 2582 [range
2136 2515 2371 2567 esurienti
2410 2530 2588 2582 panem
2628 2524 2768 2565 tuum
2803 2529 2819 2565 :
2861 2530 2973 2567 eum
3010 2513 3093 2580 qui
3135 2514 3239 2565 sine
3264 2520 3386 2561 tecto
3414 2518 3481 2560 cst

1923 2584 2074 2637 induc
2113 2586 2165 2635 in
2202 2585 2408 2635 domum
2450 2594 2622 2646 luant;
2650 2584 2693 2635 si
2726 2583 2907 2636 uideris
2950 2582 3158 2643 nudum,
3202 2582 3337 2645 operi
3375 2595 3484 2630 eum

1925 2653 2031 2722 (Ib.
2056 2670 2101 2706 υ.
2132 2656 2184 2706 li.
2213 2654 2287 2719 7).
2319 2652 2429 2705 Hoc
2453 2662 2554 2712 est,
2589 2653 2789 2713 dilecti,
2816 2666 2996 2706 verum
3020 2651 3294 2722 jejunium,
3323 2664 3350 2700 a
3377 2649 3485 2722 pen

1922 2717 2217 2791 acceptum,
2245 2717 2439 2775 homini
2468 2724 2698 2775 salutare
2718 2732 2772 2775 et
2792 2722 3037 2791 omnibus
3064 2717 3308 2791 placitum
3336 2734 3352 2771 :
3385 2717 3482 2769 hoc

1923 2790 2163 2860 sequitur
2197 2793 2446 2861 cazlorum
2491 2793 2778 2861 posSt'Ssio,
2820 2797 2871 2844 et
2920 2790 3121 2861 ll_tnnit.i
3167 2803 3320 2846 verax
3367 2803 3485 2853 ltro-

1926 2857 2127 2916 missio.
2173 2860 2301 2913 V‘ide
2325 2861 2465 2913 enim
2494 2857 2618 2928 quid
2652 2860 2901 2928 adjiciat:
2936 2857 3079 2911 Tunc
3118 2868 3339 2926 erumpet
3378 2873 3487 2928 ma-

1924 2934 2140 2983 tutinum
2166 2932 2332 2983 lumen
2364 2926 2526 2992 tuum,
2559 2940 2678 2981 tunc
2700 2926 2946 2982 clamante
2972 2940 3017 2980 te
3035 2928 3267 2980 exaudiet
3288 2936 3334 2979 te
3355 2942 3373 2978 :
3394 2926 3490 2977 atl-

1925 3003 2021 3054 Ituc
2042 3011 2089 3054 te
2114 3002 2340 3067 loquente
2358 3000 2488 3051 (licet
2510 3040 2523 3061 ,
2563 2997 2694 3051 Ecce
2716 3001 2895 3051 adsum
2919 2998 3023 3066 (Η).
3054 3015 3102 3050 υ.
3133 2998 3185 3050 8.
3220 2997 3300 3067 9).
3336 2996 3491 3047 thes

1925 3066 2315 3139 quantajejunii
2334 3070 2493 3139 dona,
2517 3079 2709 3122 etcum
2731 3078 2921 3135 quanta
2948 3069 3138 3139 pietate
3155 3066 3489 3134 conjunctum

1927 3136 2034 3202 sit;
2064 3136 2141 3193 ita
2165 3151 2222 3191 ut
2251 3141 2412 3191 Deum
2446 3138 2615 3204 ipsmn
2643 3148 2829 3191 exoret
2856 3147 2912 3190 ut
2936 3136 2999 3189 ad
3028 3137 3309 3188 humanam
3335 3142 3501 3187 natus

1931 3225 2041 3261 ram
2071 3208 2308 3262 accedat.
2340 3208 2521 3273 Jejuna
2547 3209 2725 3276 igitur,
2754 3221 3033 3276 persevera
3066 3207 3116 3258 in
3146 3204 3490 3271 orationibus,

1932 3280 2244 3347 synaxibus,
2270 3277 2721 3347 admonitionibus
2744 3290 3081 3347 ,unnmqnam
3112 3276 3311 3347 absens
3319 3287 3362 3347 δι
3388 3283 3496 3326 τωο

1934 3330 2012 3410 tit,
2041 3357 2097 3399 ut
2123 3330 2243 3399 mos
2267 3357 2348 3399 est
2374 3345 2708 3413 quibusdam.
2749 3330 2956 3414 Neque'
2975 3330 3425 3414 negotiationibus
3437 3351 3499 3414 et

1934 3414 2284 3469 tribunalibus
2323 3410 2429 3468 tota
2460 3416 2544 3467 die
2568 3415 2664 3468 des
2690 3410 2904 3482 operam
2927 3431 2942 3477 ;
2975 3428 3045 3466 ne
3062 3410 3321 3482 pecunias
3348 3410 3498 3465 colli-

1931 3500 2058 3553 gas,
2102 3500 2233 3552 quas
2283 3485 2591 3550 dispergere
2628 3485 2883 3547 deberes;
2937 3499 3003 3536 ne
3047 3494 3245 3553 contra
3283 3482 3496 3553 fratrem

1935 3550 2079 3608 iuum
2106 3550 2414 3621 oblaquaris
2434 3595 2448 3617 ,
2485 3555 2569 3606 cui
2606 3554 2863 3607 inservire
2887 3561 3178 3620 Oporleret.
3204 3550 3406 3604 Venisti
3433 3552 3499 3621 ad

1936 3639 2209 3693 vesperam
2241 3620 2330 3675 ant
2360 3624 2544 3693 horam
2577 3637 2771 3675 nonam
2794 3662 2809 3686 ,
2833 3638 2937 3675 non
2966 3632 3021 3674 ut
3041 3620 3499 3693 jejuniiproposi-

1937 3688 2046 3747 tum
2083 3695 2389 3760 perliceres,
2424 3692 2517 3746 sed
2560 3702 2619 3745 ut
2652 3692 2854 3745 ventris
2891 3694 3182 3759 appetitum
3230 3688 3500 3760 impleres.

1940 3766 2003 3818 Et
2032 3755 2099 3817 ne
2127 3763 2355 3816 videaris
2382 3776 2414 3814 a
2445 3762 2569 3815 vino
2596 3760 2809 3830 quidem
2853 3755 3121 3813 abstinere
3142 3801 3157 3821 ,
3199 3755 3339 3828 quod
3368 3755 3501 3825 vigi-

1940 3835 2055 3887 lans
2088 3836 2193 3894 sis;
2232 3832 2324 3884 sed
2355 3832 2630 3900 iniquitate
2656 3832 2843 3899 plenus
2868 3830 3219 3900 ebriusesse:
3249 3842 3380 3882 neve
3404 3842 3501 3880 au-

1936 3904 2070 3964 dias,
2107 3902 2191 3956 νω
2208 3902 2381 3966 ebriis,
2405 3898 2503 3954 non
2528 3917 2560 3953 ο
2586 3898 2699 3953 vino
2724 3898 2985 3970 (Isai._28.
3012 3898 3084 3968 l).
3116 3898 3358 3970 Ebrietas
3379 3911 3503 3970 vero

1938 3989 2041 4026 non
2087 3973 2246 4025 habet
2284 3987 2404 4024 cum
2438 3971 2637 4040 jejunio
2661 3966 3010 4031 consortium,
3035 3966 3126 4040 sed
3154 3980 3234 4021 est
3262 3966 3379 4033 ejus
3407 3966 3497 4040 ini-

1938 4044 2071 4097 mica
2096 4055 2148 4096 et
2172 4036 2503 4095 adversaria;
2522 4040 2589 4094 Ut
2615 4040 2982 4105 perveniamus
3003 4039 3066 4089 ad
3091 4048 3326 4106 paratam
3353 4036 3505 4088 nobis

1937 4129 2084 4181 spem
2128 4110 2533 4166 resurrectionis
2565 4109 2718 4181 :_jllic
2750 4108 2961 4181 quidem
2990 4108 3229 4161 fruentes
3258 4106 3505 4181 repositis

1936 4176 2090 4236 bouis
2110 4222 2125 4243 ,
2172 4182 2257 4234 hic
2287 4194 2412 4234 vero
2445 4176 2779 4232 exsultantes
2798 4178 2866 4231 de
2898 4178 2962 4231 iis
2986 4192 3101 4244 qum
3139 4191 3418 4243 speramus
3454 4176 3505 4225 in

1937 4252 2151 4305 Christo
2179 4250 2327 4311 Jesu,
2348 4250 2432 4303 cui
2456 4249 2624 4318 gloria
2654 4249 2707 4301 in
2730 4248 2921 4302 sazcula
2948 4248 3284 4300 saeculorum.
3314 4248 3503 4298 Amen.

1564 4520 1629 4562 IN
1674 4523 1897 4565 Ριιιωι
1948 4524 2152 4567 VIDUB
2166 4554 2177 4565 .

1689 4669 2046 4711 ,κο-,κν
1896 4692 1919 4697 _

332 4768 392 4819 Et
422 4772 611 4840 factum
629 4777 701 4822 est
731 4778 920 4837 postea,
943 4768 1041 4821 ibat
1060 4767 1211 4840 Iesus
1237 4770 1287 4821 in
1314 4769 1582 4836 civitatem,
1608 4787 1718 4840 qua:
1744 4789 1827 4826 vo-

256 4848 402 4889 catur
428 4837 582 4890 Naim
612 4854 629 4891 :
656 4849 701 4890 et
740 4840 877 4891 ibant
902 4855 1016 4891 cum
1048 4854 1103 4891 eo
1132 4838 1365 4905 discipuli
1406 4842 1514 4905 eius
1540 4884 1549 4898 .
1596 4837 1641 4893 et
1683 4845 1829 4896 turba

256 4908 435 4959 multa.
459 4908 585 4960 Cum
612 4918 780 4959 autem
821 4910 1250 4976 appropinquaret
1278 4922 1434 4975 parur:
1458 4913 1694 4972 civitatis,
1718 4930 1829 4966 ecce

254 4976 520 5042 defunctus
542 4976 835 5040 e/ferebatur
857 4979 989 5045 ﬁlius
1011 4979 1184 5030 unicus
1213 4980 1383 5030 matris
1407 4996 1526 5039 sum,
1551 4992 1593 5032 et
1622 4984 1729 5033 hwc
1754 4987 1821 5035 vi-

255 5046 361 5116 dua
388 5057 492 5116 erat
516 5044 662 5116 (Luc.
695 5047 745 5097 7.
785 5049 867 5116 ll.
901 5057 945 5116 et
975 5047 1081 5116 12).
1110 5045 1299 5116 Omnia
1332 5050 1414 5102 hic
1452 5062 1568 5101 sunt
1602 5053 1826 5104 misera-

256 5113 349 5167 bili
389 5113 579 5184 aﬂ'ect'u
603 5117 778 5184 plena.
812 5114 981 5169 U‘llCII
1005 5113 1111 5169 lilio
1148 5118 1251 5168 vita
1282 5115 1459 5171 fuitcto
1481 5158 1495 5182 ,
1519 5119 1827 5173 dulcissima

258 5198 428 5236 mater
454 5183 738 5255 clamabat,
771 5200 830 5239 se
858 5186 972 5238 solo
1004 5188 1220 5255 nomine
1249 5199 1468 5240 matrem
1496 5202 1615 5241 esse
1637 5230 1650 5252 ,
1679 5192 1828 5255 cujus

259 5261 467 5325 partum
508 5268 653 5306 mors
691 5252 1000 5307 demessuit.
1046 5254 1211 5309 Unam
1257 5272 1410 5309 uvam
1454 5256 1635 5310 habuit
1681 5252 1823 5325 vitis,

255 5332 311 5375 et
340 5324 474 5375 hanc
517 5325 704 5376 mortis
736 5325 963 5391 procella
1022 5326 1272 5377 contrivit
1307 5344 1316 5376 :
1370 5342 1529 5379 unum
1583 5324 1825 5383 baculum

260 5392 444 5444 habuit
486 5393 598 5453 illa,
642 5404 695 5451 et
732 5393 874 5447 hunc
903 5396 1199 5448 communis
1232 5411 1376 5449 mors
1419 5397 1653 5451 abstulit.
1701 5398 1828 5455 Sine

260 5463 509 5531 praesidio
540 5462 732 5516 mulier
760 5473 895 5529 erat,
928 5475 979 5517 et
1007 5466 1215 5517 sublato
1245 5466 1453 5529 baculo,
1486 5482 1592 5521 non
1618 5469 1827 5523 vitalem

256 5530 364 5585 sibi
411 5530 524 5585 fore
560 5533 721 5586 vitam
757 5534 993 5587 videbat.
1030 5534 1289 5603 Deinceps
1319 5552 1385 5589 ne
1411 5538 1680 5592 minimam
1708 5542 1828 5603 qui-

258 5604 380 5654 dem
410 5603 827 5655 consolationem
860 5604 1109 5668 babehat,
1153 5608 1310 5658 unico
1335 5607 1533 5662 amisso
1562 5608 1690 5661 lilia.
1727 5603 1827 5663 Duo

260 5672 382 5741 plici
430 5673 615 5727 dolore
641 5674 1025 5739 corripiehalur
1049 5716 1063 5738 ,
1097 5676 1291 5741 illoque
1339 5693 1443 5728 non
1475 5680 1786 5734 consolabili
1812 5698 1825 5743 ;

262 5757 421 5797 nemo
468 5753 671 5812 poterat
698 5757 982 5800 ntmrorem
1009 5745 1272 5809 allevare;
1307 5748 1552 5815 lact-ymre
1596 5752 1827 5806 rivorum

575 5831 844 5889 ΡΑτιιοι.
892 5828 1009 5891 Gtt.
1058 5830 1213 5894 LXI.

1936 4774 2104 4845 instar
2129 4788 2223 4845 per
2241 4789 2406 4845 genus
2436 4776 2734 4845 manabant.
2773 4776 3123 4831 intolerabilis
3159 4790 3268 4832 erat
3298 4780 3505 4834 mulio-ri

1935 4843 2552 4918 luctus;gogjitabatlilii
2584 4844 2829 4918 fortnam,
2856 4863 3036 4907 amore
3060 4849 3257 4902 viseera
3289 4866 3508 4918 rtnupe-

1937 4918 2147 4970 bantur.
2178 4914 2239 4968 Et
2266 4914 2353 4966 illa
2371 4915 2524 4965 vidua
2553 4916 2772 4969 mnniuo
2804 4918 3070 4981 manebat,
3113 4933 3225 4971 rem
3270 4914 3506 4972 omnium

1934 4986 2354 5047 acerbissimam,
2378 4984 2616 5037 nomium
2644 4986 3030 5051 miserrimam;
3061 4997 3113 5041 et
3135 4990 3249 5041 viro
3278 4999 3331 5041 et
3353 4990 3509 5043 unico

1936 5056 2041 5104 lilio
2062 5054 2370 5106 orbabatur.
2399 5052 2534 5107 Vere
2555 5055 2859 5109 miserabile
2882 5057 3052 5109 viduae
3094 5072 3306 5117 nomen.
3340 5059 3506 5119 luctu,

1924 5125 2082 5196 'lletn,
2110 5123 2408 5196 calamitate
2437 5124 2675 5191 plenum.
2721 5126 3087 5196 Spei-latorum
3121 5143 3276 5180 nemo
3307 5140 3508 5196 tempe-

1937 5194 2083 5263 rabat
2104 5210 2129 5243 a
2162 5194 2440 5261 lacrymis;
2468 5208 2655 5249 omnes
2684 5195 3118 5263 ingemiscebant,
3145 5213 3241 5250 nec
3264 5194 3503 5251 invenie-

1937 5262 2063 5336 bant
2084 5277 2236 5336 quem
2268 5262 2783 5336 primunrlugerent,
2831 5265 3064 5318 liliumne
3094 5276 3385 5329 mortuum,
3436 5282 3504 5319 an

1940 5333 2153 5383 viduam
2178 5333 2459 5385 viventem.
2504 5333 2608 5388 Sed
2638 5336 2809 5387 erravi
2840 5352 2958 5388 eum
2991 5336 3197 5389 viduam
3238 5338 3502 5391 viventem

1935 5402 2044 5455 dixi
2074 5418 2086 5453 :
2116 5418 2231 5471 qua:
2263 5404 2402 5473 enim
2427 5403 2581 5457 vidua
2611 5405 2772 5457 vivit?
2799 5408 2899 5459 etsi
2940 5407 3080 5460 enim
3120 5408 3298 5459 vivere
3323 5407 3507 5459 videa-

1938 5482 2020 5525 tur
2048 5474 2367 5540 (secundum
2398 5486 2713 5541 praesentem
2748 5476 2907 5529 vitam
2936 5477 3140 5537 loquor.
3176 5491 3283 5529 non
3315 5491 3506 5529 secun-

1934 5541 2060 5594 dmu
2094 5542 2380 5611 futuram),
2413 5554 2621 5596 mortua
2652 5555 2752 5597 est.
2802 5544 2967 5598 Vidua
2993 5547 3133 5598 enim
3168 5546 3221 5599 in
3253 5549 3506 5612 praesenti

1938 5614 2062 5675 vita,
2110 5613 2366 5679 siquidem
2397 5614 2646 5682 opulenta
2690 5617 2779 5675 sit,
2831 5616 2954 5668 hinc
2996 5615 3235 5668 dolorem
3291 5616 3503 5681 paulum

1938 5684 2145 5744 minuit,
2177 5683 2297 5734 hinc
2324 5698 2417 5750 spe
2445 5685 2672 5751 quadam
2702 5695 2987 5746 recreatur,
3018 5686 3207 5736 vulnus
3229 5700 3387 5738 suum
3410 5700 3510 5735 cu-

1936 5764 2036 5818 rat,
2069 5754 2306 5805 dolorem
2335 5754 2565 5818 allevat,
2599 5756 2842 5809 ubertate
2875 5755 3154 5809 roboratur
3175 5796 3189 5812 ,
3242 5756 3508 5808 interdum

3068 5838 3147 5896 50
