3994 6218
259 407 363 463 ’193

257 521 417 574 Ilium
451 531 543 585 pro
571 521 677 568 alio
701 521 895 568 teneo?
924 529 1050 569 num
1082 521 1149 569 ad
1175 521 1593 571 consolationem
1623 528 1819 577 meam,

257 600 308 642 nt
338 589 536 643 luctum
562 587 773 643 sedaret
797 593 851 640 et
880 584 1081 640 doloris
1102 586 1539 652 magnitudinem,
1572 584 1621 635 in
1652 592 1825 635 morte

254 658 345 715 lilii
386 657 489 712 mei
535 655 726 712 callide
771 657 897 725 egit,
951 665 1005 709 et
1049 656 1279 725 alienum
1323 655 1623 725 quempiam
1670 652 1823 725 quasi

256 742 431 781 meum
478 727 695 781 tradidit
720 722 897 787 Iesus,
931 733 990 778 ut
1029 724 1267 780 dolorem
1305 722 1480 777 meum
1511 722 1823 775 allevaret?

254 796 465 851 Nullum
488 796 681 851 similis
707 796 783 850 rei
812 803 1000 850 testem
1029 794 1199 849 habeo
1230 812 1242 847 :
1273 793 1400 847 nihil
1429 807 1679 860 umquam
1716 792 1824 846 tale

255 866 380 929 vidi,
437 882 609 935 neque
650 866 807 935 alius,
835 879 1055 929 eorum,
1102 864 1191 931 qui
1237 878 1445 917 mecum
1471 871 1615 935 sunt,
1647 861 1819 935 vidit:

253 931 540 1006 numquam
568 936 623 989 in
654 934 850 1006 lectulo
871 936 1021 988 visus
1037 946 1115 1006 est
1144 942 1382 1006 mortuus
1410 934 1499 1001 qni
1527 931 1820 1006 suscitatus

252 997 430 1059 lueril.
457 1005 629 1076 Ipsum
660 1021 787 1059 vero
819 1004 1090 1076 ﬁliutnsic
1112 997 1513 1076 alloquebatur:
1546 1003 1638 1055 Dic
1669 1000 1820 1076 mihi,

255 1090 323 1127 ne
351 1072 558 1138 timeas,
590 1085 713 1129 tune
738 1089 797 1129 es
830 1077 941 1143 ipse
983 1073 1121 1143 illius
1151 1073 1345 1127 meus?
1391 1072 1496 1135 dic,
1542 1072 1822 1139 cognoscis

252 1145 375 1198 me?
417 1146 558 1199 nosti
601 1142 859 1214 quanam,
875 1142 1019 1195 sim?
1051 1143 1156 1195 scis
1178 1158 1319 1214 num
1348 1158 1446 1211 ego
1483 1143 1819 1214 Silli_(]ll.'l‘_lt.'

250 1215 475 1282 peperi“!
519 1210 762 1284 Agnosco
803 1212 1025 1284 ligurum
1049 1254 1065 1284 ,_
1096 1212 1189 1266 sed
1233 1214 1306 1265 rei
1349 1210 1453 1284 non
1481 1212 1683 1284 credo:
1712 1210 1823 1262 cla-

248 1281 359 1335 mat
403 1281 613 1349 oculos,
663 1282 915 1337 describit
947 1282 1165 1349 pupilla,
1193 1283 1462 1352 palpebra:
1494 1281 1817 1349 prmdicant,

246 1352 462 1406 auditus
505 1353 793 1417 consentit,
830 1353 1143 1407 testiﬁcatur
1173 1353 1378 1405 narium
1413 1366 1535 1419 pars
1565 1352 1799 1404 interme-

248 1421 367 1487 dia,
423 1423 561 1476 labia
601 1421 896 1485 declarant,
934 1422 1044 1490 ipsa
1091 1430 1293 1475 statura
1322 1420 1531 1474 suadet.
1564 1421 1821 1490 Linguam

247 1506 421 1556 move,
455 1491 821 1555 dilectissime,
853 1489 1109 1545 dic’tnihi
1166 1491 1288 1546 vita:
1332 1492 1503 1561 signa.
1553 1489 1817 1545 Gaudium

451 531 543 585 pro
571 521 677 568 alio
701 514 895 568 teneo?
924 529 1050 569 num
1082 514 1149 569 ad
1175 515 1593 571 consolationem
1623 528 1819 577 meam,

252 1619 455 1632 ~—

243 1715 492 1757 CONTRA
536 1715 813 1769 JUDBOS,
860 1715 922 1757 IN
967 1714 1340 1757 SERPENTEM
1386 1711 1641 1760 ENEUM’.’
1691 1711 1770 1754 ΕΤ
1814 1713 1876 1755 IN
1923 1710 2134 1765 ILLUD,

1050 399 1322 457 CONTRA
1362 399 1663 464 JUDAEOS,
1707 399 1770 454 IN
1808 397 2220 455 SERPENTEM
2262 397 2549 460 ιΕΝΕυΜ.
2595 399 2743 462 ΕΤΟ.

3405 410 3515 468 ,791

1932 512 2058 565 inibi
2110 522 2481 581 tempestatem
2533 514 2895 571 excitavitzte
2925 516 3112 584 video,
3146 526 3201 573 et
3241 518 3516 581 retincor;

1926 598 2027 650 ego
2055 594 2104 635 te
2137 584 2187 635 in
2220 584 2359 637 ulnis
2387 584 2610 653 gestavi,
2644 599 2742 653 ego
2774 592 2825 639 te
2858 588 3132 652 parvulum
3165 588 3385 643 lactari.
3421 588 3515 642 hic

1930 654 2081 715 inibi,
2119 653 2188 705 [ili
2220 654 2311 716 mi,
2348 662 2475 707 tune
2500 669 2560 706 es
2602 653 2740 707 filius
2768 657 2954 710 meus?
2982 673 3051 711 ne
3081 657 3270 712 timeas
3297 658 3516 712 me.Ve-

1928 738 2043 774 rum
2072 723 2161 795 ubi
2191 722 2371 795 deliis
2397 724 2647 776 omnibus
2674 726 2872 779 certior
2909 725 3044 781 facta
3078 738 3193 790 est,
3223 744 3345 795 qua:
3392 730 3515 782 lux-

1927 802 2042 865 erat
2071 794 2121 845 in
2150 791 2400 865 gaudium
2428 807 2580 846 versa
2604 834 2617 855 .
2661 805 2713 847 et
2747 810 2865 864 qua:
2896 794 3113 850 ﬂeverat
3140 791 3309 851 Deum
3351 799 3516 865 glori-

1931 862 2123 925 licans,
2169 861 2389 936 dextera
2440 877 2599 915 manu
2654 861 2819 919 lilium
2867 876 3076 933 tenens,
3103 879 3157 921 et
3198 882 3294 936 per
3324 861 3511 919 urbem

1927 947 2116 1005 omnes
2165 931 2385 995 adiens,
2422 946 2612 996 magna
2661 949 2793 1005 voce
2833 931 3145 991 clamabat:
3183 931 3514 1005 Magni/iane

1931 1002 2442 1076 Domiininrntgc‘um,
2498 1013 2544 1076 et
2580 1004 2855 1076 ragaltemus
2878 1022 3058 1059 nomen
3081 1008 3192 1076 ejus
3212 1002 3516 1075 iit—idipsum

1929 1072 1945 1137 (
1982 1070 2123 1125 Psal.
2157 1072 2243 1125 55.
2278 1072 2386 1141 ὅ),
2435 1072 2557 1140 quia
2592 1073 2755 1125 tilium
2799 1090 2975 1129 meum
3017 1070 3287 1131 mortuum
3337 1070 3514 1131 susei-

1929 1142 2075 1205 tavit,
2106 1143 2223 1210 quia
2256 1151 2488 1195 veterem
2517 1143 2724 1195 vineam
2754 1143 2985 1205 vallavit,
3009 1154 3062 1197 et
3090 1160 3207 1199 eam
3231 1163 3352 1213 qua:
3380 1147 3509 1201 olim

1928 1228 2032 1265 non
2066 1222 2235 1283 mater
2259 1224 2393 1272 erat,
2424 1222 2645 1265 matrem
2672 1214 3101 1283 rursumeﬂ'ecit,
3129 1216 3515 1283 lacrymar‘um-

1926 1297 2031 1349 que
2080 1281 2252 1335 fontes
2298 1284 2584 1336 exsiccavit
2614 1301 2625 1335 :
2657 1294 2712 1336 et
2740 1282 3031 1352 gloriﬁcate
3076 1281 3269 1339 nomen
3298 1286 3413 1350 ejus
3457 1288 3509 1337 in

1927 1352 2135 1474 sarcula‘
2153 1369 2165 1401 :
2198 1352 2317 1419 quia
2355 1354 2524 1422 ipsum
2568 1353 2723 1407 decet
2763 1355 2926 1422 gloria
2960 1356 3010 1408 in
3056 1357 3257 1410 sazcula
3287 1356 3511 1409 saaculo-

1927 1437 2067 1474 rum.
2143 1437 2287 1474 men.

1927 1437 2067 1475 I‘Ulll.
2098 1437 2287 1475 amen.

2199 1708 2393 1749 DEDIT
2438 1708 2558 1749 ιιιι
2622 1708 2837 1750 NOMEN
2904 1710 3074 1762 QUOD
3137 1713 3245 1753 EST
3311 1711 3514 1755 SUPER

325 1816 499 1860 0mm
541 1816 760 1859 nomen
793 1797 1103 1877 (Philipp.
1129 1797 1189 1854 2.
1219 1796 1307 1874 9);
1356 1813 1434 1854 ετ
1479 1813 1543 1854 IN
1588 1810 1798 1868 11.1.00,
1834 1812 2122 1865 QUONIAM
2166 1810 2459 1851 NEMINEM
2508 1807 2767 1863 HABUIT,
2815 1811 2932 1852 rea
2977 1812 3153 1864 QUEM
3198 1814 3508 1876 JUltABE'l‘,

323 1912 647 1973 nuntient,
692 1917 960 1961 mium
1005 1916 1123 1957 pen
1165 1910 1565 1959 ssuertrsuu
1612 1893 1833 1976 (Hebr.
1863 1898 1923 1955 6.
1973 1893 2187 1975 l3)(a).

1724 2047 2069 2085 ...ωριτε-..-

316 2174 367 2224 1.
398 2170 627 2225 Verbum
658 2169 770 2233 Dei,
805 2167 1015 2233 fratres,
1049 2176 1106 2220 ut
1124 2181 1270 2235 sarpe
1295 2165 1546 2229 diximus,
1582 2163 1810 2235 simplex

240 2242 459 2311 quidem
486 2249 593 2302 est,
622 2240 825 2311 clarum
849 2277 863 2299 ,
893 2240 1143 2311 euntibus
1170 2234 1509 2311 manifestum
1533 2275 1546 2295 ,
1576 2244 1631 2288 et
1661 2234 1825 2311 multa

248 2303 367 2364 luce
398 2312 612 2377 plenum
639 2325 653 2368 ς
685 2308 778 2360 sed
810 2308 985 2359 varias
1023 2305 1227 2360 habens
1274 2307 1611 2377 operatioues
1632 2344 1645 2365 ,
1680 2303 1823 2377 varia

243 2373 437 2447 accipit
466 2379 678 2431 nomina
707 2395 721 2436 ;
754 2378 830 2447 ita
866 2386 921 2428 ut
970 2390 1115 2447 adipe
1159 2380 1377 2447 vocetur
1406 2376 1534 2447 lux,
1570 2378 1674 2427 vita
1702 2414 1714 2432 ,
1744 2373 1824 2447 lu-

241 2444 426 2513 cerna,
458 2448 682 2517 lampas,
715 2446 941 2517 gladius,
972 2444 1188 2517 llruvius,
1222 2446 1357 2505 fons,
1384 2445 1566 2517 pensis.
1595 2444 1819 2517 securis,

243 2532 419 2589 porta.
452 2513 584 2571 Hice
604 2516 837 2589 admittit
867 2516 1120 2589 vocabula
1158 2528 1251 2589 pro
1280 2514 1503 2589 ratione
1533 2513 1821 2589 beneficio-

246 2581 387 2653 rum,
417 2595 477 2641 ut
504 2587 773 2654 aperiatur
818 2584 1116 2637 auditorum
1166 2583 1512 2652 intelligentia
1541 2626 1554 2642 ,
1586 2592 1639 2635 et
1670 2590 1732 2654 ut_
1759 2581 1826 2634 ab

245 2662 309 2714 iis
336 2650 453 2728 qua:
487 2650 626 2724 apud
658 2669 753 2708 nos
794 2650 1364 2728 smit,__mens_uos_tra
1404 2655 1639 2720 erigatur
1669 2650 1733 2728 ad
1763 2667 1823 2704 ea

243 2719 367 2796 quoi
409 2719 563 2795 supra
607 2740 703 2796 nos
757 2733 895 2796 sunt.
949 2722 1088 2796 Hinc
1144 2722 1398 2796 Dominus
1447 2719 1629 2796 noster
1670 2719 1825 2796 Jesus

240 2791 507 2860 Christus,
541 2797 628 2850 Dei
662 2794 909 2857 Verbum,
943 2795 1059 2845 fons
1080 2793 1374 2860 sapientiae,
1406 2793 1654 2860 populum
1685 2791 1824 2842 allo-

239 2882 435 2936 quens,
464 2865 730 2934 parabolis
759 2878 887 2936 usus
914 2871 1011 2925 est,
1039 2863 1192 2936 abiis
1221 2878 1338 2929 qua:
1358 2861 1814 2936 sunt__it_tmundo,

239 2930 304 2991 ea
337 2930 640 3004 quis-supra
670 2934 922 2987 mundum
954 2940 1076 3004 sunt
1099 2931 1378 3004 docens,_a
1410 2930 1709 3004 visibilihus
1732 2931 1819 3004 in-

244 2998 470 3060 visibilia
496 3045 511 3069 ,
550 2998 623 3057 ab
658 3004 904 3056 humanis
933 3002 1130 3054 divina.
1166 3001 1232 3053 Et
1278 3000 1564 3069 aliquando
1599 2998 1824 3066 parabo-

242 3079 350 3131 lam
398 3076 566 3130 vineae
616 3073 787 3136 aﬂert,
840 3072 1123 3139 aliquando
1170 3071 1499 3140 piscationis,
1558 3070 1821 3123 interdum

240 3162 481 3216 sagenm,
510 3143 793 3216 aliquando
840 3143 1083 3216 fermenti
1120 3159 1131 3193 :
1164 3139 1219 3216 ut
1248 3139 1658 3216 _hodie_Judazo_s
1693 3139 1824 3191 allo-

239 3211 417 3285 qu'ens
442 3211 688 3285 dicebat,
725 3211 911 3285 Homo
938 3213 1145 3276 quidam
1172 3211 1533 3285 Itabcltat__duos
1582 3212 1823 3285 ﬁliosiet

242 3280 376 3339 dixit
402 3286 587 3354 primo,
622 3282 760 3335 Vade
786 3283 838 3333 in
866 3282 1062 3333 vineam
1103 3284 1301 3354 operari
1326 3284 1341 3350 (
1367 3281 1549 3354 Matth.
1584 3280 1672 3354 21.
1705 3281 1819 3350 28).

244 3356 377 3423 Quia
403 3351 549 3408 enim
577 3353 773 3423 h:_cc"in
803 3366 901 3423 usu
933 3360 1056 3403 sunt
1094 3351 1232 3417 apud
1261 3368 1359 3423 nos
1383 3392 1397 3413 ,
1419 3361 1482 3423 et
1510 3353 1559 3403 in
1592 3351 1672 3403 bis
1698 3367 1819 3423 ver.

246 3421 447 3487 samur,
478 3438 573 3476 nos
602 3421 749 3475 ducit
775 3421 839 3477 ad
872 3435 1156 3487 supernam
1204 3422 1517 3487 sapientiam
1545 3438 1556 3479 ;
1593 3431 1647 3470 ut
1677 3421 1819 3472 dice-

247 3497 337 3548 bat
366 3498 524 3549 ctiam
564 3493 615 3544 in
660 3492 862 3560 priori;
895 3488 1139 3542 hesterna
1177 3504 1302 3542 vero
1344 3490 1430 3541 die
1460 3489 1667 3541 dieebat
1696 3490 1821 3560 Ser-

247 3576 400 3618 vator
423 3581 435 3615 :
458 3562 635 3618 Simile
657 3559 725 3614 est
745 3575 950 3630 regnum
973 3560 1417 3630 cglorumltmniui
1436 3559 1816 3630 patrifamilias,

246 3637 335 3703 qui
364 3634 483 3703 exiit
526 3628 876 3703 printoAmane
905 3629 1203 3703 conducere
1231 3631 1491 3697 operarios
1514 3631 1593 3703 _in_
1628 3628 1820 3703 vineam

246 3696 389 3757 suam
416 3705 434 3772 (
463 3696 543 3754 ω’.
572 3699 662 3753 21).
693 3700 746 3752 2.
778 3699 952 3772 sqq._).
985 3696 1107 3772 ﬂeri
1157 3696 1325 3772 vinea:
1382 3700 1684 3767 pzirabolatn
1732 3698 1815 3749 itt-

246 3767 500 3838 duxit,‘et
528 3772 687 3824 hodie
704 3767 970 3823 eamdem.
994 3767 1364 3821 Necessarium
1389 3778 1468 3822 est
1488 3781 1667 3822 autent
1690 3779 1822 3821 tem-

249 3860 378 3912 pora
427 3842 679 3901 indicare,
724 3840 913 3907 quibus
954 3839 1094 3912 exiit
1126 3838 1381 3912 Dominus
1432 3842 1617 3912 vineae.
1657 3838 1817 3896 Exiit.

250 3908 444 3983 inquit,
493 3913 663 3979 primo
710 3923 887 3972 mane,
945 3918 1014 3983 et_
1051 3909 1191 3983 circa
1238 3908 1422 3983 horam
1481 3911 1711 3970 tertiam,
1770 3918 1824 3960 et

248 3978 563 4045 seiunget
586 3994 801 4044 nonam,
830 3988 882 4032 iet
913 3978 1266 4032 undecimam.
1296 3980 1539 4045 Quinque
1582 3988 1817 4043 tempora

247 4053 546 4107 vocationis
569 4050 1048 4120 apparent,gprimo
1078 4063 1252 4120 mane,
1288 4051 1436 4103 tertia
1471 4049 1619 4120 hora,
1650 4056 1819 4120 sext»,

250 4138 413 4187 nona,
462 4118 759 4175 undeuima.
791 4118 1159 4188 Nihiliinutile
1190 4126 1271 4171 est
1313 4119 1448 4188 apud
1494 4119 1677 4170 Deum.
1723 4118 1820 4180 Qui

250 4194 396 4245 enim
424 4191 777 4246 comminatus
806 4197 905 4249 est,
937 4187 1015 4239 De
1039 4189 1175 4239 omni
1202 4187 1358 4240 verbo
1388 4191 1546 4239 otioso
1579 4188 1823 4239 rationem

250 4264 433 4314 dabitis
486 4259 614 4330 (id.
663 4258 748 4330 1‘2.
804 4257 911 4330 56)
961 4273 974 4308 :
1035 4257 1203 4330 multo
1243 4259 1423 4330 minus
1472 4260 1606 4330 ipse»
1642 4265 1820 4308 utatur

248 4333 415 4392 verbo
435 4328 629 4393 otioso,
661 4329 749 4397 qui
780 4336 861 4382 est
891 4328 1008 4381 fons
1029 4328 1322 4397 sapientiae.
1361 4329 1520 4380 Docet
1545 4328 1822 4395 igiturnos

249 4403 489 4455 divinum
510 4396 890 4465 magisterium,
924 4398 1089 4451 Deum
1114 4396 1343 4449 diversis
1368 4397 1694 4463 temporibus
1724 4411 1814 4447 vo-

250 4488 395 4525 care.
430 4472 572 4524 Idem
616 4470 729 4536 ipse
763 4468 1014 4521 Dominus
1058 4475 1159 4526 est,
1192 4467 1433 4520 eamdem
1484 4468 1639 4519 habet
1684 4467 1823 4533 agri-

248 4542 512 4596 culturam
538 4556 552 4604 ;
585 4540 810 4595 diversis
830 4552 957 4591 vero
987 4538 1312 4605 temporibus
1332 4548 1504 4602 vocat,
1528 4538 1818 4590 secundum

247 4614 490 4665 diversas
538 4610 809 4662 hominum
863 4609 1251 4676 generationes.
1296 4606 1490 4660 Eadem
1544 4618 1626 4660 cst
1664 4608 1817 4669 dies,

250 4682 393 4735 idem
428 4681 685 4734 Dominus
705 4720 721 4744 ,
752 4681 906 4736 vinea
935 4676 1119 4731 eadem
1146 4694 1162 4735 ι
1204 4686 1437 4744 tempora
1475 4691 1600 4729 vero
1630 4676 1820 4743 quibus

248 4751 502 4804 conducit
531 4766 635 4802 non
677 4748 885 4811 eadem,
913 4748 1007 4801 sed
1036 4749 1205 4816 primo
1246 4762 1419 4811 inane,
1469 4746 1595 4798 hora
1629 4748 1781 4798 tertia
1803 4786 1818 4809 ,

250 4830 423 4884 sexta,
478 4834 657 4883 nona,
711 4818 1013 4871 undecima.
1067 4817 1412 4884 Quandonam
1468 4817 1596 4870 exiit
1650 4818 1820 4883 primo

252 4902 410 4945 mane
434 4889 731 4943 conducere
759 4887 1076 4954 operarios?
1109 4884 1260 4940 Mane
1301 4896 1452 4939 vocat
1480 4888 1699 4939 exordia
1736 4887 1820 4939 di-

250 4962 389 5014 vina:
431 4958 757 5013 creationis.’
787 4956 941 5026 Mane
978 4960 1093 5010 erat
1142 4958 1353 5026 quando
1394 4957 1561 5010 Adam
1618 4956 1816 5009 forma-

253 5040 337 5083 tus
397 5038 523 5084 est:
571 5029 622 5081 in
667 5025 889 5081 exordio
939 5029 1082 5081 enim
1125 5025 1297 5082 adhuc
1335 5027 1588 5080 smculum
1634 5040 1821 5079 recens

249 5109 367 5155 erat
402 5114 521 5153 cum
581 5098 661 5151 sol
700 5104 846 5149 ortus
883 5105 1003 5161 est;
1043 5096 1216 5151 adhuc
1253 5112 1441 5152 recens
1480 5104 1629 5159 erat,
1700 5110 1820 5149 cum

248 5179 465 5229 ostensa
520 5177 602 5221 est
656 5168 795 5220 lunae
851 5167 1189 5234 pulchritudo
1224 5178 1279 5221 et
1331 5168 1604 5221 stellarum
1656 5179 1817 5217 orna-

251 5251 356 5293 tus.
404 5238 585 5291 Primo
615 5250 770 5289 mane
809 5236 945 5289 Deus
994 5234 1125 5291 exiit
1158 5245 1217 5290 ut
1265 5239 1608 5291 conduceret.
1649 5235 1818 5301 Quem

250 5312 481 5377 primum
535 5323 600 5361 ex
648 5305 953 5377 hominibus
986 5305 1277 5360 conduxit?
1306 5306 1588 5377 Adamunt.
1641 5303 1821 5377 Pos_uit

251 5373 397 5430 illum
443 5380 492 5429 in
526 5376 791 5443 paradiso,
837 5386 891 5428 ut
927 5384 1240 5444 operaretur
1283 5389 1337 5430 et
1385 5374 1696 5429 custodiret.
1727 5373 1822 5427 Est

251 5450 411 5517 igitur
438 5447 604 5514 prima
630 5446 697 5500 ab
724 5445 928 5517 Adamo
948 5459 1113 5517 usque
1134 5444 1199 5498 ad
1226 5445 1369 5499 Noe:
1405 5446 1518 5498 haec
1546 5459 1645 5496 una
1672 5458 1821 5496 voca.

250 5514 343 5578 tio,
378 5531 538 5570 unum
582 5525 809 5583 tempus.
844 5514 952 5568 lloc
992 5514 1192 5569 scilicet
1225 5524 1461 5583 tempore
1498 5525 1713 5567 vocatus
1740 5522 1823 5567 est

248 5587 416 5639 Adam
446 5586 509 5638 ad
530 5590 917 5653 operatiooem,
938 5584 1069 5638 Abel
1098 5584 1163 5637 ad
1198 5586 1403 5637 virtutis
1426 5584 1817 5653 operationem,

243 5657 397 5719 Seth,
431 5665 485 5709 et
514 5651 717 5719 Eitoch,
748 5656 836 5722 qui
872 5655 943 5709 ob
969 5668 1273 5723 supremam
1308 5651 1555 5708 virtutem
1588 5651 1818 5706 transla-

310 5748 383 5808 (u)
400 5745 476 5796 De
498 5745 589 5795 hoc
608 5743 775 5809 ultimo
797 5745 1052 5809 scriptura:
1076 5746 1181 5795 loco
1204 5758 1267 5796 ne
1293 5746 1497 5797 verbum
1516 5744 1712 5807 quidem
1733 5743 1819 5793 ha-

247 5806 392 5859 betur
418 5809 467 5858 iu
492 5814 588 5859 tota
606 5806 853 5857 concione.

1938 2175 2022 2220 tus
2051 2173 2149 2221 est.
2185 2165 2365 2236 Usque
2394 2167 2457 2218 ad
2486 2166 2599 2221 Noe
2622 2166 2925 2221 extenditur
2959 2169 3187 2236 primum
3214 2172 3505 2225 rurationis

1936 2245 2164 2302 tempus.
2192 2236 2323 2288 Cum
2347 2235 2459 2289 Noe
2477 2239 2739 2303 apparuit,
2774 2248 2978 2303 tempus
2996 2249 3110 2292 erat
3134 2240 3300 2292 tertia:
3321 2240 3464 2294 hunc
3492 2260 3504 2293 :

1932 2306 2060 2377 exiit
2092 2309 2282 2358 iterum
2313 2307 2635 2377 conducere.
2684 2307 2860 2360 Deleta
2889 2310 3029 2360 enim
3071 2309 3138 2362 ob
3170 2309 3501 2377 iniquitatem

1935 2375 2099 2447 prima
2124 2376 2486 2447 generatione,
2530 2392 2911 2447 rttrsus‘genns
2942 2378 3215 2432 hominum
3244 2375 3378 2447 epos
3410 2381 3503 2433 ha-

1934 2445 2051 2516 buit
2094 2446 2325 2498 secunda
2372 2447 2669 2501 vocatione.
2723 2445 2927 2501 htducit
2955 2449 3187 2501 secundo
3230 2445 3504 2516 operarios

1931 2515 1983 2586 in
2008 2515 2235 2577 vineam,
2269 2530 2362 2568 eos
2382 2516 2467 2582 qui
2492 2516 2704 2575 fuerunt
2733 2534 2761 2569 a
2788 2517 2898 2571 Noe
2927 2533 3094 2586 usque
3114 2518 3179 2572 ad
3206 2515 3495 2578 Abraham.

1929 2584 2172 2657 Secunda
2200 2586 2654 2657 Incciestvocatio.
2687 2587 2935 2657 Attende.
2962 2584 3161 2657 quaeso,
3187 2589 3465 2657 diligenter
3488 2610 3500 2645 :

1931 2655 2098 2720 prima
2130 2656 2258 2707 hora
2284 2656 2352 2708 ab
2396 2656 2598 2710 Adamo
2626 2671 2793 2724 usque
2832 2656 2898 2709 ad
2938 2656 3049 2710 Noe
3073 2699 3088 2717 ,
3134 2655 3440 2712 tertia—hora
3469 2676 3499 2715 a

1930 2723 2039 2775 Non
2066 2740 2235 2791 usque
2275 2724 2337 2778 ad
2366 2725 2653 2789 Abraham,
2685 2723 2830 2781 sexta
2867 2727 2991 2779 liora
3025 2728 3091 2779 ab
3122 2730 3385 2781 Abraham
3416 2748 3502 2781 Its-

1930 2808 2031 2859 que
2060 2796 2124 2845 ad
2160 2794 2410 2865 Moysem,
2445 2811 2579 2848 nona
2612 2796 2741 2849 hora
2768 2811 2795 2846 a
2824 2795 3001 2865 Moyse
3050 2813 3215 2861 usque
3245 2798 3308 2849 ad
3335 2798 3492 2853 Chri-

1928 2874 2089 2924 stum,
2116 2864 2388 2916 undecima
2415 2865 2543 2919 hora
2570 2882 2595 2916 a
2622 2866 2838 2918 Christo
2865 2866 2929 2918 ad
2960 2869 3496 2922 eottsummationem.

1928 2933 2075 3005 Sicut
2105 2933 2258 3005 cnim_
2288 2934 2566 2988 undecima
2600 2937 2724 2987 hora
2756 2936 2873 2988 linis
2915 2945 2993 2989 est
3024 2936 3148 2998 diei,
3185 2937 3263 2989 sic
3292 2950 3503 3005 tempus

1930 3003 2184 3072 adventus
2232 3002 2351 3056 linis
2391 3014 2471 3057 est
2516 3006 2837 3058 saeculorum
2893 3014 2991 3072 ;ut
3035 3007 3175 3059 enim
3220 3002 3493 3065 undeciuk

1931 3072 2057 3122 bora
2091 3071 2155 3123 ad
2190 3072 2347 3127 linem
2378 3075 2547 3138 vergit
2574 3073 2676 3133 diei
2702 3116 2714 3138 ,
2742 3075 2819 3128 sic
2847 3071 3054 3141 tempus
3085 3077 3345 3130 adventus
3369 3094 3472 3131 con

1930 3144 2339 3215 {inmutationem
2388 3143 2705 3215 subindicat.
2756 3146 3090 3211 Quapropter
3124 3148 3197 3198 ait
3226 3149 3497 3215 apostolus

1931 3210 2121 3283 Paulus
2154 3228 2165 3262 :
2200 3210 2345 3275 llccc,
2392 3214 2602 3274 fratres,
2656 3214 2705 3283 in
2751 3210 2928 3280 ﬁguris
2962 3210 3309 3283 contingebant
3356 3218 3498 3279 illis;

1929 3282 2114 3354 scripta
2144 3294 2259 3333 sunt
2289 3291 2454 3354 autem
2486 3283 2552 3334 ad
2596 3282 2993 3354 admonitionem
3021 3282 3266 3349 nostram,
3298 3287 3351 3339 iu
3375 3304 3498 3354 quos

1930 3351 2053 3416 ﬁnes
2082 3354 2378 3404 steculorum
2407 3353 2708 3405 devenerunt
2742 3354 2829 3419 (1.
2858 3351 2975 3406 Cor.
3009 3354 3096 3406 l0.
3127 3357 3179 3408 ll
3208 3355 3249 3422 ).
3287 3354 3350 3408 Et
3381 3351 3499 3411 vide

1930 3436 2038 3472 rem
2070 3424 2365 3475 mirabilem
2394 3441 2406 3474 :
2438 3424 2684 3476 conducti
2714 3432 2835 3475 sunt
2860 3423 3034 3488 primi,
3066 3425 3305 3487 secundi,
3336 3426 3495 3490 tertii,

1928 3492 2127 3562 quarti,
2149 3501 2200 3543 et
2239 3492 2287 3541 in
2315 3492 2418 3562 line
2441 3492 2606 3559 quinti
2634 3509 2645 3541 :
2677 3502 2726 3543 et
2759 3507 2962 3545 merces
2992 3510 3093 3545 non
3122 3495 3241 3547 data
3271 3507 3351 3548 est
3382 3497 3496 3562 pri-

1930 3562 2059 3623 mis,
2100 3560 2270 3614 donec
2300 3561 2630 3615 advenerunt
2661 3564 2913 3629 postremi
2945 3602 2957 3621 ,
2992 3564 3082 3615 sed
3115 3564 3351 3616 laborem
3383 3560 3501 3618 sns-

1929 3631 2229 3690 tinuerant,
2283 3630 2581 3685 mercedem
2655 3646 2779 3684 vero
2857 3631 3088 3684 nondum
3155 3646 3492 3699 acceperant.

1928 3699 2103 3753 Noluit
2137 3702 2280 3754 enim
2340 3703 2477 3754 Deus
2534 3702 2830 3754 mercedem
2885 3703 3013 3754 dare
3067 3704 3267 3768 primis,
3324 3703 3495 3757 donec

1927 3771 2236 3824 advenirent
2264 3770 2751 3832 fructusEcclesize,
2777 3781 2826 3822 et
2852 3772 3156 3837 prmcipcret
3180 3786 3493 3827 meonomo:

1932 3840 2003 3892 Da
2032 3842 2099 3894 ab
2134 3843 2318 3894 ultimo
2358 3858 2525 3909 usque
2556 3842 2618 3893 ad
2655 3843 2902 3907 primum.
2932 3841 3081 3907 Quod
3122 3851 3294 3893 autem
3328 3843 3494 3895 distu-

1930 3910 2048 3963 lerit
2082 3913 2218 3965 Deus
2247 3914 2546 3966 mercedem
2592 3912 2719 3965 dare
2771 3911 2992 3978 primis,
3040 3911 3209 3964 donec
3257 3914 3499 3966 venirent

1930 3980 2120 4043 ultimi,
2154 3984 2463 4035 testiﬁcatur
2513 3983 2701 4034 Paulus
2738 3983 2786 4034 iit
2843 3980 3075 4045 Epistula
3122 3982 3184 4032 ad
3226 3981 3493 4036 llebratos.

1927 4049 2375 4102 Commemoravit
2422 4051 2781 4103 Abrahamnm
2806 4091 2820 4114 ,
2858 4051 3089 4103 lsaacum
3119 4094 3130 4111 ,
3160 4051 3413 4105 Jacobum
3446 4063 3499 4106 et

1932 4120 2276 4189 patriarchas,
2301 4120 2540 4187 aliosque
2574 4121 2858 4188 prophetas
2886 4122 3131 4187 etjustos
3153 4162 3165 4182 ,
3192 4129 3247 4173 et
3271 4122 3453 4189 adjicit
3481 4139 3493 4175 :

1930 4187 1993 4241 Et
2025 4190 2076 4241 hi
2124 4206 2293 4241 omnes
2344 4191 2621 4242 testimonio
2652 4187 2769 4256 [idei
2817 4189 3012 4256 probati
3052 4206 3149 4241 non
3195 4187 3496 4258 acceperunt

1928 4260 2373 4325 repromissiones,
2410 4259 2514 4311 Deo
2542 4276 2633 4329 pro
2685 4259 2825 4311 nobis
2878 4260 3054 4312 melius
3093 4259 3287 4329 aliquid
3334 4264 3499 4327 provi-

1928 4331 2092 4392 dente,
2117 4339 2282 4381 utnon
2300 4334 2405 4381 siue
2430 4328 2570 4382 nobis
2583 4338 3050 4395 consummareuutr
3070 4328 3251 4393 (Hebr.
3285 4330 3370 4382 Η.
3406 4331 3496 4385 59.

1927 4400 2041 4470 40).
2077 4400 2224 4453 Sicut
2252 4400 2393 4452 enim
2418 4400 2525 4463 hie,
2562 4399 2774 4461 fratres,
2806 4399 3039 4467 quinque
3063 4407 3303 4465 tempora
3351 4399 3497 4452 dedit

1928 4479 1982 4522 ct
2038 4474 2377 4532 vocationes,
2421 4470 2647 4535 primum
2706 4480 2931 4535 tempus,
2986 4478 3043 4520 ut
3092 4482 3376 4530 reSnmam,
3429 4472 3495 4519 ab

1932 4539 2133 4593 Adamo
2173 4554 2338 4607 usque
2374 4541 2437 4591 ad
2490 4538 2621 4601 Noe,
2664 4538 2953 4591 secundum
2997 4556 3022 4588 :t
3073 4538 3183 4591 Nate
3227 4556 3391 4606 usque
3428 4542 3493 4591 ad

1929 4609 2195 4662 Abraham
2220 4650 2232 4667 ,
2265 4610 2475 4659 tertium
2520 4608 2586 4661 ab
2617 4608 2917 4661 Ahrahamo
2946 4623 3112 4675 usque
3142 4610 3205 4659 ad
3238 4608 3492 4675 Moyseni,

1928 4688 2173 4747 quartum
2200 4694 2227 4729 a
2251 4678 2430 4747 Moyse
2452 4693 2618 4746 usque
2643 4679 2708 4731 ad
2729 4678 3017 4741 Christum,
3042 4681 3281 4743 quintum
3308 4693 3335 4729 a
3367 4681 3492 4731 Ser-

1929 4760 2111 4801 vatore
2142 4764 2306 4815 usque
2333 4748 2395 4799 ad
2425 4750 2936 4802 consummationem
2970 4766 2983 4802 :
3012 4748 3087 4801 sic
3113 4757 3163 4801 et
3190 4748 3312 4800 alibi
3345 4762 3494 4815 para-

1930 4818 2101 4872 bolam
2134 4818 2363 4871 all‘erens
2389 4818 2458 4870 ait
2514 4836 2526 4869 :
2560 4817 2740 4872 Simile
2770 4829 2842 4871 est
2872 4835 3079 4886 regnum
3127 4818 3364 4870 calorum
3401 4819 3491 4870 dc-

1927 4904 2030 4941 tcm
2076 4888 2369 4956 virginibus,
2406 4904 2518 4956 quo:
2558 4889 2781 4942 exierunt
2824 4874 3017 4941 obviam
3066 4904 3251 4956 sponso
3302 4890 3494 4954 :quiu-

1927 4974 2021 5025 que
2068 4958 2354 5024 prudentes,
2410 4971 2455 5010 et
2496 4960 2711 5027 quinque
2751 4959 2908 5024 fatum
2955 4956 3166 5024 (Matth.
3203 4958 3291 5012 25.
3332 4960 3377 5011 l.
3413 4958 3491 5026 2).

1928 5030 2033 5080 Cur
2083 5028 2351 5096 quinque,
2401 5040 2452 5081 et
2506 5030 2770 5097 quinque?
2816 5029 2869 5097 In
2920 5027 3141 5096 singulis
3193 5030 3494 5095 generatio-

1916 5098 2084 5157 ,nihus
2135 5106 2255 5151 sunt
2297 5098 2423 5164 jttsti
2475 5106 2527 5152 et
2571 5096 2770 5164 inj'usti.
2826 5096 3056 5165 Quinque
3103 5098 3370 5166 prudentes
3403 5139 3415 5158 ,
3447 5108 3494 5149 et

1927 5171 2142 5236 quinque
2208 5170 2402 5235 fatum;
2462 5168 2511 5220 in
2578 5169 2799 5236 singulis
2862 5168 3000 5220 enim
3062 5168 3493 5235 generationibus

1928 5250 2050 5289 suot
2102 5239 2319 5290 studiosi
2367 5248 2421 5290 et
2467 5238 2633 5304 pigri,
2688 5239 2758 5307 pii
2810 5247 2863 5291 et
2903 5237 3068 5304 impii.
3128 5236 3256 5292 Vide
3303 5238 3495 5303 ubique.

1932 5316 2228 5373 temporum
2288 5321 2608 5360 consensum
2656 5324 2668 5357 :
2724 5322 2843 5360 nam
2897 5307 3131 5374 quinque
3186 5307 3492 5363 Vocationcs

1932 5378 2085 5443 plane
2138 5376 2334 5428 habent
2383 5376 2589 5443 propria
2643 5380 2887 5445 negotia,
2944 5385 3003 5429 et
3044 5378 3311 5445 proprium
3361 5387 3492 5428 tum.

1934 5462 2046 5511 pus.
2096 5448 2159 5500 Et
2209 5448 2339 5497 sicut
2391 5446 2636 5513 agricola!
2680 5446 2971 5500 secundum
3023 5448 3223 5515 singula
3255 5456 3493 5515 temme

1933 5515 2131 5583 [rut-tus
2171 5516 2719 5583 proprios‘repetunt.
2775 5530 2967 5569 vernos
3016 5531 3044 5567 a
3087 5531 3233 5579 vere,
3290 5516 3492 5568 hiema-

1930 5582 2005 5636 les
2059 5586 2125 5637 ab
2173 5582 2366 5648 hieme,
2418 5588 2629 5637 :rstivos
2674 5584 2741 5636 ab
2788 5595 2987 5646 :rstatc,
3042 5586 3377 5638 aututttnales
3425 5587 3491 5637 ab

1933 5665 2180 5706 autumno
2225 5672 2239 5708 :
2294 5654 2363 5707 ita
2410 5661 2463 5708 ct
2520 5654 2657 5707 Deus
2704 5652 2902 5707 fructus
2951 5665 3213 5723 repetens,
3273 5654 3492 5724 singulis

1932 5725 2258 5791 temporibus
2283 5738 2396 5786 cos,
2426 5724 2513 5792 qui
2544 5731 2667 5793 sunt
2693 5725 2881 5793 cuique
2911 5726 3235 5793 generationi
3271 5726 3488 5791 proprii,

1929 5795 2109 5864 exigit.
2138 5794 2251 5849 Non
2277 5794 2439 5863 exigit
2463 5811 2492 5848 a
2528 5803 2579 5847 te
2612 5792 2768 5850 hodie
2796 5792 3056 5863 fructum,
3085 5810 3242 5864 quem
3280 5810 3313 5851 tt
3342 5793 3489 5864 prio-
