4086 6494
603 451 660 505 η
1340 444 1394 499 S.
1435 443 1713 501 JOANNIS
1747 443 2221 506 CImYSOSTOMi
2259 452 2572 510 ARCIIIEP.
2616 459 3150 523 CONSTANTINOP.
3796 479 3871 537 η

599 570 681 613 tes
722 557 1082 624 vocabantur,
1127 556 1343 629 quidam
1392 558 1702 617 Corinthius
1743 570 1860 616 erat
1904 560 2003 636 (α).
2049 559 2194 620 ΗτιιθΔ

595 667 754 722 porro
777 667 808 706 a
837 653 992 706 nobis
1029 667 1132 705 non
1161 651 1533 706 ostentationis
1577 667 1737 706 causa
1759 693 1775 718 ,
1806 667 1906 708 nec
1947 653 2014 708 ad
2043 670 2170 709 eru-

592 745 849 800 ditionem
880 743 1234 800 exhibendam
1284 743 1428 799 dicta
1472 753 1634 798 sunt:
1675 746 1803 815 quid
1834 747 1976 800 enim
2020 747 2171 816 juvat

593 837 708 892 haec
733 838 935 892 nosse?
965 835 1059 890 sed
1089 836 1201 890 haec
1225 834 1293 890 ad
1334 835 1574 905 epistola:
1615 846 1982 906 argumentum
2015 839 2170 895 nobis

589 931 892 986 conferunt.
925 930 1080 983 Multa
1109 938 1287 983 autem
1328 929 1380 982 in
1410 928 1510 984 hac
1537 929 1668 984 urbe
1705 944 1894 1000 passus
1922 940 2005 985 est
2033 931 2171 986 Pau-

589 1021 694 1086 lus,
722 1031 775 1077 et
800 1021 1044 1076 Christus
1075 1020 1127 1073 in
1156 1019 1240 1073 illa
1268 1034 1533 1090 apparens
1555 1020 1626 1087 ei,
1657 1019 1792 1075 dixit
1823 1039 1836 1074 :
1868 1019 1951 1074 Ne
1974 1031 2169 1087 taceas,

589 1115 676 1169 sed
702 1116 900 1184 loquere
941 1129 957 1165 :
986 1113 1106 1184 quia
1131 1111 1321 1166 multus
1343 1122 1413 1167 est
1443 1113 1566 1166 mihi
1593 1114 1811 1184 populus
1849 1114 1902 1168 in
1929 1114 2024 1166 hac
2047 1115 2169 1168 civi-

586 1216 690 1260 tate
717 1205 856 1274 (Act.
888 1204 976 1259 18.
1024 1204 1078 1258 9.
1127 1203 1235 1274 l0).
1269 1203 1336 1258 Et
1373 1205 1568 1257 mansit
1615 1203 1685 1258 ibi
1724 1203 1861 1260 duos
1886 1219 2076 1258 annos.
2107 1204 2171 1259 In

587 1299 685 1352 hac
704 1311 916 1368 quoque
935 1295 1146 1350 daemon
1167 1295 1316 1359 exiit,
1341 1309 1498 1365 quem
1521 1293 1692 1349 Judaei
1717 1293 2025 1363 adiurantes
2046 1309 2167 1364 gra-

586 1393 667 1446 via
695 1390 762 1444 ab
793 1390 887 1444 ilio
917 1388 1058 1458 passi
1087 1395 1212 1442 sunt
1237 1404 1250 1440 :
1277 1389 1328 1440 in
1360 1386 1459 1441 hac
1499 1387 1624 1441 item
1651 1387 1869 1456 quidam
1901 1389 2164 1456 poeniten-

585 1484 654 1538 tia
697 1482 840 1537 ducti
881 1481 1046 1536 libros
1089 1479 1320 1550 magicos
1361 1479 1799 1545 combusserunt;
1827 1489 1879 1533 et
1907 1479 2016 1532 visa
2041 1489 2165 1534 sunt

581 1576 961 1648 quinquaginta
993 1574 1156 1628 millia
1186 1593 1200 1628 ε
1237 1574 1290 1627 in
1335 1572 1436 1627 hoc
1481 1571 1703 1627 demum
1728 1614 1743 1638 ,
1765 1572 2009 1629 Gallione
2042 1589 2164 1643 pro-

581 1666 804 1723 consule
830 1666 881 1719 in
919 1663 1170 1719 tribunali
1201 1663 1423 1719 sedente
1442 1705 1460 1730 ,
1491 1663 1687 1718 Paulus
1713 1663 2029 1719 verberatus
2055 1673 2159 1719 est.

583 1759 785 1814 Videas
811 1772 940 1827 ergo
969 1756 1218 1811 diabolus
1257 1755 1526 1810 civitatem
1565 1770 1812 1826 magnam
1841 1765 1897 1809 et
1940 1756 2162 1825 populo-

581 1867 695 1906 sam
727 1852 1006 1906 veritatcm
1033 1848 1343 1918 accepisse;
1377 1847 1556 1913 illam,
1599 1849 1818 1917 inquam
1838 1889 1852 1914 ,
1883 1847 2083 1902 divitiis
2107 1857 2162 1902 et

579 1944 842 2016 sapientia
892 1942 1233 2004 mirabilem,
1279 1939 1608 2008 Graeciaeque
1653 1940 2014 2009 prmcipuam;
2073 1954 2161 1994 res

579 2035 720 2090 enim
772 2033 1180 2089 Atheniensium
1229 2039 1284 2086 et
1338 2029 1908 2096 Lacedaemoniorum,
1951 2029 2161 2085 sublato

570 2127 687 2196 iam
710 2127 835 2182 olim
865 2126 994 2196 ipsis
1017 2123 1260 2194 imperio,
1291 2125 1489 2179 misere
1512 2123 1761 2193 iacebant
1784 2140 1796 2175 :
1822 2123 2008 2178 videns
2032 2123 2159 2178 item

575 2219 886 2276 Corinthios
913 2218 1079 2280 alacri
1107 2219 1288 2272 animo
1311 2216 1535 2271 verbum
1561 2216 1652 2270 Dei
1683 2214 2002 2285 suscepisse;
2029 2214 2158 2285 quid

578 2311 739 2367 facit?
765 2311 1024 2370 Homines
1069 2308 1296 2364 dividit:
1327 2308 1530 2364 sciebat
1579 2309 1723 2364 enim
1773 2324 1996 2379 regnum
2037 2324 2159 2364 om-

575 2403 723 2457 nium
754 2402 1191 2473 potentissimum
1214 2402 1266 2456 in
1309 2401 1546 2469 seipsnm
1592 2399 1820 2454 divisum
1869 2409 2012 2455 stare
2051 2415 2156 2455 non

576 2511 752 2565 posse.
783 2494 1132 2551 Occasionem
1173 2505 1350 2549 autem
1386 2493 1569 2548 habuit
1613 2494 1676 2548 ad
1711 2493 1932 2548 insidias
1963 2509 2155 2563 paran-

571 2589 688 2651 das,
719 2587 1071 2643 habitantium
1100 2586 1317 2641 divitias
1339 2595 1501 2655 atque
1528 2585 1866 2654 sapientiam.
1892 2584 2026 2639 Hinc
2050 2585 2160 2640 illis

572 2684 629 2736 in
655 2680 912 2736 factiones
938 2679 1224 2734 adversum
1256 2693 1316 2733 se
1342 2689 1526 2731 mutuo
1552 2677 1736 2732 divisis
1757 2718 1770 2743 ,
1797 2692 1917 2731 eum
1941 2676 2155 2746 quidam

568 2789 755 2828 eorum
798 2788 858 2828 se
907 2781 1096 2842 su0ptc
1143 2771 1368 2825 arbitrio
1418 2770 1779 2840 delegissent,
1831 2769 2152 2824 multitudini

573 2864 920 2936 praefuerunt;
951 2874 1004 2918 et
1032 2864 1122 2916 alii
1150 2863 1364 2931 quidem
1394 2863 1476 2917 his
1495 2906 1510 2928 ,
1538 2863 1628 2917 alii
1658 2863 1759 2916 illis
1786 2877 1905 2918 sese
1931 2863 2151 2918 dedide-

575 2963 738 3020 runt,
772 2955 878 3009 illis
903 2963 961 3008 ut
996 2953 1249 3008 divitibus
1274 2994 1289 3017 ,
1339 2952 1420 3007 his
1464 2961 1522 3007 ut
1552 2954 1885 3023 sapientibus
1911 2955 2000 3024 qui
2033 2956 2151 3023 plus

573 3055 790 3116 possent
814 3046 1007 3101 docere
1037 3062 1050 3098 :
1078 3045 1192 3118 qui,
1211 3044 1476 3114 adiunctis
1501 3044 1602 3100 sibi
1630 3045 1756 3108 illis,
1784 3046 2151 3116 gloriabantur

567 3155 628 3196 se
658 3140 807 3209 plura
841 3139 1039 3203 dicere,
1080 3150 1246 3205 quam
1264 3137 1552 3206 Apostolus
1575 3155 1590 3202 ;
1616 3136 1666 3190 id
1691 3138 1832 3207 quod
1872 3137 2030 3192 etiam
2061 3139 2152 3194 ille

567 3232 908 3288 subindicans
937 3230 1184 3286 dicebat:
1216 3228 1340 3283 Non
1365 3229 1507 3299 potui
1531 3229 1667 3283 vobis
1713 3229 1848 3300 loqui
1897 3241 2151 3299 tamquam

565 3325 916 3395 spiritualibus
946 3325 965 3393 (
997 3325 1045 3378 1.
1074 3321 1192 3378 Cor.
1222 3321 1275 3378 5.
1312 3322 1336 3376 1
1373 3319 1414 3393 ).
1443 3321 1602 3376 Certe
1647 3337 1752 3376 non
1783 3339 1847 3376 ex
1878 3322 2023 3376 Pauli
2054 3337 2148 3392 pe-

567 3417 738 3481 nuria,
767 3415 861 3471 sed
891 3431 954 3470 ex
987 3415 1197 3469 illorum
1228 3413 1534 3468 infirmitate
1565 3411 1761 3467 factum
1790 3421 1872 3466 est
1895 3454 1910 3479 ,
1941 3421 2001 3467 ut
2041 3428 2146 3469 non

563 3510 728 3563 multa
787 3507 1031 3563 audirent
1075 3520 1092 3561 :
1141 3515 1196 3561 et
1242 3504 1346 3559 hoc
1393 3503 1588 3558 indicat
1631 3503 1786 3571 illud,
1830 3504 1956 3559 Sine
2007 3505 2150 3558 nobis

560 3600 734 3655 diuites
778 3599 901 3670 facti
949 3598 1067 3650 estis
1112 3595 1207 3667 (1.
1240 3595 1358 3651 Cor.
1385 3596 1440 3650 4.
1471 3595 1504 3650 8
1525 3594 1565 3666 ).
1603 3589 1734 3662 Quae
1777 3610 1863 3649 res
1893 3609 2000 3650 non
2028 3610 2149 3664 par—

563 3708 646 3758 va,
679 3690 776 3746 sed
800 3690 1038 3745 omnium
1070 3687 1523 3759 perniciosissima
1562 3696 1678 3741 erat
1699 3729 1714 3754 ,
1741 3685 1885 3756 quod
1907 3687 2145 3742 Ecclesia

559 3781 968 3838 discinderetur.
1004 3780 1082 3834 Ad
1113 3780 1228 3835 haec
1251 3789 1427 3844 autem
1451 3777 1606 3848 aliud.
1622 3779 1799 3850 scelus
1821 3777 2142 3838 admitteba-

559 3882 664 3940 tur,
694 3871 836 3943 quod
865 3871 1082 3942 quidam
1108 3912 1123 3937 ,
1152 3871 1242 3940 qui
1267 3885 1387 3924 cum
1416 3884 1646 3924 noverca
1678 3884 1774 3923 sua
1803 3870 2006 3936 coiret,
2040 3884 2140 3925 nec

560 3964 717 4020 modo
733 3979 835 4018 non
852 3963 1233 4032 corriperetur,
1251 3959 1347 4015 sed
1367 3961 1528 4016 etiam
1545 3968 1716 4016 coetus
1731 3969 1964 4031 cogeret,
1983 3969 2136 4017 etse-

556 4057 814 4128 quacibus
841 4057 953 4110 suis
982 4053 1235 4110 suaderet
1263 4062 1321 4108 ut
1362 4052 1528 4107 altum
1559 4062 1834 4123 saperent.
1864 4053 1988 4109 Ideo
2017 4054 2092 4108 ait
2118 4071 2133 4108 :

557 4150 624 4205 Et
650 4166 737 4205 vos
778 4150 948 4219 inﬂati
977 4149 1132 4214 estis,
1162 4156 1210 4201 et
1251 4162 1356 4200 non
1379 4147 1541 4218 magis
1569 4147 1768 4201 iuxistis
1800 4147 1892 4218 (1.
1924 4145 2045 4202 Cor.
2076 4148 2132 4202 5.

551 4243 632 4317 9.).
662 4243 743 4298 Ad
773 4244 890 4298 hmc
918 4251 1094 4297 autem
1125 4239 1342 4310 quidam
1363 4253 1431 4293 ex
1460 4239 1525 4293 iis
1549 4239 1639 4309 qui
1668 4239 2012 4308 perfectiores
2037 4240 2134 4294 ha-

554 4337 836 4402 bebantur,
866 4349 988 4390 cum
1016 4334 1086 4388 ob
1117 4331 1404 4402 ingluviem
1428 4345 1491 4385 ea
1526 4345 1648 4399 quae
1672 4330 1829 4385 idolis
1859 4330 2129 4384 immolata

555 4428 766 4484 inerant
783 4425 1152 4497 degustarent,
1176 4430 1232 4477 et
1262 4422 1316 4476 in
1346 4419 1559 4491 templis
1583 4421 1983 4490 accumberent,
2013 4438 2134 4478 om-

547 4521 631 4574 nia
657 4519 1094 4591 pessumdabant.
1129 4517 1233 4572 Alii
1280 4531 1495 4572 rursum
1523 4516 1648 4571 lites
1675 4525 1731 4571 et
1753 4515 2130 4571 contentiones

549 4610 808 4666 habenas
834 4623 934 4678 pro
955 4608 1200 4680 pecuniis
1219 4648 1238 4675 ,
1265 4606 1507 4664 externis
1533 4607 1886 4663 tribunalibus
1915 4607 2131 4678 negotia-

613 4871 689 4937 (a)
709 4873 968 4922 Periander
985 4867 1258 4938 Corinthius
1275 4868 1469 4938 septem
1489 4865 1586 4914 illis
1602 4863 1800 4937 Graeciae
1813 4865 2125 4938 sapientibus

549 4931 894 4999 annumeratur
917 4947 944 4981 a
965 4931 1270 4999 quibusdam.
1288 4935 1390 4999 Non
1419 4941 1514 4976 una
1532 4931 1715 4991 quippe
1752 4933 1830 4977 est
1850 4931 1902 4977 iu
1925 4938 2117 4993 septem

550 4997 843 5063 sapientium
863 4994 1154 5045 recensione
1168 4994 1430 5041 sententia.

2279 566 2376 608 sua
2416 556 2815 624 permittebant.
2861 561 3013 619 Multi
3059 579 3272 638 quoque
3310 571 3509 627 coartati
3555 576 3700 644 apud
3735 576 3868 636 ille.

2278 644 2595 739 circuibant,
2625 665 2760 719 quos
2785 652 2944 708 etiam
2989 656 3200 712 tonderi
3246 659 3420 730 jubet.
3461 664 3620 720 Aliud
3645 682 3860 739 quoque

2277 738 2529 794 delictum
2557 753 2671 796 erat
2693 760 2798 799 non
2826 762 3069 816 parvum,
3099 751 3240 821 quod
3274 754 3327 807 in
3358 757 3601 812 ecclesiis
3630 738 3864 816 seorsim

2276 831 2643 899 eomederent,
2678 851 2850 908 neque
2879 841 3064 910 egenis
3090 841 3452 913 impertirent.
3477 847 3534 902 In
3564 849 3668 906 alia
3693 853 3860 908 etiam
3956 914 3965 921 _

2276 939 2334 978 re
2356 927 2669 994 peccabant,
2701 931 2840 999 quod
2861 933 2928 988 de
2948 934 3357 994 charismatibus
3383 941 3547 996 altum
3577 957 3859 1015 saperent,

2275 1013 2502 1085 indeque
2547 1020 2685 1076 inter
2729 1023 2860 1078 illos
2895 1027 3166 1084 aemulatio
3195 1031 3429 1087 oriretur
3462 1052 3475 1088 :
3503 1013 3653 1106 quod
3676 1039 3852 1107 ipsum

2272 1123 2482 1202 quoque
2511 1112 2800 1169 Ecelesiam
2841 1117 3136 1175 scindebat.
3180 1121 3612 1181 Resurrectionis
3639 1145 3863 1202 quoque

2270 1197 2511 1291 doctrina
2539 1206 2677 1273 apud
2709 1207 2829 1263 illos
2857 1209 3191 1268 claudicabat
3218 1231 3233 1267 :
3265 1216 3480 1286 quidam
3511 1197 3672 1274 enim—
3707 1197 3852 1291 apud

2272 1289 2391 1346 illos
2422 1292 2651 1351 futuram
2682 1313 2968 1369 corporum
3009 1308 3462 1364 resurrectionem
3513 1326 3620 1365 non
3668 1289 3860 1369 admo-

2273 1382 2398 1437 dum
2437 1386 2765 1458 credebant,
2790 1390 2991 1448 Graecae
3021 1395 3195 1451 adhuc
3223 1400 3463 1457 stultitiae
3488 1403 3676 1458 morbo
3705 1405 3854 1460 labo-

2269 1483 2474 1529 rantes.
2507 1476 2633 1532 Hmc
2659 1480 2855 1552 quippe
2879 1486 3054 1540 omnia
3081 1495 3259 1542 ortum
3289 1489 3560 1547 habebant
3586 1509 3652 1547 ex
3679 1494 3849 1564 philo-

2267 1565 2470 1635 septum
2516 1577 2752 1630 externa:
2800 1569 3026 1640 Stultitia
3078 1593 3092 1630 :
3139 1586 3196 1633 et
3243 1577 3358 1634 haec
3415 1593 3534 1637 erat
3585 1585 3850 1642 malorum

2269 1665 2439 1748 mater
2466 1672 2482 1707 :
2502 1658 2626 1716 hinc
2652 1661 3105 1734 discindebantur,
3125 1670 3266 1740 quod
3282 1671 3454 1742 ipsum
3472 1689 3500 1727 a
3519 1675 3859 1748 philosophis

2265 1743 2582 1804 didicerant.
2630 1751 2766 1807 Nam
2809 1765 2864 1810 et
2909 1757 2985 1812 illi
3032 1760 3132 1814 sibi
3180 1770 3367 1816 mutuo
3391 1743 3854 1836 adversabantur,

2267 1840 2470 1910 imperii
2492 1853 2545 1897 et
2559 1859 2709 1900 vana:
2733 1847 2917 1916 gloria:
2944 1865 3105 1907 causa
3137 1853 3366 1910 aliorum
3393 1871 3609 1928 semper
3631 1870 3862 1916 senten-

2267 1934 2390 1988 tiam
2415 1935 2814 2008 impugnantes,
2843 1951 2898 1997 et
2925 1959 3062 1999 nova
3091 1947 3361 2015 prioribus
3387 1950 3591 2007 addere
3618 1952 3855 2010 studen-

2265 2034 2366 2080 tes.
2396 2025 2484 2083 Sic
2507 2043 2682 2085 autem
2710 2032 2885 2088 alfecti
2913 2045 3068 2091 erant
3095 2079 3110 2104 ,
3139 2040 3263 2108 quia
3291 2043 3587 2098 ratiociniis
3607 2060 3701 2100 sua
3733 2063 3864 2116 per-

2263 2116 2563 2174 mittebant.
2593 2121 2670 2175 llii
2701 2133 2882 2179 autem
2909 2129 3243 2196 scripserunt
3269 2131 3316 2185 ei
3343 2147 3440 2201 per
3467 2133 3849 2201 Fortunatum,

2263 2209 2586 2279 Stephanam
2634 2225 2689 2268 et
2713 2215 3003 2271 Achaicum
3036 2220 3329 2286 mittentes,
3357 2237 3583 2294 quorum
3607 2243 3773 2296 opera
3799 2242 3858 2284 et

2264 2304 2377 2374 ipse
2414 2304 2706 2375 Epistulam
2749 2308 2914 2364 misit.
2961 2310 3030 2366 Et
3067 2311 3172 2368 hoc
3201 2313 3455 2370 indicavit
3487 2318 3538 2374 in
3585 2320 3688 2378 line
3720 2320 3853 2390 Epi-

2261 2396 2411 2452 stula:
2435 2437 2452 2463 ,
2480 2413 2584 2451 non
2611 2399 2678 2453 de
2706 2401 2954 2457 omnibus
2985 2402 3206 2473 loquens
3232 2445 3245 2468 ,
3279 2407 3374 2462 sed
3405 2407 3473 2463 de
3499 2410 3768 2466 connubio
3796 2423 3853 2469 et

2261 2486 2327 2541 de
2346 2489 2661 2558 virginitate.
2682 2489 2803 2546 Ideo
2823 2492 3033 2548 dicebat
3057 2513 3070 2548 :
3097 2494 3174 2549 De
3191 2496 3368 2565 quibus
3388 2509 3554 2552 autem
3577 2503 3856 2568 scripsistis

2260 2581 2382 2634 mihi
2411 2580 2486 2654 (1.
2513 2581 2630 2636 Cor.
2663 2584 2717 2638 7.
2746 2583 2856 2656 11).
2885 2583 2982 2641 llle
3008 2603 3171 2656 porro
3218 2599 3273 2644 et
3297 2589 3365 2645 de
3394 2591 3587 2660 quibus
3614 2597 3850 2663 scripse-

2259 2683 2400 2740 runt,
2431 2683 2486 2730 et
2513 2675 2580 2730 de
2607 2677 2804 2746 quibus
2837 2694 2942 2734 non
2974 2682 3347 2750 scripserunt,
3377 2684 3657 2754 epistolam
3689 2687 3843 2749 texit,

2257 2779 2378 2820 cum
2411 2767 2590 2820 omnia
2641 2768 2854 2822 illorum
2891 2769 3018 2824 vitia
3047 2771 3374 2828 edidicisset.
3421 2775 3486 2828 Et
3521 2791 3641 2829 cum
3671 2776 3846 2832 literis

2255 2856 2592 2912 Timotheum
2609 2859 2792 2926 mittit,
2814 2875 3011 2930 gnarus
3032 2862 3135 2915 vim
3160 2878 3402 2934 magnam
3422 2865 3691 2919 habituras
3717 2867 3841 2920 lite-

2256 2965 2341 3003 ras
2359 2965 2512 3016 esse,
2539 2967 2639 3005 nec
2661 2967 2876 3022 parvam
2903 2955 3270 3010 accessionem
3293 2955 3570 3011 allaturam
3593 2957 3837 3027 discipuli

2255 3043 2616 3110 praesentiam.
2656 3043 2788 3110 Quia
2815 3058 2946 3099 vero
2984 3045 3044 3112 ii,
3077 3047 3167 3116 qui
3196 3047 3496 3102 Ecclesiam
3523 3049 3844 3119 diviserant,

2254 3142 2500 3188 verentes
2530 3148 2597 3190 ne
2627 3134 2943 3190 ambitionis
2971 3151 3132 3192 causa
3178 3135 3230 3196 id
3274 3138 3466 3194 fecisse
3494 3139 3804 3194 viderentur
3825 3184 3842 3206 ,

2256 3227 2511 3294 pronositi
2537 3227 2617 3280 sui
2641 3227 2891 3282 obtentus
2917 3231 3377 3300 excogitaverunt,
3407 3233 3547 3302 quod
3579 3233 3841 3289 nimirum

2256 3315 2569 3384 perfectiora
2599 3316 2855 3372 docerent
2879 3329 2933 3373 et
2957 3321 3312 3388 sapientiores
3334 3323 3452 3377 aliis
3477 3333 3683 3388 essent;
3706 3339 3844 3378 con-

2255 3417 2332 3460 tra
2375 3407 2516 3461 hunc
2545 3408 2791 3462 morbum
2837 3409 3010 3478 primo
3049 3411 3276 3481 insurgit
3320 3411 3554 3478 Paulus,
3596 3414 3841 3471 radicem

2252 3500 2518 3554 malorum
2546 3500 2876 3569 deprimens,
2903 3518 3112 3559 necnon
3139 3503 3538 3560 dissensionem
3563 3507 3686 3561 inde
3715 3508 3845 3563 sub-

2250 3602 2466 3647 ortam:
2496 3593 2769 3662 multaque
2817 3594 3066 3664 loquendi
3117 3596 3308 3651 fiducia
3357 3599 3543 3652 utitur.
3593 3599 3657 3654 l-li
3689 3601 3840 3655 enim

2248 3685 2480 3739 maxime
2502 3685 2742 3738 omnium
2771 3685 3018 3756 discipuli
3055 3689 3138 3742 sui
3165 3699 3354 3750 erant;
3399 3690 3599 3746 idcirco
3629 3693 3702 3746 ait
3733 3711 3746 3747 :
3771 3692 3842 3749 Si

2246 3778 2363 3838 aliis
2386 3794 2490 3832 non
2508 3794 2619 3832 sum
2635 3778 2914 3846 apostolus,
2939 3779 3082 3836 vobis
3101 3791 3235 3838 certe
3261 3798 3376 3840 sum
3399 3798 3418 3835 :
3443 3799 3530 3836 vos
3557 3785 3690 3837 enim
3713 3787 3848 3841 estis-

2245 3868 2564 3941 signaculum
2594 3869 2908 3938 apostolatus
2939 3875 3035 3927 mei
3059 3874 3136 3941 (1.
3163 3871 3282 3927 Cor.
3311 3873 3364 3929 9.
3382 3873 3440 3945 ‘2)
3477 3893 3490 3929 :
3519 3885 3570 3930 et
3600 3876 3717 3930 aliis
3743 3876 3836 3931 in-

2245 3963 2507 4017 ﬁrmiores
2537 3971 2725 4026 erant;
2770 3963 2890 4019 ideo
2930 3966 3060 4020 dicit
3089 3983 3100 4018 :
3133 3965 3256 4020 Non
3285 3969 3417 4021 enim
3459 3979 3514 4022 ut
3542 3971 3839 4038 spirituali-

2243 4060 2333 4114 bus
2373 4061 2607 4130 loquutus
2653 4077 2768 4115 sum
2794 4060 3060 4114 :nondum
3103 4059 3237 4113 enim
3279 4063 3548 4129 poteratis,
3597 4068 3685 4116 sed
3732 4080 3850 4118 ηεσ-

2240 4168 2374 4204 nunc
2401 4153 2602 4220 potestis
2635 4155 2652 4222 (
2677 4153 2728 4206 1.
2760 4149 2882 4206 Cor.
2913 4152 2966 4206 5.
2993 4149 3074 4221 2).
3108 4150 3219 4205 Hoc
3243 4161 3423 4206 autem
3450 4151 3599 4218 dicit,
3629 4168 3696 4207 ne
3727 4169 3839 4223 pu-

2241 4253 2414 4298 tarent
2439 4259 2561 4298 eum
2591 4244 2662 4300 ita
2686 4243 2830 4314 loqui
2858 4242 2926 4298 de
2950 4253 3192 4312 tempore
3232 4246 3524 4313 praeterito.
3554 4244 3840 4304 Caeterum-

2236 4335 2530 4390 verisimile
2542 4345 2626 4391 est
2650 4350 2754 4389 non
2785 4344 3066 4405 corruptos
3093 4351 3280 4389 omnes
3306 4334 3473 4391 fuisse
3497 4379 3512 4402 ,
3539 4337 3632 4392 sed
3656 4355 3834 4409 quos-

2234 4426 2358 4482 dam
2403 4427 2540 4482 inter
2586 4427 2706 4482 illos
2736 4426 2900 4482 fuisse
2935 4427 3228 4482 admodum
3254 4438 3488 4483 sanctos.
3518 4429 3587 4484 Et
3635 4433 3735 4486 hoc
3766 4434 3830 4490 in

2234 4518 2410 4574 medio
2436 4518 2689 4590 Epistolte
2719 4518 3039 4589 signiﬁcavit
3081 4518 3268 4574 dicens
3297 4537 3311 4574 :
3339 4519 3470 4574 Mihi
3514 4532 3682 4576 autem
3728 4543 3842 4594 pro

2231 4609 2439 4664 minimo
2465 4619 2538 4665 est
2561 4619 2673 4663 uta
2696 4609 2833 4664 uobis
2849 4609 3074 4680 judicer;
3101 4619 3155 4665 et
3174 4609 3434 4679 adjiciens
3463 4627 3476 4664 :
3505 4611 3630 4666 Haec
3649 4625 3826 4671 autem

2231 4702 2589 4772 transﬁguravi
2609 4702 2663 4754 in
2689 4717 2766 4754 me
2791 4710 2838 4755 et
2857 4700 3042 4773 Apollo
3070 4701 3145 4774 (1.
3163 4700 3281 4756 Cor.
3311 4702 3363 4755 5.
3384 4702 3463 4771 6).
3494 4702 3628 4770 Quia
3657 4706 3821 4777 igitur

2229 4808 2292 4846 ex
2319 4793 2620 4862 arrogantia
2647 4793 2826 4848 omnia
2867 4778 3220 4863 gignebantur
3247 4792 3384 4846 mala
3407 4835 3422 4858 ,
3453 4802 3507 4848 et
3532 4796 3672 4864 quod
3703 4799 3824 4852 exi-

2228 4883 2507 4938 stimarent
2535 4899 2594 4939 se
2625 4883 2750 4952 quid
2777 4883 3005 4952 amplius
3029 4884 3194 4950 scire,
3229 4883 3370 4940 hunc
3410 4886 3654 4943 morbum
3689 4899 3822 4944 ante

2227 4975 2368 5031 alios
2388 4975 2543 5040 tollit,
2566 4983 2622 5030 et
2641 4974 2903 5044 incipiens
2929 4975 3061 5031 dicit
3085 4991 3101 5029 :

567 5229 3808 5256 Ὦ

1974 5311 2322 5406 summa
2364 5347 2418 5408 ι.

533 5505 660 5572 Cn.
692 5507 747 5562 1.
774 5523 824 5562 v.
875 5509 927 5561 1.
976 5507 1171 5562 Paulus
1212 5521 1417 5568 vocatus
1459 5516 1719 5582 apostolos
1755 5515 1944 5572 Christi
1986 5517 2114 5578 Iesu

599 5615 690 5671 per
715 5601 1018 5654 voluntatem
1045 5599 1139 5654 Dei
1159 5643 1174 5666 ,
1198 5611 1242 5654 et
1270 5602 1542 5658 Sosthenes
1573 5608 1753 5677 frater,
1784 5609 1839 5662 2.
1865 5609 2106 5665 Ecclesia:

593 5691 694 5748 Dei
711 5731 732 5758 ,
755 5709 866 5762 qua:
888 5704 957 5750 est
984 5692 1214 5755 Corinthi
1231 5737 1247 5759 ,
1280 5699 1440 5752 sancti
1444 5698 1610 5766 [icatis
1633 5701 1686 5756 in
1711 5699 1914 5761 Christo
1938 5702 2066 5762 Jesu
2085 5747 2100 5771 ,

596 5786 782 5850 uocatis
805 5787 990 5838 sumtis
1014 5802 1129 5840 cum
1157 5788 1389 5844 omnibus
1410 5790 1753 5852 invocantibus
1780 5809 1962 5848 nomen
1993 5793 2104 5847 Do-

594 5875 716 5926 mini
741 5875 899 5930 nostri
941 5875 1063 5931 Iesu
1095 5875 1282 5932 Christi
1320 5881 1375 5933 in
1409 5883 1548 5935 omni
1573 5881 1683 5935 loco
1709 5895 1752 5935 et
1781 5885 2008 5954 ipsorum
2049 5899 2096 5942 et

2291 5535 2466 5580 nostro
2493 5543 2512 5580 :
2541 5528 2594 5582 5'.
2627 5531 2796 5598 gratia
2818 5533 2959 5586 vobis
2978 5545 3031 5587 et
3053 5552 3158 5604 pas
3184 5553 3217 5592 α
3245 5537 3354 5601 Deo
3370 5540 3732 5618 Monstro
3755 5554 3806 5600 et

2289 5615 2509 5670 Domino
2534 5619 2565 5671 J
2573 5636 2658 5672 esu
2685 5619 2906 5677 Christo.

2284 5707 2335 5760 1.
2372 5707 2508 5766 Vide
2552 5712 2822 5778 quomodo
2863 5716 3046 5772 statim
3077 5734 3112 5775 ει
3138 5721 3402 5792 principio
3435 5737 3803 5796 arrogantium

2211 5797 2404 5867 deiecit
2424 5842 2438 5864 ,
2466 5810 2520 5856 et
2548 5801 2692 5856 humi
2722 5807 2910 5861 stravit
2931 5822 3148 5866 omnem
3195 5814 3408 5870 illorum
3436 5819 3795 5878 existimatio-

2207 5905 2362 5954 nem,
2395 5903 2638 5947 vocatum
2672 5909 2730 5951 se
2755 5893 2959 5954 dicens.
2993 5899 3176 5973 Neque
3198 5907 3342 5961 enim
3374 5909 3576 5975 inveni,
3600 5913 3795 5984 inquit,
