4086 6416
526 383 596 440 13
1235 379 1295 436 S.
1335 374 1627 436 JOANNIS
1654 369 2155 434 CHRYSOSTOHI
2190 370 2511 431 ARCHIEP.
2550 375 3110 434 LONSTANTINUP.
3698 389 3774 441 η

518 498 655 560 Θεὸς
683 495 841 551 τοῦτο
865 496 1097 568 ἠθέλησε
1122 496 1185 551 τὸ
1213 495 1387 559 οὕτως
1412 494 1558 565 ὑμᾶς
1610 492 1869 562 σωθῆναι.
1924 488 2092 544 Οὐδὲν

516 582 627 654 7&9
670 584 824 653 ἡμεῖς
846 579 1315 654 κατωρθώσαμεν,
1361 578 1498 632 ἀλλά
1526 576 1615 631 διά
1645 576 1741 629 τοῦ
1782 574 2092 645 θελήματος

514 666 609 720 τοῦ
638 664 772 718 Θεοῦ
821 664 920 735 τὴν
965 662 1239 735 σωτηρίαν
1279 661 1355 733 [4]
1392 660 1705 732 εὐράμεθα·
1758 658 1852 712 καὶ
1900 654 2087 735 ἐπειδὴ

514 748 667 819 αὐτῷ
696 734 895 813 ἔδοξεν,
925 746 1255 817 ὲκλήθημεν,
1304 745 1405 798 οὐκ
1434 743 1621 814 ἐπειδὴ
1648 742 1790 807 ἄξιοι
1820 734 2013 812 mm:

586 832 758 886 Πάλιν
801 830 1102 902 μετριάζει,
1140 828 1450 882 συντάττων
1490 826 1668 896 ἐαυτῷ
1702 826 1792 880 τὸν
1835 825 2092 880 ἐλάττονα

514 916 694 986 πολλῷ
709 928 736 956 ι
753 932 769 946 ·
794 914 889 968 καὶ
909 912 1018 982 7&9
1037 912 1168 965 πολὺ
1188 911 1250 963 τὸ
1275 910 1436 981 μέσον
1452 907 1518 981 ἧν
1540 909 1752 963 Παύλου
1773 911 1866 964 καὶ
1884 906 2095 962 Σωσθέ-

515 1016 660 1063 νους.
687 1000 749 1052 Εἰ
793 997 872 1057 δὲ,
902 996 1028 1051 ἔνθα
1064 995 1325 1049 τοσοῦτον
1362 991 1431 1065 ἦν
1470 994 1532 1047 τὸ
1572 994 1767 1065 μέσον,
1805 991 2095 1056 συνέταξεν

513 1080 692 1151 ἐαυτῷ
725 1081 814 1134 τὸν
837 1077 1284 1147 καταδεέστερον,
1308 1076 1360 1128 τί
1391 1077 1457 1129 ἂν
1486 1076 1658 1148 ἔχοιεν
1689 1077 1865 1129 εἰπεῖν
1893 1078 2093 1129 ἐκεῖνοι

512 1168 560 1219 οἱ
586 1166 714 1228 τοὺς
741 1161 1036 1234 ὁμοτίμους
1076 1158 1482 1231 ὑπερορῶντες;
1524 1160 1603 1229 Τῇ
1639 1160 1960 1227 Ἐκκλησίᾳ
1985 1158 2093 1213 τοῦ

512 1246 684 1304 Θεοῦ.
698 1247 773 1300 Οὐ
792 1243 947 1298 τοῦδε
972 1244 1068 1297 καὶ
1087 1242 1262 1305 τοῦδε,
1277 1243 1413 1297 ἀλλά
1432 1244 1537 1298 τοῦ
1560 1243 1728 1297 Θεοῦ.
1750 1241 1832 1311 Τῇ
1851 1243 2008 1308 οὔσῃ
2024 1242 2094 1294 ἐν

511 1330 797 1397 Κορίνθῳ.
832 1328 994 1398 Ὁρᾷς
1027 1326 1144 1389 πῶς
1179 1325 1304 1379 καθ’
1335 1328 1573 1396 ἑκάστην
1613 1326 1758 1390 λέξιν
1797 1323 2095 1377 κατέϐαλεν

510 1413 697 1468 αὐτῶν
733 1410 797 1465 τὸ
840 1411 1091 1482 φύσημα,
1123 1410 1220 1481 τὴν
1255 1411 1495 1464 διάνοιαν
1526 1410 1722 1475 ἐθίζων
1750 1409 1839 1463 διά
1875 1409 2095 1462 πάντων

509 1495 650 1567 πρὸς
693 1494 790 1547 τὸν
823 1494 1093 1564 οὐρανόν;
1146 1493 1475 1565 Ἐκκλησίαν
1511 1493 1566 1547 δὲ
1599 1493 1735 1547 Θεοῦ
1783 1491 1959 1558 καλεῖ,
1985 1491 2095 1544 δει-

510 1580 642 1643 κνὺς
693 1579 778 1632 ὅτι
832 1577 1074 1648 ἡνῶσθαι
1128 1577 1297 1647 αὐτὴν
1344 1580 1471 1648 χρή.
1505 1578 1567 1630 Εἰ
1616 1576 1723 1647 γὰρ
1748 1575 1883 1630 Θεοῦ
1916 1577 2086 1641 ἐστιν,

511 1661 738 1733 ἥνωται.
774 1661 869 1714 καὶ
904 1660 1002 1731 μία
1031 1660 1197 1723 ἐστὶν,
1230 1661 1331 1713 οὐκ
1355 1663 1412 1712 ἐν
1460 1660 1707 1730 Κορίνθῳ
1743 1661 1922 1729 μόνον,
1955 1657 2096 1710 ἀλλά

510 1747 607 1800 καὶ
647 1748 705 1799 ἐν
735 1746 884 1818 πάσῃ
925 1749 990 1817 τῇ
1045 1746 1360 1816 οἰκουμένῃ.
1394 1746 1468 1798 Τὸ
1498 1744 1607 1815 γάρ
1633 1745 1735 1817 τῆς
1765 1741 2091 1813 Ἐκκλησίας

510 1828 684 1899 ὄνομα
720 1826 781 1880 οὐ
808 1827 1113 1898 χωρισμοῦ,
1141 1827 1279 1880 ἀλλὰ
1309 1827 1558 1892 ἐνώσεώς
1585 1828 1704 1879 ἐστι
1732 1826 1827 1879 καὶ
1856 1843 2093 1895 συμφω-

510 1911 630 1973 νίας
653 1910 846 1981 ὄνομα.
873 1908 1282 1979 Ἠγιασμένοις
1306 1910 1379 1963 ἐν
1404 1909 1643 1976 Χριστῷ
1677 1908 1893 1976 Ἰησοῦ.
1918 1908 2090 1962 Πάλιν

508 1995 605 2050 τοῦ
645 1994 820 2065 Ἰησοῦ
851 1994 911 2047 τὸ
938 1995 1126 2064 δνομα,
1158 1992 1395 2063 οὐδαμοῦ
1440 1992 1744 2063 ἀνθρώπων
1776 1993 1981 2061 τίθησι.
2024 1992 2093 2045 Τί

506 2081 566 2135 δέ
596 2080 745 2133 ἐστιν
798 2079 827 2131 6
874 2077 1175 2148 ἀγιασμόςς
1230 2079 1304 2131 Τὸ
1349 2076 1594 2149 λουτρὸν,
1645 2079 1675 2129 6
1722 2075 2087 2149 καθαρισμός.

520 2164 957 2232 Ἀναμιμνήσκει
983 2162 1091 2235 γάρ
1121 2164 1321 2227 αὐτοὺς
1347 2163 1448 2232 τῆς
1474 2163 1682 2226 οἰκείας
1723 2161 2088 2233 ἀκαθαρσίας,

509 2240 575 2318 ἧς
611 2243 913 2316 ἀπήλλαξε,
954 2245 1049 2297 καὶ
1088 2244 1268 2297 πείθει
1304 2246 1479 2317 μικρά
1505 2249 1725 2315 φρονεῖν
1747 2263 1760 2278 ·
1808 2247 1869 2298 οὐ
1898 2244 2008 2315 7&9
2030 2247 2090 2297 ἐν

508 2330 622 2392 τοῖς
668 2327 890 2401 οἰκείοις
924 2328 1368 2399 κατορθώμασιν,
1429 2329 1546 2383 ἀλλ’
1585 2330 1645 2383 ἐν
1684 2332 1750 2401 τῇ
1806 2328 1901 2383 τοῦ
1951 2329 2086 2382 Θεοῦ

507 2400 890 2483 φιλανθρωπίᾳ
922 2412 1285 2482 ἡγιάσθησαν.
1318 2412 1576 2481 Κλητοῖς
1601 2414 1811 2483 ἁγίοις.
1844 2414 1953 2465 Καὶ
1979 2413 2088 2483 γὰρ

506 2495 664 2550 τοῦτο
701 2494 835 2548 αὐτὸ
861 2495 923 2548 τὸ
949 2496 1132 2548 πίστει
1180 2496 1441 2565 σωθῆναι,
1475 2498 1662 2565 φησὶν,
1685 2497 1784 2549 οὐκ
1810 2497 1868 2563 ἐξ
1895 2496 2049 2565 ὑμῶν
2069 2512 2085 2527 ⁸

507 2579 568 2632 οὐ
619 2578 729 2649 7&9
766 2578 1105 2649 προσήλθετε
1154 2578 1382 2649 πρῶτοι,
1423 2578 1539 2632 ἀλλ’
1589 2579 1879 2650 ἐκλήθητε.
1923 2580 2087 2632 Ὥστε

506 2662 629 2716 οὐδὲ
666 2661 727 2714 τὸ
765 2660 961 2732 μικρὸν
998 2660 1179 2728 τοῦτο,
1216 2662 1480 2732 ὑμέτερον
1512 2663 1650 2716 ὅλον.
1692 2663 1879 2715 Καίτοι
1912 2665 1960 2715 εἰ
1992 2663 2088 2714 καὶ

506 2742 865 2815 προσήλθετε,
919 2744 1129 2813 μυρίων
1170 2744 1323 2807 ὄντες
1380 2745 1671 2800 ὑπεύθυνοι
1722 2745 1933 2812 κακῶν,
1966 2745 2087 2797 οὐδὲ

507 2826 681 2890 οὕτως
708 2828 837 2895 ὑμῖν
869 2827 1050 2898 χάρις,
1079 2827 1217 2881 ἀλλά
1250 2827 1327 2897 τῷ
1360 2827 1499 2899 Θεῷ.

578 2912 679 2965 Διά
722 2910 885 2964 τοῦτο
932 2912 1029 2965 καὶ
1079 2912 1351 2979 Ἐφεσίοις
1402 2913 1628 2985 γράφων
1678 2912 1854 2982 ἔλεγε·
1884 2913 2089 2982 Χάριτί

507 2992 649 3048 ἐστε
677 2993 1058 3063 σεσωσμένοι
1093 2993 1192 3050 διὰ
1229 2997 1510 3061 πίστεως,
1547 2995 1647 3049 καὶ
1676 2997 1853 3050 τοῦτο
1886 2999 1998 3049 οὐκ
2019 2997 2087 3060 ἐξ

506 3075 693 3147 ὑμῶν.
720 3075 855 3129 Οὐδὲ
882 3078 915 3145 ἡ
946 3077 1130 3139 πίστις
1155 3078 1310 3147 ὑμῶν
1338 3078 1632 3150 ὁλόκληρος
1652 3094 1665 3109 °
1698 3081 1758 3131 οὐ
1796 3079 1906 3149 7&9
1930 3080 2089 3148 ὑμεῖς

506 3159 867 3215 ἐπιστεύσατε
897 3160 1284 3232 προλαϐόντες,
1334 3161 1471 3215 ἀλλά
1520 3160 1811 3232 κληθέντες
1840 3162 2089 3233 ὑπηκού-

509 3260 660 3299 σατε.
686 3245 812 3298 Σὺν
834 3241 982 3297 πᾶσι
1013 3243 1131 3310 τοῖς
1159 3244 1655 3313 ἐπικαλουμένοις
1683 3244 1749 3298 τὸ
1774 3244 1962 3313 ὄνομα
1983 3244 2089 3298 τοῦ

506 3327 731 3394 Κυρίου
774 3324 946 3395 ἡμῶν
988 3325 1192 3393 Ἰησοῦ
1237 3326 1519 3394 Χριστοῦ.
1551 3327 1627 3380 Οὐ
1659 3326 1756 3380 τοῦ
1791 3327 1961 3390 δεῖνος
1995 3329 2090 3380 καὶ

506 3409 607 3462 τοῦ
639 3409 833 3472 δεῖνος,
867 3408 1004 3463 ἀλλά
1041 3409 1112 3464 Τὸ
1151 3409 1340 3479 ὄνομα
1367 3409 1472 3464 τοῦ
1501 3409 1748 3477 Κυρίου.
1778 3410 1881 3463 Ἐν
1908 3410 2093 3463 παντί

507 3492 673 3557 τόπῳ
702 3491 905 3546 αὐτῶν
934 3509 999 3546 τε
1026 3493 1123 3546 καί
1155 3491 1345 3561 ἡμῶν.
1382 3494 1446 3546 Εἰ
1480 3492 1589 3564 7&9
1618 3492 1710 3546 καὶ
1736 3494 1872 3564 πρὸς
1900 3495 2092 3564 Κοριν-

509 3575 661 3640 θίους
705 3574 774 3630 τὰ
815 3576 1124 3647 γράμματά
1169 3578 1285 3629 ἐστι
1332 3577 1695 3647 γεγραμμένα
1744 3578 1926 3648 μόνον,
1953 3577 2089 3631 ἀλλὰ

508 3658 608 3712 καὶ
652 3659 870 3713 πάντων
896 3658 1004 3712 τῶν
1042 3660 1101 3711 ἐν
1138 3658 1289 3731 πάσῃ
1322 3662 1389 3730 τῇ
1425 3662 1496 3731 γῇ
1535 3659 1811 3731 μέμνηται
1858 3660 2093 3723 πιστῶν,

507 3741 720 3805 δεικνὺς
754 3742 838 3795 ὅτι
872 3743 971 3814 τὴν
1011 3743 1104 3796 ἐπὶ
1135 3743 1238 3813 τῆς
1270 3743 1592 3814 οἰκουμένης
1650 3745 1781 3815 μίαν
1814 3745 1898 3799 δεῖ
1946 3740 2089 3800 εἶναι

521 3822 876 3895 Ἐκκλησίαν,
933 3824 1112 3878 καίτοι
1165 3825 1354 3889 τόποις
1400 3826 1615 3890 πολλοῖς
1647 3827 2086 3899 κεχωρισμένην,

508 3908 609 3962 καὶ
655 3907 837 3980 πολλῷ
885 3908 1084 3979 μᾶλλον
1137 3908 1237 3980 τὴν
1283 3911 1342 3963 ἐν
1377 3910 1650 3981 Κορίνθῳ.
1687 3911 1750 3964 Εί
1788 3910 1844 3963 δὲ
1873 3914 1902 3965 ὀ
1924 3912 2089 3975 τόπος

510 3988 756 4061 χωρίζει.
791 3990 906 4044 ἀλλ’
934 3992 964 4044 6
1016 3991 1221 4064 Κύριος
1259 3992 1455 4055 αὐτοὺς
1483 3995 1747 4047 συνάπτει
1772 3996 1951 4059 κοινὸς
1981 3994 2087 4049 ὤν’

509 4073 593 4126 διὸ
624 4075 721 4127 καὶ
749 4071 886 4128 ἑνῶν
912 4076 1110 4138 αὐτοὺς
1142 4076 1392 4146 ἐπήγαγε
1418 4075 1501 4136 τὸ.
1540 4075 1726 4144 Ἠμῶν
1753 4094 1818 4131 τε
1852 4078 1953 4132 καί
1982 4080 2097 4132 αὺ-

508 4154 649 4212 τῶν.
686 4156 829 4211 Πολὺ
865 4158 921 4211 δὲ
951 4158 1111 4212 τοῦτο
1143 4159 1351 4212 ἐκείνου
1382 4158 1951 4232 κυριώτερον.”Ωσπερ
1981 4162 2095 4231 7&9

509 4238 564 4292 οῖ
588 4240 647 4293 ἐν
673 4240 754 4293 ἐνὶ
789 4240 940 4311 τόπῳ
968 4240 1141 4306 ὅντες,
1176 4241 1304 4294 ὅταν
1336 4240 1567 4304 πολλοὺς
1591 4240 1787 4310 ἔχωσιν
1815 4244 2090 4305 ἐναντίους

508 4320 797 4388 δεσπότας,
834 4323 1219 4394 διεσπασμένοι
1251 4324 1378 4386 εἰσί,
1414 4325 1511 4376 καὶ
1555 4324 1705 4377 οὐδὲν
1741 4326 1849 4379 ἀπὸ
1877 4325 1970 4379 τοῦ
2003 4327 2090 4378 τό-

511 4422 616 4459 που
641 4408 722 4469 εἰς
750 4406 1004 4476 ὁμόνοιαν
1035 4406 1396 4475 ὠφελοῦνται,
1423 4406 1655 4477 διάφορα
1682 4408 1791 4461 τῶν
1814 4408 2092 4463 δεσποτῶν

510 4486 929 4552 ἐπιταττόντων,
950 4489 1045 4541 καὶ
1077 4488 1212 4559 πρὸς
1247 4489 1476 4550 ἑαυτοὺς
1509 4488 1774 4542 ἑλκόντων
1818 4488 1939 4561 (Οὐ
1984 4491 2093 4545 δύ-

508 4573 700 4624 νασθε
730 4569 861 4639 γὰρ,
909 4570 1064 4641 φησὶ,
1114 4569 1236 4635 Θεῷ
1262 4569 1577 4624 δουλεύειν
1608 4571 1705 4624 καὶ
1733 4571 2051 4644 μαμμωνᾷ)
2071 4591 2088 4605 ο

510 4649 685 4714 οὕτως
732 4652 782 4704 οῖ
828 4653 888 4704 ἐν
926 4652 1204 4723 διαφόροις
1241 4653 1428 4716 τόποις
1461 4653 1632 4716 ὄντες,
1665 4655 1760 4707 ἐὰν
1802 4654 1876 4725 μὴ
1905 4655 2093 4725 διαφό-

515 4749 645 4805 ρους
674 4734 838 4804 έχωσι
872 4735 1116 4807 κυρίους,
1144 4736 1260 4788 ἀλλ’
1293 4736 1392 4789 ἕνα
1438 4736 1619 4807 μόνον,
1661 4737 1814 4790 οὐδὲν
1846 4738 1955 4792 ἀπὸ
1982 4739 2091 4792 τῶν

510 4817 694 4889 τόπων
722 4819 802 4881 εἰς
818 4818 1073 4888 ὁμόνοιαν
1102 4819 1605 4890 παραϐλάπτονται,
1632 4819 1726 4873 τοῦ
1761 4822 1966 4893 Κυρίου
1996 4822 2090 4875 τοῦ

510 4901 630 4965 ἐνὸς
658 4901 1021 4966 συνάπτοντος
1057 4902 1272 4967 αὐτούς.
1295 4904 1370 4956 Οὐ
1392 4903 1540 4972 λέγω
1569 4903 1770 4968 τοίνυν,
1795 4906 1983 4976 φησὶν,
2008 4908 2092 4960 ὅτι

509 4986 649 5057 πρὸς
708 4985 1030 5057 Κορινθίους
1062 4987 1340 5058 Κορίνθιοι
1371 4987 1524 5051 ὄντες
1557 4989 1800 5058 ὁμονοεῖν
1847 4989 2089 5058 ὀφείλετε

513 5069 697 5141 μόνον,
729 5068 868 5122 ἀλλὰ
898 5071 992 5123 καὶ
1026 5070 1164 5140 πρὸς
1209 5071 1418 5133 πάντας
1446 5071 1574 5134 τοὺς
1611 5071 1673 5124 ἐν
1695 5075 1760 5143 τῇ
1795 5073 2088 5143 οἰκουμένῃ

509 5151 686 5223 πάσῃ,
717 5151 897 5205 κοινὸν
956 5151 1170 5222 ἔχοντες
1214 5153 1509 5223 Δεσπότην.
1559 5153 1661 5206 Διά
1708 5154 1866 5207 τοῦτο
1905 5157 2001 5209 καὶ
2026 5159 2090 5207 ὲκ

507 5234 764 5306 δευτέρου
815 5235 1127 5307 προσέθηκε
1162 5235 1245 5301 τὸ,
1268 5234 1482 5305 Ἦμῶν.
1523 5235 1744 5309 Ἐπειδὴ
1784 5239 1893 5310 γὰρ
1943 5236 2086 5303 εἷπε,

513 5317 589 5373 Τὸ
620 5316 809 5386 ὄνομα
836 5318 942 5372 τοῦ
976 5318 1193 5388 Κυρίου
1233 5318 1403 5388 ἡμῶν
1433 5321 1637 5387 Ἰησοῦ
1667 5322 1945 5390 Χριστοῦ,
2002 5323 2088 5377 ἵνα

513 5399 589 5471 μὴ
609 5398 737 5471 δόξῃ
769 5399 1025 5471 χωρίζειν
1061 5402 1214 5471 παρά
1234 5404 1346 5464 τοῖς
1376 5403 1644 5472 ἀνοήτοις,
1681 5406 1875 5474 ἐπάγει
1902 5406 2084 5471 πάλιν,

508 5484 732 5551 Κυρίου
761 5481 932 5552 ἡμῶν
954 5500 1018 5537 τε
1042 5484 1141 5537 καὶ
1164 5485 1382 5540 αὐτῶν.
1414 5486 1521 5538 Καὶ
1548 5486 1634 5539 ἵνα
1757 5489 2088 5560 σαφέστερον

508 5564 538 5618 ὃ
573 5565 718 5634 λέγω
747 5567 999 5637 γένηται,
1031 5565 1418 5638 ἀναγνώσομαι
1451 5568 1592 5623 κατά
1614 5571 1679 5638 τὸ
1705 5571 1882 5641 νόημα
1910 5571 2051 5626 οὕτω
2070 5591 2084 5604 ·

508 5646 719 5712 Παῦλος
744 5648 838 5701 καὶ
864 5647 1148 5718 Σωσθένης
1179 5652 1248 5722 τῇ
1282 5650 1577 5723 Ἐκκλησία
1604 5651 1698 5705 τοῦ
1733 5653 1868 5706 Θεοῦ
1895 5656 1966 5726 τῇ
1999 5655 2085 5707 ob.

511 5746 579 5801 σῃ
636 5731 694 5784 ἐν
744 5731 1016 5804 Κορίνθῳ,
1074 5733 1172 5787 καὶ
1205 5736 1341 5787 πᾶσι
1377 5737 1492 5798 τοῖς
1535 5735 1989 5807 ἐπικαλουμένοις
2026 5739 2088 5793 τὸ

508 5814 682 5885 δνομα
704 5814 798 5868 τοῦ
820 5816 1026 5885 Κυρίου
1053 5815 1213 5887 ἡμῶν
1232 5834 1290 5871 τε
1318 5819 1412 5873 καὶ
1438 5819 1617 5874 αὐτῶν
1647 5821 1703 5874 ἐν
1731 5823 1895 5876 παντὶ
1916 5822 2085 5894 τόπῳ,

474 6006 479 6010 ’
572 5991 891 6060 ‘Legcbatur
921 5996 1155 6049 Ἀπολλᾶν.

2196 487 2303 542 κᾶν
2357 492 2417 546 ἐν
2458 490 2667 565 Ῥώμῃ,
2724 494 2831 548 κάν
2874 494 3007 547 ὅπου
3294 492 3364 548 ἂν
3408 484 3550 549 ὧσιο
3592 496 3776 568 Χάρις

2194 572 2342 641 ὖμῖν
2372 574 2470 628 καί
2495 576 2702 644 εἰρήνη
2740 576 2860 632 ἀπὸ
2895 577 3044 632 Θεοῦ
3072 567 3305 647 Πατρός
3328 577 3500 647 ἡμῶν
3521 580 3621 635 καὶ
3647 567 3771 639 Κυέ

2188 658 2328 723 ρίου
2362 658 2557 725 ἰησοῦ
2580 661 2859 729 Χριστοῦ.
2889 663 2960 715 Ἢ
2983 660 3126 715 οὕτω
3158 661 3343 726 πάλιν,
3378 661 3407 715 6
3438 663 3532 716 καὶ
3569 664 3779 735 μᾶλλον

2193 739 2435 811 ἠγοῦμαι
2464 740 2825 813 ἀληθέστερον
2864 739 3039 799 εἶναι’
3080 745 3291 809 Παῦλος
3338 745 3431 799 καὶ
3484 746 3778 820 Σωσθένης

2192 826 2307 886 τοῖς
2360 827 2417 878 ἐν
2459 827 2710 901 Κορίνθῳ
2759 829 3133 901 ἡγιασμένοις,
3181 828 3400 895 κλητοῖς
3445 829 3622 898 ἁγίοις
3667 834 3771 885 σὺν

2195 910 2328 962 πᾶσι
2350 912 2463 975 τοῖς
2488 912 2934 983 ἐπικαλουμένοις
2962 911 3022 965 τὸ
3054 912 3223 982 όνομα
3248 912 3341 966 τοῦ
3376 913 3580 985 Κυρίου
3611 915 3772 986 ἡμῶν

2207 991 2384 1063 Ἰησοῦ
2413 995 2650 1065 Χριστοῦ
2683 996 2743 1048 ἐν
2786 996 2948 1049 παντί
2976 996 3127 1065 τόπῳ
3163 994 3346 1048 αὐτῶν
3377 1013 3437 1049 τε
3461 998 3552 1050 καὶ
3584 998 3765 1068 ἡμῶν.

2195 1076 2479 1145 Τουτέστι,
2511 1079 2687 1150 Χάρις
2725 1080 2855 1151 ὑμῖν
2901 1080 2995 1133 καὶ
3040 1080 3229 1151 εἰρήνη
3258 1080 3387 1150 ὑμῖν
3429 1083 3542 1144 τοῖς
3570 1083 3631 1133 ἐν
3655 1083 3772 1136 Κο-

2195 1159 2359 1233 ρίνθῳ
2390 1163 2764 1235 ἡγιασμένοις,
2800 1165 2895 1219 καὶ
2934 1164 3155 1234 κλητοῖς
3186 1163 3501 1235 γενομένοις
3520 1181 3537 1196 ·
3566 1166 3629 1219 οὐ
3664 1166 3771 1237 μό-

2193 1259 2325 1309 νοις,
2375 1244 2513 1299 ἀλλά
2562 1246 2700 1316 μετά
2726 1247 2945 1302 πάντων
2975 1248 3085 1301 τῶν
3119 1248 3178 1300 ἐν
3198 1248 3362 1300 παντὶ
3384 1247 3536 1319 τόπῳ
3567 1249 3774 1302 ἐπικα-

2191 1324 2283 1377 λου
2292 1326 2470 1395 μένων
2487 1328 2549 1381 τὸ
2572 1329 2742 1398 δνομα
2764 1328 2860 1382 τοῦ
2891 1330 3100 1401 Κυρίου
3131 1329 3291 1400 ἡμῶν
3327 1330 3503 1401 Ἰησοῦ
3524 1329 3775 1401 Χριστοῦ

2192 1409 2287 1461 καὶ
2335 1409 2537 1465 αὐτῶν.
2592 1410 2656 1466 Εἰ
2700 1412 2757 1466 δὲ
2801 1412 2911 1467 ἀπὸ
2939 1413 3157 1484 χάριτος
3192 1414 3226 1483 ἡ
3279 1414 3496 1484 εἰρήνη,
3522 1413 3577 1465 τί
3622 1414 3773 1483 μέγα

2192 1497 2430 1564 φρονεῖς,
2468 1498 2522 1550 τί
2554 1496 2695 1567 μέγα
2728 1498 2926 1568 φυσᾷς,
2959 1498 3143 1567 χάριτι
3178 1497 3371 1560 σωθείς
3399 1513 3414 1562 ;
3449 1499 3497 1549 εἰ
3526 1497 3582 1550 δὲ
3611 1500 3772 1570 εἰρή-

2192 1593 2294 1647 νην
2318 1577 2462 1647 ἔχεις
2499 1579 2638 1649 πρὸς
2668 1580 2759 1633 τὸν
2785 1578 2937 1643 Θεὸν,
2972 1580 3026 1632 τί
3054 1580 3264 1651 ἑτέροις
3294 1579 3522 1632 σεαυτὸν
3546 1583 3777 1651 προσνέ-

2194 1676 2318 1729 μεις
2340 1660 2387 1725 ι›;
2404 1662 2563 1715 τοῦτο
2585 1662 2695 1734 γάρ
2724 1662 3127 1726 διαστασιάζειν
3143 1664 3281 1717 ἐστί.
3305 1663 3369 1716 Τί
3398 1663 3527 1733 γὰρ,
3553 1666 3600 1716 εἰ
3628 1663 3781 1735 πρὸς

2192 1742 2339 1796 τόνδε
2375 1746 2684 1816 εἰρηνεύετε
2716 1749 2809 1800 καὶ
2863 1750 3001 1819 πρὸς
3041 1747 3212 1812 τόνδε,
3264 1747 3355 1801 καὶ
3391 1746 3552 1816 χάριν
3575 1746 3767 1815 έχετες

2205 1826 2345 1893 Ἐγὼ
2376 1828 2433 1880 δὲ
2465 1829 2573 1882 ἀπὸ
2620 1829 2715 1883 τοῦ
2766 1830 2900 1883 Θεοῦ
2948 1829 3084 1883 αἰτῶ
3116 1830 3289 1883 ταῦτα
3320 1831 3447 1900 ὑμίν
3477 1829 3773 1899 ἀμφότερα.

2190 1910 2465 1979 γενέσθαι,
2497 1914 2590 1967 καὶ
2616 1914 2711 1967 ἀπ’
2761 1916 2925 1967 αὐτοῦ
2957 1915 3048 1968 καὶ
3083 1914 3219 1986 πρὸς
3259 1915 3440 1968 αὐτόν.
3481 1913 3621 1967 Οὔτε
3653 1912 3770 1984 γάρ

2193 1992 2386 2063 βεϐαία
2414 1996 2564 2065 μένει
2602 2009 2648 2058 ο,
2680 1997 2745 2051 ἂν
2777 1998 2850 2069 μὴ
2880 1998 2981 2068 τῆς
3012 1998 3217 2052 ἀνωθεν
3244 1997 3529 2070 ἀπολαύσῃ
3567 1998 3779 2068 ροπῆςο

2190 2074 2338 2136 οὔτε,
2385 2078 2482 2131 ἐάν
2529 2080 2602 2149 μὴ
2656 2080 2793 2150 πρὸς
2823 2082 2987 2134 αὐτὸν
3033 2079 3090 2154 ᾖ,
3139 2080 3294 2134 ἔσται
3332 2098 3384 2133 τι
3414 2080 3580 2133 πλέον
3609 2082 3764 2150 ὑμῖν.

2191 2160 2358 2213 Οὐδὲν
2382 2161 2491 2233 7&9
2517 2162 2707 2231 ὄφελος
2740 2165 2891 2234 ἡμῖν,
2924 2163 3028 2216 κᾶν
3051 2163 3185 2235 πρὸς
3210 2164 3420 2227 πάντας
3448 2158 3601 2235 ὦμεν
3622 2165 3773 2235 εἰρη-

2191 2244 2348 2307 νικοί,
2398 2246 2537 2315 πρὸς
2571 2247 2629 2299 δέ
2677 2246 2767 2299 τὸν
2803 2248 2935 2301 Θεὸν
2981 2246 3531 2317 ἐκπεπολεμωμένοι·
3572 2245 3767 2312 ῶσπερ

2189 2326 2341 2380 οὐδὲν
2373 2326 2567 2398 βλάϐος
2599 2331 2751 2401 ἡμῖν,
2799 2331 2904 2384 κᾶν
2935 2334 3087 2402 παρά
3120 2332 3340 2384 πάντων
3369 2330 3767 2400 πολεμῶμεθα,

2189 2411 2268 2480 τῷ
2302 2412 2359 2464 δὲ
2396 2412 2515 2483 Θεῷ
2552 2414 2956 2485 είρηνεύωμενο
2992 2418 3085 2470 καὶ
3136 2415 3298 2469 πάλιν
3347 2415 3500 2467 οὐδὲν
3544 2414 3763 2482 ὄφελος,

2190 2496 2294 2548 κᾶν
2334 2497 2483 2565 παρά
2531 2499 2698 2550 πᾶσιν
2726 2497 3125 2568 εὐδοκιμῶμεν,
3156 2498 3233 2569 τῷ
3262 2498 3320 2551 δὲ
3368 2496 3558 2567 Κυρίῳ
3592 2513 3771 2567 προσ-

2188 2578 2474 2650 κρούωμεν
2491 2597 2503 2609 ·
2537 2579 2726 2652 ὥσπερ
2752 2582 2927 2645 οὐδεὶς
2960 2582 3228 2645 κίνδυνος,
3257 2580 3359 2635 κᾶν
3385 2583 3588 2643 πάντες
3610 2581 3759 2651 ἡμᾶς

2187 2663 2638 2734 ἀποστρέφωνται
2681 2665 2775 2718 καὶ
2829 2665 3082 2734 μισῶσιν.
3114 2668 3142 2720 6
3173 2666 3228 2719 δὲ
3267 2665 3400 2728 Θεὸς
3427 2664 3762 2735 ἀποδέχηται

2188 2747 2282 2800 καὶ
2338 2748 2485 2819 φιλῇ.
2530 2749 2593 2801 Ἠ
2645 2750 2757 2818 7&9
2793 2749 2963 2813 ὅντως
3019 2751 3200 2822 χάρις,
3235 2753 3268 2821 ἠ
3322 2750 3491 2813 ὅντως
3542 2749 3754 2820 εἰρήνη,

2188 2832 2340 2901 παρὰ
2361 2831 2456 2885 τοῦ
2487 2831 2644 2886 Θεοῦ.
2680 2835 2737 2887 Ὀ
2765 2834 2871 2903 μὲν
2888 2834 2998 2902 7&9
3023 2834 3131 2904 τὴν
3148 2834 3298 2906 παρά
3335 2832 3412 2905 τῷ
3439 2833 3560 2903 Θεῷ
3596 2833 3756 2902 χάριν

2187 2912 2347 2983 έχων,
2397 2915 2587 2969 οὐδένα
2640 2916 2865 2981 δέδοικε,
2900 2917 3003 2970 κᾶν
3041 2917 3212 2987 μυρία
3243 2918 3426 2987 πάσχῃ
3474 2916 3623 2969 δεινά
3645 2934 3657 2947 ο
3693 2916 3760 2969 οὐ

2188 2998 2332 3067 λέγω
2362 2998 2671 3069 ἄνθρωπον,
2712 2999 2827 3054 ἀλλ’
2855 3001 2976 3054 οὐδέ
3003 3001 3165 3053 αὐτὸν
3194 3001 3287 3055 τὸν
3310 3001 3557 3055 διάϐολον
3579 3015 3590 3030 ·
3648 3002 3677 3053 6
3705 3000 3763 3052 δὲ

2188 3081 2364 3151 τούτῳ
2417 3083 2898 3153 προσκεκρουκὼς,
2952 3085 3162 3147 πάντας
3201 3083 3521 3147 ὑποπτεύει,
3570 3082 3673 3136 κᾶν
3703 3084 3762 3134 ὲν

2189 3163 2459 3234 ἀσφαλείᾳ
2491 3159 2631 3219 εἶναι
2684 3166 2836 3237 δοκῇ.
2872 3167 3139 3220 Ἀστατον
3175 3167 3283 3238 7&9
3310 3167 3373 3221 τὸ
3413 3167 3521 3220 τῶν
3545 3167 3761 3235 άνθρώυ

2190 3265 2308 3301 πων
2334 3246 2510 3316 γένος,
2541 3248 2637 3301 καὶ⁵
2662 3249 2723 3301 οὐ
2754 3249 2895 3318 φίλοι
2927 3250 3088 3320 μόνον
3118 3250 3212 3303 καὶ
3244 3249 3482 3319 ἀδελφοὶ,
3514 3249 3629 3303 ἀλλ’
3659 3250 3762 3320 ήδη

2190 3332 2284 3384 καὶ
2319 3331 2554 3402 πατέρες
2593 3332 3076 3401 μεταϐαλλόμενοι,
3129 3332 3390 3397 πολλάκις
3417 3333 3527 3388 ἀπὸ
3558 3335 3765 3402 πικρᾶς

2191 3413 2371 3477 αἰτίας
2395 3414 2605 3478 τοῦτον,
2635 3416 2696 3469 ὃν
2743 3416 3062 3485 ἐγέννησαν,
3101 3415 3161 3470 6v
3186 3416 3512 3485 ἐφύτευσαν,
3541 3406 3771 3471 πάντων

2191 3497 2469 3569 πολεμίων
2500 3499 2699 3570 μᾶλλον
2731 3498 2936 3570 ἠλασαν
2958 3515 2971 3527 ·
3005 3500 3101 3554 καὶ
3130 3501 3319 3565 παῖδες
3374 3501 3622 3573 πατέρας
3673 3499 3765 3567 ἐξ-

2192 3581 2405 3637 έϐαλον.
2441 3581 2643 3635 Σκόπει
2674 3582 2756 3637 δέ.

2263 3666 2329 3737 β’.
2362 3661 2489 3737 Εῐχε
2520 3668 2678 3737 χάριν
2703 3668 2733 3720 6
2763 3666 2928 3721 Δαυῖδ
2952 3667 3103 3741 παρά
3120 3668 3198 3740 τῷ
3219 3667 3336 3739 Θεῷ
3360 3685 3375 3700 ο
3411 3664 3525 3740 εἷχε
3556 3668 3717 3742 χάριν
3736 3671 3773 3723 6

2204 3748 2525 3820 ’Δϐεσαλὼμ
2568 3750 2719 3823 παρὰ
2765 3754 2879 3817 τοῖς
2923 3752 3265 3823 ἀνθρώποις·
3312 3747 3423 3805 οἷον
3470 3749 3564 3806 οὖν
3610 3753 3767 3816 τέλος

2191 3831 2450 3905 ἑκάτερος
2495 3833 2643 3905 ἔσχε,
2698 3834 2794 3888 καὶ
2840 3835 2926 3899 τίς
2969 3835 3306 3907 ηὐδοκίμησε
3364 3835 3586 3906 μᾶλλον,
3624 3837 3763 3891 ῖστε.

2191 3911 2319 3987 Εῐχε
2359 3916 2520 3988 χάριν
2569 3920 2599 3972 6
2647 3917 2897 3991 Ἀϐραάμ
2928 3919 3078 3991 παρά
3131 3920 3209 3989 τῷ
3253 3918 3395 3990 Θεῷ,
3427 3922 3455 3973 6
3481 3920 3540 3973 δὲ
3564 3920 3777 3991 Φαραὼ·

2192 3999 2346 4072 παρὰ
2369 4003 2483 4064 τοῖς
2510 4000 2857 4070 ἀνθρώποις·
2912 4000 3262 4073 χαριζόμενοι
3312 4007 3423 4074 γάρ
3463 4003 3632 4073 αὐτῷ,
3663 4003 3764 4071 τὴν

2190 4085 2426 4152 γυναῖκα
2452 4083 2547 4137 τοῦ
2574 4083 2789 4138 δικαίου
2825 4084 3171 4155 προῦδωκαν.
3198 4087 3296 4149 Τίς
3325 4082 3418 4139 οὖν
3450 4085 3761 4155 λαμπρότεο

2193 4184 2289 4237 ρος
2315 4167 2507 4236 γέγονε
2528 4168 2622 4221 καὶ
2670 4168 2957 4239 μακάριος,
3007 4170 3172 4223 παντί
3223 4187 3326 4222 που
3365 4164 3544 4239 δῆλον.
3571 4169 3681 4221 Καὶ
3705 4169 3762 4221 τί

2192 4250 2336 4319 λέγω
2368 4251 2501 4322 περὶ
2521 4250 2779 4319 δικαίων;
2811 4248 2972 4322 Εἶχον
2990 4254 3153 4324 χάριν
3170 4255 3220 4306 οἰ
3255 4252 3582 4323 Ἰσραηλῖται
3609 4251 3769 4321 παρὰ.

2192 4335 2270 4405 τῷ
2307 4334 2447 4406 Θεῷ,
2479 4335 2767 4406 ἐμισοῦντο
2797 4336 2856 4389 δέ
2904 4336 3058 4407 παρά
3096 4337 3401 4411 ἀνθρώπων
3440 4338 3549 4390 τῶν
3590 4339 3762 4404 Αἰγυ-

2193 4419 2394 4473 πτίων
2428 4418 2545 4473 ἀλλ’
2578 4420 2731 4491 ὅμως
2752 4420 2863 4475 τῶν
2908 4422 3212 4491 μισούντων
3239 4424 3634 4495 περιεγένοντο,
3664 4420 3763 4474 καὶ

2192 4502 2527 4575 ἐκράτησαν,
2584 4502 2705 4573 μεθ’
2753 4503 2887 4572 ὅσης
2930 4504 3169 4570 ἅπαντες
3215 4505 3328 4559 τστε
3378 4505 3762 4579 περιφανείας.
3874 4497 3880 4503 ’

2193 4585 2363 4639 Τοῦτο
2411 4586 2591 4639 τοίνυν
2621 4586 3015 4658 σπουδάζωμεν
3063 4586 3336 4653 ἅπαντεςο
3382 4589 3482 4642 κᾶν
3511 4589 3695 4651 δοῦλος

2191 4686 2294 4732 τις,
2326 4668 2486 4722 τοῦτο
2512 4669 2775 4741 εὐχέσθω,
2806 4671 2913 4743 πρὸ
2944 4670 3040 4724 τοῦ
3079 4672 3340 4725 δεσπότου
3367 4672 3518 4742 παρὰ
3542 4671 3620 4742 τῷ
3646 4672 3761 4742 Θεῷ

2192 4753 2359 4824 χάριν
2381 4754 2563 4824 εὑρεῖν
2587 4766 2600 4779 ⁸
2655 4752 2737 4825 [ϋ]
2785 4753 2889 4806 κᾶν
2931 4758 3066 4825 γυνή
3095 4772 3181 4818 τις
3222 4751 3279 4827 ᾗ,
3308 4753 3415 4824 πρὸ
3446 4755 3541 4808 τοῦ
3573 4754 3767 4825 ἀνδρὸς

2192 4835 2346 4907 παρά
2377 4836 2473 4890 τοῦ
2509 4835 2764 4907 Σωτῆρος
2787 4836 2922 4889 Θεοῦ
2949 4837 3180 4907 ζητείτω
3215 4839 3373 4909 χάριν
3398 4855 3412 4868 ο
3461 4839 3565 4892 κᾶν
3600 4855 3761 4907 στρα-

2191 4920 2394 4991 τιώτης
2530 4920 2637 4992 πρὸ
2669 4919 2763 4973 τοῦ
2803 4920 3065 4990 βασιλέως
3095 4922 3187 4976 καὶ
3228 4923 3333 4994 πρὸ
3359 4921 3454 4975 τοῦ
3503 4922 3767 4993 ἄρχοντος

2189 5007 2290 5077 τὴν
2331 5004 2536 5058 ἄνωθεν
2584 5003 2794 5057 εὔνοιαν
2835 5004 3095 5076 ζητείτω·
3148 5006 3289 5060 οὕτω
3338 5010 3446 5078 7&9
3493 5008 3587 5060 καί
3612 5007 3760 5080 παρὰ

2192 5087 2497 5158 ἀνθρώποις
2527 5087 2829 5159 ἐπέραστος
2858 5087 2977 5161 ἔσῃ.
3028 5088 3151 5152 Πῶς
3189 5089 3232 5141 δ’
3267 5088 3331 5141 ἄν
3370 5108 3452 5153 τις
3482 5089 3631 5160 εὖροι
3664 5091 3759 5159 χά-

2192 5188 2278 5238 ριν
2313 5169 2465 5241 παρά
2487 5170 2565 5241 τῷ
2590 5170 2737 5241 Θεῷ;
2772 5169 2897 5235 Πῶς
2920 5171 2978 5223 δέ
3000 5172 3222 5240 ἑτέρως,
3247 5173 3297 5225 εἰ
3334 5172 3409 5243 μὴ
3443 5174 3552 5226 ἀπὸ
3578 5190 3758 5225 ταπειο

2191 5253 2565 5324 νοφροσύνης;
2625 5254 2686 5307 Ὀ
2742 5254 2888 5321 Θεὸς
2932 5256 3069 5323 γὰρ,
3120 5255 3309 5325 φησὶν,
3353 5255 3761 5322 ὑπερηφάνοις

2189 5335 2635 5401 ἀντιτάσσεται,
2678 5337 2980 5401 ταπεινοῖς
3020 5335 3087 5389 δὲ
3124 5336 3334 5390 δίδωσι
3391 5337 3589 5407 χάριν·
3643 5337 3760 5402 καὶ,

2193 5419 2386 5474 Θυσία
2406 5419 2487 5485 τῷ
2510 5418 2632 5485 Θεῷ
2653 5419 2891 5490 πνεῦμα
2918 5420 3445 5491 συντετριμμένον.
3478 5423 3576 5476 καὶ
3605 5439 3759 5476 reta-

2189 5503 2562 5573 πεινωμένην
2592 5504 2842 5572 καρδίαν
2863 5506 2895 5556 ό
2925 5505 3068 5571 Θεὸς
3094 5507 3206 5559 οὐκ
3246 5504 3663 5569 ἐξουδενώσει.
3699 5506 3760 5557 Εἰ

2189 5587 2297 5656 γάρ
2336 5584 2485 5656 παρά
2533 5585 2840 5656 ἀνθρώποις
2890 5585 3030 5640 οὕτω
3081 5587 3328 5642 ποθεινὸν
3377 5589 3440 5642 τὸ
3483 5588 3763 5652 ταπεινὸν,

2190 5667 2370 5738 πολλῷ
2400 5667 2599 5737 μᾶλλον
2622 5668 2774 5739 παρὰ
2799 5668 2937 5739 Θεῷ.
2974 5669 3132 5724 Οῦτω
3160 5673 3256 5725 καὶ
3285 5674 3335 5724 οἰ
3360 5670 3421 5737 ἐξ
3451 5671 3621 5724 ἐθνῶν
3669 5671 3758 5741 χάο

2193 5772 2278 5824 ριν
2312 5749 2495 5821 εὖρον,
2526 5751 2670 5806 οὕτω
2696 5753 2790 5806 καὶ
2825 5755 2872 5806 οἱ
2909 5755 3150 5809 Ἰουδαῖοι
3195 5756 3293 5827 τῆς
3328 5757 3550 5827 χάριτος
3576 5756 3752 5822 ἐξέπει

2192 5852 2302 5889 σονσ
2345 5834 2427 5903 Τῇ
2464 5836 2583 5904 γὰρ¹
2605 5837 2958 5905 δικαιοσύνη
2996 5838 3100 5892 τοῦ
3136 5840 3285 5893 Θεοῦ
3322 5841 3435 5907 οὐχ
3464 5839 3754 5908 ὑπετάγη-

2241 5944 2278 6017 ’5
2306 5943 2586 6006 Legvbalur
2626 5944 2926 6006 προσνέμοις.

2195 6022 2337 6065 pavet.

3033 5948 3053 5974 θ
3077 5943 3291 5995 Savilius
3339 5945 3607 6008 legendum
3631 5953 3748 6008 puta
