  <div class='ocr_page' id='page_1' title='image "/cluster/home/n/w/nwhite01/storage/ocr_20150623/61:no.10/coo.31924054869619/020.png"; bbox 0 0 4086 6438; ppageno 0'>
   <div class='ocr_carea' id='block_1_1' title="bbox 328 376 571 432">
    <p class='ocr_par' dir='ltr' id='par_1_1' title="bbox 328 376 571 432">
     <span class='ocr_line' id='line_1_1' title="bbox 328 376 571 432; baseline 0.004 -6"><span class='ocrx_word' id='word_1_1' title='bbox 328 376 392 432; x_wconf 72' lang='grc'><strong>13</strong></span> <span class='ocrx_word' id='word_1_2' title='bbox 550 401 571 427; x_wconf 69' lang='grc' dir='ltr'><strong>ς</strong></span> 
     </span>
    </p>
   </div>
   <div class='ocr_carea' id='block_1_2' title="bbox 332 503 1903 584">
    <p class='ocr_par' dir='ltr' id='par_1_2' title="bbox 332 503 1903 584">
     <span class='ocr_line' id='line_1_2' title="bbox 332 503 1903 584; baseline -0.006 -18"><span class='ocrx_word' id='word_1_3' title='bbox 332 512 386 567; x_wconf 89' lang='lat' dir='ltr'><strong>id</strong></span> <span class='ocrx_word' id='word_1_4' title='bbox 404 509 545 584; x_wconf 82' lang='lat' dir='ltr'><strong>quod</strong></span> <span class='ocrx_word' id='word_1_5' title='bbox 572 508 733 567; x_wconf 80' lang='lat' dir='ltr'><strong>didici</strong></span> <span class='ocrx_word' id='word_1_6' title='bbox 752 549 770 575; x_wconf 93' lang='lat'><strong>,</strong></span> <span class='ocrx_word' id='word_1_7' title='bbox 798 522 980 580; x_wconf 87' lang='lat' dir='ltr'><strong>neque</strong></span> <span class='ocrx_word' id='word_1_8' title='bbox 999 523 1070 565; x_wconf 79' lang='lat' dir='ltr'><strong>ex</strong></span> <span class='ocrx_word' id='word_1_9' title='bbox 1100 521 1218 563; x_wconf 88' lang='lat' dir='ltr'><strong>mea</strong></span> <span class='ocrx_word' id='word_1_10' title='bbox 1246 505 1504 577; x_wconf 75' lang='lat' dir='ltr'><strong>sapientia</strong></span> <span class='ocrx_word' id='word_1_11' title='bbox 1533 503 1861 576; x_wconf 80' lang='lat' dir='ltr'><strong>apprehendi</strong></span> <span class='ocrx_word' id='word_1_12' title='bbox 1888 546 1903 570; x_wconf 91' lang='lat'><strong>,</strong></span> 
     </span>
    </p>
   </div>
   <div class='ocr_carea' id='block_1_3' title="bbox 326 598 1912 673">
    <p class='ocr_par' dir='ltr' id='par_1_3' title="bbox 326 598 1912 673">
     <span class='ocr_line' id='line_1_3' title="bbox 326 598 1912 673; baseline -0.008 -11"><span class='ocrx_word' id='word_1_13' title='bbox 326 606 426 662; x_wconf 85' lang='lat' dir='ltr'><strong>sed</strong></span> <span class='ocrx_word' id='word_1_14' title='bbox 438 619 560 660; x_wconf 88' lang='lat' dir='ltr'><strong>cum</strong></span> <span class='ocrx_word' id='word_1_15' title='bbox 584 601 885 660; x_wconf 84' lang='lat' dir='ltr'><strong>Eeclesiam</strong></span> <span class='ocrx_word' id='word_1_16' title='bbox 908 614 1269 673; x_wconf 81' lang='lat' dir='ltr'><strong>persequerer</strong></span> <span class='ocrx_word' id='word_1_17' title='bbox 1291 609 1348 656; x_wconf 93' lang='lat' dir='ltr'><strong>et</strong></span> <span class='ocrx_word' id='word_1_18' title='bbox 1369 598 1727 664; x_wconf 88' lang='lat' dir='ltr'><strong>devastarem,</strong></span> <span class='ocrx_word' id='word_1_19' title='bbox 1750 611 1912 651; x_wconf 87' lang='lat' dir='ltr'><strong>voca-</strong></span> 
     </span>
    </p>
   </div>
   <div class='ocr_carea' id='block_1_4' title="bbox 327 687 1906 756">
    <p class='ocr_par' dir='ltr' id='par_1_4' title="bbox 327 687 1906 756">
     <span class='ocr_line' id='line_1_4' title="bbox 327 687 1906 756; baseline -0.006 -4"><span class='ocrx_word' id='word_1_20' title='bbox 327 707 416 751; x_wconf 81' lang='lat' dir='ltr'><strong>tus</strong></span> <span class='ocrx_word' id='word_1_21' title='bbox 433 711 577 752; x_wconf 77' lang='lat' dir='ltr'><strong>sum.</strong></span> <span class='ocrx_word' id='word_1_22' title='bbox 601 695 702 751; x_wconf 76' lang='lat' dir='ltr'><strong>llic</strong></span> <span class='ocrx_word' id='word_1_23' title='bbox 726 704 907 751; x_wconf 89' lang='lat' dir='ltr'><strong>autem</strong></span> <span class='ocrx_word' id='word_1_24' title='bbox 929 701 1102 750; x_wconf 89' lang='lat' dir='ltr'><strong>totum</strong></span> <span class='ocrx_word' id='word_1_25' title='bbox 1132 692 1374 749; x_wconf 89' lang='lat' dir='ltr'><strong>vocantis</strong></span> <span class='ocrx_word' id='word_1_26' title='bbox 1394 700 1498 756; x_wconf 88' lang='lat' dir='ltr'><strong>est,</strong></span> <span class='ocrx_word' id='word_1_27' title='bbox 1528 689 1705 745; x_wconf 84' lang='lat' dir='ltr'><strong>vocali</strong></span> <span class='ocrx_word' id='word_1_28' title='bbox 1731 687 1865 743; x_wconf 87' lang='lat' dir='ltr'><strong>nihil</strong></span> <span class='ocrx_word' id='word_1_29' title='bbox 1890 727 1906 753; x_wconf 88' lang='lat'><strong>,</strong></span> 
     </span>
    </p>
   </div>
   <div class='ocr_carea' id='block_1_5' title="bbox 327 781 1911 860">
    <p class='ocr_par' dir='ltr' id='par_1_5' title="bbox 327 781 1911 860">
     <span class='ocr_line' id='line_1_5' title="bbox 327 781 1911 860; baseline -0.008 -13"><span class='ocrx_word' id='word_1_30' title='bbox 327 805 387 847; x_wconf 89' lang='lat' dir='ltr'><strong>ut</strong></span> <span class='ocrx_word' id='word_1_31' title='bbox 402 790 481 849; x_wconf 85' lang='lat' dir='ltr'><strong>ita</strong></span> <span class='ocrx_word' id='word_1_32' title='bbox 504 789 701 859; x_wconf 83' lang='lat' dir='ltr'><strong>dicam,</strong></span> <span class='ocrx_word' id='word_1_33' title='bbox 729 788 833 845; x_wconf 85' lang='lat' dir='ltr'><strong>nisi</strong></span> <span class='ocrx_word' id='word_1_34' title='bbox 856 787 1001 860; x_wconf 86' lang='lat' dir='ltr'><strong>quod</strong></span> <span class='ocrx_word' id='word_1_35' title='bbox 1020 786 1259 843; x_wconf 88' lang='lat' dir='ltr'><strong>obediat.</strong></span> <span class='ocrx_word' id='word_1_36' title='bbox 1282 782 1471 840; x_wconf 84' lang='lat' dir='ltr'><strong>Christi</strong></span> <span class='ocrx_word' id='word_1_37' title='bbox 1490 781 1633 838; x_wconf 79' lang='lat' dir='ltr'><strong>Iesu.</strong></span> <span class='ocrx_word' id='word_1_38' title='bbox 1656 781 1911 852; x_wconf 84' lang='lat' dir='ltr'><strong>Magister</strong></span> 
     </span>
    </p>
   </div>
   <div class='ocr_carea' id='block_1_6' title="bbox 324 870 1905 941">
    <p class='ocr_par' dir='ltr' id='par_1_6' title="bbox 324 870 1905 941">
     <span class='ocr_line' id='line_1_6' title="bbox 324 870 1905 941; baseline -0.009 -3"><span class='ocrx_word' id='word_1_39' title='bbox 324 891 505 941; x_wconf 83' lang='lat' dir='ltr'><strong>vester</strong></span> <span class='ocrx_word' id='word_1_40' title='bbox 528 880 779 938; x_wconf 76' lang='lat' dir='ltr'><strong>Christus</strong></span> <span class='ocrx_word' id='word_1_41' title='bbox 803 890 887 936; x_wconf 90' lang='lat' dir='ltr'><strong>est</strong></span> <span class='ocrx_word' id='word_1_42' title='bbox 914 897 930 933; x_wconf 85' lang='lat'><strong>:</strong></span> <span class='ocrx_word' id='word_1_43' title='bbox 960 888 1017 934; x_wconf 88' lang='lat' dir='ltr'><strong>et</strong></span> <span class='ocrx_word' id='word_1_44' title='bbox 1052 892 1148 932; x_wconf 92' lang='lat' dir='ltr'><strong>vos</strong></span> <span class='ocrx_word' id='word_1_45' title='bbox 1191 874 1481 932; x_wconf 83' lang='lat' dir='ltr'><strong>inscribitis</strong></span> <span class='ocrx_word' id='word_1_46' title='bbox 1523 872 1782 928; x_wconf 88' lang='lat' dir='ltr'><strong>homines</strong></span> <span class='ocrx_word' id='word_1_47' title='bbox 1805 870 1905 925; x_wconf 92' lang='lat' dir='ltr'><strong>do-</strong></span> 
     </span>
    </p>
   </div>
   <div class='ocr_carea' id='block_1_7' title="bbox 323 962 1908 1048">
    <p class='ocr_par' dir='ltr' id='par_1_7' title="bbox 323 962 1908 1048">
     <span class='ocr_line' id='line_1_7' title="bbox 323 962 1908 1048; baseline -0.011 -14"><span class='ocrx_word' id='word_1_48' title='bbox 323 986 516 1033; x_wconf 78' lang='lat' dir='ltr'><strong>ctrina:</strong></span> <span class='ocrx_word' id='word_1_49' title='bbox 536 972 849 1048; x_wconf 65' lang='lat' dir='ltr'><strong>prefectos?</strong></span> <span class='ocrx_word' id='word_1_50' title='bbox 870 970 977 1026; x_wconf 82' lang='lat' dir='ltr'><strong>Per</strong></span> <span class='ocrx_word' id='word_1_51' title='bbox 993 972 1298 1026; x_wconf 70' lang='lat' dir='ltr'><strong>voluntatem</strong></span> <span class='ocrx_word' id='word_1_52' title='bbox 1314 966 1430 1023; x_wconf 90' lang='lat' dir='ltr'><strong>Dei.</strong></span> <span class='ocrx_word' id='word_1_53' title='bbox 1465 967 1607 1021; x_wconf 86' lang='lat' dir='ltr'><strong>Deus</strong></span> <span class='ocrx_word' id='word_1_54' title='bbox 1632 963 1775 1020; x_wconf 91' lang='lat' dir='ltr'><strong>enim</strong></span> <span class='ocrx_word' id='word_1_55' title='bbox 1804 962 1908 1017; x_wconf 78' lang='lat' dir='ltr'><strong>huc</strong></span> 
     </span>
    </p>
   </div>
   <div class='ocr_carea' id='block_1_8' title="bbox 320 1055 1906 1125">
    <p class='ocr_par' dir='ltr' id='par_1_8' title="bbox 320 1055 1906 1125">
     <span class='ocr_line' id='line_1_8' title="bbox 320 1055 1906 1125; baseline -0.011 0"><span class='ocrx_word' id='word_1_56' title='bbox 320 1068 495 1124; x_wconf 87' lang='lat' dir='ltr'><strong>voluit</strong></span> <span class='ocrx_word' id='word_1_57' title='bbox 521 1075 689 1123; x_wconf 75' lang='lat' dir='ltr'><strong>utros</strong></span> <span class='ocrx_word' id='word_1_58' title='bbox 711 1065 792 1121; x_wconf 89' lang='lat' dir='ltr'><strong>sic</strong></span> <span class='ocrx_word' id='word_1_59' title='bbox 807 1061 1170 1120; x_wconf 66' lang='lat' dir='ltr'><strong>salviessetis.</strong></span> <span class='ocrx_word' id='word_1_60' title='bbox 1186 1059 1295 1116; x_wconf 84' lang='lat' dir='ltr'><strong>Nos</strong></span> <span class='ocrx_word' id='word_1_61' title='bbox 1319 1059 1465 1115; x_wconf 89' lang='lat' dir='ltr'><strong>enim</strong></span> <span class='ocrx_word' id='word_1_62' title='bbox 1497 1055 1627 1112; x_wconf 81' lang='lat' dir='ltr'><strong>nihil</strong></span> <span class='ocrx_word' id='word_1_63' title='bbox 1648 1055 1906 1125; x_wconf 66' lang='lat' dir='ltr'><strong>praeclare</strong></span> 
     </span>
    </p>
   </div>
   <div class='ocr_carea' id='block_1_9' title="bbox 322 1148 1935 1234">
    <p class='ocr_par' dir='ltr' id='par_1_9' title="bbox 322 1148 1935 1234">
     <span class='ocr_line' id='line_1_9' title="bbox 322 1148 1935 1234; baseline -0.012 -16"><span class='ocrx_word' id='word_1_64' title='bbox 322 1162 558 1234; x_wconf 77' lang='lat' dir='ltr'><strong>egimus,</strong></span> <span class='ocrx_word' id='word_1_65' title='bbox 582 1157 682 1215; x_wconf 83' lang='lat' dir='ltr'><strong>sed</strong></span> <span class='ocrx_word' id='word_1_66' title='bbox 702 1172 805 1230; x_wconf 87' lang='lat' dir='ltr'><strong>per</strong></span> <span class='ocrx_word' id='word_1_67' title='bbox 830 1158 1160 1214; x_wconf 84' lang='lat' dir='ltr'><strong>voluntatem</strong></span> <span class='ocrx_word' id='word_1_68' title='bbox 1186 1148 1279 1207; x_wconf 85' lang='lat' dir='ltr'><strong>Dei</strong></span> <span class='ocrx_word' id='word_1_69' title='bbox 1304 1151 1530 1206; x_wconf 85' lang='lat' dir='ltr'><strong>salutem</strong></span> <span class='ocrx_word' id='word_1_70' title='bbox 1563 1149 1901 1210; x_wconf 84' lang='lat' dir='ltr'><strong>invenimus;</strong></span> <span class='ocrx_word' id='word_1_71' title='bbox 1932 1152 1935 1155; x_wconf 86' lang='lat'>&#39;</span> 
     </span>
    </p>
   </div>
   <div class='ocr_carea' id='block_1_10' title="bbox 318 1237 1901 1325">
    <p class='ocr_par' dir='ltr' id='par_1_10' title="bbox 318 1237 1901 1325">
     <span class='ocr_line' id='line_1_10' title="bbox 318 1237 1901 1325; baseline -0.013 -15"><span class='ocrx_word' id='word_1_72' title='bbox 318 1264 378 1310; x_wconf 82' lang='lat' dir='ltr'><strong>et</strong></span> <span class='ocrx_word' id='word_1_73' title='bbox 397 1252 528 1325; x_wconf 81' lang='lat' dir='ltr'><strong>quia</strong></span> <span class='ocrx_word' id='word_1_74' title='bbox 546 1250 604 1308; x_wconf 92' lang='lat' dir='ltr'><strong>id</strong></span> <span class='ocrx_word' id='word_1_75' title='bbox 627 1250 729 1323; x_wconf 83' lang='lat' dir='ltr'><strong>ipsi</strong></span> <span class='ocrx_word' id='word_1_76' title='bbox 755 1247 979 1325; x_wconf 82' lang='lat' dir='ltr'><strong>placuit,</strong></span> <span class='ocrx_word' id='word_1_77' title='bbox 1003 1245 1177 1302; x_wconf 79' lang='lat' dir='ltr'><strong>vocati</strong></span> <span class='ocrx_word' id='word_1_78' title='bbox 1202 1258 1390 1300; x_wconf 88' lang='lat' dir='ltr'><strong>sumus</strong></span> <span class='ocrx_word' id='word_1_79' title='bbox 1412 1283 1428 1308; x_wconf 91' lang='lat'><strong>,</strong></span> <span class='ocrx_word' id='word_1_80' title='bbox 1458 1255 1564 1296; x_wconf 88' lang='lat' dir='ltr'><strong>non</strong></span> <span class='ocrx_word' id='word_1_81' title='bbox 1594 1239 1735 1310; x_wconf 87' lang='lat' dir='ltr'><strong>quod</strong></span> <span class='ocrx_word' id='word_1_82' title='bbox 1756 1237 1901 1308; x_wconf 79' lang='lat' dir='ltr'><strong>digni</strong></span> 
     </span>
    </p>
   </div>
   <div class='ocr_carea' id='block_1_11' title="bbox 376 1424 1904 1503">
    <p class='ocr_par' dir='ltr' id='par_1_11' title="bbox 376 1424 1904 1503">
     <span class='ocr_line' id='line_1_11' title="bbox 376 1424 1904 1503; baseline -0.013 -10"><span class='ocrx_word' id='word_1_83' title='bbox 376 1436 551 1503; x_wconf 70' lang='lat' dir='ltr'><strong>Pauli</strong></span> <span class='ocrx_word' id='word_1_84' title='bbox 572 1436 846 1491; x_wconf 72' lang='lat' dir='ltr'><strong>modestia.</strong></span> <span class='ocrx_word' id='word_1_85' title='bbox 871 1463 945 1477; x_wconf 93' lang='grc'><strong>-</strong></span> <span class='ocrx_word' id='word_1_86' title='bbox 966 1430 1033 1487; x_wconf 81' lang='lat' dir='ltr'><strong>Et</strong></span> <span class='ocrx_word' id='word_1_87' title='bbox 1061 1429 1334 1487; x_wconf 72' lang='lat' dir='ltr'><strong>Sostbenes</strong></span> <span class='ocrx_word' id='word_1_88' title='bbox 1348 1428 1528 1495; x_wconf 78' lang='lat' dir='ltr'><strong>frater.</strong></span> <span class='ocrx_word' id='word_1_89' title='bbox 1552 1424 1759 1478; x_wconf 77' lang='lat' dir='ltr'><strong>Rursus</strong></span> <span class='ocrx_word' id='word_1_90' title='bbox 1788 1437 1904 1475; x_wconf 89' lang='lat' dir='ltr'><strong>tuo-</strong></span> 
     </span>
    </p>
   </div>
   <div class='ocr_carea' id='block_1_12' title="bbox 230 1517 1894 1601">
    <p class='ocr_par' dir='ltr' id='par_1_12' title="bbox 230 1517 1894 1601">
     <span class='ocr_line' id='line_1_12' title="bbox 230 1517 1894 1601; baseline -0.013 -13"><span class='ocrx_word' id='word_1_91' title='bbox 230 1528 240 1551; x_wconf 84' lang='lat'>‘</span> <span class='ocrx_word' id='word_1_92' title='bbox 314 1528 616 1601; x_wconf 84' lang='lat' dir='ltr'><strong>desteagit,</strong></span> <span class='ocrx_word' id='word_1_93' title='bbox 635 1528 898 1583; x_wconf 87' lang='lat' dir='ltr'><strong>minorem</strong></span> <span class='ocrx_word' id='word_1_94' title='bbox 923 1525 976 1581; x_wconf 93' lang='lat' dir='ltr'><strong>in</strong></span> <span class='ocrx_word' id='word_1_95' title='bbox 1002 1522 1188 1580; x_wconf 90' lang='lat' dir='ltr'><strong>eodem</strong></span> <span class='ocrx_word' id='word_1_96' title='bbox 1215 1535 1395 1577; x_wconf 87' lang='lat' dir='ltr'><strong>secum</strong></span> <span class='ocrx_word' id='word_1_97' title='bbox 1420 1517 1611 1573; x_wconf 90' lang='lat' dir='ltr'><strong>ordine</strong></span> <span class='ocrx_word' id='word_1_98' title='bbox 1649 1531 1852 1585; x_wconf 84' lang='lat' dir='ltr'><strong>ponens</strong></span> <span class='ocrx_word' id='word_1_99' title='bbox 1880 1528 1894 1565; x_wconf 90' lang='lat'><strong>:</strong></span> 
     </span>
    </p>
   </div>
   <div class='ocr_carea' id='block_1_13' title="bbox 307 1606 1895 1690">
    <p class='ocr_par' dir='ltr' id='par_1_13' title="bbox 307 1606 1895 1690">
     <span class='ocr_line' id='line_1_13' title="bbox 307 1606 1895 1690; baseline -0.013 -10"><span class='ocrx_word' id='word_1_100' title='bbox 307 1637 436 1679; x_wconf 83' lang='lat' dir='ltr'><strong>nam</strong></span> <span class='ocrx_word' id='word_1_101' title='bbox 464 1620 696 1677; x_wconf 90' lang='lat' dir='ltr'><strong>multum</strong></span> <span class='ocrx_word' id='word_1_102' title='bbox 726 1619 882 1690; x_wconf 87' lang='lat' dir='ltr'><strong>spatii</strong></span> <span class='ocrx_word' id='word_1_103' title='bbox 905 1625 1020 1674; x_wconf 88' lang='lat' dir='ltr'><strong>erat</strong></span> <span class='ocrx_word' id='word_1_104' title='bbox 1043 1615 1262 1671; x_wconf 89' lang='lat' dir='ltr'><strong>Paulum</strong></span> <span class='ocrx_word' id='word_1_105' title='bbox 1305 1612 1446 1667; x_wconf 90' lang='lat' dir='ltr'><strong>inter</strong></span> <span class='ocrx_word' id='word_1_106' title='bbox 1472 1617 1528 1665; x_wconf 84' lang='lat' dir='ltr'><strong>et</strong></span> <span class='ocrx_word' id='word_1_107' title='bbox 1552 1606 1895 1664; x_wconf 82' lang='lat' dir='ltr'><strong>Sostbenem.</strong></span> 
     </span>
    </p>
   </div>
   <div class='ocr_carea' id='block_1_14' title="bbox 306 1697 1895 1782">
    <p class='ocr_par' dir='ltr' id='par_1_14' title="bbox 306 1697 1895 1782">
     <span class='ocr_line' id='line_1_14' title="bbox 306 1697 1895 1782; baseline -0.012 -13"><span class='ocrx_word' id='word_1_108' title='bbox 306 1712 464 1782; x_wconf 84' lang='lat' dir='ltr'><strong>Quod</strong></span> <span class='ocrx_word' id='word_1_109' title='bbox 492 1711 541 1767; x_wconf 89' lang='lat' dir='ltr'><strong>si</strong></span> <span class='ocrx_word' id='word_1_110' title='bbox 567 1725 693 1766; x_wconf 88' lang='lat' dir='ltr'><strong>cum</strong></span> <span class='ocrx_word' id='word_1_111' title='bbox 724 1717 928 1765; x_wconf 87' lang='lat' dir='ltr'><strong>tantum</strong></span> <span class='ocrx_word' id='word_1_112' title='bbox 971 1707 1256 1762; x_wconf 89' lang='lat' dir='ltr'><strong>interesset</strong></span> <span class='ocrx_word' id='word_1_113' title='bbox 1296 1701 1642 1767; x_wconf 85' lang='lat' dir='ltr'><strong>discriminis,</strong></span> <span class='ocrx_word' id='word_1_114' title='bbox 1680 1697 1895 1752; x_wconf 80' lang='lat' dir='ltr'><strong>inferio-</strong></span> 
     </span>
    </p>
   </div>
   <div class='ocr_carea' id='block_1_15' title="bbox 302 1789 1894 1872">
    <p class='ocr_par' dir='ltr' id='par_1_15' title="bbox 302 1789 1894 1872">
     <span class='ocr_line' id='line_1_15' title="bbox 302 1789 1894 1872; baseline -0.009 -12"><span class='ocrx_word' id='word_1_115' title='bbox 302 1819 423 1860; x_wconf 85' lang='lat' dir='ltr'><strong>rem</strong></span> <span class='ocrx_word' id='word_1_116' title='bbox 464 1802 569 1857; x_wconf 89' lang='lat' dir='ltr'><strong>sibi</strong></span> <span class='ocrx_word' id='word_1_117' title='bbox 598 1800 863 1872; x_wconf 73' lang='lat' dir='ltr'><strong>adjunxit,</strong></span> <span class='ocrx_word' id='word_1_118' title='bbox 882 1798 1010 1870; x_wconf 91' lang='lat' dir='ltr'><strong>quid</strong></span> <span class='ocrx_word' id='word_1_119' title='bbox 1050 1796 1232 1854; x_wconf 88' lang='lat' dir='ltr'><strong>dicere</strong></span> <span class='ocrx_word' id='word_1_120' title='bbox 1273 1795 1481 1867; x_wconf 90' lang='lat' dir='ltr'><strong>possint</strong></span> <span class='ocrx_word' id='word_1_121' title='bbox 1515 1794 1624 1859; x_wconf 91' lang='lat' dir='ltr'><strong>illi,</strong></span> <span class='ocrx_word' id='word_1_122' title='bbox 1657 1792 1749 1863; x_wconf 87' lang='lat' dir='ltr'><strong>qui</strong></span> <span class='ocrx_word' id='word_1_123' title='bbox 1794 1789 1894 1845; x_wconf 88' lang='lat' dir='ltr'><strong>ho-</strong></span> 
     </span>
    </p>
   </div>
   <div class='ocr_carea' id='block_1_16' title="bbox 302 1886 1895 1965">
    <p class='ocr_par' dir='ltr' id='par_1_16' title="bbox 302 1886 1895 1965">
     <span class='ocr_line' id='line_1_16' title="bbox 302 1886 1895 1965; baseline -0.007 -14"><span class='ocrx_word' id='word_1_124' title='bbox 302 1910 441 1951; x_wconf 84' lang='lat' dir='ltr'><strong>nore</strong></span> <span class='ocrx_word' id='word_1_125' title='bbox 454 1894 557 1950; x_wconf 85' lang='lat' dir='ltr'><strong>sibi</strong></span> <span class='ocrx_word' id='word_1_126' title='bbox 574 1909 738 1965; x_wconf 89' lang='lat' dir='ltr'><strong>pares</strong></span> <span class='ocrx_word' id='word_1_127' title='bbox 753 1891 1080 1963; x_wconf 88' lang='lat' dir='ltr'><strong>despiciunt?</strong></span> <span class='ocrx_word' id='word_1_128' title='bbox 1098 1890 1337 1946; x_wconf 74' lang='lat' dir='ltr'><strong>Ecclesia:</strong></span> <span class='ocrx_word' id='word_1_129' title='bbox 1354 1888 1471 1943; x_wconf 90' lang='lat' dir='ltr'><strong>Dei.</strong></span> <span class='ocrx_word' id='word_1_130' title='bbox 1490 1887 1608 1943; x_wconf 85' lang='lat' dir='ltr'><strong>Non</strong></span> <span class='ocrx_word' id='word_1_131' title='bbox 1625 1886 1782 1957; x_wconf 82' lang='lat' dir='ltr'><strong>hujus</strong></span> <span class='ocrx_word' id='word_1_132' title='bbox 1802 1893 1895 1940; x_wconf 87' lang='lat' dir='ltr'><strong>aut</strong></span> 
     </span>
    </p>
   </div>
   <div class='ocr_carea' id='block_1_17' title="bbox 302 1977 1890 2053">
    <p class='ocr_par' dir='ltr' id='par_1_17' title="bbox 302 1977 1890 2053">
     <span class='ocr_line' id='line_1_17' title="bbox 302 1977 1890 2053; baseline -0.006 -11"><span class='ocrx_word' id='word_1_133' title='bbox 302 1988 468 2053; x_wconf 82' lang='lat' dir='ltr'><strong>illius,</strong></span> <span class='ocrx_word' id='word_1_134' title='bbox 494 1987 594 2042; x_wconf 88' lang='lat' dir='ltr'><strong>sed</strong></span> <span class='ocrx_word' id='word_1_135' title='bbox 640 1984 753 2040; x_wconf 82' lang='lat' dir='ltr'><strong>Dei.</strong></span> <span class='ocrx_word' id='word_1_136' title='bbox 786 1986 914 2051; x_wconf 77' lang='grc' dir='ltr'><strong>ρυω</strong></span> <span class='ocrx_word' id='word_1_137' title='bbox 950 1993 1023 2038; x_wconf 86' lang='lat' dir='ltr'><strong>est</strong></span> <span class='ocrx_word' id='word_1_138' title='bbox 1051 1982 1298 2039; x_wconf 78' lang='lat' dir='ltr'><strong>Corinthi.</strong></span> <span class='ocrx_word' id='word_1_139' title='bbox 1330 1981 1514 2036; x_wconf 82' lang='lat' dir='ltr'><strong>Viden’</strong></span> <span class='ocrx_word' id='word_1_140' title='bbox 1536 1978 1808 2051; x_wconf 88' lang='lat' dir='ltr'><strong>quomodo</strong></span> <span class='ocrx_word' id='word_1_141' title='bbox 1839 1977 1890 2033; x_wconf 92' lang='lat' dir='ltr'><strong>in</strong></span> 
     </span>
    </p>
   </div>
   <div class='ocr_carea' id='block_1_18' title="bbox 302 2071 1890 2150">
    <p class='ocr_par' dir='ltr' id='par_1_18' title="bbox 302 2071 1890 2150">
     <span class='ocr_line' id='line_1_18' title="bbox 302 2071 1890 2150; baseline -0.007 -15"><span class='ocrx_word' id='word_1_142' title='bbox 302 2078 528 2150; x_wconf 77' lang='lat' dir='ltr'><strong>singulis</strong></span> <span class='ocrx_word' id='word_1_143' title='bbox 550 2078 877 2134; x_wconf 85' lang='lat' dir='ltr'><strong>dictionibus</strong></span> <span class='ocrx_word' id='word_1_144' title='bbox 900 2076 1116 2132; x_wconf 89' lang='lat' dir='ltr'><strong>illorum</strong></span> <span class='ocrx_word' id='word_1_145' title='bbox 1134 2075 1325 2130; x_wconf 85' lang='lat' dir='ltr'><strong>fastum</strong></span> <span class='ocrx_word' id='word_1_146' title='bbox 1343 2073 1579 2141; x_wconf 86' lang='lat' dir='ltr'><strong>dejiciat,</strong></span> <span class='ocrx_word' id='word_1_147' title='bbox 1602 2085 1697 2141; x_wconf 88' lang='lat' dir='ltr'><strong>per</strong></span> <span class='ocrx_word' id='word_1_148' title='bbox 1711 2071 1890 2126; x_wconf 84' lang='lat' dir='ltr'><strong>omnia</strong></span> 
     </span>
    </p>
   </div>
   <div class='ocr_carea' id='block_1_19' title="bbox 308 2163 1887 2227">
    <p class='ocr_par' dir='ltr' id='par_1_19' title="bbox 308 2163 1887 2227">
     <span class='ocr_line' id='line_1_19' title="bbox 308 2163 1887 2227; baseline -0.008 0"><span class='ocrx_word' id='word_1_149' title='bbox 308 2182 536 2227; x_wconf 84' lang='lat' dir='ltr'><strong>mentem</strong></span> <span class='ocrx_word' id='word_1_150' title='bbox 560 2170 701 2225; x_wconf 68' lang='lat' dir='ltr'><strong>cmlo</strong></span> <span class='ocrx_word' id='word_1_151' title='bbox 729 2168 1113 2225; x_wconf 75' lang='lat' dir='ltr'><strong>assuefaciens.</strong></span> <span class='ocrx_word' id='word_1_152' title='bbox 1148 2165 1442 2223; x_wconf 82' lang='lat' dir='ltr'><strong>Ecclesium</strong></span> <span class='ocrx_word' id='word_1_153' title='bbox 1471 2174 1649 2219; x_wconf 82' lang='lat' dir='ltr'><strong>autem</strong></span> <span class='ocrx_word' id='word_1_154' title='bbox 1678 2163 1769 2217; x_wconf 88' lang='lat' dir='ltr'><strong>Dei</strong></span> <span class='ocrx_word' id='word_1_155' title='bbox 1796 2178 1887 2216; x_wconf 90' lang='lat' dir='ltr'><strong>vo-</strong></span> 
     </span>
    </p>
   </div>
   <div class='ocr_carea' id='block_1_20' title="bbox 302 2254 1884 2331">
    <p class='ocr_par' dir='ltr' id='par_1_20' title="bbox 302 2254 1884 2331">
     <span class='ocr_line' id='line_1_20' title="bbox 302 2254 1884 2331; baseline -0.008 -10"><span class='ocrx_word' id='word_1_156' title='bbox 302 2275 402 2331; x_wconf 85' lang='lat' dir='ltr'><strong>cat,</strong></span> <span class='ocrx_word' id='word_1_157' title='bbox 431 2264 731 2321; x_wconf 86' lang='lat' dir='ltr'><strong>ostendens</strong></span> <span class='ocrx_word' id='word_1_158' title='bbox 745 2278 864 2319; x_wconf 88' lang='lat' dir='ltr'><strong>eam</strong></span> <span class='ocrx_word' id='word_1_159' title='bbox 894 2270 1146 2331; x_wconf 89' lang='lat' dir='ltr'><strong>oportere</strong></span> <span class='ocrx_word' id='word_1_160' title='bbox 1162 2274 1282 2315; x_wconf 87' lang='lat' dir='ltr'><strong>esse</strong></span> <span class='ocrx_word' id='word_1_161' title='bbox 1307 2255 1608 2312; x_wconf 85' lang='lat' dir='ltr'><strong>unitam.Si</strong></span> <span class='ocrx_word' id='word_1_162' title='bbox 1624 2254 1767 2310; x_wconf 90' lang='lat' dir='ltr'><strong>enim</strong></span> <span class='ocrx_word' id='word_1_163' title='bbox 1792 2254 1884 2309; x_wconf 89' lang='lat' dir='ltr'><strong>Dei</strong></span> 
     </span>
    </p>
   </div>
   <div class='ocr_carea' id='block_1_21' title="bbox 296 2345 1886 2423">
    <p class='ocr_par' dir='ltr' id='par_1_21' title="bbox 296 2345 1886 2423">
     <span class='ocr_line' id='line_1_21' title="bbox 296 2345 1886 2423; baseline -0.008 -12"><span class='ocrx_word' id='word_1_164' title='bbox 296 2368 399 2423; x_wconf 88' lang='lat' dir='ltr'><strong>est,</strong></span> <span class='ocrx_word' id='word_1_165' title='bbox 426 2355 577 2410; x_wconf 82' lang='lat' dir='ltr'><strong>unita</strong></span> <span class='ocrx_word' id='word_1_166' title='bbox 606 2362 667 2410; x_wconf 88' lang='lat' dir='ltr'><strong>et</strong></span> <span class='ocrx_word' id='word_1_167' title='bbox 695 2368 802 2408; x_wconf 88' lang='lat' dir='ltr'><strong>una</strong></span> <span class='ocrx_word' id='word_1_168' title='bbox 828 2361 930 2419; x_wconf 90' lang='lat' dir='ltr'><strong>est,</strong></span> <span class='ocrx_word' id='word_1_169' title='bbox 954 2366 1063 2407; x_wconf 92' lang='lat' dir='ltr'><strong>non</strong></span> <span class='ocrx_word' id='word_1_170' title='bbox 1084 2349 1330 2406; x_wconf 85' lang='lat' dir='ltr'><strong>Corinthi</strong></span> <span class='ocrx_word' id='word_1_171' title='bbox 1355 2348 1528 2403; x_wconf 90' lang='lat' dir='ltr'><strong>solum</strong></span> <span class='ocrx_word' id='word_1_172' title='bbox 1554 2388 1568 2413; x_wconf 92' lang='lat'><strong>,</strong></span> <span class='ocrx_word' id='word_1_173' title='bbox 1600 2346 1696 2401; x_wconf 87' lang='lat' dir='ltr'><strong>sed</strong></span> <span class='ocrx_word' id='word_1_174' title='bbox 1725 2345 1886 2400; x_wconf 88' lang='lat' dir='ltr'><strong>etiam</strong></span> 
     </span>
    </p>
   </div>
   <div class='ocr_carea' id='block_1_22' title="bbox 296 2437 1886 2514">
    <p class='ocr_par' dir='ltr' id='par_1_22' title="bbox 296 2437 1886 2514">
     <span class='ocr_line' id='line_1_22' title="bbox 296 2437 1886 2514; baseline -0.009 -10"><span class='ocrx_word' id='word_1_175' title='bbox 296 2448 353 2504; x_wconf 89' lang='lat' dir='ltr'><strong>in</strong></span> <span class='ocrx_word' id='word_1_176' title='bbox 380 2458 493 2504; x_wconf 86' lang='lat' dir='ltr'><strong>toto</strong></span> <span class='ocrx_word' id='word_1_177' title='bbox 519 2446 676 2503; x_wconf 89' lang='lat' dir='ltr'><strong>orbe.</strong></span> <span class='ocrx_word' id='word_1_178' title='bbox 699 2444 961 2501; x_wconf 66' lang='lat' dir='ltr'><strong>Ecclesiae</strong></span> <span class='ocrx_word' id='word_1_179' title='bbox 986 2441 1186 2514; x_wconf 89' lang='lat' dir='ltr'><strong>quippe</strong></span> <span class='ocrx_word' id='word_1_180' title='bbox 1222 2455 1419 2496; x_wconf 88' lang='lat' dir='ltr'><strong>nomen</strong></span> <span class='ocrx_word' id='word_1_181' title='bbox 1451 2455 1557 2495; x_wconf 91' lang='lat' dir='ltr'><strong>non</strong></span> <span class='ocrx_word' id='word_1_182' title='bbox 1584 2437 1886 2508; x_wconf 86' lang='lat' dir='ltr'><strong>separatio-</strong></span> 
     </span>
    </p>
   </div>
   <div class='ocr_carea' id='block_1_23' title="bbox 290 2529 1886 2606">
    <p class='ocr_par' dir='ltr' id='par_1_23' title="bbox 290 2529 1886 2606">
     <span class='ocr_line' id='line_1_23' title="bbox 290 2529 1886 2606; baseline -0.009 -10"><span class='ocrx_word' id='word_1_183' title='bbox 290 2540 377 2596; x_wconf 82' lang='lat' dir='ltr'><strong>nis</strong></span> <span class='ocrx_word' id='word_1_184' title='bbox 396 2581 413 2606; x_wconf 86' lang='lat'><strong>,</strong></span> <span class='ocrx_word' id='word_1_185' title='bbox 446 2538 546 2595; x_wconf 88' lang='lat' dir='ltr'><strong>sed</strong></span> <span class='ocrx_word' id='word_1_186' title='bbox 591 2536 809 2592; x_wconf 87' lang='lat' dir='ltr'><strong>uniouis</strong></span> <span class='ocrx_word' id='word_1_187' title='bbox 834 2544 890 2592; x_wconf 89' lang='lat' dir='ltr'><strong>et</strong></span> <span class='ocrx_word' id='word_1_188' title='bbox 919 2533 1221 2591; x_wconf 63' lang='lat' dir='ltr'><strong>concordiae</strong></span> <span class='ocrx_word' id='word_1_189' title='bbox 1262 2546 1459 2587; x_wconf 86' lang='lat' dir='ltr'><strong>nomen</strong></span> <span class='ocrx_word' id='word_1_190' title='bbox 1506 2540 1609 2586; x_wconf 91' lang='lat' dir='ltr'><strong>est.</strong></span> <span class='ocrx_word' id='word_1_191' title='bbox 1639 2529 1886 2597; x_wconf 81' lang='lat' dir='ltr'><strong>Sanctiﬁ-</strong></span> 
     </span>
    </p>
   </div>
   <div class='ocr_carea' id='block_1_24' title="bbox 286 2622 1882 2691">
    <p class='ocr_par' dir='ltr' id='par_1_24' title="bbox 286 2622 1882 2691">
     <span class='ocr_line' id='line_1_24' title="bbox 286 2622 1882 2691; baseline -0.009 -3"><span class='ocrx_word' id='word_1_192' title='bbox 286 2635 414 2688; x_wconf 78' lang='lat' dir='ltr'><strong>cstis</strong></span> <span class='ocrx_word' id='word_1_193' title='bbox 434 2633 493 2686; x_wconf 78' lang='lat' dir='ltr'><strong>in</strong></span> <span class='ocrx_word' id='word_1_194' title='bbox 515 2631 715 2687; x_wconf 81' lang='lat' dir='ltr'><strong>Christo</strong></span> <span class='ocrx_word' id='word_1_195' title='bbox 733 2627 882 2683; x_wconf 87' lang='lat' dir='ltr'><strong>Iesu.</strong></span> <span class='ocrx_word' id='word_1_196' title='bbox 904 2627 1112 2683; x_wconf 85' lang='lat' dir='ltr'><strong>Rursus</strong></span> <span class='ocrx_word' id='word_1_197' title='bbox 1140 2640 1335 2681; x_wconf 90' lang='lat' dir='ltr'><strong>nomen</strong></span> <span class='ocrx_word' id='word_1_198' title='bbox 1363 2622 1513 2689; x_wconf 83' lang='lat' dir='ltr'><strong>Iesu,</strong></span> <span class='ocrx_word' id='word_1_199' title='bbox 1540 2631 1596 2677; x_wconf 89' lang='lat' dir='ltr'><strong>et</strong></span> <span class='ocrx_word' id='word_1_200' title='bbox 1624 2635 1882 2691; x_wconf 82' lang='lat' dir='ltr'><strong>nusquam</strong></span> 
     </span>
    </p>
   </div>
   <div class='ocr_carea' id='block_1_25' title="bbox 284 2712 1883 2790">
    <p class='ocr_par' dir='ltr' id='par_1_25' title="bbox 284 2712 1883 2790">
     <span class='ocr_line' id='line_1_25' title="bbox 284 2712 1883 2790; baseline -0.009 -11"><span class='ocrx_word' id='word_1_201' title='bbox 284 2724 573 2779; x_wconf 85' lang='lat' dir='ltr'><strong>hominum</strong></span> <span class='ocrx_word' id='word_1_202' title='bbox 599 2736 798 2778; x_wconf 87' lang='lat' dir='ltr'><strong>nomen</strong></span> <span class='ocrx_word' id='word_1_203' title='bbox 831 2720 1001 2790; x_wconf 88' lang='lat' dir='ltr'><strong>ponit.</strong></span> <span class='ocrx_word' id='word_1_204' title='bbox 1023 2716 1162 2786; x_wconf 86' lang='lat' dir='ltr'><strong>Quid</strong></span> <span class='ocrx_word' id='word_1_205' title='bbox 1191 2726 1270 2771; x_wconf 90' lang='lat' dir='ltr'><strong>est</strong></span> <span class='ocrx_word' id='word_1_206' title='bbox 1299 2724 1479 2770; x_wconf 90' lang='lat' dir='ltr'><strong>autem</strong></span> <span class='ocrx_word' id='word_1_207' title='bbox 1508 2712 1883 2768; x_wconf 89' lang='lat' dir='ltr'><strong>sanctiﬁcatio?</strong></span> 
     </span>
    </p>
   </div>
   <div class='ocr_carea' id='block_1_26' title="bbox 285 2806 1883 2886">
    <p class='ocr_par' dir='ltr' id='par_1_26' title="bbox 285 2806 1883 2886">
     <span class='ocr_line' id='line_1_26' title="bbox 285 2806 1883 2886; baseline -0.008 -13"><span class='ocrx_word' id='word_1_208' title='bbox 285 2817 590 2873; x_wconf 78' lang='lat' dir='ltr'><strong>Lavacrum</strong></span> <span class='ocrx_word' id='word_1_209' title='bbox 614 2857 632 2882; x_wconf 92' lang='lat'><strong>,</strong></span> <span class='ocrx_word' id='word_1_210' title='bbox 666 2813 935 2886; x_wconf 74' lang='lat' dir='ltr'><strong>purgatio.</strong></span> <span class='ocrx_word' id='word_1_211' title='bbox 967 2812 1027 2868; x_wconf 89' lang='lat' dir='ltr'><strong>In</strong></span> <span class='ocrx_word' id='word_1_212' title='bbox 1057 2809 1370 2866; x_wconf 85' lang='lat' dir='ltr'><strong>memoriam</strong></span> <span class='ocrx_word' id='word_1_213' title='bbox 1407 2807 1551 2862; x_wconf 91' lang='lat' dir='ltr'><strong>enim</strong></span> <span class='ocrx_word' id='word_1_214' title='bbox 1580 2806 1687 2861; x_wconf 88' lang='lat' dir='ltr'><strong>illis</strong></span> <span class='ocrx_word' id='word_1_215' title='bbox 1727 2822 1883 2860; x_wconf 87' lang='lat' dir='ltr'><strong>revo-</strong></span> 
     </span>
    </p>
   </div>
   <div class='ocr_carea' id='block_1_27' title="bbox 291 2901 1880 2974">
    <p class='ocr_par' dir='ltr' id='par_1_27' title="bbox 291 2901 1880 2974">
     <span class='ocr_line' id='line_1_27' title="bbox 291 2901 1880 2974; baseline -0.008 -9"><span class='ocrx_word' id='word_1_216' title='bbox 291 2918 373 2965; x_wconf 85' lang='lat' dir='ltr'><strong>cat</strong></span> <span class='ocrx_word' id='word_1_217' title='bbox 395 2907 802 2964; x_wconf 86' lang='lat' dir='ltr'><strong>immunditiam</strong></span> <span class='ocrx_word' id='word_1_218' title='bbox 848 2919 1002 2961; x_wconf 89' lang='lat' dir='ltr'><strong>suam</strong></span> <span class='ocrx_word' id='word_1_219' title='bbox 1027 2945 1043 2970; x_wconf 91' lang='lat'><strong>,</strong></span> <span class='ocrx_word' id='word_1_220' title='bbox 1074 2918 1102 2958; x_wconf 90' lang='lat' dir='ltr'><strong>a</strong></span> <span class='ocrx_word' id='word_1_221' title='bbox 1130 2919 1231 2974; x_wconf 85' lang='lat' dir='ltr'><strong>qua</strong></span> <span class='ocrx_word' id='word_1_222' title='bbox 1264 2901 1510 2957; x_wconf 85' lang='lat' dir='ltr'><strong>liberavit</strong></span> <span class='ocrx_word' id='word_1_223' title='bbox 1533 2916 1649 2967; x_wconf 91' lang='lat' dir='ltr'><strong>eos,</strong></span> <span class='ocrx_word' id='word_1_224' title='bbox 1675 2911 1729 2955; x_wconf 88' lang='lat' dir='ltr'><strong>et</strong></span> <span class='ocrx_word' id='word_1_225' title='bbox 1754 2915 1880 2953; x_wconf 82' lang='lat' dir='ltr'><strong>sua-</strong></span> 
     </span>
    </p>
   </div>
   <div class='ocr_carea' id='block_1_28' title="bbox 301 2990 1881 3062">
    <p class='ocr_par' dir='ltr' id='par_1_28' title="bbox 301 2990 1881 3062">
     <span class='ocr_line' id='line_1_28' title="bbox 301 2990 1881 3062; baseline -0.008 -7"><span class='ocrx_word' id='word_1_226' title='bbox 301 2999 387 3055; x_wconf 79' lang='lat' dir='ltr'><strong>det</strong></span> <span class='ocrx_word' id='word_1_227' title='bbox 402 3011 457 3054; x_wconf 93' lang='lat' dir='ltr'><strong>ut</strong></span> <span class='ocrx_word' id='word_1_228' title='bbox 475 2997 763 3054; x_wconf 87' lang='lat' dir='ltr'><strong>humiliter</strong></span> <span class='ocrx_word' id='word_1_229' title='bbox 782 2996 1019 3053; x_wconf 88' lang='lat' dir='ltr'><strong>sentiant</strong></span> <span class='ocrx_word' id='word_1_230' title='bbox 1044 3013 1059 3049; x_wconf 88' lang='lat'><strong>:</strong></span> <span class='ocrx_word' id='word_1_231' title='bbox 1091 3009 1195 3049; x_wconf 90' lang='lat' dir='ltr'><strong>non</strong></span> <span class='ocrx_word' id='word_1_232' title='bbox 1217 2993 1359 3049; x_wconf 86' lang='lat' dir='ltr'><strong>enim</strong></span> <span class='ocrx_word' id='word_1_233' title='bbox 1387 3008 1452 3048; x_wconf 79' lang='lat' dir='ltr'><strong>ex</strong></span> <span class='ocrx_word' id='word_1_234' title='bbox 1477 2992 1746 3062; x_wconf 74' lang='lat' dir='ltr'><strong>praeclaris</strong></span> <span class='ocrx_word' id='word_1_235' title='bbox 1767 2990 1881 3045; x_wconf 87' lang='lat' dir='ltr'><strong>suis</strong></span> 
     </span>
    </p>
   </div>
   <div class='ocr_carea' id='block_1_29' title="bbox 300 3081 1878 3163">
    <p class='ocr_par' dir='ltr' id='par_1_29' title="bbox 300 3081 1878 3163">
     <span class='ocr_line' id='line_1_29' title="bbox 300 3081 1878 3163; baseline -0.006 -16"><span class='ocrx_word' id='word_1_236' title='bbox 300 3092 479 3163; x_wconf 73' lang='lat' dir='ltr'><strong>gestis,</strong></span> <span class='ocrx_word' id='word_1_237' title='bbox 512 3090 618 3147; x_wconf 83' lang='lat' dir='ltr'><strong>sed</strong></span> <span class='ocrx_word' id='word_1_238' title='bbox 649 3105 715 3146; x_wconf 80' lang='lat' dir='ltr'><strong>ex</strong></span> <span class='ocrx_word' id='word_1_239' title='bbox 745 3088 843 3144; x_wconf 91' lang='lat' dir='ltr'><strong>Dei</strong></span> <span class='ocrx_word' id='word_1_240' title='bbox 887 3084 1176 3143; x_wconf 80' lang='lat' dir='ltr'><strong>clementia</strong></span> <span class='ocrx_word' id='word_1_241' title='bbox 1216 3084 1537 3142; x_wconf 86' lang='lat' dir='ltr'><strong>sanctiﬁcati</strong></span> <span class='ocrx_word' id='word_1_242' title='bbox 1586 3094 1731 3138; x_wconf 89' lang='lat' dir='ltr'><strong>sunt.</strong></span> <span class='ocrx_word' id='word_1_243' title='bbox 1774 3081 1878 3137; x_wconf 84' lang='lat' dir='ltr'><strong>Vo-</strong></span> 
     </span>
    </p>
   </div>
   <div class='ocr_carea' id='block_1_30' title="bbox 292 3175 1878 3250">
    <p class='ocr_par' dir='ltr' id='par_1_30' title="bbox 292 3175 1878 3250">
     <span class='ocr_line' id='line_1_30' title="bbox 292 3175 1878 3250; baseline -0.008 -10"><span class='ocrx_word' id='word_1_244' title='bbox 292 3186 406 3240; x_wconf 74' lang='lat' dir='ltr'><strong>cctis</strong></span> <span class='ocrx_word' id='word_1_245' title='bbox 432 3184 652 3239; x_wconf 82' lang='lat' dir='ltr'><strong>sanctis.</strong></span> <span class='ocrx_word' id='word_1_246' title='bbox 686 3181 899 3237; x_wconf 85' lang='lat' dir='ltr'><strong>Etenim</strong></span> <span class='ocrx_word' id='word_1_247' title='bbox 926 3180 1030 3235; x_wconf 91' lang='lat' dir='ltr'><strong>hoc</strong></span> <span class='ocrx_word' id='word_1_248' title='bbox 1053 3179 1248 3250; x_wconf 87' lang='lat' dir='ltr'><strong>ipsum,</strong></span> <span class='ocrx_word' id='word_1_249' title='bbox 1277 3176 1485 3250; x_wconf 91' lang='lat' dir='ltr'><strong>inquit,</strong></span> <span class='ocrx_word' id='word_1_250' title='bbox 1516 3191 1581 3231; x_wconf 77' lang='lat' dir='ltr'><strong>ex</strong></span> <span class='ocrx_word' id='word_1_251' title='bbox 1609 3175 1710 3230; x_wconf 87' lang='lat' dir='ltr'><strong>ﬁde</strong></span> <span class='ocrx_word' id='word_1_252' title='bbox 1734 3175 1878 3229; x_wconf 86' lang='lat' dir='ltr'><strong>salu-</strong></span> 
     </span>
    </p>
   </div>
   <div class='ocr_carea' id='block_1_31' title="bbox 285 3267 1878 3345">
    <p class='ocr_par' dir='ltr' id='par_1_31' title="bbox 285 3267 1878 3345">
     <span class='ocr_line' id='line_1_31' title="bbox 285 3267 1878 3345; baseline -0.007 -13"><span class='ocrx_word' id='word_1_253' title='bbox 285 3285 387 3331; x_wconf 83' lang='lat' dir='ltr'><strong>tem</strong></span> <span class='ocrx_word' id='word_1_254' title='bbox 416 3273 712 3345; x_wconf 85' lang='lat' dir='ltr'><strong>consequi,</strong></span> <span class='ocrx_word' id='word_1_255' title='bbox 741 3288 848 3328; x_wconf 91' lang='lat' dir='ltr'><strong>non</strong></span> <span class='ocrx_word' id='word_1_256' title='bbox 876 3287 941 3328; x_wconf 81' lang='lat' dir='ltr'><strong>ex</strong></span> <span class='ocrx_word' id='word_1_257' title='bbox 966 3271 1118 3325; x_wconf 85' lang='lat' dir='ltr'><strong>vobis</strong></span> <span class='ocrx_word' id='word_1_258' title='bbox 1145 3278 1232 3325; x_wconf 87' lang='lat' dir='ltr'><strong>est</strong></span> <span class='ocrx_word' id='word_1_259' title='bbox 1259 3286 1271 3322; x_wconf 89' lang='lat'><strong>:</strong></span> <span class='ocrx_word' id='word_1_260' title='bbox 1305 3285 1410 3324; x_wconf 91' lang='lat' dir='ltr'><strong>non</strong></span> <span class='ocrx_word' id='word_1_261' title='bbox 1441 3268 1584 3323; x_wconf 88' lang='lat' dir='ltr'><strong>enim</strong></span> <span class='ocrx_word' id='word_1_262' title='bbox 1615 3267 1769 3337; x_wconf 86' lang='lat' dir='ltr'><strong>primi</strong></span> <span class='ocrx_word' id='word_1_263' title='bbox 1795 3281 1878 3321; x_wconf 87' lang='lat' dir='ltr'><strong>ac-</strong></span> 
     </span>
    </p>
   </div>
   <div class='ocr_carea' id='block_1_32' title="bbox 282 3358 1877 3432">
    <p class='ocr_par' dir='ltr' id='par_1_32' title="bbox 282 3358 1877 3432">
     <span class='ocr_line' id='line_1_32' title="bbox 282 3358 1877 3432; baseline -0.008 -9"><span class='ocrx_word' id='word_1_264' title='bbox 282 3367 553 3432; x_wconf 84' lang='lat' dir='ltr'><strong>cessistis,</strong></span> <span class='ocrx_word' id='word_1_265' title='bbox 576 3364 677 3420; x_wconf 90' lang='lat' dir='ltr'><strong>sed</strong></span> <span class='ocrx_word' id='word_1_266' title='bbox 697 3363 871 3419; x_wconf 91' lang='lat' dir='ltr'><strong>vocati</strong></span> <span class='ocrx_word' id='word_1_267' title='bbox 890 3362 1043 3419; x_wconf 83' lang='lat' dir='ltr'><strong>estis.</strong></span> <span class='ocrx_word' id='word_1_268' title='bbox 1064 3360 1247 3431; x_wconf 88' lang='lat' dir='ltr'><strong>Itaque</strong></span> <span class='ocrx_word' id='word_1_269' title='bbox 1271 3374 1445 3430; x_wconf 89' lang='lat' dir='ltr'><strong>neque</strong></span> <span class='ocrx_word' id='word_1_270' title='bbox 1468 3358 1597 3414; x_wconf 92' lang='lat' dir='ltr'><strong>illud</strong></span> <span class='ocrx_word' id='word_1_271' title='bbox 1625 3358 1877 3427; x_wconf 76' lang='lat' dir='ltr'><strong>exiguum</strong></span> 
     </span>
    </p>
   </div>
   <div class='ocr_carea' id='block_1_33' title="bbox 279 3447 1878 3522">
    <p class='ocr_par' dir='ltr' id='par_1_33' title="bbox 279 3447 1878 3522">
     <span class='ocr_line' id='line_1_33' title="bbox 279 3447 1878 3522; baseline -0.008 -10"><span class='ocrx_word' id='word_1_272' title='bbox 279 3472 311 3512; x_wconf 90' lang='lat' dir='ltr'><strong>a</strong></span> <span class='ocrx_word' id='word_1_273' title='bbox 330 3457 494 3513; x_wconf 88' lang='lat' dir='ltr'><strong>vobis</strong></span> <span class='ocrx_word' id='word_1_274' title='bbox 521 3465 696 3511; x_wconf 90' lang='lat' dir='ltr'><strong>totum</strong></span> <span class='ocrx_word' id='word_1_275' title='bbox 721 3463 825 3509; x_wconf 89' lang='lat' dir='ltr'><strong>est.</strong></span> <span class='ocrx_word' id='word_1_276' title='bbox 844 3453 1176 3522; x_wconf 85' lang='lat' dir='ltr'><strong>Quamquam</strong></span> <span class='ocrx_word' id='word_1_277' title='bbox 1197 3449 1410 3506; x_wconf 83' lang='lat' dir='ltr'><strong>etiamsi</strong></span> <span class='ocrx_word' id='word_1_278' title='bbox 1430 3447 1769 3504; x_wconf 72' lang='lat' dir='ltr'><strong>secesseritis</strong></span> <span class='ocrx_word' id='word_1_279' title='bbox 1794 3452 1878 3501; x_wconf 84' lang='lat' dir='ltr'><strong>in-</strong></span> 
     </span>
    </p>
   </div>
   <div class='ocr_carea' id='block_1_34' title="bbox 280 3540 1875 3614">
    <p class='ocr_par' dir='ltr' id='par_1_34' title="bbox 280 3540 1875 3614">
     <span class='ocr_line' id='line_1_34' title="bbox 280 3540 1875 3614; baseline -0.008 -9"><span class='ocrx_word' id='word_1_280' title='bbox 280 3547 535 3605; x_wconf 79' lang='lat' dir='ltr'><strong>numeris</strong></span> <span class='ocrx_word' id='word_1_281' title='bbox 579 3546 804 3603; x_wconf 80' lang='lat' dir='ltr'><strong>obnoxii</strong></span> <span class='ocrx_word' id='word_1_282' title='bbox 851 3544 1041 3611; x_wconf 91' lang='lat' dir='ltr'><strong>malis,</strong></span> <span class='ocrx_word' id='word_1_283' title='bbox 1073 3558 1250 3614; x_wconf 88' lang='lat' dir='ltr'><strong>neque</strong></span> <span class='ocrx_word' id='word_1_284' title='bbox 1296 3542 1377 3598; x_wconf 88' lang='lat' dir='ltr'><strong>sic</strong></span> <span class='ocrx_word' id='word_1_285' title='bbox 1401 3540 1554 3597; x_wconf 85' lang='lat' dir='ltr'><strong>vobis</strong></span> <span class='ocrx_word' id='word_1_286' title='bbox 1579 3540 1750 3612; x_wconf 83' lang='lat' dir='ltr'><strong>gratia</strong></span> <span class='ocrx_word' id='word_1_287' title='bbox 1778 3540 1875 3594; x_wconf 86' lang='lat' dir='ltr'><strong>ha-</strong></span> 
     </span>
    </p>
   </div>
   <div class='ocr_carea' id='block_1_35' title="bbox 216 3640 891 3709">
    <p class='ocr_par' dir='ltr' id='par_1_35' title="bbox 216 3640 891 3709">
     <span class='ocr_line' id='line_1_35' title="bbox 216 3640 891 3709; baseline -0.001 -14"><span class='ocrx_word' id='word_1_288' title='bbox 216 3692 219 3695; x_wconf 72' lang='grc'>,</span> <span class='ocrx_word' id='word_1_289' title='bbox 274 3642 466 3699; x_wconf 84' lang='lat' dir='ltr'><strong>benda</strong></span> <span class='ocrx_word' id='word_1_290' title='bbox 496 3650 611 3709; x_wconf 86' lang='lat' dir='ltr'><strong>est,</strong></span> <span class='ocrx_word' id='word_1_291' title='bbox 636 3640 731 3697; x_wconf 90' lang='lat' dir='ltr'><strong>sed</strong></span> <span class='ocrx_word' id='word_1_292' title='bbox 759 3641 891 3696; x_wconf 92' lang='lat' dir='ltr'><strong>Deo.</strong></span> 
     </span>
    </p>
   </div>
   <div class='ocr_carea' id='block_1_36' title="bbox 349 3726 1874 3803">
    <p class='ocr_par' dir='ltr' id='par_1_36' title="bbox 349 3726 1874 3803">
     <span class='ocr_line' id='line_1_36' title="bbox 349 3726 1874 3803; baseline -0.005 -14"><span class='ocrx_word' id='word_1_293' title='bbox 349 3735 605 3790; x_wconf 75' lang='lat' dir='ltr'><strong>Ecclesia:</strong></span> <span class='ocrx_word' id='word_1_294' title='bbox 635 3734 822 3788; x_wconf 83' lang='lat' dir='ltr'><strong>unitas.</strong></span> <span class='ocrx_word' id='word_1_295' title='bbox 847 3730 1275 3803; x_wconf 87' lang='lat' dir='ltr'><strong>—Quapropter</strong></span> <span class='ocrx_word' id='word_1_296' title='bbox 1318 3728 1384 3783; x_wconf 89' lang='lat' dir='ltr'><strong>ad</strong></span> <span class='ocrx_word' id='word_1_297' title='bbox 1430 3727 1691 3798; x_wconf 87' lang='lat' dir='ltr'><strong>Ephesios</strong></span> <span class='ocrx_word' id='word_1_298' title='bbox 1740 3726 1874 3782; x_wconf 86' lang='lat' dir='ltr'><strong>scri-</strong></span> 
     </span>
    </p>
   </div>
   <div class='ocr_carea' id='block_1_37' title="bbox 275 3822 1877 3896">
    <p class='ocr_par' dir='ltr' id='par_1_37' title="bbox 275 3822 1877 3896">
     <span class='ocr_line' id='line_1_37' title="bbox 275 3822 1877 3896; baseline -0.007 -10"><span class='ocrx_word' id='word_1_299' title='bbox 275 3828 417 3886; x_wconf 78' lang='lat' dir='ltr'><strong>bens</strong></span> <span class='ocrx_word' id='word_1_300' title='bbox 444 3827 664 3883; x_wconf 84' lang='lat' dir='ltr'><strong>diccbat</strong></span> <span class='ocrx_word' id='word_1_301' title='bbox 685 3844 700 3883; x_wconf 87' lang='lat'><strong>:</strong></span> <span class='ocrx_word' id='word_1_302' title='bbox 724 3825 904 3881; x_wconf 80' lang='lat' dir='ltr'><strong>Gratia</strong></span> <span class='ocrx_word' id='word_1_303' title='bbox 926 3826 1053 3881; x_wconf 79' lang='lat' dir='ltr'><strong>salvi</strong></span> <span class='ocrx_word' id='word_1_304' title='bbox 1080 3825 1202 3896; x_wconf 78' lang='lat' dir='ltr'><strong>facti</strong></span> <span class='ocrx_word' id='word_1_305' title='bbox 1231 3825 1373 3891; x_wconf 81' lang='lat' dir='ltr'><strong>estis,</strong></span> <span class='ocrx_word' id='word_1_306' title='bbox 1394 3840 1483 3892; x_wconf 84' lang='lat' dir='ltr'><strong>per</strong></span> <span class='ocrx_word' id='word_1_307' title='bbox 1511 3822 1686 3891; x_wconf 80' lang='lat' dir='ltr'><strong>ﬁdem,</strong></span> <span class='ocrx_word' id='word_1_308' title='bbox 1715 3823 1877 3875; x_wconf 81' lang='lat' dir='ltr'><strong>ethoc</strong></span> 
     </span>
    </p>
   </div>
   <div class='ocr_carea' id='block_1_38' title="bbox 281 3914 1874 3993">
    <p class='ocr_par' dir='ltr' id='par_1_38' title="bbox 281 3914 1874 3993">
     <span class='ocr_line' id='line_1_38' title="bbox 281 3914 1874 3993; baseline -0.005 -18"><span class='ocrx_word' id='word_1_309' title='bbox 281 3936 384 3975; x_wconf 71' lang='lat' dir='ltr'><strong>non</strong></span> <span class='ocrx_word' id='word_1_310' title='bbox 409 3935 481 3975; x_wconf 78' lang='lat' dir='ltr'><strong>ea:</strong></span> <span class='ocrx_word' id='word_1_311' title='bbox 501 3919 637 3974; x_wconf 75' lang='lat' dir='ltr'><strong>vobis</strong></span> <span class='ocrx_word' id='word_1_312' title='bbox 672 3918 901 3993; x_wconf 82' lang='lat' dir='ltr'><strong>(Ephes.</strong></span> <span class='ocrx_word' id='word_1_313' title='bbox 945 3917 1002 3973; x_wconf 76' lang='lat'><strong>2.</strong></span> <span class='ocrx_word' id='word_1_314' title='bbox 1030 3918 1126 3990; x_wconf 87' lang='lat'><strong>8).</strong></span> <span class='ocrx_word' id='word_1_315' title='bbox 1166 3916 1352 3988; x_wconf 83' lang='lat' dir='ltr'><strong>Neque</strong></span> <span class='ocrx_word' id='word_1_316' title='bbox 1395 3914 1526 3970; x_wconf 88' lang='lat' dir='ltr'><strong>ﬁdes</strong></span> <span class='ocrx_word' id='word_1_317' title='bbox 1562 3924 1738 3969; x_wconf 88' lang='lat' dir='ltr'><strong>vestra</strong></span> <span class='ocrx_word' id='word_1_318' title='bbox 1767 3923 1874 3968; x_wconf 86' lang='lat' dir='ltr'><strong>tota</strong></span> 
     </span>
    </p>
   </div>
   <div class='ocr_carea' id='block_1_39' title="bbox 280 4006 1875 4083">
    <p class='ocr_par' dir='ltr' id='par_1_39' title="bbox 280 4006 1875 4083">
     <span class='ocr_line' id='line_1_39' title="bbox 280 4006 1875 4083; baseline -0.006 -13"><span class='ocrx_word' id='word_1_319' title='bbox 280 4028 347 4071; x_wconf 78' lang='lat' dir='ltr'><strong>ex</strong></span> <span class='ocrx_word' id='word_1_320' title='bbox 374 4010 538 4068; x_wconf 81' lang='lat' dir='ltr'><strong>vobis</strong></span> <span class='ocrx_word' id='word_1_321' title='bbox 568 4030 583 4067; x_wconf 89' lang='lat'><strong>:</strong></span> <span class='ocrx_word' id='word_1_322' title='bbox 611 4026 785 4083; x_wconf 90' lang='lat' dir='ltr'><strong>neque</strong></span> <span class='ocrx_word' id='word_1_323' title='bbox 806 4010 949 4067; x_wconf 89' lang='lat' dir='ltr'><strong>enim</strong></span> <span class='ocrx_word' id='word_1_324' title='bbox 980 4025 1075 4066; x_wconf 92' lang='lat' dir='ltr'><strong>vos</strong></span> <span class='ocrx_word' id='word_1_325' title='bbox 1098 4009 1368 4066; x_wconf 87' lang='lat' dir='ltr'><strong>credendo</strong></span> <span class='ocrx_word' id='word_1_326' title='bbox 1396 4006 1752 4079; x_wconf 69' lang='lat' dir='ltr'><strong>praevenistis,</strong></span> <span class='ocrx_word' id='word_1_327' title='bbox 1780 4006 1875 4061; x_wconf 79' lang='lat' dir='ltr'><strong>sed</strong></span> 
     </span>
    </p>
   </div>
   <div class='ocr_carea' id='block_1_40' title="bbox 277 4099 1876 4162">
    <p class='ocr_par' dir='ltr' id='par_1_40' title="bbox 277 4099 1876 4162">
     <span class='ocr_line' id='line_1_40' title="bbox 277 4099 1876 4162; baseline -0.004 -1"><span class='ocrx_word' id='word_1_328' title='bbox 277 4106 459 4161; x_wconf 78' lang='lat' dir='ltr'><strong>vocati</strong></span> <span class='ocrx_word' id='word_1_329' title='bbox 481 4104 766 4162; x_wconf 84' lang='lat' dir='ltr'><strong>obedistis.</strong></span> <span class='ocrx_word' id='word_1_330' title='bbox 789 4104 918 4161; x_wconf 87' lang='lat' dir='ltr'><strong>Cum</strong></span> <span class='ocrx_word' id='word_1_331' title='bbox 944 4104 1172 4159; x_wconf 85' lang='lat' dir='ltr'><strong>omnibus</strong></span> <span class='ocrx_word' id='word_1_332' title='bbox 1192 4102 1538 4157; x_wconf 81' lang='lat' dir='ltr'><strong>invocantibus</strong></span> <span class='ocrx_word' id='word_1_333' title='bbox 1569 4117 1750 4156; x_wconf 83' lang='lat' dir='ltr'><strong>nomen</strong></span> <span class='ocrx_word' id='word_1_334' title='bbox 1778 4099 1876 4154; x_wconf 89' lang='lat' dir='ltr'><strong>Do-</strong></span> 
     </span>
    </p>
   </div>
   <div class='ocr_carea' id='block_1_41' title="bbox 280 4193 1875 4265">
    <p class='ocr_par' dir='ltr' id='par_1_41' title="bbox 280 4193 1875 4265">
     <span class='ocr_line' id='line_1_41' title="bbox 280 4193 1875 4265; baseline -0.001 -13"><span class='ocrx_word' id='word_1_335' title='bbox 280 4198 410 4252; x_wconf 69' lang='lat' dir='ltr'><strong>mini</strong></span> <span class='ocrx_word' id='word_1_336' title='bbox 437 4198 605 4251; x_wconf 82' lang='lat' dir='ltr'><strong>nostri</strong></span> <span class='ocrx_word' id='word_1_337' title='bbox 625 4195 753 4251; x_wconf 84' lang='lat' dir='ltr'><strong>Iesu</strong></span> <span class='ocrx_word' id='word_1_338' title='bbox 775 4196 982 4252; x_wconf 79' lang='lat' dir='ltr'><strong>Christi.</strong></span> <span class='ocrx_word' id='word_1_339' title='bbox 1003 4194 1119 4251; x_wconf 86' lang='lat' dir='ltr'><strong>Non</strong></span> <span class='ocrx_word' id='word_1_340' title='bbox 1150 4194 1309 4265; x_wconf 87' lang='lat' dir='ltr'><strong>hujus</strong></span> <span class='ocrx_word' id='word_1_341' title='bbox 1326 4206 1420 4250; x_wconf 87' lang='lat' dir='ltr'><strong>aut</strong></span> <span class='ocrx_word' id='word_1_342' title='bbox 1440 4195 1606 4263; x_wconf 91' lang='lat' dir='ltr'><strong>illius,</strong></span> <span class='ocrx_word' id='word_1_343' title='bbox 1632 4194 1729 4249; x_wconf 89' lang='lat' dir='ltr'><strong>sed</strong></span> <span class='ocrx_word' id='word_1_344' title='bbox 1758 4193 1875 4250; x_wconf 87' lang='lat' dir='ltr'><strong>No-</strong></span> 
     </span>
    </p>
   </div>
   <div class='ocr_carea' id='block_1_42' title="bbox 282 4286 1870 4359">
    <p class='ocr_par' dir='ltr' id='par_1_42' title="bbox 282 4286 1870 4359">
     <span class='ocr_line' id='line_1_42' title="bbox 282 4286 1870 4359; baseline -0.004 -13"><span class='ocrx_word' id='word_1_345' title='bbox 282 4307 402 4346; x_wconf 72' lang='lat' dir='ltr'><strong>men</strong></span> <span class='ocrx_word' id='word_1_346' title='bbox 428 4290 664 4345; x_wconf 84' lang='lat' dir='ltr'><strong>Domini.</strong></span> <span class='ocrx_word' id='word_1_347' title='bbox 690 4289 759 4343; x_wconf 89' lang='lat' dir='ltr'><strong>In</strong></span> <span class='ocrx_word' id='word_1_348' title='bbox 778 4290 916 4344; x_wconf 87' lang='lat' dir='ltr'><strong>omni</strong></span> <span class='ocrx_word' id='word_1_349' title='bbox 936 4290 1046 4343; x_wconf 84' lang='lat' dir='ltr'><strong>loco</strong></span> <span class='ocrx_word' id='word_1_350' title='bbox 1070 4298 1117 4343; x_wconf 89' lang='lat' dir='ltr'><strong>et</strong></span> <span class='ocrx_word' id='word_1_351' title='bbox 1136 4289 1363 4359; x_wconf 83' lang='lat' dir='ltr'><strong>ipsorum</strong></span> <span class='ocrx_word' id='word_1_352' title='bbox 1384 4296 1429 4342; x_wconf 86' lang='lat' dir='ltr'><strong>et</strong></span> <span class='ocrx_word' id='word_1_353' title='bbox 1450 4297 1643 4343; x_wconf 89' lang='lat' dir='ltr'><strong>nostro.</strong></span> <span class='ocrx_word' id='word_1_354' title='bbox 1672 4286 1870 4341; x_wconf 83' lang='lat' dir='ltr'><strong>Etiam-</strong></span> 
     </span>
    </p>
   </div>
   <div class='ocr_carea' id='block_1_43' title="bbox 280 4370 1876 4450">
    <p class='ocr_par' dir='ltr' id='par_1_43' title="bbox 280 4370 1876 4450">
     <span class='ocr_line' id='line_1_43' title="bbox 280 4370 1876 4450; baseline -0.004 -9"><span class='ocrx_word' id='word_1_355' title='bbox 280 4387 333 4442; x_wconf 85' lang='lat' dir='ltr'><strong>si</strong></span> <span class='ocrx_word' id='word_1_356' title='bbox 362 4385 507 4440; x_wconf 89' lang='lat' dir='ltr'><strong>enim</strong></span> <span class='ocrx_word' id='word_1_357' title='bbox 538 4384 716 4439; x_wconf 74' lang='lat' dir='ltr'><strong>literae</strong></span> <span class='ocrx_word' id='word_1_358' title='bbox 754 4373 822 4438; x_wconf 80' lang='lat' dir='ltr'><strong>ad</strong></span> <span class='ocrx_word' id='word_1_359' title='bbox 847 4381 1158 4438; x_wconf 90' lang='lat' dir='ltr'><strong>Corinthios</strong></span> <span class='ocrx_word' id='word_1_360' title='bbox 1187 4382 1362 4437; x_wconf 91' lang='lat' dir='ltr'><strong>solum</strong></span> <span class='ocrx_word' id='word_1_361' title='bbox 1387 4380 1603 4450; x_wconf 71' lang='lat' dir='ltr'><strong>scriptae</strong></span> <span class='ocrx_word' id='word_1_362' title='bbox 1645 4370 1790 4445; x_wconf 86' lang='lat' dir='ltr'><strong>sint;</strong></span> <span class='ocrx_word' id='word_1_363' title='bbox 1821 4390 1876 4435; x_wconf 90' lang='lat' dir='ltr'><strong>at</strong></span> 
     </span>
    </p>
   </div>
   <div class='ocr_carea' id='block_1_44' title="bbox 282 4471 1873 4537">
    <p class='ocr_par' dir='ltr' id='par_1_44' title="bbox 282 4471 1873 4537">
     <span class='ocr_line' id='line_1_44' title="bbox 282 4471 1873 4537; baseline -0.003 -5"><span class='ocrx_word' id='word_1_364' title='bbox 282 4491 477 4532; x_wconf 87' lang='lat' dir='ltr'><strong>omnes</strong></span> <span class='ocrx_word' id='word_1_365' title='bbox 499 4476 551 4530; x_wconf 90' lang='lat' dir='ltr'><strong>in</strong></span> <span class='ocrx_word' id='word_1_366' title='bbox 578 4474 838 4530; x_wconf 88' lang='lat' dir='ltr'><strong>universa</strong></span> <span class='ocrx_word' id='word_1_367' title='bbox 863 4483 1004 4530; x_wconf 88' lang='lat' dir='ltr'><strong>terra</strong></span> <span class='ocrx_word' id='word_1_368' title='bbox 1032 4472 1220 4528; x_wconf 87' lang='lat' dir='ltr'><strong>ﬁdeles</strong></span> <span class='ocrx_word' id='word_1_369' title='bbox 1254 4481 1556 4537; x_wconf 89' lang='lat' dir='ltr'><strong>memorat,</strong></span> <span class='ocrx_word' id='word_1_370' title='bbox 1585 4471 1873 4527; x_wconf 88' lang='lat' dir='ltr'><strong>ostendens</strong></span> 
     </span>
    </p>
   </div>
   <div class='ocr_carea' id='block_1_45' title="bbox 282 4565 1876 4630">
    <p class='ocr_par' dir='ltr' id='par_1_45' title="bbox 282 4565 1876 4630">
     <span class='ocr_line' id='line_1_45' title="bbox 282 4565 1876 4630; baseline -0.003 -6"><span class='ocrx_word' id='word_1_371' title='bbox 282 4584 446 4624; x_wconf 82' lang='lat' dir='ltr'><strong>unam</strong></span> <span class='ocrx_word' id='word_1_372' title='bbox 464 4582 589 4624; x_wconf 90' lang='lat' dir='ltr'><strong>esse</strong></span> <span class='ocrx_word' id='word_1_373' title='bbox 603 4566 803 4622; x_wconf 88' lang='lat' dir='ltr'><strong>debere</strong></span> <span class='ocrx_word' id='word_1_374' title='bbox 819 4568 870 4622; x_wconf 92' lang='lat' dir='ltr'><strong>in</strong></span> <span class='ocrx_word' id='word_1_375' title='bbox 888 4566 1021 4623; x_wconf 89' lang='lat' dir='ltr'><strong>orbe</strong></span> <span class='ocrx_word' id='word_1_376' title='bbox 1043 4566 1360 4630; x_wconf 82' lang='lat' dir='ltr'><strong>Ecclesium,</strong></span> <span class='ocrx_word' id='word_1_377' title='bbox 1382 4566 1510 4622; x_wconf 89' lang='lat' dir='ltr'><strong>licet</strong></span> <span class='ocrx_word' id='word_1_378' title='bbox 1524 4565 1707 4621; x_wconf 87' lang='lat' dir='ltr'><strong>multis</strong></span> <span class='ocrx_word' id='word_1_379' title='bbox 1725 4567 1776 4620; x_wconf 91' lang='lat' dir='ltr'><strong>in</strong></span> <span class='ocrx_word' id='word_1_380' title='bbox 1798 4566 1876 4620; x_wconf 91' lang='lat' dir='ltr'><strong>lo-</strong></span> 
     </span>
    </p>
   </div>
   <div class='ocr_carea' id='block_1_46' title="bbox 278 4658 1874 4730">
    <p class='ocr_par' dir='ltr' id='par_1_46' title="bbox 278 4658 1874 4730">
     <span class='ocr_line' id='line_1_46' title="bbox 278 4658 1874 4730; baseline -0.001 -14"><span class='ocrx_word' id='word_1_381' title='bbox 278 4661 364 4716; x_wconf 85' lang='lat' dir='ltr'><strong>cis</strong></span> <span class='ocrx_word' id='word_1_382' title='bbox 380 4668 688 4730; x_wconf 84' lang='lat' dir='ltr'><strong>separatam</strong></span> <span class='ocrx_word' id='word_1_383' title='bbox 705 4700 721 4725; x_wconf 93' lang='lat'><strong>,</strong></span> <span class='ocrx_word' id='word_1_384' title='bbox 740 4659 1015 4728; x_wconf 88' lang='lat' dir='ltr'><strong>multoque</strong></span> <span class='ocrx_word' id='word_1_385' title='bbox 1040 4658 1208 4729; x_wconf 89' lang='lat' dir='ltr'><strong>magis</strong></span> <span class='ocrx_word' id='word_1_386' title='bbox 1224 4674 1341 4713; x_wconf 87' lang='lat' dir='ltr'><strong>eam</strong></span> <span class='ocrx_word' id='word_1_387' title='bbox 1371 4675 1489 4728; x_wconf 69' lang='lat' dir='ltr'><strong>qua!</strong></span> <span class='ocrx_word' id='word_1_388' title='bbox 1507 4665 1587 4714; x_wconf 90' lang='lat' dir='ltr'><strong>est</strong></span> <span class='ocrx_word' id='word_1_389' title='bbox 1607 4658 1874 4715; x_wconf 86' lang='lat' dir='ltr'><strong>Corinthi.</strong></span> 
     </span>
    </p>
   </div>
   <div class='ocr_carea' id='block_1_47' title="bbox 280 4750 1873 4821">
    <p class='ocr_par' dir='ltr' id='par_1_47' title="bbox 280 4750 1873 4821">
     <span class='ocr_line' id='line_1_47' title="bbox 280 4750 1873 4821; baseline -0.003 -13"><span class='ocrx_word' id='word_1_390' title='bbox 280 4752 438 4820; x_wconf 87' lang='lat' dir='ltr'><strong>Quod</strong></span> <span class='ocrx_word' id='word_1_391' title='bbox 473 4753 520 4807; x_wconf 88' lang='lat' dir='ltr'><strong>si</strong></span> <span class='ocrx_word' id='word_1_392' title='bbox 559 4752 714 4806; x_wconf 84' lang='lat' dir='ltr'><strong>locus</strong></span> <span class='ocrx_word' id='word_1_393' title='bbox 750 4761 985 4821; x_wconf 88' lang='lat' dir='ltr'><strong>separat,</strong></span> <span class='ocrx_word' id='word_1_394' title='bbox 1028 4761 1082 4804; x_wconf 91' lang='lat' dir='ltr'><strong>at</strong></span> <span class='ocrx_word' id='word_1_395' title='bbox 1123 4750 1381 4804; x_wconf 88' lang='lat' dir='ltr'><strong>Dominus</strong></span> <span class='ocrx_word' id='word_1_396' title='bbox 1429 4750 1550 4804; x_wconf 88' lang='lat' dir='ltr'><strong>illos</strong></span> <span class='ocrx_word' id='word_1_397' title='bbox 1579 4751 1873 4821; x_wconf 87' lang='lat' dir='ltr'><strong>conjungit,</strong></span> 
     </span>
    </p>
   </div>
   <div class='ocr_carea' id='block_1_48' title="bbox 280 4841 1873 4913">
    <p class='ocr_par' dir='ltr' id='par_1_48' title="bbox 280 4841 1873 4913">
     <span class='ocr_line' id='line_1_48' title="bbox 280 4841 1873 4913; baseline -0.003 -13"><span class='ocrx_word' id='word_1_398' title='bbox 280 4844 596 4900; x_wconf 74' lang='lat' dir='ltr'><strong>communis</strong></span> <span class='ocrx_word' id='word_1_399' title='bbox 621 4857 745 4898; x_wconf 89' lang='lat' dir='ltr'><strong>cum</strong></span> <span class='ocrx_word' id='word_1_400' title='bbox 772 4843 842 4897; x_wconf 87' lang='lat' dir='ltr'><strong>sit</strong></span> <span class='ocrx_word' id='word_1_401' title='bbox 865 4860 878 4896; x_wconf 87' lang='lat'><strong>:</strong></span> <span class='ocrx_word' id='word_1_402' title='bbox 911 4842 1035 4898; x_wconf 87' lang='lat' dir='ltr'><strong>ideo</strong></span> <span class='ocrx_word' id='word_1_403' title='bbox 1060 4841 1388 4913; x_wconf 82' lang='lat' dir='ltr'><strong>conjungens</strong></span> <span class='ocrx_word' id='word_1_404' title='bbox 1428 4842 1548 4898; x_wconf 84' lang='lat' dir='ltr'><strong>illos</strong></span> <span class='ocrx_word' id='word_1_405' title='bbox 1576 4842 1873 4911; x_wconf 86' lang='lat' dir='ltr'><strong>subjuuxit,</strong></span> 
     </span>
    </p>
   </div>
   <div class='ocr_carea' id='block_1_49' title="bbox 283 4933 1876 5007">
    <p class='ocr_par' dir='ltr' id='par_1_49' title="bbox 283 4933 1876 5007">
     <span class='ocr_line' id='line_1_49' title="bbox 283 4933 1876 5007; baseline -0.004 -14"><span class='ocrx_word' id='word_1_406' title='bbox 283 4935 355 4993; x_wconf 77' lang='lat' dir='ltr'><strong>Et</strong></span> <span class='ocrx_word' id='word_1_407' title='bbox 382 4937 550 4992; x_wconf 78' lang='lat' dir='ltr'><strong>nostri</strong></span> <span class='ocrx_word' id='word_1_408' title='bbox 572 4946 622 4991; x_wconf 83' lang='lat' dir='ltr'><strong>et</strong></span> <span class='ocrx_word' id='word_1_409' title='bbox 658 4937 905 5007; x_wconf 85' lang='lat' dir='ltr'><strong>ipsorum.</strong></span> <span class='ocrx_word' id='word_1_410' title='bbox 944 4935 1042 4990; x_wconf 89' lang='lat' dir='ltr'><strong>Est</strong></span> <span class='ocrx_word' id='word_1_411' title='bbox 1067 4946 1242 4990; x_wconf 88' lang='lat' dir='ltr'><strong>autem</strong></span> <span class='ocrx_word' id='word_1_412' title='bbox 1274 4934 1376 4988; x_wconf 89' lang='lat' dir='ltr'><strong>hoc</strong></span> <span class='ocrx_word' id='word_1_413' title='bbox 1415 4933 1511 4989; x_wconf 89' lang='lat' dir='ltr'><strong>illo</strong></span> <span class='ocrx_word' id='word_1_414' title='bbox 1540 4936 1708 5005; x_wconf 85' lang='lat' dir='ltr'><strong>magis</strong></span> <span class='ocrx_word' id='word_1_415' title='bbox 1753 4951 1876 5004; x_wconf 59' lang='lat' dir='ltr'><strong>pro.</strong></span> 
     </span>
    </p>
   </div>
   <div class='ocr_carea' id='block_1_50' title="bbox 281 5026 1879 5101">
    <p class='ocr_par' dir='ltr' id='par_1_50' title="bbox 281 5026 1879 5101">
     <span class='ocr_line' id='line_1_50' title="bbox 281 5026 1879 5101; baseline -0.002 -17"><span class='ocrx_word' id='word_1_416' title='bbox 281 5031 489 5101; x_wconf 80' lang='lat' dir='ltr'><strong>prium.</strong></span> <span class='ocrx_word' id='word_1_417' title='bbox 512 5026 668 5085; x_wconf 86' lang='lat' dir='ltr'><strong>Sicut</strong></span> <span class='ocrx_word' id='word_1_418' title='bbox 694 5028 834 5083; x_wconf 88' lang='lat' dir='ltr'><strong>enim</strong></span> <span class='ocrx_word' id='word_1_419' title='bbox 863 5027 934 5091; x_wconf 90' lang='lat' dir='ltr'><strong>ii,</strong></span> <span class='ocrx_word' id='word_1_420' title='bbox 968 5028 1059 5097; x_wconf 89' lang='lat' dir='ltr'><strong>qui</strong></span> <span class='ocrx_word' id='word_1_421' title='bbox 1088 5042 1191 5082; x_wconf 92' lang='lat' dir='ltr'><strong>uno</strong></span> <span class='ocrx_word' id='word_1_422' title='bbox 1218 5027 1270 5081; x_wconf 92' lang='lat' dir='ltr'><strong>in</strong></span> <span class='ocrx_word' id='word_1_423' title='bbox 1300 5026 1419 5081; x_wconf 86' lang='lat' dir='ltr'><strong>loco</strong></span> <span class='ocrx_word' id='word_1_424' title='bbox 1445 5037 1590 5093; x_wconf 90' lang='lat' dir='ltr'><strong>sunt,</strong></span> <span class='ocrx_word' id='word_1_425' title='bbox 1616 5042 1740 5081; x_wconf 90' lang='lat' dir='ltr'><strong>cum</strong></span> <span class='ocrx_word' id='word_1_426' title='bbox 1761 5027 1879 5097; x_wconf 91' lang='lat' dir='ltr'><strong>plu-</strong></span> 
     </span>
    </p>
   </div>
   <div class='ocr_carea' id='block_1_51' title="bbox 281 5119 1877 5184">
    <p class='ocr_par' dir='ltr' id='par_1_51' title="bbox 281 5119 1877 5184">
     <span class='ocr_line' id='line_1_51' title="bbox 281 5119 1877 5184; baseline -0.003 -7"><span class='ocrx_word' id='word_1_427' title='bbox 281 5124 459 5178; x_wconf 83' lang='lat' dir='ltr'><strong>rimos</strong></span> <span class='ocrx_word' id='word_1_428' title='bbox 484 5120 686 5176; x_wconf 82' lang='lat' dir='ltr'><strong>habent</strong></span> <span class='ocrx_word' id='word_1_429' title='bbox 712 5120 960 5177; x_wconf 89' lang='lat' dir='ltr'><strong>dominos</strong></span> <span class='ocrx_word' id='word_1_430' title='bbox 985 5120 1303 5184; x_wconf 87' lang='lat' dir='ltr'><strong>contrarios,</strong></span> <span class='ocrx_word' id='word_1_431' title='bbox 1336 5119 1489 5174; x_wconf 87' lang='lat' dir='ltr'><strong>divisi</strong></span> <span class='ocrx_word' id='word_1_432' title='bbox 1521 5129 1645 5174; x_wconf 85' lang='lat' dir='ltr'><strong>sunt</strong></span> <span class='ocrx_word' id='word_1_433' title='bbox 1669 5128 1721 5174; x_wconf 90' lang='lat' dir='ltr'><strong>et</strong></span> <span class='ocrx_word' id='word_1_434' title='bbox 1746 5119 1877 5174; x_wconf 88' lang='lat' dir='ltr'><strong>nihil</strong></span> 
     </span>
    </p>
   </div>
   <div class='ocr_carea' id='block_1_52' title="bbox 285 5210 1881 5282">
    <p class='ocr_par' dir='ltr' id='par_1_52' title="bbox 285 5210 1881 5282">
     <span class='ocr_line' id='line_1_52' title="bbox 285 5210 1881 5282; baseline -0.004 -12"><span class='ocrx_word' id='word_1_435' title='bbox 285 5214 352 5270; x_wconf 78' lang='lat' dir='ltr'><strong>ad</strong></span> <span class='ocrx_word' id='word_1_436' title='bbox 381 5211 733 5270; x_wconf 83' lang='lat' dir='ltr'><strong>concordiam</strong></span> <span class='ocrx_word' id='word_1_437' title='bbox 763 5228 794 5268; x_wconf 87' lang='lat' dir='ltr'><strong>a</strong></span> <span class='ocrx_word' id='word_1_438' title='bbox 836 5213 957 5267; x_wconf 91' lang='lat' dir='ltr'><strong>loco</strong></span> <span class='ocrx_word' id='word_1_439' title='bbox 984 5212 1252 5282; x_wconf 88' lang='lat' dir='ltr'><strong>jttvantur,</strong></span> <span class='ocrx_word' id='word_1_440' title='bbox 1285 5210 1518 5266; x_wconf 86' lang='lat' dir='ltr'><strong>dominis</strong></span> <span class='ocrx_word' id='word_1_441' title='bbox 1557 5212 1765 5265; x_wconf 87' lang='lat' dir='ltr'><strong>diversa</strong></span> <span class='ocrx_word' id='word_1_442' title='bbox 1793 5210 1881 5280; x_wconf 87' lang='lat' dir='ltr'><strong>ju-</strong></span> 
     </span>
    </p>
   </div>
   <div class='ocr_carea' id='block_1_53' title="bbox 286 5302 1880 5374">
    <p class='ocr_par' dir='ltr' id='par_1_53' title="bbox 286 5302 1880 5374">
     <span class='ocr_line' id='line_1_53' title="bbox 286 5302 1880 5374; baseline -0.003 -12"><span class='ocrx_word' id='word_1_443' title='bbox 286 5305 543 5362; x_wconf 84' lang='lat' dir='ltr'><strong>bentibus</strong></span> <span class='ocrx_word' id='word_1_444' title='bbox 572 5313 629 5361; x_wconf 92' lang='lat' dir='ltr'><strong>et</strong></span> <span class='ocrx_word' id='word_1_445' title='bbox 658 5304 727 5361; x_wconf 87' lang='lat' dir='ltr'><strong>ad</strong></span> <span class='ocrx_word' id='word_1_446' title='bbox 752 5320 811 5361; x_wconf 86' lang='lat' dir='ltr'><strong>se</strong></span> <span class='ocrx_word' id='word_1_447' title='bbox 838 5304 1171 5360; x_wconf 85' lang='lat' dir='ltr'><strong>trahentibus</strong></span> <span class='ocrx_word' id='word_1_448' title='bbox 1199 5322 1213 5359; x_wconf 90' lang='lat'>:</span> <span class='ocrx_word' id='word_1_449' title='bbox 1246 5302 1367 5358; x_wconf 86' lang='lat' dir='ltr'><strong>Non</strong></span> <span class='ocrx_word' id='word_1_450' title='bbox 1393 5305 1599 5374; x_wconf 83' lang='lat' dir='ltr'><strong>potestis</strong></span> <span class='ocrx_word' id='word_1_451' title='bbox 1620 5305 1773 5367; x_wconf 86' lang='lat' dir='ltr'><strong>enim,</strong></span> <span class='ocrx_word' id='word_1_452' title='bbox 1799 5304 1880 5357; x_wconf 90' lang='lat' dir='ltr'><strong>itt-</strong></span> 
     </span>
    </p>
   </div>
   <div class='ocr_carea' id='block_1_54' title="bbox 290 5394 1877 5468">
    <p class='ocr_par' dir='ltr' id='par_1_54' title="bbox 290 5394 1877 5468">
     <span class='ocr_line' id='line_1_54' title="bbox 290 5394 1877 5468; baseline -0.004 -15"><span class='ocrx_word' id='word_1_453' title='bbox 290 5400 425 5468; x_wconf 84' lang='lat' dir='ltr'><strong>quit,</strong></span> <span class='ocrx_word' id='word_1_454' title='bbox 452 5399 642 5453; x_wconf 78' lang='lat' dir='ltr'><strong>servire</strong></span> <span class='ocrx_word' id='word_1_455' title='bbox 662 5396 772 5452; x_wconf 87' lang='lat' dir='ltr'><strong>Deo</strong></span> <span class='ocrx_word' id='word_1_456' title='bbox 799 5405 847 5452; x_wconf 90' lang='lat' dir='ltr'><strong>et</strong></span> <span class='ocrx_word' id='word_1_457' title='bbox 874 5395 1165 5466; x_wconf 67' lang='lat' dir='ltr'><strong>ntantona?(</strong></span> <span class='ocrx_word' id='word_1_458' title='bbox 1198 5394 1388 5449; x_wconf 81' lang='lat' dir='ltr'><strong>Matth.</strong></span> <span class='ocrx_word' id='word_1_459' title='bbox 1417 5396 1468 5450; x_wconf 89' lang='lat'><strong>6.</strong></span> <span class='ocrx_word' id='word_1_460' title='bbox 1495 5395 1566 5449; x_wconf 69' lang='grc'><strong>24</strong></span> <span class='ocrx_word' id='word_1_461' title='bbox 1599 5394 1619 5466; x_wconf 83' lang='grc'><strong>)</strong></span> <span class='ocrx_word' id='word_1_462' title='bbox 1647 5412 1659 5449; x_wconf 93' lang='lat'>:</span> <span class='ocrx_word' id='word_1_463' title='bbox 1689 5394 1767 5450; x_wconf 89' lang='lat' dir='ltr'><strong>sic</strong></span> <span class='ocrx_word' id='word_1_464' title='bbox 1787 5395 1877 5465; x_wconf 87' lang='lat' dir='ltr'><strong>qui</strong></span> 
     </span>
    </p>
   </div>
   <div class='ocr_carea' id='block_1_55' title="bbox 292 5486 1875 5551">
    <p class='ocr_par' dir='ltr' id='par_1_55' title="bbox 292 5486 1875 5551">
     <span class='ocr_line' id='line_1_55' title="bbox 292 5486 1875 5551; baseline -0.003 -7"><span class='ocrx_word' id='word_1_465' title='bbox 292 5488 345 5544; x_wconf 86' lang='lat' dir='ltr'><strong>in</strong></span> <span class='ocrx_word' id='word_1_466' title='bbox 371 5489 609 5545; x_wconf 90' lang='lat' dir='ltr'><strong>diversis</strong></span> <span class='ocrx_word' id='word_1_467' title='bbox 637 5488 773 5544; x_wconf 89' lang='lat' dir='ltr'><strong>locis</strong></span> <span class='ocrx_word' id='word_1_468' title='bbox 800 5497 942 5551; x_wconf 89' lang='lat' dir='ltr'><strong>sunt,</strong></span> <span class='ocrx_word' id='word_1_469' title='bbox 996 5488 1039 5543; x_wconf 91' lang='lat' dir='ltr'><strong>si</strong></span> <span class='ocrx_word' id='word_1_470' title='bbox 1071 5503 1177 5542; x_wconf 90' lang='lat' dir='ltr'><strong>non</strong></span> <span class='ocrx_word' id='word_1_471' title='bbox 1209 5486 1452 5542; x_wconf 88' lang='lat' dir='ltr'><strong>diversos</strong></span> <span class='ocrx_word' id='word_1_472' title='bbox 1483 5486 1755 5541; x_wconf 82' lang='lat' dir='ltr'><strong>habebant</strong></span> <span class='ocrx_word' id='word_1_473' title='bbox 1778 5486 1875 5541; x_wconf 86' lang='lat' dir='ltr'><strong>do-</strong></span> 
     </span>
    </p>
   </div>
   <div class='ocr_carea' id='block_1_56' title="bbox 295 5577 1880 5645">
    <p class='ocr_par' dir='ltr' id='par_1_56' title="bbox 295 5577 1880 5645">
     <span class='ocr_line' id='line_1_56' title="bbox 295 5577 1880 5645; baseline -0.002 -11"><span class='ocrx_word' id='word_1_474' title='bbox 295 5580 492 5645; x_wconf 81' lang='lat' dir='ltr'><strong>minos,</strong></span> <span class='ocrx_word' id='word_1_475' title='bbox 526 5579 626 5636; x_wconf 86' lang='lat' dir='ltr'><strong>sed</strong></span> <span class='ocrx_word' id='word_1_476' title='bbox 656 5596 819 5635; x_wconf 88' lang='lat' dir='ltr'><strong>unum</strong></span> <span class='ocrx_word' id='word_1_477' title='bbox 862 5588 1089 5644; x_wconf 86' lang='lat' dir='ltr'><strong>tantum,</strong></span> <span class='ocrx_word' id='word_1_478' title='bbox 1122 5578 1255 5632; x_wconf 89' lang='lat' dir='ltr'><strong>nihil</strong></span> <span class='ocrx_word' id='word_1_479' title='bbox 1285 5577 1351 5632; x_wconf 87' lang='lat' dir='ltr'><strong>ad</strong></span> <span class='ocrx_word' id='word_1_480' title='bbox 1390 5577 1732 5633; x_wconf 82' lang='lat' dir='ltr'><strong>concordiam</strong></span> <span class='ocrx_word' id='word_1_481' title='bbox 1764 5592 1880 5631; x_wconf 83' lang='lat' dir='ltr'><strong>ser-</strong></span> 
     </span>
    </p>
   </div>
   <div class='ocr_carea' id='block_1_57' title="bbox 299 5668 1876 5738">
    <p class='ocr_par' dir='ltr' id='par_1_57' title="bbox 299 5668 1876 5738">
     <span class='ocr_line' id='line_1_57' title="bbox 299 5668 1876 5738; baseline -0.002 -13"><span class='ocrx_word' id='word_1_482' title='bbox 299 5670 523 5726; x_wconf 81' lang='lat' dir='ltr'><strong>vandam</strong></span> <span class='ocrx_word' id='word_1_483' title='bbox 542 5687 575 5727; x_wconf 88' lang='lat' dir='ltr'><strong>a</strong></span> <span class='ocrx_word' id='word_1_484' title='bbox 598 5672 729 5727; x_wconf 87' lang='lat' dir='ltr'><strong>locis</strong></span> <span class='ocrx_word' id='word_1_485' title='bbox 754 5672 1036 5735; x_wconf 78' lang='lat' dir='ltr'><strong>heduntur,</strong></span> <span class='ocrx_word' id='word_1_486' title='bbox 1060 5685 1166 5725; x_wconf 91' lang='lat' dir='ltr'><strong>uno</strong></span> <span class='ocrx_word' id='word_1_487' title='bbox 1190 5669 1406 5725; x_wconf 89' lang='lat' dir='ltr'><strong>domino</strong></span> <span class='ocrx_word' id='word_1_488' title='bbox 1428 5669 1547 5724; x_wconf 90' lang='lat' dir='ltr'><strong>illos</strong></span> <span class='ocrx_word' id='word_1_489' title='bbox 1570 5668 1876 5738; x_wconf 74' lang='lat' dir='ltr'><strong>copuiante.</strong></span> 
     </span>
    </p>
   </div>
   <div class='ocr_carea' id='block_1_58' title="bbox 301 5760 1876 5837">
    <p class='ocr_par' dir='ltr' id='par_1_58' title="bbox 301 5760 1876 5837">
     <span class='ocr_line' id='line_1_58' title="bbox 301 5760 1876 5837; baseline -0.001 -20"><span class='ocrx_word' id='word_1_490' title='bbox 301 5760 411 5818; x_wconf 74' lang='lat' dir='ltr'><strong>Non</strong></span> <span class='ocrx_word' id='word_1_491' title='bbox 443 5763 564 5820; x_wconf 90' lang='lat' dir='ltr'><strong>dico</strong></span> <span class='ocrx_word' id='word_1_492' title='bbox 594 5765 773 5837; x_wconf 79' lang='lat' dir='ltr'><strong>igitur,</strong></span> <span class='ocrx_word' id='word_1_493' title='bbox 798 5765 988 5835; x_wconf 88' lang='lat' dir='ltr'><strong>inquit,</strong></span> <span class='ocrx_word' id='word_1_494' title='bbox 1018 5778 1133 5828; x_wconf 91' lang='lat' dir='ltr'><strong>vos,</strong></span> <span class='ocrx_word' id='word_1_495' title='bbox 1156 5760 1414 5818; x_wconf 82' lang='lat' dir='ltr'><strong>Corinthii</strong></span> <span class='ocrx_word' id='word_1_496' title='bbox 1437 5776 1560 5816; x_wconf 90' lang='lat' dir='ltr'><strong>cum</strong></span> <span class='ocrx_word' id='word_1_497' title='bbox 1591 5760 1733 5828; x_wconf 88' lang='lat' dir='ltr'><strong>sitis,</strong></span> <span class='ocrx_word' id='word_1_498' title='bbox 1754 5776 1876 5815; x_wconf 85' lang='lat' dir='ltr'><strong>cum</strong></span> 
     </span>
    </p>
   </div>
   <div class='ocr_carea' id='block_1_59' title="bbox 306 5853 1872 5924">
    <p class='ocr_par' dir='ltr' id='par_1_59' title="bbox 306 5853 1872 5924">
     <span class='ocr_line' id='line_1_59' title="bbox 306 5853 1872 5924; baseline -0.001 -12"><span class='ocrx_word' id='word_1_499' title='bbox 306 5853 589 5914; x_wconf 75' lang='lat' dir='ltr'><strong>Corinthiis</strong></span> <span class='ocrx_word' id='word_1_500' title='bbox 628 5868 829 5916; x_wconf 86' lang='lat' dir='ltr'><strong>tantum</strong></span> <span class='ocrx_word' id='word_1_501' title='bbox 869 5854 1166 5915; x_wconf 87' lang='lat' dir='ltr'><strong>concordes</strong></span> <span class='ocrx_word' id='word_1_502' title='bbox 1196 5869 1315 5913; x_wconf 86' lang='lat' dir='ltr'><strong>esse</strong></span> <span class='ocrx_word' id='word_1_503' title='bbox 1358 5853 1577 5924; x_wconf 81' lang='lat' dir='ltr'><strong>debere,</strong></span> <span class='ocrx_word' id='word_1_504' title='bbox 1622 5853 1717 5912; x_wconf 84' lang='lat' dir='ltr'><strong>sed</strong></span> <span class='ocrx_word' id='word_1_505' title='bbox 1751 5868 1872 5910; x_wconf 90' lang='lat' dir='ltr'><strong>cum</strong></span> 
     </span>
    </p>
   </div>
   <div class='ocr_carea' id='block_1_60' title="bbox 1391 387 2476 447">
    <p class='ocr_par' dir='ltr' id='par_1_60' title="bbox 1391 387 2476 447">
     <span class='ocr_line' id='line_1_60' title="bbox 1391 387 2476 447; baseline 0 -3"><span class='ocrx_word' id='word_1_506' title='bbox 1391 388 1457 445; x_wconf 76' lang='lat' dir='ltr'><strong>IN</strong></span> <span class='ocrx_word' id='word_1_507' title='bbox 1496 388 1712 447; x_wconf 78' lang='lat' dir='ltr'><strong>EPIST.</strong></span> <span class='ocrx_word' id='word_1_508' title='bbox 1753 388 1793 443; x_wconf 95' lang='lat' dir='ltr'><strong>I.</strong></span> <span class='ocrx_word' id='word_1_509' title='bbox 1832 388 1927 445; x_wconf 87' lang='lat' dir='ltr'><strong>AD</strong></span> <span class='ocrx_word' id='word_1_510' title='bbox 1965 387 2123 444; x_wconf 83' lang='lat' dir='ltr'><strong>COR.</strong></span> <span class='ocrx_word' id='word_1_511' title='bbox 2167 389 2394 446; x_wconf 80' lang='lat' dir='ltr'><strong>HOMIL.</strong></span> <span class='ocrx_word' id='word_1_512' title='bbox 2436 391 2476 446; x_wconf 90' lang='lat' dir='ltr'><strong>I.</strong></span> 
     </span>
    </p>
   </div>
   <div class='ocr_carea' id='block_1_61' title="bbox 3540 401 3606 456">
    <p class='ocr_par' dir='ltr' id='par_1_61' title="bbox 3540 401 3606 456">
     <span class='ocr_line' id='line_1_61' title="bbox 3540 401 3606 456; baseline 0 0"><span class='ocrx_word' id='word_1_513' title='bbox 3540 401 3606 456; x_wconf 75' lang='grc' dir='ltr'>Η</span> 
     </span>
    </p>
   </div>
   <div class='ocr_carea' id='block_1_62' title="bbox 2020 505 3606 577">
    <p class='ocr_par' dir='ltr' id='par_1_62' title="bbox 2020 505 3606 577">
     <span class='ocr_line' id='line_1_62' title="bbox 2020 505 3606 577; baseline 0.01 -19"><span class='ocrx_word' id='word_1_514' title='bbox 2020 505 2269 561; x_wconf 90' lang='lat' dir='ltr'><strong>omnibus</strong></span> <span class='ocrx_word' id='word_1_515' title='bbox 2291 506 2380 577; x_wconf 91' lang='lat' dir='ltr'><strong>qui</strong></span> <span class='ocrx_word' id='word_1_516' title='bbox 2413 507 2464 561; x_wconf 92' lang='lat' dir='ltr'><strong>in</strong></span> <span class='ocrx_word' id='word_1_517' title='bbox 2492 506 2623 564; x_wconf 90' lang='lat' dir='ltr'><strong>orbe</strong></span> <span class='ocrx_word' id='word_1_518' title='bbox 2649 518 2772 564; x_wconf 88' lang='lat' dir='ltr'><strong>sunt</strong></span> <span class='ocrx_word' id='word_1_519' title='bbox 2797 550 2814 575; x_wconf 92' lang='lat'><strong>,</strong></span> <span class='ocrx_word' id='word_1_520' title='bbox 2845 525 2970 566; x_wconf 91' lang='lat' dir='ltr'><strong>cum</strong></span> <span class='ocrx_word' id='word_1_521' title='bbox 2998 526 3335 569; x_wconf 78' lang='lat' dir='ltr'><strong>communem</strong></span> <span class='ocrx_word' id='word_1_522' title='bbox 3364 514 3606 574; x_wconf 81' lang='lat' dir='ltr'><strong>habeatis</strong></span> 
     </span>
    </p>
   </div>
   <div class='ocr_carea' id='block_1_63' title="bbox 2019 595 3602 676">
    <p class='ocr_par' dir='ltr' id='par_1_63' title="bbox 2019 595 3602 676">
     <span class='ocr_line' id='line_1_63' title="bbox 2019 595 3602 676; baseline 0.009 -26"><span class='ocrx_word' id='word_1_523' title='bbox 2019 595 2326 655; x_wconf 90' lang='lat' dir='ltr'><strong>Dominum.</strong></span> <span class='ocrx_word' id='word_1_524' title='bbox 2360 599 2485 655; x_wconf 86' lang='lat' dir='ltr'><strong>Ideo</strong></span> <span class='ocrx_word' id='word_1_525' title='bbox 2519 602 2756 656; x_wconf 72' lang='lat' dir='ltr'><strong>secundo</strong></span> <span class='ocrx_word' id='word_1_526' title='bbox 2794 603 3009 672; x_wconf 85' lang='lat' dir='ltr'><strong>adjecit,</strong></span> <span class='ocrx_word' id='word_1_527' title='bbox 3044 604 3242 664; x_wconf 76' lang='lat' dir='ltr'><strong>Nostri.</strong></span> <span class='ocrx_word' id='word_1_528' title='bbox 3287 608 3425 676; x_wconf 84' lang='lat' dir='ltr'><strong>Quia</strong></span> <span class='ocrx_word' id='word_1_529' title='bbox 3458 611 3602 665; x_wconf 89' lang='lat' dir='ltr'><strong>enim</strong></span> 
     </span>
    </p>
   </div>
   <div class='ocr_carea' id='block_1_64' title="bbox 2014 687 3602 772">
    <p class='ocr_par' dir='ltr' id='par_1_64' title="bbox 2014 687 3602 772">
     <span class='ocr_line' id='line_1_64' title="bbox 2014 687 3602 772; baseline 0.006 -29"><span class='ocrx_word' id='word_1_530' title='bbox 2014 687 2170 755; x_wconf 75' lang='lat' dir='ltr'><strong>dixit,</strong></span> <span class='ocrx_word' id='word_1_531' title='bbox 2203 689 2404 745; x_wconf 84' lang='lat' dir='ltr'><strong>Nomen</strong></span> <span class='ocrx_word' id='word_1_532' title='bbox 2432 689 2641 745; x_wconf 86' lang='lat' dir='ltr'><strong>Domini</strong></span> <span class='ocrx_word' id='word_1_533' title='bbox 2676 695 2835 748; x_wconf 79' lang='lat' dir='ltr'><strong>nostri</strong></span> <span class='ocrx_word' id='word_1_534' title='bbox 2861 695 2983 749; x_wconf 81' lang='lat' dir='ltr'><strong>Iesu</strong></span> <span class='ocrx_word' id='word_1_535' title='bbox 3006 695 3232 760; x_wconf 79' lang='lat' dir='ltr'><strong>Christi;</strong></span> <span class='ocrx_word' id='word_1_536' title='bbox 3262 713 3329 751; x_wconf 86' lang='lat' dir='ltr'><strong>tte</strong></span> <span class='ocrx_word' id='word_1_537' title='bbox 3349 699 3489 772; x_wconf 89' lang='lat' dir='ltr'><strong>apud</strong></span> <span class='ocrx_word' id='word_1_538' title='bbox 3520 701 3602 756; x_wconf 87' lang='lat' dir='ltr'><strong>itt-</strong></span> 
     </span>
    </p>
   </div>
   <div class='ocr_carea' id='block_1_65' title="bbox 2013 778 3601 857">
    <p class='ocr_par' dir='ltr' id='par_1_65' title="bbox 2013 778 3601 857">
     <span class='ocr_line' id='line_1_65' title="bbox 2013 778 3601 857; baseline 0.008 -24"><span class='ocrx_word' id='word_1_539' title='bbox 2013 778 2272 849; x_wconf 89' lang='lat' dir='ltr'><strong>sipientes</strong></span> <span class='ocrx_word' id='word_1_540' title='bbox 2305 796 2557 851; x_wconf 87' lang='lat' dir='ltr'><strong>separare</strong></span> <span class='ocrx_word' id='word_1_541' title='bbox 2592 783 2881 848; x_wconf 85' lang='lat' dir='ltr'><strong>videretur,</strong></span> <span class='ocrx_word' id='word_1_542' title='bbox 2922 801 3109 841; x_wconf 87' lang='lat' dir='ltr'><strong>rursus</strong></span> <span class='ocrx_word' id='word_1_543' title='bbox 3151 788 3352 857; x_wconf 88' lang='lat' dir='ltr'><strong>adjicit,</strong></span> <span class='ocrx_word' id='word_1_544' title='bbox 3394 789 3601 845; x_wconf 81' lang='lat' dir='ltr'><strong>Domini</strong></span> 
     </span>
    </p>
   </div>
   <div class='ocr_carea' id='block_1_66' title="bbox 2012 874 3596 950">
    <p class='ocr_par' dir='ltr' id='par_1_66' title="bbox 2012 874 3596 950">
     <span class='ocr_line' id='line_1_66' title="bbox 2012 874 3596 950; baseline 0.008 -23"><span class='ocrx_word' id='word_1_545' title='bbox 2012 874 2172 927; x_wconf 81' lang='lat' dir='ltr'><strong>nostri</strong></span> <span class='ocrx_word' id='word_1_546' title='bbox 2191 884 2240 930; x_wconf 88' lang='lat' dir='ltr'><strong>et</strong></span> <span class='ocrx_word' id='word_1_547' title='bbox 2267 875 2514 945; x_wconf 84' lang='lat' dir='ltr'><strong>ipsorum.</strong></span> <span class='ocrx_word' id='word_1_548' title='bbox 2555 877 2621 931; x_wconf 86' lang='lat' dir='ltr'><strong>Et</strong></span> <span class='ocrx_word' id='word_1_549' title='bbox 2646 887 2702 931; x_wconf 93' lang='lat' dir='ltr'><strong>ut</strong></span> <span class='ocrx_word' id='word_1_550' title='bbox 2738 878 2934 932; x_wconf 88' lang='lat' dir='ltr'><strong>clarius</strong></span> <span class='ocrx_word' id='word_1_551' title='bbox 2959 881 3148 934; x_wconf 85' lang='lat' dir='ltr'><strong>evadat</strong></span> <span class='ocrx_word' id='word_1_552' title='bbox 3191 881 3244 935; x_wconf 91' lang='lat' dir='ltr'><strong>id</strong></span> <span class='ocrx_word' id='word_1_553' title='bbox 3271 883 3411 950; x_wconf 88' lang='lat' dir='ltr'><strong>quod</strong></span> <span class='ocrx_word' id='word_1_554' title='bbox 3451 882 3596 949; x_wconf 85' lang='lat' dir='ltr'><strong>dico,</strong></span> 
     </span>
    </p>
   </div>
   <div class='ocr_carea' id='block_1_67' title="bbox 2011 964 3595 1039">
    <p class='ocr_par' dir='ltr' id='par_1_67' title="bbox 2011 964 3595 1039">
     <span class='ocr_line' id='line_1_67' title="bbox 2011 964 3595 1039; baseline 0.008 -22"><span class='ocrx_word' id='word_1_555' title='bbox 2011 964 2091 1018; x_wconf 88' lang='lat' dir='ltr'><strong>sic</strong></span> <span class='ocrx_word' id='word_1_556' title='bbox 2120 964 2294 1034; x_wconf 82' lang='lat' dir='ltr'><strong>legam</strong></span> <span class='ocrx_word' id='word_1_557' title='bbox 2323 976 2381 1022; x_wconf 91' lang='lat' dir='ltr'><strong>ut</strong></span> <span class='ocrx_word' id='word_1_558' title='bbox 2422 981 2613 1022; x_wconf 88' lang='lat' dir='ltr'><strong>sensus</strong></span> <span class='ocrx_word' id='word_1_559' title='bbox 2650 968 2881 1039; x_wconf 87' lang='lat' dir='ltr'><strong>postulat</strong></span> <span class='ocrx_word' id='word_1_560' title='bbox 2920 986 2934 1023; x_wconf 89' lang='lat'><strong>:</strong></span> <span class='ocrx_word' id='word_1_561' title='bbox 2973 969 3170 1026; x_wconf 87' lang='lat' dir='ltr'><strong>Paulus</strong></span> <span class='ocrx_word' id='word_1_562' title='bbox 3211 980 3266 1027; x_wconf 91' lang='lat' dir='ltr'><strong>et</strong></span> <span class='ocrx_word' id='word_1_563' title='bbox 3304 972 3595 1030; x_wconf 83' lang='lat' dir='ltr'><strong>Sostbenes</strong></span> 
     </span>
    </p>
   </div>
   <div class='ocr_carea' id='block_1_68' title="bbox 2010 1055 3599 1130">
    <p class='ocr_par' dir='ltr' id='par_1_68' title="bbox 2010 1055 3599 1130">
     <span class='ocr_line' id='line_1_68' title="bbox 2010 1055 3599 1130; baseline 0.008 -21"><span class='ocrx_word' id='word_1_564' title='bbox 2010 1055 2266 1111; x_wconf 69' lang='lat' dir='ltr'><strong>Ecclesiae</strong></span> <span class='ocrx_word' id='word_1_565' title='bbox 2297 1058 2410 1118; x_wconf 88' lang='lat' dir='ltr'><strong>Dei.</strong></span> <span class='ocrx_word' id='word_1_566' title='bbox 2441 1074 2561 1129; x_wconf 74' lang='lat' dir='ltr'><strong>qua:</strong></span> <span class='ocrx_word' id='word_1_567' title='bbox 2586 1070 2669 1115; x_wconf 91' lang='lat' dir='ltr'><strong>est</strong></span> <span class='ocrx_word' id='word_1_568' title='bbox 2695 1062 2955 1130; x_wconf 86' lang='lat' dir='ltr'><strong>Corinthi,</strong></span> <span class='ocrx_word' id='word_1_569' title='bbox 2988 1072 3044 1118; x_wconf 91' lang='lat' dir='ltr'><strong>et</strong></span> <span class='ocrx_word' id='word_1_570' title='bbox 3068 1065 3316 1122; x_wconf 91' lang='lat' dir='ltr'><strong>omnibus</strong></span> <span class='ocrx_word' id='word_1_571' title='bbox 3344 1069 3599 1122; x_wconf 82' lang='lat' dir='ltr'><strong>invocati-</strong></span> 
     </span>
    </p>
   </div>
   <div class='ocr_carea' id='block_1_69' title="bbox 2010 1146 3594 1224">
    <p class='ocr_par' dir='ltr' id='par_1_69' title="bbox 2010 1146 3594 1224">
     <span class='ocr_line' id='line_1_69' title="bbox 2010 1146 3594 1224; baseline 0.007 -23"><span class='ocrx_word' id='word_1_572' title='bbox 2010 1146 2152 1203; x_wconf 91' lang='lat' dir='ltr'><strong>tibus</strong></span> <span class='ocrx_word' id='word_1_573' title='bbox 2176 1164 2373 1205; x_wconf 91' lang='lat' dir='ltr'><strong>nomen</strong></span> <span class='ocrx_word' id='word_1_574' title='bbox 2403 1150 2611 1206; x_wconf 87' lang='lat' dir='ltr'><strong>Domini</strong></span> <span class='ocrx_word' id='word_1_575' title='bbox 2644 1155 2811 1206; x_wconf 88' lang='lat' dir='ltr'><strong>nostri</strong></span> <span class='ocrx_word' id='word_1_576' title='bbox 2850 1162 2903 1209; x_wconf 91' lang='lat' dir='ltr'><strong>et</strong></span> <span class='ocrx_word' id='word_1_577' title='bbox 2933 1154 3169 1223; x_wconf 88' lang='lat' dir='ltr'><strong>ipsorum</strong></span> <span class='ocrx_word' id='word_1_578' title='bbox 3198 1158 3250 1210; x_wconf 89' lang='lat' dir='ltr'><strong>itt</strong></span> <span class='ocrx_word' id='word_1_579' title='bbox 3279 1158 3425 1212; x_wconf 91' lang='lat' dir='ltr'><strong>omni</strong></span> <span class='ocrx_word' id='word_1_580' title='bbox 3452 1159 3594 1224; x_wconf 84' lang='lat' dir='ltr'><strong>loco,</strong></span> 
     </span>
    </p>
   </div>
   <div class='ocr_carea' id='block_1_70' title="bbox 2005 1238 3593 1315">
    <p class='ocr_par' dir='ltr' id='par_1_70' title="bbox 2005 1238 3593 1315">
     <span class='ocr_line' id='line_1_70' title="bbox 2005 1238 3593 1315; baseline 0.009 -23"><span class='ocrx_word' id='word_1_581' title='bbox 2005 1238 2119 1292; x_wconf 85' lang='lat' dir='ltr'><strong>sive</strong></span> <span class='ocrx_word' id='word_1_582' title='bbox 2145 1238 2352 1307; x_wconf 68' lang='lat' dir='ltr'><strong>Romae,</strong></span> <span class='ocrx_word' id='word_1_583' title='bbox 2391 1242 2504 1298; x_wconf 86' lang='lat' dir='ltr'><strong>sive</strong></span> <span class='ocrx_word' id='word_1_584' title='bbox 2545 1243 2865 1315; x_wconf 89' lang='lat' dir='ltr'><strong>ubicumque</strong></span> <span class='ocrx_word' id='word_1_585' title='bbox 2909 1246 3105 1302; x_wconf 81' lang='lat' dir='ltr'><strong>fuerint</strong></span> <span class='ocrx_word' id='word_1_586' title='bbox 3132 1262 3147 1308; x_wconf 88' lang='lat'><strong>:</strong></span> <span class='ocrx_word' id='word_1_587' title='bbox 3180 1247 3360 1304; x_wconf 79' lang='lat' dir='ltr'><strong>Gratia</strong></span> <span class='ocrx_word' id='word_1_588' title='bbox 3386 1252 3524 1306; x_wconf 82' lang='lat' dir='ltr'><strong>vobis</strong></span> <span class='ocrx_word' id='word_1_589' title='bbox 3548 1263 3593 1306; x_wconf 90' lang='lat' dir='ltr'><strong>et</strong></span> 
     </span>
    </p>
   </div>
   <div class='ocr_carea' id='block_1_71' title="bbox 2007 1330 3589 1400">
    <p class='ocr_par' dir='ltr' id='par_1_71' title="bbox 2007 1330 3589 1400">
     <span class='ocr_line' id='line_1_71' title="bbox 2007 1330 3589 1400; baseline 0.01 -16"><span class='ocrx_word' id='word_1_590' title='bbox 2007 1347 2112 1399; x_wconf 73' lang='lat' dir='ltr'><strong>pan:</strong></span> <span class='ocrx_word' id='word_1_591' title='bbox 2133 1347 2166 1384; x_wconf 88' lang='lat' dir='ltr'><strong>a</strong></span> <span class='ocrx_word' id='word_1_592' title='bbox 2192 1330 2303 1387; x_wconf 88' lang='lat' dir='ltr'><strong>Deo</strong></span> <span class='ocrx_word' id='word_1_593' title='bbox 2337 1331 2494 1388; x_wconf 84' lang='lat' dir='ltr'><strong>Patre</strong></span> <span class='ocrx_word' id='word_1_594' title='bbox 2532 1346 2703 1391; x_wconf 86' lang='lat' dir='ltr'><strong>nostra</strong></span> <span class='ocrx_word' id='word_1_595' title='bbox 2736 1347 2782 1390; x_wconf 85' lang='lat' dir='ltr'><strong>et</strong></span> <span class='ocrx_word' id='word_1_596' title='bbox 2818 1335 3038 1393; x_wconf 88' lang='lat' dir='ltr'><strong>Domino</strong></span> <span class='ocrx_word' id='word_1_597' title='bbox 3066 1339 3193 1394; x_wconf 87' lang='lat' dir='ltr'><strong>Iesu</strong></span> <span class='ocrx_word' id='word_1_598' title='bbox 3228 1341 3448 1397; x_wconf 77' lang='lat' dir='ltr'><strong>Clu-isto.</strong></span> <span class='ocrx_word' id='word_1_599' title='bbox 3497 1343 3589 1400; x_wconf 85' lang='lat' dir='ltr'><strong>Vel</strong></span> 
     </span>
    </p>
   </div>
   <div class='ocr_carea' id='block_1_72' title="bbox 2004 1422 3590 1492">
    <p class='ocr_par' dir='ltr' id='par_1_72' title="bbox 2004 1422 3590 1492">
     <span class='ocr_line' id='line_1_72' title="bbox 2004 1422 3590 1492; baseline 0.011 -17"><span class='ocrx_word' id='word_1_600' title='bbox 2004 1422 2083 1477; x_wconf 90' lang='lat' dir='ltr'><strong>sic</strong></span> <span class='ocrx_word' id='word_1_601' title='bbox 2110 1437 2348 1491; x_wconf 88' lang='lat' dir='ltr'><strong>rursum,</strong></span> <span class='ocrx_word' id='word_1_602' title='bbox 2377 1427 2614 1481; x_wconf 83' lang='lat' dir='ltr'><strong>utetiam</strong></span> <span class='ocrx_word' id='word_1_603' title='bbox 2637 1428 2827 1482; x_wconf 90' lang='lat' dir='ltr'><strong>melius</strong></span> <span class='ocrx_word' id='word_1_604' title='bbox 2855 1444 2974 1484; x_wconf 89' lang='lat' dir='ltr'><strong>esse</strong></span> <span class='ocrx_word' id='word_1_605' title='bbox 3000 1431 3251 1488; x_wconf 83' lang='lat' dir='ltr'><strong>existimo</strong></span> <span class='ocrx_word' id='word_1_606' title='bbox 3275 1454 3289 1488; x_wconf 92' lang='lat'><strong>:</strong></span> <span class='ocrx_word' id='word_1_607' title='bbox 3319 1435 3513 1491; x_wconf 79' lang='lat' dir='ltr'><strong>Paulus</strong></span> <span class='ocrx_word' id='word_1_608' title='bbox 3538 1447 3590 1492; x_wconf 93' lang='lat' dir='ltr'><strong>et</strong></span> 
     </span>
    </p>
   </div>
   <div class='ocr_carea' id='block_1_73' title="bbox 2003 1512 3590 1596">
    <p class='ocr_par' dir='ltr' id='par_1_73' title="bbox 2003 1512 3590 1596">
     <span class='ocr_line' id='line_1_73' title="bbox 2003 1512 3590 1596; baseline 0.01 -27"><span class='ocrx_word' id='word_1_609' title='bbox 2003 1512 2297 1572; x_wconf 89' lang='lat' dir='ltr'><strong>Sostbenes</strong></span> <span class='ocrx_word' id='word_1_610' title='bbox 2338 1518 2403 1573; x_wconf 91' lang='lat' dir='ltr'><strong>iis</strong></span> <span class='ocrx_word' id='word_1_611' title='bbox 2439 1520 2526 1589; x_wconf 91' lang='lat' dir='ltr'><strong>qui</strong></span> <span class='ocrx_word' id='word_1_612' title='bbox 2558 1520 2797 1577; x_wconf 89' lang='lat' dir='ltr'><strong>Corinthi</strong></span> <span class='ocrx_word' id='word_1_613' title='bbox 2840 1532 2964 1578; x_wconf 88' lang='lat' dir='ltr'><strong>sunt</strong></span> <span class='ocrx_word' id='word_1_614' title='bbox 2991 1526 3358 1596; x_wconf 83' lang='lat' dir='ltr'><strong>sanctiﬁcatis,</strong></span> <span class='ocrx_word' id='word_1_615' title='bbox 3387 1532 3590 1587; x_wconf 83' lang='lat' dir='ltr'><strong>vocatis</strong></span> 
     </span>
    </p>
   </div>
   <div class='ocr_carea' id='block_1_74' title="bbox 2001 1609 3587 1683">
    <p class='ocr_par' dir='ltr' id='par_1_74' title="bbox 2001 1609 3587 1683">
     <span class='ocr_line' id='line_1_74' title="bbox 2001 1609 3587 1683; baseline 0.009 -21"><span class='ocrx_word' id='word_1_616' title='bbox 2001 1609 2203 1663; x_wconf 89' lang='lat' dir='ltr'><strong>sanctis</strong></span> <span class='ocrx_word' id='word_1_617' title='bbox 2226 1625 2349 1665; x_wconf 89' lang='lat' dir='ltr'><strong>cum</strong></span> <span class='ocrx_word' id='word_1_618' title='bbox 2366 1612 2617 1666; x_wconf 91' lang='lat' dir='ltr'><strong>omnibus</strong></span> <span class='ocrx_word' id='word_1_619' title='bbox 2642 1617 2731 1683; x_wconf 89' lang='lat' dir='ltr'><strong>qui</strong></span> <span class='ocrx_word' id='word_1_620' title='bbox 2761 1615 3009 1671; x_wconf 88' lang='lat' dir='ltr'><strong>invocant</strong></span> <span class='ocrx_word' id='word_1_621' title='bbox 3028 1632 3224 1674; x_wconf 91' lang='lat' dir='ltr'><strong>nomen</strong></span> <span class='ocrx_word' id='word_1_622' title='bbox 3254 1619 3463 1675; x_wconf 84' lang='lat' dir='ltr'><strong>Domini</strong></span> <span class='ocrx_word' id='word_1_623' title='bbox 3490 1639 3587 1675; x_wconf 88' lang='lat' dir='ltr'><strong>no-</strong></span> 
     </span>
    </p>
   </div>
   <div class='ocr_carea' id='block_1_75' title="bbox 1999 1702 3584 1779">
    <p class='ocr_par' dir='ltr' id='par_1_75' title="bbox 1999 1702 3584 1779">
     <span class='ocr_line' id='line_1_75' title="bbox 1999 1702 3584 1779; baseline 0.008 -23"><span class='ocrx_word' id='word_1_624' title='bbox 1999 1702 2096 1757; x_wconf 90' lang='lat' dir='ltr'><strong>stri</strong></span> <span class='ocrx_word' id='word_1_625' title='bbox 2120 1702 2248 1758; x_wconf 79' lang='lat' dir='ltr'><strong>Iesu</strong></span> <span class='ocrx_word' id='word_1_626' title='bbox 2276 1702 2479 1759; x_wconf 88' lang='lat' dir='ltr'><strong>Christi</strong></span> <span class='ocrx_word' id='word_1_627' title='bbox 2521 1707 2747 1764; x_wconf 90' lang='lat' dir='ltr'><strong>inomni</strong></span> <span class='ocrx_word' id='word_1_628' title='bbox 2790 1708 2910 1764; x_wconf 93' lang='lat' dir='ltr'><strong>loco</strong></span> <span class='ocrx_word' id='word_1_629' title='bbox 2937 1710 3175 1779; x_wconf 88' lang='lat' dir='ltr'><strong>ipsorum</strong></span> <span class='ocrx_word' id='word_1_630' title='bbox 3215 1722 3271 1767; x_wconf 91' lang='lat' dir='ltr'><strong>et</strong></span> <span class='ocrx_word' id='word_1_631' title='bbox 3308 1715 3497 1769; x_wconf 84' lang='lat' dir='ltr'><strong>nostri.</strong></span> <span class='ocrx_word' id='word_1_632' title='bbox 3529 1714 3584 1771; x_wconf 91' lang='lat' dir='ltr'><strong>Id</strong></span> 
     </span>
    </p>
   </div>
   <div class='ocr_carea' id='block_1_76' title="bbox 1998 1794 3589 1871">
    <p class='ocr_par' dir='ltr' id='par_1_76' title="bbox 1998 1794 3589 1871">
     <span class='ocr_line' id='line_1_76' title="bbox 1998 1794 3589 1871; baseline 0.007 -22"><span class='ocrx_word' id='word_1_633' title='bbox 1998 1802 2102 1861; x_wconf 86' lang='lat' dir='ltr'><strong>est,</strong></span> <span class='ocrx_word' id='word_1_634' title='bbox 2126 1794 2307 1851; x_wconf 88' lang='lat' dir='ltr'><strong>Gratia</strong></span> <span class='ocrx_word' id='word_1_635' title='bbox 2334 1795 2488 1852; x_wconf 88' lang='lat' dir='ltr'><strong>vobis</strong></span> <span class='ocrx_word' id='word_1_636' title='bbox 2516 1807 2569 1852; x_wconf 91' lang='lat' dir='ltr'><strong>ct</strong></span> <span class='ocrx_word' id='word_1_637' title='bbox 2597 1815 2697 1867; x_wconf 80' lang='lat' dir='ltr'><strong>pax</strong></span> <span class='ocrx_word' id='word_1_638' title='bbox 2726 1800 2899 1868; x_wconf 89' lang='lat' dir='ltr'><strong>vobis,</strong></span> <span class='ocrx_word' id='word_1_639' title='bbox 2927 1802 3015 1871; x_wconf 91' lang='lat' dir='ltr'><strong>qui</strong></span> <span class='ocrx_word' id='word_1_640' title='bbox 3036 1801 3276 1857; x_wconf 87' lang='lat' dir='ltr'><strong>Corinthi</strong></span> <span class='ocrx_word' id='word_1_641' title='bbox 3304 1804 3438 1859; x_wconf 90' lang='lat' dir='ltr'><strong>estis</strong></span> <span class='ocrx_word' id='word_1_642' title='bbox 3464 1820 3589 1860; x_wconf 85' lang='lat' dir='ltr'><strong>san-</strong></span> 
     </span>
    </p>
   </div>
   <div class='ocr_carea' id='block_1_77' title="bbox 1997 1886 3583 1968">
    <p class='ocr_par' dir='ltr' id='par_1_77' title="bbox 1997 1886 3583 1968">
     <span class='ocr_line' id='line_1_77' title="bbox 1997 1886 3583 1968; baseline 0.006 -26"><span class='ocrx_word' id='word_1_643' title='bbox 1997 1886 2214 1943; x_wconf 83' lang='lat' dir='ltr'><strong>ctiﬁcati</strong></span> <span class='ocrx_word' id='word_1_644' title='bbox 2239 1897 2294 1942; x_wconf 90' lang='lat' dir='ltr'><strong>et</strong></span> <span class='ocrx_word' id='word_1_645' title='bbox 2319 1889 2527 1955; x_wconf 89' lang='lat' dir='ltr'><strong>vocati;</strong></span> <span class='ocrx_word' id='word_1_646' title='bbox 2555 1906 2658 1944; x_wconf 89' lang='lat' dir='ltr'><strong>non</strong></span> <span class='ocrx_word' id='word_1_647' title='bbox 2691 1892 2838 1959; x_wconf 89' lang='lat' dir='ltr'><strong>solis,</strong></span> <span class='ocrx_word' id='word_1_648' title='bbox 2871 1893 2964 1948; x_wconf 90' lang='lat' dir='ltr'><strong>sed</strong></span> <span class='ocrx_word' id='word_1_649' title='bbox 2993 1909 3114 1949; x_wconf 89' lang='lat' dir='ltr'><strong>cum</strong></span> <span class='ocrx_word' id='word_1_650' title='bbox 3137 1896 3385 1950; x_wconf 89' lang='lat' dir='ltr'><strong>omnibus</strong></span> <span class='ocrx_word' id='word_1_651' title='bbox 3411 1898 3500 1968; x_wconf 90' lang='lat' dir='ltr'><strong>qui</strong></span> <span class='ocrx_word' id='word_1_652' title='bbox 3530 1898 3583 1952; x_wconf 91' lang='lat' dir='ltr'><strong>in</strong></span> 
     </span>
    </p>
   </div>
   <div class='ocr_carea' id='block_1_78' title="bbox 1995 1977 3582 2045">
    <p class='ocr_par' dir='ltr' id='par_1_78' title="bbox 1995 1977 3582 2045">
     <span class='ocr_line' id='line_1_78' title="bbox 1995 1977 3582 2045; baseline 0.007 -12"><span class='ocrx_word' id='word_1_653' title='bbox 1995 1978 2139 2033; x_wconf 91' lang='lat' dir='ltr'><strong>omni</strong></span> <span class='ocrx_word' id='word_1_654' title='bbox 2169 1977 2289 2034; x_wconf 91' lang='lat' dir='ltr'><strong>loco</strong></span> <span class='ocrx_word' id='word_1_655' title='bbox 2316 1979 2563 2035; x_wconf 88' lang='lat' dir='ltr'><strong>invocant</strong></span> <span class='ocrx_word' id='word_1_656' title='bbox 2583 1998 2776 2037; x_wconf 86' lang='lat' dir='ltr'><strong>nomen</strong></span> <span class='ocrx_word' id='word_1_657' title='bbox 2808 1985 3017 2040; x_wconf 90' lang='lat' dir='ltr'><strong>Domini</strong></span> <span class='ocrx_word' id='word_1_658' title='bbox 3043 1987 3212 2042; x_wconf 88' lang='lat' dir='ltr'><strong>nostri</strong></span> <span class='ocrx_word' id='word_1_659' title='bbox 3234 1987 3361 2043; x_wconf 82' lang='lat' dir='ltr'><strong>Iesu</strong></span> <span class='ocrx_word' id='word_1_660' title='bbox 3386 1987 3582 2045; x_wconf 84' lang='lat' dir='ltr'><strong>Christi</strong></span> 
     </span>
    </p>
   </div>
   <div class='ocr_carea' id='block_1_79' title="bbox 1994 2069 3579 2150">
    <p class='ocr_par' dir='ltr' id='par_1_79' title="bbox 1994 2069 3579 2150">
     <span class='ocr_line' id='line_1_79' title="bbox 1994 2069 3579 2150; baseline 0.006 -27"><span class='ocrx_word' id='word_1_661' title='bbox 1994 2078 2050 2124; x_wconf 88' lang='lat' dir='ltr'><strong>et</strong></span> <span class='ocrx_word' id='word_1_662' title='bbox 2070 2070 2328 2140; x_wconf 88' lang='lat' dir='ltr'><strong>ipsorum.</strong></span> <span class='ocrx_word' id='word_1_663' title='bbox 2356 2069 2413 2127; x_wconf 90' lang='lat' dir='ltr'><strong>Si</strong></span> <span class='ocrx_word' id='word_1_664' title='bbox 2441 2081 2619 2128; x_wconf 87' lang='lat' dir='ltr'><strong>autem</strong></span> <span class='ocrx_word' id='word_1_665' title='bbox 2646 2089 2712 2129; x_wconf 81' lang='lat' dir='ltr'><strong>ex</strong></span> <span class='ocrx_word' id='word_1_666' title='bbox 2735 2076 2904 2145; x_wconf 84' lang='lat' dir='ltr'><strong>gratia</strong></span> <span class='ocrx_word' id='word_1_667' title='bbox 2944 2091 3045 2147; x_wconf 80' lang='lat' dir='ltr'><strong>pax</strong></span> <span class='ocrx_word' id='word_1_668' title='bbox 3074 2087 3178 2144; x_wconf 85' lang='lat' dir='ltr'><strong>est,</strong></span> <span class='ocrx_word' id='word_1_669' title='bbox 3206 2094 3303 2133; x_wconf 91' lang='lat' dir='ltr'><strong>cur</strong></span> <span class='ocrx_word' id='word_1_670' title='bbox 3329 2095 3579 2150; x_wconf 86' lang='lat' dir='ltr'><strong>magnum</strong></span> 
     </span>
    </p>
   </div>
   <div class='ocr_carea' id='block_1_80' title="bbox 1939 2163 3582 2241">
    <p class='ocr_par' dir='ltr' id='par_1_80' title="bbox 1939 2163 3582 2241">
     <span class='ocr_line' id='line_1_80' title="bbox 1939 2163 3582 2241; baseline 0.008 -25"><span class='ocrx_word' id='word_1_671' title='bbox 1939 2183 1943 2187; x_wconf 54' lang='grc' dir='ltr'><strong><em>ν</em></strong></span> <span class='ocrx_word' id='word_1_672' title='bbox 1993 2163 2174 2232; x_wconf 81' lang='lat' dir='ltr'><strong>sapis?</strong></span> <span class='ocrx_word' id='word_1_673' title='bbox 2203 2178 2299 2219; x_wconf 91' lang='lat' dir='ltr'><strong>cur</strong></span> <span class='ocrx_word' id='word_1_674' title='bbox 2327 2174 2532 2220; x_wconf 87' lang='lat' dir='ltr'><strong>tantum</strong></span> <span class='ocrx_word' id='word_1_675' title='bbox 2560 2166 2784 2237; x_wconf 80' lang='lat' dir='ltr'><strong>inﬂaris,</strong></span> <span class='ocrx_word' id='word_1_676' title='bbox 2816 2185 2937 2224; x_wconf 91' lang='lat' dir='ltr'><strong>cum</strong></span> <span class='ocrx_word' id='word_1_677' title='bbox 2962 2185 3058 2241; x_wconf 91' lang='lat' dir='ltr'><strong>per</strong></span> <span class='ocrx_word' id='word_1_678' title='bbox 3083 2174 3307 2241; x_wconf 81' lang='lat' dir='ltr'><strong>gratiam</strong></span> <span class='ocrx_word' id='word_1_679' title='bbox 3339 2185 3582 2229; x_wconf 80' lang='lat' dir='ltr'><strong>servatus</strong></span> 
     </span>
    </p>
   </div>
   <div class='ocr_carea' id='block_1_81' title="bbox 1992 2255 3580 2332">
    <p class='ocr_par' dir='ltr' id='par_1_81' title="bbox 1992 2255 3580 2332">
     <span class='ocr_line' id='line_1_81' title="bbox 1992 2255 3580 2332; baseline 0.008 -23"><span class='ocrx_word' id='word_1_680' title='bbox 1992 2255 2107 2310; x_wconf 87' lang='lat' dir='ltr'><strong>sis?</strong></span> <span class='ocrx_word' id='word_1_681' title='bbox 2133 2255 2188 2311; x_wconf 89' lang='lat' dir='ltr'><strong>Si</strong></span> <span class='ocrx_word' id='word_1_682' title='bbox 2215 2272 2346 2313; x_wconf 83' lang='lat' dir='ltr'><strong>vero</strong></span> <span class='ocrx_word' id='word_1_683' title='bbox 2387 2273 2571 2329; x_wconf 90' lang='lat' dir='ltr'><strong>pacem</strong></span> <span class='ocrx_word' id='word_1_684' title='bbox 2622 2260 2790 2316; x_wconf 84' lang='lat' dir='ltr'><strong>babes</strong></span> <span class='ocrx_word' id='word_1_685' title='bbox 2829 2264 2969 2331; x_wconf 91' lang='lat' dir='ltr'><strong>apud</strong></span> <span class='ocrx_word' id='word_1_686' title='bbox 3012 2264 3205 2332; x_wconf 87' lang='lat' dir='ltr'><strong>Deum,</strong></span> <span class='ocrx_word' id='word_1_687' title='bbox 3248 2282 3346 2320; x_wconf 89' lang='lat' dir='ltr'><strong>cur</strong></span> <span class='ocrx_word' id='word_1_688' title='bbox 3383 2277 3435 2321; x_wconf 90' lang='lat' dir='ltr'><strong>te</strong></span> <span class='ocrx_word' id='word_1_689' title='bbox 3461 2268 3580 2322; x_wconf 88' lang='lat' dir='ltr'><strong>aliis</strong></span> 
     </span>
    </p>
   </div>
   <div class='ocr_carea' id='block_1_82' title="bbox 1990 2348 3576 2427">
    <p class='ocr_par' dir='ltr' id='par_1_82' title="bbox 1990 2348 3576 2427">
     <span class='ocr_line' id='line_1_82' title="bbox 1990 2348 3576 2427; baseline 0.007 -25"><span class='ocrx_word' id='word_1_690' title='bbox 1990 2348 2286 2405; x_wconf 86' lang='lat' dir='ltr'><strong>adscribis?</strong></span> <span class='ocrx_word' id='word_1_691' title='bbox 2311 2351 2412 2407; x_wconf 90' lang='lat' dir='ltr'><strong>hoc</strong></span> <span class='ocrx_word' id='word_1_692' title='bbox 2432 2353 2573 2407; x_wconf 91' lang='lat' dir='ltr'><strong>enim</strong></span> <span class='ocrx_word' id='word_1_693' title='bbox 2606 2363 2690 2408; x_wconf 86' lang='lat' dir='ltr'><strong>est</strong></span> <span class='ocrx_word' id='word_1_694' title='bbox 2715 2354 2994 2410; x_wconf 87' lang='lat' dir='ltr'><strong>dissidere.</strong></span> <span class='ocrx_word' id='word_1_695' title='bbox 3018 2356 3154 2424; x_wconf 90' lang='lat' dir='ltr'><strong>Quid</strong></span> <span class='ocrx_word' id='word_1_696' title='bbox 3183 2359 3349 2427; x_wconf 90' lang='lat' dir='ltr'><strong>enim,</strong></span> <span class='ocrx_word' id='word_1_697' title='bbox 3381 2360 3424 2413; x_wconf 92' lang='lat' dir='ltr'><strong>si</strong></span> <span class='ocrx_word' id='word_1_698' title='bbox 3455 2375 3576 2414; x_wconf 87' lang='lat' dir='ltr'><strong>cum</strong></span> 
     </span>
    </p>
   </div>
   <div class='ocr_carea' id='block_1_83' title="bbox 1990 2439 3580 2519">
    <p class='ocr_par' dir='ltr' id='par_1_83' title="bbox 1990 2439 3580 2519">
     <span class='ocr_line' id='line_1_83' title="bbox 1990 2439 3580 2519; baseline 0.006 -24"><span class='ocrx_word' id='word_1_699' title='bbox 1990 2439 2095 2496; x_wconf 89' lang='lat' dir='ltr'><strong>hoc</strong></span> <span class='ocrx_word' id='word_1_700' title='bbox 2113 2452 2168 2497; x_wconf 91' lang='lat' dir='ltr'><strong>et</strong></span> <span class='ocrx_word' id='word_1_701' title='bbox 2195 2458 2318 2497; x_wconf 90' lang='lat' dir='ltr'><strong>cum</strong></span> <span class='ocrx_word' id='word_1_702' title='bbox 2352 2442 2444 2498; x_wconf 91' lang='lat' dir='ltr'><strong>illo</strong></span> <span class='ocrx_word' id='word_1_703' title='bbox 2466 2445 2690 2515; x_wconf 81' lang='lat' dir='ltr'><strong>gratiam</strong></span> <span class='ocrx_word' id='word_1_704' title='bbox 2717 2445 2966 2501; x_wconf 81' lang='lat' dir='ltr'><strong>habetis?</strong></span> <span class='ocrx_word' id='word_1_705' title='bbox 2997 2448 3108 2518; x_wconf 84' lang='lat' dir='ltr'><strong>Ego</strong></span> <span class='ocrx_word' id='word_1_706' title='bbox 3138 2461 3316 2503; x_wconf 84' lang='lat' dir='ltr'><strong>autem</strong></span> <span class='ocrx_word' id='word_1_707' title='bbox 3352 2460 3494 2519; x_wconf 91' lang='lat' dir='ltr'><strong>peto,</strong></span> <span class='ocrx_word' id='word_1_708' title='bbox 3521 2462 3580 2505; x_wconf 89' lang='lat' dir='ltr'><strong>ut</strong></span> 
     </span>
    </p>
   </div>
   <div class='ocr_carea' id='block_1_84' title="bbox 1987 2533 3574 2611">
    <p class='ocr_par' dir='ltr' id='par_1_84' title="bbox 1987 2533 3574 2611">
     <span class='ocr_line' id='line_1_84' title="bbox 1987 2533 3574 2611; baseline 0.006 -23"><span class='ocrx_word' id='word_1_709' title='bbox 1987 2548 2019 2588; x_wconf 89' lang='lat' dir='ltr'><strong>a</strong></span> <span class='ocrx_word' id='word_1_710' title='bbox 2048 2533 2159 2590; x_wconf 90' lang='lat' dir='ltr'><strong>Deo</strong></span> <span class='ocrx_word' id='word_1_711' title='bbox 2187 2536 2303 2591; x_wconf 69' lang='lat' dir='ltr'><strong>huic</strong></span> <span class='ocrx_word' id='word_1_712' title='bbox 2324 2535 2476 2592; x_wconf 90' lang='lat' dir='ltr'><strong>vobis</strong></span> <span class='ocrx_word' id='word_1_713' title='bbox 2504 2548 2729 2611; x_wconf 85' lang='lat' dir='ltr'><strong>utraque</strong></span> <span class='ocrx_word' id='word_1_714' title='bbox 2758 2537 2908 2603; x_wconf 86' lang='lat' dir='ltr'><strong>ﬁant,</strong></span> <span class='ocrx_word' id='word_1_715' title='bbox 2940 2548 2993 2593; x_wconf 91' lang='lat' dir='ltr'><strong>et</strong></span> <span class='ocrx_word' id='word_1_716' title='bbox 3018 2538 3086 2593; x_wconf 86' lang='lat' dir='ltr'><strong>ab</strong></span> <span class='ocrx_word' id='word_1_717' title='bbox 3112 2540 3204 2594; x_wconf 90' lang='lat' dir='ltr'><strong>illo</strong></span> <span class='ocrx_word' id='word_1_718' title='bbox 3230 2550 3283 2595; x_wconf 90' lang='lat' dir='ltr'><strong>et</strong></span> <span class='ocrx_word' id='word_1_719' title='bbox 3306 2541 3373 2596; x_wconf 87' lang='lat' dir='ltr'><strong>ad</strong></span> <span class='ocrx_word' id='word_1_720' title='bbox 3402 2542 3574 2597; x_wconf 88' lang='lat' dir='ltr'><strong>illum.</strong></span> 
     </span>
    </p>
   </div>
   <div class='ocr_carea' id='block_1_85' title="bbox 1988 2623 3572 2703">
    <p class='ocr_par' dir='ltr' id='par_1_85' title="bbox 1988 2623 3572 2703">
     <span class='ocr_line' id='line_1_85' title="bbox 1988 2623 3572 2703; baseline 0.006 -25"><span class='ocrx_word' id='word_1_721' title='bbox 1988 2623 2172 2695; x_wconf 77' lang='lat' dir='ltr'><strong>Neque</strong></span> <span class='ocrx_word' id='word_1_722' title='bbox 2211 2625 2357 2681; x_wconf 89' lang='lat' dir='ltr'><strong>enim</strong></span> <span class='ocrx_word' id='word_1_723' title='bbox 2402 2625 2558 2682; x_wconf 84' lang='lat' dir='ltr'><strong>ﬁrma</strong></span> <span class='ocrx_word' id='word_1_724' title='bbox 2600 2628 2931 2695; x_wconf 84' lang='lat' dir='ltr'><strong>manserint,</strong></span> <span class='ocrx_word' id='word_1_725' title='bbox 2975 2629 3078 2684; x_wconf 92' lang='lat' dir='ltr'><strong>nisi</strong></span> <span class='ocrx_word' id='word_1_726' title='bbox 3126 2646 3355 2697; x_wconf 83' lang='lat' dir='ltr'><strong>superna</strong></span> <span class='ocrx_word' id='word_1_727' title='bbox 3405 2636 3572 2703; x_wconf 85' lang='lat' dir='ltr'><strong>gratia</strong></span> 
     </span>
    </p>
   </div>
   <div class='ocr_carea' id='block_1_86' title="bbox 1986 2715 3572 2794">
    <p class='ocr_par' dir='ltr' id='par_1_86' title="bbox 1986 2715 3572 2794">
     <span class='ocr_line' id='line_1_86' title="bbox 1986 2715 3572 2794; baseline 0.006 -24"><span class='ocrx_word' id='word_1_728' title='bbox 1986 2715 2232 2771; x_wconf 82' lang='lat' dir='ltr'><strong>fruantur</strong></span> <span class='ocrx_word' id='word_1_729' title='bbox 2259 2735 2272 2770; x_wconf 92' lang='lat'><strong>:</strong></span> <span class='ocrx_word' id='word_1_730' title='bbox 2296 2733 2471 2788; x_wconf 88' lang='lat' dir='ltr'><strong>neque</strong></span> <span class='ocrx_word' id='word_1_731' title='bbox 2494 2718 2540 2773; x_wconf 89' lang='lat' dir='ltr'><strong>si</strong></span> <span class='ocrx_word' id='word_1_732' title='bbox 2565 2734 2672 2774; x_wconf 90' lang='lat' dir='ltr'><strong>non</strong></span> <span class='ocrx_word' id='word_1_733' title='bbox 2697 2719 2804 2775; x_wconf 88' lang='lat' dir='ltr'><strong>sint</strong></span> <span class='ocrx_word' id='word_1_734' title='bbox 2820 2720 2885 2775; x_wconf 89' lang='lat' dir='ltr'><strong>ad</strong></span> <span class='ocrx_word' id='word_1_735' title='bbox 2903 2721 3097 2791; x_wconf 92' lang='lat' dir='ltr'><strong>ipsum,</strong></span> <span class='ocrx_word' id='word_1_736' title='bbox 3117 2723 3270 2778; x_wconf 88' lang='lat' dir='ltr'><strong>nobis</strong></span> <span class='ocrx_word' id='word_1_737' title='bbox 3284 2724 3572 2794; x_wconf 83' lang='lat' dir='ltr'><strong>quidquam</strong></span> 
     </span>
    </p>
   </div>
   <div class='ocr_carea' id='block_1_87' title="bbox 1985 2809 3573 2883">
    <p class='ocr_par' dir='ltr' id='par_1_87' title="bbox 1985 2809 3573 2883">
     <span class='ocr_line' id='line_1_87' title="bbox 1985 2809 3573 2883; baseline 0.006 -19"><span class='ocrx_word' id='word_1_738' title='bbox 1985 2809 2298 2878; x_wconf 87' lang='lat' dir='ltr'><strong>proderunt,</strong></span> <span class='ocrx_word' id='word_1_739' title='bbox 2317 2813 2360 2866; x_wconf 92' lang='lat' dir='ltr'><strong>si</strong></span> <span class='ocrx_word' id='word_1_740' title='bbox 2376 2827 2499 2867; x_wconf 91' lang='lat' dir='ltr'><strong>cum</strong></span> <span class='ocrx_word' id='word_1_741' title='bbox 2518 2813 2766 2868; x_wconf 88' lang='lat' dir='ltr'><strong>omnibus</strong></span> <span class='ocrx_word' id='word_1_742' title='bbox 2792 2830 2975 2883; x_wconf 83' lang='lat' dir='ltr'><strong>pacem</strong></span> <span class='ocrx_word' id='word_1_743' title='bbox 2997 2814 3276 2880; x_wconf 89' lang='lat' dir='ltr'><strong>habentes,</strong></span> <span class='ocrx_word' id='word_1_744' title='bbox 3314 2833 3437 2872; x_wconf 88' lang='lat' dir='ltr'><strong>cum</strong></span> <span class='ocrx_word' id='word_1_745' title='bbox 3462 2819 3573 2874; x_wconf 88' lang='lat' dir='ltr'><strong>Deo</strong></span> 
     </span>
    </p>
   </div>
   <div class='ocr_carea' id='block_1_88' title="bbox 1985 2901 3573 2979">
    <p class='ocr_par' dir='ltr' id='par_1_88' title="bbox 1985 2901 3573 2979">
     <span class='ocr_line' id='line_1_88' title="bbox 1985 2901 3573 2979; baseline 0.007 -22"><span class='ocrx_word' id='word_1_746' title='bbox 1985 2901 2183 2958; x_wconf 83' lang='lat' dir='ltr'><strong>bellum</strong></span> <span class='ocrx_word' id='word_1_747' title='bbox 2212 2903 2505 2961; x_wconf 83' lang='lat' dir='ltr'><strong>habeamus</strong></span> <span class='ocrx_word' id='word_1_748' title='bbox 2525 2923 2540 2973; x_wconf 93' lang='lat'><strong>;</strong></span> <span class='ocrx_word' id='word_1_749' title='bbox 2558 2914 2619 2960; x_wconf 90' lang='lat' dir='ltr'><strong>ut</strong></span> <span class='ocrx_word' id='word_1_750' title='bbox 2642 2906 3096 2964; x_wconf 88' lang='lat' dir='ltr'><strong>nihilnocumenti</strong></span> <span class='ocrx_word' id='word_1_751' title='bbox 3118 2910 3271 2966; x_wconf 89' lang='lat' dir='ltr'><strong>nobis</strong></span> <span class='ocrx_word' id='word_1_752' title='bbox 3293 2912 3416 2979; x_wconf 88' lang='lat' dir='ltr'><strong>erit,</strong></span> <span class='ocrx_word' id='word_1_753' title='bbox 3440 2913 3484 2967; x_wconf 92' lang='lat' dir='ltr'><strong>si</strong></span> <span class='ocrx_word' id='word_1_754' title='bbox 3504 2913 3573 2968; x_wconf 81' lang='lat' dir='ltr'><strong>ab</strong></span> 
     </span>
    </p>
   </div>
   <div class='ocr_carea' id='block_1_89' title="bbox 1985 2996 3569 3073">
    <p class='ocr_par' dir='ltr' id='par_1_89' title="bbox 1985 2996 3569 3073">
     <span class='ocr_line' id='line_1_89' title="bbox 1985 2996 3569 3073; baseline 0.007 -23"><span class='ocrx_word' id='word_1_755' title='bbox 1985 2996 2234 3052; x_wconf 84' lang='lat' dir='ltr'><strong>omnibus</strong></span> <span class='ocrx_word' id='word_1_756' title='bbox 2258 2998 2649 3069; x_wconf 84' lang='lat' dir='ltr'><strong>impugnemur,</strong></span> <span class='ocrx_word' id='word_1_757' title='bbox 2673 3009 2866 3056; x_wconf 87' lang='lat' dir='ltr'><strong>etcum</strong></span> <span class='ocrx_word' id='word_1_758' title='bbox 2897 3003 3005 3056; x_wconf 88' lang='lat' dir='ltr'><strong>Deo</strong></span> <span class='ocrx_word' id='word_1_759' title='bbox 3028 3017 3213 3073; x_wconf 88' lang='lat' dir='ltr'><strong>pacem</strong></span> <span class='ocrx_word' id='word_1_760' title='bbox 3245 3004 3569 3064; x_wconf 80' lang='lat' dir='ltr'><strong>habeamus:</strong></span> 
     </span>
    </p>
   </div>
   <div class='ocr_carea' id='block_1_90' title="bbox 1982 3090 3571 3164">
    <p class='ocr_par' dir='ltr' id='par_1_90' title="bbox 1982 3090 3571 3164">
     <span class='ocr_line' id='line_1_90' title="bbox 1982 3090 3571 3164; baseline 0.006 -21"><span class='ocrx_word' id='word_1_761' title='bbox 1982 3103 2049 3144; x_wconf 89' lang='lat' dir='ltr'><strong>ac</strong></span> <span class='ocrx_word' id='word_1_762' title='bbox 2078 3104 2292 3143; x_wconf 87' lang='lat' dir='ltr'><strong>rursum</strong></span> <span class='ocrx_word' id='word_1_763' title='bbox 2322 3090 2466 3144; x_wconf 88' lang='lat' dir='ltr'><strong>nulla</strong></span> <span class='ocrx_word' id='word_1_764' title='bbox 2502 3091 2706 3146; x_wconf 89' lang='lat' dir='ltr'><strong>utilitas</strong></span> <span class='ocrx_word' id='word_1_765' title='bbox 2735 3093 2779 3147; x_wconf 92' lang='lat' dir='ltr'><strong>si</strong></span> <span class='ocrx_word' id='word_1_766' title='bbox 2815 3093 2885 3148; x_wconf 87' lang='lat' dir='ltr'><strong>ab</strong></span> <span class='ocrx_word' id='word_1_767' title='bbox 2919 3095 3169 3149; x_wconf 90' lang='lat' dir='ltr'><strong>omnibus</strong></span> <span class='ocrx_word' id='word_1_768' title='bbox 3209 3096 3571 3164; x_wconf 88' lang='lat' dir='ltr'><strong>celebremur,</strong></span> 
     </span>
    </p>
   </div>
   <div class='ocr_carea' id='block_1_91' title="bbox 1983 3181 3565 3256">
    <p class='ocr_par' dir='ltr' id='par_1_91' title="bbox 1983 3181 3565 3256">
     <span class='ocr_line' id='line_1_91' title="bbox 1983 3181 3565 3256; baseline 0.002 -19"><span class='ocrx_word' id='word_1_769' title='bbox 1983 3191 2037 3237; x_wconf 89' lang='lat' dir='ltr'><strong>et</strong></span> <span class='ocrx_word' id='word_1_770' title='bbox 2066 3181 2348 3236; x_wconf 91' lang='lat' dir='ltr'><strong>Dominum</strong></span> <span class='ocrx_word' id='word_1_771' title='bbox 2379 3181 2745 3250; x_wconf 79' lang='lat' dir='ltr'><strong>offendamus;</strong></span> <span class='ocrx_word' id='word_1_772' title='bbox 2772 3194 2830 3239; x_wconf 92' lang='lat' dir='ltr'><strong>ut</strong></span> <span class='ocrx_word' id='word_1_773' title='bbox 2849 3185 3007 3239; x_wconf 87' lang='lat' dir='ltr'><strong>etiam</strong></span> <span class='ocrx_word' id='word_1_774' title='bbox 3035 3186 3234 3241; x_wconf 89' lang='lat' dir='ltr'><strong>nullum</strong></span> <span class='ocrx_word' id='word_1_775' title='bbox 3256 3188 3565 3256; x_wconf 86' lang='lat' dir='ltr'><strong>periculum,</strong></span> 
     </span>
    </p>
   </div>
   <div class='ocr_carea' id='block_1_92' title="bbox 1981 3274 3568 3349">
    <p class='ocr_par' dir='ltr' id='par_1_92' title="bbox 1981 3274 3568 3349">
     <span class='ocr_line' id='line_1_92' title="bbox 1981 3274 3568 3349; baseline 0.004 -21"><span class='ocrx_word' id='word_1_776' title='bbox 1981 3274 2027 3329; x_wconf 89' lang='lat' dir='ltr'><strong>si</strong></span> <span class='ocrx_word' id='word_1_777' title='bbox 2052 3289 2240 3330; x_wconf 89' lang='lat' dir='ltr'><strong>omnes</strong></span> <span class='ocrx_word' id='word_1_778' title='bbox 2257 3290 2355 3329; x_wconf 93' lang='lat' dir='ltr'><strong>nos</strong></span> <span class='ocrx_word' id='word_1_779' title='bbox 2373 3284 2688 3331; x_wconf 88' lang='lat' dir='ltr'><strong>aversentur</strong></span> <span class='ocrx_word' id='word_1_780' title='bbox 2703 3286 2758 3331; x_wconf 93' lang='lat' dir='ltr'><strong>et</strong></span> <span class='ocrx_word' id='word_1_781' title='bbox 2777 3276 2901 3331; x_wconf 89' lang='lat' dir='ltr'><strong>odio</strong></span> <span class='ocrx_word' id='word_1_782' title='bbox 2925 3278 3177 3345; x_wconf 88' lang='lat' dir='ltr'><strong>habeant,</strong></span> <span class='ocrx_word' id='word_1_783' title='bbox 3203 3279 3449 3349; x_wconf 84' lang='lat' dir='ltr'><strong>Deusque</strong></span> <span class='ocrx_word' id='word_1_784' title='bbox 3468 3296 3568 3335; x_wconf 80' lang='lat' dir='ltr'><strong>nos</strong></span> 
     </span>
    </p>
   </div>
   <div class='ocr_carea' id='block_1_93' title="bbox 1981 3366 3568 3439">
    <p class='ocr_par' dir='ltr' id='par_1_93' title="bbox 1981 3366 3568 3439">
     <span class='ocr_line' id='line_1_93' title="bbox 1981 3366 3568 3439; baseline 0.002 -20"><span class='ocrx_word' id='word_1_785' title='bbox 1981 3367 2241 3436; x_wconf 86' lang='lat' dir='ltr'><strong>approbet</strong></span> <span class='ocrx_word' id='word_1_786' title='bbox 2273 3376 2329 3421; x_wconf 90' lang='lat' dir='ltr'><strong>et</strong></span> <span class='ocrx_word' id='word_1_787' title='bbox 2364 3366 2587 3438; x_wconf 82' lang='lat' dir='ltr'><strong>diligat:</strong></span> <span class='ocrx_word' id='word_1_788' title='bbox 2618 3383 2743 3422; x_wconf 88' lang='lat' dir='ltr'><strong>vera</strong></span> <span class='ocrx_word' id='word_1_789' title='bbox 2781 3367 2924 3422; x_wconf 91' lang='lat' dir='ltr'><strong>enim</strong></span> <span class='ocrx_word' id='word_1_790' title='bbox 2955 3369 3120 3436; x_wconf 79' lang='lat' dir='ltr'><strong>gratia</strong></span> <span class='ocrx_word' id='word_1_791' title='bbox 3155 3378 3211 3423; x_wconf 89' lang='lat' dir='ltr'><strong>et</strong></span> <span class='ocrx_word' id='word_1_792' title='bbox 3240 3383 3363 3423; x_wconf 88' lang='lat' dir='ltr'><strong>vera</strong></span> <span class='ocrx_word' id='word_1_793' title='bbox 3403 3384 3505 3439; x_wconf 68' lang='lat' dir='ltr'><strong>pas</strong></span> <span class='ocrx_word' id='word_1_794' title='bbox 3539 3385 3568 3422; x_wconf 88' lang='lat' dir='ltr'><strong>a</strong></span> 
     </span>
    </p>
   </div>
   <div class='ocr_carea' id='block_1_94' title="bbox 1981 3455 3569 3528">
    <p class='ocr_par' dir='ltr' id='par_1_94' title="bbox 1981 3455 3569 3528">
     <span class='ocr_line' id='line_1_94' title="bbox 1981 3455 3569 3528; baseline 0.001 -17"><span class='ocrx_word' id='word_1_795' title='bbox 1981 3456 2093 3512; x_wconf 90' lang='lat' dir='ltr'><strong>Deo</strong></span> <span class='ocrx_word' id='word_1_796' title='bbox 2111 3464 2214 3512; x_wconf 92' lang='lat' dir='ltr'><strong>est.</strong></span> <span class='ocrx_word' id='word_1_797' title='bbox 2239 3455 2373 3513; x_wconf 87' lang='lat' dir='ltr'><strong>Nam</strong></span> <span class='ocrx_word' id='word_1_798' title='bbox 2401 3457 2489 3527; x_wconf 90' lang='lat' dir='ltr'><strong>qui</strong></span> <span class='ocrx_word' id='word_1_799' title='bbox 2508 3458 2734 3528; x_wconf 76' lang='lat' dir='ltr'><strong>gratiam</strong></span> <span class='ocrx_word' id='word_1_800' title='bbox 2759 3474 2876 3527; x_wconf 79' lang='lat' dir='ltr'><strong>qua:</strong></span> <span class='ocrx_word' id='word_1_801' title='bbox 2897 3474 2925 3510; x_wconf 90' lang='lat' dir='ltr'><strong>a</strong></span> <span class='ocrx_word' id='word_1_802' title='bbox 2955 3458 3063 3513; x_wconf 91' lang='lat' dir='ltr'><strong>Deo</strong></span> <span class='ocrx_word' id='word_1_803' title='bbox 3091 3468 3174 3512; x_wconf 90' lang='lat' dir='ltr'><strong>est</strong></span> <span class='ocrx_word' id='word_1_804' title='bbox 3194 3458 3373 3523; x_wconf 78' lang='lat' dir='ltr'><strong>habet,</strong></span> <span class='ocrx_word' id='word_1_805' title='bbox 3399 3458 3569 3513; x_wconf 90' lang='lat' dir='ltr'><strong>nemi-</strong></span> 
     </span>
    </p>
   </div>
   <div class='ocr_carea' id='block_1_95' title="bbox 1981 3547 3566 3622">
    <p class='ocr_par' dir='ltr' id='par_1_95' title="bbox 1981 3547 3566 3622">
     <span class='ocr_line' id='line_1_95' title="bbox 1981 3547 3566 3622; baseline 0.001 -18"><span class='ocrx_word' id='word_1_806' title='bbox 1981 3565 2105 3605; x_wconf 92' lang='lat' dir='ltr'><strong>nem</strong></span> <span class='ocrx_word' id='word_1_807' title='bbox 2126 3552 2295 3618; x_wconf 87' lang='lat' dir='ltr'><strong>timet,</strong></span> <span class='ocrx_word' id='word_1_808' title='bbox 2319 3551 2527 3605; x_wconf 87' lang='lat' dir='ltr'><strong>etiamsi</strong></span> <span class='ocrx_word' id='word_1_809' title='bbox 2549 3551 2823 3606; x_wconf 89' lang='lat' dir='ltr'><strong>innumera</strong></span> <span class='ocrx_word' id='word_1_810' title='bbox 2839 3551 3020 3622; x_wconf 79' lang='lat' dir='ltr'><strong>gravia</strong></span> <span class='ocrx_word' id='word_1_811' title='bbox 3046 3552 3306 3621; x_wconf 88' lang='lat' dir='ltr'><strong>patiatur;</strong></span> <span class='ocrx_word' id='word_1_812' title='bbox 3326 3566 3425 3607; x_wconf 90' lang='lat' dir='ltr'><strong>nec</strong></span> <span class='ocrx_word' id='word_1_813' title='bbox 3443 3547 3566 3606; x_wconf 82' lang='lat' dir='ltr'><strong>dico</strong></span> 
     </span>
    </p>
   </div>
   <div class='ocr_carea' id='block_1_96' title="bbox 1981 3639 3561 3711">
    <p class='ocr_par' dir='ltr' id='par_1_96' title="bbox 1981 3639 3561 3711">
     <span class='ocr_line' id='line_1_96' title="bbox 1981 3639 3561 3711; baseline -0.001 -17"><span class='ocrx_word' id='word_1_814' title='bbox 1981 3639 2277 3707; x_wconf 89' lang='lat' dir='ltr'><strong>hominem,</strong></span> <span class='ocrx_word' id='word_1_815' title='bbox 2305 3641 2399 3696; x_wconf 92' lang='lat' dir='ltr'><strong>sed</strong></span> <span class='ocrx_word' id='word_1_816' title='bbox 2425 3655 2599 3711; x_wconf 88' lang='lat' dir='ltr'><strong>neque</strong></span> <span class='ocrx_word' id='word_1_817' title='bbox 2619 3641 2777 3695; x_wconf 89' lang='lat' dir='ltr'><strong>etiam</strong></span> <span class='ocrx_word' id='word_1_818' title='bbox 2804 3640 3094 3696; x_wconf 83' lang='lat' dir='ltr'><strong>diabolum.</strong></span> <span class='ocrx_word' id='word_1_819' title='bbox 3117 3639 3217 3709; x_wconf 85' lang='lat' dir='ltr'><strong>Qui</strong></span> <span class='ocrx_word' id='word_1_820' title='bbox 3244 3655 3374 3697; x_wconf 92' lang='lat' dir='ltr'><strong>vero</strong></span> <span class='ocrx_word' id='word_1_821' title='bbox 3397 3640 3561 3695; x_wconf 86' lang='lat' dir='ltr'><strong>Deum</strong></span> 
     </span>
    </p>
   </div>
   <div class='ocr_carea' id='block_1_97' title="bbox 1981 3731 3565 3803">
    <p class='ocr_par' dir='ltr' id='par_1_97' title="bbox 1981 3731 3565 3803">
     <span class='ocr_line' id='line_1_97' title="bbox 1981 3731 3565 3803; baseline 0.001 -17"><span class='ocrx_word' id='word_1_822' title='bbox 1981 3732 2219 3797; x_wconf 78' lang='lat' dir='ltr'><strong>oﬁendit,</strong></span> <span class='ocrx_word' id='word_1_823' title='bbox 2253 3748 2441 3788; x_wconf 89' lang='lat' dir='ltr'><strong>omnes</strong></span> <span class='ocrx_word' id='word_1_824' title='bbox 2466 3743 2747 3803; x_wconf 84' lang='lat' dir='ltr'><strong>suspectos</strong></span> <span class='ocrx_word' id='word_1_825' title='bbox 2782 3731 2960 3798; x_wconf 87' lang='lat' dir='ltr'><strong>habet,</strong></span> <span class='ocrx_word' id='word_1_826' title='bbox 2994 3733 3203 3788; x_wconf 89' lang='lat' dir='ltr'><strong>etiamsi</strong></span> <span class='ocrx_word' id='word_1_827' title='bbox 3228 3733 3280 3787; x_wconf 92' lang='lat' dir='ltr'><strong>in</strong></span> <span class='ocrx_word' id='word_1_828' title='bbox 3308 3741 3422 3787; x_wconf 91' lang='lat' dir='ltr'><strong>tuto</strong></span> <span class='ocrx_word' id='word_1_829' title='bbox 3442 3747 3565 3788; x_wconf 86' lang='lat' dir='ltr'><strong>esse</strong></span> 
     </span>
    </p>
   </div>
   <div class='ocr_carea' id='block_1_98' title="bbox 1979 3823 3568 3896">
    <p class='ocr_par' dir='ltr' id='par_1_98' title="bbox 1979 3823 3568 3896">
     <span class='ocr_line' id='line_1_98' title="bbox 1979 3823 3568 3896; baseline 0.001 -18"><span class='ocrx_word' id='word_1_830' title='bbox 1979 3823 2241 3879; x_wconf 85' lang='lat' dir='ltr'><strong>videatur.</strong></span> <span class='ocrx_word' id='word_1_831' title='bbox 2292 3824 2545 3880; x_wconf 90' lang='lat' dir='ltr'><strong>Instabile</strong></span> <span class='ocrx_word' id='word_1_832' title='bbox 2584 3840 2814 3896; x_wconf 88' lang='lat' dir='ltr'><strong>namque</strong></span> <span class='ocrx_word' id='word_1_833' title='bbox 2846 3834 2929 3880; x_wconf 90' lang='lat' dir='ltr'><strong>est</strong></span> <span class='ocrx_word' id='word_1_834' title='bbox 2959 3839 3127 3895; x_wconf 80' lang='lat' dir='ltr'><strong>genus</strong></span> <span class='ocrx_word' id='word_1_835' title='bbox 3170 3825 3479 3892; x_wconf 89' lang='lat' dir='ltr'><strong>hominum;</strong></span> <span class='ocrx_word' id='word_1_836' title='bbox 3511 3835 3568 3879; x_wconf 89' lang='lat' dir='ltr'><strong>et</strong></span> 
     </span>
    </p>
   </div>
   <div class='ocr_carea' id='block_1_99' title="bbox 1980 3916 3562 3988">
    <p class='ocr_par' dir='ltr' id='par_1_99' title="bbox 1980 3916 3562 3988">
     <span class='ocr_line' id='line_1_99' title="bbox 1980 3916 3562 3988; baseline 0.002 -20"><span class='ocrx_word' id='word_1_837' title='bbox 1980 3931 2087 3971; x_wconf 87' lang='lat' dir='ltr'><strong>non</strong></span> <span class='ocrx_word' id='word_1_838' title='bbox 2115 3916 2288 3971; x_wconf 90' lang='lat' dir='ltr'><strong>solum</strong></span> <span class='ocrx_word' id='word_1_839' title='bbox 2315 3917 2471 3970; x_wconf 90' lang='lat' dir='ltr'><strong>amici</strong></span> <span class='ocrx_word' id='word_1_840' title='bbox 2510 3926 2565 3971; x_wconf 92' lang='lat' dir='ltr'><strong>et</strong></span> <span class='ocrx_word' id='word_1_841' title='bbox 2604 3918 2818 3982; x_wconf 79' lang='lat' dir='ltr'><strong>fratres,</strong></span> <span class='ocrx_word' id='word_1_842' title='bbox 2854 3917 2948 3971; x_wconf 88' lang='lat' dir='ltr'><strong>sed</strong></span> <span class='ocrx_word' id='word_1_843' title='bbox 2976 3918 3136 3972; x_wconf 89' lang='lat' dir='ltr'><strong>etiam</strong></span> <span class='ocrx_word' id='word_1_844' title='bbox 3178 3928 3378 3987; x_wconf 86' lang='lat' dir='ltr'><strong>patres,</strong></span> <span class='ocrx_word' id='word_1_845' title='bbox 3401 3933 3562 3988; x_wconf 82' lang='lat' dir='ltr'><strong>parva</strong></span> 
     </span>
    </p>
   </div>
   <div class='ocr_carea' id='block_1_100' title="bbox 1979 4009 3570 4080">
    <p class='ocr_par' dir='ltr' id='par_1_100' title="bbox 1979 4009 3570 4080">
     <span class='ocr_line' id='line_1_100' title="bbox 1979 4009 3570 4080; baseline -0.001 -15"><span class='ocrx_word' id='word_1_846' title='bbox 1979 4023 2126 4080; x_wconf 71' lang='lat' dir='ltr'><strong>Saepe</strong></span> <span class='ocrx_word' id='word_1_847' title='bbox 2150 4009 2215 4065; x_wconf 91' lang='lat' dir='ltr'><strong>de</strong></span> <span class='ocrx_word' id='word_1_848' title='bbox 2240 4023 2400 4064; x_wconf 88' lang='lat' dir='ltr'><strong>causa</strong></span> <span class='ocrx_word' id='word_1_849' title='bbox 2442 4012 2652 4076; x_wconf 88' lang='lat' dir='ltr'><strong>mtttati,</strong></span> <span class='ocrx_word' id='word_1_850' title='bbox 2699 4025 2856 4078; x_wconf 89' lang='lat' dir='ltr'><strong>quem</strong></span> <span class='ocrx_word' id='word_1_851' title='bbox 2897 4020 3218 4078; x_wconf 82' lang='lat' dir='ltr'><strong>genuerunt,</strong></span> <span class='ocrx_word' id='word_1_852' title='bbox 3251 4026 3409 4079; x_wconf 85' lang='lat' dir='ltr'><strong>quem</strong></span> <span class='ocrx_word' id='word_1_853' title='bbox 3444 4025 3570 4079; x_wconf 77' lang='lat' dir='ltr'><strong>pro-</strong></span> 
     </span>
    </p>
   </div>
   <div class='ocr_carea' id='block_1_101' title="bbox 1979 4100 3562 4171">
    <p class='ocr_par' dir='ltr' id='par_1_101' title="bbox 1979 4100 3562 4171">
     <span class='ocr_line' id='line_1_101' title="bbox 1979 4100 3562 4171; baseline -0.001 -15"><span class='ocrx_word' id='word_1_854' title='bbox 1979 4108 2254 4168; x_wconf 88' lang='lat' dir='ltr'><strong>crearunt,</strong></span> <span class='ocrx_word' id='word_1_855' title='bbox 2298 4100 2467 4170; x_wconf 85' lang='lat' dir='ltr'><strong>magis</strong></span> <span class='ocrx_word' id='word_1_856' title='bbox 2493 4115 2655 4170; x_wconf 84' lang='lat' dir='ltr'><strong>quam</strong></span> <span class='ocrx_word' id='word_1_857' title='bbox 2682 4115 2870 4154; x_wconf 90' lang='lat' dir='ltr'><strong>omnes</strong></span> <span class='ocrx_word' id='word_1_858' title='bbox 2911 4100 3094 4155; x_wconf 90' lang='lat' dir='ltr'><strong>hostes</strong></span> <span class='ocrx_word' id='word_1_859' title='bbox 3132 4100 3474 4171; x_wconf 71' lang='lat' dir='ltr'><strong>abiecerunt;</strong></span> <span class='ocrx_word' id='word_1_860' title='bbox 3510 4111 3562 4154; x_wconf 90' lang='lat' dir='ltr'><strong>ct</strong></span> 
     </span>
    </p>
   </div>
   <div class='ocr_carea' id='block_1_102' title="bbox 1980 4191 3177 4265">
    <p class='ocr_par' dir='ltr' id='par_1_102' title="bbox 1980 4191 3177 4265">
     <span class='ocr_line' id='line_1_102' title="bbox 1980 4191 3177 4265; baseline -0.002 -17"><span class='ocrx_word' id='word_1_861' title='bbox 1980 4193 2077 4248; x_wconf 87' lang='lat' dir='ltr'><strong>ﬁlii</strong></span> <span class='ocrx_word' id='word_1_862' title='bbox 2106 4203 2286 4265; x_wconf 88' lang='lat' dir='ltr'><strong>patres</strong></span> <span class='ocrx_word' id='word_1_863' title='bbox 2315 4191 2651 4247; x_wconf 80' lang='lat' dir='ltr'><strong>extulerunt.</strong></span> <span class='ocrx_word' id='word_1_864' title='bbox 2682 4192 2936 4247; x_wconf 83' lang='lat' dir='ltr'><strong>Animqu</strong></span> <span class='ocrx_word' id='word_1_865' title='bbox 2962 4191 3177 4248; x_wconf 87' lang='lat' dir='ltr'><strong>adhibe.</strong></span> 
     </span>
    </p>
   </div>
   <div class='ocr_carea' id='block_1_103' title="bbox 2050 4285 3561 4356">
    <p class='ocr_par' dir='ltr' id='par_1_103' title="bbox 2050 4285 3561 4356">
     <span class='ocr_line' id='line_1_103' title="bbox 2050 4285 3561 4356; baseline -0.003 -14"><span class='ocrx_word' id='word_1_866' title='bbox 2050 4288 2104 4342; x_wconf 73' lang='grc'><strong>2.</strong></span> <span class='ocrx_word' id='word_1_867' title='bbox 2136 4286 2317 4341; x_wconf 81' lang='lat' dir='ltr'><strong>Gratia</strong></span> <span class='ocrx_word' id='word_1_868' title='bbox 2345 4286 2437 4341; x_wconf 82' lang='lat' dir='ltr'><strong>Dei</strong></span> <span class='ocrx_word' id='word_1_869' title='bbox 2460 4286 2751 4356; x_wconf 67' lang='lat' dir='ltr'><strong>quaerenda,</strong></span> <span class='ocrx_word' id='word_1_870' title='bbox 2790 4302 2891 4339; x_wconf 86' lang='lat' dir='ltr'><strong>non</strong></span> <span class='ocrx_word' id='word_1_871' title='bbox 2931 4286 3210 4339; x_wconf 79' lang='lat' dir='ltr'><strong>hominum.</strong></span> <span class='ocrx_word' id='word_1_872' title='bbox 3230 4313 3306 4330; x_wconf 73' lang='grc' dir='ltr'><strong>-ι-</strong></span> <span class='ocrx_word' id='word_1_873' title='bbox 3326 4285 3561 4341; x_wconf 85' lang='lat' dir='ltr'><strong>Gratiam</strong></span> 
     </span>
    </p>
   </div>
   <div class='ocr_carea' id='block_1_104' title="bbox 1980 4376 3561 4448">
    <p class='ocr_par' dir='ltr' id='par_1_104' title="bbox 1980 4376 3561 4448">
     <span class='ocr_line' id='line_1_104' title="bbox 1980 4376 3561 4448; baseline -0.003 -14"><span class='ocrx_word' id='word_1_874' title='bbox 1980 4380 2165 4436; x_wconf 88' lang='lat' dir='ltr'><strong>habuit</strong></span> <span class='ocrx_word' id='word_1_875' title='bbox 2206 4378 2373 4433; x_wconf 87' lang='lat' dir='ltr'><strong>David</strong></span> <span class='ocrx_word' id='word_1_876' title='bbox 2414 4377 2554 4448; x_wconf 89' lang='lat' dir='ltr'><strong>apud</strong></span> <span class='ocrx_word' id='word_1_877' title='bbox 2592 4378 2798 4441; x_wconf 87' lang='lat' dir='ltr'><strong>Deum;</strong></span> <span class='ocrx_word' id='word_1_878' title='bbox 2843 4377 3068 4447; x_wconf 82' lang='lat' dir='ltr'><strong>gratiam</strong></span> <span class='ocrx_word' id='word_1_879' title='bbox 3100 4376 3283 4431; x_wconf 83' lang='lat' dir='ltr'><strong>habuit</strong></span> <span class='ocrx_word' id='word_1_880' title='bbox 3307 4376 3561 4430; x_wconf 86' lang='lat' dir='ltr'><strong>Absalom</strong></span> 
     </span>
    </p>
   </div>
   <div class='ocr_carea' id='block_1_105' title="bbox 1979 4469 3565 4543">
    <p class='ocr_par' dir='ltr' id='par_1_105' title="bbox 1979 4469 3565 4543">
     <span class='ocr_line' id='line_1_105' title="bbox 1979 4469 3565 4543; baseline -0.003 -15"><span class='ocrx_word' id='word_1_881' title='bbox 1979 4473 2121 4543; x_wconf 90' lang='lat' dir='ltr'><strong>apud</strong></span> <span class='ocrx_word' id='word_1_882' title='bbox 2167 4471 2412 4526; x_wconf 89' lang='lat' dir='ltr'><strong>homines</strong></span> <span class='ocrx_word' id='word_1_883' title='bbox 2436 4490 2450 4526; x_wconf 91' lang='lat'><strong>:</strong></span> <span class='ocrx_word' id='word_1_884' title='bbox 2473 4485 2634 4542; x_wconf 91' lang='lat' dir='ltr'><strong>quem</strong></span> <span class='ocrx_word' id='word_1_885' title='bbox 2674 4472 2836 4526; x_wconf 89' lang='lat' dir='ltr'><strong>ﬁnem</strong></span> <span class='ocrx_word' id='word_1_886' title='bbox 2862 4479 3090 4541; x_wconf 89' lang='lat' dir='ltr'><strong>uterque</strong></span> <span class='ocrx_word' id='word_1_887' title='bbox 3124 4469 3328 4536; x_wconf 91' lang='lat' dir='ltr'><strong>habuit,</strong></span> <span class='ocrx_word' id='word_1_888' title='bbox 3367 4480 3422 4524; x_wconf 88' lang='lat' dir='ltr'><strong>et</strong></span> <span class='ocrx_word' id='word_1_889' title='bbox 3446 4480 3565 4524; x_wconf 84' lang='lat' dir='ltr'><strong>uter</strong></span> 
     </span>
    </p>
   </div>
   <div class='ocr_carea' id='block_1_106' title="bbox 1980 4561 3590 4643">
    <p class='ocr_par' dir='ltr' id='par_1_106' title="bbox 1980 4561 3590 4643">
     <span class='ocr_line' id='line_1_106' title="bbox 1980 4561 3590 4643; baseline -0.004 -22"><span class='ocrx_word' id='word_1_890' title='bbox 1980 4566 2151 4636; x_wconf 86' lang='lat' dir='ltr'><strong>magis</strong></span> <span class='ocrx_word' id='word_1_891' title='bbox 2171 4564 2425 4636; x_wconf 89' lang='lat' dir='ltr'><strong>probatus</strong></span> <span class='ocrx_word' id='word_1_892' title='bbox 2441 4573 2496 4619; x_wconf 90' lang='lat' dir='ltr'><strong>et</strong></span> <span class='ocrx_word' id='word_1_893' title='bbox 2515 4564 2690 4619; x_wconf 86' lang='lat' dir='ltr'><strong>clarus</strong></span> <span class='ocrx_word' id='word_1_894' title='bbox 2713 4563 2894 4630; x_wconf 80' lang='lat' dir='ltr'><strong>fuerit,</strong></span> <span class='ocrx_word' id='word_1_895' title='bbox 2913 4563 3105 4618; x_wconf 91' lang='lat' dir='ltr'><strong>nostis.</strong></span> <span class='ocrx_word' id='word_1_896' title='bbox 3127 4562 3363 4618; x_wconf 88' lang='lat' dir='ltr'><strong>Gratiam</strong></span> <span class='ocrx_word' id='word_1_897' title='bbox 3382 4561 3445 4616; x_wconf 89' lang='lat' dir='ltr'><strong>ha</strong></span> <span class='ocrx_word' id='word_1_898' title='bbox 3455 4564 3560 4616; x_wconf 84' lang='lat' dir='ltr'><strong>butt</strong></span> <span class='ocrx_word' id='word_1_899' title='bbox 3580 4626 3590 4643; x_wconf 47' lang='lat'><strong><em>.</em></strong></span> 
     </span>
    </p>
   </div>
   <div class='ocr_carea' id='block_1_107' title="bbox 1979 4652 3567 4726">
    <p class='ocr_par' dir='ltr' id='par_1_107' title="bbox 1979 4652 3567 4726">
     <span class='ocr_line' id='line_1_107' title="bbox 1979 4652 3567 4726; baseline -0.002 -14"><span class='ocrx_word' id='word_1_900' title='bbox 1979 4657 2251 4712; x_wconf 83' lang='lat' dir='ltr'><strong>Abraham</strong></span> <span class='ocrx_word' id='word_1_901' title='bbox 2280 4655 2424 4726; x_wconf 88' lang='lat' dir='ltr'><strong>apud</strong></span> <span class='ocrx_word' id='word_1_902' title='bbox 2457 4656 2647 4720; x_wconf 89' lang='lat' dir='ltr'><strong>Deum,</strong></span> <span class='ocrx_word' id='word_1_903' title='bbox 2682 4655 2888 4709; x_wconf 83' lang='lat' dir='ltr'><strong>Pharao</strong></span> <span class='ocrx_word' id='word_1_904' title='bbox 2916 4663 3097 4710; x_wconf 86' lang='lat' dir='ltr'><strong>autem</strong></span> <span class='ocrx_word' id='word_1_905' title='bbox 3118 4653 3257 4724; x_wconf 86' lang='lat' dir='ltr'><strong>apud</strong></span> <span class='ocrx_word' id='word_1_906' title='bbox 3285 4652 3567 4713; x_wconf 87' lang='lat' dir='ltr'><strong>homines:</strong></span> 
     </span>
    </p>
   </div>
   <div class='ocr_carea' id='block_1_108' title="bbox 1981 4744 3564 4818">
    <p class='ocr_par' dir='ltr' id='par_1_108' title="bbox 1981 4744 3564 4818">
     <span class='ocr_line' id='line_1_108' title="bbox 1981 4744 3564 4818; baseline -0.003 -15"><span class='ocrx_word' id='word_1_907' title='bbox 1981 4748 2037 4803; x_wconf 88' lang='lat' dir='ltr'><strong>hi</strong></span> <span class='ocrx_word' id='word_1_908' title='bbox 2067 4761 2295 4818; x_wconf 90' lang='lat' dir='ltr'><strong>namque</strong></span> <span class='ocrx_word' id='word_1_909' title='bbox 2322 4745 2545 4818; x_wconf 88' lang='lat' dir='ltr'><strong>gratiam</strong></span> <span class='ocrx_word' id='word_1_910' title='bbox 2568 4745 2685 4817; x_wconf 92' lang='lat' dir='ltr'><strong>ejus</strong></span> <span class='ocrx_word' id='word_1_911' title='bbox 2714 4753 3041 4814; x_wconf 88' lang='lat' dir='ltr'><strong>aucupantes</strong></span> <span class='ocrx_word' id='word_1_912' title='bbox 3067 4759 3288 4800; x_wconf 83' lang='lat' dir='ltr'><strong>uxorem</strong></span> <span class='ocrx_word' id='word_1_913' title='bbox 3313 4744 3440 4814; x_wconf 88' lang='lat' dir='ltr'><strong>justi</strong></span> <span class='ocrx_word' id='word_1_914' title='bbox 3463 4746 3564 4813; x_wconf 80' lang='lat' dir='ltr'><strong>ipsi</strong></span> 
     </span>
    </p>
   </div>
   <div class='ocr_carea' id='block_1_109' title="bbox 1982 4835 3559 4910">
    <p class='ocr_par' dir='ltr' id='par_1_109' title="bbox 1982 4835 3559 4910">
     <span class='ocr_line' id='line_1_109' title="bbox 1982 4835 3559 4910; baseline -0.003 -13"><span class='ocrx_word' id='word_1_915' title='bbox 1982 4839 2329 4910; x_wconf 89' lang='lat' dir='ltr'><strong>prodiderunt</strong></span> <span class='ocrx_word' id='word_1_916' title='bbox 2354 4858 2366 4893; x_wconf 90' lang='lat'><strong>:</strong></span> <span class='ocrx_word' id='word_1_917' title='bbox 2401 4851 2521 4894; x_wconf 86' lang='lat' dir='ltr'><strong>uter</strong></span> <span class='ocrx_word' id='word_1_918' title='bbox 2545 4839 2708 4909; x_wconf 83' lang='lat' dir='ltr'><strong>igitur</strong></span> <span class='ocrx_word' id='word_1_919' title='bbox 2725 4837 3075 4907; x_wconf 89' lang='lat' dir='ltr'><strong>splendidior,</strong></span> <span class='ocrx_word' id='word_1_920' title='bbox 3101 4845 3217 4891; x_wconf 86' lang='lat' dir='ltr'><strong>uter</strong></span> <span class='ocrx_word' id='word_1_921' title='bbox 3242 4837 3428 4891; x_wconf 88' lang='lat' dir='ltr'><strong>beatus</strong></span> <span class='ocrx_word' id='word_1_922' title='bbox 3449 4835 3559 4893; x_wconf 81' lang='lat' dir='ltr'><strong>fue-</strong></span> 
     </span>
    </p>
   </div>
   <div class='ocr_carea' id='block_1_110' title="bbox 1980 4911 3568 5001">
    <p class='ocr_par' dir='ltr' id='par_1_110' title="bbox 1980 4911 3568 5001">
     <span class='ocr_line' id='line_1_110' title="bbox 1980 4911 3568 5001; baseline -0.003 -16"><span class='ocrx_word' id='word_1_923' title='bbox 1980 4932 2073 4999; x_wconf 89' lang='lat' dir='ltr'><strong>rit,</strong></span> <span class='ocrx_word' id='word_1_924' title='bbox 2103 4931 2272 4986; x_wconf 86' lang='lat' dir='ltr'><strong>cuivis</strong></span> <span class='ocrx_word' id='word_1_925' title='bbox 2302 4929 2643 5001; x_wconf 86' lang='lat' dir='ltr'><strong>perspicuum</strong></span> <span class='ocrx_word' id='word_1_926' title='bbox 2682 4938 2786 4983; x_wconf 90' lang='lat' dir='ltr'><strong>est.</strong></span> <span class='ocrx_word' id='word_1_927' title='bbox 2828 4927 3032 4998; x_wconf 83' lang='lat' dir='ltr'><strong>Ecquid</strong></span> <span class='ocrx_word' id='word_1_928' title='bbox 3061 4926 3130 4983; x_wconf 91' lang='lat' dir='ltr'><strong>de</strong></span> <span class='ocrx_word' id='word_1_929' title='bbox 3156 4926 3314 4998; x_wconf 89' lang='lat' dir='ltr'><strong>justis</strong></span> <span class='ocrx_word' id='word_1_930' title='bbox 3341 4911 3568 4997; x_wconf 85' lang='lat' dir='ltr'><strong>loquor?</strong></span> 
     </span>
    </p>
   </div>
   <div class='ocr_carea' id='block_1_111' title="bbox 1981 5018 3566 5094">
    <p class='ocr_par' dir='ltr' id='par_1_111' title="bbox 1981 5018 3566 5094">
     <span class='ocr_line' id='line_1_111' title="bbox 1981 5018 3566 5094; baseline -0.004 -14"><span class='ocrx_word' id='word_1_931' title='bbox 1981 5025 2217 5080; x_wconf 88' lang='lat' dir='ltr'><strong>Gratiam</strong></span> <span class='ocrx_word' id='word_1_932' title='bbox 2245 5022 2387 5094; x_wconf 86' lang='lat' dir='ltr'><strong>apud</strong></span> <span class='ocrx_word' id='word_1_933' title='bbox 2410 5023 2577 5079; x_wconf 91' lang='lat' dir='ltr'><strong>Deum</strong></span> <span class='ocrx_word' id='word_1_934' title='bbox 2606 5021 2840 5077; x_wconf 86' lang='lat' dir='ltr'><strong>habuere</strong></span> <span class='ocrx_word' id='word_1_935' title='bbox 2862 5019 3135 5087; x_wconf 61' lang='lat' dir='ltr'><strong>Israelita},</strong></span> <span class='ocrx_word' id='word_1_936' title='bbox 3161 5029 3218 5075; x_wconf 92' lang='lat' dir='ltr'><strong>et</strong></span> <span class='ocrx_word' id='word_1_937' title='bbox 3240 5018 3364 5074; x_wconf 92' lang='lat' dir='ltr'><strong>odio</strong></span> <span class='ocrx_word' id='word_1_938' title='bbox 3396 5019 3566 5074; x_wconf 83' lang='lat' dir='ltr'><strong>habe-</strong></span> 
     </span>
    </p>
   </div>
   <div class='ocr_carea' id='block_1_112' title="bbox 1982 5109 3570 5183">
    <p class='ocr_par' dir='ltr' id='par_1_112' title="bbox 1982 5109 3570 5183">
     <span class='ocr_line' id='line_1_112' title="bbox 1982 5109 3570 5183; baseline -0.004 -13"><span class='ocrx_word' id='word_1_939' title='bbox 1982 5116 2178 5171; x_wconf 87' lang='lat' dir='ltr'><strong>bantur</strong></span> <span class='ocrx_word' id='word_1_940' title='bbox 2215 5115 2284 5170; x_wconf 90' lang='lat' dir='ltr'><strong>ab</strong></span> <span class='ocrx_word' id='word_1_941' title='bbox 2322 5112 2629 5168; x_wconf 90' lang='lat' dir='ltr'><strong>hominibus</strong></span> <span class='ocrx_word' id='word_1_942' title='bbox 2670 5111 2940 5183; x_wconf 61' lang='lat' dir='ltr'><strong>Egyptiis</strong></span> <span class='ocrx_word' id='word_1_943' title='bbox 2971 5129 2985 5167; x_wconf 90' lang='lat'><strong>:</strong></span> <span class='ocrx_word' id='word_1_944' title='bbox 3017 5120 3073 5166; x_wconf 90' lang='lat' dir='ltr'><strong>et</strong></span> <span class='ocrx_word' id='word_1_945' title='bbox 3115 5126 3210 5167; x_wconf 91' lang='lat' dir='ltr'><strong>eos</strong></span> <span class='ocrx_word' id='word_1_946' title='bbox 3239 5111 3327 5180; x_wconf 92' lang='lat' dir='ltr'><strong>qui</strong></span> <span class='ocrx_word' id='word_1_947' title='bbox 3360 5125 3420 5166; x_wconf 86' lang='lat' dir='ltr'><strong>se</strong></span> <span class='ocrx_word' id='word_1_948' title='bbox 3444 5109 3570 5165; x_wconf 90' lang='lat' dir='ltr'><strong>odio</strong></span> 
     </span>
    </p>
   </div>
   <div class='ocr_carea' id='block_1_113' title="bbox 1983 5201 3569 5277">
    <p class='ocr_par' dir='ltr' id='par_1_113' title="bbox 1983 5201 3569 5277">
     <span class='ocr_line' id='line_1_113' title="bbox 1983 5201 3569 5277; baseline -0.006 -13"><span class='ocrx_word' id='word_1_949' title='bbox 1983 5208 2250 5266; x_wconf 86' lang='lat' dir='ltr'><strong>habebant</strong></span> <span class='ocrx_word' id='word_1_950' title='bbox 2270 5213 2613 5277; x_wconf 88' lang='lat' dir='ltr'><strong>superarunt,</strong></span> <span class='ocrx_word' id='word_1_951' title='bbox 2644 5204 2804 5275; x_wconf 92' lang='lat' dir='ltr'><strong>idque</strong></span> <span class='ocrx_word' id='word_1_952' title='bbox 2830 5202 3122 5273; x_wconf 86' lang='lat' dir='ltr'><strong>conspicuo</strong></span> <span class='ocrx_word' id='word_1_953' title='bbox 3144 5219 3249 5273; x_wconf 85' lang='lat' dir='ltr'><strong>quo</strong></span> <span class='ocrx_word' id='word_1_954' title='bbox 3274 5201 3422 5257; x_wconf 88' lang='lat' dir='ltr'><strong>scitis</strong></span> <span class='ocrx_word' id='word_1_955' title='bbox 3451 5217 3569 5255; x_wconf 88' lang='lat' dir='ltr'><strong>om-</strong></span> 
     </span>
    </p>
   </div>
   <div class='ocr_carea' id='block_1_114' title="bbox 1983 5295 3570 5369">
    <p class='ocr_par' dir='ltr' id='par_1_114' title="bbox 1983 5295 3570 5369">
     <span class='ocr_line' id='line_1_114' title="bbox 1983 5295 3570 5369; baseline -0.004 -12"><span class='ocrx_word' id='word_1_956' title='bbox 1983 5318 2080 5358; x_wconf 86' lang='lat' dir='ltr'><strong>nes</strong></span> <span class='ocrx_word' id='word_1_957' title='bbox 2108 5300 2286 5356; x_wconf 91' lang='lat' dir='ltr'><strong>modo.</strong></span> <span class='ocrx_word' id='word_1_958' title='bbox 2311 5300 2426 5355; x_wconf 88' lang='lat' dir='ltr'><strong>Hoc</strong></span> <span class='ocrx_word' id='word_1_959' title='bbox 2450 5314 2579 5369; x_wconf 79' lang='lat' dir='ltr'><strong>ergo</strong></span> <span class='ocrx_word' id='word_1_960' title='bbox 2602 5312 2851 5354; x_wconf 89' lang='lat' dir='ltr'><strong>curemus</strong></span> <span class='ocrx_word' id='word_1_961' title='bbox 2868 5310 3092 5350; x_wconf 89' lang='lat' dir='ltr'><strong>omnes:</strong></span> <span class='ocrx_word' id='word_1_962' title='bbox 3118 5295 3361 5366; x_wconf 85' lang='lat' dir='ltr'><strong>quamvis</strong></span> <span class='ocrx_word' id='word_1_963' title='bbox 3377 5309 3570 5352; x_wconf 82' lang='lat' dir='ltr'><strong>servus</strong></span> 
     </span>
    </p>
   </div>
   <div class='ocr_carea' id='block_1_115' title="bbox 1982 5387 3568 5467">
    <p class='ocr_par' dir='ltr' id='par_1_115' title="bbox 1982 5387 3568 5467">
     <span class='ocr_line' id='line_1_115' title="bbox 1982 5387 3568 5467; baseline -0.003 -16"><span class='ocrx_word' id='word_1_964' title='bbox 1982 5396 2106 5467; x_wconf 83' lang='lat' dir='ltr'><strong>quis</strong></span> <span class='ocrx_word' id='word_1_965' title='bbox 2128 5394 2218 5461; x_wconf 89' lang='lat' dir='ltr'><strong>sit,</strong></span> <span class='ocrx_word' id='word_1_966' title='bbox 2243 5394 2347 5449; x_wconf 89' lang='lat' dir='ltr'><strong>hoc</strong></span> <span class='ocrx_word' id='word_1_967' title='bbox 2372 5400 2620 5463; x_wconf 89' lang='lat' dir='ltr'><strong>precetur</strong></span> <span class='ocrx_word' id='word_1_968' title='bbox 2639 5400 2697 5446; x_wconf 90' lang='lat' dir='ltr'><strong>ttt</strong></span> <span class='ocrx_word' id='word_1_969' title='bbox 2715 5389 2854 5461; x_wconf 87' lang='lat' dir='ltr'><strong>apud</strong></span> <span class='ocrx_word' id='word_1_970' title='bbox 2876 5390 3044 5444; x_wconf 89' lang='lat' dir='ltr'><strong>Deum</strong></span> <span class='ocrx_word' id='word_1_971' title='bbox 3062 5391 3232 5460; x_wconf 88' lang='lat' dir='ltr'><strong>magis</strong></span> <span class='ocrx_word' id='word_1_972' title='bbox 3249 5404 3409 5459; x_wconf 88' lang='lat' dir='ltr'><strong>quam</strong></span> <span class='ocrx_word' id='word_1_973' title='bbox 3431 5387 3568 5459; x_wconf 87' lang='lat' dir='ltr'><strong>apud</strong></span> 
     </span>
    </p>
   </div>
   <div class='ocr_carea' id='block_1_116' title="bbox 1982 5480 3569 5556">
    <p class='ocr_par' dir='ltr' id='par_1_116' title="bbox 1982 5480 3569 5556">
     <span class='ocr_line' id='line_1_116' title="bbox 1982 5480 3569 5556; baseline -0.006 -12"><span class='ocrx_word' id='word_1_974' title='bbox 1982 5487 2171 5544; x_wconf 86' lang='lat' dir='ltr'><strong>herum</strong></span> <span class='ocrx_word' id='word_1_975' title='bbox 2198 5501 2353 5541; x_wconf 89' lang='lat' dir='ltr'><strong>suum</strong></span> <span class='ocrx_word' id='word_1_976' title='bbox 2383 5484 2611 5556; x_wconf 83' lang='lat' dir='ltr'><strong>gratiam</strong></span> <span class='ocrx_word' id='word_1_977' title='bbox 2643 5482 2914 5549; x_wconf 88' lang='lat' dir='ltr'><strong>inveniat;</strong></span> <span class='ocrx_word' id='word_1_978' title='bbox 2946 5483 3191 5552; x_wconf 86' lang='lat' dir='ltr'><strong>quamvis</strong></span> <span class='ocrx_word' id='word_1_979' title='bbox 3222 5499 3356 5538; x_wconf 77' lang='lat' dir='ltr'><strong>uxor</strong></span> <span class='ocrx_word' id='word_1_980' title='bbox 3388 5480 3569 5547; x_wconf 82' lang='lat' dir='ltr'><strong>fuerit,</strong></span> 
     </span>
    </p>
   </div>
   <div class='ocr_carea' id='block_1_117' title="bbox 1985 5572 3572 5648">
    <p class='ocr_par' dir='ltr' id='par_1_117' title="bbox 1985 5572 3572 5648">
     <span class='ocr_line' id='line_1_117' title="bbox 1985 5572 3572 5648; baseline -0.004 -18"><span class='ocrx_word' id='word_1_981' title='bbox 1985 5579 2103 5648; x_wconf 91' lang='lat' dir='ltr'><strong>plus</strong></span> <span class='ocrx_word' id='word_1_982' title='bbox 2130 5592 2288 5648; x_wconf 89' lang='lat' dir='ltr'><strong>quam</strong></span> <span class='ocrx_word' id='word_1_983' title='bbox 2310 5575 2551 5646; x_wconf 83' lang='lat' dir='ltr'><strong>conjugis</strong></span> <span class='ocrx_word' id='word_1_984' title='bbox 2593 5573 2895 5630; x_wconf 86' lang='lat' dir='ltr'><strong>Servatoris</strong></span> <span class='ocrx_word' id='word_1_985' title='bbox 2925 5573 3006 5628; x_wconf 89' lang='lat' dir='ltr'><strong>sui</strong></span> <span class='ocrx_word' id='word_1_986' title='bbox 3049 5572 3146 5629; x_wconf 90' lang='lat' dir='ltr'><strong>Dei</strong></span> <span class='ocrx_word' id='word_1_987' title='bbox 3174 5573 3396 5644; x_wconf 87' lang='lat' dir='ltr'><strong>gratiam</strong></span> <span class='ocrx_word' id='word_1_988' title='bbox 3421 5587 3572 5642; x_wconf 69' lang='lat' dir='ltr'><strong>qure-</strong></span> 
     </span>
    </p>
   </div>
   <div class='ocr_carea' id='block_1_118' title="bbox 1982 5658 3575 5739">
    <p class='ocr_par' dir='ltr' id='par_1_118' title="bbox 1982 5658 3575 5739">
     <span class='ocr_line' id='line_1_118' title="bbox 1982 5658 3575 5739; baseline -0.006 -12"><span class='ocrx_word' id='word_1_989' title='bbox 1982 5679 2102 5737; x_wconf 87' lang='lat' dir='ltr'><strong>rat;</strong></span> <span class='ocrx_word' id='word_1_990' title='bbox 2154 5669 2398 5739; x_wconf 90' lang='lat' dir='ltr'><strong>quamvis</strong></span> <span class='ocrx_word' id='word_1_991' title='bbox 2424 5658 2629 5732; x_wconf 84' lang='lat' dir='ltr'><strong>miles,</strong></span> <span class='ocrx_word' id='word_1_992' title='bbox 2674 5666 2844 5736; x_wconf 77' lang='lat' dir='ltr'><strong>magis</strong></span> <span class='ocrx_word' id='word_1_993' title='bbox 2887 5681 3046 5737; x_wconf 88' lang='lat' dir='ltr'><strong>quam</strong></span> <span class='ocrx_word' id='word_1_994' title='bbox 3096 5664 3443 5738; x_wconf 88' lang='lat' dir='ltr'><strong>Imperatoris</strong></span> <span class='ocrx_word' id='word_1_995' title='bbox 3483 5673 3575 5718; x_wconf 89' lang='lat' dir='ltr'><strong>aut</strong></span> 
     </span>
    </p>
   </div>
   <div class='ocr_carea' id='block_1_119' title="bbox 1982 5754 3574 5835">
    <p class='ocr_par' dir='ltr' id='par_1_119' title="bbox 1982 5754 3574 5835">
     <span class='ocr_line' id='line_1_119' title="bbox 1982 5754 3574 5835; baseline -0.006 -17"><span class='ocrx_word' id='word_1_996' title='bbox 1982 5760 2241 5835; x_wconf 86' lang='lat' dir='ltr'><strong>principis</strong></span> <span class='ocrx_word' id='word_1_997' title='bbox 2263 5801 2280 5827; x_wconf 90' lang='lat'><strong>,</strong></span> <span class='ocrx_word' id='word_1_998' title='bbox 2308 5775 2596 5829; x_wconf 89' lang='lat' dir='ltr'><strong>supernam</strong></span> <span class='ocrx_word' id='word_1_999' title='bbox 2626 5758 3055 5815; x_wconf 87' lang='lat' dir='ltr'><strong>benevolentiam</strong></span> <span class='ocrx_word' id='word_1_1000' title='bbox 3073 5766 3287 5828; x_wconf 82' lang='lat' dir='ltr'><strong>expetat</strong></span> <span class='ocrx_word' id='word_1_1001' title='bbox 3305 5774 3320 5812; x_wconf 89' lang='lat'><strong>:</strong></span> <span class='ocrx_word' id='word_1_1002' title='bbox 3341 5755 3419 5813; x_wconf 90' lang='lat' dir='ltr'><strong>sic</strong></span> <span class='ocrx_word' id='word_1_1003' title='bbox 3432 5754 3574 5811; x_wconf 87' lang='lat' dir='ltr'><strong>enim</strong></span> 
     </span>
    </p>
   </div>
   <div class='ocr_carea' id='block_1_120' title="bbox 1988 5846 3574 5924">
    <p class='ocr_par' dir='ltr' id='par_1_120' title="bbox 1988 5846 3574 5924">
     <span class='ocr_line' id='line_1_120' title="bbox 1988 5846 3574 5924; baseline -0.005 -14"><span class='ocrx_word' id='word_1_1004' title='bbox 1988 5851 2151 5910; x_wconf 82' lang='lat' dir='ltr'><strong>etiam</strong></span> <span class='ocrx_word' id='word_1_1005' title='bbox 2175 5849 2320 5924; x_wconf 88' lang='lat' dir='ltr'><strong>apud</strong></span> <span class='ocrx_word' id='word_1_1006' title='bbox 2349 5849 2596 5910; x_wconf 82' lang='lat' dir='ltr'><strong>homines</strong></span> <span class='ocrx_word' id='word_1_1007' title='bbox 2640 5847 2894 5908; x_wconf 78' lang='lat' dir='ltr'><strong>amabilis</strong></span> <span class='ocrx_word' id='word_1_1008' title='bbox 2916 5847 3044 5905; x_wconf 91' lang='lat' dir='ltr'><strong>eris.</strong></span> <span class='ocrx_word' id='word_1_1009' title='bbox 3075 5846 3356 5915; x_wconf 83' lang='lat' dir='ltr'><strong>Quomodo</strong></span> <span class='ocrx_word' id='word_1_1010' title='bbox 3397 5855 3574 5904; x_wconf 82' lang='lat' dir='ltr'><strong>autem</strong></span> 
     </span>
    </p>
   </div>
  </div>
