4086 6416
553 398 619 455 15
1339 397 1396 453 S.
1436 395 1713 452 JOANNIS
1748 390 2217 450 CliliYSOSTOMI
2259 392 2572 451 ARCHIEP.
2612 395 3147 457 CONSTANTINOP.
3762 409 3843 463 16

542 513 669 585 quis
702 513 929 584 gratiam
961 514 1195 570 inveniat
1226 512 1366 583 apud
1396 510 1601 566 Deum?
1641 510 1758 578 Quo
1799 508 1908 599 adio
1945 504 2124 570 modo,

545 622 703 675 quam
727 607 795 662 ah
826 606 1163 662 humilitate?
1193 605 1330 661 Deus
1372 604 1527 669 enim,
1564 601 1759 673 inquit,
1789 598 2016 670 superbis
2046 613 2128 649 re-

543 701 693 763 sistit,
728 699 1002 753 humilibus
1022 709 1189 752 autem
1213 698 1299 750 dat
1335 696 1552 767 gratiam
1575 692 1759 765 (Prov.
1797 693 1851 747 3.
1894 688 2019 759 5’s);
2051 697 2126 751 et,

544 793 869 860 Sacriﬁcium
922 791 1019 845 Deo
1034 790 1225 856 spiritus
1246 788 1680 852 contribulatus,et,
1695 784 2031 840 Humiliatum
2041 798 2122 838 cor

546 883 679 938 Deus
708 900 810 937 non
832 882 1071 946 despiciet
1093 879 1260 949 (Psal.
1287 879 1376 934 50.
1410 878 1521 947 19).
1553 877 1683 932 Nunt
1712 876 1756 930 si
1783 876 1922 945 apud
1950 874 2129 928 homi-

543 991 640 1031 nes
660 985 765 1029 tam
789 972 1161 1028 desiderabilis
1187 980 1270 1026 est
1293 970 1591 1032 humiiitas,
1620 968 1784 1022 multo
1806 966 1974 1036 magis
1990 965 2128 1035 apud

546 1068 731 1121 Deum.
761 1065 832 1118 Ita
859 1072 911 1117 et
932 1063 1158 1132 gentiles
1180 1062 1403 1129 gratiam
1432 1061 1769 1124 invenerunt,
1794 1059 1864 1112 ita
1890 1056 2127 1112 etJudaii

542 1159 709 1229 gratia
738 1157 1051 1212 exciderunt
1084 1173 1096 1208 :
1142 1154 1369 1208 Justitite
1401 1169 1615 1224 namque
1658 1151 1750 1206 Dei
1781 1168 1881 1205 non
1919 1150 2129 1220 subjecti

545 1251 749 1319 fuerunt
771 1248 946 1319 (Rom.
980 1249 1063 1303 lt).
1093 1248 1171 1317 5).
1202 1247 1427 1301 llutnilis
1451 1244 1718 1316 gratiosus
1739 1254 1792 1298 et
1809 1243 1987 1297 suavis
2011 1256 2129 1295 om—

542 1342 698 1396 nibus
739 1350 841 1406 est,
890 1350 1149 1409 perpetuo
1194 1339 1246 1392 in
1294 1353 1421 1408 pace
1448 1338 1650 1399 vivens,
1698 1337 2004 1405 nullamque
2033 1334 2127 1389 ha-

542 1436 670 1487 bens
696 1433 818 1488 belli
837 1432 1195 1487 occasionem.
1218 1430 1600 1485 Etiamsieuim
1630 1429 1778 1484 illum
1800 1428 2124 1483 contumelia

539 1537 595 1581 ct
622 1526 880 1581 conviciis
910 1525 1130 1590 allii-ias,
1170 1524 1383 1578 etiamsi
1429 1522 1639 1593 quidvis
1678 1521 1897 1583 dixeris,
1932 1520 2126 1574 tacebit

541 1618 633 1673 ille
659 1630 712 1673 et
740 1618 934 1672 leniter
955 1618 1116 1678 feret:
1168 1626 1221 1671 et
1253 1626 1449 1670 tantam
1492 1614 1726 1671 servabit
1767 1614 1904 1682 apud
1937 1627 2124 1666 omnes

542 1724 749 1778 pacem,
776 1718 1026 1778 quantam
1065 1724 1130 1763 ne
1174 1708 1354 1762 dicere
1392 1708 1606 1777 quidem
1636 1706 1829 1776 possis,
1857 1705 2124 1774 etiamque

540 1800 678 1870 apud
710 1800 898 1854 Deum.
933 1798 1175 1854 Mandata
1202 1799 1399 1869 quippe
1426 1798 1518 1853 Dei
1549 1814 1615 1852 eo
1646 1796 1886 1862 tendunt,
1915 1805 1971 1850 ιιι
2000 1810 2121 1850 cum

540 1892 846 1947 hominibus
874 1908 972 1962 pax
1002 1891 1296 1947 habeatur;
1336 1902 1389 1947 et
1416 1891 1574 1945 vitam
1614 1899 1850 1945 nostram
1878 1888 1948 1943 ita
1978 1896 2123 1942 recte

541 1986 901 2055 transigimus,
932 1986 979 2040 si
1008 1994 1188 2040 mutua
1210 2000 1330 2039 cum
1362 1985 1486 2039 aliis
1508 1999 1637 2054 pace
1665 1982 1920 2038 fruamur.
1954 1979 2120 2035 Deum

538 2078 679 2133 enim
707 2094 867 2133 nemo
895 2077 1091 2132 laedere
1118 2078 1314 2146 poterit
1337 2095 1351 2131 :
1375 2086 1562 2131 natura
1589 2075 1785 2145 quippe
1825 2075 1912 2128 illa
1940 2072 2111 2143 perui-

538 2170 640 2225 ciei
662 2169 891 2225 obnoxia
926 2184 1032 2224 non
1068 2179 1153 2224 est
1172 2178 1227 2224 et
1254 2169 1396 2223 omni
1422 2167 1652 2238 passioni
1683 2166 1946 2236 superior.
1979 2165 2119 2220 Nihil

537 2261 610 2315 ita
640 2261 937 2315 mirabilem
971 2259 1332 2315 Christianum
1361 2258 1535 2314 reddit
1566 2268 1620 2312 ut
1648 2256 1943 2312 humilitas.
1982 2256 2118 2311 Audi

534 2357 677 2409 enim
705 2354 1068 2409 Ahraltamum
1093 2354 1359 2409 dicentem
1392 2371 1405 2408 :
1438 2351 1550 2423 Ego
1577 2361 1745 2405 autent
1773 2368 1885 2404 sunt
1919 2359 2052 2403 terra
2074 2360 2122 2404 et

532 2445 660 2499 ciuis
692 2443 840 2515 (Gen.
867 2445 955 2499 l8.
982 2443 1114 2513 27);
1147 2455 1195 2499 et
1248 2444 1411 2498 Deum
1440 2457 1626 2497 rursus
1649 2442 1717 2497 de
1752 2441 1955 2512 Moyse,
1979 2441 2119 2510 quod

532 2539 693 2594 fuerit
718 2538 955 2593 omnium
997 2538 1271 2592 hominum
1314 2537 1648 2592 mitissimus.
1678 2536 1819 2590 Nihil
1860 2532 2001 2590 enim
2029 2533 2120 2588 illo

530 2632 786 2686 humilius
820 2630 936 2696 fuit,
987 2631 1079 2701 qui
1120 2646 1242 2686 cum
1270 2629 1403 2683 tanti
1443 2629 1622 2699 pepuli
1651 2628 1755 2683 dux
1788 2637 1948 2692 esset,
1996 2642 2117 2682 cum

531 2738 710 2792 regem
742 2733 796 2778 et
821 2724 1113 2777 exercitum
1153 2723 1520 2793 Aigyptiorum
1543 2720 1783 2775 omnium
1810 2720 1960 2791 quasi
1996 2735 2117 2774 mu.

531 2829 650 2869 scas
679 2815 904 2869 in'mare
933 2814 1301 2877 demersisset,
1328 2824 1384 2869 et
1415 2823 1555 2867 tanta
1596 2814 1649 2867 in
1680 2812 1935 2884 Egypto,
1970 2822 2112 2867 tanta

530 2904 586 2958 in
609 2906 740 2958 mari
765 2904 944 2960 Rubro
964 2914 1017 2958 et
1041 2904 1092 2958 itt
1114 2905 1330 2959 deserto
1349 2914 1725 2973 perpetrasset,
1747 2914 2118 2974 tantarumque

532 3010 709 3050 rerum
742 2995 1065 3051 testimoniis
1112 2995 1378 3050 frueretur
1399 3038 1412 3059 ,
1446 2995 1525 3051 sic
1570 2995 1791 3050 allectus
1821 3006 1937 3050 erat
1963 2995 2117 3065 quasi

531 3104 666 3141 ttttus‘
692 3102 756 3141 ex
785 3088 934 3156 plebe
957 3104 972 3153 ;
997 3097 1217 3154 eratque
1242 3101 1428 3142 socero
1454 3102 1621 3157 gener
1649 3086 1920 3149 humilior,
1947 3086 2117 3141 illius-

529 3194 632 3249 que
660 3178 944 3233 censilium
971 3178 1197 3247 accepit.
1229 3177 1343 3232 Non
1388 3179 1611 3233 moleste
1641 3178 1779 3243 tulit,
1804 3193 1909 3232 non
1935 3178 2069 3232 dixit
2098 3199 2112 3234 :

528 3273 665 3340 Quid
699 3272 840 3327 hoc?
868 3281 987 3341 post
1029 3280 1106 3326 tot
1149 3281 1398 3341 tantaque
1440 3272 1696 3341 prmclare
1737 3282 1881 3341 gesta
1921 3270 2114 3325 venisti

529 3364 686 3418 nobis
721 3363 947 3418 consilia
997 3362 1262 3417 daturus?
1287 3362 1441 3430 Quod
1488 3372 1663 3417 tamen
1696 3363 1849 3417 multi
1893 3361 2110 3427 faciunt,

526 3457 733 3511 et‘atnsi
758 3457 876 3524 quis
906 3458 1164 3525 optimum
1198 3455 1291 3511 det
1327 3455 1632 3519 consilium,
1670 3471 1910 3524 personae
1941 3455 2116 3509 humi-

526 3551 733 3604 litatem
761 3551 1035 3620 despectui
1079 3549 1358 3605 habentes.
1391 3550 1460 3604 At
1488 3564 1593 3604 non
1630 3549 1709 3604 sic
1752 3550 1859 3613 ille,
1901 3550 1992 3605 sed
2020 3566 2114 3620 per

527 3642 876 3697 humilitatem
907 3644 1081 3697 omnia
1111 3650 1256 3697 recte
1281 3642 1493 3711 agebat.
1529 3640 1664 3696 Hinc
1692 3642 1843 3696 aulas
1869 3642 2113 3711 despexit

525 3733 720 3803 regias,
748 3732 870 3802 quia
899 3748 1027 3789 vere
1052 3733 1271 3787 humilis
1294 3741 1411 3788 erat
1436 3751 1449 3785 :
1479 3742 1714 3788 mentem
1739 3734 1883 3787 enim
1923 3748 2108 3787 sanam

525 3833 580 3877 et
607 3825 880 3879 excelsam
924 3823 1052 3879 facit
1094 3824 1383 3879 humilitas.
1410 3824 1635 3892 Quanta:
1664 3825 1806 3879 enim
1835 3834 1889 3879 et
1915 3825 2110 3880 mentis

524 3924 579 3970 et
608 3916 772 3969 animi
803 3915 1184 3985 magnitudinis
1230 3916 1390 3972 fuerit
1432 3925 1486 3972 et
1519 3917 1737 3972 domum
1774 3925 1829 3972 et
1868 3914 2106 3973 mensam

525 4008 722 4078 regiam
762 4007 1081 4078 despicere?
1111 4008 1283 4079 Reges
1309 4010 1450 4064 enim
1481 4011 1633 4081 quasi
1678 4011 1752 4066 dii
1797 4011 2107 4066 colt-bantur

522 4102 661 4172 apud
691 4101 992 4174 Egyptios,
1045 4118 1107 4156 ac
1141 4102 1339 4156 divitiis
1385 4104 1756 4175 tltesaurisque
1796 4104 2108 4163 fruebantur

524 4194 838 4248 innumeris.
873 4196 1121 4248 Attamen
1153 4195 1241 4247 ille
1271 4194 1354 4248 his
1400 4196 1647 4249 onmihus
1671 4195 1928 4261 dimissis,
1958 4196 2109 4265 abje-

522 4284 729 4355 ctisqne
771 4284 984 4355 Afgypti
1033 4287 1281 4355 sceptris,
1321 4285 1388 4340 ad
1436 4288 1676 4355 captivos
1713 4295 1768 4341 et
1797 4302 2102 4357 oppressos,

522 4374 613 4445 qui
641 4376 692 4428 in
725 4376 837 4430 luto
861 4383 917 4430 et
941 4376 1198 4431 lateribus
1223 4376 1596 4439 versabantur,
1628 4392 1764 4446 quos
1794 4380 1934 4433 servi
1964 4380 2105 4450 regis

524 4468 813 4524 horrebant
843 4489 856 4524 :
882 4483 1002 4522 nam
1032 4468 1150 4521 illos
1176 4467 1620 4524 abomiuabantur
1648 4471 1884 4543 Egyptii
1908 4474 2102 4546 (Exod.

524 4563 577 4617 l.
611 4561 723 4631 15),
756 4561 973 4629 inquit:
1020 4560 1087 4613 ad
1134 4561 1232 4615 hos
1275 4560 1549 4631 confugit,
1605 4563 1835 4634 illosque
1871 4566 2105 4622 dominis

523 4653 832 4721 praeposuit.
861 4650 1008 4707 Unde
1030 4652 1206 4724 palam
1227 4663 1328 4717 est,
1356 4654 1495 4711 hunc
1523 4657 1798 4726 humilem,
1830 4662 2105 4718 excelsum

525 4743 1026 4812 magnanimnmque
1051 4758 1190 4799 esse.
1221 4745 1533 4816 Arrogantia
1555 4750 1697 4803 enim
1719 4766 1785 4805 ex
1811 4752 1902 4807 vili
1923 4762 2105 4810 mente

520 4844 576 4888 et
597 4834 838 4889 illiberali
883 4835 1059 4889 animo
1110 4837 1379 4903 nascitur;
1426 4842 1778 4897 mansuetudo
1815 4856 1993 4901 autem
2036 4862 2103 4902 ex

524 4943 716 4997 magno
739 4935 792 4981 et
820 4929 1031 4983 excelso
1051 4929 1249 4984 animo.

592 5019 647 5075 5.
681 5018 959 5074 Humilitas
988 5024 1383 5078 commendatur.
1405 5051 1474 5065 -—-
1497 5025 1564 5081 Et
1587 5026 1630 5081 si
1662 5026 1854 5097 placet,
1892 5039 2098 5085 utrum-

521 5126 627 5180 que
656 5111 916 5180 exrmplis
940 5112 1307 5169 discutiamus.
1341 5115 1435 5171 Dic
1461 5118 1602 5171 enim
1634 5119 1785 5185 mihi,
1813 5122 1902 5190 qui
1931 5122 2100 5177 Abra-

525 5203 682 5257 hamo
709 5204 970 5258 excelsius
999 5205 1129 5260 fuit?
1158 5209 1313 5277 Atqui
1346 5209 1435 5264 ille
1458 5221 1573 5265 erat
1596 5212 1683 5281 qui
1714 5212 1944 5279 dicebat,
1986 5206 2097 5286 Ego

520 5309 635 5347 sum
658 5303 792 5348 terra
817 5304 863 5349 et
889 5297 1013 5350 cinis
1059 5298 1075 5366 (
1100 5296 1226 5351 Gen.
1260 5299 1327 5357 18
1375 5300 1487 5370 27)
1520 5318 1535 5356 :
1570 5303 1656 5356 ille
1685 5314 1801 5359 erat
1830 5306 1920 5375 qui
1947 5307 2095 5363 dice-

525 5384 630 5448 bat,
665 5382 749 5437 Ne
768 5385 831 5439 sit
862 5402 1030 5457 pugna
1075 5389 1204 5442 inter
1229 5406 1307 5444 me
1335 5404 1383 5444 et
1411 5403 1456 5445 te
1484 5391 1633 5463 (Gen.
1668 5396 1755 5449 15.
1788 5396 1867 5458 8).
1896 5396 2091 5452 Verum

522 5477 610 5533 hic
642 5477 857 5533 humilis
896 5480 1173 5535 manubias
1203 5481 1441 5551 despexit
1471 5485 1715 5541 Persicas
1736 5529 1751 5548 ,
1799 5502 1854 5543 et
1901 5488 2094 5543 barba-

526 5569 637 5624 rica
677 5570 998 5639 contempsit
1028 5580 1248 5641 tropa‘a.
1282 5573 1392 5629 Hoc
1419 5592 1579 5644 porro
1607 5593 1672 5633 ex
1700 5578 1863 5632 animi
1894 5581 2095 5651 magni-

521 5659 705 5715 tudine
746 5676 798 5717 et
843 5661 1171 5718 sublimitate
1202 5664 1447 5720 faciebat.
1476 5667 1571 5723 llle
1596 5686 1827 5739 namque
1853 5687 1978 5727 vere
2004 5689 2092 5728 su-

520 5742 697 5798 blimis
724 5753 836 5810 est,
866 5744 957 5815 qui
1004 5746 1212 5800 sincere
1250 5758 1333 5802 est
1383 5750 1630 5820 humilis,
1661 5771 1765 5807 tton
1808 5755 2086 5819 adulator,

526 5846 633 5887 non
661 5835 748 5905 qui
775 5835 942 5891 ironia
975 5837 1158 5893 utitur.
1190 5838 1347 5896 Aliud
1371 5843 1513 5898 enim
1543 5854 1625 5901 est
1654 5847 2085 5918 magnanimitas,

2234 506 2378 561 aliud
2428 511 2731 580 arrogantia
2759 529 2775 565 :
2802 513 2903 568 hoc
2948 525 3126 569 autem
3176 515 3300 571 hinc
3344 517 3684 575 manifestum
3709 533 3838 578 est.

2235 596 2317 651 Sit
2347 598 2466 666 quis
2501 600 2671 654 lutum
2701 616 2822 657 esse
2853 603 3021 658 lutum
3051 616 3242 675 putans
3269 618 3325 663 et
3352 609 3479 664 illud
3506 609 3790 682 despiciat
3816 631 3835 679 ;

2233 690 2370 745 alius
2403 704 2578 746 autem
2611 697 2700 763 qui
2752 696 2919 751 lutuut
2969 713 3066 767 pro
3095 716 3227 754 auro
3257 700 3452 757 habeat
3476 744 3489 766 .
3519 703 3841 760 admiretur

2233 791 2289 836 et
2317 784 2493 854 magni
2523 786 2714 841 faciat:
2742 799 2859 843 uter
2882 792 3077 845 excelsi
3098 794 3261 847 animi
3294 794 3401 848 est?
3425 810 3600 849 annon
3628 799 3695 864 is,
3731 800 3838 867 qui

2234 872 2402 928 lutum
2432 891 2536 931 non
2567 877 2889 935 admiratur?
2922 892 3042 937 uter
3069 899 3198 939 vero
3220 885 3413 955 abiecti
3458 888 3619 942 animi
3649 898 3704 943 et
3735 891 3834 943 γῆς

2234 963 2301 1018 lis
2328 966 2435 1020 est?
2464 982 2643 1024 nonne
2668 972 2761 1040 qui
2793 971 2924 1027 illud
2949 973 3244 1030 admiratur
3262 984 3317 1031 et
3342 981 3518 1048 magni
3547 978 3708 1033 facit?
3738 979 3833 1034 Ita

2235 1058 2321 1114 hic
2349 1061 2509 1116 etiam
2535 1072 2721 1132 reputa
2751 1081 2765 1119 :
2793 1080 2912 1119 eum
2944 1082 3159 1137 nempe,
3205 1070 3293 1140 qui
3338 1085 3399 1126 se
3428 1080 3624 1126 terram
3653 1082 3710 1127 et
3736 1074 3835 1126 cio

2191 1220 2204 1231 _
2234 1167 2418 1206 nerem
2440 1152 2589 1219 dicit,
2612 1156 2885 1211 excelsum
2909 1174 3049 1226 esse,
3072 1164 3315 1232 quamvis
3338 1164 3439 1218 hoc
3459 1165 3602 1219 dicat
3625 1181 3693 1220 ex
3717 1164 3837 1219 hu.

2232 1242 2493 1335 tnilitateé
2528 1246 2675 1300 illum
2706 1263 2860 1314 vero,
2886 1251 2977 1320 qui
3005 1268 3065 1307 se
3093 1268 3190 1309 nec
3220 1263 3416 1310 terram
3445 1273 3546 1312 nec
3571 1258 3833 1312 cinerem

2232 1350 2352 1391 esse
2382 1347 2552 1405 putat,
2580 1340 2674 1395 sed
2702 1343 2937 1412 seipsuut
2961 1345 3089 1399 colit
3114 1356 3168 1400 et
3187 1347 3353 1402 altum
3379 1348 3447 1404 de
3468 1365 3527 1405 se
3551 1353 3710 1421 sapit,
3739 1355 3835 1407 vi-

2231 1427 2333 1482 lem
2367 1430 2546 1501 utique
2575 1447 2715 1499 esse,
2747 1437 2834 1504 qui
2861 1451 3020 1505 parva
3054 1440 3229 1510 magni
3256 1440 3431 1496 faciat.
3456 1442 3611 1499 Unde
3634 1444 3826 1514 palam

2229 1530 2313 1575 est
2352 1539 2415 1577 ex
2462 1540 2650 1595 magna
2693 1528 2857 1582 animi
2900 1532 3226 1587 sublimitate
3267 1536 3624 1604 patriarcitam
3671 1536 3829 1595 hanc

2228 1615 2472 1670 emisisse
2520 1631 2724 1685 vocem,
2783 1619 2889 1691 Ego
2921 1634 3090 1676 autent
3126 1640 3239 1678 sunt
3283 1636 3416 1681 terra
3458 1639 3505 1680 et
3551 1629 3714 1692 cinis;
3748 1646 3823 1686 ex

2227 1708 2424 1762 mentis
2458 1710 2803 1777 sublimitate,
2845 1732 2949 1797 noq
2990 1732 3054 1771 ex
3091 1721 3415 1789 arrogantia.
3451 1720 3824 1788 Quemadmo-

2226 1797 2351 1852 dum
2380 1802 2522 1855 enint
2554 1802 2605 1856 in
2647 1807 2962 1875 corporibus
2990 1810 3133 1865 aliud
3174 1821 3255 1865 est
3309 1823 3556 1883 vegetum
3586 1826 3640 1870 et
3670 1816 3824 1871 bona

2226 1894 2405 1947 carnis
2434 1892 2746 1951 habitudine
2774 1913 2912 1962 esse.
2944 1902 3085 1956 aliud
3126 1906 3245 1958 esse
3286 1903 3513 1961 humore
3541 1907 3820 1974 innatum,

2229 1984 2353 2040 licet
2374 1987 2427 2041 in
2460 1997 2688 2059 utroque
2713 2006 2845 2046 caro
2873 1996 3169 2063 promineat
3194 2014 3207 2059 ;
3240 2008 3292 2051 at
3324 1998 3376 2052 in
3406 1997 3506 2053 hoc
3529 2012 3821 2070 corrupta,

2228 2078 2278 2133 in
2323 2080 2413 2134 illo
2453 2098 2621 2139 sana:
2670 2087 2740 2139 ita
2778 2087 2936 2141 etiam
2976 2089 3116 2143 aliud
3148 2099 3230 2145 e~t
3276 2106 3397 2146 esse
3443 2108 3820 2164 arrogantem,

2224 2172 2364 2240 quod
2394 2185 2472 2228 est
2503 2190 2624 2231 esse
2671 2176 2897 2234 hutnore
2936 2191 3269 2251 turgentem;
3298 2184 3443 2238 aliud
3470 2201 3592 2240 esse
3635 2189 3819 2242 subli-

2226 2278 2386 2326 mem,
2420 2267 2560 2334 quod
2590 2276 2674 2322 est
2698 2278 2941 2338 vegetum
2964 2285 3100 2327 esse.
3137 2273 3204 2328 Et
3233 2289 3448 2343 rursus,
3482 2286 3566 2332 est
3590 2280 3816 2348 quidam

2223 2357 2466 2425 corporis
2506 2369 2706 2415 statura
2753 2378 3039 2430 procerus;
3085 2366 3223 2422 alius
3266 2378 3443 2423 autem
3477 2369 3653 2425 brevis
3697 2382 3815 2426 sta-

2226 2457 2361 2515 tura,
2390 2453 2624 2521 acceptis
2662 2454 2857 2509 calceis
2901 2456 2959 2512 lit
2986 2459 3182 2514 altior:
3212 2472 3389 2517 utrum
3425 2481 3554 2534 ergo
3585 2468 3810 2522 vocabi-

2222 2556 2341 2595 mus
2372 2558 2651 2611 ptocerum
2682 2557 2734 2601 et
2771 2564 3040 2620 magnum,
3074 2555 3297 2621 (μικεοῖ
3322 2571 3499 2611 annon
3531 2574 3672 2624 eum,
3710 2561 3808 2629 qui

2222 2648 2286 2686 ex
2316 2644 2501 2690 natura
2526 2654 2617 2693 sua
2646 2656 2895 2708 procerus
2914 2653 2995 2698 εει
3011 2644 3035 2698 ?
3053 2643 3143 2700 llle
3170 2649 3311 2700 enim
3333 2647 3571 2705 alienum
3593 2649 3691 2706 hoc
3709 2652 3808 2705 ha-

2222 2722 2332 2788 bet,
2366 2737 2419 2779 et
2440 2744 2602 2798 super
2621 2729 2839 2786 humilia
2861 2736 3177 2801 ascendens,
3202 2740 3277 2794 sic
3303 2756 3557 2809 procerus
3581 2744 3803 2800 ell'ectns

2221 2827 2303 2871 est
2332 2836 2344 2869 :
2375 2819 2425 2873 id
2457 2821 2598 2891 quod
2625 2825 2786 2878 etiam
2826 2827 2974 2882 multi
3002 2831 3244 2886 homines
3275 2832 3491 2899 faciunt,
3525 2839 3613 2907 qui
3638 2853 3798 2908 pecu-

2220 2909 2324 2965 niis
2354 2920 2407 2964 ct
2432 2914 2598 2981 gloria
2646 2931 2765 2972 sese
2790 2920 3087 2985 extollunt,
3119 2923 3280 2995 idque
3311 2943 3415 2982 non
3443 2938 3525 2982 est
3550 2930 3794 2985 altitudo.

2220 3001 2478 3059 Excelsus
2507 3008 2649 3059 enim
2677 3020 2758 3064 est
2787 3011 2896 3077 ille,
2923 3015 3013 3083 qui
3041 3015 3230 3069 horum
3254 3018 3403 3073 nullo
3418 3036 3551 3089 opus
3575 3020 3799 3090 habens,

2219 3094 2310 3147 sed
2338 3097 2513 3149 omnia
2542 3099 2877 3168 despiciens,
2920 3104 2972 3157 in
3010 3120 3067 3159 se
3103 3109 3523 3178 magnitudinem
3567 3114 3796 3169 obtinet.

2217 3183 2395 3240 Simus
2423 3202 2550 3258 ergo
2591 3188 2856 3253 humiles.
2894 3203 2950 3247 ut
2996 3196 3253 3252 sublimes
3296 3199 3590 3256 efficiamur
3632 3220 3805 3259 :nam

2223 3278 2321 3343 Qui
2361 3295 2415 3331 se
2452 3283 2707 3345 humiliut,
2749 3285 3051 3341 excitabitur
3094 3289 3303 3359 (Matth.
3337 3294 3427 3347 25.
3465 3295 3574 3363 l2),
3606 3298 3799 3364 inquit.

2216 3371 2321 3424 Sed
2350 3387 2455 3426 non
2489 3374 2577 3429 ille
2607 3392 2863 3447 arrogans
2910 3382 3027 3436 talis
3066 3393 3181 3448 est;
3213 3387 3451 3441 omnium
3489 3390 3686 3457 quippe
3720 3403 3804 3445 est

2218 3462 2506 3518 vilissimus
2534 3486 2548 3521 :
2580 3467 2721 3522 bulla
2750 3470 2890 3525 i-nim
2922 3474 3155 3543 inflatur,
3185 3477 3276 3531 sed
3319 3478 3432 3534 haec
3464 3482 3665 3536 inﬂatio
3692 3498 3801 3538 non

2216 3555 2386 3610 solida
2434 3567 2534 3613 est.
2570 3559 2695 3616 Iden
2734 3561 3032 3633 hujusmodi
3088 3567 3333 3626 homines
3376 3570 3589 3628 inﬂatos
3638 3590 3800 3631 voca-

2217 3662 2353 3702 mus.
2385 3650 2486 3718 Qui
2533 3652 2675 3707 euim
2726 3656 2999 3714 nnnlerate
3049 3662 3231 3726 sentit,
3262 3679 3328 3717 ne
3360 3663 3409 3718 in
3442 3665 3648 3735 magnis
3677 3669 3797 3738 qui-

2215 3740 2336 3797 dem
2364 3745 2529 3798 altum
2552 3748 2708 3815 sapit.
2741 3749 2997 3806 vilitatem
3029 3768 3179 3807 suam
3220 3766 3398 3810 notant
3430 3755 3634 3813 habens
3664 3779 3678 3813 :
3707 3761 3797 3829 qui

2214 3845 2392 3890 autem
2426 3836 2543 3892 vilis
2572 3847 2679 3905 est,
2704 3841 2865 3897 etiam
2899 3848 2950 3898 tn
2978 3846 3160 3915 parvis
3189 3862 3436 3918 magnum
3479 3851 3638 3922 sapit.
3670 3853 3801 3908 Adi-

2212 3927 2483 3996 piscamur
2505 3946 2634 4003 ergo
2677 3948 2741 3988 ex
2776 3934 3075 3993 humilitate
3101 3937 3477 3996 sublimitatem
3508 3959 3523 3996 :
3548 3944 3801 3999 conside—

2212 4035 2391 4077 remus
2419 4023 2766 4080 humanarnm
2794 4043 2974 4083 rerum
3004 4038 3269 4098 naturam,
3294 4042 3350 4087 nt
3372 4033 3665 4089 futurorum
3692 4035 3794 4091 de-

2210 4114 2407 4168 siderio
2434 4116 2800 4172 incendamur.
2818 4119 2931 4176 Non
2963 4122 3068 4177 alio
3087 4124 3281 4195 quippe
3305 4125 3461 4180 modo
3476 4134 3649 4195 potest
3670 4128 3792 4197 quis

2214 4204 2595 4275 humilisJieri,
2628 4225 2785 4279 quam
2816 4226 2906 4280 per
2934 4213 3234 4271 divinarum
3264 4233 3440 4270 rerum
3465 4231 3702 4271 amorem
3736 4227 3793 4273 et

2214 4299 2555 4366 praestantium
2587 4300 2921 4371 despectum.
2964 4303 3031 4361 Ut
3075 4306 3219 4362 enim
3250 4306 3295 4362 si
3325 4308 3444 4378 quis
3473 4324 3693 4378 regnum
3721 4308 3794 4363 sit

2210 4400 2615 4461 assequuturus,
2645 4393 2944 4465 deindeque
2987 4411 3086 4468 pro
3126 4398 3213 4452 illa
3259 4414 3490 4469 purpura
3521 4400 3712 4469 aliquis
3737 4403 3793 4455 ei

2210 4481 2479 4552 vulgarent
2506 4484 2757 4539 exhibeat
2802 4486 3080 4552 honorem,
3116 4490 3262 4544 illum
3301 4491 3455 4545 nihili
3495 4491 3650 4546 faciet
3679 4509 3692 4545 :
3719 4494 3794 4547 ita

2211 4583 2262 4628 et
2288 4588 2385 4628 nos
2418 4577 2698 4643 praesentia
2727 4578 2903 4632 omnia
2932 4579 3312 4644 deridebimus,
3344 4583 3386 4635 si
3432 4582 3694 4639 honorem
3722 4586 3787 4639 ει-

2211 4664 2317 4718 lum
2340 4667 2792 4735 concupiscamus.
2817 4668 2933 4725 Non
2957 4672 3147 4726 videtis
3169 4687 3377 4741 pueros,
3403 4688 3523 4727 cunt
3548 4675 3789 4731 iudentes

2208 4758 2376 4812 aciem
2406 4767 2643 4814 statuunt
2669 4774 2722 4815 et
2749 4762 2964 4828 milites,
2995 4764 3420 4833 praecedentibus
3442 4768 3785 4834 prtceonibus

2207 4861 2263 4906 et
2288 4852 2584 4919 lictoribus,
2611 4862 2665 4907 et
2708 4869 2840 4923 puer
2866 4856 3071 4911 medius
3099 4857 3264 4911 instar
3290 4856 3441 4911 ducis
3485 4858 3707 4922 incedit,
3735 4870 3792 4914 et

2207 4960 2365 5017 quant
2416 4946 2521 5000 sint
2574 4947 2661 5000 illa
2709 4947 2970 5016 puerilia?
3008 4948 3155 5003 Talia
3184 4960 3308 5004 sunt
3337 4948 3591 5016 humana,
3624 4958 3678 5006 et
3704 4950 3789 5006 his

2208 5037 2415 5103 viliora,
2441 5053 2559 5107 qnze
2587 5038 2743 5093 hodie
2764 5049 2906 5102 sunt,
2927 5049 2981 5095 et
3000 5054 3120 5095 cras
3140 5056 3244 5094 non
3265 5050 3439 5096 erunt.
3457 5042 3636 5096 Simus
3657 5058 3792 5113 ergo

2206 5129 2291 5185 his
2313 5130 2552 5196 altiores,
2584 5140 2638 5186 et
2676 5147 2779 5187 non
2823 5132 2995 5187 solum
3028 5132 3141 5187 11:00
3185 5148 3290 5186 non
3320 5134 3786 5203 concupiscimus,

2205 5223 2301 5279 sed
2326 5225 2484 5279 etiam
2514 5226 2919 5293 erubescamus,
2944 5228 2989 5281 si
3016 5227 3136 5297 quis
3158 5228 3311 5281 nobis
3335 5228 3420 5280 illa
3454 5229 3671 5282 tribuat.
3709 5230 3786 5283 Ita

2204 5315 2347 5371 enim
2381 5316 2570 5371 horum
2608 5316 2834 5387 depulso
2861 5334 3064 5383 amore,
3109 5318 3347 5373 divinum
3397 5320 3544 5374 illum
3583 5335 3777 5376 conse-

2204 5424 2449 5478 quemur,
2482 5419 2534 5462 et
2564 5409 2849 5463 immortali
2879 5408 3117 5464 fruemur
3142 5406 3309 5479 gloria
3336 5428 3349 5463 :
3372 5425 3530 5480 quam
3555 5427 3655 5465 nos
3676 5427 3788 5466 om-

2203 5516 2299 5555 nes
2321 5499 2533 5571 asseqni
2551 5502 2821 5571 contingat
2840 5502 3008 5571 gratia
3025 5511 3079 5555 et
3097 5500 3423 5571 benignitate
3451 5503 3659 5557 Domini
3683 5520 3785 5558 no—

2202 5592 2297 5645 stri
2322 5590 2449 5645 Jesu
2475 5591 2694 5657 Christi,
2715 5594 2924 5660 quicum
2954 5594 3095 5648 Patri
3114 5608 3323 5663 unaque
3346 5594 3568 5665 Spiritui
3592 5605 3784 5648 sancto

2199 5686 2389 5757 gloria,
2409 5686 2714 5755 imperium,
2738 5689 2930 5752 nonor,
2953 5699 3099 5741 nunc
3114 5694 3169 5741 et
3188 5702 3419 5759 semper,
3439 5700 3492 5745 et
3513 5689 3565 5742 itt
3582 5688 3779 5743 saecula

2201 5776 2538 5832 saeculorum.
2570 5778 2764 5835 Amen.
3365 5789 3389 5813 ⁸
3421 5817 3436 5839 .
