4086 6428
513 367 578 424 Π
1277 365 1336 423 S.
1372 365 1656 424 JOANNIS
1693 365 2186 423 CHRYSOSTOMI
2229 368 2554 426 ARCHIEP.
2595 368 3144 430 CONSTANTINOP.
3699 375 3784 432 18

2000 582 2243 637 ΟΜΙΛΙᾹ
2282 580 2359 640 Β’.

509 674 863 744 Εὐχαριστῶ
893 675 972 741 τῷ
999 676 1121 742 Θεῷ
1152 694 1271 745 μου
1305 675 1564 729 πάντοτε
1595 675 1729 744 περὶ
1758 675 1958 745 ὑμῶν,
1987 674 2086 728 ἐπὶ

581 755 656 826 τῇ
684 758 874 828 χάριτι
904 759 1011 813 τοῦ
1043 760 1190 814 Θεοῦ
1218 759 1294 828 τῇ
1319 759 1566 830 δοθείσῃ
1593 761 1737 829 ὑμῖν
1762 761 1831 814 ἐν
1857 758 2093 829 Χριστῷ

594 840 788 907 Ἰησοῦ
831 858 846 872 ο
885 841 974 896 ὅτι
1015 843 1086 895 ὲν
1121 842 1299 896 παντί
1345 842 1783 910 ἐπλουτίσθητε
1811 843 1881 896 ἐν
1909 840 2091 906 αὐτῷ.

577 929 652 979 α.⁹
686 926 751 978 ’0
779 927 892 989 τοῖς
916 925 1094 989 ἀλλοις
1123 928 1382 998 παραινεῖ
1412 929 1607 990 ποιεῖν,
1628 926 1823 995 λέγων,
1861 927 1964 979 Ἐν
1990 926 2090 978 εὐ-

509 1010 785 1078 χαριστίᾳ
805 1013 875 1063 τὰ
906 1009 1197 1080 αίτήματα
1228 1010 1397 1081 ὑμῶν
1422 1009 1788 1083 γνωριζέσθω
1812 1010 1962 1078 πρὸς
1987 1009 2094 1062 τὸν

511 1091 680 1157 Θεὸν,
715 1091 871 1146 τοῦτο
903 1095 998 1147 καὶ
1024 1095 1186 1160 αὐτὸς
1226 1096 1484 1168 ἔπραττε,
1508 1097 1775 1151 διδάσκων
1800 1097 1947 1166 ἡμᾶς
1984 1095 2092 1148 ἀπὺ

506 1174 712 1229 τούτων
735 1177 999 1248 ἄρχεσθαι
1026 1181 1134 1232 τῶν
1163 1181 1339 1250 λόγων
1362 1183 1468 1245 ἀεὶ,
1496 1182 1591 1235 καὶ
1616 1181 1721 1252 πρὸ
1752 1179 1969 1234 πόντων
2001 1180 2089 1232 εὐ-

507 1263 786 1330 χαριστεῖν
814 1260 890 1331 τῷ
912 1262 1051 1332 Θεῷ.
1083 1264 1248 1316 Οὐδὲν
1271 1264 1379 1335 γὰρ
1402 1263 1546 1317 οὕτω
1565 1265 1642 1334 τῷ
1663 1263 1781 1335 Θεῷ
1812 1264 1985 1333 φίλον,
2013 1263 2090 1326 ὡς

505 1342 568 1396 τὸ
595 1343 958 1416 εὐχαρίστους
987 1342 1148 1408 εἶναι,
1173 1348 1267 1400 καὶ
1301 1349 1439 1418 ὑπὲρ
1461 1348 1672 1401 ἑαυτῶν
1703 1349 1798 1401 καὶ
1827 1349 1966 1419 ὑπὲρ
1992 1347 2088 1401 ἀλ-

505 1426 632 1483 λων.
655 1428 750 1482 Διδ
775 1429 872 1482 καὶ
891 1429 1072 1500 πάσης
1094 1431 1279 1501 σχεδὸν
1309 1431 1628 1502 Ἐπιστολῆς
1653 1431 1809 1486 τοῦτο
1835 1431 2090 1502 προτίθη-

509 1527 594 1564 σιν
616 1529 631 1543 °
660 1513 895 1568 ἐνταῦθα
920 1514 977 1567 δὲ
1011 1515 1104 1569 καὶ
1141 1515 1568 1588 ἀναγκαιότερον
1598 1517 1631 1588 ἢ
1673 1518 1729 1570 ἐν
1757 1519 1875 1580 ταῖς
1900 1515 2084 1578 ἄλλαις

505 1594 638 1648 αὐτὸ
667 1597 920 1668 πράττει.
961 1598 1018 1652 '0
1051 1599 1159 1670 γάρ
1183 1600 1546 1672 εὐχαριστῶν,
1577 1603 1667 1654 καὶ
1699 1601 1772 1665 ὡς
1806 1597 1864 1654 εὖ
1899 1598 2088 1654 παθὼν

502 1675 836 1748 εὐχαριστεῖ,
873 1680 968 1734 καὶ
1017 1681 1108 1734 ἐπὶ
1155 1683 1337 1754 χάριτι
1371 1685 1683 1754 εὐχαριστεῖ
1717 1701 1725 1711 ·
1769 1685 1800 1753 ὴ
1832 1683 1887 1735 δέ
1927 1683 2087 1752 χάρις

501 1759 603 1813 οὐκ
633 1761 822 1833 όφειλὴ
851 1764 972 1818 οὐδὲ
1012 1765 1213 1838 ἀμοιϐὴ
1259 1766 1381 1820 ούδέ
1421 1767 1685 1830 ἀντίδοσις
1705 1785 1716 1798 ·
1753 1767 1780 1819 ὃ
1811 1764 2084 1835 πανταχοῦ

504 1843 604 1914 μὲν
634 1845 928 1913 ἀναγκαῖον
959 1846 1162 1916 λέγειν,
1193 1849 1373 1919 πολλῷ
1390 1850 1446 1902 δέ
1473 1850 1633 1902 πλέον
1663 1851 1756 1902 ἐπὶ
1783 1849 2086 1920 Κορινθίων

497 1927 609 1982 τῶν
637 1930 946 1999 κεχηνότων
976 1933 1112 2002 πρὸς
1151 1935 1277 1996 τοὺς
1317 1933 1672 2002 διατεμόντας
1715 1936 1815 2003 τὴν
1852 1934 2084 2005 Ἐκκληο

501 2012 641 2068 σίαν.
684 2012 767 2078 Τῷ
795 2015 916 2080 Θεῷ
949 2034 1088 2085 μου.
1141 2017 1276 2070 Ἀπὸ
1319 2017 1522 2088 πολλῆς
1551 2021 1650 2089 τῆς
1692 2017 1983 2080 διαθέσεως
2024 2018 2083 2072 :6

497 2096 676 2148 κοινὸν
719 2098 954 2167 ἁρπάζει
1002 2100 1097 2152 καὶ
1149 2101 1518 2166 ἰδιοποιεῖται,
1568 2101 1596 2154 δ
1641 2103 1732 2154 καὶ
1775 2104 2081 2172 προφήταις

495 2178 618 2243 £00;
651 2181 736 2233 ἀεὶ
757 2181 936 2250 λέγειν
964 2200 976 2212 '
1025 2184 1077 2235 Ὀ
1112 2184 1273 2250 Θεὸς,
1309 2188 1342 2238 ὁ
1376 2187 1521 2251 Θεός
1547 2203 1682 2254 μου.
1717 2188 1824 2239 Καὶ
1855 2189 1935 2248 είς
1956 2204 2081 2257 προ-

494 2265 701 2335 τροπὴν
724 2267 920 2329 αὐτοὺς
955 2267 1139 2336 ἐνάγει
1161 2281 1185 2307 ιι
1214 2267 1306 2320 τοῦ
1339 2269 1432 2322 καὶ
1465 2270 1660 2330 αὐτοὺς
1691 2269 1848 2322 τοῦτο
1881 2270 2076 2336 λέγειν.

503 2346 563 2401 '0
608 2347 718 2420 γὰρ
763 2348 906 2403 οὕτω
951 2350 1144 2418 λέγων,
1181 2351 1288 2404 ἀπὸ
1319 2353 1535 2405 πάντων
1580 2352 1687 2406 τῶν
1724 2353 2079 2425 ἀνθρωπίνων

492 2431 786 2504 ἀναχωρεῖ,
823 2434 916 2486 καὶ
959 2437 1127 2503 χωρεῖ
1158 2435 1291 2504 πρὸς
1321 2436 1549 2495 ἐκεῖνον,
1592 2436 1646 2489 ὃν
1691 2436 1830 2505 μετά
1878 2437 2080 2507 πολλῆς

492 2513 649 2568 καλεῖ
678 2514 780 2586 τῆς
810 2515 1126 2580 διαθέσεως.
1154 2517 1324 2570 Τοῦτο
1356 2517 1464 2588 γάρ
1495 2518 1718 2572 δύναται
1745 2519 1922 2588 λέγειν
1945 2537 2079 2592 γνη-

491 2598 622 2663 σίως
659 2601 688 2654 ό
734 2600 842 2653 ἀπὸ
871 2601 979 2654 τῶν
1025 2600 1294 2670 βιωτικῶν
1341 2602 1646 2656 ἀναϐαίνων
1691 2603 1778 2656 ἀεὶ
1815 2605 1949 2672 1:96;
1989 2604 2079 2657 τὸν

491 2682 641 2750 Θεὸν,
671 2685 764 2738 καὶ
788 2685 1042 2740 ἁπάντων
1074 2686 1232 2739 αὐτὸν
1264 2687 1540 2756 προτιθεὶς
1569 2689 1820 2753 πάντοτε,
1857 2689 1950 2741 καὶ
1985 2690 2077 2742 εὐ-

489 2767 766 2838 χαριστῶν
785 2768 1070 2840 διηνεκῶς,
1096 2771 1194 2839 οὐχ
1218 2770 1358 2839 ὑπὲρ
1385 2771 1482 2840 τῆς
1515 2771 1615 2841 ἤδη
1644 2771 1892 2842 δοθείσης
1923 2773 2078 2843 χάρι-

489 2866 604 2914 τος,
634 2850 748 2904 ἀλλ’
774 2850 828 2903 εί
855 2852 986 2904 ποτέ
1023 2869 1074 2905 τι
1103 2853 1198 2905 καὶ
1245 2853 1384 2922 μετά
1429 2853 1602 2907 ταῦτα
1626 2854 1833 2922 ἀγαθὸν
1865 2857 2076 2926 γέγονε,

491 2934 587 2987 καὶ
617 2934 757 3004 ὑπὲρ
775 2935 968 2988 τούτου
995 2935 1093 3005 τὴν
1121 2936 1292 3008 αὐτὴν
1319 2938 1579 3009 ἀναφέρει
1605 2939 1883 3012 εὐφημίαν
1907 2942 2074 3012 αὐτῷ.

489 3017 592 3070 Διά
613 3017 772 3070 τοῦτο
798 3017 896 3089 οὐχ
924 3018 1112 3082 ἁπλῶς
1138 3015 1310 3086 εἶπεν,
1344 3022 1694 3093 Εὐχαριστῶ,
1724 3024 1881 3088 ἀλλά,
1917 3025 2076 3079 Πάν-

489 3117 627 3154 τοτε
654 3099 806 3168 ὑπὲρ
841 3100 1027 3170 ὑμῶν.
1078 3103 1347 3157 παιδεύων
1378 3105 1576 3169 αὐτοὺς
1621 3107 1714 3161 καὶ
1757 3108 1846 3161 ἀεὶ
1877 3107 2077 3163 εἰδέναι

489 3184 669 3257 χάριν,
704 3185 799 3238 καὶ
849 3185 1038 3255 μηδενὶ
1081 3187 1254 3258 ἑτέρῳ
1281 3185 1380 3260 [9],
1423 3189 1538 3242 ἀλλ’
1571 3188 1604 3261 ἢ
1633 3189 1711 3261 τῷ
1738 3189 1858 3262 Θεῷ
1891 3192 2074 3262 μόνον.

501 3269 635 3323 Ἐπὶ
676 3267 751 3337 τῇ
783 3268 980 3338 χάριτι
1024 3271 1131 3326 τοῦ
1163 3272 1332 3326 Θεοῦ.
1386 3275 1551 3345 Ὁρᾷς
1589 3270 1706 3340 πῶς
1738 3277 2076 3348 πανταχόθεν

487 3353 686 3417 αὐτοὺς
713 3353 1019 3425 διορθοῦται
1046 3372 1060 3420 ;
1103 3355 1272 3409 Ἔνθα
1297 3356 1406 3430 γὰρ
1435 3359 1596 3430 χάρις
1625 3362 1795 3428 ἐστὶν,
1818 3361 1955 3434 ἔργα
1974 3365 2074 3418 οὐκ

485 3433 635 3489 ἔστιν
660 3451 674 3465 °
707 3435 838 3490 ἔνθα
864 3435 1022 3509 ἔργα,
1056 3438 1238 3492 οὐκέτι
1261 3441 1422 3511 χάρις
1457 3442 1627 3496 ἐστίν.
1662 3445 1724 3496 El
1763 3433 1944 3499 τοίνυν
1970 3447 2072 3516 χά-

489 3534 591 3589 ρις,
617 3519 670 3572 τί
697 3520 841 3590 μέγα
870 3523 1148 3591 φρονεῖτε;
1179 3524 1342 3577 πόθεν
1370 3527 1781 3597 πεφυσιωμένοι
1809 3530 1961 3596 ἐστέ;
1994 3531 2074 3600 Τῇ

483 3605 734 3674 δοθείσῃ
778 3606 945 3676 ὑμῖν.
991 3608 1101 3661 Καὶ
1142 3609 1230 3663 διὰ
1265 3609 1409 3673 τίνος
1439 3611 1630 3682 ἐδόθη;
1673 3609 1782 3684 ἆρα
1815 3615 1882 3668 δι’
1911 3617 2071 3687 ἐμοῦ,

483 3691 518 3765 ἦ
555 3695 622 3749 δι’
658 3695 844 3767 ἐτέρου
893 3698 1228 3762 ἀποστόλου;
1273 3699 1561 3770 Οὐδαμῶς,
1601 3701 1737 3756 ἀλλά
1766 3703 1852 3756 διὰ
1898 3705 2072 3776 Ἰησοῦ

483 3777 724 3847 Χριστοῦ
748 3795 762 3808 ·
792 3778 851 3833 τὸ
888 3779 1020 3851 γὰρ,
1059 3781 1164 3834 Ἐν
1189 3781 1424 3849 Χριστῷ
1459 3783 1685 3849 Ἰησοῦ,
1718 3785 1876 3839 τοῦτό
1900 3787 2070 3843 ἐστιν.

488 3863 631 3932 Ὅρα
660 3861 778 3925 πῶς
809 3863 1080 3934 πολλαχοῦ
1108 3865 1169 3918 τὸ
1193 3905 1208 3930 ,
1249 3865 1338 3932 ἐν,
1373 3867 1496 3920 ἀντὶ
1523 3867 1641 3934 τοῦ,
1669 3869 1744 3922 δι’
1778 3867 1874 3936 οὗ,
1901 3873 2068 3928 ἐστίν.

485 3945 600 4000 Οὐκ
642 3948 750 4018 ἄρα
800 3947 1023 4002 ἔλαττον
1075 3950 1234 4003 τοῦτο
1283 3951 1400 4013 τοῦ,
1451 3951 1569 4006 διά.
1607 3953 1735 4007 Ὅτι
1783 3955 1854 4008 ἐν
1891 3957 2071 4011 παντὶ

481 4029 945 4100 ἐπλουτίσθητε.
995 4032 1164 4087 Πάλιν
1204 4033 1294 4087 διὰ
1334 4033 1515 4101 τίνος;
1567 4036 1655 4089 Ἐν
1693 4038 1864 4110 αὐτῷ,
1917 4041 2068 4113 φησί.

483 4113 595 4166 Καὶ
621 4113 719 4184 οὐχ
747 4114 937 4178 ἁπλῶς
975 4115 1386 4188 ἐπλουτίσθητε,
1407 4118 1546 4172 ἀλλά
1582 4121 1677 4174 καὶ
1730 4123 1834 4176 Ἕν
1865 4125 2068 4180 παντί.

487 4195 655 4250 Ὅταν
680 4192 773 4250 οὖν
801 4198 897 4252 καὶ
935 4197 1164 4264 πλοῦτος
1194 4196 1252 4275 ᾖ,
1293 4202 1389 4255 καὶ
1415 4201 1551 4256 Θεοῦ
1585 4204 1837 4269 πλοῦτος,
1877 4209 1972 4260 καὶ
2013 4210 2073 4262 ἐν

482 4279 668 4346 παντὶ,
700 4281 795 4334 καὶ
815 4281 906 4335 διά
932 4283 1024 4336 τοῦ
1062 4285 1423 4353 Μονογενοῦς,
1459 4287 1714 4359 ἐννόησον
1743 4289 1835 4344 τὸν
1865 4293 2072 4362 ἄφατον

483 4363 778 4448 θησαυρόν.
817 4365 921 4420 Ἐν
942 4369 1122 4421 παντὶ
1147 4370 1308 4438 λόγῳ
1328 4371 1426 4422 καί
1451 4369 1618 4438 πάσῃ
1645 4372 1880 4442 γνώσει.
1909 4378 2072 4448 Λόγῳ

479 4448 544 4501 οὐ
576 4448 654 4519 τῷ
679 4445 897 4516 ἔξωθεν,
925 4451 1062 4504 ἀλλὰ
1099 4452 1178 4522 τῷ
1207 4453 1301 4505 τοῦ
1341 4453 1496 4506 Θεοῦ.
1538 4455 1693 4509 Ἔστι
1733 4457 1843 4529 γὰρ
1869 4445 2071 4526 γνῶσις

481 4531 640 4616 λόγου
679 4533 871 4604 χωρὶς,
907 4536 1000 4588 καὶ
1043 4535 1158 4588 ἐστι
1183 4538 1384 4604 γνῶσις
1421 4537 1558 4608 μετά
1597 4539 1780 4608 λόγου.
1817 4544 1928 4596 Καὶ
1961 4544 2069 4616 γάρ

482 4615 591 4697 είσὶ
622 4616 808 4669 πολλοὶ
829 4617 1033 4685 γνῶσιν
1055 4617 1156 4687 μὲν
1181 4619 1416 4689 ἔχοντες,
1447 4620 1604 4690 λόγον
1625 4622 1680 4676 δὲ
1701 4625 1800 4678 οὐκ
1829 4615 2066 4697 ἔχοντες,

480 4691 596 4750 οἷον
626 4699 677 4751 οἱ
702 4698 927 4765 ἰδιῶται,
951 4702 1045 4754 καὶ
1072 4702 1146 4774 μὴ
1185 4703 1472 4774 δυνάμενοι
1507 4691 2068 4782 παραστῆσαισαφῶς

481 4783 626 4856 ἀπερ
671 4783 887 4855 ἔχουσιν
920 4787 977 4840 ἐν
1005 4787 1234 4858 διανοίᾳ.
1286 4789 1426 4842 Ἀλλ’
1465 4791 1563 4860 οὐχ
1614 4793 1773 4861 ὑμεῖς
1811 4795 2063 4861 τοιοῦτοι,

483 4869 672 4941 φησὶν,
715 4869 852 4924 ἀλλά
881 4871 975 4926 καὶ
1001 4873 1189 4943 νοῆσαι
1209 4875 1301 4927 καὶ
1335 4875 1511 4928 εἰπεῖν
1537 4877 1730 4932 ἱκανοί.
1764 4880 1966 4946 Καθὼς
2000 4882 2070 4936 τὸ

477 4955 810 5023 μαρτύριον
851 4954 959 5009 τοῦ
1005 4956 1264 5024 Χριστοῦ
1308 4957 1624 5026 ἐϐεϐαιώθη
1659 4961 1725 5014 ἐν
1765 4963 1926 5031 ὑμῖν.
1979 4965 2068 5018 Ἐν

480 5037 633 5105 τάξει
672 5039 911 5093 ἐπαίνων
942 5041 1048 5115 καί
1065 5041 1415 5111 εὐχαριστίας
1460 5043 1661 5115 σφόδρα
1711 5046 1893 5101 αὐτῶν
1932 5049 2068 5103 καθ-

429 5127 432 5131 ’
480 5121 736 5204 ἅπτεται.
768 5123 842 5177 Οὐ
874 5122 983 5194 γάρ
1021 5114 1110 5176 διὰ
1136 5125 1238 5194 τῆς
1277 5125 1475 5189 ἔξωθεν
1501 5114 1838 5198 φιλοσοφίας,
1877 5133 2064 5204 φησὶν,

479 5203 602 5256 οὐδὲ
627 5204 718 5288 διά
749 5207 848 5288 τῆς
883 5206 1082 5272 ἔξωθεν
1109 5207 1468 5274 παιδεύσεως,
1501 5211 1636 5264 ἀλλά
1663 5213 1750 5266 διά
1779 5215 1876 5284 τῆς
1907 5203 2066 5288 χάρι-

479 5303 573 5350 τος
609 5285 704 5339 τοῦ
741 5287 899 5350 Θεοῦ,
937 5291 1029 5343 καὶ
1063 5289 1154 5344 τοῦ
1181 5291 1410 5345 πλούτου
1438 5293 1534 5346 καὶ
1562 5296 1659 5365 τῆς
1685 5285 1943 5364 γνώσεως
1969 5285 2065 5356 καὶ

477 5371 577 5425 τοῦ
610 5370 766 5441 λόγου
796 5373 890 5427 τοῦ
927 5375 1057 5446 παρ’
1082 5376 1248 5429 αὐτοῦ
1267 5376 1512 5442 δοθέντος
1539 5380 1838 5452 ἠδυνήθητε
1872 5386 2064 5455 μαθεῖν

477 5454 549 5509 τά
591 5455 688 5526 τῆς
732 5457 987 5528 ἀληθείας
1041 5459 1283 5530 δόγματα
1345 5463 1435 5516 καὶ
1482 5462 1843 5536 βεϐαιωθῆναι
1876 5454 1963 5534 είς
2004 5472 2064 5525 τὸ

485 5539 789 5624 μαρτύριον
821 5542 914 5595 τοῦ
949 5543 1180 5613 Κυρίου,
1229 5545 1526 5611 τουτέστιν,
1569 5549 1646 5613 είς
1680 5551 1741 5602 τὸ
1778 5553 2060 5624 κήρυγμα.

482 5623 700 5677 Πολλῶν
734 5627 840 5698 γὰρ
895 5627 1238 5681 ἀπελαύσατε
1285 5630 1548 5698 σημείων,
1593 5633 1802 5688 πολλῶν
1849 5623 2062 5709 θαυμά-

480 5725 609 5774 των,
651 5713 857 5780 ἀφάτου
883 5714 1122 5784 χάριτος,
1151 5712 1288 5767 ὥστε
1314 5714 1569 5780 δέξασθαι
1601 5717 1662 5771 τὸ
1690 5721 1973 5793 κήρυγμα.
1999 5725 2060 5778 El

479 5793 660 5846 τοίνυν
694 5795 1058 5868 ὲϐεϐαιώθητε
1093 5797 1180 5851 διὰ
1214 5799 1458 5870 σημείων
1489 5801 1586 5854 καὶ
1622 5804 1844 5876 χάριτος
1866 5848 1880 5873 ,
1918 5807 2064 5874 τίνος

479 5876 668 5932 ἕνεκεν
697 5883 1144 5952 παρασαλεύεσθε
1171 5901 1184 5950 ;
1213 5883 1397 5939 Ταῦτα
1427 5885 1482 5940 δέ
1503 5889 1636 5958 όμοῦ
1668 5890 1761 5946 καὶ
1786 5891 2060 5949 καθαπτο-

545 6029 562 6052 ⁸
589 6030 706 6095 “ii,
733 6035 911 6096 ἀνάγει.
975 6053 990 6072 ‘

2199 677 2380 746 μένου,
2422 678 2516 730 καὶ
2543 677 3162 749 προκαταλαμϐάνοντες
3193 679 3392 742 αὐτούς
3427 681 3542 733 ἐστι
3570 681 3636 733 τὰ
3675 685 3804 753 9f;-

2195 777 2361 830 ματα.
2398 762 2575 814 Ὥστε
2610 761 2768 830 ὑμᾶς
2788 762 2873 830 μὴ
2907 763 3290 830 ὑστερεῖσθαι
3315 763 3385 816 ἐν
3409 763 3624 832 μηδενί
3659 783 3784 835 χα-

2183 844 2452 914 ρίσματι.
2468 845 2628 914 Μέγα
2655 845 2892 900 ἐνταῦθα
2909 845 3151 916 ζητεῖται
3170 863 3182 876 ·
3208 849 3256 900 εί
3281 847 3332 900 οι
3357 846 3784 910 πλουτισθέντες

2191 927 2249 980 ἐν
2275 929 2438 981 παντὶ
2476 928 2639 1000 λόγῳ,
2669 929 2745 993 ὡς
2782 929 2948 1000 μηδὲν
2986 929 3330 1000 ὑστερεῖσθαι
3359 931 3416 983 ἐν
3450 931 3638 1002 μηδενὶ
3670 949 3776 1002 χα-

2193 1009 2439 1081 ρίσματι,
2475 1013 2594 1076 πῶς
2627 1007 2773 1067 οὗτοι
2809 1013 3063 1086 σαρκικοί
3091 1015 3248 1068 εἰσιν.
3276 1015 3337 1067 El
3361 1013 3650 1084 7&9~1:a9&
3670 1015 3775 1084 τὴν

2190 1092 2365 1164 ἀρχὴν
2383 1094 2616 1148 τοιοῦτοι
2639 1091 2800 1167 ἦσαν,
2827 1096 3007 1167 πολλῷ
3034 1097 3232 1178 μάλλον
3254 1097 3370 1151 νῦν.
3396 1098 3522 1161 Πῶς
3550 1095 3643 1150 οὖν
3664 1098 3736 1150 αὐ
3759 1127 3780 1139 ο

2189 1176 2315 1239 τοὺς
2353 1179 2650 1248 σαρκικοὺς
2678 1179 2868 1246 καλεῖ;
2908 1183 2989 1235 Οὐ
3018 1176 3128 1250 τὰρ
3160 1180 3474 1250 ἠδυνήθην
3497 1181 3639 1250 ὑμῖν
3662 1185 3781 1236 ,ια-

2200 1259 2398 1327 ιίῆσιιι,
2431 1263 2615 1332 φησὶν,
2662 1263 2742 1329 ὠς
2778 1265 3221 1334 πνευματικοῖς,
3251 1266 3389 1320 ἀλλ’
3433 1265 3514 1331 ὠς
3558 1281 3776 1334 σαρκι-

2189 1341 2340 1410 κοῖς.
2375 1344 2440 1396 Τί
2469 1341 2561 1400 οὖν
2601 1345 2749 1400 ἔστιν
2781 1349 2990 1413 εἰπείν;
3016 1349 3138 1402 Ὅτι
3168 1349 3319 1421 παρά
3340 1347 3438 1419 τὴν
3477 1348 3652 1418 ἀρχὴν
3680 1365 3777 1401 πι-

2191 1426 2531 1493 στεύσαντες,
2555 1429 2649 1482 καὶ
2690 1431 2957 1484 παντοίων
2981 1432 3010 1471 ι»
3029 1433 3376 1502 ἐπιτυχόντες
3409 1431 3778 1502 χαρισμάτων

2190 1507 2307 1578 (καὶ
2333 1512 2440 1582 γάρ
2471 1511 2696 1583 ἐζήλουν
2728 1514 2908 1585 αὐτὰ),
2942 1515 3169 1586 ὕστερον
3212 1516 3574 1587 ρᾳθυμότεροι
3608 1517 3778 1584 γεγό-

2188 1609 2342 1647 νασιν
2368 1612 2380 1626 ·
2415 1597 2446 1667 ἢ
2499 1600 2548 1650 εί
2589 1597 2663 1668 μὴ
2699 1598 2876 1663 τοῦτο,
2928 1599 3010 1654 6::
3060 1601 3122 1653 οὐ
3169 1601 3305 1671 πρὸς
3343 1599 3592 1663 ἅπαντας
3639 1599 3777 1654 οὗτε

2187 1676 2354 1730 ταῦτα
2381 1679 2504 1732 οὐτε
2547 1681 2730 1734 ἐκεῖνα
2770 1681 3016 1750 λέγεται’
3049 1682 3185 1736 ἀλλά
3214 1684 3282 1736 τά
3324 1683 3423 1754 μὲν
3473 1683 3610 1754 πρὸς
3636 1684 3778 1747 τοὺς

2187 1759 2522 1826 ὑπευθύνους
2548 1767 2665 1827 ταῖς
2705 1766 3086 1836 κατηγορίαις,
3131 1766 3200 1820 τά
3236 1767 3292 1820 δέ
3336 1767 3472 1837 πρὸς
3503 1767 3629 1830 τοὺς
3669 1783 3779 1820 κο·-

2189 1844 2406 1914 μῶντας
2431 1851 2544 1912 τοῖς
2563 1849 2827 1913 ἐπαίνοις.
2853 1851 2975 1903 Ὀτι
3010 1849 3118 1921 γὰρ
3145 1846 3288 1920 εἶχον
3313 1849 3392 1903 ἔτι
3422 1850 3777 1920 χαρίσματα,

2192 1932 2441 2000 Ψαλμόν
2469 1949 2560 1998 τις
2587 1932 2734 2001 ἔχει,
2763 1934 2947 2004 φησὶν,
2969 1934 3364 2002 ἀποκάλυψιν
3387 1934 3535 2004 ἔχει,
3563 1932 3776 2003 γλῶσ-

2183 2035 2304 2073 σαν
2326 2023 2471 2089 ἔχει,
2501 2023 2826 2090 ἑρμηνείαν
2847 2022 2971 2092 ἔχει
2992 2036 3004 2050 ⁸
3035 2021 3232 2074 πάντα
3259 2021 3410 2088 πρὸς
3439 2019 3782 2088 οἰκοδομὴν

2183 2105 2437 2172 γινέσθω
2464 2121 2476 2134 °
2501 2105 2616 2171 καὶ,
2643 2105 2949 2174 Προφῆται
2983 2105 3051 2157 δὲ
3086 2105 3194 2157 δύο
3231 2105 3268 2172 ἦ
3297 2104 3452 2169 τρεῖς
3479 2104 3781 2157 λαλείτω-

2181 2201 2321 2241 σαν.
2362 2190 2514 2242 Ἐστι
2551 2189 2606 2242 δὲ
2649 2191 2743 2244 καὶ
2777 2189 2965 2259 ἕτερόν
2996 2207 3047 2242 τι
3087 2191 3280 2252 εἰπεῖν,
3311 2189 3392 2241 6::
3424 2187 3616 2258 ὥσπερ
3643 2186 3778 2250 ἐθος

2180 2274 2313 2340 ἡμῖν
2340 2273 2518 2339 λέγειν
2538 2273 2598 2326 τὸ
2625 2274 2784 2326 πλέον
2807 2275 2971 2332 ἅπαν,
3007 2272 3148 2326 οὕτω
3179 2275 3269 2325 καὶ
3291 2271 3524 2325 ἐνταῦθα
3549 2272 3772 2342 εἴρηκε.

2181 2357 2338 2409 Μετά
2373 2358 2430 2410 δέ
2457 2359 2664 2411 τούτων
2699 2355 2853 2429 οἶμαι
2882 2359 2978 2412 καὶ⁸
3004 2359 3065 2411 τὸ
3090 2358 3283 2411 ἐαυτοῦ
3327 2357 3488 2410 αὐτὸν
3525 2357 3772 2409 αἰνίττε-

2183 2440 2327 2503 σθαι,
2359 2442 2439 2494 6::
2482 2444 2576 2496 καὶ
2618 2443 2779 2507 αὐτὸς
2813 2443 2884 2496 τά
2920 2446 3120 2514 σημεῖα
3152 2441 3483 2505 ἐπεδείξατο,
3511 2441 3773 2512 καθάπερ

2180 2525 2272 2576 καὶ
2301 2526 2361 2578 ἐν
2393 2528 2456 2596 τῇ
2491 2525 2714 2598 δευτέρᾳ
2746 2525 2881 2597 πρὸς
2920 2527 3116 2590 αὐτοὺς
3142 2525 3426 2595 Ἐπιστολῇ
3463 2525 3644 2590 λέγει·
3684 2525 3772 2579 Τὰ

2174 2607 2382 2677 μέντοι
2430 2609 2648 2677 σημεῖα
2696 2610 2802 2663 τοῦ
2856 2610 3208 2664 ἀποστόλου
3251 2607 3646 2676 κατειργάσθη
3691 2607 3771 2661 ἐν

2177 2690 2321 2759 ὑμῖν
2339 2692 2410 2744 ὲν
2433 2692 2600 2760 πάσῃ
2634 2691 2914 2762 ὑπομονῇ
2937 2709 2950 2724 ο
2991 2693 3084 2746 καὶ
3117 2693 3299 2754 πάλιν,
3337 2691 3403 2744 Τί
3440 2691 3550 2760 γάρ
3588 2691 3770 2746 ἐστιν

2178 2773 2209 2827 ὃ
2250 2775 2549 2843 ἡττήθητε
2595 2775 2747 2843 ὑπὲρ
2790 2777 2895 2842 τὰς
2934 2776 3153 2841 λοιπὰς
3205 2776 3611 2840 Ἐκκλησίας;
3664 2774 3760 2838 Ἦ,

2179 2857 2294 2930 [10]
2318 2859 2455 2931 ὅπερ
2480 2859 2634 2931 ἔφην,
2667 2860 2760 2913 καὶ
2786 2861 2893 2913 τῶν
2925 2859 3120 2913 ἐαυτοῦ
3156 2859 3583 2929 ἀναμιμνήσκει,
3607 2858 3638 2928 ἠ
3665 2857 3760 2909 καὶ

2177 2942 2313 3012 πρὸς
2341 2944 2466 3006 τοὺς
2495 2943 2574 2996 ἔτι
2595 2943 2753 3007 ὄντας
2774 2943 3027 3016 δοκίμους
3047 2944 3219 2997 ταῦτα
3243 2943 3413 3011 λέγει.
3444 2938 3624 2994 τΗσαν
3649 2942 3761 3012 γὰρ

2177 3026 2362 3079 πολλοὶ
2401 3027 2546 3094 ἅγιοι
2586 3028 2783 3093 ἐκεῖσε,
2817 3027 3014 3091 οἵτινες
3059 3029 3154 3081 καλ⁵
3188 3026 3382 3093 ἔταξαν
3413 3026 3639 3088 ἑαυτοὺς
3679 3027 3763 3087 εὶς

2175 3109 2448 3164 διακονίαν
2493 3108 2601 3163 τῶν
2652 3109 2843 3178 ἁγίων,
2895 3111 2990 3163 καὶ
3053 3109 3276 3182 ἀπαρχὴ
3341 3109 3597 3177 γεγόνασι
3661 3107 3765 3175 τῆς

2189 3193 2431 3263 Ἀχαΐας,
2475 3192 2726 3264 καθάπερ
2761 3193 2896 3264 πρὸς
2920 3193 2999 3263 τῷ
3039 3194 3182 3246 τέλει
3225 3193 3394 3262 δηλοῖ.
3429 3190 3640 3253 ’Ἄλλως
3678 3189 3773 3254 δὲ,

2175 3277 2284 3331 κᾶν
2316 3276 2391 3348 μὴ
2432 3276 2638 3348 σφόδρα
2681 3277 2782 3347 τῆς
2826 3277 3090 3348 ἀληθείας
3141 3279 3370 3348 ἔχωνται
3419 3277 3468 3330 οἱ
3524 3274 3774 3336 ἔπαινοι,

2176 3360 2290 3414 ἀλλ’
2322 3362 2469 3432 ὅμως
2494 3360 2853 3430 οἰκονομικῶς
2885 3361 3158 3430 ἐγκεινται
3191 3357 3663 3432 προοδοποιοῦντες
3683 3357 3768 3427 τῷ

2173 3442 2337 3516 λόγῳ.
2389 3443 2449 3499 '0
2503 3444 2601 3516 μὲν
2647 3445 2756 3516 γάρ
2805 3445 2869 3497 ἐκ
2924 3444 3226 3516 προοιμίων
3277 3442 3476 3504 εὐθέως
3526 3441 3764 3512 φορτικά

2175 3527 2566 3599 φθεγγόμενος,
2600 3527 2891 3581 ἀπέκλεισε
2923 3530 3036 3590 τοῖς
3063 3526 3242 3595 λόγοις
3271 3526 3370 3598 τὴν
3406 3525 3576 3595 ἀκοὴν
3607 3523 3766 3594 παρὰ

2173 3615 2286 3676 τοῖς
2333 3612 2767 3684 ἀσθενεστέροις.
2824 3613 2925 3665 "Av
2968 3629 3028 3665 :5
3077 3612 3184 3682 γὰρ
3231 3612 3486 3682 ὁμότιμοι
3525 3603 3658 3662 ὦσιν
3709 3609 3763 3660 οἱ

2173 3697 2482 3762 ἀκούοντες,
2508 3695 2819 3768 ὀργίζονται
2845 3712 2858 3726 ·
2882 3695 2946 3749 ἂν
2965 3711 3026 3748 τε
3050 3695 3254 3766 σφόδρα
3285 3695 3562 3758 ἐλάττους,
3586 3693 3762 3762 λυπη-

2174 3782 2452 3852 θήσονται.
2486 3781 2584 3834 "Iv‘
2623 3775 2715 3834 οῦν
2753 3780 2827 3850 μὴ
2869 3779 3026 3833 τοῦτο
3051 3779 3298 3850 γένηται,
3330 3779 3436 3832 ἀπὸ
3467 3776 3757 3847 ἐγκωμίων

2170 3865 2472 3921 δοκούντων
2515 3861 2652 3919 εἶναι
2689 3867 2919 3919 ποιεῖται
2964 3863 3061 3935 τὴν
3107 3865 3302 3934 ἀρχήν.
3339 3863 3472 3916 Οὐδὲ
3512 3861 3619 3930 γὰρ
3669 3861 3763 3927 ἐγ-

2173 3950 2381 4022 κώμιον
2407 3949 2566 4004 τοῦτο
2603 3945 2671 4021 ἧν
2695 3949 2896 4012 αὐτῶν,
2935 3948 3069 4002 ἀλλὰ
3097 3950 3194 4019 τῆς
3219 3947 3313 4000 τοῦ
3343 3945 3479 3999 Θεοῦ
3501 3947 3723 4016 χάριτος
3741 3960 3758 3977 ο

2171 4039 2232 4091 τὸ
2275 4036 2384 4106 γὰρ
2435 4034 2852 4106 ἁμαρτημάτων
2902 4033 3169 4104 ἀφεθῆναι
3216 4031 3312 4085 καὶ
3375 4028 3759 4096 δικαιωθῆναι,

2170 4121 2329 4176 τοῦτο
2357 4121 2456 4191 τῆς
2503 4119 2709 4175 ἀνωθεν
2743 4115 2811 4189 ἦν
2843 4118 3073 4187 δωρεᾶς.
3109 4117 3210 4170 Διά
3231 4133 3314 4169 τοι
3352 4116 3506 4168 τοῦτο
3543 4112 3636 4166 καὶ
3667 4113 3760 4164 ἐν·⁵

2170 4203 2435 4276 διατρίϐει
2463 4202 2694 4266 τούτοις,
2725 4201 2761 4255 ἃ
2783 4200 2878 4254 τοῦ
2919 4201 3056 4254 Θεοῦ
3077 4200 3316 4253 δείκνυσι
3343 4199 3438 4270 τὴν
3461 4196 3759 4269 φιλανθρωο

2172 4287 2324 4351 πίαν,
2369 4288 2456 4340 ἵνα
2503 4285 2782 4338 ἐπιπλεῖον
2832 4283 3012 4338 αὐτῶν
3067 4283 3350 4355 ἐκκαθάρῃ
3405 4283 3465 4336 τὸ
3520 4282 3756 4350 νόσημα.

2185 4367 2722 4439 Ἆπεκδεχομένους
2776 4367 2892 4434 τὴν
2945 4366 3342 4435 ἀποκάλυψιν
3385 4365 3492 4420 τοῦ
3532 4364 3758 4431 Κιιοίου

2171 4452 2342 4524 ἡμῶν
2391 4453 2594 4522 Ἰησοῦ
2618 4452 2899 4521 Χριστοῦ.
2936 4452 3000 4504 Τί
3033 4450 3372 4520 θορυϐεῖσθε,
3401 4449 3558 4519 φησὶ,
3585 4448 3636 4501 τί
3661 4464 3772 4500 τα·-

2174 4538 2460 4609 ράσσεσθε,
2511 4539 2592 4592 ὅτι
2634 4538 2695 4590 οὐ
2752 4536 2984 4607 πάρεστι
3030 4537 3308 4605 Χριστόςς
3353 4535 3594 4602 Πάρεστι
3657 4533 3760 4603 μὲν

2170 4618 2284 4687 οὖν,
2313 4623 2406 4674 καὶ
2435 4623 2468 4692 ἡ
2500 4621 2685 4692 ἡμέρα
2709 4621 2894 4674 λοιπὸν
2929 4621 3022 4674 ἐπὶ
3051 4619 3261 4690 θύραις.
3295 4619 3407 4672 Καὶ
3433 4617 3624 4670 σκόπει
3656 4615 3761 4686 τὴν

2173 4704 2385 4775 σοφίαν,
2417 4704 2532 4768 πῶς
2549 4703 2746 4767 αὐτοὺς
2774 4703 3078 4772 ἀπαγαγὼν
3099 4702 3208 4756 τῶν
3230 4701 3605 4773 ἀνθρωπίνων,
3629 4700 3760 4768 ἐφό-

2169 4787 2336 4860 ϐησεν
2359 4788 2678 4858 ἀναμνήσας
2711 4787 2803 4840 τοῦ
2835 4787 3077 4857 βήματος
3111 4785 3205 4839 τοῦ
3247 4784 3500 4856 φοϐεροῦ,
3535 4784 3628 4838 καὶ
3654 4783 3759 4836 δείέ

2170 4873 2288 4941 ξας,
2322 4873 2406 4925 ὅτι
2441 4872 2502 4925 οὐ
2531 4872 2835 4944 προοιμίων
2863 4872 2943 4925 δεῖ
2975 4873 3134 4942 μόνον
3175 4871 3452 4942 χρηστῶν,
3485 4870 3622 4923 ἀλλά
3658 4870 3758 4923 καὶ

2167 4957 2375 5019 τέλους.
2417 4958 2509 5010 Δεῖ
2537 4956 2645 5027 γὰρ
2678 4955 2817 5026 μετά
2848 4955 2956 5008 τῶν
2991 4955 3347 5026 χαρισμάτων
3377 4954 3604 5018 τούτων,
3655 4951 3756 5006 καὶ

2168 5041 2268 5111 τῆς
2294 5041 2460 5110 ἄλλης
2502 5040 2725 5111 ἀρετῆς,
2768 5040 2868 5111 τὴν
2893 5040 3110 5111 ἡμέραν
3141 5039 3454 5111 ἀναμνῆσαι
3483 5039 3698 5106 ἐκείνην
3732 5051 3748 5064 °

2169 5124 2266 5178 καὶ
2320 5122 2533 5177 πολλῶν
2572 5123 2732 5195 χρεία
2765 5123 2964 5189 πόνων,
3001 5122 3142 5177 ὥστε
3189 5122 3486 5195 δυνηθῆναι
3523 5121 3656 5192 πρὸς
3689 5121 3753 5173 τὸ

2166 5206 2320 5268 τέλος
2351 5205 2546 5259 ἐλθεῖν.

2239 5290 2304 5360 β’.
2359 5291 2724 5362 Ἀποκάλυψιν
2755 5292 2812 5345 δὲ
2856 5291 3024 5360 λέγει,
3058 5292 3272 5355 δεικνὺς
3315 5292 3394 5344 6::
3442 5289 3486 5342 εί
3537 5288 3631 5342 καὶ
3673 5289 3749 5360 μὴ

2165 5377 2382 5447 δρᾶται,
2404 5375 2519 5428 ἀλλ’
2544 5376 2680 5438 ἐστι,
2703 5379 2797 5430 καὶ
2814 5376 3046 5448 πάρεστι
3067 5377 3159 5430 καὶ
3180 5376 3296 5439 νῦν,
3315 5376 3410 5429 καὶ
3432 5377 3550 5426 τότε
3575 5374 3752 5442 φανή-

2170 5479 2343 5514 σεται.
2388 5461 2697 5532 Ύπομονῆς
2725 5457 2818 5514 οὖν
2853 5461 3011 5531 χρεία
3031 5479 3044 5492 ·
3077 5460 3165 5512 διά
3195 5453 3350 5512 τοῦτο
3386 5461 3494 5530 γὰρ
3524 5457 3750 5510 ἐλάϐετε

2167 5545 2235 5599 τὰ
2263 5545 2536 5616 θαύματα,
2563 5547 2647 5599 ἵνα
2675 5546 2891 5616 μείνητε
2924 5546 3149 5615 βέϐαιοι.
3187 5548 3287 5610 Ὃς
3310 5545 3407 5597 καὶ
3429 5542 3748 5610 ,ϐεϐαιώσει

2167 5628 2320 5698 ὑμᾶς
2369 5629 2478 5694 ἕως
2536 5629 2750 5693 τέλους
2803 5629 3232 5698 ἀνεγκλήτους.
3291 5627 3553 5682 Ἐνταῦθα
3601 5628 3756 5680 δοκεῖ

2170 5713 2269 5782 μὲν
2298 5713 2496 5775 αὐτοὺς
2527 5712 2874 5784 θεραπεύειν,
2926 5712 3106 5780 πάσης
3143 5712 3198 5765 δὲ
3237 5712 3527 5774 κολακείας
3566 5711 3742 5771 ἀπήλ-

2164 5795 2357 5849 λακται
2381 5797 2440 5848 τὸ
2464 5797 2779 5866 λεγόμενον.
2821 5797 2930 5849 Καὶ
2961 5797 3067 5868 γὰρ
3087 5792 3225 5850 οἶδεν
3255 5798 3435 5852 αὐτῶν
3463 5798 3742 5851 καθάπτεο

2165 5878 2309 5942 σθαι,
2339 5879 2415 5942 ὡς
2436 5881 2562 5934 ὅταν
2594 5879 2728 5953 λέγῃ
2747 5897 2760 5911 ο
2802 5880 2900 5945 Ὠς
2925 5880 3010 5951 μὴ
3028 5880 3353 5950 ἐρχομένου
3377 5881 3445 5934 δέ
3461 5900 3574 5949 μου
3595 5880 3762 5947 πρὸςι

2226 6052 2254 6092 δ
2283 6053 2567 6116 Legebantur
2592 6055 2798 6117 πάντων,
2848 6060 2898 6103 ct
2951 6068 3086 6116 mox,
3113 6055 3188 6102 καὶ
3225 6054 3309 6116 γὰρ
3336 6055 3435 6111 ἐζη)
3448 6053 3604 6102 οὖντο.
