4086 6418
318 375 380 428 17
1445 372 1512 429 IN
1548 370 1765 428 EPIST.
1809 370 1849 425 1.
1892 371 1983 425 AD
2022 369 2175 428 COD.
2221 371 2445 430 HOMIL.
2494 374 2554 429 ll.
3535 386 3600 441 18

1711 473 1854 480 ...ο-.-

1961 472 3590 499 ——————-————____.._......__..__.__..__.______._.__

1731 527 2075 592 HOMILIA
2120 533 2199 593 ll.

311 689 439 743 (lar.
475 689 524 742 1.
561 702 616 741 γ.
652 687 707 742 4.
741 686 954 740 Gratias
977 700 1070 753 ago
1094 687 1204 738 Deo
1231 697 1339 736 meo
1367 697 1564 749 semper
1599 695 1692 749 pro
1718 677 1857 732 vobis
1886 717 1900 741 ,

382 781 448 834 de
470 780 640 851 gratia
682 778 797 842 Dei,
828 793 946 846 qua:
990 777 1109 829 data
1147 783 1215 829 est
1251 773 1387 828 vobis
1414 775 1468 826 in
1510 771 1711 827 Christo
1736 769 1861 823 Jesu
1886 785 1904 822 :

382 875 440 928 5.
472 873 596 942 quia
624 875 679 926 in
701 872 840 925 omni
873 871 1050 924 divites
1073 869 1195 939 facti
1225 867 1342 922 estis
1360 867 1412 920 in
1433 864 1543 918 illo.

385 967 441 1020 1.
483 962 684 1018 Cretice
717 963 828 1017 Deo
873 956 1360 1032 agendam—Quod
1390 957 1523 1010 alios
1560 955 1804 1009 hortatur
1847 964 1905 1008 ut

317 1058 516 1115 faciant
535 1073 660 1111 cum
691 1056 823 1110 dicit
850 1073 862 1108 :
892 1054 958 1108 In
985 1054 1263 1124 gratiarum
1291 1051 1488 1104 actione
1528 1050 1788 1115 petitiones
1813 1063 1900 1100 re-

317 1161 434 1204 sme
464 1151 784 1202 innotescant
806 1147 946 1217 apud
965 1144 1166 1208 Deum;
1197 1143 1300 1197 hoc
1326 1143 1499 1212 ipsum
1531 1141 1620 1194 ille
1651 1139 1898 1204 faciebat,

315 1245 517 1298 docens
548 1256 648 1296 nos
671 1240 739 1295 ab
767 1237 1070 1309 hujusmodi
1101 1250 1315 1304 semper
1345 1235 1522 1289 verbis
1550 1233 1787 1301 incipere
1809 1273 1821 1292 ,
1848 1240 1902 1285 et

310 1347 438 1389 ante
478 1334 662 1389 omnia
701 1333 809 1387 Deo
837 1331 1035 1402 gratias
1063 1343 1238 1399 agere.
1271 1327 1416 1382 Nihil
1448 1328 1590 1380 enim
1623 1335 1726 1380 tam
1758 1334 1902 1379 amat

315 1429 484 1493 Deus,
515 1443 680 1498 quam
717 1435 774 1480 ut
803 1432 952 1495 grato
994 1423 1174 1478 animo
1203 1423 1404 1487 simus,
1437 1431 1490 1475 et
1527 1435 1622 1489 pro
1659 1419 1815 1474 nobis
1845 1428 1900 1473 et

313 1537 413 1592 pro
443 1521 589 1576 aliis.
620 1519 850 1589 Ideoque
881 1518 930 1572 in
961 1515 1104 1570 omni
1147 1513 1260 1569 fere
1281 1513 1506 1582 epistola
1535 1512 1635 1568 hoc
1663 1511 1898 1582 praemit-

314 1615 404 1679 tit;
432 1613 526 1667 hic
543 1627 675 1668 vero
695 1611 863 1680 magis
882 1607 1184 1664 necessario
1207 1605 1308 1660 hoc
1330 1604 1476 1668 facit,
1499 1619 1656 1674 quam
1682 1603 1734 1657 in
1756 1601 1895 1658 aliis.

312 1708 447 1763 Nam
477 1707 567 1777 qui
608 1706 804 1775 gratias
829 1712 957 1774 agit,
987 1711 1045 1756 ut
1066 1698 1325 1756 beneﬁcio
1354 1699 1578 1754 affectus
1600 1698 1649 1752 id
1678 1698 1817 1768 agit,
1846 1705 1900 1751 et

311 1800 544 1870 gratiam
572 1798 744 1868 gratia
768 1795 1033 1865 rependit.
1062 1793 1241 1849 Gratia
1267 1805 1394 1846 vero
1421 1807 1520 1847 nec
1539 1791 1772 1846 debitum
1800 1805 1898 1844 nec

313 1907 528 1947 merces
555 1906 658 1946 nec
684 1888 964 1944 retributio
985 1894 1086 1941 est.
1116 1884 1265 1952 Quod
1299 1883 1494 1954 ubique
1511 1883 1687 1938 dicere
1711 1895 1898 1935 neces-

310 2002 370 2040 se
400 1993 552 2048 erat,
595 1982 828 2036 maxime
856 1994 984 2034 vero
1009 1976 1300 2033 Corinthiis
1324 2017 1340 2042 ,
1387 1975 1476 2045 qui
1519 1974 1790 2028 inhiabant
1828 1971 1896 2026 ad

312 2092 424 2135 eas.
461 2074 554 2145 qui
583 2071 898 2127 scindebant
938 2069 1252 2124 Ecclesiam.
1288 2065 1393 2120 Deo
1419 2082 1551 2120 meo.
1587 2065 1666 2118 Ex
1697 2064 1893 2134 ingenti

320 2171 507 2224 alecto
535 2167 678 2238 quod
713 2179 998 2221 commune
1021 2170 1135 2218 erat
1173 2162 1351 2231 rapit,
1383 2168 1438 2216 et
1482 2160 1584 2216 sibi
1622 2159 1893 2230 pr0prium

315 2263 477 2326 facit;
504 2261 650 2331 quod
677 2260 836 2314 etiam
869 2256 1139 2328 pr0phetae
1169 2269 1384 2324 semper
1409 2253 1586 2308 dicere
1611 2251 1855 2307 solebant
1879 2269 1892 2305 :

311 2355 478 2421 Dens,
508 2353 645 2407 Deus
665 2367 824 2406 meus.
858 2350 1217 2419 Hortaturque
1244 2347 1366 2402 illos
1389 2355 1444 2401 ut
1470 2343 1574 2399 hoc
1613 2344 1785 2414 ipsum
1810 2342 1896 2397 di-

313 2458 456 2503 cant.
481 2446 616 2501 Nam
642 2446 732 2516 qui
759 2444 830 2499 ita
857 2442 1093 2512 loquitur
1111 2481 1127 2506 ,
1157 2439 1225 2495 ab
1249 2438 1495 2494 humanis
1525 2437 1776 2491 omnibus
1805 2451 1894 2491 re-

309 2541 490 2604 cedit,
528 2547 586 2592 et
624 2536 691 2591 ad
732 2536 882 2590 illum
912 2533 1112 2599 tendit,
1145 2547 1303 2602 quem
1331 2545 1451 2585 cum
1497 2529 1688 2584 aﬁ'ectu
1728 2528 1897 2582 multo

307 2643 490 2687 vorat.
523 2632 640 2686 Hoc
663 2631 807 2685 enim
836 2628 1049 2700 proprie
1075 2636 1128 2681 et
1152 2641 1279 2681 vere
1299 2625 1481 2680 dicere
1509 2633 1684 2693 potest
1712 2623 1778 2688 is,
1804 2622 1895 2693 qui

307 2740 336 2779 a
365 2722 724 2779 saecularibus
750 2716 913 2776 rebus
950 2719 1018 2774 ad
1054 2718 1221 2773 Deum
1253 2731 1468 2787 semper
1508 2713 1754 2770 ascendit
1783 2755 1798 2781 ,
1843 2723 1899 2768 et

312 2819 516 2886 ubique
554 2816 706 2868 illum
761 2812 1008 2867 omnibus
1047 2809 1342 2880 praeponit,
1386 2808 1606 2878 ipsique.
1639 2814 1896 2876 perpetuo

309 2911 509 2981 gratias
536 2908 671 2977 agit,
699 2922 804 2960 non
845 2905 1016 2958 solum
1054 2902 1121 2957 de
1153 2902 1320 2972 gratia
1361 2899 1471 2970 jam
1521 2899 1680 2964 data;
1718 2897 1811 2953 sed
1851 2897 1896 2952 si

319 3003 430 3071 quid
453 3009 649 3070 postea
671 2998 795 3053 boni
827 2996 1019 3051 factum
1047 2995 1136 3054 sit,
1162 3008 1256 3063 pro
1282 3008 1345 3047 eo
1368 2994 1527 3047 etiam
1554 2989 1768 3045 laudem
1795 2989 1894 3058 ipsi

321 3096 492 3148 refert.
525 3092 659 3146 Ideo
688 3106 793 3145 non
822 3089 992 3144 solum
1021 3087 1171 3152 dixit,
1205 3085 1416 3140 Gratias
1441 3099 1560 3154 ago,
1591 3083 1687 3138 sed
1709 3083 1891 3146 etiam,

315 3187 523 3256 Smper
547 3200 646 3254 pro
671 3182 828 3246 vobis,
861 3195 958 3235 nos
990 3178 1273 3234 instituens
1297 3219 1312 3242 ,
1342 3188 1400 3232 ut
1429 3176 1505 3231 illi
1534 3190 1746 3247 semper
1774 3188 1894 3245 gra-

312 3283 406 3336 tias
436 3280 738 3334 habeamus
763 3318 778 3342 ,
809 3274 1116 3344 neminique
1161 3273 1314 3326 alteri
1341 3314 1355 3336 ,
1387 3271 1482 3326 sed
1531 3270 1638 3324 Deo
1666 3275 1889 3324 tantum.

311 3374 386 3428 De
410 3374 580 3444 gratia
614 3370 727 3425 Dei.
755 3367 941 3422 Viden’
971 3365 1240 3436 quomodo
1268 3365 1388 3418 illos
1413 3363 1610 3433 ubique
1640 3361 1906 3430 corrigat?

311 3465 408 3520 L'hi
438 3465 584 3518 enim
608 3471 691 3516 est
713 3460 902 3528 gratia,
934 3474 1038 3512 non
1068 3465 1193 3510 sunt
1217 3470 1380 3526 opera
1405 3472 1419 3508 :
1446 3453 1533 3508 ubi
1564 3461 1686 3508 sunt
1705 3467 1890 3522 Opera,

311 3572 413 3611 non
439 3567 520 3610 est
550 3553 782 3624 amplius
811 3551 1003 3621 gratia.
1035 3548 1091 3603 Si
1120 3562 1250 3617 ergo
1279 3545 1448 3616 gratia
1476 3587 1489 3612 ,
1533 3559 1699 3614 quare
1726 3543 1891 3596 altum

308 3647 538 3717 sapitis?
567 3660 665 3700 cur
699 3643 867 3698 inﬂati
895 3641 1023 3696 estis
1050 3641 1073 3694 ?
1107 3639 1234 3707 ραω
1259 3638 1380 3691 data
1417 3646 1491 3691 est
1527 3637 1684 3690 vobis.
1708 3635 1776 3688 Et
1802 3650 1895 3703 per

308 3757 466 3810 quem
492 3738 614 3792 data
641 3736 766 3792 est?
791 3751 858 3790 an
887 3749 982 3804 per
1004 3748 1108 3796 me,
1140 3747 1206 3784 an
1237 3745 1331 3799 per
1358 3729 1519 3783 alium
1551 3725 1894 3796 apostolum?

310 3832 654 3902 Nequaquam
681 3871 696 3894 ,
728 3828 821 3884 sed
849 3842 945 3898 per
970 3825 1155 3880 Jesum
1185 3823 1459 3878 Christum
1496 3839 1508 3875 :
1543 3821 1673 3876 illud
1705 3821 1848 3876 enim
1875 3861 1889 3885 ,

310 3923 373 3977 In
403 3923 603 3978 Christo
629 3920 755 3974 Jesu
778 3963 792 3983 ,
822 3920 923 3973 hoc
950 3916 1232 3989 signiﬁcat.
1283 3915 1415 3970 Vide
1451 3913 1720 3984 quomodo
1751 3928 1893 3982 smpe

312 4014 466 4075 illud,
497 4014 569 4078 in,
601 4028 694 4081 pro
725 4011 832 4075 illo,
862 4027 953 4081 per
976 4025 1142 4079 quem,
1177 4016 1422 4078 ponatur.
1451 4007 1566 4062 Non
1599 4006 1776 4060 minus
1803 4021 1892 4060 er-

313 4121 378 4174 go
405 4112 491 4158 cst
525 4118 682 4173 quam
724 4119 829 4173 per.
890 4100 1038 4169 Quod
1085 4101 1138 4153 in
1185 4101 1321 4153 omni
1366 4099 1540 4152 divites
1589 4097 1713 4168 {acti
1754 4098 1888 4152 estis.

317 4197 518 4252 Rursus
548 4213 642 4266 per
660 4197 860 4266 quem?
889 4196 943 4250 In
977 4193 1113 4265 ipso;
1144 4193 1313 4264 inquit
1341 4210 1355 4246 :
1386 4207 1484 4248 nec
1514 4191 1674 4246 modo
1703 4191 1893 4246 divites

317 4289 432 4345 iacti
464 4289 619 4353 estis,
647 4289 740 4344 sed
761 4289 921 4344 etiam
960 4289 1016 4344 in
1039 4287 1195 4340 omni.
1224 4286 1358 4340 Cum
1387 4300 1513 4355 ergo
1531 4285 1726 4339 divitias
1747 4294 1890 4350 sunt,

316 4391 367 4436 ct
396 4383 490 4438 Dei
519 4382 738 4444 divitias,
768 4390 819 4435 et
848 4381 900 4433 in
927 4379 1094 4446 omni,
1127 4387 1181 4433 et
1207 4393 1302 4449 per
1327 4377 1695 4448 Unigcnitum,
1719 4379 1892 4447 cogita

315 4490 474 4545 quam
517 4471 798 4528 ineﬁ'abilis
830 4473 901 4526 sit
943 4471 1241 4527 thesaurus.
1270 4469 1340 4524 In
1377 4471 1513 4524 omni
1556 4470 1703 4524 verbo
1751 4471 1894 4542 etin

317 4565 452 4620 omni
479 4564 703 4618 scientia.
730 4562 929 4629 Verbo,
960 4578 1066 4616 non
1093 4572 1338 4626 externo,
1369 4560 1464 4617 sed
1488 4561 1601 4616 Dei.
1634 4559 1732 4615 Est
1751 4561 1893 4615 enim

317 4657 536 4712 scientia
564 4656 683 4710 sine
705 4656 869 4710 verbo
890 4695 904 4718 ,
936 4664 991 4710 et
1017 4663 1100 4709 est
1131 4654 1353 4709 scientia
1381 4669 1503 4709 eum
1535 4653 1719 4708 verbo.
1759 4653 1897 4707 Sunt

318 4761 548 4817 namque
569 4745 781 4816 plurimi
804 4747 895 4817 qui
924 4746 1203 4801 scientiam
1234 4747 1397 4811 nacti,
1423 4746 1642 4800 verbum
1669 4759 1774 4798 non
1798 4743 1893 4798 ha-

319 4841 463 4902 bent,
493 4848 548 4893 ut
575 4838 772 4902 idiom,
794 4846 850 4892 et
877 4838 964 4908 qui
994 4852 1098 4892 non
1127 4845 1348 4908 possunt
1375 4852 1460 4900 ea,
1488 4852 1606 4907 quae
1635 4837 1689 4891 in
1717 4845 1898 4891 mente

316 4932 538 4997 habent,
559 4930 706 4985 clare
723 4930 1043 4998 exprimere.
1073 4929 1143 4983 At
1181 4945 1285 4984 non
1325 4943 1420 4984 vos
1445 4915 1582 4984 tales
1607 4930 1736 4986 estis
1754 4969 1770 4996 ,
1813 4929 1898 4983 in-

315 5025 452 5093 quit,
488 5021 580 5076 sed
611 5031 659 5075 et
689 5020 950 5091 cogitandi
973 5030 1026 5076 et
1047 5020 1296 5090 loquendi
1328 5019 1634 5076 facultatem
1663 5021 1892 5076 habetis.

313 5112 364 5165 ϐ.
397 5113 549 5168 Sicut
583 5111 918 5164 testimonium
948 5109 1138 5165 Christi
1176 5112 1532 5179 conﬁrmatum
1570 5121 1641 5166 est
1665 5112 1717 5164 in
1738 5113 1892 5166 vobis.

315 5203 372 5258 In
401 5202 624 5258 laudum
653 5211 705 5256 et
732 5204 1022 5271 gratiarum
1054 5204 1281 5258 actionis
1309 5203 1500 5258 ordine
1525 5213 1579 5258 et
1604 5204 1765 5259 modo
1786 5206 1899 5259 val-

315 5295 384 5350 de
409 5295 534 5349 illos
554 5295 735 5364 tangit.
758 5294 875 5349 Non
903 5295 1045 5350 enim
1073 5311 1168 5365 per
1187 5307 1461 5350 externam
1487 5295 1896 5365 philosophiam,

316 5388 526 5458 inquit,
567 5403 735 5456 neque
777 5402 872 5456 per
895 5397 1172 5442 externam
1211 5387 1607 5454 eruditionem,
1659 5389 1755 5443 sed
1807 5405 1900 5459 per

316 5481 543 5550 gratiam
577 5480 664 5534 Dei
692 5489 744 5534 et
786 5480 998 5534 divitias
1039 5489 1093 5534 et
1141 5480 1421 5535 scientiam
1469 5490 1523 5534 et
1570 5481 1790 5534 verbum
1832 5482 1901 5536 ab

317 5574 438 5643 ipso
453 5573 636 5626 datum
662 5573 910 5642 potuistis
931 5573 1168 5626 veritatis
1195 5573 1441 5643 degmata
1462 5573 1673 5627 discere
1693 5581 1748 5627 et
1768 5587 1899 5628 con-

321 5667 522 5720 ﬁrmari
554 5667 606 5720 in
645 5667 1014 5721 testimonium
1048 5665 1254 5718 Domini
1282 5708 1296 5728 ,
1326 5665 1378 5719 id
1415 5673 1520 5729 est,
1557 5665 1609 5718 in
1645 5664 1900 5735 praedica-

321 5760 545 5815 tionem.
574 5760 730 5816 Multa
761 5761 910 5816 enim
943 5758 1202 5814 habuistis
1231 5759 1399 5828 signa,
1431 5759 1596 5813 multa
1624 5760 1894 5825 miracula,

323 5850 636 5911 ineﬂabilem
661 5853 896 5928 gratiam
924 5891 938 5918 ,
970 5853 1038 5906 ita
1068 5860 1120 5907 ut
1151 5851 1580 5923 [medicationem
1623 5853 1896 5923 acceperi-

2017 685 2101 738 tis.
2136 684 2190 740 Si
2216 702 2344 758 ergo
2365 691 2664 746 conﬁrmati
2695 693 2824 747 estis
2855 709 2951 764 per
2980 695 3129 766 signa
3158 706 3211 752 et
3234 699 3480 768 gratiam,
3503 715 3602 756 cur

2013 778 2315 835 vacillatis?
2343 781 2466 837 [iure
2496 799 2658 854 porro
2703 786 2861 840 simul
2908 797 3033 842 sunt
3077 799 3133 844 et
3177 791 3501 862 increpantis
3546 802 3602 847 et

2014 872 2386 937 praxvenientis
2411 874 2572 929 dicta.
2607 877 2658 930 7.
2702 876 2786 930 Ita
2824 889 2878 932 ut
2915 881 3044 935 nihil
3072 883 3210 937 vobis
3237 885 3361 939 desit
3390 886 3443 939 in
3485 886 3596 940 ulla

2011 963 2194 1029 gratia.
2227 963 2470 1034 Magnum
2491 968 2764 1038 quidpiam
2791 970 2878 1026 hic
2903 974 3157 1042 quaeritur
3183 992 3196 1029 :
3225 976 3267 1030 si
3295 978 3382 1047 qui
3406 977 3600 1034 divites

2011 1064 2136 1109 sunt
2164 1056 2213 1109 in
2237 1060 2383 1112 omni
2405 1060 2590 1127 verbo,
2620 1062 2693 1116 ita
2722 1073 2777 1116 ut
2805 1064 2931 1118 nihil
2965 1065 3105 1120 desit
3132 1067 3240 1122 illis
3268 1070 3319 1122 in
3344 1071 3450 1124 ulla
3471 1086 3598 1140 gra-

2013 1146 2104 1212 tia,
2132 1147 2182 1200 hi
2211 1151 2454 1205 carnales
2479 1161 2623 1208 sunt.
2664 1153 2795 1209 Nam
2835 1155 2880 1209 si
2910 1158 3040 1212 tales
3067 1158 3283 1214 fuerunt
3313 1162 3366 1215 in
3398 1163 3600 1231 princi-

2010 1239 2120 1309 pio,
2152 1241 2320 1295 multo
2350 1245 2515 1314 magis
2561 1262 2720 1303 nunc.
2752 1247 3034 1314 Quomodo
3057 1267 3185 1322 ergo
3211 1254 3330 1310 illos
3353 1257 3597 1312 carnales

2008 1332 2200 1385 vocat?
2230 1331 2351 1388 Non
2377 1337 2508 1389 enim
2535 1340 2677 1408 potui
2694 1340 2832 1394 vobis
2863 1341 3020 1412 loqui,
3052 1344 3243 1414 inquit,
3275 1358 3329 1400 ut
3354 1349 3597 1419 spiritua-

2009 1423 2173 1491 libus,
2228 1427 2317 1480 sed
2364 1437 2415 1482 ut
2459 1433 2746 1486 carnalibus
2775 1435 2864 1504 (1.
2897 1435 3014 1490 Cor.
3041 1438 3092 1492 5.
3145 1439 3234 1508 1).
3281 1439 3417 1507 Quid
3464 1456 3595 1513 ergo

2007 1515 2290 1573 dicendum
2308 1524 2431 1575 est?
2458 1522 2611 1590 Quod
2641 1540 2760 1579 cum
2801 1527 2869 1583 ab
2913 1529 3064 1583 initio
3103 1530 3494 1601 credidissent,
3541 1546 3596 1590 et

2007 1608 2326 1666 charismata
2379 1616 2555 1670 omnia
2594 1619 2910 1689 consequuti
2956 1631 3138 1676 essent
3163 1640 3177 1688 ;
3206 1639 3328 1678 nam
3367 1625 3484 1680 zelo
3514 1626 3596 1680 in-

2006 1702 2151 1754 censi
2199 1712 2367 1770 erant,
2405 1707 2814 1777 negligentiores
2859 1722 3045 1781 postea
3077 1716 3364 1771 evaserint.
3398 1719 3504 1771 Aut
3549 1720 3594 1772 si

2007 1790 2108 1847 hoc
2139 1809 2242 1848 non
2273 1796 2343 1850 ita
2386 1812 2444 1853 se
2473 1798 2668 1855 habeat
2694 1845 2708 1866 ,
2739 1803 2879 1872 quod
2927 1821 3032 1859 non
3065 1807 3314 1862 omnibus
3365 1809 3477 1863 haec
3511 1811 3594 1865 vel

2005 1886 2092 1940 illa
2122 1887 2387 1957 dicantur,
2422 1891 2513 1947 sed
2545 1893 2645 1948 alia
2677 1895 2740 1949 iis
2770 1895 2858 1965 qui
2906 1897 2956 1949 in
2987 1899 3139 1967 culpa
3167 1911 3317 1953 erant
3341 1942 3356 1967 ,
3397 1901 3499 1954 alia
3531 1902 3594 1957 iis

2004 1978 2094 2046 qui
2126 1978 2369 2034 laudibus
2401 1983 2635 2052 insignes
2660 1997 2833 2040 erant.
2866 1987 2996 2041 Nam
3028 1990 3168 2058 quod
3198 1991 3373 2046 adlmc
3401 1992 3596 2047 charis-

2006 2079 2146 2121 mata
2179 2069 2438 2126 haberent
2467 2073 2734 2129 Psalmum
2767 2079 2913 2131 habet
2941 2081 3141 2150 aliquis,
3177 2082 3366 2152 inquit,
3397 2086 3592 2138 revela-

2005 2160 2189 2214 tionem
2211 2162 2357 2217 habet
2379 2207 2392 2228 ,
2441 2165 2668 2236 linguam
2696 2169 2876 2238 habet,
2908 2171 3370 2241 interpretationem
3399 2175 3544 2229 habet
3574 2193 3592 2229 :

2003 2255 2174 2307 omnia
2193 2255 2262 2308 ad
2286 2257 2671 2326 wdiﬁcationem
2698 2261 2826 2328 [iant
2847 2280 2867 2328 ;
2894 2271 2967 2326 et,
2995 2263 3271 2333 Pr0pheta:
3297 2276 3466 2320 autem
3491 2267 3592 2322 duo

2002 2345 2082 2399 vel
2132 2355 2230 2400 tres
2274 2349 2546 2418 loquantur
2576 2351 2737 2422 (Ibid.
2771 2354 2857 2408 M.
2909 2354 3000 2409 26.
3057 2355 3172 2427 29).
3222 2357 3380 2412 Aliud
3432 2360 3590 2429 quid-

2005 2437 2144 2506 piam
2172 2437 2276 2494 dici
2305 2451 2514 2509 potest:
2545 2454 2603 2498 ut
2630 2446 2795 2502 moris
2822 2457 2906 2502 est
2935 2449 3075 2518 apud
3104 2466 3202 2506 nos
3228 2451 3276 2505 id
3299 2453 3439 2522 quod
3468 2454 3590 2523 plus

2003 2537 2088 2582 est
2112 2569 2127 2593 ,
2164 2540 2330 2585 totum
2363 2532 2543 2588 dicere
2568 2576 2582 2600 ,
2617 2535 2686 2590 ita
2721 2538 2882 2591 etiam
2929 2539 3014 2593 hic
3045 2539 3132 2594 ille
3157 2541 3316 2596 dixit.
3358 2542 3439 2596 Ad
3478 2543 3594 2600 hzec

2005 2631 2181 2674 autem
2217 2633 2343 2690 puto
2388 2624 2536 2679 illum
2569 2627 2731 2681 etiam
2759 2645 2878 2698 quae
2908 2647 3001 2684 sua
3034 2641 3160 2686 sunt
3207 2634 3549 2690 subindicare
3572 2679 3588 2704 ,

2005 2721 2142 2767 utet
2191 2715 2241 2766 in
2287 2717 2519 2771 secunda
2572 2719 2638 2772 ad
2684 2721 2902 2783 eosdem
2946 2724 3181 2792 Epistola
3229 2726 3396 2781 dicit:
3429 2729 3592 2798 Signa

2007 2805 2208 2873 quidem
2250 2809 2470 2876 apostoli
2501 2813 2636 2879 facta
2663 2822 2778 2866 sunt
2807 2814 2858 2866 in
2887 2815 3024 2869 vobis
3063 2817 3116 2868 in
3147 2818 3284 2870 omni
3307 2819 3591 2886 patientia;

2003 2905 2057 2950 et
2079 2913 2288 2951 rursum
2320 2916 2332 2951 :
2366 2899 2502 2966 Quid
2531 2903 2662 2955 enim
2691 2915 2781 2966 est,
2815 2907 2950 2975 quod
2977 2908 3139 2961 minus
3167 2909 3410 2962 habuistis
3439 2927 3589 2980 quam

2002 2999 2198 3045 cteterw
2226 2991 2471 3048 Ecclesice
2499 2994 2571 3066 (2.
2603 2994 2720 3051 Cor.
2758 2998 2844 3051 12.
2876 2999 2962 3053 12.
2997 3009 3040 3054 et
3072 2999 3189 3072 15)?
3220 3003 3311 3057 Vel
3339 3044 3353 3068 ,
3383 3013 3442 3058 ut
3477 3005 3588 3074 jam

2002 3082 2139 3146 dixi,
2164 3100 2282 3154 qua:
2308 3087 2373 3139 ab
2401 3103 2460 3140 se
2494 3088 2624 3142 facta
2650 3099 2775 3143 sum
2797 3102 3218 3160 commemorat;
3249 3096 3328 3148 vel
3364 3095 3476 3149 haec
3501 3097 3587 3162 iis,

2001 3176 2090 3244 qui
2115 3176 2289 3230 adhuc
2314 3178 2517 3247 probati
2542 3189 2715 3247 erant,
2737 3181 2885 3237 dicit.
2915 3183 3078 3238 Erant
3099 3187 3303 3256 quippe
3327 3188 3394 3240 ibi
3418 3189 3590 3242 sancti

2001 3267 2175 3330 multi,
2207 3269 2294 3338 qui
2323 3269 2388 3323 ad
2416 3281 2725 3326 sanctorum
2756 3274 3108 3329 ministerium
3146 3293 3204 3332 se
3231 3279 3546 3334 dediderant
3570 3322 3584 3342 ,

2002 3371 2052 3415 et
2083 3361 2335 3430 primitiae
2381 3362 2597 3417 Achaia:
2647 3363 2771 3418 facti
2807 3377 2969 3432 sunt,
3015 3378 3069 3420 ut
3100 3367 3151 3421 in
3188 3367 3292 3424 ﬁne
3329 3370 3585 3424 declarat.

2001 3451 2249 3521 Alioquin
2275 3469 2402 3506 vero
2428 3454 2638 3508 etiamsi
2661 3455 2846 3510 laudes
2875 3473 2980 3511 non
3009 3459 3227 3514 omnino
3249 3460 3437 3516 afﬁnes
3463 3472 3589 3516 sunt

2000 3544 2212 3599 veritati
2238 3586 2251 3610 ,
2286 3555 2522 3601 attamen
2557 3548 2850 3617 prudenter
2879 3549 3223 3616 adhibentur,
3254 3561 3309 3606 ut
3331 3553 3467 3606 riam
3497 3569 3588 3624 pa-

2001 3647 2120 3692 rent
2151 3637 2214 3691 iis
2236 3654 2354 3708 qua:
2375 3639 2598 3695 dicenda
2624 3649 2768 3694 sunt.
2795 3642 2924 3694 Nam
2949 3643 3038 3712 qui
3061 3645 3239 3697 statim
3268 3661 3294 3697 a
3325 3645 3588 3716 principio

2000 3731 2303 3801 importuna
2333 3732 2588 3802 loquitur,
2622 3734 3003 3789 inlirmioribus
3030 3736 3268 3791 auditum
3297 3738 3496 3793 claudit
3519 3740 3587 3794 ad

2000 3835 2190 3878 caetera
2226 3825 2385 3879 verba
2419 3845 2430 3879 :
2466 3828 2508 3880 si
2543 3827 2684 3880 enim
2718 3827 2994 3883 auditores
3035 3828 3240 3884 honore
3268 3846 3427 3901 pares
3457 3832 3584 3898 sint,

2002 3917 2346 3981 irascuntur;
2379 3919 2422 3972 si
2456 3918 2741 3972 admodum
2773 3919 3054 3975 inferiores
3075 3962 3090 3987 ,
3124 3922 3310 3977 dolore
3344 3922 3586 3978 afﬁcien-

2003 4019 2106 4062 tur.
2134 4010 2211 4063 Ne
2240 4011 2396 4078 igitur
2428 4015 2527 4064 hoc
2556 4013 2784 4076 eveniat,
2802 4013 2868 4066 ab
2901 4013 2965 4066 iis
2993 4030 3110 4082 qua:
3130 4015 3372 4068 eucomia
3395 4016 3585 4071 viden-

2003 4110 2088 4155 tur
2117 4117 2236 4156 esse
2284 4103 2490 4156 initium
2538 4102 2704 4157 ducit.
2755 4103 2936 4174 Neque
2978 4107 3118 4159 enim
3153 4106 3253 4160 hoc
3282 4108 3584 4162 encomium

2003 4193 2215 4246 illorum
2248 4204 2398 4257 erat,
2430 4194 2522 4247 sed
2551 4195 2738 4264 gratiae
2777 4196 2890 4250 Dei.
2922 4195 3054 4250 Nam
3083 4197 3223 4267 quod
3247 4209 3463 4267 peccata
3501 4215 3590 4256 re-

2004 4287 2165 4340 missa
2201 4288 2327 4358 ipsis
2355 4296 2558 4347 essent,
2584 4296 2640 4341 et
2667 4287 2809 4357 quod
2829 4288 3105 4356 justilieati
3137 4300 3338 4354 essent,
3364 4289 3466 4346 hoc
3493 4307 3589 4347 su-

2004 4380 2150 4447 perni
2178 4379 2303 4433 doni
2328 4388 2462 4436 erat.
2488 4380 2775 4449 Propterea
2806 4380 2862 4434 in
2888 4381 2951 4435 iis
2977 4381 3311 4448 immoratur,
3344 4399 3462 4453 qum
3492 4384 3590 4440 Dei

2005 4471 2382 4540 benignitatem
2435 4470 2762 4536 ostendunt,
2797 4481 2854 4526 ut
2900 4471 3142 4527 morbum
3187 4489 3372 4528 eorum
3419 4475 3589 4546 magis

2003 4572 2172 4617 curet.
2209 4562 2628 4632 [inspectantibus
2657 4564 3009 4618 reuelationem
3043 4564 3249 4620 Domini
3278 4568 3436 4620 nostri
3463 4568 3590 4622 Iesu

2004 4651 2209 4708 Christi.
2253 4652 2390 4720 Quid
2424 4653 2852 4720 tumultuamini,
2888 4656 3076 4725 inquit,
3110 4657 3235 4726 quid
3270 4658 3588 4726 turbamini,

2004 4744 2144 4813 quod
2178 4760 2282 4798 non
2314 4745 2453 4798 adsit
2477 4743 2762 4799 Christus?
2795 4746 2962 4800 Adest
2981 4747 3226 4816 quidem,
3255 4755 3311 4802 et
3335 4749 3450 4804 dies
3479 4750 3592 4818 jam

2003 4851 2102 4907 pro
2133 4835 2341 4889 foribus
2369 4845 2472 4890 est.
2507 4836 2575 4890 Et
2613 4835 2896 4891 considera
2923 4838 3238 4908 sapientiam
3265 4881 3278 4903 ,
3321 4841 3592 4910 quomodo

2006 4927 2148 4990 illos,
2178 4941 2299 4980 cum
2326 4926 2392 4979 ab
2419 4926 2664 4981 humanis
2694 4927 3035 4993 abduxisset,
3065 4931 3326 4985 exterruit
3353 4941 3591 4988 tremen-

2006 5020 2133 5075 dum
2160 5020 2392 5074 tribunal
2423 5035 2856 5076 commemorans
2875 5063 2890 5086 ,
2923 5031 2974 5076 et
3003 5024 3294 5078 ostendens
3321 5040 3424 5079 non
3450 5027 3591 5081 bona

2009 5120 2214 5166 tantum
2245 5110 2392 5165 initia
2435 5112 2660 5180 requiri.
2694 5111 2788 5167 sed
2832 5114 2989 5166 linem
3025 5131 3256 5184 quoque.
3303 5116 3434 5171 Nam
3467 5135 3589 5173 cum

2008 5203 2090 5257 his
2132 5201 2544 5257 charismatibus
2582 5209 2640 5257 et
2673 5203 2790 5256 aliis
2824 5203 3106 5258 virtutibus
3130 5247 3144 5271 ,
3186 5217 3397 5275 oportet
3429 5209 3591 5264 etiam

2006 5293 2112 5348 diei
2143 5295 2285 5348 illius
2317 5294 2592 5348 reminisci
2622 5309 2636 5346 :
2671 5293 2956 5364 multisque
2998 5295 3268 5353 laboribus
3289 5310 3371 5355 est
3408 5315 3542 5371 opus
3574 5340 3592 5369 ,

2009 5395 2065 5439 ut
2096 5386 2263 5454 possit
2287 5385 2406 5455 quis
2437 5384 2503 5439 ad
2549 5384 2706 5439 ﬁnem
2735 5388 3032 5456 pervenire.

2077 5480 2132 5535 2.
2193 5480 2600 5534 Revelationcm
2645 5490 2822 5534 autem
2873 5495 3260 5537 commemorat
3307 5486 3596 5540 ostendens

2011 5574 2177 5639 illam,
2206 5573 2415 5627 etiamsi
2447 5587 2551 5625 non
2580 5571 2844 5636 videatur,
2870 5571 2965 5626 sed
2993 5587 3114 5628 esse
3139 5584 3336 5639 tamen,
3369 5585 3422 5628 et
3449 5591 3589 5628 nunc

2011 5666 2223 5729 adesse,
2253 5675 2305 5718 et
2331 5675 2454 5717 tunc
2484 5663 2847 5733 apparituram
2880 5679 3019 5717 esse.
3052 5664 3307 5740 Patientia
3330 5666 3485 5734 igitur
3513 5675 3594 5720 est

2013 5775 2146 5829 υνυς
2177 5777 2189 5812 :
2225 5759 2348 5811 ideo
2388 5757 2528 5811 enim
2575 5756 2832 5810 miracula
2861 5757 3142 5825 accepistis
3173 5799 3188 5824 ,
3221 5768 3277 5811 ut
3307 5757 3446 5812 ﬁrmi
3485 5774 3599 5812 ma-

2012 5850 2199 5908 neatis.
2234 5850 2285 5904 8.
2320 5849 2418 5916 Qui
2448 5859 2494 5903 et
2523 5848 2841 5918 conﬁrmabit
2881 5861 2967 5902 vos
3013 5863 3170 5918 usque
3202 5849 3258 5904 in
3291 5847 3448 5919 ﬁnem
3487 5849 3598 5902 sine
