4086 6472
405 376 477 434 ιο
1146 373 1207 427 S.
1246 367 1525 427 JOANNIS
1554 363 1998 422 CIIRYSOSTODI

2112 360 2377 420 RCHIEP.
2416 363 2946 423 CONSTANTINOP.
3610 368 3697 423 π

401 501 632 554 crimine.
693 492 789 549 Hie
834 490 1048 548 videtur
1081 489 1297 559 quidem
1335 484 1461 540 illos
1503 482 1848 545 demulcere;
1894 478 1990 535 sed

2105 477 2237 534 dare
2276 477 2491 536 volebat
2521 496 2538 546 ;
2573 481 2648 535 illi
2696 497 2827 537 vero
2868 482 3117 539 nolentes
3161 482 3403 554 accipere
3431 524 3448 550 ,
3477 484 3693 554 seipsos

409 591 552 661 quod
583 588 783 644 dicitur
806 585 952 639 omni
982 581 1285 638 adulatione
1317 585 1492 631 vacat.
1532 573 1686 630 Solet
1707 572 1849 627 enim
1872 571 1993 626 illos
2041 595 2067 626 υ
2100 570 2397 640 eiecerunt.
2431 573 2562 627 Nam
2606 575 2815 629 etiamsi
2846 575 2912 630 ad
2954 592 3066 630 rem
3096 575 3416 632 laboriosam
3446 585 3501 632 et
3525 592 3693 648 aspe-

404 696 648 756 tangere.
678 690 738 738 ut
761 696 882 736 cum
914 678 1042 733 dicit
1065 694 1079 730 :
1111 662 1389 742 Tamquam
1414 686 1513 724 non
1541 676 1777 722 venturus
1804 665 1902 720 sim
1926 663 1995 718 ad

405 795 519 843 eos,
538 775 703 847 inﬂati
725 780 840 828 sunt
859 770 1063 840 quidam
1076 783 1094 830 ;
1107 773 1403 826 etrnrsum,
1421 760 1555 829 Quid
1572 758 1753 813 vultis?
1774 758 1826 811 in
1856 756 1996 827 virga

409 868 607 923 ueniant
622 867 691 919 ad
702 881 787 919 vos
806 903 821 928 ,
853 879 918 915 an
936 860 988 913 in
1005 858 1213 912 caritate
1229 863 1274 909 et
1293 851 1475 923 spiritu
1501 847 1900 904 mansuetudinis
1912 847 1932 918 (
1944 847 1964 901 l
1976 886 1990 899 .

411 959 530 1015 Cor.
549 960 603 1014 4.
634 958 721 1012 18.
738 964 787 1010 et
805 952 1007 1025 2t)?et,
1030 950 1107 1003 An
1124 946 1523 1019 experimentum
1538 942 1763 1012 queritis
1774 940 1885 1010 ejus
1909 938 1994 1008 qui

413 1058 469 1108 in
513 1070 593 1106 me
622 1050 847 1123 loquitur
875 1044 1063 1100 Christi
1105 1042 1181 1115 (2.
1210 1040 1332 1096 Cor.
1362 1039 1450 1095 13.
1481 1037 1542 1106 3)
1570 1035 1594 1090 ?
1619 1035 1876 1091 Latenter
1901 1047 1998 1086 au-

413 1155 519 1199 tem
549 1144 692 1211 ipsos
713 1147 930 1195 accusat
953 1155 966 1191 :
994 1150 1117 1192 cum
1145 1133 1271 1189 dicit
1300 1132 1466 1196 enim,
1497 1126 1828 1198 Conﬁrmabit
1847 1167 1862 1189 ,
1893 1133 1949 1181 et
1975 1165 1993 1192 ,

414 1235 539 1291 Sine
558 1234 788 1298 crimine,
818 1228 1055 1285 ostendit
1082 1228 1201 1281 illos
1225 1224 1399 1279 adhuc
1422 1220 1701 1286 fluctuare,
1731 1231 1785 1276 et
1815 1219 1997 1274 crimi-

322 1334 340 1351 '
412 1327 463 1381 ni
487 1340 609 1381 esse
635 1322 921 1380 obnoxios.
963 1320 1044 1375 Tn
1067 1333 1197 1373 vero
1225 1314 1536 1372 consideres
1555 1311 1738 1377 velim,
1769 1325 1997 1381 quomo-

411 1420 482 1475 do
533 1419 655 1474 illos
702 1428 917 1486 semper
968 1411 1171 1468 nomini
1212 1407 1414 1465 ChriSti
1456 1402 1656 1478 alligat,
1703 1413 1758 1458 et
1800 1402 1998 1457 nullius

413 1509 665 1573 hominis,
692 1520 867 1577 neque
888 1502 1139 1575 apostoli,
1162 1516 1335 1572 neque
1355 1499 1620 1570 magistri,
1638 1495 1733 1551 sed
1758 1494 2000 1564 frequen-

411 1610 496 1657 ter
521 1600 700 1656 dilecti
728 1599 869 1654 illius
895 1596 1219 1652 mentionem
1247 1592 1443 1657 faciat,
1468 1590 1619 1663 quasi
1644 1587 1713 1644 ab
1736 1587 1999 1644 ebrietate

413 1692 643 1763 quadam
682 1690 1008 1746 temulentos
1037 1687 1270 1743 educere
1299 1698 1516 1757 parans.
1548 1680 1820 1752 Nusquam
1851 1680 1997 1735 enim

414 1785 468 1838 in
494 1785 597 1839 alia
622 1781 847 1853 epistola
879 1790 983 1834 tam
1013 1779 1321 1850 frequenter
1347 1789 1542 1831 nomen
1567 1772 1766 1829 Christi
1806 1771 1952 1841 jacet
1982 1788 1996 1825 :

415 1877 505 1933 hic
526 1891 655 1931 vero
685 1876 738 1930 in
763 1874 944 1945 paucis
968 1872 1217 1927 versibus
1243 1885 1386 1939 saepe
1405 1912 1421 1937 ,
1440 1876 1495 1923 et
1517 1867 1622 1923 hoc
1646 1866 1862 1921 nomine
1889 1863 1999 1919 fere

415 1978 582 2023 totum
604 1967 840 2023 contexit
862 1964 1200 2036 prooemium.
1221 1960 1513 2018 Considera
1538 1966 1715 2015 autem
1732 1955 1996 2027 superius.

418 2083 440 2115 ι
487 2061 685 2118 Paulus
713 2102 729 2127 ,
761 2068 981 2115 vocatus
1010 2056 1287 2127 apostolus
1325 2053 1453 2109 Jesu
1484 2050 1686 2108 Christi
1713 2091 1729 2117 ,
1763 2046 1999 2106 sanctiﬁ-

415 2155 551 2210 catis
594 2155 646 2208 iii
690 2153 905 2209 Christo
944 2151 1072 2207 Jesu
1107 2192 1123 2218 ,
1157 2146 1531 2204 invocantibus
1561 2160 1756 2201 nomen
1789 2142 1999 2198 Domini

416 2248 582 2303 nostri
607 2246 734 2301 Jesu
761 2244 958 2299 Christi
992 2261 1004 2296 :
1043 2242 1213 2312 gratia
1243 2240 1393 2294 vobis
1416 2249 1464 2294 et
1505 2253 1608 2309 pax
1641 2252 1671 2291 a
1706 2237 1815 2291 Deo
1841 2234 2000 2290 Patre

412 2351 469 2395 et
512 2339 741 2395 Domino
787 2337 916 2392 Jesu
964 2335 1201 2390 Christo.
1249 2331 1463 2388 Gratias
1501 2344 1602 2400 ago
1648 2328 1755 2383 Deo
1786 2342 1908 2382 meo
1934 2325 2001 2381 de

418 2432 586 2502 gratia
621 2473 635 2495 ,
668 2446 786 2499 qiize
835 2428 957 2484 data
1002 2435 1083 2482 est
1113 2425 1266 2480 vobis
1314 2424 1365 2478 in
1414 2421 1631 2477 Christo
1659 2420 1785 2476 Jesu
1817 2438 1831 2474 :
1864 2419 2003 2473 sicut

416 2525 781 2579 testimonium
828 2519 1028 2576 Christi
1072 2516 1443 2572 confirmatum
1489 2523 1571 2569 est
1601 2513 1653 2565 in
1686 2511 1838 2567 vobis
1868 2528 1880 2563 :
1910 2525 2003 2564 ex-

414 2614 782 2685 speCtantibiis
813 2611 1194 2667 revelationem
1228 2608 1439 2664 Domini
1470 2607 1641 2661 nostri
1683 2606 1807 2661 Jesu
1836 2604 1991 2660 Chri-

414 2708 483 2761 sti
506 2748 521 2774 ,
544 2706 633 2776 qui
657 2713 710 2759 et
733 2703 1074 2760 confirmabit
1104 2716 1200 2755 vos
1228 2701 1346 2754 sine
1369 2699 1594 2755 crimine
1622 2696 1673 2751 in
1704 2697 1793 2751 die
1815 2695 1997 2749 Domi-

418 2798 471 2852 ni
501 2796 669 2851 nostri
690 2795 817 2850 Jesu
841 2792 1059 2849 Christi.
1086 2789 1141 2848 9.
1171 2788 1371 2845 Fiddlis
1400 2796 1480 2844 est
1514 2789 1653 2843 Deus
1675 2829 1689 2853 ,
1724 2803 1818 2856 per
1838 2800 1997 2855 quem

422 2888 595 2942 vocati
632 2887 762 2941 estis
798 2885 850 2937 iii
879 2884 1188 2937 societatem
1218 2879 1337 2935 Filii
1370 2883 1487 2949 eius
1507 2878 1634 2934 Jesu
1664 2877 1861 2932 Christi
1896 2877 1996 2930 Do-

421 2980 551 3034 mini
585 2977 770 3032 nostri.
809 2975 896 3031 {0.
929 2974 1166 3029 Obsecro
1192 2981 1372 3027 autem
1403 2986 1497 3024 vos
1535 2986 1633 3040 per
1670 2984 1864 3023 nomen
1896 2969 2000 3021 Do-

419 3071 551 3127 mini
570 3064 736 3127 nostri
764 3068 891 3125 Jesu
920 3067 1139 3122 Christi.
1180 3083 1201 3118 ι
1232 3063 1422 3120 V'iden'
1446 3063 1795 3133 frequentiam
1827 3061 2000 3115 nomi-

417 3165 503 3219 nis
520 3162 754 3217 Christi?
786 3160 937 3216 Unde
964 3158 1136 3228 palam
1167 3156 1423 3211 estetiam
1450 3154 1575 3217 illis,
1602 3154 1689 3225 qui
1718 3152 2002 3207 admodum

424 3258 737 3330 insipientes
777 3263 902 3308 sunt
932 3293 946 3316 ,
980 3252 1152 3321 ipsum
1185 3264 1288 3303 non
1321 3249 1438 3303 sine
1464 3262 1623 3301 causa
1653 3260 1753 3299 nec
1778 3260 1902 3299 casu
1936 3244 2003 3298 ita

421 3350 601 3404 facere
626 3364 641 3411 ;
666 3346 757 3400 sed
791 3344 950 3411 huius
973 3341 1174 3412 pulchri
1200 3338 1435 3394 nominis
1463 3336 1759 3408 frequentia
1790 3336 2002 3389 illorum

426 3452 688 3495 tumorem
716 3436 985 3502 exhaurit,
1015 3445 1069 3489 et
1085 3432 1288 3487 saniem
1314 3430 1484 3485 morbi
1511 3439 1791 3499 eXpurgat.
1811 3425 2007 3482 Fidelis

428 3532 562 3586 Deus
595 3572 609 3592 ,
648 3546 737 3599 per
766 3544 913 3599 quem
956 3525 1117 3581 uocati
1145 3524 1262 3577 estis
1304 3522 1358 3577 in
1391 3522 1678 3578 societatem
1718 3517 1846 3573 Filii
1872 3519 2002 3589 ejus.

426 3627 585 3694 Papa:
616 3625 631 3678 l
682 3631 933 3694 quautam
966 3619 1053 3675 hic
1096 3633 1209 3672 rem
1239 3615 1368 3671 dicit
1395 3617 1408 3670 l
1442 3623 1695 3685 quantam
1727 3612 1850 3666 doni
1891 3626 2008 3665 ma-

420 3698 755 3788 gnitudinem
788 3711 1042 3768 exhibet!
1077 3709 1137 3765 ln
1180 3709 1491 3763 societatem
1533 3704 1805 3775 Uiiigeniti
1831 3701 2007 3758 vocati

427 3811 559 3866 estis
590 3851 603 3873 ,
636 3816 692 3863 et
735 3820 830 3861 vos
860 3803 1166 3859 hominibus
1191 3800 1480 3856 addicitis?
1508 3799 1634 3870 quid
1664 3798 1764 3854 hac
1794 3798 2010 3852 miseria

427 3898 624 3972 peius?
655 3896 722 3953 Et
749 3896 1019 3968 quomodo
1047 3894 1220 3949 vocati
1263 3891 1431 3948 estis?
1462 3892 1562 3947 Per
1591 3891 1824 3946 Patrem.
1874 3890 2009 3958 Quia

426 3992 572 4050 enim
606 4007 701 4061 per
727 3989 876 4044 illum
906 3992 961 4042 et
988 3986 1042 4041 in
1067 3986 1158 4041 illo
1182 3982 1488 4055 frequenter
1512 3983 1723 4039 dicebat
1747 3983 1815 4038 de
1837 3982 1973 4037 Filio
1992 4023 2008 4046 ,

425 4104 496 4143 ne
514 4091 760 4157 putarent
772 4098 829 4136 se
841 4082 984 4134 illiiiii
1003 4088 1062 4134 ut
1078 4077 1336 4133 minorem
1349 4074 1855 4137 commemorarejd
1870 4075 2010 4129 Patri

358 4232 369 4253 ,
432 4179 701 4234 adscribit.
722 4173 838 4229 Non
863 4189 956 4241 per
980 4175 1118 4225 hunc
1142 4170 1225 4225 vel
1246 4170 1430 4234 alium,
1460 4168 1650 4238 inquit,
1671 4166 1764 4222 sed
1792 4182 1885 4235 per
1909 4164 1979 4221 Pa
1997 4195 2013 4207 -

432 4281 570 4325 trem
599 4266 768 4322 vocati
797 4271 958 4319 estis:
983 4277 1075 4333 per
1098 4261 1271 4331 ipsum
1301 4258 1461 4314 etiam
1491 4259 1681 4313 divites
1712 4256 1832 4311 facti
1860 4259 2010 4312 estis.

432 4364 638 4416 lliirsus
662 4355 836 4413 vocati
853 4353 1003 4419 estis,
1019 4368 1125 4409 non
1146 4353 1243 4423 ipsi
1265 4338 1586 4406 accessistis.
1615 4348 1750 4417 Quid
1770 4362 1896 4403 vero
1911 4347 2012 4401 sibi

435 4452 547 4509 vult
564 4452 712 4513 illud,
731 4448 800 4503 In
826 4449 1111 4503 societatem
1126 4442 1255 4499 Filii
1273 4445 1382 4514 ejus
1403 4440 1578 4497 ?Audi
1601 4440 1748 4495 illum
1771 4441 1873 4496 hoc
1901 4441 2015 4495 cla-

438 4549 547 4602 rius
571 4543 696 4600 alibi
723 4541 990 4597 dicentem
1015 4555 1028 4591 :
1058 4534 1121 4592 Si
1138 4534 1463 4596 sustinemus,
1480 4544 1529 4587 et
1556 4534 1968 4604 conregnabimus
1996 4549 2017 4589 :

436 4641 477 4691 si
502 4632 878 4695 coinmoririiur,
902 4628 1056 4685 simul
1075 4630 1292 4683 vivemus
1308 4624 1388 4700 (2.
1423 4622 1556 4680 Tim.
1578 4624 1634 4680 2.
1656 4626 1767 4698 12).
1788 4625 2014 4690 Deinde,

438 4731 557 4800 quia
591 4742 702 4782 rem
735 4738 982 4794 magnam
1025 4718 1161 4776 dixit
1183 4762 1198 4786 ,
1231 4718 1437 4775 addidit
1469 4718 1631 4775 etiam
1673 4718 2014 4775 ratiocinium

436 4829 642 4876 certum
664 4860 678 4883 ,
703 4817 790 4871 eui
814 4830 917 4870 non
948 4813 1119 4885 possit
1160 4811 1450 4867 contradici
1480 4831 1496 4868 :
1531 4827 1653 4867 nam
1679 4813 1753 4867 ait
1774 4854 1792 4880 ,
1825 4810 2019 4866 Fidelis

441 4911 577 4966 Deus
599 4925 618 4973 ;
639 4908 690 4962 id
723 4916 843 4968 est,
874 4917 1055 4959 verus.
1088 4901 1144 4959 Si
1174 4917 1331 4959 verus
1356 4944 1370 4965 .
1397 4918 1516 4973 qua:
1544 4904 1788 4972 promisit
1814 4901 2014 4958 faciet:

439 4999 687 5072 promisit
713 5009 889 5053 autem
912 5010 970 5049 se
996 5008 1095 5049 nos
1114 4994 1289 5049 socios
1311 4990 1572 5048 facturum
1591 4994 1851 5064 unigeniti
1873 4993 2017 5058 Filii;

438 5092 509 5147 ad
539 5091 643 5144 hoc
667 5088 860 5160 quippe
891 5100 987 5140 nos
1014 5086 1223 5141 vocavit
1250 5103 1264 5140 :
1287 5083 1425 5140 dona
1455 5085 1598 5141 enim
1619 5093 1674 5142 et
1698 5084 2018 5142 charismata

439 5183 558 5252 eius
583 5180 699 5236 sine
722 5176 1035 5249 poenitentia
1073 5185 1235 5243 sunt,
1266 5193 1477 5266 necnon
1505 5177 1599 5232 Dei
1626 5179 1858 5233 vacatio.
1890 5177 2019 5233 Hinc

437 5282 621 5329 autem
670 5285 810 5326 nunc
842 5271 985 5340 prius
1014 5270 1205 5325 ordine
1248 5270 1409 5340 ponit
1451 5271 1502 5325 in
1549 5285 1798 5327 sermone
1825 5313 1840 5337 ,
1867 5281 1926 5326 ut
1955 5286 2023 5327 ne

441 5373 569 5435 post
620 5362 990 5418 vehementem
1037 5362 1433 5417 accusationem
1480 5362 1533 5417 in
1586 5362 2020 5433 desperationem

413 5457 659 5530 rodant.
689 5455 820 5522 Quae
849 5455 991 5510 enim
1014 5468 1045 5509 a
1068 5452 1177 5509 Deo
1207 5463 1331 5509 sunt
1360 5455 1621 5524 promissa
1638 5457 1861 5511 omnino
1879 5471 2025 5512 com-

447 5551 756 5617 parebunt,
804 5547 905 5602 nisi
960 5560 1060 5602 nos
1099 5545 1386 5601 admodum
1435 5547 1665 5604 eﬂ‘renes
1713 5548 2019 5605 fuerimus:

442 5638 893 5709 quemadmodum
915 5635 1082 5691 Judaei
1098 5638 1272 5690 vocati
1296 5637 1581 5694 noluerunt
1602 5639 1736 5695 bona
1753 5640 2020 5709 accipere.

2103 680 2215 719 ram
2244 676 2534 733 vocasset,
2564 678 2877 724 recusantes
2915 670 3069 725 venia
3101 670 3243 740 digni
3270 684 3378 725 non
3410 669 3677 735 fuissent,

2102 760 2198 815 sed
2224 762 2524 831 potuissent
2563 764 2752 817 saltem
2796 762 2899 819 hoc
2946 764 3240 818 obtendere
3271 782 3285 816 :
3318 763 3364 819 si
3394 773 3573 819 autem
3615 765 3687 819 ad

2103 853 2473 922 purgationem
2494 896 2510 920 ,
2540 854 2605 909 ad
2626 854 2891 924 justitiam
2922 897 2939 920 ,
2972 856 3037 911 ad
3069 856 3542 912 sanctiﬁcationem
3572 899 3589 922 ,
3615 856 3687 911 ad

2102 944 2550 1015 redemptionem,
2568 949 2795 1017 gratiam
2813 986 2829 1013 ,
2859 948 3059 1003 donum
3089 959 3145 1004 et
3171 959 3467 1019 praeparata
3497 950 3637 1005 bona
3667 991 3685 1014 ,

2103 1051 2223 1107 quae
2242 1038 2431 1093 oculus
2461 1054 2569 1094 non
2602 1040 2754 1105 vidit,
2786 1055 2887 1094 nec
2915 1040 3062 1095 auris
3088 1041 3323 1106 audivit,
3352 1051 3409 1097 et
3431 1041 3574 1097 Deus
3596 1051 3691 1098 est

2103 1129 2197 1199 qui
2232 1140 2387 1186 vocat
2418 1173 2433 1196 ,
2467 1140 2524 1187 et
2574 1148 2671 1202 per
2709 1132 2948 1202 seipsum
2989 1143 3148 1188 vocat
3173 1150 3189 1200 ;
3215 1149 3317 1203 qua
3348 1134 3502 1190 venia
3539 1133 3690 1206 digni

2104 1220 2303 1277 fuerint
2338 1224 2428 1293 qui
2470 1239 2575 1280 non
2633 1226 2963 1280 accurrunt?
2986 1225 3065 1281 Ne
3091 1227 3213 1297 quis
3248 1240 3377 1297 ergo
3415 1227 3467 1282 in
3519 1227 3690 1283 Deum

2102 1316 2311 1386 culpam
2342 1316 2558 1372 referat.
2591 1317 2709 1373 Non
2731 1320 2875 1374 enim
2906 1335 2973 1374 ex
3017 1328 3239 1375 vocante
3293 1320 3352 1374 fit
3390 1318 3535 1391 quod
3575 1334 3689 1376 non

2103 1407 2371 1469 credatur.
2401 1409 2494 1465 sed
2524 1424 2589 1465 ex
2615 1411 2682 1466 iis
2701 1411 2790 1481 qui
2822 1411 3085 1466 resiliunt.
3115 1410 3222 1468 Sed
3248 1411 3567 1481 oportebat,
3606 1411 3696 1467 in-

2103 1500 2273 1569 quies,
2301 1499 2386 1555 vel
2411 1501 2608 1556 invitos
2638 1502 2909 1557 inducere.
2940 1505 3281 1572 Apageznon
3305 1500 3447 1558 enim
3466 1503 3575 1558 vim
3603 1499 3696 1559 vel

2102 1591 2476 1647 necessitatem
2503 1592 2682 1646 infert.
2709 1592 2840 1661 Quis
2864 1592 3009 1648 enim
3035 1592 3102 1648 ad
3125 1593 3358 1649 honores
3381 1602 3438 1650 et
3459 1606 3697 1651 coronas

2103 1692 2158 1737 et
2181 1684 2424 1739 convivia
2449 1694 2507 1741 et
2532 1685 2876 1742 celebritates
2901 1702 3104 1743 vocaris
3131 1727 3146 1753 ,
3180 1687 3381 1745 invitos
3404 1698 3457 1745 et
3475 1690 3697 1747 vinctos

2105 1775 2269 1833 trahit
2292 1778 2318 1831 ?
2347 1777 2515 1833 Nemo
2534 1787 2681 1834 certe
2706 1800 2719 1835 :
2745 1779 2846 1835 hoc
2870 1781 3013 1835 enim
3034 1790 3179 1837 esset
3205 1781 3455 1852 iniuriam
3487 1781 3693 1839 facere.

2103 1867 2187 1923 Ad
2232 1868 2533 1940 gehennam
2579 1873 2774 1926 invitos
2821 1872 2985 1926 mittit
3012 1887 3028 1939 ;
3055 1872 3122 1927 ad
3165 1888 3388 1944 regnum
3440 1873 3696 1930 lubente-3

2103 1970 2260 2015 vocat
2285 1981 2298 2015 :
2330 1961 2397 2017 ad
2420 1963 2596 2033 ignem
2629 1963 2825 2034 ligatos
2848 1963 3016 2032 ducit,
3047 1965 3210 2020 etiam
3236 1965 3501 2035 eiulantes
3531 1982 3548 2031 ;
3592 1966 3694 2021 sed

2105 2052 2383 2110 innumera
2413 2054 2551 2110 bona
2580 2071 2683 2111 non
2726 2057 2826 2111 sic.
2856 2056 2989 2112 Nam
3021 2056 3125 2114 hoc
3154 2046 3266 2129 ipsa
3305 2072 3523 2130 quoque
3547 2059 3694 2115 bona

2105 2146 2290 2201 odiosa
2326 2147 2536 2214 reddat,
2558 2147 2663 2202 nisi
2692 2148 2810 2203 talis
2827 2149 2897 2203 sit
2926 2149 3139 2205 illorum
3171 2160 3359 2210 natura
3379 2192 3395 2217 ,
3424 2161 3484 2206 ut
3510 2150 3577 2207 ad
3603 2152 3699 2207 illa

2103 2249 2299 2311 Sponte
2329 2251 2643 2296 occurratur
2670 2280 2689 2307 ,
2717 2252 2773 2297 et
2799 2242 3025 2313 gratiam
3050 2242 3279 2298 habeant
3307 2244 3618 2299 maximam.

2174 2334 2229 2390 3.
2262 2334 2327 2388 Et
2355 2334 2444 2405 qui
2468 2334 2549 2401 fit,
2570 2334 2798 2405 inquies,
2819 2334 2963 2405 quod
2990 2350 3097 2391 non
3113 2350 3303 2393 omnes
3327 2336 3440 2407 ipsa
3461 2338 3692 2409 eligant?

2105 2427 2188 2483 οι)
2232 2430 2501 2499 propriam
2532 2428 2918 2484 infirmitatem.
2951 2430 3017 2484 Et
3043 2444 3141 2486 cur
3170 2431 3383 2485 illorum
3412 2432 3692 2488 inﬁrmita-

2107 2528 2213 2573 tem
2241 2536 2346 2574 non
2374 2520 2641 2575 abscindit
2668 2520 2691 2575 ?
2714 2519 2783 2575 Et
2801 2536 2909 2591 quo
2934 2530 3091 2591 pacto
3116 2563 3135 2589 ,
3160 2522 3248 2577 dic
3268 2521 3399 2578 mihi
3430 2564 3447 2589 ,
3470 2525 3691 2579 exscin-

2106 2608 2236 2664 dere
2262 2625 2397 2679 opus
2419 2612 2536 2666 est?
2563 2626 2744 2666 annon
2781 2623 3083 2668 creaturam
3123 2613 3364 2670 condidit
3402 2614 3686 2671 docentem

2107 2700 2223 2770 ejus
2247 2702 2632 2771 benignitatem
2660 2744 2676 2767 ,
2704 2712 2760 2758 et
2783 2704 3073 2773 potentiam
3097 2706 3120 2760 ?
3147 2720 3275 2760 nam
3303 2704 3458 2771 Cirli,
3486 2707 3686 2779 inquit,

2106 2802 2346 2847 enarrant
2381 2794 2601 2865 gloriam
2629 2793 2722 2848 Dei
2747 2792 2920 2866 (Psol.
2952 2794 3040 2850 {8.
3068 2794 3148 2864 Ξ).
3183 2798 3373 2851 Annon
3400 2797 3687 2868 prophetas

2107 2886 2252 2940 misit
2280 2885 2304 2939 ?
2331 2899 2508 2940 annon
2540 2886 2749 2942 vocavit
2776 2895 2830 2941 et
2856 2884 3181 2942 honoravit?
3218 2904 3394 2943 annon
3432 2888 3684 2944 miracula

2107 2976 2232 3031 fecit
2258 2977 2281 3030 ?
2307 2992 2487 3031 annon
2520 2977 2694 3048 legem
2725 2976 2876 3032 dedit
2906 2986 2963 3031 et
2989 2979 3247 3047 scriptam
3274 2989 3329 3036 et
3345 2981 3640 3035 naturalem
3663 2980 3687 3033 ?

2107 3084 2283 3123 annon
2303 3069 2494 3123 Filium
2515 3082 2671 3123 suum
2690 3069 2834 3123 misit
2850 3070 2873 3122 ?
2888 3084 3067 3123 annon
3090 3071 3250 3126 etiam
3269 3072 3695 3141 apostolos2an-

2112 3175 2216 3212 non
2248 3159 2396 3229 signa
2429 3158 2594 3214 fecit?
2624 3174 2804 3214 annon
2842 3161 3147 3231 gehennam
3171 3163 3532 3219 comminatus
3561 3164 3693 3220 est?

2111 3266 2286 3307 nonne
2304 3266 2524 3322 regnum
2557 3253 2846 3323 promisit?
2872 3269 3051 3310 nonne
3073 3254 3313 3326 quotidie
3336 3255 3507 3313 solem
3536 3269 3694 3312 suum

2109 3342 2238 3396 criri
2272 3341 2434 3397 facit?
2465 3359 2644 3399 nonne
2687 3360 2808 3415 qua:
2856 3347 3110 3416 praecepit
3132 3347 3202 3400 ita
3236 3346 3409 3403 facilia
3434 3354 3604 3414 sunt,
3630 3356 3695 3403 ut

2111 3432 2263 3488 multi
2300 3434 2354 3488 vi
2402 3433 2757 3506 philosophia:
2799 3452 2912 3492 suae
2951 3437 3069 3507 eius
3097 3437 3348 3493 mandata
3387 3444 3685 3507 superent!

2114 3522 2251 3588 Quid
2276 3524 2537 3594 oportebat
2558 3530 2729 3597 facere
2754 3527 2933 3591 itinere,
2965 3538 3013 3582 et
3038 3544 3138 3583 non
3160 3529 3260 3599 feci
3286 3529 3303 3597 (
3326 3528 3458 3583 Ioui.
3490 3530 3546 3586 5.
3576 3530 3612 3585 4
3630 3529 3650 3601 )
3671 3525 3698 3580 ?

2113 3618 2179 3671 Et
2203 3633 2301 3673 cur
2331 3634 2437 3673 non
2460 3617 2589 3675 fecit
2614 3620 2796 3687 nobis,
2815 3621 3337 3690 inquies.scientiam
3366 3631 3424 3677 et
3443 3624 3697 3679 virtutem

2115 3710 2436 3765 naturalem?
2453 3711 2583 3778 Quis
2611 3709 2728 3765 haec
2748 3710 2905 3767 dicit?
2928 3710 3223 3768 Crieeusne
3241 3727 3313 3766 an
3333 3712 3701 3774 Christianus?
3758 3712 3769 3727 ί

2113 3798 2288 3854 Ambo
2312 3800 2529 3870 quidem
2560 3841 2577 3868 ,
2609 3800 2701 3856 sed
2731 3816 2838 3856 non
2868 3801 3057 3859 eadem
3083 3802 3152 3857 de
3167 3817 3331 3859 causa
3359 3821 3371 3855 :
3405 3819 3593 3860 verum
3621 3806 3698 3861 ol-

2115 3902 2197 3946 ter
2221 3890 2290 3947 de
2318 3892 2540 3947 scientia
2562 3934 2577 3958 ,
2609 3893 2748 3948 alter
2767 3893 2837 3950 de
2857 3894 2965 3948 vita
2988 3893 3290 3950 contendit.
3319 3894 3562 3951 Primum
3592 3897 3700 3967 igi-

2118 3993 2203 4037 tur
2225 3993 2408 4040 nostro
2431 3985 2878 4056 respondebimus
2905 4003 2919 4039 :
2952 4000 3059 4041 non
3079 3986 3222 4043 enim
3246 3986 3377 4048 mihi
3402 3996 3545 4043 tanta
3568 4002 3699 4043 cura

2117 4074 2295 4130 estde
2323 4077 2524 4131 exteris
2545 4117 2563 4142 ,
2599 4083 2798 4147 quanta
2834 4075 2909 4133 de
2956 4076 3193 4148 propriis
3236 4078 3511 4134 membris.
3555 4078 3694 4146 Quid

2116 4180 2244 4236 ergo
2270 4165 2396 4222 dicit
2416 4166 2788 4223 Christianus?
2815 4167 2986 4237 ipsam
3010 4166 3166 4223 nobis
3187 4166 3400 4225 virtutis
3416 4168 3695 4224 scientiam

2119 4258 2229 4312 indi
2266 4259 2572 4329 Oportebat.
2621 4259 2817 4315 indidit
2854 4269 3007 4316 certe
3039 4279 3053 4316 :
3084 4260 3185 4315 nisi
3208 4261 3353 4317 enim
3376 4261 3655 4318 indidisset
3678 4301 3698 4328 ,

2119 4347 2261 4404 unde
2297 4365 2576 4407 nossemus
2603 4365 2667 4407 ea
2706 4366 2827 4422 qua:
2852 4351 3058 4422 agenda
3103 4363 3160 4408 et
3195 4368 3316 4424 quae
3359 4369 3465 4409 non
3491 4354 3697 4424 agenda

2119 4440 2292 4496 sunt?
2322 4441 2589 4498 undenam
2641 4442 2789 4514 lges
2833 4452 2889 4498 et
2932 4443 3265 4500 tribunalia?
3293 4445 3365 4500 At
3390 4460 3496 4500 non
3519 4445 3696 4502 scien-

2121 4534 2270 4601 tiam,
2292 4534 2389 4590 sed
2415 4536 2583 4604 ipsam
2609 4537 2875 4591 actionem
2896 4535 3026 4592 dare
3045 4538 3304 4606 oportuit.
3329 4538 3396 4593 Et
3417 4538 3703 4608 cuiusnam

2119 4625 2195 4681 rei
2224 4625 2526 4681 mercedem
2545 4637 2863 4696 accepturus
2889 4641 3032 4694 eras,
3061 4628 3113 4682 si
3138 4637 3309 4684 totum
3331 4644 3400 4684 ex
3427 4630 3538 4686 Deo
3565 4630 3701 4684 fuis-

2122 4716 2241 4771 set?
2273 4717 2365 4771 Dic
2394 4717 2539 4773 enim
2574 4718 2701 4772 mihi
2731 4759 2749 4785 ,
2792 4729 2919 4776 tene
2946 4732 3001 4774 et
3026 4718 3272 4775 Crmcum
3313 4731 3598 4790 peccantes
3623 4723 3698 4776 si-

2122 4808 2323 4864 militer
2373 4808 2524 4879 punit
2574 4808 2757 4865 Deus?
2787 4809 3003 4866 Minime
3032 4829 3050 4864 :
3082 4810 3247 4867 habes
3283 4813 3435 4868 enim
3487 4814 3702 4870 interim

2121 4914 2240 4954 eam
2284 4915 2405 4969 quin
2442 4916 2508 4956 ex
2557 4901 2778 4956 scicntia
2826 4912 3008 4956 manat
3051 4902 3318 4958 fiduciam.
3347 4903 3486 4972 Quid
3525 4920 3655 4974 ergo
3684 4945 3699 4966 ,

2124 4993 2168 5046 si
2194 4994 2313 5063 quis
2343 5009 2483 5048 nunc
2508 4994 2710 5050 diceret
2741 4994 2861 5061 tibi,
2885 5004 2941 5050 et
2967 5007 3019 5052 te
3045 5008 3097 5052 et
3127 4996 3373 5053 CRBCBIII
3404 5014 3502 5068 pro
3527 5000 3701 5054 sciet)»

2124 5087 2197 5140 tia
2225 5086 2410 5142 eadem
2439 5097 2868 5157 consequuturos
2893 5103 3035 5155 esse,
3055 5104 3237 5144 annon
3261 5089 3312 5145 id
3340 5102 3485 5161 aegre
3505 5091 3702 5146 ferres!

2126 5178 2375 5234 Arbitror
2413 5194 2545 5234 sane
2576 5198 2589 5234 :
2622 5180 2833 5235 diceres
2878 5181 3021 5236 enim
3057 5223 3073 5248 ,
3102 5196 3223 5236 cum
3263 5181 3485 5237 Griecus
3528 5196 3595 5238 ex
3644 5196 3702 5238 se

2129 5280 2307 5339 posset
2333 5271 2609 5325 scientiam
2637 5272 2896 5336 invenire,
2920 5272 3108 5327 noluit.
3130 5271 3185 5328 Si
3208 5287 3336 5342 ergo
3364 5273 3452 5329 ille
3478 5274 3701 5341 diceret,

2126 5363 2407 5433 operiebat
2442 5364 2609 5419 Deum
2637 5366 2796 5421 nobis
2820 5366 3098 5421 scientiam
3120 5366 3438 5422 naturaliter
3467 5367 3654 5424 indere
3684 5406 3703 5432 .

2128 5470 2308 5510 annon
2338 5455 2616 5520 irridercs,
2644 5455 2960 5527 dicercsque
2984 5456 3036 5512 ei
3057 5497 3074 5523 ,
3100 5456 3210 5513 Cur
3235 5470 3339 5511 non
3362 5458 3658 5529 qumsivisti
3679 5461 3704 5513 ?

2128 5564 2225 5603 cur
2267 5564 2374 5603 non
2402 5560 2629 5604 conatus
2650 5562 2711 5605 cs
2738 5560 2793 5603 ut
2820 5565 2921 5620 ego
2950 5550 2975 5604 ?
2999 5563 3063 5605 ac
3087 5564 3213 5605 cum
3251 5551 3418 5606 multa
3444 5561 3616 5608 stares
3638 5554 3704 5604 lio

2128 5641 2283 5696 diieia
2311 5680 2327 5704 ,
2360 5642 2674 5713 diceresque
2702 5650 2956 5697 extrema:
3005 5657 3127 5699 esse
3166 5642 3488 5715 insipientia:
3536 5646 3708 5700 Deum

516 5729 628 5783 Deo
643 5730 837 5783 vocanti
863 5727 1513 5798 obtemperantium—Hoc
1533 5744 1659 5785 vero
1673 5730 1784 5801 iam
1801 5746 1907 5786 non
1929 5748 2022 5787 το·
2072 5742 2090 5769 ι
2130 5732 2378 5787 incusare
2405 5772 2420 5799 ,
2450 5733 2595 5803 quod
2625 5741 2828 5787 natura:
2854 5734 3131 5790 scientiam
3159 5749 3266 5791 non
3289 5735 3559 5792 indiderit.
3593 5736 3702 5792 lloe

444 5819 624 5875 cautis
649 5830 786 5887 erat,
814 5818 909 5875 sed
935 5818 1129 5889 ingrati
1169 5818 1378 5893 illorum
1415 5820 1600 5899 animi.
1634 5821 1754 5899 Ipse
1785 5838 2016 5896 namque

2134 5832 2312 5881 autem
2340 5821 2572 5892 diceres,
2603 5821 2724 5896 quia
2753 5823 2860 5893 illa,
2891 5841 3010 5896 quin
3033 5825 3100 5882 ad
3128 5825 3410 5883 scientiam
3432 5836 3701 5901 spectant,
