4086 6416
302 307 373 362 ιν
1376 302 1447 359 ΙΝ
1482 302 1706 360 EPIST.
1749 305 1765 359 Ι
1810 304 1900 359 AD

2002 305 2097 362 )R.
2126 305 2363 366 HOMIL.
2406 308 2470 366 11.
3491 316 3563 373 ΞΩ

300 418 478 493 ὑμᾶς.
509 421 947 490 ἐφυσιώθησάν
980 438 1133 487 τινες
1154 436 1169 451 ’
1200 419 1292 475 καὶ
1322 420 1508 483 πάλιν,
1549 420 1611 474 Τί
1642 418 1847 475 θέλετε
1866 461 1880 482 ,

301 510 372 560 ἐν
387 506 592 574 ῥάϐδῳ
617 504 778 558 ἔλθω
810 505 965 573 πρὸς
990 497 1163 572 ὑμᾶς,
1192 503 1230 572 ἣ
1267 503 1338 557 ἐν
1365 504 1566 575 ἀγάπῃ
1592 503 1888 572 πνεύματί

304 608 365 645 τε
406 590 787 657 πραότητοςς
835 591 951 648 καὶ,
986 592 1056 643 El
1102 588 1355 657 δοκιμὴν
1411 589 1630 656 ζητεῖτε
1678 586 1785 642 τοῦ
1816 589 1887 641 ἐν

296 671 425 742 ἐμοὶ
472 671 825 737 λαλοῦντος
856 673 1146 741 Χριστοῦ;
1188 673 1568 735 Λανθανόντως
1622 672 1677 725 δὲ
1708 670 1886 725 αὐτῶν

303 756 391 808 καὶ
420 758 763 826 κατηγορεῖ*
790 755 870 825 τῷ
914 757 1021 827 γάρ
1049 756 1245 821 εἰπεῖν,
1291 755 1630 817 Βεϐαιώσει,
1663 753 1757 808 καὶ
1788 753 1886 825 τῷ,

315 838 782 906 ’Δνετκλήτουα
830 838 1069 892 δείκνυσι
1100 839 1193 892 καὶ
1234 840 1621 910 σαλευομένους
1655 838 1755 899 ἐτι,
1795 837 1889 890 καλ⁵

309 921 647 990 ἐγκλήματος
673 921 1012 984 ὑπευθύνους
1039 920 1214 985 ὄντας.
1246 923 1318 975 Σὺ
1342 922 1399 974 δὲ
1432 922 1623 975 σκόπει
1652 920 1768 985 πῶς
1794 920 1888 972 αύ-

306 1007 419 1068 τοὺς
439 1004 518 1076 τῷ
547 1006 786 1075 ὀνόματι
825 1007 913 1059 ἀεὶ
942 1005 1036 1059 τοῦ
1078 1008 1314 1077 Χριστοῦ
1344 1006 1627 1078 προσηλοῖ.
1657 1005 1766 1058 Kal
1793 1003 1889 1056 ἀν-

307 1088 515 1161 θρώπου
540 1091 645 1160 μὲν
668 1091 907 1156 οὐδενὸς,
930 1090 1051 1145 οὔτε
1080 1091 1377 1144 ἀποστόλου
1398 1090 1523 1144 οὔτε
1544 1088 1887 1150 διδασκάλου,

312 1174 541 1244 συνεχῶς
576 1175 639 1229 δὲ
669 1175 841 1229 αὐτοῦ
873 1175 966 1228 τοῦ
1001 1175 1336 1247 ποθουμένου
1377 1177 1668 1248 μέμνηται,
1720 1174 1890 1229 καθά-

308 1276 404 1330 περ
422 1258 534 1311 ἀπὸ
567 1258 747 1329 μέθης
769 1260 916 1322 τινὸς
944 1260 1069 1323 τοὺς
1096 1259 1551 1331 καρηϐαροῦντας
1576 1260 1891 1327 ἀνενεγκεῖν

311 1342 767 1414 παρασκευάζων.
785 1343 1034 1412 Οὐδαμοῦ
1046 1342 1152 1414 γὰρ
1178 1345 1235 1396 ἐν
1260 1342 1726 1415 ἐτέρᾳἙπιστολῇ
1748 1339 1892 1394 οὕτω

313 1426 546 1497 συνεχῶς
603 1430 784 1480 κεῖται
845 1426 905 1479 τὸ
959 1426 1126 1498 ὄνομα
1158 1426 1275 1490 ,τοῦ
1326 1426 1601 1498 Χριστοῦ·
1658 1425 1892 1479 ἐνταῦθα

310 1512 494 1582 μέντοι
536 1515 597 1565 ἐν
639 1512 842 1581 ὀλίγοις
889 1513 1090 1582 στίχοις
1122 1510 1404 1577 πολλάκις,
1438 1512 1534 1564 καὶ
1569 1510 1658 1563 διά
1702 1507 1890 1563 τούτου

309 1595 494 1665 σχεδὸν
521 1596 585 1648 τὸ
617 1598 729 1650 πᾶν
766 1595 982 1664 ὑφαίνει
1010 1595 1313 1665 προοίμιον.
1344 1594 1544 1648 Σκόπει
1572 1591 1628 1645 δὲ
1661 1591 1887 1646 ἄνωθενο

309 1679 572 1746 Παῦλος.
647 1681 875 1747 κλητὸς
936 1678 1278 1745 ἀπόστολος
1345 1677 1548 1746 Ἰησοῦ
1609 1673 1887 1744 Χριστοῦ.

305 1760 708 1831 ἡγιασμένοις
747 1761 818 1815 ὲν
859 1759 1091 1828 Χριστῷ
1134 1759 1363 1829 Ἰησοῦ,
1401 1760 1525 1825 τοῖς
1565 1759 1890 1813 ἐπικαλου-

306 1845 514 1915 μένοις
550 1845 619 1899 τὸ
650 1845 839 1914 ὄνομα
874 1845 979 1899 τοῦ
1028 1845 1250 1914 Κυρίου
1293 1843 1463 1914 ἡμῶν
1504 1842 1710 1910 Ἰησοῦ
1755 1843 1890 1909 Χρι-

310 1927 463 1981 στοῦ
486 1942 502 1954 ’
544 1926 723 1997 χάρις
764 1927 907 1996 ὑμῖν
937 1926 1034 1980 καὶ
1064 1927 1273 1997 εἰρήνη
1321 1927 1441 1982 ἀπὸ
1486 1926 1633 1981 Θεοῦ
1663 1923 1894 1992 Πατρός

310 2011 407 2066 καὶ
436 2013 667 2079 Κυρίου
708 2010 913 2079 Ἰησοῦ
940 2011 1219 2079 Χριστοῦ.
1258 2010 1607 2079 Εὑχαριστῶ
1641 2010 1720 2076 τῷ
1771 2006 1893 2073 Θεῷ

312 2114 422 2165 μου
450 2096 557 2148 ἐπὶ
610 2095 687 2164 τῇ
738 2094 932 2165 χάριτι
981 2094 1055 2163 τῇ
1083 2096 1327 2167 δοθείσῃ
1374 2096 1517 2165 ὑμῖν
1553 2097 1621 2149 ἐν
1662 2092 1892 2163 Χριστῷ

331 2181 567 2249 Ἰησοῦν
629 2180 824 2247 καθὼς
872 2180 939 2234 τὸ
966 2179 1080 2253 [11]
1117 2182 1442 2251 μαρτύριον
1482 2180 1589 2235 τοῦ
1634 2177 1891 2248 Χριστοῦ

320 2264 634 2331 ἐϐεϐαιώθη
670 2265 740 2318 ἐν
769 2264 943 2333 ὑμῖν*
972 2263 1493 2332 ἀπεκδεχομένους
1519 2262 1634 2330 τὴν
1665 2258 1894 2317 ἀποκά-

315 2353 510 2418 λυψιν
538 2348 651 2402 τοῦ
681 2350 903 2415 Κυρίου
937 2347 1102 2418 ἡμῶν
1142 2346 1337 2417 Ἰησοῦ
1369 2347 1626 2414 Χριστοῦ
1647 2362 1662 2378 ·
1700 2345 1768 2412 ὃς
1796 2343 1895 2397 καὶ

311 2432 634 2497 βεϐαιώσει
684 2429 842 2499 ὑμᾶς
887 2431 1296 2500 ἀνεγκλήτους
1342 2431 1412 2485 ἐν
1447 2428 1521 2497 τῇ
1559 2428 1748 2499 ἡμέρᾳ
1787 2426 1896 2480 τοῦ

315 2519 538 2586 Κιριόυ
571 2514 740 2585 ιὐιῶν
780 2515 975 2583 Ἰησοῦ
1002 2515 1277 2583 Χριστοῦ.
1312 2514 1533 2581 Πιστὸς
1569 2517 1599 2568 ὀ
1630 2511 1794 2577 Θεὸς,
1821 2510 1894 2563 δι’

310 2597 384 2656 οὗ
416 2600 721 2667 ἐκλήθητε
744 2602 830 2665 εὶς
851 2598 1169 2653 κοινωνίαν
1188 2597 1295 2651 τοῦ
1319 2597 1455 2651 Υἱοῦ
1478 2595 1665 2651 αὑτοῦ
1701 2594 1896 2661 Ἰησοῦ

311 2683 574 2750 Χριστοῦ
618 2681 725 2736 τοῦ
769 2681 990 2749 Κυρίου
1042 2680 1242 2750 ἡμῶν·
1277 2678 1605 2749 παρακαλῶ
1630 2678 1699 2731 δὲ
1744 2677 1899 2747 ὑμᾶς

308 2766 410 2820 διὰ
441 2767 550 2819 τοῦ
581 2766 868 2835 ὀνόματος
910 2764 1016 2818 τοῦ
1066 2765 1285 2831 Κυρίου
1315 2762 1486 2833 ἡμῶν
1530 2762 1735 2839 Ἰησοῦ
1770 2764 1901 2831 Χρι-

310 2849 486 2904 στοῦ.
549 2851 714 2921 Ὁρᾷς
742 2849 840 2919 τὴν
890 2847 1172 2918 συνέχειαν
1212 2846 1303 2901 τοῦ
1349 2848 1610 2918 ὀνόματος
1642 2845 1737 2899 τοῦ
1764 2846 1899 2916 Χρι-

320 2935 475 3001 στοῦ;
512 2935 680 2986 Ὅθεν
718 2932 875 3003 δῆλον
905 2933 1000 2985 καὶ
1025 2934 1132 2995 τοῖς
1170 2930 1374 3002 σφόδρα
1394 2932 1658 3003 ἀνοήτοις,
1689 2931 1770 2983 ὃτι
1800 2930 1900 2983 ούκ

328 3020 434 3087 εἱκῆ
460 3017 590 3070 οὐδὲ
624 3015 813 3078 ἀπλῶς
840 3014 1000 3068 τοῦτο
1022 3017 1180 3076 ποιεῖ,
1208 3014 1344 3069 άλλά
1374 3017 1440 3086 τῇ
1474 3013 1770 3085 πυκνότητι
1801 3013 1900 3082 τῆς

326 3102 486 3172 καλῆς
548 3100 761 3169 ταύτης
818 3098 1184 3170 προσηγορίας
1235 3100 1335 3168 τὴν
1383 3097 1691 3169 φλεγμονὴν
1723 3096 1901 3150 αὐτῶν

321 3185 637 3250 άπαντλῶν,
665 3184 758 3237 καὶ
784 3184 884 3253 τὴν
907 3182 1173 3253 σηπεδόνα
1200 3181 1294 3235 τοῦ
1317 3182 1621 3253 νοσήματος
1645 3179 1901 3234 ἐκκαθαί-

321 3289 445 3340 ρων.
502 3270 732 3334 Πιστός
767 3269 799 3322 ὁ
832 3267 997 3333 Θεὸς,
1042 3267 1116 3320 δι’
1153 3262 1225 3322 οὗ
1255 3266 1551 3333 ἐκλήθητε
1578 3268 1665 3333 εὶς
1692 3283 1901 3320 κοινω-

319 3356 456 3407 νίαν
484 3353 594 3407 τοῦ
621 3352 756 3406 Υίοῦ
787 3351 994 3405 αὑτοῦ.
1027 3349 1222 3414 Βαϐαὶ,
1258 3350 1423 3403 πόσον
1453 3347 1687 3404 ἐνταῦθα
1719 3345 1897 3405 εἷπενῙ

321 3440 486 3493 πόσον
538 3436 772 3507 μέγεθος
803 3434 1013 3506 δωρεᾶς
1043 3432 1333 3505 ὲνέφηνενί
1367 3434 1461 3498 Εἰς
1497 3435 1781 3487 κοινωνίαν
1806 3433 1900 3487 τοῦ

322 3522 665 3591 Μονογενοῦς
692 3518 979 3590 ἐκλήθητε,
1015 3518 1110 3572 καὶ
1138 3517 1443 3590 ἀνθρώποις
1482 3518 1704 3581 ἑαυτοὺς
1737 3535 1905 3588 προσ-

320 3608 559 3676 νέμετε;
594 3605 649 3657 τί
687 3602 890 3673 ταύτης
921 3603 1021 3671 τῆς
1054 3601 1366 3671 ἀθλιότητος
1389 3604 1608 3673 χεῖρον;
1646 3602 1758 3655 Kal
1788 3601 1906 3665 πῶς

325 3688 627 3758 ἑκλήθητες
681 3687 782 3740 Διά
821 3686 912 3739 τοῦ
939 3686 1174 3756 Πατρός.
1228 3685 1445 3756 Ἐπειδὴ
1495 3685 1605 3756 γάρ
1642 3684 1709 3737 δι’
1740 3683 1903 3737 αὑτοῦ

324 3775 419 3827 καὶ
452 3776 513 3825 ἐν
549 3772 698 3841 αὐτῷ
748 3769 984 3842 συνεχῶς
1019 3769 1171 3839 ἔλεγε
1208 3770 1337 3841 περὶ
1366 3769 1460 3822 τοῦ
1498 3769 1651 3835 Υἰοῦ,
1694 3771 1782 3823 ἵνα
1831 3770 1904 3841 μὴ

325 3856 648 3925 νομίσωσιν,
674 3856 757 3908 ὅτι
792 3854 865 3918 ὡς
910 3853 1191 3916 ἐλάττονος
1235 3852 1398 3907 αὐτοῦ
1441 3853 1582 3908 οὕτω
1614 3855 1902 3924 μέμνηται,

326 3938 689 4010 προσένειμεν
723 3939 853 3992 αὐτὸ
892 3936 969 4008 τῷ
1017 3936 1210 4007 Πατρί.
1248 3938 1322 3990 Ού
1354 3940 1459 4008 γὰρ
1496 3937 1584 3990 διά
1631 3938 1783 3989 τοῦδε
1814 3936 1908 3989 καὶ

326 4024 516 4087 τοῦδε,
547 4023 731 4092 φησιν,
761 4020 899 4076 ἀλλά
924 4021 1012 4073 διὰ
1040 4020 1134 4072 τοῦ
1166 4020 1378 4091 Πατρὸς
1408 4020 1695 4092 ἐκλήθητε,
1719 4021 1787 4074 δι’
1806 4021 1907 4074 αύ-

330 4108 420 4162 τοῦ
468 4107 567 4160 καὶ
608 4104 1020 4174 ἐπλουτίσθητε.
1058 4103 1225 4157 Πάλιν
1258 4102 1544 4176 ἐκλήθητε,
1601 4103 1701 4160 οὐκ
1753 4104 1908 4159 αὐτοὶ

332 4189 689 4261 προσήλθετε.
735 4188 799 4240 Τί
841 4185 896 4240 δέ
930 4189 1097 4253 ἐστιν,
1125 4188 1231 4254 Εὶς
1267 4180 1584 4243 κοινωνίαν
1623 4189 1728 4243 τοῦ
1772 4188 1907 4243 Υὶοῦ

332 4274 551 4351 αὐτοῦς
581 4274 846 4326 ’Ἄκουσον
876 4271 1040 4325 αὑτοῦ
1070 4270 1227 4325 τοῦτο
1255 4272 1386 4326 αὐτὸ
1424 4273 1758 4345 σαφέστερον
1795 4273 1909 4325 ἐτέ-

335 4360 463 4429 ρωθι
490 4359 762 4428 λέγοντος·
784 4360 852 4412 El
877 4357 1275 4427 ὑπομένομεν,
1299 4356 1399 4411 καὶ
1424 4359 1910 4428 συμϐασιλεύσοο

326 4461 467 4513 μεν*
497 4446 555 4498 εὶ
579 4441 1193 4512 συναποθνήσκομεν,
1236 4442 1333 4495 καὶ
1363 4441 1730 4512 συζῆσομεγ.
1754 4438 1905 4504 Εἶτα,

331 4526 522 4597 ἐπειδὴ
572 4526 720 4597 μέγα
749 4525 959 4598 εἴρηκε,
1000 4524 1305 4597 προσέθηκε
1346 4526 1442 4578 καὶ
1473 4525 1730 4595 λογισμὸν
1771 4525 1909 4596 πλη-

336 4609 595 4679 ροφορίαν
638 4610 828 4679 ἔχοντα
856 4608 1273 4681 ἀναντίρρητον·
1305 4607 1527 4675 Πιστὸς
1552 4609 1682 4680 γάρ,
1722 4611 1906 4681 φησὶν,

332 4697 363 4747 ό
394 4695 574 4759 Θεός·
608 4693 880 4747 τουτέστιν
933 4691 1159 4764 ἀληθής.
1191 4692 1254 4745 El
1310 4691 1367 4744 δὲ
1405 4690 1630 4764 ἀληθὴς,
1665 4692 1701 4748 ὃ,
1734 4696 1908 4764 eum-

335 4778 553 4847 γείλατο
580 4778 674 4831 καὶ
701 4779 945 4848 ποιήσει·
976 4775 1342 4848 ἐπηγγείλατο
1369 4775 1425 4828 δὲ
1452 4776 1737 4840 κοινωνοὺς
1764 4779 1910 4848 ήμᾶς

332 4865 584 4935 ποιήσειν
630 4860 724 4914 τοῦ
775 4859 1092 4931 μονογενοῦς
1125 4859 1291 4913 Υἰοῦο
1342 4861 1435 4914 ἐπὶ
1482 4859 1640 4914 τοῦτο
1678 4862 1787 4930 γάρ
1819 4862 1912 4914 καὶ

332 4948 628 5001 ἐκάλεσεν·
672 4943 1058 5014 ἀμεταμέλητα
1098 4942 1206 5015 γὰρ
1248 4942 1318 4996 τά
1370 4945 1687 5016 χαρίσματα
1722 4944 1911 5008 αὑτοῦ,

332 5035 424 5087 καὶ
452 5035 489 5103 ἡ
538 5031 732 5100 κλῆσις
761 5029 853 5082 τοῦ
903 5027 1059 5082 Θεοῦ.
1102 5025 1288 5081 Ταῦτα
1313 5027 1369 5081 δὲ
1410 5031 1792 5099 προοικονομεῖ
1817 5028 1912 5081 νῦν

330 5121 390 5170 ἐν
420 5116 505 5187 τῷ
548 5115 713 5185 λόγῳ,
754 5112 893 5167 ὥστε
938 5112 1012 5184 μὴ
1049 5113 1185 5183 μετά
1211 5114 1272 5166 τὸ
1305 5113 1532 5185 σφοδρὸν
1576 5112 1687 5166 τῶν
1715 5113 1921 5184 ἐγκληέ

335 5203 531 5269 μάτων
557 5201 641 5261 εἰς
676 5198 982 5265 ἀπόγνωσιν
1011 5198 1209 5261 αὐτοὺς
1236 5199 1514 5269 ἐμπεσεῖν.
1549 5198 1774 5260 Πάντως
1803 5199 1913 5270 γάρ

333 5289 399 5341 τὰ
430 5284 592 5355 παρά
621 5282 712 5335 τοῦ
751 5280 888 5335 Θεοῦ
916 5282 1124 5351 ἕψεται,
1164 5280 1231 5335 ἂν
1269 5283 1343 5354 μὴ
1380 5283 1585 5353 σφόδρα
1625 5285 1784 5353 ήμεῖς
1808 5286 1914 5354 ἀφ-

334 5372 678 5440 ηνιάσωμενν
745 5368 996 5438 καθάπερ
1053 5368 1104 5421 οἱ
1151 5368 1392 5422 Ἰουδαῖοι
1446 5367 1770 5439 καλούμενοι
1813 5370 1914 5423 οὐκ

333 5453 529 5525 {eam
551 5448 807 5517 δέξασθαι
832 5449 903 5503 τά
934 5450 1134 5519 ἀγαθά.

398 5559 575 5614 Τοῦτο
600 5559 656 5612 δέ
676 5559 859 5613 οὐκέτι
885 5556 980 5613 τοῦ
1001 5556 1289 5620 καλοῦντος
1306 5553 1394 5629 ἦν,
1416 5558 1551 5614 ἀλλά
1573 5559 1671 5630 τῆς
1691 5557 1913 5612 ἐκείνων

334 5644 746 5714 ἀγνωμοσύνης.
772 5642 945 5704 Αὐτὸς
974 5643 1071 5711 μὲν
1091 5641 1199 5713 γάρ
1220 5642 1469 5698 ἐϐούλετο
1488 5643 1690 5705 δοῦναι,
1716 5645 1913 5697 ἐκεῖνοι

330 5731 408 5796 ζὲ,
426 5730 504 5802 μὴ
525 5729 845 5802 θελήσαντες
861 5727 1065 5791 λαϐεῖν,
1088 5728 1313 5791 ἐαυτοὺς
1329 5728 1601 5794 ἐξέϐαλον.
1615 5729 1677 5781 El
1696 5731 1793 5798 μὲν
1805 5729 1913 5798 γάρ

332 5819 414 5878 εἰς
440 5814 693 5868 ἐπίπονον
718 5814 814 5866 καὶ
842 5811 1138 5882 ὲπίμοχθον
1159 5813 1342 5866 ἐκάλει
1370 5814 1625 5883 πρᾶγμα,
1654 5812 1754 5865 οὐκ
1772 5807 1913 5883 ἦσαν

336 5901 434 5967 μὲν
464 5898 582 5951 οὐδὲ
601 5897 745 5952 οὕτω
773 5896 1108 5966 συγγνώμης
1129 5896 1267 5962 ἄξιοι
1298 5897 1742 5968 παραιτούμενοι,
1772 5895 1911 5965 πλὴν

330 5985 442 6045 ἀλλ’
477 5979 615 6054 εἶχον
649 5983 782 6037 αὐτὸ
805 5980 966 6035 τοῦτο
984 5981 1160 6051 λέγειν
1180 5997 1193 6012 °
1223 5983 1282 6036 Εἰ
1303 5983 1359 6036 δέ
1392 5983 1485 6037 ἐπὶ
1506 5981 1789 6054 καθαρμὸν
1817 5979 1908 6033 καὶ
1956 6053 1972 6070 Ἰ

1986 420 2334 496 δικαιοσύνην
2360 424 2454 479 καὶ
2481 426 2756 497 ἀγιασμὸν
2782 430 2875 480 καὶ
2895 425 3271 499 ἀπολύτρωσιν
3293 429 3384 481 καὶ
3403 430 3564 502 χάριν

1988 507 2126 560 καὶι
2180 508 2408 580 δωρεὰν,
2463 511 2557 564 καὶ
2599 509 2667 564 τά
2719 510 3214 581 παρεσκευασμένα
3262 511 3465 579 ἀγαθὰ,
3529 514 3567 567 ἀ

1989 589 2267 663 ὀφθαλμὸς
2312 594 2412 646 οὐκ
2445 588 2574 653 εἶδε,
2623 595 2716 648 καὶ
2742 591 2834 657 οὖς
2862 597 2962 649 οὐκ
2990 596 3210 666 ἤκουσε,
3260 596 3354 649 καὶ
3382 596 3514 661 Θεὸς
3537 598 3568 650 6

1989 674 2194 732 καλῶν.
2228 677 2321 729 καὶ
2352 677 2417 730 δι’
2442 678 2636 730 ἐαυτοῦ
2664 677 2865 740 καλῶν,
2898 679 3056 741 ποίας
3090 678 3156 732 ἂν
3188 674 3296 732 εἷεν
3318 679 3566 748 συγγνώ-

1992 774 2098 827 μης
2123 758 2261 823 ἄξιοι
2295 761 2344 813 οἱ
2380 761 2453 830 μὴ
2488 762 2947 833 προστρέχοντεςς
2982 762 3073 832 Μὴ
3102 763 3283 817 τοίνυν
3310 764 3401 817 τὸν
3434 763 3569 817 Θεὸν

1989 840 2258 895 αἰτιάσθω
2294 861 2398 906 τις.
2433 845 2507 897 Οὐ
2539 844 2649 915 γάρ
2677 845 2827 916 παρά
2854 845 2945 898 τὸν
2974 844 3239 900 καλοῦντα
3268 847 3476 915 γίνεται
3509 846 3570 899 τὸ

1992 923 2067 993 μὴ
2106 925 2414 989 πιστεῦσαι,
2448 928 2583 982 ἀλλά
2611 929 2761 999 παρά
2803 929 2933 991 τοὺς
2973 928 3389 999 ἀποπηδῶντας.
3430 928 3569 982 Ἀλλ’

1990 1006 2118 1069 ἔδει,
2145 1009 2297 1078 φησὶ,
2336 1011 2430 1063 καὶ
2467 1010 2701 1072 ἄκοντας
2740 1013 3046 1078 ἐναγαγεῖν.
3080 1013 3329 1079 Ἀπαγεο
3367 1012 3429 1065 οὐ
3460 1011 3571 1082 γάρ

1992 1090 2239 1160 βιάζεται
2284 1094 2406 1147 οὐδὲ
2458 1094 2775 1165 ἀναγκάζει.
2837 1097 2933 1160 Τίς
2991 1097 3100 1164 γάρ
3146 1097 3238 1148 ἐπὶ
3265 1095 3431 1166 τιμὰς
3477 1096 3571 1149 καὶ

1992 1177 2290 1245 στεφάνους
2315 1178 2410 1231 καὶ
2444 1179 2677 1249 εὐωχίας
2702 1179 2796 1233 καὶ
2821 1180 3156 1250 πανηγύρεις
3182 1179 3382 1245 καλῶν,
3411 1180 3571 1233 ἄκον-

1990 1278 2090 1325 τας
2130 1262 2226 1314 καὶ
2254 1262 2572 1332 δεδεμένους
2619 1265 2797 1331 ἐλκει;
2834 1266 2947 1318 Οὐκ
2978 1266 3124 1318 ἐστιν
3161 1264 3363 1328 οὐδείς·
3412 1263 3573 1316 τοῦτο

1990 1345 2103 1417 γάρ
2137 1346 2447 1416 ὑϐρίζοντάς
2493 1350 2662 1403 ἐστιν.
2703 1351 2797 1413 Et;
2830 1349 3055 1417 γέενναν
3083 1348 3314 1410 ἄκοντας
3343 1347 3569 1417 πέμπει,

1992 1431 2073 1493 εις
2093 1428 2149 1482 δὲ
2179 1429 2293 1502 [12]
2330 1429 2608 1501 βασιλείαν
2638 1433 2864 1496 ἑκόντας
2896 1431 3081 1485 καλεῖ·
3107 1431 3187 1494 εἰς
3210 1430 3271 1482 τὸ
3300 1428 3409 1500 πῦρ
3429 1428 3572 1481 δεδεο

1995 1513 2189 1583 μένους
2226 1513 2349 1581 ἄγει
2384 1516 2477 1568 καὶ
2499 1515 2853 1587 οἰμώζοντας,
2890 1519 2968 1579 εἰς
3000 1515 3058 1568 δὲ
3085 1515 3152 1567 τά
3190 1514 3357 1585 μυρία
3391 1511 3574 1582 ἀγαθά

1990 1596 2089 1667 οὐχ
2120 1595 2323 1661 οὕτως’
2355 1599 2477 1652 ἐπεὶ
2504 1598 2661 1655 τοῦτο
2686 1602 2778 1654 καὶ
2807 1601 2946 1654 αύτά
2968 1598 3240 1653 διαϐάλλει
3270 1598 3341 1653 τά
3369 1595 3572 1665 ἀγαθά,

1994 1680 2045 1732 εἰ
2072 1680 2146 1751 μὴ
2188 1682 2412 1752 τοιαύτη
2445 1683 2625 1737 αὐτῶν
2656 1685 2803 1737 ἐστιν
2840 1685 2872 1753 ή
2900 1682 3081 1753 φύσις.
3118 1681 3193 1746 ὡς
3226 1681 3320 1735 καὶ
3352 1680 3576 1743 ἑκόντας

1997 1763 2384 1834 προσδραμεῖν,
2419 1767 2513 1819 καὶ
2541 1767 2701 1839 χάριν
2726 1767 2933 1829 εἰδότας
2962 1765 3184 1837 πολλήν.

2064 1852 2133 1914 γ’.
2156 1847 2263 1901 Kal
2286 1847 2449 1902 πόθεν
2468 1850 2528 1903 ού
2542 1853 2742 1914 πάντες
2758 1850 2897 1903 αύτά
2913 1848 3214 1922 αἱροῦνται,
3235 1846 3397 1918 φησίς
3416 1843 3576 1917 Παρά

1995 1927 2092 1999 τὴν
2134 1930 2343 1984 οἰκείαν
2374 1932 2676 1987 ἀσθένειαν.
2724 1934 2833 1987 Kal
2863 1933 3004 1996 τίνος
3050 1933 3236 1985 ἕνεκεν
3271 1929 3450 1983 αὐτῶν
3476 1930 3576 1982 οὐκ

1996 2014 2254 2068 ἐκκόπτει
2285 2016 2383 2086 τὴν
2407 2017 2729 2084 ἀσθένειαν;
2757 2017 2867 2072 Kal
2895 2018 3033 2081 πῶς,
3063 2016 3184 2069 εἰπέ
3211 2032 3321 2086 μοι,
3348 2016 3443 2068 καὶ
3470 2013 3578 2068 τίνι

1996 2098 2183 2170 τρόπῳ
2221 2101 2452 2170 ἐκκόψαι
2501 2103 2703 2173 ἐχρῆνς
2738 2101 2861 2172 ούχὶ
2889 2101 3067 2154 κτίσιν
3110 2099 3405 2170 εἰργάσατο
3433 2097 3578 2151 διδά-

1998 2198 2237 2238 σκουσαν
2265 2184 2429 2238 αὑτοῦ
2471 2186 2569 2257 τὴν
2606 2185 3014 2256 φιλανθρωπίαν
3045 2184 3140 2237 καὶ
3168 2184 3268 2253 τὴν
3311 2182 3575 2252 δύναμινς

2000 2268 2065 2320 Ol
2116 2269 2359 2335 οὐρανοὶ
2415 2269 2544 2340 γάρ,
2584 2271 2739 2339 φησι,
2783 2268 3129 2339 διηγοῦνται
3173 2266 3363 2331 δόξαν
3404 2264 3575 2320 Θεοῦ.

1998 2348 2132 2420 Οὐχὶ
2159 2350 2255 2404 καὶ
2292 2353 2579 2422 προφήτας
2612 2353 2877 2422 επεμψενς
2927 2352 3048 2421 οὐχὶ
3091 2351 3187 2405 καὶ
3224 2350 3450 2403 ἐκάλεσε
3485 2350 3578 2403 καὶ

1996 2435 2290 2505 ἐτίμησεν;
2329 2436 2449 2507 οὐχὶ
2484 2436 3038 2509 ἐθαυματούργησεν;
3077 2438 3138 2490 οὐ
3193 2436 3357 2505 νόμον
3409 2434 3578 2487 ἐδωκε

1997 2519 2095 2571 καὶ
2129 2520 2373 2589 γραπτὸν
2405 2522 2499 2574 καὶ
2543 2521 2805 2590 φυσικόν;
2835 2522 2896 2573 ού
2928 2521 3020 2573 τὸν
3050 2520 3177 2572 Υἱὸν
3223 2517 3577 2578 ἀπέστειλεν;

1997 2604 2098 2657 οὐκ
2125 2604 2456 2669 ἀποστόλους
2487 2605 2764 2675 ἔπεμψενς
2796 2606 2856 2658 οὺ
2910 2606 3113 2675 σημεῖα
3155 2604 3481 2673 εἰργάσατο;
3517 2601 3578 2653 οὐ

1998 2688 2222 2756 γέενναν
2270 2690 2599 2760 ήπείλησεν;
2652 2690 2713 2742 ού
2765 2688 3042 2759 βασιλείαν
3066 2687 3466 2759 ἐπηγγείλατος
3518 2686 3578 2739 οὺ

1999 2772 2120 2825 καθ’
2174 2772 2411 2844 ἑκάστην
2451 2774 2667 2845 ἡμέραν
2706 2773 2987 2826 ἀνατέλλει
3047 2771 3138 2826 τὸν
3180 2772 3329 2842 ἥλιον
3377 2769 3579 2834 αὑτοῦ;

1999 2858 2118 2926 οὐχὶ
2170 2856 2313 2927 ἆπερ
2361 2856 2648 2921 ἐπέταξεν,
2702 2856 2874 2920 οὕτως
2912 2855 3112 2910 εὔκολα
3163 2860 3256 2908 καὶ
3299 2854 3475 2927 ῥᾴδια,
3506 2853 3581 2914 ὡς

2001 2941 2230 3003 πολλοὺς
2258 2940 2607 3010 ὑπερϐαίνειν
2637 2940 2801 2993 αὑτοῦ
2833 2942 2900 2993 τά
2929 2940 3331 3012 προστάγματα
3380 2942 3445 3009 τῇ
3484 2954 3582 2990 πε-

2005 3026 2217 3097 ριουσίᾳ
2248 3026 2346 3096 τῆς
2376 3024 2725 3095 φιλοσοφίας;
2763 3028 2823 3079 Τί
2853 3025 2974 3078 ἔδει
3014 3023 3266 3092 ποιῆσαι
3290 3022 3372 3089 τῷ
3395 3025 3583 3092 ἀμπε-

1999 3109 2170 3171 λῶνι,
2212 3110 2313 3163 καὶ
2366 3111 2477 3163 οὐκ
2523 3109 2820 3175 (laniﬁca;
2847 3109 2959 3161 Kal
3003 3105 3093 3160 διὰ
3127 3107 3179 3160 τί
3216 3108 3289 3178 μὴ
3329 3107 3584 3176 ἐποίησεν

2000 3197 2133 3265 ήμῖν
2154 3194 2389 3266 φυσικὴν
2413 3195 2513 3264 τὴν
2535 3194 2753 3262 γνῶσιν,
2789 3194 2941 3262 φησι,
2971 3193 3065 3245 καὶ
3088 3192 3189 3259 τὴν
3223 3192 3460 3262 ἀρετήν;
3489 3190 3583 3253 Τίς

2002 3278 2179 3332 ταῦτά
2214 3294 2415 3347 φησιν;
2449 3280 2477 3331 6
2502 3278 2702 3348 Ἕλλην
2731 3278 2764 3348 ἦ
2795 3280 2824 3330 ὁ
2854 3275 3207 3347 Χριστιανός;
3260 3275 3582 3344 Ἀμφότεροι

2008 3363 2128 3433 μὲν,
2160 3362 2275 3416 ἀλλ’
2302 3362 2400 3433 οὐχ
2437 3362 2579 3432 ὑπὲρ
2602 3361 2711 3414 τῶν
2738 3360 2917 3413 αὐτῶν
2937 3376 2949 3387 ·
2982 3358 3096 3413 ἀλλ’
3131 3361 3159 3412 6
3194 3357 3292 3429 μὲν
3323 3357 3463 3427 ὑπὲρ
3485 3356 3583 3426 τῆς

2004 3446 2278 3515 γνώσεως,
2328 3447 2356 3498 6
2405 3445 2463 3499 δὲ
2498 3446 2638 3516 ὑπὲρ
2687 3443 2782 3497 τοῦ
2848 3443 2962 3512 βίου
3020 3443 3334 3512 φιλονεικεῖ.
3378 3439 3586 3494 Οὐκοῦν

2006 3530 2224 3601 πρῶτον
2284 3528 2420 3600 πρὸς
2465 3529 2557 3581 τὸν
2607 3528 2874 3599 ἡμέτερον
2923 3525 3189 3597 ἐροῦμεν·
3233 3526 3294 3577 οὐ
3328 3523 3589 3601 τοσοῦτον

2005 3598 2115 3686 γάρ
2142 3613 2231 3684 μοί
2255 3598 2402 3667 ἐστιν
2421 3612 2531 3664 τῶν
2552 3611 2656 3676 ἔξω
2676 3598 2856 3678 λόγος,
2880 3610 3004 3663 ὅσον
3026 3609 3134 3662 τῶν
3150 3608 3366 3661 οἰκείων
3389 3598 3587 3677 μελῶν.

2006 3700 2072 3751 Τί
2116 3693 2211 3752 οὖν
2253 3714 2419 3769 φησιν
2456 3698 2484 3749 6
2516 3695 2876 3767 Χριστιανός;
2910 3694 3090 3766 Αὐτὴν
3122 3693 3230 3746 ἔδει
3257 3693 3354 3763 τὴν
3387 3690 3591 3760 γνῶσιν

2007 3784 2135 3854 ἡμῖν
2166 3780 2399 3835 ἐνθεῖναι
2427 3780 2526 3850 τῆς
2555 3780 2776 3849 ἀρετῆς.
2825 3778 3080 3848 Ἑνέθηκε
3111 3778 3208 3849 μὲν
3240 3771 3364 3830 οὖν·
3402 3777 3449 3827 εἰ
3479 3774 3591 3845 γάρ

2006 3868 2085 3938 μὴ
2128 3866 2385 3937 ἐνέθηκε,
2420 3864 2583 3918 πόθεν
2619 3864 2840 3934 ᾔδειμεν
2887 3862 2956 3914 τὰ
2990 3862 3239 3933 πρακτέα
3286 3861 3382 3914 καὶ
3409 3859 3477 3913 τά
3514 3859 3590 3931 μὴ

2008 3951 2289 4022 πρακτέα;
2324 3948 2488 4001 πόθεν
2530 3949 2579 4000 οἱ
2629 3948 2786 4016 νόμοι
2821 3946 2916 3999 καὶ
2944 3947 3012 3998 τὰ
3039 3944 3394 4015 δικαστήριας
3450 3939 3590 3995 Ἀλλ’

2006 4035 2068 4087 οὐ
2115 4035 2214 4104 τὴν
2269 4032 2491 4101 γνῶσιν,
2542 4030 2679 4085 ἀλλά
2709 4030 2810 4100 τὴν
2853 4028 3050 4099 πρᾶξιν
3082 4029 3275 4098 αὐτήν.
3310 4026 3419 4079 Kal
3448 4026 3591 4089 τίνος

2008 4117 2232 4187 ἔμελλες
2281 4115 2578 4187 λαμϐάνειν
2625 4113 2718 4166 τὸν
2774 4112 2983 4183 μισθὸν,
3026 4114 3075 4164 εἰ
3120 4111 3181 4164 τὸ
3214 4111 3323 4165 πᾶν
3367 4109 3591 4178 ἔμελλεν

2011 4200 2227 4256 ἔσεσθαι
2254 4198 2346 4253 τοῦ
2370 4198 2506 4253 Θεοῦ
2530 4215 2546 4264 ;
2576 4198 2710 4250 Εἰπὲ
2734 4196 2842 4266 γάρ
2869 4214 2978 4266 μοι,
3013 4196 3072 4248 σὲ
3105 4194 3198 4248 καὶ
3226 4194 3318 4247 τὸν
3353 4191 3592 4263 Ἕλληνα

2012 4287 2422 4357 ἁμαρτάνοντας
2472 4283 2671 4353 ὁμοίως
2710 4284 2748 4336 ό
2791 4282 2920 4345 Θεὸς
2972 4280 3224 4345 κολάζει;
3282 4277 3585 4349 Οὐδαμῶς·

2010 4369 2154 4441 ἔχεις
2179 4370 2288 4440 γάρ
2315 4369 2453 4431 τέως
2481 4368 2579 4437 τὴν
2610 4366 2717 4419 ἀπὸ
2742 4367 2841 4429 τῆς
2867 4362 3119 4432 γνώσεως
3151 4361 3484 4433 παρρησίαν.
3523 4359 3590 4413 Τί

2011 4452 2122 4519 οὖν,
2154 4454 2206 4506 εῐ
2227 4470 2309 4516 τις
2339 4452 2448 4523 ἄρα
2482 4447 2601 4504 εἷπε
2643 4449 2758 4513 νῦν,
2787 4450 2867 4502 ὅτι
2916 4447 3056 4517 ὑπὲρ
3086 4446 3185 4516 τῆς
3213 4443 3465 4514 γνώσεως
3499 4444 3590 4497 καὶ

2014 4540 2078 4591 σὺ
2109 4538 2204 4590 καὶ
2229 4539 2258 4591 6
2287 4535 2485 4607 Ἕλλην
2513 4533 2620 4586 τῶν
2648 4531 2826 4587 αὐτῶν
2852 4528 3240 4601 ἀξιωθήσεσθε,
3267 4524 3376 4599 ἆρα
3404 4528 3503 4580 οὐκ
3523 4527 3590 4580 ἂν

2013 4621 2407 4693 ἐδυσχέρανας;
2448 4620 2662 4686 Ἔγωγε
2695 4611 2848 4687 οἶμαι
2869 4630 2882 4644 ⁸
2905 4609 3055 4676 εἶπες
3087 4612 3197 4682 γὰρ
3227 4612 3314 4676 ἂν,
3348 4612 3428 4665 ὅτι
3450 4610 3589 4682 ἔχων

2011 4707 2192 4777 εὑρεῖν
2238 4702 2448 4758 οἴκοθεν
2480 4703 2509 4754 6
2536 4700 2735 4769 Ἕλλην
2778 4698 2873 4768 τὴν
2917 4695 3138 4763 γνῶσιν,
3181 4696 3281 4748 οὐκ
3305 4694 3588 4764 ὴθέλησεν.

2016 4791 2113 4843 Ἂν
2144 4785 2236 4842 οῦν
2261 4788 2354 4840 καὶ
2375 4788 2580 4848 ἐκεῖνος
2603 4785 2761 4855 λέγῃ,
2791 4783 2873 4835 ὃτι
2901 4780 3048 4833 Ἔδει
3076 4779 3166 4832 τὸν
3197 4777 3327 4832 Θεὸν
3358 4778 3591 4832 ὲνθεῖνα.

2010 4877 2109 4946 τὴν
2157 4872 2359 4942 γνῶσιν
2403 4872 2533 4940 ἡμῖν
2581 4865 2848 4937 φυσικῶς,
2899 4864 3020 4934 οὐχὶ
3071 4863 3441 4937 καταγελάσῃ,
3497 4865 3593 4916 καὶ

2012 4958 2149 5032 πρὸς
2194 4954 2355 5010 αὑτὸν
2394 4955 2557 5025 ἐρεῖς,
2589 4952 2686 5004 Διά
2720 4951 2772 5004 τί
2822 4948 2929 5020 γάρ
2968 4947 3042 5019 μὴ
3080 4948 3379 5032 ἐζήτησας;
3420 4945 3592 5032 διάᾼτί

2016 5029 2091 5116 μή
2137 5039 2498 5102 ἐσπούδασας,
2553 5034 2804 5104 καθάπερ
2861 5031 3008 5100 ἐγώ;
3063 5032 3157 5116 και
3219 5031 3356 5116 μετὰ
3387 5029 3593 5098 πολλῆς

2015 5114 2189 5199 στήσῃ
2214 5126 2314 5195 τῆς
2336 5121 2670 5195 παρρησίας,
2715 5120 2809 5172 καὶ
2838 5119 3003 5189 ἐρεῖς,
3029 5116 3111 5169 ὅτι
3138 5114 3321 5177 άνοίας
3357 5116 3593 5184 ἐσχάτης

2011 5207 2080 5283 ἦν
2103 5197 2449 5278 γτδὲγκαλεῖν
2481 5204 2559 5275 τῷ
2587 5203 2725 5271 Θεῷ,
2756 5203 2837 5255 ὅτι
2869 5201 2942 5271 μὴ
2966 5202 3031 5270 τῇ
3067 5198 3227 5267 φύσει
3256 5200 3357 5269 τὴν
3388 5197 3593 5266 γνῶσιν

2014 5280 2272 5365 ἐνέθηκες
2314 5290 2496 5344 Ταῦτα
2521 5289 2579 5343 δὲ
2612 5289 2779 5358 ἐρεῖς,
2810 5284 2992 5353 ἐπειδή
3029 5301 3113 5336 σοι
3133 5280 3494 5353 κατώρθωται
3521 5280 3593 5335 τά

2014 5381 2113 5451 τῆς
2152 5364 2432 5447 γνώσεως·
2467 5375 2609 5428 οὕτω
2649 5373 2745 5426 καὶ
2770 5371 2840 5424 τά
2865 5368 2958 5422 τοῦ
2987 5368 3101 5437 βίου
3149 5369 3198 5420 εἰ
3240 5364 3591 5451 κατώρθωτο,

2014 5447 2115 5519 οῦκ
2144 5464 2211 5518 ἂν
2228 5462 2403 5517 ταῦτα
2427 5460 2719 5530 ἐζήτησας,
2741 5454 2855 5509 ἀλλ’
2878 5452 3066 5523 ἐπειδὴ
3093 5452 3431 5521 ἀποκάμνεις
3454 5447 3592 5520 πρὸς

2013 5550 2113 5621 τὴν
2146 5546 2370 5620 ἀρετὴν,
2400 5544 2488 5599 διά
2516 5543 2676 5597 τοῦτο
2714 5543 2840 5604 τοὺς
2885 5539 3146 5609 ἀνοήτους
3199 5535 3420 5621 τούτους
3453 5548 3591 5621 προ·

2014 5616 2430 5705 ϐάλλῃγλόγους.
2472 5627 2598 5691 Πῶς
2644 5627 2703 5681 δὲ
2749 5626 2845 5679 καὶ
2895 5624 3063 5694 ἐχρῆν
3102 5620 3333 5705 ποιῆσαι
3375 5616 3590 5686 ἀνάγκῃ

2012 5703 2260 5786 γίνεσθαι
2291 5714 2488 5777 καλόν;
2525 5710 2735 5766 Οὐκοῦν
2762 5709 2987 5779 ἔμελλεν
3012 5709 3144 5778 ἡμῖν
3183 5704 3252 5758 τά
3290 5703 3458 5772 ἄλογα
3504 5716 3596 5771 φο-

2013 5802 2275 5857 λονεικείν
2303 5798 2405 5869 τῆς
2441 5796 2663 5869 ἀρετῆς,
2696 5794 2793 5849 am
2820 5792 2977 5864 ήμῶν
3015 5787 3130 5863 [15]
3179 5789 3592 5862 σωφρονέστερα

2073 5983 2094 6008 ⁸
2119 5983 2259 6037 Alius
2285 5981 2421 6032 addit
2446 5978 2527 6028 καὶ
2560 5975 2818 6026 υἱοθεσίαν.
