4086 6462
494 339 560 396 1|
1222 359 1230 367 ·
1281 337 1338 393 S.
1371 332 1661 390 JOANNIS
1697 331 2190 389 CHRYSOSTOMI
2230 336 2549 393 ARCHIEP.
2591 333 3142 395 CONSTANI'INOP.
3306 366 3323 381 -
3707 335 3784 390 Η

491 455 610 511 ἔνια
652 454 802 509 ὄντα.
862 452 1001 507 Ἀλλ’
1054 451 1375 523 ἐϐουλόμην,
1429 452 1617 521 φησιν,
1672 447 1814 505 εἶναι
1868 452 2087 526 ἀνάγκη

493 540 679 604 καλὸς,
728 539 825 593 καὶ¹
863 537 1083 591 πάντων
1130 535 1552 603 ἀποστερεῖσθαι
1599 535 1710 588 τῶν
1772 535 2003 607 μισθῶν,
2051 536 2084 605 ἢ

495 624 815 695 προαιρέσει
840 622 1064 691 φαῦλος,
1094 622 1187 675 καὶ
1216 618 1543 684 κολάζεσθαι
1582 620 1676 674 καὶ
1698 620 2083 692 τιμωρεῖσθαι.

507 709 649 762 Ἀλλ’
677 708 778 761 οὐκ
799 706 945 759 ἔστιν
973 706 1186 775 ἀνάγκῃ
1221 704 1351 756 ποτὲ
1378 704 1542 757 καλὸν
1570 699 1731 760 εἶναι.
1765 705 1829 758 Εἰ
1863 705 1964 774 μὲν
1991 700 2087 759 οῦν

496 795 709 863 ἀγνοεις
737 794 799 845 16
839 790 1137 862 πρακτέον,
1166 787 1359 852 δεῖξον,
1403 789 1500 841 καὶ
1530 788 1653 842 τότε
1678 787 1911 861 ἐροῦμεν
1946 790 2086 860 ὅπερ

496 878 674 931 εἰπεῖν
699 877 779 929 δεῖ
799 892 813 906 ο
844 874 971 928 εἰδὲ
1001 869 1147 936 οἶδας
1179 872 1424 942 πονηρὰν
1458 871 1559 944 τὴν
1585 873 1875 943 ἀσέλγειαν
1892 869 2083 937 οὖσαν,

497 960 644 1024 τινος
689 960 875 1013 ἕνεκεν
904 958 966 1011 ού
1017 955 1240 1025 φεύγεις
1282 956 1345 1009 τὸ
1378 955 1648 1027 πονηρόν;
1692 956 1768 1010 Οὐ
1815 956 2086 1027 δύναμαι,

500 1044 683 1114 φησίν.
728 1042 866 1095 Ἀλλ’
887 1041 1063 1112 ἕτεροι
1089 1041 1137 1093 οἱ
1163 1038 1234 1092 τά
1262 1036 1434 1110 μείζω
1471 1040 1918 1110 κατορθώσαντες
1956 1058 2092 1095 κατ-

499 1126 831 1200 ηγορήσουσί
852 1143 968 1186 σου,
998 1125 1093 1179 καὶ
1120 1123 1532 1192 ἐπιστομίσουσί
1563 1141 1624 1178 σε
1667 1125 1734 1179 ἐκ
1767 1125 2089 1197 περιουσίας

499 1210 719 1280 πολλῆς.
755 1209 827 1262 Σὺ
862 1208 961 1280 μὲν
985 1207 1094 1277 γὰρ
1141 1207 1272 1270 ἴσως
1314 1208 1409 1260 καὶ
1437 1206 1578 1277 μετά
1603 1206 1864 1276 γυναικὸς
1913 1207 1990 1261 ὣν
2025 1207 2087 1261 οὐ

500 1297 818 1367 σωφρονεῖς,
855 1293 1015 1358 ἀλλος
1065 1293 1124 1346 δὲ
1171 1293 1268 1345 καὶ
1293 1291 1466 1363 χωρὶς
1515 1292 1779 1361 γυναικὸς
1832 1292 2090 1364 ἀκέραιον

497 1380 743 1450 διατηρεῖ
769 1376 868 1448 τὴν
902 1376 1144 1445 ἁγνείαν.
1176 1374 1310 1428 Τίνα
1336 1370 1429 1429 οῦν
1458 1374 1604 1445 ἐχεις
1631 1374 1933 1444 ἀπολογίαν
1951 1387 2000 1439 ι,
2029 1375 2091 1429 τὸ

504 1463 702 1531 μέτρον
744 1462 805 1515 οὐ
834 1460 1142 1530 φυλάττων,
1178 1459 1367 1529 ἐτέρου
1400 1459 1541 1531 ὑπὲρ
1562 1459 1631 1512 τά
1659 1460 1960 1532 σκάμματα
1982 1475 2091 1530 πη-

498 1546 731 1611 δῶντος;
776 1544 917 1597 Ἀλλ’
942 1544 1043 1597 οὐκ
1072 1543 1189 1614 εἰμὶ
1218 1540 1480 1605 τοιοῦτος,
1521 1542 1678 1612 φησὶ,
1707 1541 1803 1596 τοῦ
1841 1540 2093 1612 σώματος

498 1630 599 1697 τὴν
627 1627 843 1698 φύσινῆ
885 1626 984 1699 τὴν
1024 1625 1367 1697 προαίρεσιν.
1409 1624 1626 1696 Ἐπειδὴ
1660 1624 1734 1695 μὴ
1758 1623 1957 1688 θέλεις,
1990 1624 2092 1678 οὐκ

500 1711 688 1782 ἐπειδὴ
735 1709 820 1781 μὴ.
838 1710 1063 1764 δύνασαι
1082 1726 1095 1740 ·
1128 1709 1349 1780 καὶγὰρ
1376 1708 1627 1777 δείκνυμι
1656 1708 1866 1771 πάντας
1896 1709 2091 1776 ἐπιτη-

499 1793 658 1856 δείως
693 1794 830 1865 πρὸς
858 1792 1059 1864 ἀρετὴν
1092 1791 1336 1863 ἔχοντας.
1391 1792 1457 1846 Ὃ
1497 1794 1609 1861 γάρ
1649 1790 1726 1862 μὴ
1758 1789 1983 1844 δύναταί
2010 1805 2095 1852 τις

499 1878 743 1947 ποιῆσαι,
779 1878 901 1931 ούδέ
944 1878 1191 1946 ἀνάγκης
1228 1875 1585 1947 ἐπικειμένης
1612 1874 1903 1946 δυνήσεται
1937 1874 2094 1945 ποιῆ-

501 1978 617 2014 σαι·
653 1963 701 2013 εἰ
727 1962 784 2015 δέ
822 1962 1066 2028 ἀνάγκης
1097 1959 1455 2029 ἐπικειμένης
1483 1958 1707 2012 δύναται
1735 1959 1764 2011 6
1802 1956 1878 2029 μὴ
1898 1955 2091 2021 ποιῶν,

501 2045 651 2116 παρά
690 2043 1006 2115 προαίρεσιν
1039 2046 1099 2096 ού
1136 2046 1295 2097 ποιεῖ.
1335 2037 1459 2095 υἴόν
1480 2058 1534 2094 τι
1556 2040 1732 2110 λέγω·
1760 2038 2093 2109 ’Δναπτῆναι

500 2129 595 2182 καὶ
637 2129 775 2199 πρὸς
811 2128 903 2182 τὸν
950 2129 1177 2199 οὐρανὸν
1221 2127 1456 2198 ἀρθῆναι
1488 2125 1652 2196 σῶμα
1702 2124 1917 2195 ἔχοντα,
1951 2123 2091 2196 βαρὺ

503 2212 723 2275 πάντως
754 2214 850 2265 καὶ
898 2211 1183 2267 ἀδύνατον.
1212 2211 1275 2264 Τί
1297 2206 1410 2275 οὖν,
1441 2211 1489 2263 εί
1517 2207 1772 2280 βασιλεὺς
1816 2207 2093 2274 ἐπιτάξειε

500 2295 659 2349 τοῦτο
689 2295 935 2365 ποιῆσαι,
957 2296 1049 2349 καλ¹
1076 2294 1306 2350 θάνατον
1325 2293 1593 2365 ἠπείλησε
1620 2292 1816 2362 λέγων,
1836 2292 1919 2345 ὅτι
1951 2291 2091 2355 Τοὺς

503 2379 581 2451 μὴ
609 2379 946 2450 πετομένους
974 2378 1299 2451 ἀνθρώπους
1328 2377 1731 2449 ἀποτέμνεσθαι
1758 2374 1968 2430 κελεύω
1997 2377 2094 2429 καὶ⁵

500 2462 776 2529 καίεσθαι,
810 2463 842 2536 ἢ
892 2463 1022 2519 ἀλλο
1060 2481 1113 2516 τι
1152 2463 1383 2535 πάσχειν
1415 2462 1678 2527 τοιοῦτον,
1736 2461 1844 2534 ἀρα
1893 2461 1959 2517 ἀν
2006 2477 2095 2526 τις

500 2546 842 2617 ύπήκουσεν;
880 2546 1175 2617 Οὐδαμῶς·
1225 2546 1287 2601 ού
1319 2546 1538 2617 δέχεται
1564 2545 1675 2617 γάρ
1705 2546 1739 2616 ἡ
1778 2544 1960 2614 φύσις.
1993 2543 2094 2598 Ἂν

494 2628 553 2683 δὲ
606 2632 697 2685 ἐπὶ
748 2630 1106 2703 σωφροσύνης
1152 2629 1214 2684 16
1254 2630 1386 2684 αὐτὸ
1428 2630 1588 2684 τοῦτο
1613 2631 1861 2701 γένηται,
1891 2632 1987 2684 καὶ
2023 2627 2091 2701 θῇ

503 2712 882 2784 διατάγματα,
933 2712 1075 2767 ὥστε
1132 2712 1224 2767 τὸν
1287 2712 1679 2782 ἀσελγαίνοντα
1735 2709 2087 2777 κολάζεσθαι,

498 2796 770 2854 καίεσθαι.
831 2795 1214 2867 μαστίζεσθαι,
1252 2795 1425 2868 μυρία
1474 2796 1707 2867 πάσχειν
1752 2794 1926 2859 δεινά,
1981 2790 2092 2864 ἆρα

497 2879 599 2931 ούκ
641 2879 707 2932 ἂν
746 2879 1084 2949 ἐπείσθησαν
1117 2879 1304 2932 πολλοὶ
1356 2878 1433 2949 τῷ
1482 2879 1897 2952 προστάγματις
1931 2879 2086 2948 Οὐχὶ,

501 2962 666 3031 φησί’
714 2961 809 3014 καὶ
857 2962 965 3033 γὰρ
1015 2964 1193 3015 κεῖται
1245 2963 1340 3016 καὶ
1367 2961 1461 3016 νῦν
1487 2962 1653 3033 νόμος
1675 2964 1705 3015 6
1737 2959 1978 3015 κελεύων
2012 2961 2090 3031 μή

503 3045 799 3117 μοιχεύειν,
829 3047 925 3100 καὶ
944 3046 1004 3099 ού
1029 3046 1234 3110 πάντες
1255 3046 1555 3100 πείθονται.
1592 3046 1706 3098 Ούκ
1729 3044 1920 3115 ἐπειδὴ
1940 3046 1970 3097 6
1997 3043 2091 3113 φό-

498 3128 595 3193 ϐος
623 3128 943 3200 ἠσθένησεν,
973 3128 1089 3182 ἀλλ’
1120 3128 1306 3200 ἐπειδὴ
1349 3128 1610 3199 λήσεσθαι
1645 3127 2017 3200 προσδοκῶσιν
2041 3126 2091 3179 οί

503 3211 723 3267 πολλοί·
763 3213 838 3277 ὼς
862 3214 912 3266 εί
946 3215 1130 3285 παρῆν
1164 3214 1347 3276 αὐτοῖς
1381 3212 1724 3282 ἀσελγαίνειν
1758 3209 2094 3283 μέλλουσινό

502 3295 802 3367 νομοθέτης
841 3296 935 3350 καὶ
965 3299 995 3350 ό
1038 3295 1296 3362 δικάζων,
1332 3296 1550 3368 ἴσχυσεν
1582 3295 1648 3349 ἂν
1676 3295 1705 3349 6
1729 3295 1893 3365 φόϐος
1923 3292 2091 3347 ἐκϐα-

500 3381 613 3436 λεῖν
641 3379 739 3449 τὴν
770 3379 1086 3451 ἐπιθυμίαν.
1125 3379 1277 3434 Ἐπεὶ
1312 3379 1415 3434 κᾶν
1441 3380 1705 3434 ἐλάττονα
1732 3378 1937 3449 ταύτης
1973 3376 2093 3431 ἐτέ-

506 3482 605 3535 ραν
641 3464 886 3536 ἀνάγκην
929 3464 1215 3533 ἐπαγάγω,
1262 3464 1357 3517 καὶ
1401 3462 1581 3516 λαϐὼν
1633 3461 1797 3517 αὐτὸν
1839 3461 1950 3517 ἀπὸ
1992 3461 2092 3531 τῆς

504 3547 788 3619 ἐρωμένης
840 3548 1100 3615 γυναικὸς
1137 3548 1413 3617 ἀπαγάγω
1455 3548 1551 3602 καὶ
1592 3547 1762 3620 δήσας
1795 3544 2091 3618 καθείρξω,

499 3631 786 3701 δυνήσεται
819 3630 1085 3699 ἐνεγκεῖν,
1111 3632 1207 3684 καὶ
1238 3630 1403 3701 μηδὲν
1434 3630 1628 3684 παθεῖν
1664 3630 1850 3702 ἀηδές.

574 3718 665 3786 Μὴ
695 3717 875 3770 τοίνυν
902 3716 1172 3788 λέγωμεν,
1199 3718 1282 3769 ὅτι
1311 3718 1339 3769 6
1363 3717 1511 3770 δεῖνα
1544 3714 1705 3785 φύσεί
1730 3715 1917 3779 καλὸς,
1944 3714 2039 3767 καὶ
2065 3714 2096 3768 ὁ

499 3798 650 3852 δεῖνα
693 3799 853 3868 φύσει
896 3801 1084 3863 κακός.
1124 3800 1187 3853 El
1221 3801 1330 3870 γάρ
1373 3800 1532 3869 φύσει
1561 3798 1788 3867 ἀγαθὸς,
1835 3797 2094 3851 οὐδέποτε

502 3881 789 3949 δυνήσεται
823 3882 1077 3951 γενέσθαι
1111 3883 1281 3945 κακός
1300 3899 1314 3913 ⁸
1361 3883 1457 3937 καὶ
1486 3884 1535 3935 εἰ
1565 3883 1727 3950 φύσει
1760 3883 1928 3944 κακός
1947 3919 1964 3945 ,
1991 3880 2095 3934 οὐκ

503 3966 569 4019 ἀν
607 3983 735 4019 ποτε
764 3967 974 4035 γένοιτο
1014 3966 1241 4036 ἀγαθός.
1266 3967 1381 4020 Νῦν
1410 3966 1466 4020 δὲ
1494 3965 1716 4039 ὁρῶμεν
1753 3964 2093 4037 ὀξυρρόπους

500 4048 603 4114 τάς
630 4049 952 4120 μεταϐολάς,
989 4051 1083 4103 καὶ
1105 4049 1213 4104 ἀπὸ
1242 4049 1447 4103 τούτων
1473 4053 1554 4114 εἰς
1585 4050 1791 4122 θάτερα
1823 4047 2093 4120 μεταϐάλ-

502 4133 713 4197 λοντας,
749 4134 841 4187 καὶ
878 4134 972 4187 ἀπ’
1010 4135 1235 4189 ἐκείνων
1274 4135 1354 4198 εἰς
1398 4134 1571 4189 ταῦτα
1625 4132 2088 4205 μεταπίπτοντας.

505 4216 617 4268 Καὶ
661 4216 833 4270 ταῦτα
862 4217 963 4270 οὐκ
1001 4218 1059 4271 ἐν
1098 4220 1220 4280 ταῖς
1254 4216 1501 4288 Γραφαίς
1545 4215 1696 4270 ἐστιν
1728 4217 1858 4270 ἰδεῖν
1908 4214 2091 4286 μόνον,

501 4292 616 4352 οἷον
648 4301 731 4355 ὅτι
767 4300 1000 4356 τελῶναι
1032 4301 1321 4370 γεγόνασιν
1349 4299 1671 4366 ἀπόστολοι,
1713 4298 1810 4353 καὶ
1845 4294 2093 4367 μαθηταὶ

570 4433 701 4486 Ἀιὶἱ
722 4437 828 4486 τίνα
863 4438 977 4495 ἔξεις
997 4436 1080 4486 οὗν
1116 4437 1241 4486 ἀπολ

2190 456 2468 527 προδόται,
2500 457 2595 511 καὶ
2620 456 2816 527 πόρναι
2845 459 3103 524 γυναῖκες
3133 451 3429 523 σώφρονες,
3462 448 3557 503 καὶ
3578 446 3786 525 λῃσταὶ

2188 538 2587 610 εὐδοκίμησαν,
2621 540 2718 594 καὶ
2755 539 2923 610 μάγοι
2959 535 3395 609 προσεκύνησαν,
3427 533 3528 586 καὶ
3555 533 3787 599 ἀσεϐεῖς

2191 624 2269 687 είς
2303 622 2584 676 εὐσέϐειαν
2615 622 2945 694 μετέϐαλον,
2987 620 3079 674 ἐπί
3107 636 3165 673 τε
3205 619 3305 688 τῆς
3348 619 3559 689 Καινῆς
3596 617 3690 673 ἐπί
3718 633 3787 672 τε

2187 706 2291 773 τῆς
2316 706 2562 769 Παλαιᾶς
2581 722 2594 737 ⁸
2637 706 2775 759 άλλά
2803 705 2900 759 καὶ⁵
2933 704 3054 759 καθ’
3096 703 3335 773 ἐκάστην
3360 700 3576 772 ἡμέραν
3605 700 3787 755 πολλὰ

2188 792 2417 847 τοιαῦτα
2456 790 2821 861 συμϐαίνοντα
2857 789 2960 843 ῐδοι
3003 807 3088 852 τις
3129 789 3215 844 ἀν.
3252 787 3316 840 El
3354 786 3411 839 δὲ
3449 785 3657 854 φυσικά
3688 780 3784 857 ἦν,

2189 874 2290 928 οὐκ
2317 874 2384 928 ἂν
2410 874 2730 944 μετέπεσον.
2755 874 2866 927 Καὶ
2893 873 3003 942 γάρ
3029 870 3190 940 φύσει
3222 868 3456 939 παθητολ⁵
3477 866 3652 932 ὄντες,
3677 869 3787 922 οὐκ

2190 961 2257 1014 ἄν
2285 976 2415 1013 ποτε
2446 958 2554 1012 6116
2575 958 2810 1028 σπουδῆς
2837 956 3132 1028 γενοίμεθα
3151 953 3404 1017 ἀπαθεῖς.
3431 952 3506 1006 T6
3530 952 3640 1022 γάρ
3670 949 3784 1020 φύ-

2193 1062 2277 1098 σει
2311 1062 2365 1098 τι
2408 1043 2490 1110 δν,
2538 1044 2640 1098 οὐκ
2680 1042 2747 1098 ἂν
2785 1042 2997 1114 ἐκπέσῃ
3038 1039 3134 1095 τοῦ
3178 1039 3319 1094 κατὰ
3367 1036 3548 1107 φύσιν.
3585 1035 3787 1100 Οὐδεὶς

2191 1127 2323 1195 γοῦν
2369 1127 2477 1180 ἀπὸ
2522 1126 2617 1181 τοῦ
2656 1124 2939 1180 καθεύδειν
2972 1125 3065 1179 ἐπὶ
3094 1124 3155 1176 τὸ
3199 1123 3276 1192 μὴ
3319 1119 3605 1176 καθεύδειν
3648 1136 3786 1190 μετ-

2193 1213 2389 1264 έπεσεν
2417 1211 2467 1273 ιι,
2503 1210 2678 1274 οὐδεὶς
2703 1209 2811 1263 ἀπὸ
2837 1207 2932 1263 τοῦ
2973 1206 3091 1281 [Η]
3123 1206 3440 1279 φθείρεσθαι
3480 1205 3573 1258 ἐπὶ
3603 1204 3665 1257 16
3701 1202 3785 1275 μὴ

2193 1293 2533 1365 φθείρεσθαι,
2576 1294 2751 1356 οὐδεὶς
2788 1292 2896 1345 ἀπὸ
2932 1293 3025 1345 τοῦ
3073 1294 3263 1363 πεινῇν
3295 1290 3390 1343 ἐπὶ
3418 1289 3476 1343 τὸ
3506 1287 3786 1359 μηδέποτε

2191 1379 2348 1433 τοῦτο
2365 1380 2612 1449 πάσχειν.
2634 1378 2733 1431 Διά
2749 1378 2907 1431 τοῦτο
2927 1375 3048 1429 ούδέ
3064 1376 3388 1445 ἐγκλήματα
3409 1371 3584 1426 ταῦτά
3604 1371 3785 1435 ἐστιν,

2192 1463 2311 1517 ούδέ
2345 1461 2675 1532 ὀνειδίζομεν
2716 1461 2943 1522 ἑαυτοὺς
2982 1459 3075 1512 ἐπὶ
3116 1458 3347 1521 τούτοις.
3386 1455 3522 1510 Οὐδὲ
3565 1454 3787 1525 μέλλων

2192 1548 2277 1613 τίς
2304 1565 2412 1601 τινι
2446 1548 2698 1616 ἐγκαλεῖν
2728 1541 2901 1599 εἶπεν·
2935 1540 3006 1598 Ἦ
3034 1543 3241 1614 φθαρτέ
3270 1544 3362 1595 καὶ
3392 1539 3626 1611 παθητέο
3658 1538 3787 1592 ἀλλ’

2194 1632 2228 1704 ἢ
2263 1631 2509 1703 μοιχείαν
2547 1630 2579 1701 ἦ
2617 1628 2875 1700 πορνείαν
2916 1628 2950 1698 ﬁ
2988 1644 3041 1680 τι
3076 1626 3184 1679 τῶν
3217 1625 3476 1679 τοιούτων
3506 1622 3592 1676 ἀεὶ
3639 1636 3789 1692 προ-

2194 1715 2435 1787 φέρομεν
2461 1716 2573 1778 τοῖς
2602 1712 2956 1775 ὑπευθύνοις,
2994 1711 3089 1764 καὶ
3113 1710 3397 1773 δικασταῖς
3426 1705 3792 1779 προσάγομεν

2193 1802 2305 1863 τοῖς
2335 1796 2627 1866 ἐγκαλοῦσι
2654 1795 2749 1849 καὶ
2780 1794 3091 1859 κολάζουσι,
3125 1793 3220 1847 καὶ
3252 1793 3345 1847 ἐπὶ
3372 1794 3484 1855 τοῖς
3514 1788 3791 1850 ἐναντίοις

2191 1882 2446 1953 τιμῶσιν.
2484 1882 2655 1934 Ὅταν
2686 1875 2780 1933 οῦν
2815 1878 2912 1933 καὶ
2941 1878 3001 1945 ἐξ
3027 1871 3102 1932 ὧν
3134 1876 3270 1948 πρὸς
3299 1875 3563 1946 ἀλλήλους
3589 1869 3790 1953 ποιοῦ-

2196 1951 2316 2039 μεν,
2352 1968 2443 2020 καὶ
2475 1966 2533 2032 ἐξ
2559 1957 2635 2018 ὧν
2663 1963 3011 2039 δικαζόμενοι
3040 1962 3348 2033 πάσχομεν,
3379 1960 3474 2014 καὶ
3503 1957 3564 2024 ἐξ
3589 1951 3665 2011 ῶν
3693 1955 3792 2011 νό-

2196 2027 2329 2120 μους
2354 2027 2698 2119 ἐγράψαμεν,
2731 2027 2827 2102 καλ⁸
2853 2027 2913 2114 ἐξ
2935 2027 3011 2101 ὧύ
3032 2027 3244 2100 ἑαυτῶν
3269 2041 3789 2112 καταγινώσκομεν,

2194 2134 2296 2188 κᾶν
2338 2134 2525 2205 μηδεὶς
2562 2135 2590 2187 6
2619 2132 2941 2205 κατηγορῶν
3056 2132 3151 2185 καὶ
3192 2131 3250 2197 ἐξ
3289 2123 3364 2184 ὧν
3406 2125 3793 2199 ῥᾳθυμοῦντες

2197 2218 2296 2290 μὲν
2316 2220 2553 2290 χείρους,
2584 2217 2911 2288 φοϐούμενοι
2934 2215 2992 2269 δέ
3028 2214 3269 2285 βελτίους
3291 2211 3573 2283 γινόμεθα.
3601 2210 3693 2264 καὶ
3720 2207 3790 2275 ἐξ

2194 2296 2270 2356 ὧν
2313 2301 2507 2365 ἀλλους
2556 2298 2775 2373 δρῶμεν
2826 2298 3228 2371 κατορθοῦντας
3274 2296 3371 2351 καὶ
3422 2295 3563 2368 πρὸς
3611 2294 3790 2364 ἀκρον

2194 2386 2513 2458 φιλοσοφίας
2562 2384 2965 2456 ἀφικομένους,
3014 2381 3237 2454 εῦδηλον
3276 2384 3358 2436 ὅτι
3403 2380 3503 2435 καὶ
3532 2378 3617 2449 ἐφ’
3647 2378 3790 2450 ἡμῖν

2192 2474 2368 2526 κεῖται
2424 2469 2487 2524 16
2536 2467 2873 2541 κατορθοῦνο
2926 2466 2979 2521 τί
3039 2466 3218 2538 μάτην
3253 2464 3494 2536 ψυχραῖς
3554 2460 3787 2524 ἐαυτοὺς

2192 2553 2493 2625 ἀπατῶμεν
2524 2555 2574 2607 οἱ
2604 2552 2787 2607 πολλοὶ
2831 2549 3138 2624 προφάσεσι
3185 2549 3277 2601 καὶ
3310 2544 3629 2616 ἀπολογίαις
3652 2583 3667 2606 ,
3701 2543 3783 2614 μὴ

2197 2640 2356 2710 μόνον
2399 2636 2734 2708 συγγνώμην
2776 2635 2836 2688 ού
2874 2631 3205 2705 φερούσαις,
3250 2629 3386 2685 ἀλλά
3422 2630 3517 2684 καὶ
3558 2627 3784 2710 κόλασιν

2192 2707 2487 2794 ἀφόρητον.
2517 2707 2636 2775 δέον
2661 2720 2762 2790 τὴν
2787 2718 3002 2789 ἡμέραν
3032 2717 3250 2787 ἐκείνην
3277 2714 3377 2786 τὴν
3409 2711 3647 2784 φοϐερὰν
3671 2707 3782 2794 πρό

2190 2790 2314 2859 τῶν-
2349 2803 2646 2875 ὀφθαλμῶν
2691 2802 2911 2874 ἔχοντας
2969 2800 3175 2871 ἀρετῆς
3221 2795 3629 2867 ἐπιμελεῖσθαι,
3681 2790 3781 2846 καὶ

2194 2889 2370 2963 μικρά
2404 2890 2740 2952 πονέσαντας
2764 2927 2780 2953 ,
2828 2885 2955 2949 τοὺς
2986 2884 3298 2955 ἀκηράτους
3350 2879 3532 2935 λαϐεῖν
3578 2875 3781 2963 στεφά-

2192 2960 2351 3041 νους;
2397 2973 2564 3027 Οὐδὲν
2596 2972 2707 3044 γάρ
2742 2970 2898 3043 ήμῶν
2946 2969 3118 3023 ταῦτα
3166 2967 3537 3038 προστήσεται
3575 2961 3646 3015 16
3675 2960 3776 3044 ρή-

2197 3072 2364 3129 ματαο
2390 3056 2505 3109 ἀλλ’
2528 3058 2577 3108 οί
2602 3042 2877 3109 σύνδουλοι
2899 3053 2992 3106 καὶ
3018 3051 3086 3105 16
3105 3050 3327 3105 ἐναντία
3353 3042 3782 3129 κατωρθωκότες

2193 3126 2585 3213 κατακρινοῦσι
2605 3139 2731 3203 τοὺς
2756 3135 3226 3209 διαμαρτάνοντας
3252 3133 3486 3194 πάντας,
3510 3128 3601 3182 τὸν
3628 3126 3782 3196 ὠμὸν

2192 3229 2220 3281 6
2257 3211 2530 3296 ἐλεήμων,
2559 3223 2652 3277 τὸν
2700 3221 2937 3294 πονηρὸν
2971 3222 3000 3275 6
3036 3218 3302 3291 χρηστὸς,
3350 3215 3441 3270 τὸν
3495 3211 3702 3284 θρασὺν
3753 3213 3785 3266 6

2192 3308 2463 3380 ἐπιεικὴς,
2488 3307 2581 3361 τὸν
2611 3305 2882 3378 βάσκανον
2912 3305 2941 3357 6
2985 3302 3287 3374 φιλόφρων,
3322 3300 3414 3353 τὸν
3438 3296 3725 3363 κενόδοξον
3753 3296 3786 3348 6

2194 3379 2507 3463 φιλόσοφος,
2539 3390 2633 3444 τὸν
2667 3388 2910 3462 ῥᾴθυμον
2956 3387 2986 3440 ό
3021 3385 3333 3449 σπουδαῖος,
3362 3382 3452 3437 τὸν
3479 3379 3788 3435 ἀκόλαστον

2192 3480 2222 3531 6
2266 3476 2519 3547 σώφρων.
2578 3473 2769 3536 Οῦτως
2821 3473 2958 3526 οῐσει
3004 3471 3105 3542 τὴν
3141 3468 3335 3541 κρίσιν·
3368 3468 3504 3538 ἡμῖν
3548 3467 3577 3519 ὀ
3612 3463 3787 3547 Θεδς,

2191 3546 2435 3631 ἑκάτερά
2456 3575 2517 3612 τε
2547 3558 2737 3629 στήσει
2779 3554 2848 3609 τά
2881 3555 3141 3625 τάγματα
3166 3594 3181 3620 ,
3207 3550 3335 3616 106;
3370 3551 3469 3623 μὲν
3499 3546 3741 3603 ἐπαινῶν
3765 3585 3787 3611 ,

2192 3644 2320 3708 τοὺς
2343 3644 2400 3697 δὲ
2423 3642 2688 3706 κολάζων.
2734 3638 2894 3692 Ἀλλά
2933 3638 3007 3709 μὴ
3045 3635 3255 3706 γένοιτό
3286 3652 3407 3689 τινα
3441 3633 3550 3687 τῶν
3584 3631 3787 3703 παρόν-

2192 3746 2302 3783 των
2345 3725 2601 3796 γενέσθαι
2651 3723 2761 3776 τῶν
2814 3723 3196 3793 κολαζομένων
3253 3719 3347 3774 καὶ
3389 3718 3781 3789 ἠτιμωμένων,

2193 3811 2331 3866 ἀλλά
2354 3810 2464 3863 τῶν
2488 3805 2939 3878 στεφανουμένων
2964 3804 3185 3859 καὶτῶν
3204 3804 3304 3874 τῆς
3332 3801 3481 3865 θείας
3505 3798 3784 3872 βασιλείας

2195 3893 2684 3965 ἐπιτυγχανόντων·
2722 3885 2789 3962 ἧς
2818 3889 3028 3959 γένοιτο
3060 3888 3270 3952 πάντας
3304 3889 3451 3958 ἡμᾶς
3481 3885 3784 3955 ἐπιτυχεῖν,

2193 3980 2378 4051 χάριτι
2425 3978 2521 4032 καὶ
2573 3973 2960 4051 φιλανθρωπίᾳ
3005 3972 3100 4026 τοῦ
3144 3971 3349 4043 Κυρίου
3395 3969 3552 4042 ήμῶν
3604 3966 3785 4039 Ἰησοῦ

2193 4050 2455 4135 Χριστοῦ,
2488 4060 2606 4131 μεθ’
2640 4050 2701 4112 οῦ
2732 4057 2811 4128 τῷ
2842 4057 3039 4128 Πατρὶ,
3066 4057 3182 4126 ἅμα
3207 4053 3285 4125 τῷ
3312 4054 3452 4125 ἀγίῳ
3477 4050 3780 4135 Πνεύματι,

2193 4133 2343 4210 δόξα,
2378 4144 2601 4214 κράτος,
2628 4140 2782 4212 τιμὴ,
2812 4139 2907 4193 νῦν
2938 4140 3031 4192 καὶ
3067 4138 3176 4205 ἀεὶ,
3199 4139 3293 4192 καὶ
3323 4141 3401 4201 εἰς
3428 4136 3553 4200 τοὺς
3580 4133 3784 4196 αἰῶνας

2195 4229 2304 4282 τῶν
2344 4226 2575 4281 αἰώνων.
2626 4226 2683 4278 ’Δ
2690 4225 2800 4295 μήν

2203 4426 2215 4439 .
2254 4360 2282 4399 δ
2306 4352 3805 4443 θεξίέιῖ932⁸,δὶῈέ,Ἓῖέ.κα.ἶε2⁵ἕξξν,⁸ἔξ.τξ.ί“ἒ.ἲιέθ.ἱῗξῖ⁸ζέῗτ““

2190 4417 2453 4475 incumin
2479 4422 2628 4473 editis
2653 4418 2902 4472 sententia
2947 4432 3118 4468 manca
3140 4425 3251 4469 erat
3280 4417 3341 4465 δι’
3364 4417 3743 4479 ὁμοιοτέλευτον.

2006 4719 2254 4775 ΟΜῘΛῘΑ
2290 4718 2365 4773 Γ’.

512 4865 941 4947 Παριξκιξέῖῶιδὲ
1148 4865 1475 4947 κᾴδελςφοὶ,
1512 4864 1612 4920 διὰ
1643 4864 1763 4947 303')
1795 4863 2088 4947 ὀνόματος

579 4933 687 4994 ἰοῦ
723 4937 943 5007 Κυρίου
973 4933 1141 5007 ἡμῶν
1178 4933 1382 5007 Ἰησοῦ
1393 4934 1692 5007 μΧριστοῆ,
1719 4935 1821 4990 ἵνα
1847 4933 1914 5007 τό
1939 4933 2089 4989 αὐτὸ

578 5001 1074 5087 ,ξέγηζέπάντέα
1125 5007 1225 5087 καὶ
1377 5001 1548 5087 ᾖλέιν.
1576 5005 1721 5087 ὑμῖν
1742 5005 2088 5087 011071616:

579 5072 685 5160 ἦτὲ
706 5072 775 5160 δὲ
800 5072 1263 5160 κατηρτισμένοὶ
1285 5072 1357 5132 ἐν·
1379 5072 1460 5144 ἰῷ
1480 5072 1643 5143 αὐτῷ
1670 5077 1768 5131 νοῒ
1789 5072 1889 5131 σιω
1910 5072 1988 5130 ἓν
2014 5072 2092 5144 τῇ

579 5147 736 5219 αὐτῇ
769 5147 992 5220 γνώμῃ.

581 5311 629 5359 α’
642 5344 657 5358 .
693 5304 872 5375 Ὅπερ
890 5302 977 5357 ἀεὶ
1003 5302 1210 5373 ἔλεγον,
1226 5304 1309 5359 ὅτι
1332 5304 1516 5377 ἡρέμα
1534 5304 1629 5359 καὶ
1641 5304 1784 5359 κατά
1805 5304 2000 5377 μικρὸν
2018 5304 2100 5358 δεῖ

509 5388 610 5453 16;
648 5386 967 5459 ἐπιπλήξεις
1007 5386 1279 5442 ποιεῖσθαι
1299 5430 1315 5455 ,
1349 5388 1508 5442 τοῦτο
1554 5389 1649 5443 καὶ
1691 5390 1719 5443 6
1752 5387 1967 5453 Παῦλος
2005 5391 2093 5444 ἐν-

510 5470 689 5525 ταῦθα
707 5472 870 5525 ποιεῖ.
904 5469 1132 5524 Μέλλων
1151 5470 1260 5543 γὰρ
1290 5472 1372 5535 είς
1398 5473 1633 5544 πρᾶγμα
1654 5472 1938 5543 ἐμϐαίνειν
1964 5472 2098 5525 πολ-

511 5554 621 5610 λῶν
649 5555 910 5610 κινδύνων
943 5554 1133 5625 γέμον,
1159 5556 1255 5609 καὶ
1276 5557 1380 5627 τὴν
1422 5557 1751 5628 Ἐκκλησίαν
1786 5558 1850 5611 ἐκ
1879 5556 2096 5628 βάθρων

514 5639 696 5694 ἱκανὸν
717 5637 777 5692 δν
802 5637 1136 5703 ἀνασπάσαι,
1164 5638 1596 5712 προσηνέστερον
1619 5639 1696 5711 τῷ
1722 5640 1866 5712 λόγῳ
1892 5639 2096 5711 κέχρη-

512 5738 627 5778 ται.
653 5722 792 5793 Φησὶ
817 5720 928 5793 γὰρ
955 5721 1298 5793 παρακαλεῖν
1323 5723 1541 5787 αὐτοὺς,
1565 5724 1905 5795 παρακαλεῖν
1929 5723 1986 5777 δὲ
2008 5722 2098 5777 διά

512 5802 608 5858 τοῦ
648 5802 907 5876 Χριστοῦ,
951 5802 1027 5867 ὡς
1070 5803 1193 5857 οὐδὲ
1237 5805 1399 5870 αὐτὸς
1445 5808 1631 5878 ἀρκῶν
1684 5809 1843 5878 μόνος
1891 5806 2097 5878 ταύτην

513 5886 704 5941 θέσθαι
733 5887 833 5959 τὴν
860 5886 1177 5966 ἱκετηρίαν,
1213 5889 1307 5943 καὶ
1328 5892 1533 5945 πεῖσαι.
1563 5890 1629 5944 Τί
1657 5891 1715 5945 δέ
1745 5895 1883 5955 ἐστι,
1910 5893 2099 5964 Παρα·

513 5969 667 6025 καλῶ
701 5969 791 6025 διὰ
816 5969 911 6024 τοῦ
942 5970 1217 6045 Χριστοῦ;
1247 5974 1351 6031 Τὸν
1381 5974 1618 6046 Χριστὸν
1646 5976 1911 6050 λαμϐάνω
1956 5976 2095 6049 σύμ-

2194 4874 2389 4931 μαχον,
2412 4855 2509 4907 καὶ
2530 4850 2725 4923 βοηθὸν
2748 4847 2866 4921 [15]
2892 4846 3058 4902 αὐτοῦ
3085 4847 3146 4901 16
3171 4846 3424 4931 6110110016
3450 4844 3783 4931 ἠδικημένον

2193 4928 2290 4997 καὶ
2345 4937 2676 5010 ὑϐρισμένον
2700 4950 2713 4962 ·
2773 4931 2981 5005 σφόδρα
3032 4928 3437 5003 ἐντρεπτικῶς,
3496 4928 3640 4984 ὥστε
3703 4931 3783 5002 μὴ

2194 5019 2708 5091 ἀπαναισχυντῆσαι
2747 5017 2980 5080 αὐτούς·
3029 5014 3257 5086 ἰταμοὺς
3306 5013 3417 5085 γάρ
3457 5015 3491 5084 ή
3537 5015 3785 5088 ἁμαρτία

2196 5109 2361 5163 ποιεῖ.
2392 5106 2493 5158 Διά
2518 5102 2677 5157 τοῦτο
2702 5100 2768 5157 ἂν
2790 5100 2931 5172 μένι
2958 5098 3163 5163 εὐθέως
3188 5097 3435 5170 σφοδρῶς
3455 5099 3786 5172 ἐπιπλήξῃς,

2198 5190 2383 5263 ἀπηνῆ
2418 5188 2514 5242 καὶ
2556 5186 2918 5257 ἀναίσχυντον
2961 5182 3234 5255 εἰργάσω
3274 5180 3339 5236 ἂν
3384 5181 3443 5235 δέ
3479 5182 3789 5254 ἐντρέψῃς,

2195 5273 2560 5343 κατέκαμψας
2579 5271 2669 5325 τὸν
2696 5268 2921 5341 αὐχένα,
2953 5267 3305 5332 κατέσπασας
3326 5266 3426 5341 τὴν
3446 5268 3786 5339 παρρησίαν,

2193 5359 2345 5414 κάτω
2379 5356 2556 5410 νεύειν
2588 5354 2874 5423 ἐποίησας.
2931 5352 3109 5424 Ὅπερ
3151 5351 3245 5405 καὶ
3287 5353 3316 5404 6
3361 5351 3575 5415 Παῦλος
3613 5368 3790 5407 κατα..

2194 5439 2502 5504 σκευάζων,
2556 5436 2873 5509 παρακαλεῖ
2908 5434 3044 5500 τέως
3093 5433 3184 5488 διά
3230 5433 3327 5488 τοῦ
3370 5434 3635 5507 ὀνόματος
3688 5436 3789 5490 τοῦ

2193 5524 2457 5597 Χριστοῦ.
2501 5523 2615 5577 Καὶ
2646 5523 2699 5574 τί
2740 5521 2872 5574 ποτέ
2920 5521 3069 5573 ἐστιν
3177 5518 3518 5589 παρακαλεῖ;
3555 5519 3680 5574 Ἵνα
3715 5520 3789 5574 τὸ

2194 5606 2342 5662 αὐτὸ
2369 5605 2588 5675 λέγητε
2617 5603 2863 5669 πάντες,
2887 5602 2987 5657 καὶ
3009 5602 3098 5671 μὴ
3117 5596 3160 5674 ᾖ
3185 5602 3256 5655 ἐν
3284 5602 3429 5672 ὑμῖν
3452 5603 3784 5673 σχίσματα.

2199 5691 2307 5745 Τοῦ
2341 5690 2642 5761 σχίσματος
2674 5690 2709 5758 ἠ
2748 5687 2989 5757 ἔμφασις
3022 5685 3118 5741 καὶ
3153 5685 3289 5740 6616
3320 5686 3420 5758 τῆς
3449 5686 3789 5760 κατηγορίας

2273 5985 2290 6008 ⁸
2312 5984 2601 6049 Legebalur
2621 5987 2687 6050 μή
