4086 6450
295 452 351 507 21
1322 438 1387 493 lN
1428 437 1642 492 EPIST.
1690 436 1705 489 l
1771 434 1862 489 AD
1898 432 2057 490 COR.
2100 430 2332 488 HOMIL.
2375 430 2463 485 III.
3511 431 3583 483 ξε

295 568 348 617 in
371 574 421 615 te
448 566 591 614 recte
617 570 679 612 se
707 555 945 610 habent.
977 555 1072 611 Sic
1101 553 1260 607 etiam
1287 552 1330 605 si
1360 566 1443 614 ea,
1472 565 1591 619 quae
1620 550 1686 602 ad
1719 549 1879 601 vitam

296 653 571 725 pertinent,
594 660 749 705 recte
779 665 843 705 se
872 650 1140 703 haberent
1169 688 1184 712 ,
1212 659 1316 699 non
1347 644 1506 697 talem
1528 642 1879 712 quzrstionem

296 757 562 806 moveres;
596 756 791 795 verum
821 740 950 809 quia
975 738 1120 792 circa
1152 737 1405 789 virtutem
1428 747 1612 788 socors
1639 742 1693 786 et
1725 731 1874 800 igua-

298 850 387 891 vus
418 851 478 889 es
510 877 526 901 ,
556 834 681 888 ideo
707 833 937 887 insanos
967 831 1132 884 hosce
1163 828 1372 898 profers
1400 840 1703 881 sermones.
1734 824 1880 892 Quo-

298 926 449 980 modo
488 934 670 978 autem
719 923 968 993 oportuit
1016 937 1079 975 ex
1126 918 1447 975 necessitate
1493 916 1609 971 fieri
1656 914 1880 969 bonum?

296 1017 434 1085 Ergo
464 1015 703 1070 futurum
731 1022 855 1068 erat
888 1054 903 1078 ,
937 1022 996 1066 ut
1023 1013 1171 1065 bruta
1212 1007 1464 1063 animalia
1497 1006 1779 1061 nobiscum
1814 1005 1882 1060 de

294 1107 489 1161 virtute
534 1112 815 1160 certarent
846 1119 971 1156 cum
1003 1101 1245 1172 quadam
1271 1113 1459 1153 eorum
1492 1096 1647 1151 nobis
1680 1105 1881 1163 tempe-

300 1197 537 1250 rautiora
568 1196 703 1249 sint.
752 1192 860 1248 Sed
889 1192 1103 1246 mallem
1135 1232 1152 1258 ,
1180 1189 1390 1259 inquies
1420 1230 1435 1254 ,
1465 1203 1531 1242 ex
1560 1186 1883 1242 necessitate

297 1289 465 1343 bonus
491 1300 637 1353 esse,
653 1294 707 1338 et
734 1283 885 1338 omni
914 1281 1158 1337 mercede
1183 1279 1404 1350 privari,
1424 1293 1584 1348 quam
1614 1293 1679 1332 ex
1710 1277 1880 1330 libero

296 1379 523 1436 arbitrio
554 1379 748 1444 malus,
781 1375 955 1446 puniri
986 1385 1041 1429 et
1068 1371 1330 1443 supplicio
1359 1370 1520 1425 affici.
1547 1369 1651 1425 Sed
1679 1384 1783 1423 non
1802 1376 1885 1421 est

301 1485 554 1539 umquam
581 1469 878 1525 necessitas
901 1481 1025 1522 esse
1048 1465 1265 1520 bonum.
1287 1464 1344 1518 Si
1360 1477 1492 1533 ergo
1519 1463 1736 1533 ignoras
1756 1460 1884 1531 quid

296 1565 565 1637 agendum
584 1564 679 1629 sit,
702 1561 927 1617 ostende
950 1602 963 1623 ,
994 1568 1053 1615 et
1078 1568 1204 1613 tunc
1228 1558 1471 1613 dicemus
1497 1556 1550 1610 id
1578 1555 1719 1625 quod
1749 1569 1884 1623 opus

291 1665 379 1712 est
404 1656 595 1711 dicere
624 1672 639 1708 :
672 1653 719 1707 si
741 1666 870 1706 vero
895 1650 1174 1706 libidinem
1205 1648 1400 1703 malam
1426 1661 1550 1703 esse
1580 1647 1720 1701 nosti
1744 1687 1760 1709 ,
1788 1660 1885 1700 cur

296 1752 495 1807 malam
518 1764 635 1805 rem
666 1764 771 1803 non
801 1746 981 1817 fugis?
1008 1746 1123 1800 Non
1147 1760 1387 1815 possum,
1420 1743 1652 1811 inquies.
1685 1740 1883 1795 Verum

295 1842 412 1910 alii,
436 1842 533 1912 qui
564 1840 768 1908 majora
790 1848 937 1893 recte
962 1844 1264 1906 gesserunt,
1297 1844 1351 1889 te
1378 1833 1728 1899 accusabunt,
1762 1831 1886 1885 tibi-

297 1950 404 2005 que
429 1934 485 1988 vi
518 1948 713 2002 magna
742 1947 803 1987 os
827 1931 1122 1986 obstruent.
1168 1928 1249 1982 Tu
1287 1928 1431 1982 enim
1464 1925 1690 1981 fortasse
1721 1926 1883 1979 etiam

292 2042 419 2082 cum
450 2040 622 2080 uxore
668 2031 757 2079 tua
805 2039 909 2078 non
962 2032 1111 2078 caste
1138 2020 1285 2091 agis;
1316 2020 1454 2074 alius
1502 2033 1634 2074 vero
1685 2018 1887 2087 absque

295 2133 466 2174 uxore
496 2118 768 2187 integram
794 2122 975 2170 servat
1001 2113 1324 2169 castitatem.
1359 2112 1528 2177 Quam
1564 2124 1693 2179 ergo
1722 2109 1888 2163 babes

293 2210 700 2273 defensionem,
728 2208 820 2277 qui
848 2207 1063 2262 modum
1092 2221 1200 2260 non
1229 2219 1435 2271 serves,
1459 2203 1587 2259 dum
1604 2203 1742 2257 alius
1769 2202 1885 2271 ipsa

295 2312 447 2372 septa
479 2299 760 2355 transilit?
784 2300 855 2353 At
878 2314 984 2353 non
1004 2312 1208 2368 parem,
1236 2296 1468 2366 inquies,
1501 2294 1675 2348 habeo
1704 2306 1890 2362 corpo-

298 2393 372 2447 ris
400 2400 675 2453 naturam,
694 2406 800 2445 non
828 2406 923 2461 par
943 2388 1268 2460 propositum
1293 2387 1600 2443 voluntatis.
1623 2386 1756 2452 Quia
1779 2401 1887 2439 non

298 2485 399 2549 vis,
431 2499 539 2539 non
572 2483 696 2553 quia
727 2496 833 2535 non
858 2479 1281 2552 poteszostendo
1306 2492 1535 2548 namque
1561 2492 1750 2532 omnes
1767 2491 1888 2531 esse

299 2579 365 2631 ad
391 2576 648 2630 virtutem
683 2573 925 2629 idoneos.
965 2572 1099 2628 Nam
1136 2570 1277 2641 quod
1305 2585 1411 2625 non
1441 2579 1618 2639 potest
1650 2568 1771 2639 quis
1802 2569 1883 2621 fa-

300 2682 446 2733 cere,
478 2680 658 2736 neque
679 2665 914 2720 instante
939 2662 1259 2719 necessitate
1279 2662 1475 2731 poterit
1501 2679 1515 2715 :
1548 2661 1691 2731 quod
1720 2660 1766 2714 si
1798 2660 1884 2714 in-

302 2768 477 2812 stante
502 2756 824 2810 necessitate
855 2754 1045 2824 possit,
1072 2753 1162 2824 qui
1193 2768 1298 2807 non
1324 2751 1469 2819 facit,
1496 2766 1565 2806 ex
1610 2748 1891 2819 proposito

306 2848 602 2905 voluntatis
628 2863 735 2901 non
761 2846 905 2901 facit.
937 2846 1183 2916 Exempli
1208 2859 1390 2912 causa,
1412 2843 1599 2898 volare
1623 2850 1680 2897 et
1698 2841 1764 2895 ad
1785 2856 1890 2895 cae—

304 2941 414 2994 lum
445 2938 578 2993 ferri
617 2938 763 3008 gravi
793 2950 1021 3006 corpore
1047 2935 1357 3005 praeditum,
1384 2935 1605 2989 omnino
1651 2932 1765 2987 fieri
1798 2947 1893 2985 ne-

306 3032 438 3100 quit.
466 3028 611 3095 Quid
635 3043 765 3099 ergo
784 3070 798 3093 ,
831 3027 881 3083 si
922 3042 1018 3082 rex
1063 3027 1285 3097 jusserit
1314 3025 1416 3081 hoc
1442 3025 1637 3090 facere,
1666 3032 1722 3078 et
1748 3039 1891 3077 mor-

308 3132 413 3178 tem
430 3121 794 3177 comminatur
813 3120 997 3176 dicens
1021 3137 1036 3176 :
1066 3119 1319 3174 Homines
1346 3134 1451 3174 non
1475 3119 1714 3173 volantes
1729 3118 1893 3186 jubco

304 3212 518 3267 concidi
544 3211 635 3266 vel
661 3211 743 3265 uri
776 3251 791 3276 ,
840 3210 923 3265 vel
953 3209 1078 3280 quid
1106 3209 1284 3264 simile
1305 3208 1416 3279 pati
1442 3226 1455 3262 :
1488 3224 1614 3263 num
1642 3209 1759 3279 quis
1787 3208 1892 3277 ipsi

309 3306 559 3361 obediet?
580 3304 923 3375 Nequaquam
952 3346 964 3357 .
998 3303 1100 3358 hoc
1125 3304 1264 3357 enim
1294 3312 1477 3357 natura
1509 3301 1654 3357 ferre
1684 3302 1889 3371 nequit.

310 3396 401 3450 Sin
433 3404 615 3450 autem
643 3395 713 3449 de
733 3395 977 3448 castitate
1000 3393 1233 3463 itlipsum
1263 3400 1484 3456 statuat,
1515 3392 1769 3461 justaque
1799 3406 1894 3460 po-

312 3497 404 3539 nat
432 3527 448 3549 ,
498 3497 558 3540 ut
588 3485 904 3555 libidinosus
932 3484 1182 3554 puniatur
1207 3523 1223 3549 ,
1261 3491 1446 3539 uratur
1473 3523 1489 3548 ,
1518 3483 1814 3554 flagelletur
1842 3491 1899 3537 et

313 3580 465 3635 mille
489 3586 755 3633 tormenta
788 3576 1039 3647 patiatur,
1066 3590 1245 3631 annon
1268 3575 1421 3629 multi
1442 3574 1622 3630 edicto
1649 3576 1895 3645 pareant?

314 3670 456 3735 Non,
483 3670 732 3741 inquies:
763 3684 884 3724 nam
916 3669 1000 3724 lex
1021 3677 1269 3738 est,qua:
1296 3668 1451 3737 jubet
1475 3683 1580 3722 non
1610 3667 1890 3735 mrechari,

317 3778 493 3833 neque
513 3775 703 3817 omnes
718 3761 1105 3829 obsequuntur.
1129 3758 1242 3813 NOII
1265 3758 1405 3829 quod
1427 3758 1674 3813 infirmus
1694 3768 1751 3813 et
1768 3757 1899 3812 levis

317 3857 389 3911 sit
418 3859 614 3918 timor,
653 3852 748 3909 sed
796 3851 918 3922 quia
947 3850 1099 3905 multi
1146 3865 1205 3905 se
1258 3850 1427 3904 latere
1473 3864 1632 3919 posse
1655 3860 1894 3919 Sperent.

319 3946 476 4015 Quod
502 3945 549 4000 si
576 3943 848 4014 legislator
867 3951 922 3997 et
947 3942 1112 4010 judex
1137 3940 1390 3995 adessent
1406 3940 1683 3995 libidinem
1710 3939 1901 4009 imple—

323 4038 459 4092 turis
484 4077 500 4104 ,
542 4042 729 4105 posset
768 4042 893 4088 tunc
921 4042 1094 4087 metus
1141 4030 1420 4086 libidinem
1465 4045 1670 4086 arcere.
1699 4030 1829 4084 Nam
1856 4031 1902 4085 si

322 4129 485 4182 aliam
505 4128 772 4182 minorem
796 4126 1164 4181 necessitatem
1190 4123 1452 4178 induxero
1481 4164 1497 4189 ,
1521 4132 1575 4179 et
1619 4124 1689 4178 ab
1725 4132 1900 4178 amata

325 4218 550 4273 muliere
575 4218 899 4271 abstractum
926 4214 1220 4278 abduxero,
1253 4224 1309 4269 et
1332 4215 1569 4269 vinctum
1602 4214 1897 4283 inclusero,

327 4310 521 4381 poterit
541 4309 685 4364 ferre
707 4349 723 4375 ,
749 4318 804 4362 et
824 4307 955 4362 nihil
986 4322 1145 4377 grave
1174 4306 1303 4375 pati.

396 4400 566 4456 Nemo
608 4409 794 4454 natura
831 4401 988 4452 bonus
1025 4399 1101 4452 vel
1130 4408 1311 4451 natura
1335 4400 1521 4453 malus.
1546 4429 1619 4441 —
1650 4400 1729 4456 Ne
1780 4415 1908 4470 ergo

326 4494 601 4557 dicamus,
632 4492 776 4546 hunc
806 4501 989 4545 natura
1039 4491 1235 4545 bonum
1259 4532 1275 4557 ,
1305 4491 1450 4545 illum
1481 4501 1674 4545 natura
1705 4493 1905 4546 malum

326 4599 471 4640 esse.
523 4583 657 4638 Nam
689 4584 734 4637 si
783 4592 969 4636 natura
1014 4581 1187 4637 bonus
1232 4583 1339 4648 sit,
1387 4598 1675 4653 numquam
1708 4584 1909 4652 poterit

329 4675 506 4728 malus
549 4673 705 4738 fieri;
735 4681 789 4726 et
832 4672 875 4725 si
920 4680 1109 4726 natura
1160 4672 1369 4738 malus,
1418 4688 1704 4741 numquam
1736 4673 1909 4728 bonus

327 4768 453 4822 erit.
480 4765 633 4819 Nunc
665 4773 839 4819 autem
870 4764 1111 4818 videmus
1140 4764 1345 4818 celeres
1370 4765 1725 4831 mutationes,
1759 4775 1813 4819 et
1841 4766 1907 4820 ab

1992 547 2073 603 his
2099 548 2151 602 in
2175 546 2275 601 alia
2303 546 2497 600 mutari
2524 587 2538 611 ,
2572 553 2626 599 et
2657 546 2725 599 ab
2764 546 2868 600 illis
2898 546 2947 599 in
2976 546 3080 601 alia
3108 547 3324 601 cadere.
3363 548 3428 601 Et
3458 550 3573 601 Itu'c

1990 652 2096 692 non
2148 638 2200 692 in
2231 636 2519 706 Scripturis
2551 645 2754 690 tantum
2788 636 2969 691 videre
3011 648 3093 692 est
3123 656 3137 692 :
3188 638 3418 708 exempli
3449 654 3579 694 cau-

1988 744 2046 784 sa
2072 771 2088 795 ,
2135 730 2277 800 quod
2322 729 2589 799 publicani
2633 728 2756 783 facti
2802 729 2910 783 sint
2953 731 3222 799 apostoli,
3251 740 3306 785 et
3332 731 3578 802 discipuli

1988 822 2287 893 proditores
2322 863 2335 885 ,
2400 830 2457 877 et
2524 823 2837 877 meretrices
2912 831 3075 877 caste
3145 825 3400 879 mulieres
3432 865 3448 891 ,
3522 824 3580 880 ει

1990 915 2229 970 latrones
2277 916 2531 983 praeclare
2583 927 2842 986 agentes,
2874 923 2929 970 et
2973 916 3113 985 magi
3160 917 3482 985 adorantes,
3526 929 3581 972 et

1991 1008 2139 1077 impii
2186 1009 2237 1062 in
2268 1010 2518 1078 pietatem
2563 1010 2847 1075 conversi,
2881 1010 3040 1079 idque
3086 1019 3191 1064 tam
3248 1014 3302 1065 in
3352 1011 3575 1080 Veteri,

1990 1114 2148 1168 quam
2202 1100 2253 1152 in
2307 1100 2457 1154 Novo
2498 1100 2844 1155 Testamento
2889 1101 3048 1155 :imo
3096 1103 3335 1172 quotidie
3385 1105 3577 1159 similia

1990 1189 2236 1243 accidere
2285 1190 2551 1244 videmus.
2597 1191 2654 1245 Si
2703 1206 2833 1245 vero
2887 1193 3147 1247 naturalia
3190 1192 3305 1247 hazc
3354 1204 3577 1260 essent,

1991 1296 2096 1335 non
2127 1290 2479 1337 mutarentur.
2526 1283 2657 1338 Nam
2688 1300 2811 1340 cum
2837 1285 3006 1340 simus
3035 1294 3223 1340 natura
3265 1287 3577 1355 passibiles,

1992 1374 2138 1427 nullo
2185 1390 2440 1445 umquam
2490 1376 2671 1430 studio
2731 1378 3095 1446 impassibiles
3144 1380 3366 1433 erimus.
3427 1381 3579 1447 Quod

1990 1466 2133 1519 enim
2179 1475 2367 1520 natura
2414 1468 2519 1523 tale
2561 1476 2643 1522 est
2668 1510 2683 1530 .
2716 1485 3004 1539 numquam
3032 1470 3241 1525 excidet
3268 1488 3297 1526 a
3328 1474 3584 1528 naturali-

1992 1553 2125 1609 bus."
2158 1556 2343 1610 Nullus
2369 1573 2398 1610 a
2428 1556 2747 1612 dormienda
2787 1560 3081 1627 abstinuit,
3116 1562 3294 1617 nullus
3332 1578 3360 1616 a
3389 1579 3578 1619 corru-

1992 1649 2174 1717 ptione
2203 1650 2267 1703 ad
2314 1651 2765 1721 incorruptionem
2797 1654 3023 1708 transire
3071 1657 3275 1724 potuit,
3310 1659 3485 1711 nullus
3511 1658 3580 1711 ab

1992 1742 2169 1797 esurio
2195 1742 2447 1797 liberatus
2474 1753 2576 1809 est,
2598 1745 2667 1797 ita
2695 1752 2878 1798 utnon
2904 1746 3041 1799 ultra
3069 1749 3288 1801 esuriat.
3316 1748 3441 1804 Ideo
3466 1750 3582 1805 hmc

1993 1850 2098 1888 non
2132 1836 2182 1889 in
2225 1837 2428 1891 crimen
2461 1846 2778 1904 vertuntur,
2810 1854 2983 1908 neque
3014 1841 3170 1894 nobis
3199 1856 3259 1895 ca
3290 1843 3580 1911 exprobra-

1993 1942 2131 1981 mus.
2180 1925 2366 1996 Neque
2394 1927 2624 1997 aliquem
2654 1938 3005 1984 accusaturus
3032 1932 3294 1999 quispiam
3325 1933 3463 1986 dixit
3493 1952 3506 1986 :
3536 1933 3582 1987 0

1995 2015 2204 2086 impure
2225 2058 2240 2084 ,
2270 2026 2320 2071 et
2354 2018 2692 2086 passionibus
2722 2019 2987 2085 obnoxie;
3018 2020 3111 2074 sed
3138 2030 3231 2074 aut
3258 2022 3577 2077 adulterium

1993 2118 2085 2161 aut
2108 2117 2349 2178 stuprum
2374 2119 2464 2162 aut
2492 2109 2617 2177 quid
2644 2109 2820 2164 simile
2841 2126 3054 2180 semper
3077 2112 3325 2166 obnoxiis
3352 2113 3582 2183 proferi-

1993 2213 2148 2264 mus,
2196 2208 2249 2253 et
2302 2198 2370 2253 ad
2416 2200 2628 2269 judices
2658 2200 2977 2256 adducimus
3005 2203 3093 2272 qui
3146 2205 3499 2259 criminentur
3529 2218 3582 2260 et

1994 2290 2236 2359 puniant,
2274 2298 2327 2345 et
2354 2306 2451 2359 pro
2471 2292 2754 2346 contrariis
2781 2292 2987 2347 honore
3012 2294 3267 2349 afficiant.
3298 2296 3431 2351 Cum
3454 2313 3581 2367 ergo

2000 2394 2109 2435 tum
2138 2397 2201 2437 ex
2227 2382 2290 2436 iis
2321 2397 2440 2451 qua:
2470 2384 2608 2438 inter
2633 2399 2731 2438 nos
2758 2394 2943 2438 mutuo
2972 2385 3197 2440 facimus
3219 2428 3233 2451 ,
3269 2397 3379 2441 tum
3423 2406 3488 2443 ex
3518 2391 3582 2442 iis

1995 2488 2114 2543 qua:
2144 2474 2196 2527 in
2232 2473 2435 2542 judicio
2466 2475 2699 2543 patimur
2720 2515 2735 2540 ,
2766 2483 2823 2530 et
2846 2476 2899 2529 in
2927 2475 3133 2546 legibus
3161 2477 3542 2547 descripsimus
3565 2524 3578 2543 ,

1998 2573 2107 2618 tum
2134 2579 2200 2618 ex
2232 2564 2296 2618 iis
2323 2565 2390 2618 de
2415 2565 2607 2633 quibus
2634 2580 2733 2619 nos
2761 2566 2908 2633 ipsos
2935 2565 3273 2630 damnamus,
3308 2568 3431 2622 licet
3467 2572 3583 2623 nul-

1997 2657 2078 2711 lus
2102 2664 2319 2710 accuset
2342 2673 2357 2720 ;
2400 2671 2466 2709 ex
2490 2671 2553 2711 eo
2576 2656 2716 2723 quod
2743 2656 2903 2709 etiam
2928 2672 3024 2725 per
3044 2658 3305 2727 ignaviam
3350 2660 3580 2728 pejores,

1997 2764 2092 2819 per
2134 2750 2379 2803 timorem
2411 2748 2659 2802 meliores
2689 2747 2990 2803 efficiamur
3013 2792 3028 2816 ,
3060 2750 3386 2821 demumque
3417 2769 3486 2806 ex
3519 2770 3584 2807 ro

1994 2839 2137 2910 quod
2185 2840 2320 2893 alios
2369 2838 2643 2893 videamus
2690 2838 2948 2909 praeclare
3001 2851 3220 2911 agentes
3248 2843 3315 2897 ad
3344 2844 3585 2912 philoso-

2000 2932 2137 3001 phize
2175 2933 2384 2985 culmen
2429 2931 2641 2985 venisse
2668 2972 2681 2995 ,
2716 2932 2888 2995 palam
2933 2933 3000 2985 sit
3044 2949 3208 3004 penes
3254 2950 3351 2990 nos
3380 2951 3500 2991 esse
3531 2948 3587 2991 ut

1999 3032 2142 3078 recte
2172 3038 2427 3093 agamus;
2455 3037 2553 3077 cur
2596 3037 2693 3076 nos
2726 3023 2921 3078 frustra
2965 3025 3170 3095 frigidis
3196 3027 3504 3081 obtentibus
3534 3040 3588 3084 et

1997 3113 2430 3168 exeusationibus
2456 3114 2754 3183 decipimus
2775 3154 2789 3176 ,
2822 3129 2940 3185 qua:
2969 3131 3075 3168 non
3119 3116 3281 3171 modo
3312 3118 3468 3172 nobis
3498 3136 3587 3174 ve-

2000 3208 2140 3261 niam
2170 3222 2274 3260 non
2298 3206 2586 3260 concilient
2612 3246 2627 3271 ,
2671 3205 2766 3260 sed
2808 3207 2985 3275 potius
3018 3208 3356 3263 intolerabile
3386 3212 3589 3280 supplic

2000 3300 2177 3363 cium;
2206 3313 2326 3352 cum
2359 3307 2633 3367 Oporteret
2657 3298 2799 3351 diem
2826 3297 2971 3351 illum
3003 3299 3298 3354 terribilem
3330 3316 3438 3370 pra:
3470 3317 3589 3355 ocu-

2001 3392 2067 3445 lis
2106 3391 2385 3456 habentes,
2413 3390 2626 3444 virtutis
2665 3404 2847 3444 curam
2875 3405 3062 3461 gerere
3088 3399 3142 3446 et
3169 3400 3292 3462 post
3318 3392 3588 3447 modicum

2001 3482 2237 3538 laborem
2264 3482 2693 3552 incorruptibiles
2717 3497 2947 3538 coronas
2977 3485 3261 3554 accipere?
3281 3485 3421 3540 Nihil
3444 3490 3589 3541 enim

2003 3575 2156 3629 nobis
2176 3574 2465 3645 proderunt
2481 3574 2595 3629 hare
2615 3574 2773 3631 verba
2792 3593 2806 3641 ;
2823 3575 2915 3630 sed
2930 3579 3195 3645 conservi,
3216 3578 3305 3648 qui
3322 3579 3591 3633 contraria

2004 3674 2149 3721 recte
2197 3675 2451 3736 egerunt,
2504 3676 2814 3735 peccatores
2843 3682 3031 3722 omnes
3056 3668 3419 3735 damnabunt,
3464 3684 3593 3725 eruo

2004 3760 2176 3815 delem
2205 3760 2533 3825 misericors,
2568 3762 2765 3814 malum
2791 3761 2983 3827 bonus,
3010 3763 3265 3817 audacem
3295 3764 3590 3832 modestus,

2007 3850 2243 3905 invidum
2273 3851 2602 3916 benevolus,
2635 3868 2784 3907 vana:
2831 3853 3016 3922 gloria:
3054 3853 3307 3924 cupidum
3354 3854 3593 3923 philoso-

2008 3942 2145 4011 phus
2168 3984 2184 4009 ,
2216 3957 2434 4011 segnem
2463 3942 2734 3996 studiosus
2758 3985 2773 4009 ,
2808 3943 3068 3998 lascivum
3094 3957 3294 3999 castus.
3328 3945 3417 3999 Sic
3443 3947 3596 4000 nobis

2004 4032 2263 4101 judicium
2296 4032 2438 4087 Deus
2468 4032 2624 4096 feret,
2657 4042 2943 4102 utrmuque
2971 4043 3169 4088 statuet
3191 4035 3460 4099 ordinem,
3496 4036 3594 4090 hos

2011 4124 2232 4178 laudans
2258 4165 2272 4189 ,
2303 4125 2423 4178 illos
2449 4125 2698 4194 puniens.
2736 4123 2929 4178 Verum
2961 4124 3136 4191 absit,
3164 4134 3223 4179 ut
3252 4127 3595 4195 prmseutium

2008 4216 2273 4286 quispiam
2324 4231 2392 4270 ex
2443 4229 2668 4269 numero
2722 4230 2908 4269 eorum
2941 4215 3010 4268 sit
3061 4216 3150 4286 qui
3206 4216 3493 4285 punientur
3543 4228 3599 4272 et

2011 4308 2303 4375 ignominia
2329 4307 2665 4372 afficientur;
2696 4307 2788 4362 sed
2821 4308 2928 4361 sint
2956 4309 3133 4377 potius
3162 4325 3226 4363 ex
3256 4326 3482 4366 numero
3506 4327 3598 4366 eo—

2011 4415 2129 4453 rum
2172 4401 2260 4468 qui
2291 4406 2650 4463 coronantur,
2680 4407 2735 4452 et
2778 4397 3017 4453 divinum
3043 4415 3266 4468 regnum
3312 4402 3553 4458 obtinent
3581 4421 3595 4471 ;

2013 4492 2153 4561 quod
2194 4505 2293 4545 nos
2317 4504 2506 4545 omnes
2532 4490 2742 4560 assequi
2792 4492 3072 4560 contingat
3097 4534 3111 4555 ,
3162 4494 3331 4562 gratia
3359 4502 3414 4548 et
3443 4495 3599 4549 beni-

2014 4585 2214 4654 gnitate
2263 4584 2470 4638 Domini
2521 4584 2692 4637 nostri
2740 4582 2869 4637 Jesu
2915 4583 3145 4651 Christi,
3195 4587 3409 4654 quicum
3454 4587 3598 4642 Patri

2015 4691 2225 4745 unaque
2249 4675 2466 4745 Spiritui
2485 4684 2671 4730 sancto
2695 4676 2883 4746 gloria,
2908 4677 3211 4746 imperium,
3240 4678 3430 4747 honor,
3459 4696 3600 4735 nunc

2018 4778 2073 4822 et
2094 4785 2333 4838 semper,
2366 4778 2421 4825 et
2452 4770 2503 4824 in
2530 4771 2725 4824 smcula
2754 4771 3093 4825 smculorum.
3125 4774 3318 4827 Amen.

333 4883 3529 4909 mw—

1821 4948 2165 5008 HOMILIA
2211 4949 2321 5009 III.

324 5092 461 5151 Car.
493 5095 545 5148 l.
584 5108 638 5145 ν.
674 5092 758 5145 10.
793 5091 1006 5146 Obsecro
1032 5101 1198 5144 autem
1227 5107 1332 5157 vos,
1368 5095 1570 5161 fratres,
1604 5109 1693 5161 per
1731 5110 1911 5147 nomen

399 5184 618 5239 Domini
646 5184 803 5237 nostri
834 5185 865 5236 J
872 5200 955 5236 esu
986 5180 1208 5247 Christi,
1237 5193 1292 5235 ut
1321 5182 1455 5235 idem
1484 5184 1664 5237 dicatis
1691 5201 1863 5239 omnes
1891 5226 1906 5251 ,

400 5288 451 5332 et
494 5293 598 5331 non
624 5277 722 5329 sint
760 5276 813 5328 in
855 5275 989 5330 vobis
1016 5276 1322 5340 schismata;
1351 5276 1460 5329 sitis
1495 5285 1664 5330 autem
1706 5278 1914 5349 perfecti

398 5372 453 5424 in
483 5371 659 5423 eadem
682 5378 842 5423 mente
866 5377 914 5423 et
940 5369 993 5421 in
1017 5368 1191 5421 eadem
1228 5369 1492 5422 sententia.

406 5462 463 5516 ι.
495 5459 884 5529 lncrepationes
905 5459 1091 5512 sensim
1116 5467 1161 5511 et
1189 5458 1445 5512 moderate
1471 5459 1582 5527 ﬁeri
1608 5468 1824 5528 oportet.
1843 5488 1914 5499 --

330 5550 485 5620 Quod
515 5565 728 5619 semper
752 5550 996 5606 dicebam
1024 5588 1039 5613 ,
1068 5549 1264 5607 sensim
1294 5557 1347 5602 et
1374 5550 1628 5618 paulatim
1663 5551 1911 5619 increpa-

331 5646 508 5699 tiones
552 5643 665 5698 fieri
713 5652 983 5713 oportere,
1027 5642 1208 5695 hocet
1252 5641 1445 5696 Paulus
1475 5642 1560 5697 hic
1588 5641 1731 5697 facit.
1780 5642 1912 5696 item

332 5738 477 5791 enim
504 5750 743 5805 magnam
774 5736 1121 5805 ingressurus
1163 5733 1345 5788 multis
1370 5736 1583 5804 plenam
1612 5736 1866 5805 periculis
1892 5777 1907 5800 ,

339 5834 392 5882 et
416 5842 537 5896 quae
568 5836 738 5895 posset
779 5822 1081 5881 Ecclesiam
1111 5821 1344 5881 funditus
1387 5836 1667 5897 evertere,
1699 5825 1911 5880 mitiore

651 5946 922 6004 PATBOL.
968 5942 1085 6002 Gn.
1136 5944 1294 6004 LXI.

2020 5097 2186 5149 utitur
2228 5108 2501 5150 sermone.
2530 5095 2621 5149 Ait
2647 5094 2790 5150 enim
2820 5110 2880 5152 se
2928 5096 3215 5153 obsecrare
3243 5099 3392 5165 illos;
3439 5101 3601 5156 obse~

2018 5199 2172 5240 crare
2198 5193 2375 5240 autem
2404 5200 2503 5255 per
2529 5183 2801 5239 Christum
2824 5229 2837 5253 ,
2867 5188 3016 5256 quasi
3043 5188 3158 5258 ipse
3189 5190 3336 5244 solus
3364 5207 3467 5246 non
3490 5193 3602 5248 suf-

2017 5278 2201 5332 ﬁceret
2224 5277 2289 5332 ad
2309 5278 2469 5332 talem
2492 5278 2956 5348 supplicationem,
2980 5289 3035 5334 et
3056 5280 3122 5335 ad
3150 5283 3598 5350 persuadendum.

2017 5367 2152 5435 Quid
2202 5378 2286 5423 est
2330 5377 2509 5423 autem
2529 5411 2545 5437 ,
2578 5369 2814 5425 Obsecro
2844 5386 2940 5439 per
2964 5370 3275 5427 Christum?
3323 5374 3602 5431 Christum

2020 5462 2247 5518 adbibeo
2290 5463 2492 5517 socium
2514 5503 2529 5528 ,
2561 5472 2615 5517 et
2644 5462 2697 5516 in
2746 5464 3001 5517 auxilium
3027 5465 3145 5533 ejus
3187 5482 3380 5523 nomen
3413 5469 3603 5536 injuria

2021 5562 2076 5608 et
2117 5554 2439 5609 contumelia
2468 5553 2738 5609 allectum.
2792 5556 3095 5611 Admodum
3144 5561 3416 5628 apposite,
3450 5570 3505 5613 ut
3536 5578 3599 5617 ne

2023 5645 2100 5700 illi
2155 5646 2496 5715 impudenter
2545 5648 3175 5717 agerentzimpudentes
3218 5652 3359 5705 enim
3410 5667 3602 5720 pecca-

2024 5745 2132 5789 tum
2184 5735 2327 5791 facit.
2364 5735 2490 5791 ldeo
2514 5737 2559 5791 si
2586 5737 2764 5793 statim
2796 5737 3010 5806 quidem
3044 5740 3392 5795 vehementer
3428 5743 3603 5799 incre-

2023 5829 2251 5897 paveris,
2299 5828 2557 5885 immitem
2603 5837 2657 5885 et
2704 5829 3063 5899 impudentem
3113 5830 3320 5885 efficis:
3353 5834 3397 5887 si
3430 5834 3600 5890 incre-

3198 5927 3232 5987 2
