4086 6428
484 413 556 470 εδ
1208 399 1265 458 S.
1303 395 1578 455 JOANNIS
1595 387 2062 451 CHRYSOSTOMI
2103 387 2416 448 ARCHJEP.
2454 384 2982 445 CONSTANTINOP.

490 528 720 599 paveris,
751 525 1012 581 cervicem
1059 518 1288 585 flexisti,
1320 513 1571 585 loquendi
1615 511 1912 566 libertatem
1939 507 2060 562 abs-

490 597 732 683 traxisti,
765 626 824 672 ut
846 615 1094 671 deorsum
1123 610 1382 678 aspiceret
1409 605 1602 660 fecisti.
1640 600 1794 670 Quod
1833 597 2069 653 efficiens

490 712 686 767 Paulus
709 710 924 765 interim
954 707 1200 761 obsecrat
1229 716 1324 770 per
1353 713 1548 753 nomen
1576 695 1797 750 Christi.
1823 691 1894 747 Et
1917 689 2068 760 quid-

491 819 616 858 nam
643 799 932 858 obsecrat?
966 797 1033 852 Ut
1073 795 1206 848 idem
1236 791 1418 845 dicatis
1448 804 1619 843 omnes
1638 825 1654 852 ,
1687 794 1733 838 et
1760 799 1862 837 non
1889 783 1989 836 sint
2018 781 2071 834 in

491 893 629 949 vobis
667 893 960 948 schismata.
1007 883 1324 942 Schismatis
1351 879 1652 950 emphatica
1682 875 1762 932 vis
1792 876 2073 945 ipsumque

490 984 845 1040 accusationis
875 995 1070 1037 nomen
1100 977 1230 1032 satis
1258 983 1446 1040 erant,
1480 983 1532 1027 ut
1576 971 1697 1026 illos
1724 968 1919 1024 acriter
1947 979 2070 1035 per-

491 1077 832 1145 stringerent.
860 1072 975 1128 Non
1006 1070 1148 1132 enim
1180 1069 1392 1122 fuerunt
1423 1064 1603 1118 multa:
1626 1070 1804 1132 partes
1825 1060 2066 1126 integrae,

493 1167 587 1223 sed
613 1166 774 1222 etiam
801 1178 904 1218 una
935 1162 1189 1232 perierat.
1218 1158 1352 1212 Nam
1374 1156 1417 1211 si
1446 1155 1702 1210 Ecclesia:
1721 1158 1905 1207 essent
1932 1149 2070 1202 inte-

492 1273 636 1328 grae,
669 1254 820 1310 multi
847 1261 1030 1309 essent
1049 1259 1224 1307 coetus
1249 1266 1263 1302 :
1295 1248 1341 1301 si
1370 1256 1546 1300 autem
1573 1243 1879 1306 schismata,
1910 1251 2072 1293 unum

495 1348 759 1419 periisset.
791 1346 922 1402 Nam
953 1343 1094 1415 quod
1124 1343 1387 1412 integrum
1417 1346 1534 1404 est,
1563 1351 1686 1391 cum
1716 1335 1768 1389 in
1799 1331 1963 1388 multa
1993 1329 2076 1384 di-

494 1418 730 1503 viditur,
759 1451 865 1491 non
913 1433 1073 1488 modo
1125 1448 1228 1486 non
1277 1430 1444 1484 multa
1491 1426 1754 1490 efﬁcitur,
1799 1421 1892 1478 sed
1935 1418 2076 1490 quod

495 1545 661 1584 unum
689 1536 803 1584 erat
833 1525 993 1596 perit.
1024 1523 1168 1579 Talis
1198 1530 1279 1575 est
1303 1519 1650 1574 schismatum
1683 1523 1889 1570 natura.
1927 1511 2077 1565 Dein-

498 1622 566 1677 de
588 1619 711 1690 quia
741 1615 1027 1672 admodum
1059 1610 1446 1682 perStrinxerat
1481 1607 1785 1663 schismatis
1815 1603 2031 1658 nomine
2059 1641 2075 1665 ,

496 1725 684 1767 rursus
711 1708 843 1764 lenit
884 1717 938 1762 et
969 1705 1174 1774 mitigat
1203 1703 1285 1756 his
1316 1700 1491 1755 verbis
1521 1717 1534 1754 :
1565 1698 1691 1754 Sitis
1722 1705 1889 1750 autem
1914 1692 2079 1761 perfe-

497 1804 564 1856 cti
591 1803 645 1855 in
690 1799 864 1854 eadem
890 1807 1054 1850 mente
1099 1803 1146 1848 et
1187 1794 1240 1847 in
1273 1791 1445 1844 cadent
1472 1789 1737 1844 sententia.
1769 1785 1902 1853 Quia
1933 1783 2076 1837 enim

496 1895 739 1960 dixerat,
774 1889 840 1946 Ut
869 1889 1002 1943 idem
1027 1885 1209 1940 dicatis
1232 1901 1250 1948 ,'
1271 1883 1348 1938 Ne
1378 1881 1598 1952 putetis,
1626 1878 1818 1949 inquit,
1846 1890 1933 1930 nte
1959 1889 2082 1943 con-

502 1987 740 2040 cordiam
792 1982 991 2035 dixisse
1037 1979 1089 2032 in
1123 1976 1301 2031 verbis
1344 1973 1516 2029 solum
1545 1971 1742 2026 sitam:
1787 1983 1904 2024 eam
1935 1965 2079 2020 enim

499 2091 618 2147 qua:
645 2076 699 2130 in
726 2081 906 2128 mente
935 2078 1018 2126 est
1047 2065 1389 2124 concordiam
1417 2063 1654 2133 requiro.
1681 2059 1787 2116 Sed
1815 2058 1937 2129 quia
1968 2055 2081 2110 fieri

499 2175 711 2238 potest,
745 2174 804 2222 ut
830 2164 1062 2233 idipsnm
1092 2167 1274 2216 mente
1302 2157 1485 2212 dicant
1513 2195 1528 2221 ,
1571 2154 1667 2210 sed
1695 2168 1800 2206 non
1843 2151 1895 2205 in
1921 2148 2083 2204 rebus

506 2260 758 2317 omnibus
778 2300 794 2327 ,
828 2256 950 2313 ideo
977 2252 1105 2310 illud
1136 2251 1295 2308 etiam
1325 2247 1547 2313 addidit,
1575 2245 1702 2302 Sitis
1727 2254 1892 2298 autem
1915 2243 2084 2313 perfe-

501 2356 589 2410 cti.
620 2353 722 2423 Qui
746 2353 890 2408 enim
919 2350 970 2406 in
1001 2349 1181 2418 aliquo
1200 2347 1420 2417 junctus
1448 2352 1562 2408 est,
1591 2341 1644 2396 in
1688 2341 1865 2410 aliquo
1907 2347 2085 2393 autem

505 2445 762 2511 dissidet,
805 2457 912 2499 non
961 2440 1145 2511 utique
1197 2435 1466 2508 perfectus
1494 2443 1613 2502 est,
1653 2447 1828 2502 neque
1877 2433 1930 2484 in
1977 2437 2087 2483 toto

504 2536 794 2592 consentit.
842 2531 986 2589 Fieri
1035 2539 1212 2584 autem
1253 2535 1469 2597 potest,
1509 2532 1567 2579 ut
1607 2523 1729 2594 quis
1766 2521 2089 2590 cogitatione

507 2626 832 2692 concordet,
875 2637 1053 2694 neque
1092 2629 1270 2675 tamen
1315 2616 1580 2673 sententia
1619 2633 1632 2669 :
1684 2623 1740 2669 ut
1783 2629 1904 2668 cum
1945 2627 2091 2668 eam-

507 2723 632 2778 dem
684 2720 944 2775 habentes
989 2714 1178 2776 ﬁdem.
1229 2712 1450 2767 caritate
1493 2707 1664 2780 juncti
1726 2721 1833 2761 non
1881 2719 2087 2760 sumus.

508 2813 600 2870 Sic
658 2811 802 2867 enim
854 2805 1146 2864 secundum
1201 2802 1433 2873 cogitata
1477 2800 1649 2870 juncti
1710 2810 1897 2853 sumus
1953 2797 1971 2860 (
1998 2809 2089 2850 ea-

510 2905 634 2960 dem
679 2900 879 2972 quippe
921 2893 1244 2965 cogitamus)
1273 2938 1285 2961 ,
1317 2891 1582 2948 sententia
1614 2905 1741 2944 vero
1769 2904 1874 2943 non
1917 2889 2048 2942 item
2075 2903 2090 2940 :

510 2995 655 3068 quod
684 2994 845 3050 etiam
875 3001 1002 3046 tunc
1030 2988 1226 3043 factum
1257 2996 1375 3052 est,
1405 2999 1526 3038 eum
1558 2982 1645 3037 hic
1679 2980 1893 3051 quidem
1922 2979 2088 3042 illum,

515 3067 608 3144 ille
649 3085 814 3141 alium
844 3082 1091 3152 eligeret.
1141 3078 1264 3132 Ideo
1311 3075 1384 3130 ait
1427 3083 1482 3129 et
1521 3083 1704 3128 mente
1731 3081 1787 3126 et
1831 3067 2094 3125 sententia

507 3176 661 3249 jungi
689 3173 907 3230 debere.
935 3169 1120 3238 Neque
1163 3166 1306 3222 enim
1333 3163 1474 3234 quod
1503 3163 1558 3218 in
1586 3162 1692 3218 fide
1739 3159 2094 3224 dissiderent,

517 3266 810 3322 schismata
863 3270 1055 3324 erant;
1105 3256 1200 3313 sed
1243 3253 1388 3326 quod
1417 3252 1682 3308 sententia
1713 3250 2096 3306 dirimerentur

519 3357 813 3416 secundum
836 3355 1124 3412 humanam
1153 3344 1708 3405 contentionenLSed
1731 3343 1983 3413 quoniam
2009 3341 2055 3396 is
2079 3381 2096 3409 ,

519 3452 612 3522 qui
638 3455 954 3519 accusatur,
985 3444 1160 3500 donec
1201 3448 1366 3495 testes
1393 3452 1499 3492 non
1540 3431 2100 3501 habet,impudenter

520 3544 664 3615 agit;
695 3539 816 3596 vide
845 3535 1115 3609 quomodo
1142 3548 1249 3589 non
1280 3529 1581 3587 concedens
1607 3537 1665 3581 ut
1693 3535 1908 3596 negent,
1938 3531 2102 3578 testes

523 3613 768 3689 adducat.
820 3631 906 3686 11.
952 3626 1312 3698 Signi/iculum
1343 3620 1484 3676 enim
1537 3626 1608 3674 est
1653 3617 1780 3670 mihi
1819 3615 1884 3668 de
1921 3613 2098 3680 vobis,

525 3730 707 3802 fratres
731 3765 746 3788 ,
779 3723 842 3777 ab
884 3721 946 3774 iis
970 3719 1054 3784 qui
1081 3726 1198 3772 sunt
1228 3713 1429 3769 Chloes.
1461 3709 1646 3779 Neque
1681 3707 1862 3762 statim
1893 3705 1992 3759 hoc
2022 3702 2104 3758 di-

527 3797 700 3881 xerat,
730 3813 824 3869 sed
847 3814 1019 3881 primo
1041 3807 1440 3863 accusationem
1461 3809 1734 3873 posuerat,
1767 3797 1908 3868 quod
1931 3797 2101 3866 ipsum

528 3904 952 3976 significantibus
978 3899 1274 3956 credidisse
1301 3896 1524 3968 probat:
1556 3891 1659 3947 nisi
1687 3891 1830 3947 enim
1853 3889 1954 3943 hoc
1983 3886 2107 3942 fuis-

527 4012 639 4064 set,
670 4012 774 4052 non
804 4000 1108 4050 accusasset
1133 4009 1146 4046 :
1175 4006 1282 4046 non
1327 3997 1530 4044 temere
1560 3984 1702 4041 enim
1748 3982 1943 4038 Paulus
1982 3994 2107 4035 cre-

527 4091 770 4146 didisset.
818 4085 1000 4156 Neque
1041 4082 1220 4138 statim
1262 4079 1390 4134 dixit
1423 4077 1525 4134 sibi
1564 4072 1920 4145 signiﬁcatum
1949 4083 2103 4132 esse,

530 4197 598 4236 ne
629 4179 897 4234 videretur
923 4172 1077 4245 quasi
1104 4171 1174 4227 ab
1202 4169 1306 4225 illis
1331 4167 1579 4240 inductus
1604 4176 1860 4219 accusare
1889 4179 1901 4213 :
1935 4172 2110 4227 neque

532 4271 694 4328 tacuit
721 4283 904 4325 eorum
936 4278 1158 4330 nomen,
1188 4275 1256 4316 ne
1280 4259 1555 4314 videretur
1581 4271 1647 4311 ex
1681 4270 1739 4309 se
1767 4251 1882 4307 solo
1909 4249 2108 4305 dicere.

533 4363 740 4420 Rursus
789 4359 912 4417 illos
938 4356 1134 4412 fratres
1176 4351 1437 4409 nominat.
1471 4347 1622 4403 Licet
1664 4345 1806 4401 enim
1838 4348 2112 4414 peccatum

535 4453 872 4510 manifestum
919 4455 1094 4512 esset,
1127 4442 1258 4498 nihil
1288 4437 1616 4510 impediebat
1662 4435 1946 4505 quominus
1992 4430 2114 4486 illos

535 4545 709 4600 adhuc
739 4541 934 4596 fratres
959 4541 1198 4592 vocaret.
1225 4528 1516 4587 Considera
1543 4535 1726 4581 autem
1754 4522 2114 4594 prudentiam,

539 4630 810 4706 quomodo
839 4644 944 4683 non
971 4633 1274 4696 separatam
1295 4632 1583 4692 personam
1624 4614 1878 4686 posuerit,
1904 4612 1998 4668 sed
2023 4611 2120 4667 do-

540 4704 686 4780 mum
714 4729 902 4786 totam,
935 4732 1002 4772 ne
1027 4714 1130 4786 ipsi
1156 4715 1475 4783 impeterent
1499 4724 1622 4764 eum
1654 4705 1744 4776 qui
1771 4705 1826 4760 id
1856 4704 2114 4760 dixisset:

539 4817 612 4871 ita
641 4813 785 4869 enim
814 4820 869 4865 et
898 4809 1046 4862 illum
1084 4804 1248 4869 texit,
1281 4811 1336 4856 et
1373 4798 1767 4854 accusationem
1812 4797 1929 4852 sine
1975 4803 2122 4850 metu

540 4905 769 4975 aperuit.
796 4901 912 4956 Non
950 4897 1082 4953 vidit
1121 4894 1265 4951 enim
1309 4893 1482 4948 solum
1509 4891 1650 4961 quod
1680 4891 1806 4953 illis,
1830 4889 1924 4944 sed
1957 4888 2120 4944 etiam

542 4996 684 5070 quod
710 4993 792 5050 his
821 4989 1114 5060 expediret.
1148 4986 1271 5042 Ideo
1293 4999 1398 5039 non
1428 4983 1596 5047 dixit,
1621 4981 1991 5052 Signiﬁcatum
2022 4980 2125 5036 mi-

546 5087 605 5144 hi
631 5094 713 5142 est
740 5099 769 5137 a
797 5080 1150 5152 quibusdam;
1182 5076 1276 5133 sed
1305 5076 1466 5130 etiam
1504 5073 1721 5128 domum
1751 5071 2042 5138 indicavit,
2069 5079 2128 5125 ut

547 5198 617 5236 ne
637 5177 906 5234 videretur
925 5170 1279 5230 comminisci.
1299 5168 1434 5235 Quid
1456 5167 1810 5238 significatum
1829 5167 1952 5221 est?
1973 5166 2127 5234 Quod

550 5268 889 5326 contentiones
918 5265 1016 5319 sint
1044 5265 1099 5318 in
1127 5261 1283 5316 vobis.
1317 5259 1540 5328 Quando
1567 5257 1689 5313 illos
1718 5257 1998 5328 increpat,
2043 5255 2127 5310 di-

535 5363 664 5416 cit:
694 5357 776 5412 Ne
794 5358 901 5412 sint
919 5356 971 5408 in
997 5354 1135 5408 vobis
1159 5353 1462 5414 schismata;
1487 5365 1606 5404 cum
1638 5359 1816 5403 autem
1846 5364 1966 5418 qua:
1991 5346 2129 5400 alio-

557 5470 676 5510 rum
705 5458 831 5506 sunt
857 5447 1170 5508 annuntiat,
1200 5443 1381 5498 mitius
1407 5441 1561 5497 eﬂ‘ert
1587 5440 1671 5496 his
1712 5441 1890 5495 verbis
1916 5458 1927 5492 :
1954 5439 2135 5509 Signi-

559 5547 766 5616 ﬁcatum
801 5541 933 5596 enim
961 5547 1030 5592 est
1053 5536 1198 5601 mihi,
1227 5533 1361 5604 quod
1387 5533 1723 5586 contentiones
1747 5540 1863 5586 sunt
1884 5532 1937 5585 in
1962 5530 2136 5594 vobis;

561 5647 620 5692 ut
649 5651 717 5691 ne
741 5648 834 5688 eos
856 5631 948 5702 qui
973 5628 1250 5694 dixerant,
1282 5642 1386 5680 una
1417 5625 1722 5695 impeteret.
1747 5623 1950 5680 Deinde
1968 5639 2139 5694 genus

563 5723 920 5782 contentionis
949 5722 1118 5777 dicit:
1151 5719 1236 5773 12.
1270 5717 1418 5783 Quod
1455 5718 1792 5787 unusquisque
1817 5725 2033 5771 vestrum
2059 5716 2142 5771 di-

566 5819 632 5874 cit
658 5858 672 5884 ,
724 5815 834 5887 Ego
863 5814 1063 5884 quidem
1093 5828 1207 5867 sum
1236 5809 1392 5866 Pauli
1423 5850 1436 5875 ,
1471 5825 1561 5879 ego
1590 5818 1756 5865 autem
1784 5809 1971 5878 Apollo
1999 5851 2013 5878 ,
2041 5825 2137 5880 ego

3689 383 3763 439 ει

2181 521 2296 560 vero
2316 505 2520 576 Cephte.
2548 504 2929 562 Contentiones
2947 503 3090 560 enim
3111 503 3232 560 dico
3247 546 3262 571 ,
3295 504 3504 575 inquit,
3530 518 3635 558 non
3661 518 3762 560 eas

2175 611 2296 665 qua:
2323 594 2390 650 de
2441 594 2601 650 rebus
2655 595 2877 666 privatis
2905 603 3069 662 sunt,
3123 596 3218 650 sed
3247 595 3545 664 graviores.
3600 593 3757 661 Quod

2175 687 2514 756 unusquisque
2540 696 2758 741 vestrum
2786 688 2928 743 dicit.
2960 686 3076 742 Non
3103 689 3245 742 enim
3277 695 3482 757 partem
3501 729 3518 752 ,
3548 686 3644 742 sed
3675 695 3764 740 to-

2178 785 2286 832 tam
2335 777 2629 832 Ecclesiam
2677 778 2949 848 corruptio
2975 778 3310 834 devastabat.
3342 777 3505 848 Atqui
3547 791 3647 832 nec
3687 777 3762 832 de

2177 869 2388 938 seipse,
2425 883 2524 924 nec
2563 869 2630 925 de
2667 869 2861 937 Petro,
2888 884 2987 925 nec
3014 870 3083 926 de
3113 870 3304 940 Apollo
3343 871 3627 934 dicebant;
3661 870 3766 924 sed

2176 959 2449 1024 ostendit,
2498 959 2640 1029 quod
2687 961 2731 1015 si
2774 959 2859 1015 his
2897 961 3229 1017 innitendum
3271 976 3376 1015 non
3419 971 3537 1027 est,
3583 960 3761 1015 multo

2179 1051 2356 1106 minus
2382 1050 2524 1105 aliis.
2555 1050 2708 1118 Quod
2749 1060 2926 1107 autem
2964 1068 3070 1106 non
3110 1052 3178 1107 de
3208 1052 3292 1106 his
3309 1051 3588 1117 dicerent,
3621 1049 3766 1105 infra

2179 1141 2347 1196 dicit:
2381 1140 2509 1195 Hac
2535 1151 2700 1196 autem
2725 1143 3087 1213 transﬁgurari
3112 1144 3166 1197 in
3206 1159 3286 1197 me
3311 1153 3359 1197 et
3385 1143 3592 1212 Apollo,
3624 1153 3682 1196 ut
3705 1143 3768 1196 in

2178 1235 2322 1288 nobis
2366 1233 2574 1288 discetis
2615 1250 2717 1288 non
2759 1251 2917 1304 supra
2953 1235 3011 1288 id
3037 1234 3175 1305 quod
3204 1236 3447 1303 scriptum
3483 1245 3555 1288 est
3583 1249 3769 1304 supch

2183 1328 2261 1398 (ι.
2291 1325 2414 1382 Cor.
2444 1328 2500 1382 4.
2530 1326 2609 1398 2).
2639 1327 2794 1394 Quod
2829 1327 2875 1382 si
2902 1327 3055 1382 Pauli
3080 1369 3096 1395 ,
3123 1327 3316 1398 Apollo
3349 1336 3402 1382 et
3427 1325 3626 1396 Cephae
3651 1340 3767 1380 non

2180 1420 2460 1490 oportebat
2487 1419 2589 1474 sibi
2613 1419 2828 1474 nomina
2856 1418 3193 1484 adscribere,
3220 1419 3392 1472 multo
3420 1419 3596 1472 minus
3620 1416 3766 1471 alio-

2182 1528 2322 1567 rum.
2352 1511 2406 1566 Si
2437 1511 2715 1565 doctorem
2745 1520 2798 1565 et
2828 1511 3059 1579 primum
3083 1510 3450 1579 apostolorum
3469 1551 3484 1574 ,
3517 1509 3605 1577 qui
3633 1519 3758 1562 tan-

2185 1615 2295 1659 tum
2334 1604 2634 1658 instituerat
2664 1603 2918 1672 populum
2939 1642 2954 1667 ,
2986 1617 3091 1656 non
3123 1602 3404 1672 oportebat
3433 1601 3531 1654 sibi
3555 1599 3773 1654 adscri-

2182 1695 2331 1759 bere,
2356 1696 2522 1748 multo
2544 1694 2720 1747 minus
2739 1707 2832 1747 eos
2851 1693 2940 1762 qui
2964 1691 3096 1746 nihil
3120 1701 3293 1746 erant.
3319 1689 3448 1745 Cum
3470 1689 3771 1761 hyperbole

2184 1786 2362 1856 itaque
2392 1785 2511 1839 illos
2555 1799 2585 1838 a
2627 1783 2815 1838 morbo
2843 1783 3111 1838 abducere
3139 1782 3361 1836 studens
3407 1781 3523 1836 haec
3548 1781 3772 1836 nomina

2185 1878 2356 1948 ponit.
2401 1876 2648 1947 Alioquin
2683 1890 2812 1930 vero
2858 1875 3018 1929 etiam
3050 1875 3226 1929 minus
3256 1875 3534 1930 molestam
3565 1874 3773 1929 oratio-

2187 1985 2308 2024 nem
2339 1967 2554 2036 reddit,
2585 1982 2690 2022 non
2730 1967 3045 2022 nominatim
3072 1980 3360 2021 recensens
3385 1980 3480 2021 eos
3503 1966 3593 2035 qui
3619 1965 3773 2020 scin-

2187 2061 2384 2118 debant
2411 2061 2704 2116 Ecclesiam
2731 2100 2745 2124 ,
2774 2059 2870 2115 sed
2899 2061 3050 2130 quasi
3093 2058 3256 2113 larvis
3279 2057 3596 2128 quibusdam
3633 2071 3774 2126 apo-

2188 2154 2446 2210 stolorum
2468 2152 2772 2209 nominibus
2793 2153 2938 2221 ipsos
2962 2150 3222 2220 obtegens
3247 2169 3260 2203 :
3290 2150 3403 2220 Ego
3429 2150 3634 2217 quidem
3655 2159 3777 2203 sum

2191 2245 2347 2300 Pauli
2371 2287 2385 2310 ,
2418 2261 2508 2316 ego
2537 2255 2705 2298 autem
2734 2243 2919 2314 Apollo
2941 2283 2956 2306 ,
2986 2259 3080 2314 ego
3107 2257 3221 2296 vero
3245 2240 3448 2312 Cephat.

2259 2339 2316 2394 2.
2351 2337 2548 2392 Paulus
2572 2353 2675 2390 non
2703 2338 2908 2407 praefert
2933 2351 2986 2388 se
3016 2331 3190 2390 Petro.
3211 2362 3282 2376 --
3310 2333 3427 2388 Non
3463 2333 3760 2402 prmierens

2192 2445 2252 2486 se
2283 2430 2462 2494 Petro,
2491 2427 2671 2499 posuit
2713 2426 2863 2481 illum
2926 2424 3208 2490 ultimum;
3239 2425 3346 2478 imo
3385 2438 3516 2478 vero
3555 2424 3779 2478 Petrum

2195 2521 2296 2576 sibi
2324 2519 2478 2574 valde
2507 2531 2842 2589 praeponens,
2872 2529 2970 2585 per
3018 2514 3493 2584 amplificationem
3521 2513 3783 2582 loquutus

2196 2622 2298 2677 est,
2329 2627 2398 2666 ne
2439 2618 2712 2679 putaretur
2755 2609 2858 2662 hoc
2888 2622 2987 2676 per
3034 2606 3294 2660 invidiam
3343 2605 3541 2673 facere,
3584 2615 3639 2662 et
3667 2621 3783 2675 pra:

2197 2705 2365 2760 livore
2387 2702 2517 2771 ipsis
2561 2700 2820 2755 honorem
2853 2697 3086 2752 auferre.
3117 2695 3242 2751 Ideo
3271 2697 3510 2767 seipsum
3539 2698 3774 2767 primum

2197 2797 2394 2866 posuit.
2427 2793 2559 2849 Nam
2585 2793 2674 2864 qui
2704 2807 2763 2847 se
2802 2791 3030 2860 primum
3063 2791 3335 2858 reprobat,
3365 2804 3470 2845 non
3501 2789 3641 2859 quod
3671 2789 3781 2844 ho-

2197 2903 2388 2944 norem
2436 2895 2582 2942 amet
2620 2885 2723 2940 hoc
2748 2883 2893 2948 facit,
2925 2881 3022 2938 sed
3051 2881 3194 2951 quod
3242 2882 3404 2936 talem
3433 2882 3655 2952 gloriam
3684 2881 3784 2936 ad-

2199 2980 2417 3035 modum
2444 2976 2722 3046 despiciat.
2747 2974 2942 3030 Totum
2969 2988 3098 3044 ergo
3128 2973 3384 3043 impetum
3413 2974 3614 3042 primus
3643 2974 3786 3027 exci-

2202 3069 2297 3139 pit,
2330 3077 2559 3136 tuncque
2586 3065 2735 3135 ponit
2753 3063 2965 3133 Apollo,
2990 3072 3176 3133 postea
3202 3062 3469 3134 Cepham.
3499 3062 3618 3118 Non
3651 3078 3787 3133 ergo

2200 3174 2323 3215 sese
2348 3157 2612 3214 extollens
2641 3155 2693 3210 id
2719 3154 2875 3220 fecit;
2905 3153 2998 3210 sed
3019 3153 3070 3208 in
3101 3154 3186 3221 iis,
3213 3170 3332 3224 qua:
3357 3153 3472 3209 ﬁeri
3495 3169 3603 3209 non
3622 3169 3788 3224 apor-

2202 3250 2348 3314 tebat
2370 3290 2385 3313 ,
2421 3264 2516 3318 per
2543 3247 2811 3318 propriam
2845 3260 3128 3316 personam
3178 3246 3355 3315 primo
3390 3246 3788 3301 correctionem

2202 3341 2348 3397 facit.
2380 3339 2486 3396 Sed
2511 3338 2652 3410 quod
2678 3339 2714 3393 ii
2734 3337 2972 3410 quidem,
3001 3337 3090 3408 qui
3119 3335 3241 3390 huic
3268 3336 3352 3392 vel
3376 3336 3466 3390 alii
3502 3352 3562 3391 se
3582 3335 3795 3391 adseri-

2206 3436 2416 3501 herent,
2447 3441 2753 3503 peccarent,
2783 3430 2962 3501 palam
2997 3439 3082 3484 est
3109 3445 3125 3483 :
3157 3443 3220 3483 ac
3246 3435 3395 3483 recte
3426 3427 3546 3482 illos
3567 3428 3794 3496 corrigit

2204 3526 2388 3581 dicens
2422 3523 2577 3580 :Non
2605 3523 2740 3580 bene
2783 3521 2956 3576 facitis
2992 3519 3267 3584 dicentes,
3312 3517 3423 3589 Ego
3448 3519 3653 3587 quidem
3675 3534 3794 3572 sunt

2207 3618 2384 3682 Pauli,
2407 3632 2500 3685 ego
2531 3625 2700 3668 autem
2728 3613 2934 3682 Apollo,
2961 3628 3050 3682 ego
3077 3627 3189 3665 vero
3234 3608 3437 3680 Cephw.
3472 3609 3581 3664 Cur
3605 3620 3791 3664 autem

2207 3708 2430 3773 addidit,
2464 3707 2574 3778 Ego
2595 3723 2709 3765 vero
2732 3704 3109 3761 Christi?Nam
3139 3703 3185 3760 si
3215 3703 3250 3758 ii
3274 3703 3363 3774 qui
3393 3718 3453 3759 se
3477 3703 3793 3758 hominibus

2211 3800 2613 3869 adscripserunt
2641 3811 2952 3866 peccavere,
2991 3811 3097 3849 non
3129 3803 3280 3850 certe
3311 3794 3348 3848 ii
3376 3795 3546 3864 quise
3569 3791 3790 3848 Christo

2212 3889 2553 3946 addicebant.
2579 3887 2685 3945 Sed
2736 3901 2841 3941 non
2869 3900 2962 3940 eos
2985 3884 3086 3943 hac
3113 3885 3182 3938 de
3211 3899 3272 3939 re
3301 3883 3607 3948 accusabat,
3645 3883 3794 3952 quod

2209 3994 2272 4035 se
2291 3977 2505 4032 Christo
2531 3975 2921 4041 adscribi-rent,
2947 3973 3042 4028 sed
3067 3975 3242 4028 solum
3273 3973 3416 4044 quod
3445 3987 3554 4044 non.
3577 3986 3792 4026 omnes.

2213 4068 2351 4124 Puto
2371 4076 2551 4121 autem
2583 4066 2756 4136 ipsum
2789 4063 2889 4118 hoc
2918 4078 2982 4118 ex
3010 4077 3071 4118 se
3093 4062 3378 4131 adiecisse,
3409 4071 3468 4116 ut
3490 4063 3798 4132 graviorem

2217 4158 2418 4213 faceret
2455 4155 2851 4211 accusationem
2875 4195 2889 4219 ,
2947 4163 3004 4209 et
3052 4153 3363 4208 ostenderet
3386 4153 3657 4208 Christum
3701 4153 3801 4208 uni

2217 4247 2402 4302 datum
2433 4261 2556 4302 esse
2585 4244 2743 4315 parti,
2791 4242 3000 4298 etiamsi
3043 4243 3119 4296 illi
3151 4243 3254 4298 hoc
3289 4256 3395 4297 non
3422 4243 3501 4298 sic
3535 4244 3799 4298 facerent.

2218 4340 2372 4410 Quod
2395 4341 2540 4396 enim
2588 4340 2690 4392 hoc
2719 4336 3160 4398 subindicaverit,
3190 4351 3287 4406 per
3311 4351 3374 4391 ea
3405 4351 3524 4406 qua:
3553 4347 3798 4402 sequun-

2223 4443 2307 4487 tur
2332 4430 2568 4487 ostendit
2588 4429 2773 4484 dicens
2806 4445 2820 4483 :
2849 4429 2936 4483 15.
2969 4426 3177 4482 Divisus
3197 4438 3269 4482 est
3300 4426 3531 4483 Christus
3556 4427 3582 4483 .9
3610 4426 3666 4482 ld
3693 4435 3802 4492 est,

2221 4522 2492 4578 Christum
2514 4518 2849 4586 concidistis,
2869 4528 2922 4573 et
2943 4533 3139 4588 corpus
3163 4519 3280 4588 ejus
3311 4519 3592 4576 divisistis.
3636 4518 3807 4574 Vides

2221 4617 2379 4680 iram,
2412 4612 2564 4667 vides
2584 4609 3031 4680 increpationem,
3056 4609 3202 4665 vides
3231 4624 3536 4668 sermonem
3560 4609 3811 4680 indigna-

2226 4709 2371 4763 tione
2399 4703 2652 4776 plenum?
2673 4703 2805 4757 Cum
2832 4702 2976 4758 enim
3005 4719 3110 4755 non
3140 4701 3452 4770 probatione
3481 4710 3681 4766 utatur,
3707 4700 3809 4756 sed

2228 4802 2522 4870 interroget
2561 4805 2767 4851 tantum
2789 4835 2803 4857 ,
2837 4794 2941 4849 hoc
2969 4793 3094 4848 facit
3118 4797 3271 4862 quasi
3302 4793 3607 4848 absurditas
3636 4793 3725 4846 illa
3752 4793 3812 4848 in

2229 4890 2476 4946 confesso
2507 4889 2596 4942 sit.
2626 4886 2853 4952 Quidam
2876 4899 3005 4941 vero
3031 4882 3176 4938 aliud
3197 4883 3541 4938 subindicare
3570 4890 3758 4952 putant
3787 4923 3808 4948 ,

2229 4997 2348 5038 cum
2390 4981 2496 5035 ait:
2522 4977 2730 5032 Divisus
2767 4985 2840 5029 est
2866 4973 3098 5031 Christus
3122 4990 3141 5039 ;
3164 4989 3358 5044 nempe
3379 4973 3646 5043 dispertiit
3671 4971 3817 5042 apud

2232 5073 2474 5128 homines
2501 5081 2555 5125 et
2580 5069 2759 5124 divisit
2792 5067 3110 5130 Ecclesiam,
3139 5075 3194 5120 et
3216 5076 3421 5134 partem
3450 5063 3664 5135 quidem
3698 5063 3819 5132 ipse

2232 5165 2396 5233 cepit,
2419 5163 2685 5231 aliamque
2710 5159 2815 5214 illis
2841 5158 3006 5213 dedit.
3043 5153 3246 5212 Deinde
3265 5156 3648 5212 absurditatem
3667 5154 3819 5209 illam

2237 5255 2375 5311 tollit
2397 5253 2618 5309 dicens:
2659 5250 2923 5320 Numquid
2954 5247 3153 5302 Paulus
3193 5249 3471 5316 cruciﬁxus
3492 5257 3562 5302 est
3592 5262 3686 5315 pro
3715 5262 3814 5301 vo-

2237 5349 2333 5415 bis,
2361 5357 2451 5402 aut
2473 5348 2528 5401 in
2558 5345 2760 5400 nomine
2785 5342 2942 5397 Pauli
2972 5341 3214 5412 baptizati
3233 5341 3396 5395 estis?
3425 5339 3555 5395 Vide
3581 5349 3822 5394 mentem

2240 5439 2436 5496 Christi
2467 5449 2736 5492 amantem
2759 5477 2773 5497 ,
2805 5433 3077 5504 quomodo
3133 5435 3186 5486 in
3233 5446 3430 5488 nomen
3478 5444 3634 5485 suum
3668 5430 3824 5485 dein-

2241 5549 2370 5603 ceps
2403 5541 2573 5586 totum
2613 5529 2842 5584 adducat
2868 5568 2883 5594 ,
2905 5526 3134 5582 ubertim
3163 5524 3454 5579 ostendens
3482 5522 3623 5578 hunc
3649 5523 3823 5576 honoo

2246 5639 2360 5679 rem
2382 5621 2581 5678 nemini
2599 5627 2929 5690 competere.
2957 5621 3031 5670 Ac
3056 5630 3124 5670 ne
3153 5613 3395 5669 videatur
3421 5613 3619 5668 invidia
3647 5621 3826 5666 motus

2249 5714 2365 5769 haec
2413 5712 2632 5777 dicere,
2674 5709 2797 5763 ideo
2844 5723 2902 5762 se
2956 5708 3260 5776 frequenter
3311 5705 3693 5759 circumversat
3726 5718 3738 5754 :
3773 5710 3828 5757 et

2252 5805 2592 5878 prudentiam
2621 5801 2922 5860 considera.
2950 5799 3067 5856 Non
3096 5799 3237 5856 enim
3265 5797 3421 5868 dixit,
3453 5796 3591 5855 Num
3623 5794 3822 5853 Paulus
