4086 6420
466 361 537 414 (ἑΞὶ
1147 353 1204 407 S.
1249 348 1533 407 JOANNIS
1563 335 2043 398 “HRYSOSTOMI

2149 329 2412 388 RCHIEP.
2452 325 2999 384 CONS'I‘ANT|NOP.
3675 331 3751 386 2?»

465 490 567 525 στα
617 469 671 521 τε
711 471 742 539 ὴ
793 468 880 521 διὰ
921 468 1015 521 τοῦ
1051 467 1286 535 σταυροῦ
1341 461 1772 533 συγκατάϐασις.
1811 457 1922 510 Kal
1951 454 2050 506 οὐκ

463 550 608 617 εἷπε,
662 537 754 620 Μή
799 550 1010 613 Παῦλος
1040 549 1313 602 ἀπέθανεν
1344 548 1485 615 ὑπὲρ
1524 542 1708 614 ὐμῶνς
1764 539 1922 598 ἀλλὰ,
1955 537 2048 605 Μὴ

463 635 706 699 Παῦλος
732 632 1113 700 ὲσταυρώθη;
1167 631 1260 684 καὶ
1299 629 1359 682 τὸ
1410 625 1549 690 εἶδος
1582 626 1675 680 τοῦ
1707 625 1938 677 θανάτου
1966 639 2048 673 τι-

464 718 578 781 θείς
599 736 611 748 ·
663 717 702 786 ἢ
753 719 834 782 εὶς
875 719 938 770 τὸ
970 717 1156 785 ὄνομα
1188 713 1434 767 Παύλου
1467 710 1903 774 ἐϐαπτι’σθητε;
1941 706 2048 757 Kal

461 801 562 853 οὐκ
611 795 754 863 εἷπε,
812 799 903 869 Μὴ
940 797 1152 860 Παῦλος
1203 795 1499 850 ἐϐάπτισεν
1545 793 1723 863 ὐμᾶςς
1785 789 2046 869 ἐϐάπτισε

462 885 572 954 γάρ
627 881 854 944 πολλούς
875 867 900 912 ·-
939 879 1054 933 ἀλλ’
1085 879 1144 932 οὐ
1178 879 1240 932 τὸ
1269 877 1603 949 ζητούμενον
1635 873 1792 926 τοῦτο
1819 867 1910 954 ἦν,
1944 867 2049 954 ὑπὸ

461 950 605 1028 τίνος
637 963 1062 1033 ἐϐαπτίσθησαν,
1094 961 1232 1015 ἀλλά
1259 961 1319 1014 τὸ
1352 963 1431 1023 εἰς
1455 959 1602 1021 τίνος
1631 957 1800 1025 ὄνομα
1825 950 2048 1006 ἐϐαπτίο

464 1049 695 1119 σθησαν.
732 1045 950 1116 Ἐπειδὴ
967 1045 1076 1116 γὰρ
1098 1043 1366 1097 καὶτοῦτο
1388 1044 1559 1097 αἴτιον
1576 1039 1792 1108 ἐγένετο
1815 1034 2048 1106 σχισμά-

461 1149 591 1194 των,
622 1130 681 1183 τὸ
710 1129 817 1184 ἀπὸ
841 1128 948 1182 τῶν
997 1128 1381 1199 βαπτισάντων
1406 1124 1714 1188 καλεῖσθαι,
1755 1121 1853 1176 καὶ
1887 1122 2048 1174 τοῦτο

460 1211 769 1284 διορθοῦται
821 1211 1019 1279 λέγων,
1051 1210 1148 1278 Μὴ
1183 1213 1271 1277 είς
1299 1209 1367 1263 τὸ
1399 1209 1587 1276 ὄνομα
1639 1206 1886 1260 Παύλου
1914 1202 2048 1255 ἐϐα-

461 1298 752 1364 πτίσθητε
769 1311 788 1359 ;
822 1295 933 1349 Καὶ
961 1294 1036 1365 μὴ
1065 1294 1173 1366 γὰρ
1207 1293 1389 1364 εἴπῃς,
1415 1292 1570 1362 φησὶ,
1602 1290 1700 1352 Τίς
1729 1288 2044 1349 ἐϐάπτισεν,

461 1379 611 1445 ἀλλ’,
641 1380 737 1443 Είς
765 1379 826 1433 τὸ
848 1379 994 1443 τίνος
1023 1379 1224 1448 δνομα;
1258 1377 1331 1431 Οὐ
1364 1376 1472 1447 7&9
1502 1378 1530 1429 6
1561 1373 1852 1445 βαπτίσας,
1875 1369 1992 1423 ἀλλ’
2019 1371 2047 1422 6

460 1461 801 1532 καλούμενος
844 1463 925 1525 είς
978 1461 1042 1514 τὸ
1095 1460 1380 1531 βάπτισμα
1431 1458 1704 1528 ζητεῖται·
1740 1450 1895 1516 οὗτος
1938 1454 2047 1522 7&9

459 1545 655 1615 ἀφίησι
690 1545 759 1598 τὰ
788 1545 1186 1615 ἁμαρτήματα.
1217 1544 1324 1597 Kal
1348 1543 1475 1614 ἄχρι
1501 1539 1693 1594 τούτου
1725 1539 1928 1608 στήσας
1954 1536 2047 1589 τὸν

459 1628 638 1696 λόγον,
667 1628 852 1682 οὐκέτι
897 1631 1011 1691 τοῖς
1054 1626 1180 1699 ἑξῆς
1207 1626 1581 1697 ἐπεξέρχεται.
1633 1624 1708 1676 Οὐ
1739 1621 1848 1692 7&9
1872 1619 2046 1687 λέγει,

461 1713 552 1783 Μὴ
589 1711 802 1776 Παῦλος
833 1713 963 1783 ὑμῖν
1011 1710 1376 1782 ἐπηγγείλατο
1416 1709 1484 1762 τὰ
1521 1707 1782 1776 μέλλοντα
1829 1702 2046 1772 ἁγαθά;

465 1796 540 1867 μὴ
572 1795 786 1858 Παῦλος
836 1796 966 1864 ὑμῖν
1020 1795 1287 1864 ὑπέσχετο
1327 1791 1608 1862 βασιλείαν
1657 1786 1942 1860 οὐρανῶν;
1981 1784 2046 1837 Τί

457 1879 659 1948 δήποτε
700 1875 794 1932 οὖν
836 1879 959 1948 οὐχὶ
999 1877 1297 1932 καὶταῦτα
1336 1874 1734 1947 προστίθησιν;
1784 1872 1910 1924 Ὅτι
1943 1870 2046 1923 οὐκ

459 1961 608 2015 ἐστιν
636 1963 748 2016 ἴσον
773 1961 1050 2032 βασιλείαν
1087 1959 1542 2030 ἐπαγγείλασθαι,
1579 1957 1678 2011 καὶ
1715 1954 2039 2025 σταυρωθῆ-

459 2063 567 2100 ναι.
597 2047 807 2101 Ἐκεῖνο
841 2047 940 2119 μέν
985 2046 1097 2117 7&9
1128 2043 1251 2098 οὔτε
1284 2045 1532 2098 κίνδυνον
1583 2038 1751 2112 εἶχεν,
1804 2039 1930 2093 οὐτε
1961 2040 2046 2092 al-

461 2128 662 2201 σχύνην
692 2129 877 2201 ἔφερε·
914 2129 1073 2183 τοῦτο
1103 2127 1160 2182 δέ
1193 2127 1409 2182 ἅπαντα
1435 2125 1630 2180 ταῦτα·
1669 2124 1840 2186 ἄλλως
1865 2122 1920 2176 δὲ
1951 2121 2046 2174 καὶ

459 2215 644 2267 ἐκεῖνα
675 2214 783 2265 ἀπὸ
827 2213 1034 2266 τούτων
1073 2212 1495 2275 κατασκευάζει.
1547 2207 1735 2262 Είπὼν
1778 2209 1910 2277 γὰρ,
1947 2209 2046 2271 Ὄς

458 2312 526 2364 γε
553 2296 661 2350 τοῦ
710 2297 865 2351 ὶδιόυ
905 2296 1043 2351 γ’ιοῦ
1080 2299 1191 2350 οὐκ
1236 2295 1546 2364 ἐφείσατο,
1599 2295 1877 2363 ἐπήγαγε,
1911 2289 2046 2356 Πῶς

458 2379 591 2446 οὐχὶ
641 2379 736 2432 καὶ
801 2379 924 2432 σὺν
968 2377 1130 2444 αὐτῷ
1186 2377 1256 2430 τὰ
1294 2376 1492 2430 πάντα
1527 2376 1674 2445 ἡμῖν
1702 2375 2044 2443 χαρίσεται;

456 2462 552 2514 καὶ
594 2461 774 2526 πάλιν,
803 2464 873 2516 El
896 2461 1006 2531 γὰρ
1033 2462 1234 2530 ἐχθροὶ
1269 2461 1440 2526 ὄντες
1468 2457 1934 2526 κατηλλάγημεν
1963 2455 2045 2520 τῷ

457 2541 578 2608 Θεῷ
636 2543 735 2598 διὰ
784 2544 894 2598 τοῦ
951 2545 1214 2598 θανάτου
1257 2543 1365 2598 τοῦ
1417 2542 1554 2596 Υίοῦ
1597 2541 1806 2604 αὑτοῦ,
1833 2537 2045 2604 πολλῷ

450 2627 691 2695 μᾶλλον
718 2629 1204 2697 καταλλαγέντες
1234 2627 1654 2696 σωθησόμεθα.
1687 2624 1892 2678 Τούτου
1926 2623 2042 2675 ἐνεο

453 2727 550 2762 κεν
600 2712 698 2764 οὐκ
733 2711 1017 2780 ἐπήγαγεν
1052 2713 1258 2766 ἐκεῖνα·
1300 2712 1397 2765 καὶ
1448 2711 1528 2764 ὅτι
1575 2709 1646 2763 τά
1689 2709 1788 2780 μὲν
1827 2707 2043 2761 οὐδέπω

454 2789 622 2862 εἶχον,
637 2793 746 2847 τῶν
775 2794 833 2847 δέ
859 2794 958 2865 ήδη
989 2797 1184 2865 πεῖραν
1206 2794 1522 2864 είλήφεσαν,
1555 2793 1650 2846 καὶ
1672 2793 1741 2846 τά
1769 2793 1867 2862 μὲν
1891 2788 1959 2863 ἦν
1985 2792 2042 2843 ἐν

455 2876 836 2944 ἐπαγγελίαις,
873 2878 943 2931 τὰ
991 2877 1050 2931 δέ
1102 2879 1205 2948 ήδη
1259 2877 1545 2948 γεγένητο.
1572 2873 1926 2945 Εὐχαριστῶ
1960 2873 2041 2940 τῷ

457 2957 600 3024 Θεῷ,
634 2961 725 3013 ὅτι
753 2960 974 3014 οὐδένα
1010 2960 1180 3030 ὑμῶν
1219 2959 1532 3020 ἐϐάπτισα,
1566 2960 1619 3012 εί
1649 2957 1737 3027 μὴ
1767 2959 2042 3026 Κρίσπον

453 3044 554 3096 καὶ
581 3043 788 3098 Κάῖον.
828 3043 942 3116 [18]
973 3045 1038 3097 Τί
1075 3043 1220 3114 μέγα
1247 3045 1497 3112 φρονεῖτε
1526 3043 1620 3095 ἐπὶ
1647 3040 1728 3112 τῷ
1757 3041 2039 3112 βαπτίσαι,

453 3126 588 3180 ὃπου
622 3143 686 3195 γε
715 3126 828 3194 ἐγὼ
854 3127 949 3180 καὶ
975 3127 1308 3197 εὐχαριστῶ,
1337 3126 1421 3178 ὅτι
1456 3125 1558 3179 οὐκ
1588 3124 1821 3194 ἐποίησα
1850 3123 2038 3189 τοῦτο;

454 3210 644 3265 Ταῦτα
695 3211 754 3264 δὲ
813 3210 1009 3280 λέγων,
1052 3210 1309 3281 καθαιρεῖ
1339 3209 1400 3262 τὸ
1449 3209 1543 3261 ἐπὶ
1575 3207 1754 3278 τούτῳ
1812 3205 2043 3277 φύσημα

452 3295 836 3364 οἰκονομικῶς,
869 3295 990 3364 οὐχὶ
1015 3294 1114 3366 τὴν
1147 3294 1377 3363 δύναμιν
1401 3292 1495 3346 τοῦ
1527 3291 1924 3360 βαπτίσματος,
1967 3291 2042 3361 μὴ

453 3379 690 3446 γένοιτο,
718 3377 856 3431 ἀλλὰ
883 3377 981 3450 τὴν
1003 3379 1264 3431 ἀπόνοιαν
1293 3375 1402 3429 τῶν
1431 3375 1576 3446 μέγα
1607 3374 1702 3426 ἐπὶ
1728 3373 1807 3444 τῷ
1843 3373 2042 3444 βαπτί-

455 3479 545 3516 σαι
581 3461 949 3533 φρονούντων,
977 3460 1198 3532 πρῶτον
1239 3459 1340 3530 μὲν
1368 3459 1448 3528 τῷ
1499 3457 1801 3523 δεικνύναι,
1832 3459 1914 3512 ὅτι
1941 3459 2042 3512 οὐκ

446 3546 634 3600 »αὐτῶν
671 3549 788 3600 ἐστι
837 3546 898 3599 τὸ
957 3545 1154 3616 δῶρον,
1182 3544 1440 3614 δεύτερον
1483 3543 1542 3597 δὲ
1591 3543 1670 3613 τῷ
1696 3544 2042 3615 εὐχαριστεῖν

453 3629 530 3699 τῷ
561 3628 682 3700 Θεῷ
713 3628 802 3682 διὰ
825 3629 1002 3683 τοῦτο.
1035 3628 1196 3696 Μέγα
1224 3627 1325 3699 μὲν
1347 3628 1456 3697 γὰρ
1483 3625 1544 3678 τὸ
1576 3625 1880 3696 βάπτισμα,
1904 3626 2042 3680 ἀλλά

458 3711 599 3781 μέγα
626 3711 756 3764 αὐτὸ
780 3713 878 3782 οὐχ
902 3713 930 3766 6
966 3710 1245 3781 βαπτίζων
1275 3712 1439 3774 ποιεῖ,
1477 3708 1595 3762 ἀλλ’
1624 3710 1653 3762 6
1699 3708 2040 3779 καλούμενος

455 3799 534 3859 είς
556 3796 616 3848 τὸ
645 3795 960 3866 βάπτισμα·
1013 3794 1140 3847 ἐπεὶ
1169 3793 1229 3847 τὸ
1254 3792 1516 3862 βαπτίσαι
1546 3792 1700 3846 οὐδέν
1727 3793 1878 3846 ἐστιν
1915 3794 2040 3846 ὅσον

454 3881 534 3942 εἰς
562 3877 904 3950 ἀνθρώπινον
937 3877 1119 3941 πόνον,
1157 3876 1295 3930 ἀλλά
1325 3875 1506 3946 πολλῷ
1551 3877 1773 3929 ἔλαττον
1813 3874 1906 3928 τοῦ
1945 3876 2038 3928 εὐ-

455 3962 872 4032 αγγελίσασθαι.
905 3961 1066 4029 Μέγα
1095 3958 1195 4030 μέν
1238 3959 1347 4029 γάρ
1381 3959 1520 4023 ἐστι,
1569 3958 1732 4012 πάλιν
1777 3959 1943 4029 φημὶ,
1979 3958 2040 4011 τὸ

456 4046 762 4117 βάπτισμα,
807 4044 902 4098 καὶ
956 4044 1087 4099 ἄνευ
1128 4041 1507 4113 βαπτίσματος
1553 4043 1839 4113 ἀμήχανον
1881 4041 2038 4112 βασι-

454 4129 604 4192 λείας
664 4129 982 4199 ἐπιτυχεῖν·
1037 4125 1178 4180 ἀλλά
1230 4125 1454 4180 δύναται
1505 4125 1637 4180 αὐτὸ
1675 4125 1768 4179 καὶ
1802 4125 1943 4196 ἀνὴρ
1976 4126 2040 4178 οὐ

456 4213 665 4284 σφόδρα
697 4215 941 4282 γενναῖος
973 4211 1220 4282 ποιῆσαι,
1249 4209 1311 4264 τὺ
1335 4210 1395 4264 δέ
1422 4208 1881 4279 εὐαγγελίσασθαι
1906 4209 2038 4262 πολ-

453 4299 546 4352 λοῦ
571 4299 742 4353 δεῖται
779 4299 969 4355 πόνου.

525 4381 594 4450 γ’.
627 4383 790 4450 Λέγει
816 4381 873 4434 δὲ
904 4381 1000 4434 καὶ
1023 4379 1122 4452 τὴν
1155 4378 1357 4444 αίτίαν,
1383 4377 1452 4432 δι’
1477 4378 1544 4449 ἢν
1573 4378 1922 4449 εὐχαριστεῖ,
1948 4379 2038 4432 ὅτε

453 4467 643 4520 οὐδένα
689 4465 974 4519 ἐϐάπτισε.
1004 4464 1102 4527 Τίς
1134 4459 1228 4517 οῦν
1266 4465 1417 4517 ἐστιν
1459 4459 1641 4532 αῦτη;
1673 4461 1798 4516 Ἵνα
1829 4461 1916 4530 μή
1951 4479 2042 4527 τις

453 4551 617 4618 εἴπῃ,
657 4549 813 4619 φησὶ,
863 4548 954 4601 ὅτι
986 4549 1073 4612 εις
1105 4546 1174 4600 τὸ
1205 4545 1354 4615 ἐμὸν
1387 4545 1579 4613 ὄνομα
1617 4543 2036 4612 ἐϐαπτίσθητε.

455 4634 522 4687 Τί
558 4632 646 4685 δαί
668 4649 683 4698 ;
716 4632 847 4702 περὶ
869 4632 980 4701 γάρ
1008 4629 1234 4684 ἐκείνων
1254 4629 1414 4684 τοῦτο
1437 4627 1624 4696 ἔλεγον
1649 4639 1675 4667 ιι
1700 4645 1715 4693 ;
1752 4627 2037 4698 Οὐδαμῶς·

455 4716 592 4770 ἀλλὰ
617 4716 850 4780 δέδοικα,
875 4713 1029 4785 φησὶ,
1051 4713 1127 4784 μὴ
1156 4713 1250 4767 καὶ
1280 4715 1361 4777 εἰς
1389 4712 1550 4766 τοῦτο
1595 4709 1771 4782 προϐῇ
1796 4710 1856 4764 τὸ
1883 4711 2042 4782 νόση-

460 4818 556 4871 μα.
577 4800 641 4853 Εί
660 4799 766 4870 γὰρ
783 4797 1017 4852 εὐτελῶν
1031 4795 1336 4869 ἀνθρώπων
1352 4796 1448 4850 καὶ
1458 4794 1672 4858 οὐδενὸς
1691 4793 1858 4860 ἀξίων
1880 4794 2040 4863 λόγου

459 4880 853 4954 βαπτιζόντων,
898 4880 1112 4952 αἵρεσις
1133 4879 1379 4948 γέγονεν,
1402 4881 1452 4933 εί
1483 4878 1594 4947 ἐγὼ
1621 4880 1649 4931 6
1673 4878 2042 4946 καταγγείλας

454 4969 519 5021 τὸ
552 4967 836 5038 βάπτισμα
864 4962 1095 5026 πολλοὺς
1124 4962 1422 5027 ἐϐάπτισα,
1454 4963 1601 5026 είκδς
1628 4958 1698 5033 ἦν
1733 4962 2039 5026 συστάντας

461 5049 537 5121 μὴ
571 5049 731 5119 μόνον
762 5047 856 5100 ἐπὶ
883 5045 962 5116 τῷ
985 5045 1212 5116 ὀνόματί
1245 5063 1347 5117 μου
1369 5045 1675 5108 καλεῖσθαι,
1705 5045 1842 5098 ἀλλά
1863 5044 2043 5100 καὶτὸ

460 5134 743 5204 βάπτισμα
772 5131 897 5200 ἐμοὶ
921 5129 1299 5200 ἐπιφημίζειν.
1326 5130 1390 5182 Εἰ
1415 5128 1525 5200 γὰρ
1557 5128 1665 5182 ἀπὸ
1685 5127 1793 5181 τῶν
1821 5127 2042 5182 ἐλαττό-

458 5234 566 5270 νων
593 5213 848 5268 τοσοῦτον
875 5213 1093 5281 ἐγένετο
1120 5212 1289 5268 κακὸν
1311 5255 1324 5278 ,
1359 5212 1491 5275 ἴσως
1519 5211 1586 5268 ἂν
1620 5212 1715 5265 καὶ
1748 5211 1833 5265 ἐτι
1861 5211 2042 5283 πολλῷ

458 5299 840 5372 χαλεπώτερον
872 5297 982 5350 ἀπὸ
1021 5296 1139 5350 τῶν.
1167 5295 1428 5366 μειζόνων
1463 5294 1699 5366 προύϐη.
1744 5296 2043 5367 Ἐντρέψας

458 5381 639 5438 τοίνυν
678 5381 805 5444 τοὺς
845 5378 1279 5450 διεφθαρμένους
1333 5377 1526 5448 ταύτῃ,
1562 5379 1658 5431 καὶ
1705 5378 2039 5447 προσειπὼν,

471 5465 802 5521 Ἐϐἁπτισα
833 5463 902 5516 δὲ
932 5463 1033 5517 καὶ
1075 5463 1181 5516 τὸν
1215 5461 1491 5531 Στεφανᾶ
1520 5457 1712 5524 οἷκον,
1747 5461 1909 5514 πάλιν
1943 5463 2042 5516 αὐ-

459 5549 568 5603 τῶν
593 5547 857 5619 ὑποσύρει
886 5546 976 5599 τὸν
1009 5544 1176 5614 τῦφον
1207 5544 1401 5612 λέγων·
1433 5544 1662 5599 Λοιπὸν
1690 5546 1802 5598 οὐκ
1829 5541 1962 5599 οῖδα
1991 5547 2046 5599 εἴ

462 5648 597 5685 τινα
623 5631 816 5685 ἄλλον
842 5627 1156 5683 ἐϐάπτισα.
1198 5625 1479 5680 Ἐντεῦθεν
1507 5627 1614 5698 γάρ
1641 5627 1933 5693 δείκνυσιν,
1963 5629 2043 5681 ὅτι

463 5716 587 5769 οὐδὲ
616 5714 1079 5787 περισπούδαστον
1105 5707 1173 5782 ἦν
1195 5711 1344 5780 αὐτῷ
1374 5711 1474 5779 τῆς
1508 5711 1615 5763 ἀπὸ
1651 5711 1843 5764 τούτου
1878 5715 2043 5784 τιμῆς

467 5799 762 5854 ἀπολαύειν
794 5797 946 5870 παρὰ
983 5795 1092 5850 τῶν
1123 5793 1354 5856 πολλῶν,
1389 5793 1512 5848 οὐδέ
1549 5793 1710 5866 δόξης
1737 5795 1926 5850 ἕνεκεν
1953 5797 2046 5850 ἐπὶ

521 5973 548 6002 ⁸
571 5969 652 6020 Sic
674 5971 797 6032 Reg.
829 5970 954 6020 Editi
983 5969 1162 6030 ἔλεγεν.
1188 5968 1344 6018 Paulo
1365 5978 1479 6017 ante
1505 5967 1680 6018 deerat
1701 5968 1746 6016 τί
1766 5969 1862 6017 δαί.

2156 447 2314 501 τοῦτο
2356 448 2577 518 ήρχετο.
2613 443 2688 495 Οὐ
2723 442 2932 504 τούτοις
2967 441 3022 494 δέ
3057 442 3235 508 μόνον,
3291 438 3427 492 ἀλλὰ
3479 439 3572 492 καὶ
3635 439 3756 498 τοῖς

2158 530 2287 600 έξῆς
2317 529 2528 597 σφόδρα
2567 526 2749 578 αὐτῶν
2778 523 3133 578 καταστέλλει
3167 523 3268 592 τὴν
3301 522 3634 591 φλεγμονὴν,
3663 521 3761 572 λέ-

2155 628 2297 680 γων·
2343 614 2424 664 Οὐ
2473 610 2586 678 γὰρ
2635 607 2962 661 ἀπέστειλέ
3001 622 3079 674 με
3122 606 3378 674 Χριστὸς
3409 604 3756 667 βαπτίζειν,

2153 695 2315 749 ἀλλὰ
2345 691 2930 763 εὐαγγελίζεσθαι.’1“ὸ
2954 692 3064 760 γὰρ
3080 688 3488 759 ἐπιπονώτερον
3506 689 3600 740 καὶ
3623 687 3761 740 πολ-

2153 775 2245 829 λοῦ
2271 775 2523 845 δεόμενον
2556 775 2756 845 μόχθου
2793 772 2887 826 καὶ
2919 771 3098 841 ψυχῆς
3123 771 3364 842 σιδηρᾶς,
3388 772 3485 824 καὶ
3509 768 3537 822 ὃ
3569 770 3756 822 πάντα

2156 861 2366 928 συνεῖχε
2388 898 2402 920 ,
2423 856 2582 911 τοῦτο
2602 853 2690 926 ἦν.
2715 857 2806 908 Διὸ
2837 857 2932 908 καὶ
2968 854 3180 916 Παῦλος
3208 853 3341 906 αὐτὸ
3363 852 3751 922 ἐνεχειρίζετο.

2155 941 2266 993 Kal
2297 941 2441 1003 τίνος
2481 941 2667 993 ἕνεκεν
2705 939 2780 1009 μὴ
2813 937 3142 1000 ἀποσταλεὶς
3177 935 3480 1006 βαπτίζειν,
3516 934 3719 987 ἐϐάπτι
3740 963 3756 972 -

2155 1022 2282 1088 ζεν;
2311 1024 2386 1075 Οὐ
2422 1023 2736 1092 μαχόμενος
2765 1020 2843 1090 τῷ
2865 1020 3270 1083 ἀποστείλαντι,
3292 1019 3408 1071 ἀλλ’
3435 1019 3498 1070 ἐκ
3523 1034 3757 1088 περιου-

2155 1105 2278 1168 σίας
2305 1106 2465 1159 τοῦτο
2487 1107 2678 1159 ποιῶν.
2711 1106 2784 1158 υύ
2814 1105 2924 1176 γὰρ
2946 1102 3120 1168 εἶπεν,
3145 1104 3227 1156 ὅτι
3265 1103 3596 1172 Ἑκωλύθην,
3626 1101 3754 1156 ἀλλ’

2151 1191 2234 1243 ὅτι
2264 1190 2376 1243 Οὐκ
2409 1189 2726 1260 ἀπεστάλην
2753 1190 2846 1242 ἐπὶ
2869 1175 3064 1258 τούτῳ,
3101 1186 3215 1240 ἀλλ’
3238 1188 3330 1239 ἐπ)⁵
3345 1186 3426 1256 τῷ
3445 1175 3762 1252 ἁναγκαιοὲ

2151 1274 2319 1344 τάτῳ.
2364 1273 2438 1326 Τὸ
2485 1274 2585 1344 μὲν
2645 1272 2754 1344 γὰρ
2813 1271 3267 1341 εὐαγγελίζεσθαι
3325 1270 3443 1334 ἐνός
3497 1285 3600 1321 που
3652 1269 3754 1321 καὶ

2151 1354 2437 1426 δευτέρου,
2476 1357 2540 1409 τὸ
2585 1356 2642 1409 δέ
2679 1354 2964 1425 βαπτίζειν
2999 1352 3199 1416 παντὸς
3255 1353 3321 1406 ἂν
3366 1353 3451 1421 εἵη
3505 1350 3600 1404 τοῦ
3646 1351 3754 1421 τὴν

2155 1437 2457 1508 ἱερωσύνην
2491 1437 2727 1507 ἔχοντος.
2766 1437 3090 1507 ’Ἄνθρωπον
3126 1435 3225 1506 μὲν
3253 1433 3364 1505 γὰρ
3399 1433 3756 1503 κατηχούμε-

2153 1536 2244 1573 νον
2299 1519 2567 1582 λαϐόντας
2613 1521 2710 1572 καὶ
2763 1518 3127 1588 πεπεισμένον
3186 1515 3485 1586 βαπτίσαι,
3543 1514 3754 1576 παντὸς

2153 1602 2466 1656 οὑτινοσοῦν
2498 1605 2668 1656 ἐστιν·
2706 1604 2740 1674 ή
2785 1601 2894 1674 γὰρ
2929 1599 3252 1672 προαίρεσις
3292 1595 3386 1651 τοῦ
3426 1597 3753 1668 προσιόντος

2152 1683 2340 1738 λοιπὸν
2373 1683 2671 1756 ἐργάζεται
2704 1685 2764 1738 τὸ
2791 1686 2921 1750 πᾶν,
2951 1684 3098 1751 καὶὴ
3127 1682 3221 1736 τοῦ
3250 1680 3387 1734 Θεοῦ
3409 1683 3588 1750 χάρις·
3613 1681 3751 1731 ὅταν

2152 1767 2208 1820 δὲ
2235 1767 2497 1831 ἀπίστους
2520 1769 2619 1841 δέῃ
2644 1768 2972 1839 κατηχῆσαι,
2998 1765 3197 1820 πολλοῦ
3223 1765 3304 1818 δεῖ
3328 1764 3516 1824 πόνου,
3542 1762 3751 1831 πολλῆς

2151 1850 2257 1921 τῆς
2285 1851 2500 1921 σοφίας·
2523 1851 2646 1904 τότε
2673 1850 2730 1904 δέ
2759 1850 2856 1904 καὶ
2878 1851 2944 1903 τὸ
2969 1848 3302 1902 κινδυνεύειν
3325 1847 3557 1918 προσῆν.
3598 1847 3753 1898 Ἐκεῖ

2156 1933 2257 2004 μὲν
2285 1934 2396 2006 γάρ
2425 1934 2486 1986 τὸ
2527 1935 2636 1988 πᾶν
2669 1933 2884 2002 γέγονε,
2917 1933 3013 1986 καὶ
3055 1933 3353 1986 πέπεισται
3381 1933 3410 1984 6
3445 1945 3748 1998 μυσταγωο

2152 2017 2366 2085 γεῖσθαι
2391 2017 2624 2087 μέλλων,
2653 2017 2750 2070 καὶ
2769 2017 2924 2070 οὐδὲν
2953 2017 3119 2086 μέγα,
3144 2013 3440 2068 πεισθέντα
3458 2010 3742 2083 βαπτίσαι·

2153 2099 2388 2152 ἐνταῦθα
2412 2099 2469 2152 δὲ
2499 2099 2667 2161 πολὺς
2699 2101 2727 2152 6
2753 2101 2916 2162 πόνος
2943 2099 3086 2154 ὥστε
3116 2098 3446 2166 μεταπεῖσαι
3489 2094 3750 2165 προαίρε-

2153 2199 2260 2248 σιν,
2286 2182 2381 2237 καὶ
2423 2183 2738 2254 μεταθεῖναι
2766 2181 3016 2254 γνώμην,
3049 2181 3144 2234 καὶ
3169 2177 3576 2250 ἀναμοχλεῦσαι
3607 2178 3748 2230 πλά-

2151 2283 2272 2337 νην,
2308 2267 2402 2320 καὶ
2443 2266 2854 2336 καταφυτεῦσαι
2884 2265 2986 2336 τὴν
3033 2264 3314 2335 ἀλήθειαν.
3351 2261 3464 2334 [19]
3507 2261 3645 2313 Ἀλλ’
3678 2261 3745 2314 οὐ

2150 2347 2300 2417 λέγει
2323 2349 2494 2402 ταῦτα
2522 2349 2718 2412 οὕτως,
2747 2349 2872 2402 οὐδὲ
2900 2346 3302 2410 κατασκευάζει
3325 2344 3418 2398 καί
3443 2361 3630 2414 φησιν,
3660 2344 3748 2395 ὅτι

2149 2434 2340 2487 οὐδένα
2371 2435 2535 2488 πόνον
2565 2433 2680 2504 ἔχει
2707 2433 2770 2486 τὸ
2801 2433 3083 2503 βαπτίσαι,
3121 2429 3258 2484 ἀλλὰ
3289 2429 3352 2482 τὸ
3387 2426 3748 2496 εὐαγγελίσαι

2151 2517 2298 2570 σθαι·
2335 2511 2444 2570 οἶδε
2475 2516 2584 2587 7&9
2615 2517 2704 2570 ἀεὶ
2745 2513 3082 2586 μετριάζειν·
3113 2513 3229 2566 ἀλλ’
3269 2512 3329 2565 ἐν
3362 2514 3428 2581 τῇ
3460 2509 3747 2579 συγκρίσει

2149 2601 2250 2670 τῆς
2279 2599 2483 2666 ἔξωθεν
2519 2600 2715 2668 σοφίας
2753 2598 2960 2670 σφόδρα
2990 2597 3366 2658 ἀποτείνεται,
3399 2594 3530 2647 ἔνθα
3571 2610 3746 2646 κατα-

2150 2686 2512 2755 φορικωτέρῳ
2565 2683 2802 2754 ἠδύνατο
2847 2679 3163 2753 χρήσασθαι
3209 2679 3374 2749 λόγῳ.
3430 2679 3506 2730 Οὐ
3559 2678 3745 2731 τοίνυν

2148 2766 2564 2837 ἐναντιούμενος
2591 2765 2670 2836 τῷ
2718 2765 2992 2836 πέμποντι
3031 2763 3349 2827 ἐϐάπτιζεν·
3395 2761 3512 2814 ἀλλ’
3554 2760 3746 2829 ὥσπερ

2147 2850 2242 2901 ἐπὶ
2264 2848 2374 2902 τῶν
2397 2847 2604 2919 χηρῶν,
2631 2849 2895 2901 είπόντων
2920 2847 3031 2900 τῶν
3057 2846 3398 2909 ἀποστόλων,
3428 2845 3552 2898 Οὐκ
3571 2843 3752 2897 ἔστι)ρ

2147 2931 2410 3000 ἀρεστὸν
2441 2934 2887 2997 καταλιπόντας
2912 2928 3072 3000 ἡμᾶς
3097 2928 3206 2983 τὸν
3234 2929 3424 2998 λόγον
3449 2927 3558 2980 τοῦ
3591 2928 3747 2982 Θεοῦ

2148 3013 2452 3067 διακονεῖν
2482 3012 2814 3081 τραπέζαις,
2849 3013 3233 3084 διηκονήσατο,
3264 3012 3366 3064 οὐκ
3393 3009 3749 3080 ἐναντιούμε·

2149 3113 2238 3159 νος
2265 3097 2519 3160 ἐκείνοις,
2551 3095 2667 3149 ἀλλ’
2694 3099 2760 3148 ἐκ
2786 3096 3108 3168 περιουσίας
3139 3093 3308 3148 ποιῶν
3330 3109 3342 3122 ·
3373 3093 3518 3148 οὕτω
3543 3093 3638 3146 καὶ
3657 3093 3752 3144 ἐν-

2147 3179 2347 3233 ταῦθα.
2408 3181 2564 3232 Ἐπεὶ
2605 3180 2700 3232 καὶ
2741 3179 2838 3232 νῦν
2883 3182 2998 3242 τοῖς
3048 3179 3151 3248 μὲν
3199 3177 3588 3247 ἀφελεστέροις
3632 3176 3750 3230 τῶν

2151 3263 2542 3334 πρεσϐυτέρων
2579 3262 2738 3316 τοῦτο
2767 3261 3149 3334 ἐγχειρίζομεν
3172 3301 3188 3325 ,
3215 3261 3307 3315 τὸν
3341 3261 3400 3314 δὲ
3427 3259 3747 3313 διδασκαλι-

2149 3348 2244 3400 κὸν
2273 3347 2433 3414 λόγον
2472 3349 2586 3408 τοῖς
2630 3346 2990 3417 σοφωτέροις·
3021 3347 3140 3397 ἐκεῖ
3172 3344 3283 3416 γάρ
3319 3345 3469 3398 ἐστιν
3505 3345 3534 3398 6
3581 3343 3748 3406 πόνος

2149 3431 2244 3483 καὶ
2277 3431 2304 3483 6
2346 3427 2531 3498 ἱδρώς.
2578 3428 2671 3481 Διὸ
2708 3430 2805 3482 καὶ
2839 3428 3003 3492 αὐτός
3044 3443 3231 3496 φησιν·
3271 3430 3334 3480 01
3369 3425 3573 3491 καλῶς
3599 3439 3745 3496 προσ

2146 3513 2402 3575 εστῶτες
2417 3513 2808 3578 πρεσϐύτεροι
2837 3510 3065 3579 διπλῆς
3085 3509 3264 3579 τιμῆς
3286 3509 3744 3575 ἀξιούσθωσαν,

2141 3595 2412 3664 μάλιστα
2445 3597 2499 3648 οἱ
2537 3593 2867 3661 κοπιῶντες
2909 3595 2980 3647 ἐν
3008 3596 3170 3662 λόγῳ
3216 3594 3315 3648 καί
3348 3593 3742 3659 διδασκαλίᾳ.

2151 3679 2363 3748 Ὥσπερ
2391 3677 2501 3748 γὰρ
2532 3677 2592 3730 τὸ
2627 3677 2724 3747 μὲν
2753 3675 2963 3740 διδάξαι
2995 3677 3123 3738 τοὺς
3155 3676 3506 3739 παλαίοντας,
3543 3675 3743 3746 ἀνδρός

2149 3763 2266 3813 ἐστι
2295 3762 2542 3830 γενναίου
2575 3761 2672 3814 καὶ
2703 3760 3053 3832 παιδοτρίϐου
3082 3759 3272 3830 σοφοῦ,
3299 3760 3361 3812 τὸ
3388 3761 3445 3814 δὲ
3469 3760 3742 3813 ἐπιθεῖναι

2147 3845 2238 3897 τὸν
2276 3845 2541 3912 στέφανον
2581 3843 2662 3914 τῷ
2693 3845 2983 3915 νικήσαντι
3033 3843 3128 3896 καὶ
3165 3843 3262 3895 τοῦ
3315 3842 3390 3913 μὴ
3437 3843 3744 3912 δυναμένου

2148 3929 2400 3982 παλαίειν
2443 3929 2582 3989 ἐστὶ,
2625 3929 2803 3981 καίτοι
2851 3946 2911 3995 γε
2966 3931 2993 3980 ὁ
3049 3928 3310 3995 στέφανος
3360 3926 3746 3996 λαμπρότερον

2146 4014 2290 4065 ποιεῖ
2323 4011 2413 4064 τὸν
2441 4013 2762 4079 νικήσαντα·
2787 4011 2932 4063 οῦτω
2961 4011 3054 4064 καὶ
3087 4010 3179 4062 ἐπὶ
3207 4008 3299 4061 τοῦ
3335 4008 3738 4079 βαπτίσματος·

2145 4094 2411 4149 ἀδύνατον
2453 4094 2552 4164 μὲν
2595 4099 2706 4162 7&9
2742 4092 2913 4164 χωρὶς
2947 4091 3113 4144 αὐτοῦ
3160 4091 3443 4160 σωθῆναι,
3487 4091 3636 4143 οὐδὲν
3680 4092 3738 4144 δὲ

2149 4177 2296 4249 μέγα
2313 4179 2341 4230 6
2368 4175 2649 4246 βαπτίζων
2676 4177 2842 4238 ποιεῖ,
2866 4174 3186 4245 προαίρεσιν
3209 4173 3740 4246 παρεσκευασμένην

2145 4259 2345 4314 λαϐών.
2378 4261 2500 4313 Οὐκ
2539 4258 2610 4312 ἐν
2657 4258 2847 4326 σοφίᾳ
2894 4259 3108 4326 λόγου,
3159 4257 3261 4310 ἵνα
3293 4256 3380 4326 μὴ
3430 4255 3663 4324 κενωθῇ
3708 4260 3742 4309 ό

2146 4342 2410 4411 σταυρὸς
2447 4341 2554 4395 τοῦ
2593 4339 2877 4408 Χριστοῦ.
2934 4337 3198 4393 Καθελὼν
3247 4339 3309 4393 τὸ
3361 4339 3590 4412 φύσημα
3629 4339 3744 4392 τῶν

2145 4427 2235 4481 διὰ
2264 4426 2326 4479 τὸ
2353 4423 2637 4496 βαπτίζειν
2657 4423 2800 4494 μέγα
2819 4422 3182 4494 φρονούντων,
3211 4423 3534 4494 μεθίσταται
3553 4424 3744 4477 λοιπὸν

2147 4508 2288 4580 πρὸς
2332 4508 2460 4571 τούς
2503 4507 2596 4559 ἐπὶ
2636 4507 2798 4578 σοφίᾳ
2841 4508 2907 4577 τῇ
2955 4505 3156 4572 ἔξωθεν
3195 4507 3608 4577 κομπάζοντος,
3643 4507 3743 4560 καὶ

2147 4593 2268 4646 κατ’
2315 4589 2497 4645 αὐτῶν
2545 4589 2830 4652 όπλίζεται
2864 4589 3248 4661 σφοδρότερον.
3290 4591 3437 4660 Πρὸς
3484 4590 3586 4660 μὲν
3627 4591 3742 4660 γάρ

2145 4675 2273 4738 τοὺς
2309 4675 2404 4727 ἐπὶ
2433 4672 2511 4743 τῷ
2547 4672 2829 4742 βαπτίζειν
2866 4672 3320 4744 πεφυσιωμένους
3360 4674 3579 4742 ἔλεγεν,
3616 4675 3741 4726 Εὐ-

2149 4756 2431 4828 χαριστῶ,
2468 4757 2557 4809 ὅτι
2595 4756 2818 4810 οὐδένα
2859 4754 3186 4821 ἐϐάπτισα,
3223 4759 3318 4811 καὶ
3359 4759 3442 4811 ὅτι
3489 4758 3591 4810 οὐκ
3623 4758 3739 4810 ἅπ-

2149 4840 2357 4896 έστειλέ
2403 4857 2470 4912 με
2508 4841 2537 4892 ὁ
2573 4839 2808 4910 Χριστὸς
2848 4837 3169 4909 βαπτίζειν·
3205 4841 3301 4894 καὶ
3332 4839 3459 4896 οὔτε
3489 4840 3742 4911 σφοδρῶς

2147 4925 2272 4979 οὐτε
2305 4921 2824 4986 κατασκευαστικῶς
2845 4923 3113 4994 κέχρηται
3145 4923 3225 4994 τῷ
3255 4923 3421 4995 λόγῳ,
3447 4923 3562 4977 ἀλλ’
3591 4925 3740 4976 αίνι-

2148 5009 2384 5079 ξάμενος
2419 5007 2486 5060 δι’
2520 5006 2717 5075 ὀλίγων
2741 5005 2884 5078 άπερ
2921 5006 3193 5072 ἐϐούλετο,
3225 5007 3584 5078 παρέδραμεν
3604 5023 3618 5038 ·
3649 5008 3741 5060 ἐν-

2147 5091 2325 5144 ταῦθα
2358 5091 2415 5144 δέ
2448 5091 2516 5144 ἐκ
2543 5089 2850 5160 προοιμίων
2885 5089 3133 5160 χαλεπὴν
3165 5089 3350 5143 δίδωσι
3387 5091 3488 5161 τὴν
3518 5089 3742 5160 πληγὴν

2149 5177 2342 5244 λέγων·
2368 5175 2501 5229 Ἵνα
2525 5173 2610 5243 μὴ
2637 5171 2867 5240 κενωθῇ
2892 5176 2924 5226 ό
2945 5171 3211 5241 σταυρὸς
3228 5172 3334 5227 τοῦ
3359 5173 3638 5241 Χριστοῦ.
3671 5173 3740 5226 Τί

2147 5259 2328 5313 τοίνυν
2359 5257 2503 5325 μέγα
2529 5258 2768 5325 φρονεῖς,
2803 5256 2888 5325 ἐφ’
2915 5250 2960 5324 ᾧ
2990 5254 3433 5324 ἐγκαλύπτεσθαι
3459 5255 3489 5296 ι)
3520 5255 3649 5320 ἕδει;
3672 5256 3739 5310 Et

2148 5342 2258 5414 7&9
2285 5341 2514 5410 πολεμεῖ
2527 5339 2603 5410 τῷ
2626 5339 2846 5411 σταυρῴ
2868 5340 2963 5392 καὶ
2988 5338 3226 5409 μάχεται
3242 5341 3356 5401 τοῖς
3377 5338 3736 5406 Εὐαγγελίοις

2148 5428 2182 5495 ἡ
2222 5424 2384 5490 σοφία
2413 5422 2575 5492 αῦτη,
2606 5423 2708 5476 οὐκ
2737 5423 2924 5492 αὐχεῖν
2957 5421 3045 5472 ἐπ’
3079 5421 3239 5491 αὐτῇ,
3268 5419 3402 5472 ἀλλὰ
3433 5421 3525 5473 καὶ
3565 5437 3736 5475 κατα-

2149 5507 2372 5560 δύεσθαι
2405 5507 2502 5560 δεῖ.
2532 5504 2705 5558 Τοῦτο
2739 5504 2850 5575 7&9
2883 5504 3055 5558 αῐτιον
3087 5502 3181 5555 τοῦ
3221 5503 3296 5574 μὴ
3324 5503 3580 5570 γενέσθαι
3608 5504 3738 5567 τούς

2151 5591 2482 5653 ἀποστόλους
2516 5590 2750 5658 σοφοὺς,
2784 5589 2885 5642 οὐκ
2917 5587 3176 5658 ἀσθενείᾳ.
3217 5585 3313 5638 τοῦ
3357 5586 3733 5658 χαρίσματος,

2151 5674 2266 5726 ἀλλ’
2298 5673 2384 5726 ἵνα
2415 5673 2488 5743 μὴ
2514 5671 2684 5742 βλαϐᾕ
2706 5671 2770 5723 τὸ
2794 5674 3076 5742 κήρυγμα.
3110 5670 3224 5722 Οὐκ
3243 5669 3352 5739 ἄρα
3375 5671 3572 5721 ἐκεῖνοι
3594 5663 3735 5740 ἦσαν

2154 5757 2203 5808 οί
2236 5755 2594 5817 συνιστῶντες
2619 5755 2709 5808 τὸν
2736 5753 2916 5822 λόγον,
2941 5753 3078 5807 ἀλλὰ
3103 5752 3200 5805 καὶ
3222 5751 3645 5822 λυμαινόμενοι·
3683 5752 3735 5807 οι

2220 5969 2249 6009 b
2269 5969 2350 6018 Sic
2371 5967 2492 6029 Reg.
2518 5965 2648 6016 Ιίᾱὶιὶ
2687 5979 2806 6016 vero
2826 5965 3170 6025 καλύπτεσθαι,
3206 5963 3358 6013 male.
