4086 6432
280 456 349 511 ξιξ
1418 449 1481 503 lN
1520 449 1735 504 EPIST.
1771 448 1785 501 I
1851 446 1941 501 AD
1980 444 2135 499 COR.
2181 444 2408 499 llOMlL.
2451 446 2538 500 Ill.
3562 454 3631 509 $36

2053 555 2187 611 Cum
2234 558 2391 627 igitur
2427 574 2521 613 eos
2548 559 2636 629 qui
2669 560 2908 630 corrupti
2943 569 3099 617 erant
3146 562 3249 618 hoc
3274 565 3433 619 modo
3458 565 3623 622 iucre.

2050 657 2231 715 posset
2250 690 2264 713 ,
2287 664 2350 703 ac
2373 648 2617 715 dixisset,
2651 650 2735 705 16.
2780 650 3049 721 Βαριὶιαυὶ
3074 660 3244 709 autem
3270 666 3316 709 ct
3347 656 3633 726 Stephame

310 568 585 625 mundum
631 567 950 625 condidit?
980 581 1101 621 num
1154 564 1347 618 Paulus
1375 578 1468 616 vos
1518 577 1584 616 er.
1614 560 1784 614 nihilo
1816 574 1937 627 pro-

316 662 510 717 duxit?
542 662 649 717 sed
686 678 826 730 qua:
870 662 924 716 in
954 659 1194 714 fidelibus
1218 664 1371 711 erant
1398 655 1613 718 exnnia,
1658 663 1711 707 et
1737 667 1941 721 magna:

327 753 717 825 providentiae,
749 768 819 807 ea
845 752 1017 822 ponit,
1043 764 1253 805 crucem
1286 756 1340 802 et
1360 747 1708 817 baptismum,
1728 754 1782 799 et
1802 745 1941 798 bona

340 846 459 901 inde
486 854 667 914 parta.
702 844 851 899 Nam
895 843 986 897 Dei
1017 857 1139 910 erga
1168 839 1414 892 homines
1438 852 1677 891 amorem
1703 834 1940 889 ostendit

353 938 525 993 mundi
553 937 792 1001 creatio,
824 934 1063 990 maxime
1100 947 1229 986 vero
1255 931 1345 985 illa
1377 945 1473 996 per
1497 942 1713 983 crucem
1743 925 1940 980 demis-

355 1033 447 1087 sio.
475 1032 538 1085 Et
564 1046 673 1083 non
698 1029 864 1095 dixit,
886 1027 1020 1081 Num
1046 1025 1240 1080 Paulus
1263 1033 1506 1078 mortuus
1529 1031 1610 1076 est
1635 1034 1733 1092 pro
1752 1017 1942 1072 vobis?

358 1123 467 1186 sed,
499 1120 643 1173 Num
668 1117 878 1173 Paulus
898 1116 1168 1183 cruciﬁxus
1189 1115 1306 1168 est?
1332 1112 1522 1168 mortis
1547 1125 1757 1181 quoque
1775 1123 1943 1179 genus

360 1214 631 1267 indicans?
658 1221 706 1264 et
736 1212 790 1264 in
814 1210 1015 1263 nomine
1031 1207 1187 1261 Pauli
1208 1206 1451 1275 baptizati
1470 1205 1627 1259 estis?
1650 1203 1759 1259 Nec
1780 1202 1934 1268 dixit,

358 1308 486 1361 Num
507 1306 708 1359 Paulus
732 1318 829 1358 vos
856 1300 1176 1372 baptizavit?
1196 1298 1394 1354 multos
1419 1297 1562 1353 enim
1587 1296 1675 1351 ille
1703 1295 1940 1365 baptiza~

362 1398 433 1451 vit
463 1415 474 1449 :
501 1412 693 1450 verum
716 1394 769 1449 id
790 1410 895 1447 non
922 1393 1277 1462 qumrebatur,
1305 1404 1337 1444 a
1357 1404 1463 1459 quo
1481 1403 1672 1457 nempe
1692 1385 1942 1457 haptizali

361 1492 605 1550 fuissent,
631 1487 726 1542 sed
761 1486 814 1540 iu
858 1485 1011 1554 cujus
1054 1483 1270 1537 nomine
1296 1480 1552 1551 baptizati
1578 1488 1779 1534 essent.
1809 1478 1941 1545 Quia

359 1582 498 1634 enim
528 1580 634 1633 hoc
678 1577 1025 1631 schismatum
1075 1588 1233 1628 causa
1272 1573 1467 1635 fuerat,
1499 1569 1641 1639 quod
1683 1586 1749 1624 ex
1770 1568 1941 1637 bapti-

361 1673 608 1725 zautihns
636 1684 830 1724 nomen
849 1669 1176 1734 acciperent,
1202 1663 1303 1718 hoc
1318 1663 1477 1717 etiam
1496 1661 1714 1731 corrigit
1735 1660 1941 1725 dicens,

360 1769 434 1816 An
467 1764 518 1815 in
574 1762 776 1814 nomine
824 1758 975 1811 Pauli
1004 1756 1239 1827 baptizati
1296 1756 1413 1808 estis
1440 1754 1465 1805 ?
1496 1753 1559 1807 Et
1614 1768 1680 1805 ne
1708 1751 1939 1814 dixeris,

366 1857 557 1922 inquit,
589 1854 722 1920 Quis
768 1849 1095 1919 baptizavit,
1139 1847 1258 1911 sed,
1294 1846 1349 1900 In
1380 1846 1532 1914 cujus
1556 1845 1790 1898 nomine.
1824 1842 1943 1896 Non

366 1950 509 2007 enim
558 1946 818 2016 quaeritur
849 1944 969 2014 quis
996 1942 1247 2011 baptizet,
1278 1940 1372 1994 sed
1400 1940 1518 2009 quis
1540 1939 1592 1991 in
1625 1938 1943 2006 baptismate

361 2050 584 2094 vocetur
616 2057 627 2091 :
662 2038 747 2091 hic
775 2036 917 2091 enim
961 2043 1175 2104 peccata
1200 2031 1440 2087 dimittit.
1493 2032 1589 2086 llic
1610 2031 1832 2101 gradum
1869 2028 1943 2083 si-

358 2136 468 2195 stit,
503 2147 604 2185 nec
631 2146 748 2200 qua:
777 2138 1073 2198 sequuntur
1102 2126 1462 2197 persequitur.
1487 2124 1601 2179 Non
1624 2125 1766 2179 enim
1788 2123 1937 2188 dicit,

358 2222 493 2276 Num
528 2221 725 2275 Paulus
743 2220 892 2274 vobis
917 2217 1094 2272 futura
1127 2217 1261 2271 bona
1282 2216 1572 2286 promisit?
1595 2232 1719 2269 num
1746 2215 1940 2269 Paulus

359 2316 514 2367 vobis
547 2312 795 2381 promisit
828 2326 1049 2381 regnum
1077 2311 1329 2365 caelorum
1352 2311 1374 2362 ?
1399 2310 1505 2364 Cur
1525 2324 1653 2379 ergo
1686 2309 1801 2363 hcce
1831 2324 1938 2362 non

361 2405 585 2471 adjicit?
609 2404 741 2469 Quia
790 2418 898 2456 non
928 2417 1023 2471 par
1058 2417 1149 2456 res
1176 2409 1259 2455 est
1287 2416 1505 2471 regnum
1545 2400 1856 2469 promittere
1888 2411 1943 2453 et

361 2496 621 2565 crucitigi.
651 2493 783 2550 lllud
806 2494 949 2548 enim
972 2508 1069 2549 nec
1092 2492 1380 2563 perieulum
1406 2492 1653 2558 habebat,
1688 2507 1785 2547 nec
1815 2491 1945 2547 alie-

363 2590 513 2643 rebat
538 2586 929 2657 ignominiam:
961 2585 1062 2640 hoc
1098 2600 1224 2640 vero
1268 2585 1383 2639 hare
1435 2584 1636 2638 omnia.
1691 2583 1940 2652 Alioquin

360 2690 539 2733 autem
590 2677 659 2733 ab
689 2677 773 2732 his
806 2677 894 2731 illa
938 2675 1148 2745 probat.
1180 2675 1317 2729 Cum
1349 2674 1572 2729 dixisset
1620 2674 1763 2729 enim
1791 2714 1805 2737 ,
1841 2674 1943 2740 Qui

360 2770 569 2840 proprio
605 2767 741 2821 Filio
772 2783 865 2821 suc
901 2782 1002 2819 non
1039 2767 1278 2836 pepercit,
1307 2765 1511 2835 adjicit,
1548 2765 1812 2831 Quomodo
1841 2781 1942 2819 non

360 2861 513 2913 etiam
539 2875 658 2911 cum
686 2858 777 2911 illo
817 2856 988 2910 omnia
1014 2856 1157 2911 nobis
1179 2855 1385 2910 donabit
1415 2856 1589 2923 (Rom.
1614 2857 1667 2910 8.
1702 2855 1838 2925 32)?
1888 2864 1943 2911 et

358 2965 597 3011 rursum,
629 2948 689 3003 Si
716 2948 848 3001 enim
875 2947 1069 3000 inimici
1092 2962 1205 3000 cum
1233 2962 1473 3009 essemus,
1501 2944 1813 2998 reconciliati
1850 2961 1940 2997 su-

359 3059 472 3097 ptus
497 3041 605 3094 Deo
638 3057 726 3109 per
753 3049 961 3093 mortem
985 3037 1110 3091 Filii
1138 3039 1268 3107 ejus,
1307 3038 1463 3090 multo
1505 3037 1663 3107 magis
1709 3035 1939 3088 reconci-

360 3131 472 3185 liati
508 3131 817 3184 salvabimur
866 3127 1002 3200 (Id.
1049 3129 1102 3183 5.
1162 3125 1291 3197 10).
1342 3126 1465 3182 Ideo
1514 3142 1619 3181 non
1672 3127 1759 3180 illa
1812 3126 1940 3181 sub-

362 3222 562 3291 jnnxit,
596 3230 656 3275 et
678 3219 818 3291 quod
843 3220 931 3276 illa
952 3218 1165 3290 quidem
1190 3219 1427 3273 nondum
1451 3218 1730 3282 haberent,
1752 3218 1940 3272 horum

360 3324 538 3367 autem
576 3313 688 3383 jam
721 3313 1104 3382 experientiam
1143 3312 1510 3381 accepissent;
1568 3323 1624 3366 et
1666 3310 1806 3380 quod
1849 3310 1939 3365 illa

360 3404 576 3473 quidem
613 3404 664 3457 in
696 3404 1143 3473 promissionibus
1170 3445 1185 3470 ,
1215 3402 1330 3459 hinc
1379 3418 1509 3457 vero
1534 3403 1643 3471 jam
1694 3404 1831 3456 facta
1854 3416 1942 3457 es-

362 3505 499 3551 sent.
533 3497 619 3549 14.
654 3494 858 3549 Gratias
886 3512 982 3566 ago
1006 3494 1114 3549 Deo
1135 3511 1243 3550 meo
1267 3536 1281 3560 ,
1309 3496 1426 3565 quia
1453 3495 1701 3548 neminem
1727 3504 1943 3549 vestrum

363 3589 637 3657 baptizavi,
676 3588 773 3640 nisi
793 3586 1032 3655 Crispum
1054 3596 1100 3641 et
1129 3585 1335 3641 Gaium.
1381 3586 1492 3640 Cur
1522 3586 1687 3639 altum
1715 3586 1904 3654 sapitis
1924 3626 1937 3650 ,

362 3678 505 3748 quod
537 3678 849 3746 baptizetis,
900 3678 1115 3747 quando
1143 3693 1243 3748 ego
1271 3677 1472 3747 gratias
1513 3692 1633 3747 ago,
1674 3676 1815 3746 quod
1844 3674 1946 3731 hoc

365 3786 471 3822 non
506 3768 759 3823 fecerim?
787 3769 917 3823 Cum
940 3768 1054 3824 haec
1071 3780 1244 3823 autem
1272 3768 1420 3831 dicit,
1445 3768 1656 3822 illormn
1682 3777 1944 3821 tumorem

362 3861 655 3930 prudenter
683 3862 819 3915 tollit
843 3879 856 3923 ;
887 3876 993 3916 non
1015 3860 1120 3914 vim
1154 3860 1510 3929 baptismatis,
1538 3858 1699 3921 absit,
1729 3857 1823 3912 sed
1846 3873 1941 3910 ar-

366 3952 664 4021 rogantiam
698 3966 904 4014 eorum,
938 3950 1029 4021 qui
1057 3949 1123 4005 de
1149 3949 1274 4005 dato
1304 3949 1623 4018 baptismate
1648 3948 1948 4018 gloriaban-

375 4054 495 4107 tur;
526 4044 699 4112 primo
724 4042 1017 4097 ostendens
1040 4056 1146 4095 non
1169 4041 1406 4110 ipsorum
1441 4056 1562 4094 esse
1583 4039 1782 4094 donum
1810 4055 1824 4103 ;
1856 4054 1944 4091 se-

364 4135 541 4189 cundo
564 4133 765 4203 gratias
795 4149 958 4204 agens
987 4134 1099 4187 Deo
1130 4148 1191 4187 ea
1222 4132 1289 4186 de
1319 4146 1499 4185 causa.
1532 4131 1665 4185 Nam
1695 4145 1944 4200 magnum

364 4226 580 4295 quidem
612 4235 693 4279 est
720 4225 1001 4295 baptisma,
1026 4224 1121 4279 sed
1149 4240 1254 4279 non
1278 4223 1426 4278 illum
1469 4240 1719 4295 maguum
1748 4224 1871 4277 facit
1904 4222 1948 4277 is

371 4319 459 4385 qui
487 4318 741 4387 baptizat,
766 4318 860 4372 sed
885 4318 974 4388 qui
1002 4317 1057 4371 in
1085 4317 1405 4387 baptismate
1433 4316 1735 4371 invocatur.
1764 4318 1946 4386 Bapti-

370 4427 491 4465 zare
521 4410 665 4464 enim
696 4409 826 4464 nihil
857 4421 960 4476 est,
988 4409 1130 4480 quod
1159 4409 1225 4464 ad
1256 4408 1551 4463 humanum
1581 4408 1775 4463 attinet
1802 4409 1949 4462 labo-

369 4520 483 4557 rem
514 4520 529 4569 ;
556 4503 653 4559 sed
681 4504 845 4557 multo
870 4504 1047 4559 minus
1066 4511 1170 4567 est,
1198 4519 1357 4573 quam
1384 4504 1774 4574 evangelizare.
1819 4503 1947 4557 Nam

371 4613 560 4667 magna
585 4597 797 4665 quidem
836 4612 921 4652 res
951 4606 1036 4650 est
1062 4595 1345 4665 baptisma,
1388 4597 1577 4654 iterum
1604 4596 1744 4660 dico,
1768 4596 1953 4651 etsine

370 4690 691 4757 baptismate
717 4703 823 4742 non
854 4703 1136 4757 possumus
1163 4704 1385 4759 regnum
1414 4688 1668 4758 consequi
1699 4706 1712 4740 :
1740 4689 1833 4743 sed
1858 4703 1953 4757 po-

374 4791 478 4833 test
506 4779 607 4833 hoc
630 4778 804 4833 facere
828 4778 908 4833 vir
931 4795 1036 4832 non
1064 4778 1349 4832 admodum
1368 4780 1685 4847 prmclarus;
1718 4794 1951 4848 evange-

375 4871 541 4922 lizare
572 4878 749 4922 autem
779 4870 931 4923 multi
961 4869 1160 4923 laboris
1186 4878 1289 4923 est.

445 4962 500 5013 5.
529 4960 756 5014 Causam
789 4974 916 5013 vero
967 4958 1096 5012 dicit
1122 4973 1217 5012 cur
1254 4959 1451 5029 gratias
1481 4969 1622 5029 agat,
1654 4959 1794 5030 quod
1842 4959 1952 5013 ttul-

372 5049 484 5103 Iutn
510 5049 868 5118 baptizaverit.
893 5049 1145 5116 Quaenam
1172 5049 1262 5103 illa
1291 5050 1410 5105 est?
1434 5051 1520 5106 15.
1552 5050 1634 5105 Ne
1661 5051 1771 5121 quis
1796 5051 1949 5117 dicat,

374 5139 569 5209 inquit,
592 5139 792 5208 quodin
813 5140 1013 5194 nomine
1040 5156 1147 5195 meo
1175 5141 1415 5209 baptizati
1445 5142 1582 5196 estis.
1614 5141 1751 5209 Quid
1782 5144 1955 5197 vero?

378 5230 447 5286 de
472 5229 651 5283 illisue
687 5231 785 5285 hoc
813 5230 1098 5285 dicebant?
1126 5230 1344 5287 Minime
1378 5248 1391 5284 :
1419 5233 1514 5287 sed
1548 5234 1730 5299 timeo,
1758 5233 1953 5304 inquit,

377 5339 446 5379 ne
478 5340 543 5377 eo
572 5322 793 5378 morbus
820 5323 1090 5379 deveniat.
1123 5323 1255 5378 Nam
1287 5324 1331 5378 si
1369 5339 1489 5378 cum
1519 5325 1651 5380 viles
1677 5335 1730 5380 et
1756 5327 1957 5381 nullius

378 5414 537 5486 pretii
565 5414 809 5469 homines
835 5415 1167 5484 baptizarent
1188 5457 1203 5482 ,
1236 5415 1456 5471 haeresis
1484 5426 1606 5471 nata
1632 5430 1749 5485 est;
1782 5420 1824 5473 si
1852 5434 1952 5489 ego

380 5505 474 5574 qui
505 5504 823 5573 baptismum
850 5506 1164 5560 annuntiavi
1193 5507 1393 5563 multos
1425 5507 1781 5577 baptizassem
1808 5549 1824 5575 ,
1854 5525 1956 5565 ve-

378 5597 603 5651 risimile
629 5606 741 5652 erat
759 5613 852 5653 eos
879 5598 967 5668 qui
994 5608 1376 5665 convenerant,
1408 5615 1521 5653 non
1554 5600 1713 5655 modo
1738 5602 1957 5655 nomine

377 5702 504 5741 meo
529 5688 796 5743 voeandos
820 5691 955 5754 fore,
986 5688 1080 5743 sed
1110 5690 1268 5744 etiam
1297 5690 1560 5759 baptisma
1584 5691 1714 5745 mihi
1754 5690 1957 5748 adscrio

380 5790 572 5851 pturos
613 5778 793 5838 fuisse.
838 5782 897 5837 Si
926 5781 1069 5836 enim
1100 5797 1130 5836 a
1175 5781 1410 5836 minimis
1436 5790 1639 5837 tantum
1662 5792 1839 5837 ortum
1868 5792 1951 5839 est

382 5874 607 5943 malum,
633 5874 765 5935 forte
789 5876 950 5948 longe
974 5877 1186 5947 gravius
1218 5892 1248 5932 a
1276 5876 1569 5948 majoribus
1594 5880 1955 5951 provenisset.

2048 737 2286 804 domum;
2334 739 2545 794 illorum
2590 740 2781 796 fastum
2833 758 3021 799 rursus
3070 744 3366 815 deprimit,
3418 748 3628 812 dicens,

2048 828 2292 883 Caeterum
2320 831 2488 884 nescio
2530 847 2597 885 an
2623 831 2842 902 aliquem
2870 834 3031 888 alium
3062 836 3443 908 baptizaverint.
3494 840 3630 894 Hine

2048 925 2189 978 enim
2219 924 2454 979 ostendit
2484 940 2590 979 non
2618 941 2763 981 curae
2791 926 2864 981 illi
2896 926 3061 983 fuisse
3084 928 3185 983 hoc
3213 929 3317 983 frui
3341 931 3480 1000 apud
3511 932 3632 987 vul-

2046 1031 2145 1085 gus
2174 1015 2379 1070 honore
2397 1056 2413 1081 ,
2468 1031 2568 1071 nec
2597 1016 2786 1085 gloria:
2817 1032 2977 1073 causa
3026 1018 3093 1073 ad
3122 1019 3224 1074 hoe
3253 1022 3488 1077 venisse.
3514 1022 3631 1078 Non

2049 1107 2134 1161 his
2165 1115 2407 1174 tantum,
2440 1109 2537 1164 sed
2564 1110 2797 1164 etiamin
2826 1112 3176 1181 sequentibus
3196 1114 3407 1169 illorum
3438 1116 3634 1171 fastum

2048 1199 2343 1269 deprimit,
2392 1201 2612 1258 dicens:
2645 1203 2731 1258 17.
2767 1202 2889 1257 Νοη
2940 1204 3074 1258 enim
3120 1188 3256 1260 misit
3300 1223 3380 1261 me
3402 1205 3635 1262 Christus

2049 1293 2329 1360 baptizare,
2364 1292 2454 1347 sed
2499 1294 2872 1366 euangelizare.
2901 1294 3036 1351 Nam
3080 1296 3184 1352 hoc
3214 1308 3267 1352 et
3313 1298 3636 1353 laboriosius

2049 1392 2163 1436 erat
2183 1423 2199 1450 ,
2227 1383 2424 1439 sudore
2448 1385 2618 1439 multo
2643 1401 2779 1455 opus
2822 1386 3051 1442 habebat
3098 1387 3383 1458 ferreoque
3410 1389 3595 1444 animo
3618 1429 3635 1453 ,

2049 1474 2334 1543 omniaque
2384 1476 2733 1531 continebat:
2780 1477 3005 1547 ideoque
3078 1477 3240 1533 Paulo
3285 1480 3633 1534 commissum

2051 1563 2166 1615 fuit.
2199 1564 2265 1617 Et
2294 1581 2389 1617 cur
2418 1565 2483 1618 ad
2517 1565 2889 1635 baptizandum
2919 1583 3024 1621 non
3054 1568 3269 1634 missus,
3296 1570 3636 1639 baptizabat?

2049 1655 2163 1709 Non
2206 1673 2446 1725 pugnans
2473 1658 2737 1713 adversus
2782 1676 2902 1713 etnn
2933 1660 3024 1729 qui
3055 1675 3115 1715 se
3147 1662 3400 1724 miserat,
3445 1661 3539 1715 sed
3569 1676 3635 1716 ex

2049 1749 2340 1803 abundanti
2370 1750 2473 1804 hoc
2502 1750 2750 1807 faciebat.
2782 1752 2899 1806 Non
2935 1753 3077 1807 enim
3121 1754 3275 1818 dixit,
3309 1753 3635 1824 prohibitum

2051 1842 2182 1894 mihi
2218 1842 2337 1906 fuit,
2369 1842 2487 1906 sed,
2520 1843 2635 1897 Non
2669 1860 2785 1898 sum
2814 1844 3010 1899 missus
3037 1845 3102 1899 ad
3134 1845 3257 1910 hoc,
3289 1845 3382 1900 sed
3420 1846 3487 1899 ad
3520 1862 3636 1900 rem

2049 1932 2289 1986 maxime
2320 1936 2702 1988 necessariam.
2760 1934 2893 1988 Nam
2941 1936 3317 2006 evangelizare
3346 1936 3504 1991 unius
3546 1947 3638 1990 aut

2050 2024 2276 2079 duorum
2315 2036 2461 2091 erat;
2495 2026 2768 2096 baptizare
2816 2037 2997 2082 autem
3055 2029 3343 2099 cujuslibet
3369 2038 3453 2084 est
3482 2070 3497 2094 ,
3539 2029 3632 2099 qui

2053 2115 2309 2183 praeditus
2349 2116 2421 2170 sit
2448 2117 2772 2172 sacerdotio.
2804 2118 3086 2173 llominem
3116 2135 3348 2189 namque
3377 2120 3638 2174 catechu-

2054 2222 2269 2262 meuum
2300 2216 2355 2261 et
2394 2223 2709 2277 persuasum
2761 2210 3035 2279 baptizare
3073 2211 3361 2280 cujuslibet
3382 2220 3466 2265 est
3496 2228 3508 2265 :
3542 2225 3634 2265 vo-

2051 2299 2226 2353 luntas
2260 2298 2406 2353 enim
2459 2298 2767 2356 accedentis
2787 2301 3045 2372 deinceps
3086 2310 3255 2357 totum
3282 2302 3481 2368 efllcit,
3510 2318 3633 2357 eum

2053 2390 2146 2445 Dei
2179 2393 2367 2461 gratia.
2397 2391 2529 2446 Cum
2551 2402 2728 2447 autem
2752 2392 2995 2449 infideles
3034 2402 3161 2448 sunt
3187 2394 3255 2449 ad
3282 2394 3439 2449 ﬁdem
3483 2396 3639 2449 insti-

2052 2481 2253 2544 tuendi,
2280 2483 2450 2537 tnulto
2472 2498 2606 2553 opus
2635 2493 2719 2538 est
2738 2484 2943 2550 labore,
2971 2485 3137 2539 multa
3168 2485 3431 2556 sapientia
3472 2505 3484 2541 :
3518 2496 3642 2541 tunc

2049 2584 2228 2628 autem
2253 2574 2415 2628 etiam
2439 2574 2776 2629 subeundum
2804 2584 2919 2630 erat
2942 2575 3261 2645 perieulum.
3288 2576 3345 2631 In
3367 2576 3643 2646 baptizan~

2049 2664 2120 2718 do
2147 2664 2289 2719 enim
2314 2674 2481 2719 totum
2514 2664 2708 2718 factum
2740 2674 2843 2731 est,
2874 2674 2930 2720 et
2962 2680 3251 2734 persuasus
3287 2674 3370 2721 est
3391 2668 3436 2721 is
3461 2668 3551 2737 qui
3588 2667 3642 2723 in

2056 2758 2367 2827 mysterium
2419 2767 2500 2810 est
2555 2756 2955 2824 admittendus;
3000 2758 3239 2829 nihilque
3268 2775 3517 2830 magnum
3555 2771 3643 2816 est

2052 2865 2364 2919 persuasum
2399 2850 2705 2919 baptizare:
2740 2850 2827 2905 hic
2878 2864 3007 2904 vero
3037 2851 3234 2905 multus
3259 2851 3429 2918 labor,
3463 2862 3519 2907 ut
3545 2866 3641 2907 vo-

2053 2942 2228 2997 luntas
2265 2954 2313 2997 et
2347 2944 2680 3013 propositum
2719 2951 2984 3010 mutetur,
3018 2960 3170 3000 error
3198 2947 3555 3013 convellatur,
3589 2958 3645 3003 et

2049 3036 2251 3090 veritas
2282 3036 2571 3090 inseratur.
2621 3035 2821 3091 Verum
2853 3036 2970 3091 haec
2996 3036 3087 3092 ille
3119 3054 3230 3092 non
3258 3038 3330 3093 ita
3357 3038 3509 3102 dicit,
3545 3056 3641 3096 ne-

2054 3142 2157 3194 que
2184 3126 2498 3196 probatione
2521 3126 2702 3193 utitur,
2737 3143 2837 3182 nec
2857 3126 3004 3193 dicit,
3037 3128 3238 3183 nullum
3255 3144 3377 3185 esse
3402 3129 3640 3185 laborem

2052 3218 2342 3287 baptizare,
2376 3216 2471 3273 sed
2497 3218 2870 3288 evangelizare
2898 3233 3057 3274 secus
3088 3237 3102 3273 :
3136 3220 3238 3275 scit
3263 3222 3407 3275 enim
3429 3236 3643 3291 semper

2050 3309 2266 3363 ntodum
2297 3309 2641 3364 tenerezsed
2687 3309 2740 3363 in
2791 3310 3196 3379 comparatione
3247 3326 3368 3366 cum
3419 3321 3640 3366 externa

2050 3401 2312 3471 sapientia
2348 3400 2501 3455 valde
2538 3400 2837 3464 contendit,
2882 3400 2970 3455 ubi
2998 3401 3403 3458 vehementiore
3430 3404 3505 3457 uti
3543 3420 3643 3475 po-

2052 3496 2151 3550 tuit
2181 3495 2447 3549 oratione.
2476 3494 2593 3548 Non
2640 3509 2771 3565 ergo
2796 3503 2982 3550 contra
3016 3494 3225 3563 jussum
3253 3497 3517 3550 mittentis
3542 3498 3639 3550 ba-

2052 3586 2288 3656 ptizabat
2316 3602 2330 3648 ;
2362 3584 2455 3639 sed
2484 3585 2623 3640 sicut
2648 3600 2770 3639 cum
2799 3584 2868 3639 de
2893 3584 3069 3639 viduis
3095 3584 3359 3641 dixissent
3387 3587 3639 3655 apostoli,

2054 3678 2174 3731 Non
2196 3678 2398 3747 expedit
2447 3677 2590 3731 nobis
2616 3677 2794 3731 relicto
2834 3676 2982 3731 verbo
3010 3675 3109 3731 Dei
3136 3678 3425 3733 ministrare
3448 3682 3632 3734 mensis

2052 3772 2190 3840 (Act.
2215 3772 2270 3825 6.
2300 3771 2381 3840 ἓ),
2413 3770 2503 3825 ille
2547 3770 2874 3825 ministravit
2917 3785 3023 3825 non
3054 3770 3162 3824 illis
3190 3785 3515 3841 repugnans,
3545 3773 3638 3827 sed

2051 3880 2113 3917 ex
2168 3862 2493 3918 abundantia
2543 3862 2771 3917 fervoris
2801 3862 2857 3916 id
2907 3862 3035 3917 fecit
3056 3879 3069 3916 :
3094 3863 3162 3917 ita
3189 3872 3243 3918 et
3274 3863 3361 3919 hic
3388 3880 3630 3937 quoque.

2055 3955 2207 4009 Nune
2228 3954 2370 4009 enim
2403 3953 2827 4022 simplicioribus
2854 3953 3185 4023 presbyteris
3214 3953 3318 4009 hoe
3347 3956 3641 4010 committi-

2053 4065 2193 4115 mus,
2226 4058 2281 4102 et
2306 4047 2566 4101 doctrinae
2599 4047 2824 4101 verbum
2852 4048 3273 4116 sapientioribus
3304 4065 3317 4101 :
3351 4048 3464 4102 illic
3492 4047 3635 4103 enim

2052 4139 2204 4193 labor
2241 4147 2297 4193 et
2329 4136 2493 4192 sudor
2519 4145 2621 4192 est.
2653 4136 2992 4206 Quapropter
3016 4137 3205 4206 etipse
3240 4136 3316 4191 ait
3348 4155 3361 4192 :
3387 4137 3485 4203 Qui
3515 4147 3645 4192 recte

2055 4239 2281 4299 praesunt
2319 4229 2621 4301 presbyteri,
2648 4227 2843 4297 duplici
2870 4229 3060 4283 honore
3088 4230 3395 4299 dignentur;
3423 4230 3643 4284 maxime

2054 4331 2223 4375 autem
2254 4322 2338 4391 qui
2368 4320 2600 4374 laborant
2630 4321 2684 4373 in
2732 4320 2879 4375 verba
2907 4330 2955 4374 et
3001 4320 3266 4393 doctrina(
3297 4324 3349 4377 1.
3401 4320 3533 4375 Tim.
3583 4323 3638 4377 5.

2057 4414 2167 4483 17).
2200 4411 2663 4479 Quemadmodum
2718 4412 2861 4466 enim
2893 4411 3090 4469 docere
3117 4428 3212 4468 eos
3238 4454 3253 4478 ,
3305 4414 3397 4484 qui
3441 4412 3655 4469 ludicra.

2056 4506 2353 4561 certamina
2386 4504 2607 4568 adeunt,
2628 4504 2728 4558 viri
2755 4505 2963 4560 strenui
2988 4514 3072 4561 est
3091 4518 3147 4561 et
3174 4506 3434 4577 sapientis
3460 4506 3641 4577 paedo-

2059 4597 2248 4661 trihze;
2280 4610 2535 4649 coronam
2564 4604 2743 4650 autem
2774 4597 2966 4651 victori
2995 4598 3304 4668 imponere,
3332 4597 3451 4669 ejus
3476 4600 3638 4654 etiam

2058 4698 2141 4743 est
2164 4689 2253 4758 qui
2284 4697 2493 4743 certare
2545 4689 2765 4757 nequit,
2799 4689 2904 4744 etsi
2934 4704 3134 4745 corona
3163 4691 3423 4747 victorem
3461 4692 3643 4747 reddit

2059 4780 2524 4852 splendidiorem:
2557 4782 2635 4835 sic
2678 4780 2747 4836 de
2800 4781 3071 4851 baptismo
3098 4781 3429 4838 dicendum:
3462 4783 3653 4839 nullus

2059 4872 2205 4926 enim
2234 4879 2413 4941 potest
2441 4871 2559 4926 sine
2585 4871 2678 4927 illo
2719 4872 2948 4927 salutem
2975 4873 3273 4943 consequi;
3304 4873 3440 4932 nihil
3466 4882 3645 4932 tamen

2062 4979 2312 5033 magnum
2340 4963 2466 5019 facit
2486 4962 2531 5017 is
2560 4964 2651 5033 qui
2680 4964 2938 5033 baptizat,
2971 4979 3094 5020 cum
3125 4966 3418 5023 voluntatis
3438 4982 3637 5037 propo-

2062 5054 2222 5109 situm
2254 5063 2494 5123 paratum
2527 5053 2750 5109 invenit.
2777 5053 2900 5109 Non
2927 5055 2981 5108 in
3000 5054 3250 5126 sapientia
3270 5056 3424 5124 verbi,
3457 5068 3513 5112 ut
3545 5075 3647 5113 non

2064 5155 2332 5200 evacuatur
2359 5162 2487 5200 crua:
2514 5144 2722 5201 Christi.
2754 5146 2886 5201 Cum
2917 5146 3286 5218 depressisset
3314 5150 3528 5206 illorum
3560 5162 3646 5206 tu-

2066 5252 2291 5301 morem,
2307 5237 2395 5307 qui
2421 5237 2563 5307 quod
2590 5238 2925 5308 baptizarent
2948 5240 3116 5295 altum
3132 5241 3442 5311 sepiebant;
3468 5252 3648 5302 trans-

2067 5329 2104 5383 it
2149 5338 2333 5399 postea
2373 5328 2440 5383 ad
2468 5329 2618 5394 illos,
2670 5331 2760 5399 qui
2789 5330 2858 5387 de
2899 5340 3119 5387 externa
3163 5334 3423 5404 sapientia
3452 5337 3651 5406 gloria-

2068 5421 2281 5487 bantur,
2313 5432 2368 5476 et
2392 5422 2655 5478 adversus
2680 5422 2802 5478 illos
2833 5422 3211 5481 vehementius
3241 5438 3502 5483 armatur.
3537 5429 3651 5484 Ad-

2070 5529 2257 5568 versus
2283 5514 2405 5568 illos
2433 5514 2602 5579 enim,
2636 5516 2729 5585 qui
2757 5516 2899 5585 quod
2944 5517 3283 5587 baptizarent
3309 5519 3651 5587 inflabantur,

2071 5606 2305 5673 dicebat,
2336 5604 2542 5662 Gratias
2571 5624 2687 5678 ago,
2732 5607 2880 5680 quod
2911 5611 3109 5664 nullum
3154 5611 3510 5682 baptizaverim
3532 5652 3546 5677 ,
3601 5622 3655 5667 et

2071 5697 2210 5768 quod
2236 5698 2478 5754 Christus
2505 5714 2590 5755 me
2614 5700 2679 5755 ad
2725 5699 3101 5770 baptizandum
3141 5718 3247 5757 non
3283 5703 3521 5769 miserit;
3551 5722 3653 5761 ncc

2074 5789 2484 5845 vehementibus
2511 5806 2638 5845 usus
2667 5800 2751 5846 est
2776 5793 3130 5861 argumentis,
3160 5795 3263 5849 sed
3290 5810 3411 5865 qua:
3441 5795 3655 5852 volebat

2080 5884 2260 5956 paucis
2286 5883 2649 5955 subindicans,
2680 5885 3044 5956 prztcrcurrit
3072 5903 3083 5939 :
3114 5886 3201 5941 hic
3240 5897 3416 5943 autem
3445 5903 3474 5941 a
3504 5890 3650 5959 priu-
