4086 6442
479 461 546 514 ετ
1239 451 1296 508 ε.
1337 449 1612 506 JOANNIS
1645 443 2113 504 cnnvsosrout
2152 443 2470 500 ARCillEP.
2510 444 3038 504 CONSTANTINOP.
3686 448 3758 504 es

483 575 629 644 cipio
647 586 874 644 gravem
905 568 1095 640 inﬂigit
1126 567 1332 638 plagam
1359 565 1566 630 dicens,
1591 573 1645 617 ut
1671 579 1771 616 non
1797 571 2061 617 evacuetur

481 683 612 720 crux
635 663 843 720 Clu-isti.
871 661 978 716 Cur
1003 675 1130 730 ergo
1155 659 1318 712 altum
1347 657 1494 726 sapis
1518 655 1588 710 de
1615 656 1702 722 iis,
1731 654 1803 709 ob
1827 668 1946 723 quae
1968 667 2067 722 pu-

481 757 614 812 dore
644 753 878 809 sull'undi
906 750 1224 822 oporteret?
1248 748 1302 804 Si
1337 749 1481 804 enim
1511 749 1626 801 lucc
1652 745 1914 815 sapientia
1942 759 2063 798 eum

481 864 642 902 cruce
675 855 869 916 pung
934 854 986 899 et
1019 857 1138 896 cum
1171 840 1478 910 Evangeliis
1499 848 1795 903 concertat,
1820 853 1924 893 non
1952 836 2065 906 glo-

485 940 611 994 riari
651 940 722 993 de
752 939 858 1002 illa,
909 934 1004 990 sed
1035 933 1239 1004 pudore
1281 931 1425 986 afﬁci
1468 939 1700 1000 oportet.
1754 929 1879 984 llrcc
1924 928 2066 982 enim

486 1046 645 1084 causa
673 1030 788 1091 fuit,
821 1043 922 1082 cur
942 1025 1166 1095 apostoli
1196 1039 1302 1078 non
1329 1023 1598 1091 sapientes
1626 1021 1738 1075 sive
1766 1017 2068 1088 philosophi

487 1122 703 1184 iuerint,
738 1135 842 1174 non
883 1133 949 1174 ex
980 1117 1321 1172 charismatis
1351 1113 1737 1177 imbecillitate,
1768 1111 1861 1168 sed
1898 1119 1956 1165 ut
2003 1125 2070 1164 ne

488 1211 796 1284 praedicatio
849 1209 1156 1265 hederetur.
1188 1207 1302 1261 Non
1335 1220 1465 1276 ergo
1515 1205 1587 1258 illi
1612 1203 1842 1258 verbum
1883 1201 2072 1257 contir-

486 1305 727 1369 mabant,
759 1301 854 1357 sed
882 1299 1310 1363 labefactabant;
1337 1306 1392 1352 at
1418 1296 1596 1351 idiota:
1627 1309 1752 1350 vere
1779 1293 2072 1350 conlirma-

488 1398 637 1452 bant.
667 1395 780 1450 Hoc
809 1393 1048 1448 retundit
1079 1393 1293 1457 fastum,
1324 1391 1426 1445 hoc
1447 1399 1711 1444 tumorem
1741 1386 2068 1459 comprimit,

489 1488 594 1543 hoc
628 1486 873 1542 modeste
901 1499 1060 1556 agere
1089 1483 1301 1538 suadet.
1355 1483 1424 1537 At
1477 1482 1524 1536 si
1571 1498 1676 1536 non
1709 1482 1760 1535 in
1807 1479 2069 1550 sapientia

487 1579 662 1646 verbi,
687 1579 918 1647 inquies,
954 1591 1050 1631 cur
1078 1575 1275 1644 Apollo
1303 1575 1474 1628 virum
1520 1574 1735 1628 doctum
1765 1569 2072 1627 miserunt?

488 1669 607 1724 Non
635 1668 685 1722 vi
713 1667 972 1722 orationis
996 1665 1346 1733 confidentes,
1379 1665 1473 1720 sed
1496 1664 1618 1735 quia
1644 1675 1835 1734 potens
1865 1671 1979 1717 erat
2017 1661 2071 1716 in

491 1761 806 1832 Scripturis,
837 1768 892 1814 et
915 1758 1221 1814 confutabat
1253 1758 1489 1813 Iudaeos.
1520 1757 1768 1827 Alioquin
1816 1767 1992 1810 autem
2021 1753 2074 1808 id

492 1854 634 1925 quod
683 1853 1024 1924 quaerebatur
1051 1859 1167 1906 erat
1193 1889 1208 1916 ,
1248 1860 1306 1903 ut
1349 1849 1438 1920 qui
1490 1849 1689 1918 primas
1742 1846 1993 1901 tenebant
2021 1853 2076 1899 et

491 1946 715 2000 verbum
747 1958 928 1998 serere
955 1951 1258 2012 cmperunt,
1285 1956 1388 1994 non
1416 1948 1596 1994 essent
1615 1937 1779 1993 docti.
1801 1937 1864 1992 Hi
1887 1950 2074 2006 magna

497 2036 693 2090 virtute
722 2049 859 2104 Opus
887 2033 1174 2096 habebant,
1197 2039 1255 2084 ut
1277 2045 1306 2084 a
1341 2030 1598 2101 principio
1623 2043 1860 2083 errorem
1892 2025 2078 2093 depel-

496 2127 691 2192 lerent,
723 2137 778 2180 et
819 2135 944 2180 tunc
994 2125 1050 2179 in
1076 2125 1197 2193 ipso
1245 2123 1488 2192 ingressu
1532 2135 1722 2191 magna
1766 2117 2077 2174 fortitudine

495 2233 630 2286 Opus
658 2227 792 2272 erat.

569 2312 622 2365 4.
669 2310 768 2378 Qui
813 2325 941 2380 ergo
983 2310 1204 2364 eruditis
1239 2309 1306 2364 ab
1337 2309 1488 2364 initio
1514 2323 1649 2378 opus
1675 2322 1781 2363 non
1813 2307 1997 2361 habuit
2023 2311 2082 2358 ut

497 2418 735 2456 errorem
766 2402 1060 2471 depelleret
1081 2444 1095 2469 ,
1129 2403 1172 2457 si
1213 2412 1394 2472 postea
1424 2400 1662 2456 eruditos
1688 2400 1940 2464 admisit,
1974 2413 2078 2452 non

496 2494 648 2563 quasi
697 2493 802 2547 illis
840 2493 1084 2563 indigens
1127 2495 1226 2547 hoc
1265 2493 1406 2557 fecit,
1437 2491 1531 2547 sed
1559 2491 1706 2561 quasi
1739 2505 1844 2544 non
1873 2489 2082 2543 discer-

497 2599 653 2640 nens.
700 2585 850 2639 Sicut
876 2585 1018 2638 enim
1050 2585 1379 2654 sapientibus
1422 2582 1726 2652 hujusmodi
1758 2596 1864 2634 non
1893 2580 2082 2650 egebat

497 2677 565 2730 ad
598 2677 649 2731 id
675 2676 818 2746 quod
846 2677 1056 2730 volebat
1098 2675 1480 2745 perliciendum
1511 2692 1526 2728 :
1570 2674 1640 2727 ita
1671 2675 1714 2728 si
1747 2682 1930 2743 postea
1962 2672 2083 2727 illos

496 2770 782 2830 inveniret.
803 2784 906 2822 non
935 2768 1230 2837 rejiciehat.
1259 2767 1338 2822 Tu
1365 2781 1496 2822 vero
1521 2766 1648 2821 mihi
1677 2765 1806 2820 illud
1833 2765 2080 2832 ostende,

499 2859 785 2914 an‘Petrus
814 2869 868 2914 et
891 2859 1085 2913 Paulus
1112 2858 1305 2913 eruditi
1336 2866 1536 2913 essent.
1561 2856 1664 2912 Sed
1695 2872 1800 2910 non
1833 2856 2034 2925 poteris
2066 2872 2080 2908 :

501 2961 655 3006 erant
684 2953 824 3006 enim
858 2952 1034 3006 idiota:
1061 2963 1113 3006 et
1145 2951 1397 3004 illiterati.
1443 2948 1897 3016 Quemadmodum
1927 2947 2086 3016 igitur

502 3043 750 3098 Christus
779 3042 995 3114 quando
1019 3041 1312 3112 discipulos
1339 3041 1482 3095 misit
1508 3040 1559 3094 in
1591 3039 1808 3101 orbem,
1837 3052 1956 3092 cum
1983 3051 2084 3107 po—

503 3137 725 3190 tentiam
757 3151 906 3190 suam
938 3137 1167 3206 primum
1201 3137 1250 3188 in
1283 3133 1560 3188 Palmstina
1590 3131 1914 3186 ostendisset
1943 3130 2084 3195 illis,

504 3237 562 3281 et
598 3227 822 3281 dixisset
854 3245 868 3280 :
900 3226 1118 3292 Quando
1157 3226 1271 3280 misi
1307 3241 1391 3279 vos
1423 3225 1534 3279 sine
1560 3239 1798 3277 crumena
1821 3230 1866 3276 et
1893 3237 2014 3290 pera
2041 3227 2089 3274 et

503 3321 706 3384 calceis,
740 3319 986 3390 numquid
1017 3319 1154 3373 vobis
1194 3318 1390 3388 aliquid
1434 3317 1594 3386 defuit
1625 3317 1643 3386 (
1666 3315 1791 3368 Luc.
1821 3313 1910 3368 22.
1941 3315 2091 3383 55)?

505 3420 632 3464 tunc
664 3411 902 3479 permisit
929 3419 983 3464 ut
1011 3409 1262 3478 deinceps
1290 3417 1345 3464 et
1375 3423 1554 3478 peram
1583 3415 1638 3462 et
1664 3421 1972 3461 crumenam
1995 3406 2093 3460 ha-

511 3501 700 3554 berent
731 3516 744 3551 :
779 3507 848 3552 tta
880 3499 966 3554 hic
995 3513 1208 3570 quoque
1236 3497 1382 3552 fecit.
1425 3497 1555 3552 Nam
1585 3495 1636 3551 id
1657 3537 1673 3563 ,
1706 3495 1847 3566 quod
1877 3511 2088 3566 quaere-

513 3591 690 3656 batur,
720 3599 835 3644 erat
873 3598 929 3642 ut
970 3589 1161 3644 Christi
1196 3589 1428 3658 potentia
1459 3586 1868 3644 ostenderetur:
1900 3601 2006 3639 non
2037 3593 2094 3640 ut

514 3691 734 3751 propter
762 3689 1034 3735 externam
1059 3679 1371 3750 sapientiam
1401 3694 1430 3732 a
1461 3679 1565 3732 fide
1595 3677 1916 3746 ejicerentur
1941 3676 1976 3730 ii
2003 3675 2092 3747 qui

508 3771 844 3827 accederent.
891 3769 1022 3824 Cum
1067 3785 1194 3840 ergo
1236 3768 1405 3824 (ἶνεεεί
1449 3767 1739 3836 discipulos
1767 3765 2096 3821 accusabunt

509 3875 569 3919 ut
597 3865 807 3930 idiotas,
840 3879 958 3929 nos,
990 3863 1109 3933 plus
1137 3878 1293 3934 quam
1323 3861 1420 3928 illi,
1450 3875 1764 3916 accusemus
1791 3860 1954 3929 ipsos.
1984 3858 2094 3914 Nec

510 3955 630 4024 quis
660 3953 800 4008 dicat
829 3953 1048 4007 Paulum
1080 3952 1396 4022 sapientem,
1426 3950 1477 4005 id
1508 3960 1610 4017 est,
1643 3949 1858 4005 doctum
1890 3949 2092 4013 fuisse;

511 4044 604 4100 sed
635 4059 748 4107 eos.
782 4044 871 4114 qui
897 4043 1036 4114 apud
1066 4043 1184 4098 illos
1210 4043 1281 4097 ob
1306 4041 1621 4112 sapientiam
1648 4049 1705 4096 et
1730 4041 2092 4110 eloquentiam

512 4135 755 4189 celebres
780 4144 925 4200 sunt,
954 4133 1276 4189 extollentes
1296 4173 1312 4199 ,
1343 4132 1465 4187 illos
1490 4146 1682 4186 omnes
1705 4132 1795 4202 qui
1823 4130 1963 4200 apud
1995 4145 2094 4184 nos

515 4225 685 4290 fuere,
717 4224 880 4279 rudes
906 4223 1070 4278 fuisse
1094 4223 1354 4277 dicamus.
1384 4220 1500 4276 Non
1526 4236 1715 4290 parum
1745 4223 1886 4275 enim
1914 4220 1967 4274 in
2000 4220 2100 4274 hac

515 4331 728 4386 quoque
773 4323 922 4385 parte
961 4314 1080 4369 illos
1105 4313 1418 4383 dejiciemus
1449 4328 1462 4364 :
1495 4311 1573 4365 sic
1600 4313 1797 4381 quippe
1822 4309 2098 4381 splendida

515 4411 622 4465 erit
647 4408 890 4464 victoria.

587 4498 882 4570 Disputatio
907 4498 1043 4551 circa
1066 4496 1288 4549 Paulum
1309 4502 1352 4548 et
1381 4492 1669 4548 Platonem.
1687 4523 1756 4534 —
1779 4494 1903 4548 "me
1923 4502 2100 4549 autem

518 4589 649 4652 dixi,
692 4590 813 4658 quia
860 4587 1222 4642 Christianum
1269 4585 1569 4656 quempiam
1611 4586 1896 4656 aliquando
1925 4586 2102 4640 audivi

519 4690 706 4736 contra
737 4681 980 4735 Grmcum
1009 4679 1233 4734 ridicule
1258 4678 1615 4747 disputantem
1647 4698 1660 4733 :
1691 4678 1850 4732 ambo
1876 4693 2106 4748 namque

523 4774 577 4828 in
617 4773 977 4842 disputatione
1008 4785 1120 4825 rem
1152 4784 1302 4824 suam
1334 4769 1682 4824 confutabant
1708 4779 1764 4825 ει
1792 4771 2105 4840 pessumda-

523 4868 670 4920 bant.
716 4863 848 4918 Nam
880 4877 999 4932 qua:
1025 4861 1390 4916 Christianum
1419 4860 1599 4916 dicere
1626 4862 1986 4931 oportuisset,
2019 4862 2106 4916 illa

523 4958 735 5012 dicebat
754 4956 1007 5018 Graecus;
1041 4962 1097 5008 et
1118 4968 1237 5022 qua:
1256 4952 1500 5008 Grzccum
1522 4952 1703 5008 dicere
1724 4969 1818 5023 par
1838 4963 1973 5019 erat,
1995 4953 2111 5009 hare

524 5046 860 5101 Christianus
888 5043 1210 5114 opponebat.
1239 5043 1369 5098 Nam
1393 5059 1514 5097 cum
1536 5043 1602 5098 de
1628 5043 1795 5098 Paulo
1821 5056 1874 5098 et
1900 5045 1966 5099 de
1994 5045 2113 5099 Pla-

528 5151 654 5194 tone
680 5137 904 5206 qumstio
933 5144 1109 5202 esset,
1140 5134 1358 5191 Grazcus
1384 5135 1474 5190 ille
1501 5135 1789 5191 ostendere
1817 5137 2112 5193 cenabatur

531 5233 752 5288 Paulum
783 5229 1054 5286 indoctum
1085 5239 1140 5286 et
1166 5229 1352 5284 rudem
1381 5229 1544 5285 fuisse
1572 5247 1584 5283 :
1626 5229 1960 5285 Christianus
1985 5246 2114 5286 vero

529 5340 601 5381 ex
628 5325 966 5394 simplicitate
997 5323 1222 5393 probare
1247 5321 1625 5386 contendebat,
1657 5323 1880 5378 Platone
1905 5323 2115 5378 doctio-

532 5433 646 5474 rem
672 5426 728 5472 et
750 5417 1083 5472 disertiorem
1115 5413 1281 5470 fuisse
1309 5415 1551 5470 Paulum.
1597 5415 1672 5470 Ita
1708 5431 1870 5485 porro
1897 5417 2117 5472 Graecus

531 5511 704 5566 victor
732 5509 936 5568 fuisset,
965 5508 1009 5562 si
1043 5506 1156 5561 haec
1182 5506 1395 5560 vicisset
1418 5505 1727 5576 propositio.
1761 5505 1889 5560 Nam
1917 5506 1962 5560 si
1996 5507 2118 5560 Pla-

531 5611 657 5657 tone
683 5600 891 5655 doctior
916 5610 969 5655 et
995 5599 1329 5668 eloquentior
1353 5599 1448 5652 fuit
1477 5599 1672 5654 Paulus
1695 5640 1711 5665 ,
1741 5600 1914 5665 multi,
1941 5607 1998 5653 ut
2023 5614 2117 5654 ve-

532 5694 755 5748 risimile
780 5701 885 5758 εει,
911 5699 1202 5761 opponent,
1231 5688 1378 5743 illum
1405 5705 1509 5742 non
1535 5689 1727 5759 gratia,
1747 5689 1840 5744 sed
1861 5689 2122 5761 eloquen-

536 5787 607 5838 tia
651 5799 951 5854 superasse.
995 5783 1178 5852 itaque
1218 5782 1294 5836 sic
1342 5782 1563 5852 loquens
1608 5782 1971 5850 Christianus,
2019 5799 2120 5854 pro

541 5874 730 5931 Graeco
770 5876 941 5931 stabat
985 5893 1000 5930 :
1047 5873 1187 5946 quod
1235 5882 1411 5930 autem
1455 5874 1675 5931 Grmcus
1723 5875 1970 5944 diccbat,
2022 5892 2120 5948 pro

2175 557 2477 615 Christiano
2504 559 2748 617 faciebat.
2792 561 2924 616 Nam
2950 563 3028 626 si,
3061 571 3118 617 ut
3141 561 3381 618 dicebam
3405 602 3420 631 ,
3458 563 3760 620 ineruditus

2171 658 2288 704 crat
2341 649 2573 716 Paulus,
2607 660 2660 705 et
2710 661 2888 705 tamen
2936 651 3213 708 Platonem
3262 653 3424 718 vicit,
3473 653 3758 724 splendida

2173 740 2271 795 fuit
2297 741 2517 797 victoria
2548 759 2562 795 :
2594 742 2840 798 indoctus
2864 743 3060 813 quippe
3085 744 3176 799 ille
3198 785 3214 812 ,
3241 759 3431 800 omnes
3459 745 3761 816 discipulos

2172 835 2288 902 ejus
2341 835 2580 900 adortus,
2630 850 2909 906 persuasus
2957 851 3137 906 secum
3188 837 3430 892 abduxit.
3465 838 3619 896 Unde
3660 853 3762 910 pa-

2173 925 2277 979 lam
2329 934 2413 980 est
2463 940 2568 980 non
2617 926 2670 980 in
2728 926 2986 997 sapientia
3033 927 3262 982 humana
3317 929 3758 998 praedicationem

2173 1017 2518 1086 praevaluisse
2539 1056 2555 1083 ,
2585 1016 2676 1072 sed
2699 1032 2795 1086 per
2819 1017 2911 1072 Dei
2930 1017 3176 1087 gratiam.
3204 1017 3280 1072 Ne
3307 1018 3467 1088 igitur
3491 1019 3544 1073 in
3566 1020 3759 1075 eadem

2175 1109 2495 1172 incidamus,
2527 1125 2660 1165 neve
2690 1109 3028 1176 irrideamur,
3059 1125 3181 1165 cum
3211 1119 3396 1165 contra
3428 1111 3646 1168 Grmcos
3675 1113 3763 1168 sic

2177 1203 2526 1274 disputamus,
2553 1206 2826 1274 apostolos
2851 1214 3116 1273 tamquam
3140 1205 3384 1262 indoctos
3411 1221 3758 1261 accusemus:

2181 1297 2301 1351 talis
2330 1295 2473 1352 enim
2502 1295 2774 1350 accusatio
2799 1296 3104 1350 encomium
3135 1305 3237 1350 est.
3281 1297 3347 1350 Et
3373 1311 3493 1352 cum
3520 1295 3766 1351 dixerint

2178 1387 2278 1452 illi,
2317 1397 2553 1458 agrestes
2599 1387 2761 1442 fuisse
2806 1389 3076 1456 apostolos
3100 1428 3114 1449 ,
3157 1402 3254 1442 nos
3292 1387 3551 1444 addamus
3592 1389 3763 1444 etiam

2178 1478 2344 1535 fuisse
2373 1479 2639 1545 indoctos,
2673 1479 2976 1545 illiteratos,
3002 1495 3261 1550 pauperes
3282 1522 3298 1547 ,
3325 1481 3460 1537 viles
3490 1490 3544 1537 et
3567 1481 3767 1537 obscuo

2177 1587 2289 1628 ros.
2317 1572 2432 1627 Non
2461 1581 2588 1626 sunt
2609 1571 2723 1628 hrec
2753 1572 3034 1626 maledicta
3065 1573 3320 1642 apostolis
3348 1573 3491 1628 illata
3514 1615 3530 1639 ,
3566 1573 3658 1630 sed
3689 1573 3766 1629 ad

2178 1664 2388 1719 illorum
2431 1665 2655 1735 gloriam
2697 1665 2857 1731 cedit,
2896 1665 3038 1736 quod
3085 1666 3216 1721 tales
3257 1681 3379 1721 eum
3419 1675 3616 1730 essent.
3644 1675 3768 1724 toto

2178 1755 2309 1811 orbe
2363 1765 2622 1810 terrarum
2672 1755 2870 1811 fuerint
2911 1757 3186 1813 clariores.
3241 1757 3305 1812 ili
3347 1758 3488 1813 enim
3534 1758 3768 1828 idiotas,

2179 1852 2437 1915 agrestes,
2471 1845 2693 1909 indocti,
2725 1847 2998 1914 sapientes
3023 1847 3165 1914 illos,
3191 1856 3456 1917 potentes,
3481 1857 3764 1919 tyrannos,

2179 1935 2271 2004 qui
2295 1935 2516 1999 divitiis,
2545 1936 2712 2006 gloria
2742 1946 2795 1992 et
2821 1937 3055 1992 externis
3080 1939 3290 1993 caeteris
3319 1939 3481 1994 rebus
3505 1939 3769 1997 frueban-

2183 2034 2270 2079 tur
2289 2035 2342 2079 et
2365 2025 2750 2096 gloriabantur,
2773 2028 2924 2098 quasi
2947 2044 3044 2083 nec
3066 2029 3166 2083 viri
3188 2039 3368 2086 essent
3392 2031 3766 2101 proﬂigarunt.

2181 2114 2334 2170 Unde
2375 2115 2548 2186 palam
2587 2127 2668 2171 est
2703 2133 2947 2188 magnam
2987 2133 3107 2173 esse
3148 2120 3324 2174 crucis
3366 2121 3676 2189 potentiam,
3708 2129 3772 2177 ει

2183 2209 2298 2261 tunc
2334 2222 2440 2260 non
2481 2207 2711 2262 humana
2741 2208 2791 2262 vi
2837 2207 2975 2263 facta
3015 2223 3153 2264 esse.
3195 2209 3312 2264 Non
3341 2211 3483 2264 enim
3517 2210 3772 2267 humanas

2182 2305 2388 2350 natura:
2425 2307 2548 2351 sunt
2586 2297 2697 2362 illa,
2739 2298 2833 2352 sed
2871 2313 3032 2368 supra
3076 2308 3320 2354 naturam
3370 2309 3574 2369 patrata
3615 2310 3765 2355 sunt.

2182 2389 2315 2443 Cum
2339 2399 2515 2444 autem
2539 2405 2700 2460 supra
2719 2399 2961 2445 naturam
2983 2400 3037 2445 et
3055 2391 3340 2447 admodum
3363 2394 3501 2448 ultra
3521 2403 3772 2450 naturam

2184 2481 2427 2550 quadam
2475 2482 2776 2537 elficiuntur
2803 2499 2924 2538 cum
2954 2483 3153 2538 decoro
3185 2494 3241 2539 et
3281 2485 3546 2552 utilitate;
3591 2485 3774 2555 palam

2186 2579 2272 2627 est
2296 2571 2382 2627 illa
2407 2587 2473 2627 ex
2499 2572 2678 2628 divina
2721 2573 2950 2644 quadam
2981 2574 3175 2630 virtute
3201 2584 3255 2630 et
3289 2577 3601 2645 operatione
3628 2577 3775 2633 facta

2187 2679 2326 2720 esse.
2355 2664 2736 2720 Animadverte
2762 2676 2938 2720 autem
2967 2683 2980 2718 :
3011 2666 3263 2736 piscator,
3294 2668 3644 2723 tentoriorum
3673 2683 3775 2725 ar-

2187 2756 2338 2820 tifex,
2366 2757 2699 2826 publicanus,
2723 2757 3022 2827 imperitus,
3053 2759 3357 2824 illiteratus.
3387 2775 3452 2816 ex
3485 2761 3777 2817 Palatstina

2187 2849 2409 2919 regione
2440 2847 2724 2917 longinqua
2747 2848 3042 2912 venientes,
3064 2849 3420 2920 philosophis,
3441 2851 3775 2919 oratoribus,

2188 2937 2402 2993 dicendi
2453 2938 2659 3007 peritis,
2704 2954 2769 2994 ex
2815 2939 2982 3008 patria
3022 2941 3259 3010 expulsis
3307 2942 3577 3010 omnibus,
3621 2943 3780 2999 brevi

2192 3029 2450 3097 temporis
2474 3029 2649 3100 spatio
2676 3029 2796 3084 illos
2822 3030 3087 3097 vicerunt,
3120 3046 3240 3085 cum
3271 3032 3526 3102 periculis
3554 3034 3736 3089 multis
3759 3076 3780 3100 ,

2194 3120 2404 3190 populis
2424 3129 2477 3175 et
2498 3122 2710 3190 regibus
2733 3121 2878 3192 ipsos
2899 3124 3350 3194 oppugnantibus,
3370 3124 3482 3195 ipsa
3509 3136 3783 3198 pugnante

2195 3220 2378 3265 natura
2405 3229 2420 3278 ;
2465 3212 2720 3282 temporis
2746 3213 3078 3284 antiquitate,
3108 3214 3401 3270 obsistente
3429 3215 3590 3271 etiam
3619 3217 3782 3287 longa

2193 3301 2600 3371 consuetudine,
2642 3305 2863 3358 armatis
2907 3303 3259 3372 dammnibus,
3301 3305 3515 3361 diabolo
3563 3308 3616 3361 in
3661 3309 3787 3364 acie

2194 3403 2368 3449 stante
2397 3403 2451 3449 et
2478 3395 2655 3450 omnia
2687 3405 2955 3464 movente,
2988 3411 3158 3466 reges,
3189 3397 3479 3467 principes,
3508 3397 3736 3469 pupulos
3761 3439 3785 3467 ,

2193 3495 2401 3556 gentes,
2428 3485 2588 3541 urbes
2611 3527 2627 3553 ,
2659 3487 2913 3542 barbaros
2937 3528 2953 3555 ,
2984 3487 3221 3557 Grmcos,
3251 3489 3618 3560 philosophos,
3651 3504 3787 3544 ora-

2197 3588 2362 3642 tores,
2393 3577 2679 3648 sophistas,
2706 3579 3017 3649 scriptores,
3049 3579 3216 3648 leges,
3243 3579 3544 3646 tribunalia,
3575 3580 3790 3650 suppli-

2195 3671 2275 3725 cia
2305 3669 2474 3735 varia,
2518 3679 2721 3725 mortes
2767 3672 3071 3726 innumeras
3115 3679 3169 3726 et
3213 3671 3475 3726 diversas.
3528 3675 3789 3728 Attamen

2199 3763 2313 3816 lucc
2341 3762 2518 3817 omnia
2548 3763 2618 3816 ita
2649 3762 2862 3832 repulsa
2889 3772 3014 3817 sunt
3034 3772 3090 3818 et
3112 3773 3414 3829 cesserunt,
3445 3764 3790 3834 loquentibus

2198 3854 2550 3922 piscatoribus
2575 3895 2590 3919 ,
2625 3854 2846 3922 perinde
2869 3863 2926 3908 ut
2955 3855 3126 3909 tenuis
3153 3856 3343 3924 pulvis,
3373 3857 3462 3926 qui
3491 3856 3790 3912 vehemen-

2199 3945 2333 4000 tium
2360 3954 2640 4000 ventorum
2665 3946 2919 4016 impetum
2951 3945 3091 4002 ferre
3118 3948 3317 4018 nequit.
3352 3949 3629 4005 Diseamus
3653 3965 3795 4022 ergo

2200 4038 2277 4091 sic
2301 4052 2420 4093 cum
2451 4036 2656 4092 Graecis
2679 4037 2970 4107 disputare,
3005 4049 3063 4093 ut
3089 4055 3155 4094 ne
3179 4041 3349 4095 simus
3380 4049 3648 4113 tamquam
3682 4044 3786 4098 be-

2203 4131 2319 4185 stite
2359 4138 2416 4184 et
2459 4145 2681 4200 pecora;
2715 4131 2810 4187 sed
2837 4132 3006 4202 parati
3032 4148 3245 4204 semper
3273 4134 3339 4189 ad
3369 4151 3520 4205 spem
3544 4147 3790 4192 nostram

2205 4219 2477 4275 tuendam.
2510 4221 2577 4276 Et
2605 4221 2817 4276 interim
2849 4222 2952 4276 hoc
2974 4233 3132 4294 caput
3153 4225 3490 4288 meditemur,
3511 4227 3652 4297 quod
3679 4243 3794 4284 non

2205 4327 2424 4380 parvum
2450 4320 2554 4374 est,
2583 4312 2798 4383 illisque
2821 4312 3062 4368 dicamus
3093 4331 3106 4366 :
3139 4314 3415 4370 Undenam
3449 4316 3643 4370 inﬁrmi
3674 4316 3792 4370 for-

2206 4411 2287 4458 tes
2313 4403 2431 4458 illos
2457 4405 2718 4470 vicerunt,
2749 4404 3028 4460 duodecim
3059 4407 3363 4462 universum
3391 4409 3572 4464 orbem
3590 4409 3616 4462 ’ἶ
3646 4409 3798 4478 iique

2209 4510 2314 4550 non
2358 4494 2546 4550 iisdem
2576 4504 2787 4550 utentes
2812 4497 2999 4564 armis,
3031 4496 3123 4552 sed
3167 4499 3292 4554 nudi
3336 4510 3521 4555 contra
3555 4510 3799 4556 armatos

2209 4588 2540 4657 pugnantes?

2280 4681 2334 4736 5.
2385 4681 2744 4750 Apostolorum
2785 4683 2993 4737 victoria
3036 4683 3320 4749 mirabilis;
3361 4684 3590 4755 exempla
3631 4684 3800 4754 magis

2211 4789 2364 4842 quam
2393 4773 2716 4842 philosophia
2742 4775 3144 4843 praedicandum.
3166 4805 3238 4815 -—
3262 4775 3355 4830 Dic
3383 4776 3548 4841 enim,
3574 4777 3618 4830 si
3649 4775 3797 4830 duo-

2212 4864 2383 4918 decim
2407 4865 2505 4919 viri
2533 4865 2608 4920 rei
2641 4865 2882 4921 militaris
2905 4866 3136 4934 imperiti
3169 4867 3219 4921 in
3250 4875 3508 4921 armatam
3536 4876 3802 4937 pugnate-

2212 4970 2330 5010 rum
2355 4957 2815 5011 innumerabilium
2840 4958 3008 5028 aciem
3033 4959 3410 5028 irrumpentes,
3435 4975 3539 5012 non
3564 4959 3803 5013 inermes

2217 5059 2441 5116 tantum,
2471 5049 2563 5105 sed
2593 5050 2751 5105 etiam
2782 5065 3006 5120 corpore
3032 5051 3250 5118 infirmi,
3273 5051 3342 5108 ab
3369 5053 3471 5106 illis
3499 5051 3629 5107 nihil
3656 5054 3800 5108 male

2219 5151 2551 5211 paterentur,
2578 5158 2750 5212 neque
2776 5142 3252 5200 innumerabilibus
3279 5145 3398 5200 telis
3429 5145 3655 5215 impetiti
3677 5160 3806 5198 sau-

2218 5231 2526 5298 ciarentur;
2569 5231 2828 5288 habentes
2856 5243 3032 5288 autem
3063 5233 3164 5289 tela
3192 5234 3350 5289 inlixa
3381 5235 3591 5305 corpori
3624 5233 3801 5300 nudo,

2220 5339 2408 5380 omnes
2438 5335 2884 5396 prosternerent,
2915 5343 3021 5384 non
3048 5331 3210 5382 armis
3235 5337 3444 5382 utentes
3467 5368 3484 5395 ,
3516 5329 3609 5382 sed
3643 5343 3804 5383 manu

2222 5415 2508 5482 ferientes;
2539 5415 2734 5472 deinde
2759 5417 2896 5472 alios
2924 5418 3251 5485 occiderent,
3282 5419 3416 5474 alios
3442 5419 3684 5488 captivos
3711 5418 3808 5473 ab-

2223 5507 2500 5572 ducerent,
2530 5509 2688 5563 nullis
2715 5511 2949 5578 acceptis
2977 5509 3286 5564 vulneribus
3316 5528 3329 5564 :
3359 5527 3426 5563 an
3455 5511 3577 5580 quis
3603 5511 3808 5566 diceret

2225 5615 2339 5654 rem
2373 5601 2531 5655 talem
2557 5610 2757 5671 gestam
2782 5601 3066 5656 humanam
3088 5602 3246 5656 esse?
3272 5603 3430 5674 Atqui
3454 5603 3808 5672 apostolicum

2229 5701 2488 5762 tropzcum
2513 5693 2668 5762 longe
2699 5692 2790 5746 illo
2817 5693 3110 5748 mirabilius
3141 5701 3242 5747 est.
3275 5693 3456 5766 Longe
3478 5697 3619 5748 enim
3649 5694 3810 5747 mira-

2228 5781 2384 5837 bilius
2405 5791 2487 5845 εει
2509 5797 2668 5854 quam
2698 5782 2894 5837 nudum
2923 5798 3029 5837 non
3057 5783 3346 5850 vulnerari,
3371 5783 3510 5853 quod
3534 5783 3813 5854 imperitus

2233 5886 2288 5932 et
2322 5877 2599 5933 illiteratus
2629 5884 2785 5948 atque
2827 5875 3056 5947 piscator
3098 5885 3295 5932 tantam
3339 5885 3559 5948 superet
3599 5875 3812 5931 dicendi
