4086 6454
320 361 393 417 ὶΊ

345 486 405 542 δὲ
430 487 656 544 ἰδιῶται
686 492 748 546 οἰ
781 494 1162 563 βεϐαιοῦντες.
1200 495 1368 551 Τοῦτο
1413 491 1522 550 οἵδε
1549 497 1781 552 κολάσαι
1809 509 1839 538 ι
1873 493 1970 548 τῦ-

363 589 486 642 φον»
537 574 710 628 τοῦτο
771 579 1136 634 καταστεῖλαι
1194 579 1532 650 φλεγμονὴν,
1569 580 1728 633 τοῦτο
1785 579 1971 632 πεῖσαι

380 655 720 729 μετριάζειν.
754 663 879 716 Καὶ
911 665 962 717 εἰ
995 665 1094 717 οὐκ
1123 665 1180 717 ἐν
1209 665 1372 734 σοφίᾳ
1398 664 1580 733 λόγου,
1610 664 1758 727 τίνος
1783 663 1973 716 ἕνεκεν

386 743 478 796 τὸν
525 745 779 799 ’Δπολλὼ
815 747 1003 817 λόγιον
1034 748 1160 802 ὄντα
1193 748 1462 819 ἔπεμψαν,
1517 747 1652 817 φησί
1696 748 1760 813 1’;
1796 746 1872 800 Οὐ
1909 747 1976 816 τῇ

387 827 496 879 τῶν
527 825 707 896 λόγων
739 829 975 902 δυνάμει
1007 830 1352 903 θαρροῦντες,
1383 830 1500 884 ἀλλ’
1529 831 1615 884 ὃτι
1645 829 1872 892 δυνατὸς
1911 824 1980 899 ἦν

390 913 450 965 ἐν
480 913 602 976 ταῖς
631 913 670 964 Γ
675 916 903 984 ραφαῖς,
929 914 1024 968 καὶ
1046 915 1241 985 ήλεγχε
1269 916 1395 978 τοὺς
1436 913 1742 977 Ἰουδαίους.
1769 911 1980 975 Ἀλλως

389 997 447 1050 δὲ
473 996 536 1051 τὺ
560 996 905 1067 ζητούμενον
930 994 1019 1068 ἦν,
1048 999 1108 1051 τὸ
1129 1000 1255 1062 τοὺς
1282 999 1673 1070 πρωτοστάτας
1693 997 1786 1050 καί⁸
1811 995 1982 1068 ἀρξα-

396 1080 593 1149 μένους
625 1082 875 1151 σπείρειν
916 1082 1006 1134 τὺν
1038 1081 1196 1150 λόγον
1242 1081 1318 1153 μὴ
1363 1077 1502 1134 εἶναι
1547 1079 1784 1150 λογίους.
1820 1073 1981 1133 υῦτοι

394 1163 502 1232 γάρ
542 1159 688 1234 ἦσαν
729 1166 778 1217 οἰ
821 1163 1026 1234 πολλῆς
1054 1164 1296 1235 δεόμενοι
1337 1164 1643 1235 δυνάμεως,
1698 1162 1842 1216 ὥστε
1875 1161 1980 1215 άπ-

390 1247 646 1302 ώσασθαι
679 1248 780 1318 τὴν
813 1248 1020 1318 πλάνην
1052 1248 1118 1301 ἐκ
1146 1247 1471 1319 προοιμίων,
1508 1247 1604 1300 καὶ
1629 1246 1753 1300 τότε
1777 1244 1982 1315 πολλῆς

390 1330 504 1384 ἔδει
531 1331 636 1401 τῆς
665 1329 848 1401 ἰσχύος
878 1333 957 1396 εἰς
987 1331 1155 1402 αὐτὴν
1183 1330 1282 1402 τὴν
1311 1329 1539 1385 εἴσοδον.

465 1498 530 1550 δ’.
578 1497 642 1551 Ὀ
685 1497 863 1550 τοίνυν
912 1498 986 1569 μὴ
1023 1498 1234 1570 δεηθεὶς
1274 1496 1646 1551 εὐπαιδεύτων
1687 1494 1754 1549 ἐκ
1798 1509 1987 1566 προοι-

395 1583 564 1651 μίων,
576 1583 628 1635 εἰ
646 1579 759 1653 [20]
779 1581 914 1651 μετὰ
927 1581 1101 1636 ταῦτα
1117 1581 1326 1650 λογίους
1341 1580 1580 1646 ἐδέξατο,
1598 1580 1696 1650 οὐχ
1712 1577 1787 1641 ὡς
1805 1576 1990 1646 δεόμε-

392 1681 487 1727 νος
509 1663 674 1716 τοῦτο
695 1663 972 1734 ἐποίησεν,
995 1665 1109 1718 ἀλλ’
1127 1664 1205 1728 ὡς
1223 1665 1286 1718 o6
1310 1661 1743 1733 διακρινόμενος.
1771 1660 1984 1730 ’Ὥσπερ

394 1747 508 1816 γάρ
549 1747 656 1800 οὐκ
711 1747 880 1800 ἐδεῖτο
930 1748 1156 1817 σοφῶν*
1210 1749 1292 1812 εἰς
1333 1747 1395 1800 τὸ
1444 1745 1792 1819 κατορθῶσαι
1845 1743 1988 1814 άπερ

396 1832 690 1894 ἐϐούλετο,
724 1832 898 1895 οὕτως
935 1832 1055 1886 οὐδὲ
1105 1831 1244 1902 μετὰ
1292 1830 1472 1886 ταῦτα
1524 1830 1851 1902 εὑρεθέντας
1901 1827 1990 1881 διά

395 1915 556 1968 τοῦτο
596 1914 842 1980 ἐξέϐαλε.
876 1915 948 1968 Σὺ
983 1916 1042 1969 δὲ
1081 1916 1262 1969 ἐκεῖνό
1311 1933 1402 1987 μοι
1445 1915 1642 1982 δεῖξον,
1691 1915 1740 1966 εἰ
1784 1913 1990 1984 Πέτρος

397 1998 583 2065 λόγιος
616 1993 686 2069 ἦν
731 1999 825 2052 καὶ
869 1997 1102 2062 Παῦλος.
1147 1997 1286 2052 Ἀλλ’
1327 2000 1428 2052 οὐκ
1463 1999 1529 2052 ἂν
1557 1997 1734 2066 ἐχοις·
1784 1994 1992 2048 ἰδιῶται

397 2082 510 2151 γὰρ
541 2077 723 2151 ἦσαν,
755 2082 850 2135 καὶ
887 2081 1264 2153 ἀγράμματοι.
1304 2081 1516 2153 Ὥσπερ
1545 2077 1637 2134 οὖν
1669 2080 1700 2132 6
1732 2077 1987 2149 Χριστὸς,

393 2166 488 2218 ὅτε
518 2166 652 2227 τοὺς
677 2163 926 2235 μαθητὰς
948 2163 1195 2235 ἔπεμπεν
1215 2167 1295 2228 εἰς
1316 2165 1416 2234 τὴν
1439 2162 1788 2233 οἰκουμένην,
1813 2160 1992 2226 δείξας

396 2247 570 2303 αὐτοῦ
625 2248 722 2319 τὴν
767 2247 997 2319 δύναμιν
1035 2249 1220 2313 αὐτοῖς
1255 2251 1314 2302 ἐν
1361 2246 1700 2319 Παλαιστίνῃ
1735 2244 1989 2315 πρῶτον,

399 2334 498 2385 καὶ
526 2329 727 2397 εἰπὼν,
751 2331 882 2384 Ὅτε
905 2330 1233 2385 ἀπέστειλα
1262 2329 1421 2400 ὑμᾶς
1451 2328 1632 2400 χωρὶς
1651 2327 1992 2392 βωαντίου

401 2415 501 2469 καί
527 2414 730 2482 πήρας
759 2412 859 2468 καί
877 2411 1282 2483 ὑποδήματος,
1298 2411 1385 2482 μή
1409 2429 1572 2478 τινος
1592 2410 1990 2479 ὑστερήσατε;

401 2500 526 2552 τότε
548 2497 818 2568 ἐπέτρεψε
846 2496 1032 2552 λοιπὸν
1057 2497 1154 2551 καὶ
1173 2498 1248 2570 πή
1257 2513 1354 2568 ραν
1376 2497 1472 2550 καὶ
1497 2495 1783 2567 βαλάντιον
1807 2494 1956 2565 ἔχειν
1975 2509 1992 2525 ο

399 2583 549 2636 οὕτω
584 2583 684 2635 καὶ
715 2579 951 2634 ἐνταῦθα
982 2580 1230 2651 ἐποίησε.
1270 2580 1345 2633 Τὸ
1388 2580 1501 2651 γάρ
1547 2577 1882 2649 ζητούμενον
1925 2573 1993 2649 ἦν

395 2665 691 2735 δειχθῆναι
716 2665 810 2718 τοῦ
834 2663 1070 2735 Χριστοῦ
1091 2665 1191 2735 τὴν
1212 2664 1464 2734 δύναμιν,
1487 2662 1550 2715 οὐ
1569 2661 1659 2716 διά
1675 2661 1774 2732 τὴν
1794 2660 1994 2726 ἔξωθεν

404 2750 603 2818 σοφίαν
649 2747 1008 2802 ἐκϐάλλεσθαι
1051 2747 1151 2817 τῆς
1195 2746 1434 2810 πίστεως
1475 2745 1604 2808 τοὺς
1644 2744 1990 2816 προσιόντας.

402 2835 578 2886 Ὅταν
605 2828 702 2886 οὖν
734 2831 996 2900 ’Έλληνες
1029 2830 1454 2901 κατηγορήσωσι
1486 2829 1595 2881 τῶν
1629 2827 1890 2900 μαθητῶν
1919 2827 1994 2890 ὡς

406 2915 662 2980 ἰδιωτῶν,
695 2915 856 2970 πλέον
879 2915 1039 2985 ἡμεῖς
1059 2913 1285 2966 ἐκείνων
1308 2911 1709 2984 κατηγορῶμεν
1733 2911 1762 2951 ἀ
1790 2910 1990 2965 αὐτῶν.

403 2999 561 3068 Μηδέ
595 2998 804 3068 λεγέτω
831 3015 935 3060 τις,
967 2997 1049 3050 ὅτι
1079 2995 1242 3064 σοφὸς
1271 2990 1341 3065 ἦν
1365 2996 1394 3048 6
1427 2993 1638 3056 Παῦλος
1659 3010 1672 3022 ⁸
1702 2994 1816 3048 ἀλλ’
1841 2993 1996 3047 ἐπαί-

408 3101 599 3156 ροντες
636 3085 730 3136 ἐπὶ
771 3081 934 3152 σοφίᾳ
967 3082 1094 3144 τοὺς
1131 3078 1403 3150 μεγάλους
1445 3079 1576 3151 παρ’
1619 3079 1852 3142 ἐκείνοις
1900 3076 1996 3132 καὶ

404 3169 500 3220 ἐπὶ
530 3165 838 3235 εὖγλωττίᾳ
870 3163 1308 3234 θαυμασθέντας,
1342 3163 1470 3225 τοὺς
1497 3164 1629 3232 παρ’
1660 3163 1794 3232 ἡμῖν
1821 3161 1998 3215 ἃπαν-

404 3265 506 3312 τας
541 3249 793 3319 λέγωμεν
827 3247 1040 3310 ἰδιώτας
1070 3245 1372 3314 γεγονέναι.
1406 3245 1482 3298 Οὐ
1515 3244 1731 3315 μικρῶς
1756 3243 1866 3315 γάρ
1900 3243 1998 3296 αὐ-

405 3333 536 3395 τοὺς
570 3331 668 3384 καὶ
701 3329 843 3384 κατὰ
873 3329 1031 3384 τοῦτο
1058 3326 1480 3398 καταϐαλοῦμεν
1518 3325 1581 3380 τὸ
1615 3326 1814 3398 μέρος·
1852 3323 1998 3378 οὕτω

405 3417 519 3488 γὰρ
546 3415 705 3469 ἔσται
733 3413 967 3484 λαμπρά
992 3412 1064 3466 τά
1097 3414 1416 3484 νικητήρια.
1829 3409 1832 3412 ’

486 3583 679 3638 Ταῦτα
721 3581 777 3636 δὲ
809 3574 983 3645 εἷπον,
1022 3581 1212 3652 ἐπειδή
1258 3595 1399 3644 τινος
1434 3579 1646 3651 ἤκουσά
1687 3596 1818 3633 ποτε
1861 3579 1996 3649 Χρι-

411 3667 636 3722 στιανοῦ
685 3665 824 3738 πρὸς
853 3663 1094 3735 ⁶Ἶιίλληνο,
1135 3663 1561 3733 καταγελάστως
1589 3662 1996 3732 διαλεγομένου,

411 3753 509 3807 καὶ
534 3751 863 3823 ἀμφοτέρων
885 3751 942 3803 ἐν
969 3752 1036 3821 τῇ
1066 3749 1205 3819 πρὸς
1236 3749 1500 3818 ἀλλήλους
1528 3747 1678 3821 μάχῃ
1699 3747 1771 3801 τά
1792 3744 2000 3799 ἑαυτῶν

411 3836 820 3891 καταλυόντων.
862 3835 932 3887 Ἀ
968 3833 1078 3904 γὰρ
1127 3832 1234 3886 ἔδει
1278 3831 1369 3886 τὸν
1415 3830 1746 3904 Χριστιανὸν
1789 3831 1998 3894 εἰπεῖν,

411 3920 593 3974 ταῦτα
627 3921 655 3972 6
687 3919 893 3988 Ἕλλην,
918 3917 1094 3984 ἔλεγε·
1127 3918 1223 3970 καὶ
1255 3917 1293 3970 ἃ
1339 3915 1430 3969 τὸν
1473 3915 1714 3986 Ἕλληνα
1747 3912 1896 3975 εἰκὸς
1932 3908 2000 3983 ἦν

414 4007 618 4068 εἰπεῖν,
641 4001 814 4056 ταῦτα
850 4003 878 4055 6
909 3999 1236 4073 Χριστιανὸς
1267 3998 1654 4072 προεϐάλλετο.
1690 3997 1827 4069 Περὶ
1856 3996 2004 4051 Παύ-

413 4089 511 4142 λου
536 4088 645 4158 γάρ
669 4088 764 4140 καὶ
789 4086 1077 4150 Πλάτωνος
1106 4083 1388 4157 ζητήσεως
1408 4081 1597 4154 οὔσης,
1621 4083 1650 4135 ὁ
1674 4081 1775 4153 μὲν
1805 4079 2002 4150 Ἕλλην

416 4173 680 4243 ἐπειρᾶτο
720 4169 1031 4235 δεικνύναι,
1078 4170 1160 4222 ὃτι
1193 4170 1222 4221 6
1269 4168 1483 4232 Παῦλος
1519 4163 1588 4239 ἦν
1637 4165 1858 4238 ἀμαθής
1907 4165 2004 4218 καὶ

420 4255 659 4326 ἰδιώτης*
709 4257 738 4309 6
778 4254 834 4308 δὲ
874 4254 1201 4325 Χριστιανὸς
1249 4253 1356 4307 61:6
1395 4251 1658 4322 ἀφελείας
1699 4249 2002 4314 ἐσπούδαζε

418 4337 875 4404 κατασκευάζειν,
911 4339 994 4390 ὅτι
1027 4336 1315 4399 Πλάτωνος
1344 4334 1672 4407 λογιώτερος
1698 4330 1766 4405 ἦν
1790 4335 1821 4387 6
1851 4333 2002 4387 Παῦ-

415 4424 531 4487 λος.
580 4421 822 4477 Οῦτωδέ
865 4420 961 4474 τοῦ
1003 4420 1265 4487 Ἕλληνος
1313 4421 1524 4490 ἐγίνετο
1569 4421 1639 4474 τά
1685 4419 2000 4490 νικητήρια,

417 4506 614 4561 τούτου
651 4503 978 4576 κρατοῦντος
1011 4503 1105 4557 τοῦ
1138 4503 1320 4573 λόγου.
1358 4503 1422 4557 Εἰ
1452 4503 1561 4575 γάρ
1595 4502 1886 4566 Πλάτωνος
1916 4502 2002 4556 ἐλ-

418 4588 787 4660 λογιμὼτερος
817 4583 885 4658 ἦν
913 4588 942 4640 6
971 4587 1202 4652 Παῦλος,
1238 4585 1466 4652 πολλοὺς
1499 4586 1647 4650 εἰκὸς
1677 4585 2000 4654 ἀντιλέγειν,

419 4677 503 4728 ὅτι
541 4673 607 4727 o6
647 4676 713 4744 τῇ
762 4673 969 4744 χάριτι,
1002 4671 1138 4726 ἀλλὰ
1167 4674 1237 4743 τῇ
1281 4671 1587 4743 εύγλωττίᾳ
1630 4672 2001 4742 περιεγένετο.

420 4758 591 4811 Ὥστε
623 4757 759 4829 ὑπὲρ
798 4755 893 4809 τοῦ
933 4755 1193 4826 Ἕλληνος
1236 4751 1307 4826 ἦν
1335 4754 1397 4808 τὸ
1438 4755 1732 4826 λεγόμενον
1771 4755 1876 4808 61:6
1908 4754 2003 4808 τοῦ

420 4840 771 4913 Χριστιανοῦ·
817 4839 846 4893 δ
894 4839 952 4894 δὲ
989 4839 1173 4909 ἔλεγεν
1211 4841 1240 4894 6
1286 4839 1511 4910 Ἕλλην,
1545 4839 1688 4912 ὑπὲρ
1727 4839 1823 4893 τοῦ
1869 4840 2065 4912 Χρι-

422 4924 648 4980 στιανοῦ
679 4921 766 4996 ἦν.
788 4925 851 4978 Εἰ
878 4925 988 4996 γὰρ
1015 4923 1226 4989 Παῦλος
1254 4923 1581 4990 ἀπαίδευτος
1609 4921 1702 4997 ἦν,
1729 4923 2032 4996 ἐκράτησε’

419 5009 483 5062 δὲ
512 5008 816 5070 Πλάτωνος,
847 5008 980 5078 ὅπερ
1011 5006 1216 5075 ἔλεγον,
1259 5005 1492 5079 λαμπρά
1526 5008 1750 5076 γέγονεν
1780 5009 1814 5080 ή
1853 5009 2002 5079 νίκη.

421 5091 570 5155 Τοὺς
593 5091 701 5161 γάρ
729 5090 936 5144 ἐκείνου
960 5089 1209 5160 μαθητὰς
1238 5089 1418 5144 λαϐὼν
1448 5093 1477 5145 6
1504 5091 1724 5163 ἀμαθὴς
1754 5091 2005 5156 ἅπαντας

423 5177 653 5240 ἔπεισε,
683 5178 774 5228 καὶ
820 5175 957 5246 πρὸς
1000 5175 1190 5228 ἐαυτὸν
1229 5176 1458 5246 ἤγαγεν.
1504 5176 1669 5230 Ὅθεν
1701 5176 1883 5248 δῆλον,
1923 5177 2006 5232 ὅτι

423 5260 528 5313 οὐκ
557 5261 616 5311 ἐν
656 5257 815 5330 σοφίᾳ
843 5259 1180 5332 ἀνθρωπίνῃ,
1213 5259 1274 5312 τὸ
1314 5261 1580 5332 κήρυγμα
1624 5261 2004 5334 περιγέγονεν,

425 5342 566 5397 ἀλλὰ
585 5341 721 5396 Θεοῦ
745 5344 943 5414 χάριτι.
973 5343 1070 5396 ’Ἰν’
1092 5339 1185 5397 οὖν
1218 5343 1292 5415 μὴ
1321 5343 1497 5399 ταυτὰ
1519 5345 1845 5419 πάσχωμεν,
1869 5345 2009 5418 μηδέ

425 5425 860 5498 καταγελώμεθα
908 5426 1051 5480 οὕτω
1094 5427 1467 5498 διαλεγόμενοι
1523 5428 1662 5501 πρὸς
1716 5427 2007 5500 Ἕλληνας,

425 5507 653 5562 ἐπειδὰν
678 5510 809 5579 ἡμῖν
827 5507 963 5580 πρὸς
988 5510 1188 5572 αὐτοὺς
1213 5510 1369 5579 ἀγὼν
1389 5507 1450 5587 ᾗ,
1472 5511 1874 5584 κατηγορῶμεν
1898 5509 2008 5563 τῶν

423 5591 745 5647 ἀποστόλων
771 5594 846 5658 ὡς
870 5592 1123 5664 ἀμαθῶνο
1145 5595 1182 5664 ή
1204 5593 1314 5667 γὰρ
1337 5595 1644 5669 κατηγορία
1669 5594 1808 5667 αὕτη
1835 5591 2010 5664 ἐγκώ-

494 5859 519 5886 ⁸
545 5852 799 5966 ῑεῖἓὺαιω·
816 5856 964 5907 τοῦτο
987 5859 1227 5920 διέκλασε,
1245 5864 1291 5910 et
1313 5873 1444 5921 mox,
1469 5860 1800 5931 xatégtatle...
1824 5860 2004 5912 ἔπεισε.

494 5921 607 5966 [eae
665 5925 742 5966 lar
782 5918 886 5966 haec
926 5932 1041 5966 vox.
1083 5922 1218 5966 φησί.
1284 5928 1390 5966 nas!
1438 5923 1728 5966 θαόὁουντει.
1817 5925 1839 5953 ο
1869 5923 2004 5966 Alius

486 5918 742 5992 μρεθαίαΐ
778 5918 886 5992 [unc
926 5932 1041 5980 vox,
1073 5918 1238 5992 φησί..
1267 5928 1390 5992 _posl
1434 5918 1728 5992 θαρροῦντες.
1817 5925 1839 5953 °
1865 5923 2008 5992 Aﬂus

429 5981 584 6030 habet
601 5983 837 6054 σοφιστῶν
856 5995 945 6044 pro
970 5981 1150 6052 σοφῶν.
1213 5982 1239 6023 d
1264 5981 1407 6049 “9.3.,
1433 5981 1788 6049 κατηγορῶμεν,
1827 5984 2008 6038 melius

432 6056 582 6107 quam
600 6043 715 6094 editi
735 6043 1107 6108 κατηγοροῦμεν.

1442 377 1509 435 ΙΝ
1551 377 1770 434 EPIST.
1814 377 1835 432 Ῑ
1870 374 1964 432 AD

2097 376 2160 434 Β.
2201 377 2442 434 HOMIL.
2485 378 2574 433 Ill.
3597 376 3668 429 ‘28

2082 513 2228 567 μιον.
2262 496 2375 550 Καὶ
2401 496 2530 548 ὅταν
2561 492 2793 548 εἴπωσιν
2824 496 3041 560 ἐκεῖνοι,
3066 495 3149 547 ὅτι
3174 493 3426 564 ἄγροικοι
3452 488 3593 564 ἦσαν
3617 498 3668 549 οξ

2077 578 2390 643 ἀπόστολοι,
2428 577 2758 649 προσθῶμεν
2789 579 2982 648 ἡμεῖς,
3014 585 3110 630 και
3139 577 3420 648 εἴπωμεν,
3457 577 3541 630 ὅτι
3575 579 3671 632 καὶ

2080 661 2314 733 ἀμαθεῖς
2355 663 2450 715 καὶ
2486 661 2847 734 ἀγράμματοι
2881 662 2976 714 καὶ
3020 661 3256 732 πένητες
3293 661 3390 712 καὶ
3430 660 3670 724 εὐτελεῖς

2079 746 2176 800 καὶ
2202 745 2454 800 ἀσύνετοι
2485 746 2578 798 καὶ
2615 747 2863 814 ἀφανεῖς.
2900 745 3014 798 Οὐκ
3049 745 3166 798 ἔστι
3205 744 3526 815 βλασφημία
3558 744 3670 798 τῶν

2083 829 2396 884 ἀποστόλων
2426 829 2624 896 ταῦτα,
2655 829 2794 883 ἀλλὰ
2829 830 2923 882 καὶ
2953 829 3101 896 δόξα,
3135 829 3196 881 τὸ
3232 829 3359 892 τοὺς
3391 828 3669 891 τοιούτους

2081 911 2182 982 τῆς
2205 911 2530 983 οἰκουμένης
2561 912 2743 983 πάσης
2769 912 3188 984 λαμπροτέρους
3216 911 3474 982 φανῆναι.
3506 904 3670 964 Οὗτοι

2083 997 2193 1070 γάρ
2225 999 2275 1051 οἰ
2312 997 2519 1051 ἰδιῶται
2557 999 2653 1051 καὶ
2686 999 2934 1068 ἄγροικοι
2969 998 3066 1050 καὶ
3116 994 3231 1068 [2i]
3276 997 3511 1066 ἀμαθεῖς
3543 996 3670 1057 τοὺς

2086 1082 2284 1150 σοφοὺς
2321 1082 2417 1135 καὶ
2449 1081 2710 1144 δυνατοὺς
2741 1080 2838 1135 καὶ
2878 1080 3006 1144 τοὺς
3035 1080 3368 1151 τυράννους,
3414 1080 3512 1133 καὶ
3541 1079 3670 1142 τοὺς

2084 1165 2179 1219 ἐπὶ
2206 1164 2420 1236 πλούτῳ
2463 1165 2557 1219 καὶ
2587 1165 2716 1238 δόξῃ
2747 1165 2841 1218 καὶ
2871 1166 2987 1227 τοῖς
3033 1161 3233 1229 ἔξωθεν
3275 1164 3411 1215 πᾶσι
3450 1161 3671 1232 κομπά-

2086 1248 2300 1313 ζοντας,
2334 1248 2409 1312 ὡς
2435 1249 2556 1302 οὐδὲ
2586 1248 2806 1320 ἄνδρας,
2832 1247 2974 1301 οὕτω
3004 1247 3475 1315 κατηγωνίσαντο.
3505 1244 3672 1299 Ὅθεν

2084 1331 2266 1401 δῆλον,
2297 1333 2379 1386 ὅτι
2415 1332 2624 1403 μεγάλη
2661 1334 2695 1402 ή
2737 1331 2832 1385 τοῦ
2868 1329 3102 1401 σταυροῦ
3145 1329 3396 1401 δύναμις,
3443 1331 3539 1384 καὶ
3571 1329 3673 1382 οὐκ

2086 1414 2402 1487 ἀνθρωπίνῃ
2454 1414 2598 1485 ἰσχύϊ
2626 1413 2801 1468 ταῦτα
2839 1413 3070 1482 ἐγίνετο.
3105 1413 3179 1466 06
3205 1413 3315 1483 γὰρ
3357 1412 3469 1483 ἔχει
3510 1411 3674 1481 φύσιν

2087 1498 2156 1552 τά
2195 1499 2478 1568 γινόμενα,
2519 1499 2634 1553 ἀλλ’
2677 1499 2815 1571 ὑπὲρ
2848 1497 3009 1569 φύσιν
3040 1492 3108 1570 ἦν
3139 1497 3207 1550 τὰ
3240 1495 3670 1569 κατορθούμενα.

2093 1584 2262 1636 Ὅταν
2294 1583 2353 1637 δὲ
2395 1583 2537 1648 ὑπὲρ
2581 1583 2744 1653 φύσιν
2793 1600 2846 1636 τι
2885 1583 3136 1651 γένηται,
3187 1583 3282 1635 καὶ
3319 1580 3462 1652 ὑπὲρ
3511 1578 3676 1650 φύσιν

2093 1667 2246 1740 παρὰ
2279 1667 2414 1721 πολὺ
2442 1667 2580 1737 μετὰ
2611 1665 2706 1720 τοῦ
2736 1667 3106 1737 προσήκοντος
3135 1663 3348 1717 καὶτοῦ
3376 1663 3674 1736 χρησίμου,

2091 1750 2312 1822 εὔδηλον
2345 1752 2428 1803 ὅτι
2466 1750 2586 1821 θείᾳ
2617 1751 2724 1803 τινὶ
2760 1749 2936 1803 ταῦτα
2975 1749 3204 1819 δυνάμει
3241 1749 3337 1800 καὶ
3384 1744 3680 1816 συνεργείᾳ

2091 1835 2320 1904 γίνεται.
2338 1835 2540 1888 Σκόπει
2563 1835 2640 1888 δέ’
2661 1833 2719 1888 '0
2735 1833 2944 1897 ἁλιεὺς,
2961 1834 2990 1885 6
3008 1830 3353 1902 σκηνοποιὸς,
3367 1831 3397 1882 6
3413 1828 3677 1898 τελώνης,

2091 1921 2119 1972 6
2153 1916 2389 1989 ἰδιώτης,
2413 1919 2442 1971 6
2469 1917 2853 1988 ἀγράμματος,
2885 1918 2948 1970 ἐκ
2977 1915 3342 1985 Παλαιστίνης
3368 1913 3469 1982 τῆς
3494 1909 3679 1982 χώρας

2095 2001 2314 2072 μακρὰν
2360 2000 2623 2072 κειμένης
2653 1999 2930 2063 ἐλθόντες,
2982 2000 3110 2062 τοὺς
3167 1996 3521 2066 φιλοσόφους,
3553 1994 3681 2055 τοὺς

2096 2085 2356 2156 ῥήτορας,
2387 2085 2518 2148 τοὺς
2547 2083 2755 2147 δεινοὺς
2785 2084 2961 2136 εἰπεῖν
2991 2084 3056 2135 ἐκ
3079 2082 3178 2152 τῆς
3211 2078 3420 2143 οἰκείας
3448 2075 3679 2132 ἀπωσά-

2098 2187 2249 2240 μενοι
2297 2168 2544 2235 πάντας,
2578 2168 2735 2221 αύτοὶ
2781 2166 2987 2220 τούτων
3036 2166 3352 2236 ἐκράτησαν
3398 2164 3457 2217 ἐν
3503 2161 3683 2233 χρόνῳ

2096 2253 2288 2324 βραχεῖ
2315 2253 2455 2323 μετὰ
2485 2252 2747 2306 κινδύνων
2779 2250 3012 2318 πολλῶν,
3041 2250 3252 2322 δήμων,
3287 2246 3555 2319 βασιλέων
3583 2245 3682 2298 άν-

2092 2338 2494 2403 τιπιπτόντων,
2551 2336 2652 2408 τῆς
2706 2336 2920 2404 φύσεως
2959 2336 3130 2406 αὐτῆς
3189 2332 3528 2406 μαχομένης,
3584 2328 3681 2381 τοῦ

2093 2421 2289 2493 χρόνου
2323 2421 2426 2490 τῆς
2466 2421 2858 2490 παλαιότητος,
2901 2420 3003 2490 τῆς
3036 2418 3238 2489 πολλῆς
3268 2415 3560 2487 συνηθείας
3587 2415 3684 2466 άν-

2093 2506 2488 2577 τιπαλαιούσης
2516 2519 2540 2546 θ
2602 2504 2884 2575 σφοδρῶς,
2941 2503 3216 2574 δαιμόνων
3270 2499 3680 2569 ὁπλιζομένων,

2091 2590 2339 2644 διαϐόλου
2366 2589 2846 2660 παραταττομένου
2876 2587 2969 2641 καὶ
2990 2589 3169 2641 πάντα
3191 2582 3492 2646 κινοῦντος,
3527 2582 3684 2651 βασι-

2095 2673 2247 2738 λέας,
2279 2675 2576 2744 ἄρχοντας,
2620 2672 2864 2742 δήμους,
2906 2670 3058 2740 ἔθνη,
3095 2669 3316 2733 πόλεις,
3347 2665 3682 2738 βαρϐάρους,

2098 2758 2388 2829 Ἕλληνας,
2419 2757 2764 2825 φιλοσόφους,
2798 2756 3057 2827 ῥήτορας,
3101 2753 3381 2822 σοφιστάς,
3415 2747 3688 2821 λογογρά-

2097 2859 2254 2911 φους,
2284 2844 2503 2912 νόμους,
2534 2841 2866 2912 δικαστήρια
2885 2880 2900 2906 ,
2933 2838 3188 2902 κολάσεις
3220 2835 3492 2900 ποικίλας,
3525 2833 3688 2889 θανά-

2097 2943 2226 2989 τους
2258 2925 2484 2998 μυρίους
2524 2925 2618 2977 καὶ
2661 2922 3054 2986 παντοδαπούς.
3109 2921 3250 2975 Ἀλλ’
3279 2922 3426 2992 ὅμως
3470 2917 3690 2973 ἅπαντα

2099 3009 2270 3064 ταῦτα
2299 3008 2474 3072 οὕτως
2515 3007 2780 3079 ἠλέγχετο
2810 3007 2905 3060 καὶ
2949 3004 3306 3076 παρεχώρει,
3337 3002 3447 3056 τῶν
3492 2999 3688 3054 ἁλιέων

2099 3090 2493 3162 φθεγγομένων
2513 3130 2528 3156 ,
2563 3090 2640 3154 ὡς
2672 3089 2823 3151 κόνις
2853 3088 3030 3160 λεπτὴ
3062 3087 3310 3161 σφοδρῶν
3338 3085 3555 3157 άνέμων
3589 3085 3688 3153 ἐμ-

2098 3175 2261 3247 ϐολὴν
2288 3177 2534 3244 ἐνεγκεῖν
2570 3174 2645 3246 μὴ
2680 3173 2981 3245 δυναμένη.
3015 3171 3298 3242 Μάθωμεν
3327 3171 3507 3224 τοίνυν
3544 3167 3690 3220 ούτω

2099 3259 2237 3330 πρὸς
2273 3257 2546 3328 ’Έλληνας
2586 3256 2954 3326 διαλέγεσθαι,
2987 3255 3076 3309 ἵνα
3123 3255 3199 3327 μὴ
3224 3249 3376 3326 ὦμεν
3407 3253 3482 3315 ὡς
3520 3249 3691 3322 θρέμ-

2103 3359 2253 3414 ματα
2297 3343 2396 3396 καὶ
2439 3341 2793 3412 βοσκήματα,
2832 3339 2948 3393 ἀλλ’
2987 3332 3140 3410 ὦμεν
3177 3334 3691 3410 παρεσκευασμένοι

2100 3427 2231 3498 περὶ
2262 3426 2359 3497 τῆς
2391 3428 2448 3478 ἐν
2479 3426 2612 3496 ἡμῖν
2647 3423 2881 3487 ἐλπίδος.
2918 3424 3026 3476 Καὶ
3061 3422 3200 3485 τέως
3229 3421 3388 3475 τοῦτο
3424 3419 3486 3473 1:6
3517 3417 3690 3486 κεφά-

2100 3512 2250 3566 λαιον
2274 3512 2664 3582 μελετήσωμεν
2685 3511 2787 3564 οὐκ
2809 3508 2869 3562 ὃν
2901 3507 3121 3580 μικρὸν,
3158 3507 3254 3561 καὶ
3277 3505 3526 3575 λέγωμεν
3555 3501 3693 3575 πρὸς

2103 3598 2327 3660 αύτούς·
2354 3597 2526 3649 Πόθεν
2551 3597 2600 3648 οἰ
2627 3594 2878 3657 ἀσθενεῖς
2901 3592 3009 3648 τῶν
3029 3591 3264 3664 ἰσχυρῶν
3288 3587 3690 3661 περιεγένοντο,

2100 3683 2148 3736 οἰ
2193 3681 2402 3734 δώδεκα
2439 3680 2541 3750 τῆς
2587 3676 2951 3750 οἰκουμένης,
2986 3677 3108 3746 οὐχὶ
3142 3677 3254 3738 τοῖς
3292 3673 3476 3735 αὐτοῖς
3505 3669 3691 3734 ὅπλοις

2101 3764 2454 3839 κεχρημένοι,
2488 3761 2626 3816 ἀλλὰ
2662 3761 2861 3833 γυμνοὶ
2889 3760 3028 3833 πρὸς
3055 3757 3320 3822 ἐνόπλους
3353 3755 3690 3828 μαχόμενοι;

2174 3918 2236 3964 ε’.
2267 3911 2402 3964 Εἰπὲ
2433 3908 2564 3982 γάρ,
2598 3910 2646 3962 εἰ
2670 3907 2883 3962 δώδεκα
2903 3905 3096 3978 ἄνδρες
3127 3899 3445 3974 πολεμικῶν
3474 3898 3694 3982 ἄπειροι

2104 3979 2453 4066 πραγμάτων
2484 3979 2564 4056 εἰς
2605 3989 2913 4062 παράταξιν
2953 3987 3306 4060 στρατιωτῶν
3339 3986 3578 4066 ἄπειρονΔ

2103 4061 2456 4147 ὡπλισμένην
2486 4061 2914 4144 εἰσπηδήσαντες
2935 4113 2949 4136 ,
2982 4075 3083 4127 οὐκ
3114 4070 3306 4126 ἄοπλοι
3344 4066 3525 4136 μόνον,
3556 4061 3696 4115 ἀλλὰ

2105 4163 2202 4218 καὶ
2225 4146 2472 4225 ἀσθενεῖς
2491 4160 2554 4213 τὸ
2581 4159 2762 4228 σῶμα,
2787 4157 2893 4211 61:6
2919 4157 3016 4228 μὲν
3039 4155 3264 4210 ἐκείνων
3288 4151 3441 4205 οὐδὲν
3467 4146 3691 4210 ἔπαθον,

2109 4247 2244 4320 μηδὲ
2271 4245 2484 4318 μυρίοις
2517 4243 2836 4314 βαλλόμενοι
2871 4241 3084 4308 βέλεσιν
3111 4240 3131 4281 ι
3167 4235 3508 4320 ἐτρώθησαν,
3530 4230 3703 4320 ,ἔχονι

2104 4311 2196 4390 τες
2228 4311 2288 4379 δέ
2322 4311 2822 4396 ἐμπεπερονημένα
2855 4322 2927 4377 τὰ
2966 4320 3094 4392 βέλη
3141 4315 3340 4388 γυμνῷ
3368 4314 3447 4387 τῷ
3479 4311 3702 4383 σώματι,

2106 4411 2316 4473 πάντας
2344 4406 2696 4473 κατέϐαλλον,
2731 4409 2830 4478 οὐχ
2856 4406 3044 4468 ὅπλοις
3071 4401 3430 4474 κεχρημένοι,
3461 4396 3600 4451 ἀλλὰ
3627 4397 3695 4466 τῇ

2105 4495 2249 4567 χειρὶ
2279 4493 2533 4557 παίοντες
2551 4533 2566 4557 ,
2602 4486 2722 4546 εἶτα
2755 4492 2883 4553 τοὺς
2910 4490 3010 4562 μὲν
3031 4488 3259 4551 ἀνεῖλον,
3290 4484 3416 4567 τοὺς
3441 4481 3498 4535 δέ
3528 4481 3696 4567 αἰχμ-

2107 4562 2348 4640 αλώτους
2405 4575 2666 4638 λαϐόντες
2717 4574 3028 4645 ἀπήγαγον,
3084 4571 3222 4644 μηδέ
3271 4566 3562 4640 τραύματα
3584 4562 3698 4645 αὔ-

2105 4664 2189 4715 τοὶ
2208 4661 2514 4730 δεξάμενοι,
2537 4653 2648 4730 ἆρά
2675 4675 2761 4721 τις
2786 4643 2856 4711 :6
2872 4643 3159 4729 γινόμενον
3188 4650 3530 4723 ἀνθρώπινον
3555 4643 3698 4730 εἶναι

2107 4747 2312 4814 ἐφησε;
2346 4729 2555 4796 Καίτοι
2582 4729 2656 4794 τὸ
2693 4740 2802 4794 τῶν
2837 4739 3152 4794 ἀποστόλων
3201 4736 3464 4811 τρόπαιον
3516 4729 3698 4801 πολλῷ

2106 4828 2320 4882 ἐκείνου
2341 4824 2803 4896 θαυμαστότερον.
2825 4822 2932 4877 Τοῦ
2949 4823 3057 4894 γάρ
3077 4819 3284 4892 γυμνὸν
3305 4819 3380 4890 μὴ
3396 4815 3695 4887 τρωθῆναι,

2106 4910 2289 4982 πολλῷ
2318 4909 2754 4981 παραδοξότερον
2793 4908 2856 4962 16
2887 4908 2981 4961 τὸν
3016 4905 3235 4975 ἰδιώτην
3264 4902 3360 4956 καὶ
3385 4899 3698 4973 ἀγράμμα-

2105 5013 2198 5050 τον
2223 4995 2318 5050 καί⁸
2343 4993 2499 5048 ἁλιέα
2525 4992 2798 5064 τοσαύτης
2823 4991 3128 5061 δεινότητος
3161 4984 3569 5059 περιγενέσθαι,
3603 4982 3699 5036 καὶ

2112 5081 2251 5151 μήτε
2278 5079 2384 5132 61:6
2407 5078 2507 5148 τῆς
2526 5076 2860 5148 ὀλιγότητος,
2891 5077 3030 5146 μήτε
3056 5073 3162 5129 61:6
3187 5073 3288 5142 τῆς
3316 5069 3526 5136 πενίας,
3558 5069 3698 5140 μήτε

2109 5163 2216 5218 61:6
2235 5161 2344 5215 τῶν
2363 5160 2644 5226 κινδύνων,
2679 5161 2818 5233 μήτε
2850 5159 2956 5213 ὑπὸ
2981 5160 3082 5229 τῆς
3111 5155 3406 5227 συνηθείας
3429 5154 3532 5224 τῆς
3561 5168 3699 5222 προ-

2110 5246 2524 5318 κατειληφυίας,
2563 5246 2702 5319 μήτε
2731 5244 2838 5298 61:6
2860 5245 2961 5315 τῆς
2987 5241 3258 5314 τοσαύτης
3286 5239 3698 5311 αὐστηρότητος

2109 5332 2216 5385 τῶν
2285 5329 2628 5402 πραγμάτων
2700 5321 2780 5381 ὧν
2840 5327 3139 5381 ἐπέταττον
3158 5366 3172 5391 ,
3239 5326 3378 5395 μήτε
3435 5322 3543 5376 61:6
3589 5321 3697 5374 τῶν

2111 5413 2498 5486 καθημερινῶν
2542 5411 2826 5474 θανάτων,
2868 5411 3007 5481 μήτε
3042 5409 3147 5463 61:6
3181 5407 3276 5462 τοῦ
3308 5406 3548 5478 πλήθους
3587 5404 3698 5457 τῶν

2110 5497 2505 5569 άπατηθέντων
2526 5535 2543 5561 ,
2593 5496 2731 5566 μήτε
2764 5493 2870 5548 61:6
2901 5493 2997 5548 τοῦ
3049 5491 3360 5563 ἀξιώματος
3402 5490 3512 5542 τῶν
3549 5489 3693 5540 άπα-

2110 5583 2393 5650 τησάντων
2426 5577 2846 5649 διακωλυθῆναι.
2883 5577 3039 5631 Οὕτω
3079 5575 3260 5629 τοίνυν
3290 5573 3489 5634 αὐτοὺς
3527 5587 3696 5624 κατα-

2111 5663 2384 5734 ϐάλωμεν,
2416 5663 2510 5716 καὶ
2542 5660 2844 5734 μαχώμεθα
2874 5660 3009 5730 πρὸς
3037 5658 3303 5720 ἐκείνους,
3331 5655 3427 5708 καὶ
3455 5652 3564 5724 πρὸ
3587 5651 3696 5705 τῶν

2110 5749 2285 5812 λόγων
2310 5745 2401 5800 διὰ
2431 5748 2528 5798 τοῦ
2557 5745 2673 5814 βίου
2713 5741 3215 5814 καταπληξώμεθα.
3251 5738 3402 5809 Αῦτη
3435 5736 3550 5810 [2%]
3585 5737 3696 5809 γάρ

2110 5834 2258 5886 ἐστιν
2293 5832 2327 5903 ἡ
2369 5829 2580 5903 μεγάλη
2623 5831 2794 5902 μάχη,
2833 5820 2988 5893 οὗτος
3029 5829 3058 5880 ό
3087 5825 3450 5896 συλλογισμὸς
3477 5826 3506 5879 6
3535 5826 3697 5881 άνανο

2183 6052 2206 6082 ε
2236 6048 2498 6115 Legebatur
2521 6047 2901 6107 άντιπιτιτούσης.
2975 6047 2998 6089 ί
3017 6046 3197 6098 Deerat
3218 6046 3421 6109 βέλεσιν.
