4086 6444
498 367 566 420 25)
1228 374 1287 426 S.
1327 370 1618 426 JOANNIS
1655 371 2146 429 CHRYSOSTOMI
2184 374 2508 433 ARClﬂBP.
2551 370 3106 427 CONSTANTINOP.

496 479 754 550 τίρρητος
783 483 810 534 6
851 482 938 535 διὰ
969 486 1077 537 τῶν
1122 485 1331 556 ἔργων·
1368 487 1492 538 ἐπεὶ
1530 486 1635 539 κᾶν
1672 465 1841 558 μυρία
1873 490 2082 559 φιλοσο-

3719 365 3816 423 30

2192 494 2362 566 ρήνης
2385 489 2496 560 γὰρ
2523 488 2555 539 δ
2582 485 2775 556 παρὼν
2803 483 3040 555 καιρὸς).
3073 481 3187 535 ἀλλ’
3217 481 3305 566 ἵνα
3329 479 3564 566 tiu-{901:6
3582 481 3831 566 προβυ-

499 562 778 648 φήσωμεν,
806 564 899 648 διά
921 565 1033 618 τῶν
1081 567 1286 635 λόγων,
1335 568 1449 638 βίον
1487 569 1546 620 δέ
1594 569 1670 640 μὴ
1711 571 2084 642 παρεχώμεθα
2192 562 2321 648 μίας
2352 571 2590 644 σπουδὴν
2630 566 3052 638 ἐπιδειξώμεθαο
3094 566 3206 618 καὶ
3242 565 3352 635 γὰρ
3394 563 3830 648 ἐξεπιλζΡτκω

499 643 721 698 ἐκείνων
756 645 1018 715 βελτίονα,
1051 651 1111 702 τὸ
1139 650 1327 718 κέρδος
1361 651 1534 704 οὐδέν.
1571 653 1648 704 υύ
1697 653 1806 722 γάρ
1836 657 1949 716 τοῖς
1989 655 2082 706 λε-

497 728 750 797 γομένοις
774 730 1151 801 προσέχουσιν,
1181 733 1296 785 ἀλλ’
1322 732 1361 787 ὃ.
1383 735 1700 804 πράττομεν
1742 735 2079 802 ἐξετάζουσι,

498 809 593 862 καί
619 828 785 879 φασι·
832 813 904 866 Σὺ
934 814 1201 884 πρότερος
1224 819 1336 878 τοῖς
1368 819 1480 878 σοῖς
1513 818 1721 887 ῥήμασι
1745 817 1956 882 πείθου,
1986 822 2083 874 καὶ

499 892 618 944 τότε
653 893 860 964 ἑτέροις
898 897 1173 964 παραίνει.
1204 899 1266 951 Εἰ
1294 899 1352 950 δὲ
1393 900 1576 966 λέγεις
1611 899 1712 970 μὲν
1753 901 1918 970 μυρία
1943 900 2080 956 είναι

499 976 680 1042 ἀγαθά
703 980 758 1028 ἐν
782 978 861 1048 τῷ
889 980 1156 1049 μέλλοντι,
1184 982 1260 1046 ὡς
1286 984 1385 1036 οὐκ
1408 984 1579 1036 όντων
1609 984 1666 1037 δὲ
1693 983 1837 1038 οὕτω
1870 986 2082 1054 φαίνοιο

495 1060 607 1120 τοῖς
637 1061 868 1128 παροῦσι
902 1064 1348 1135 προσηλωμένος,
1377 1067 1447 1118 τά
1471 1066 1609 1136 ἔργα
1639 1084 1733 1120 σου
1756 1067 1865 1121 τῶν
1897 1072 2077 1140 ῥημά-

494 1157 601 1192 των
633 1143 754 1210 ἐμοὶ
796 1147 1116 1217 πιστότερα.
1159 1149 1327 1202 Ὅταν
1367 1149 1477 1219 γὰρ
1527 1149 1618 1202 ίδω
1662 1167 1723 1203 σε
1763 1153 2080 1220 ἁρπάζοντα

492 1221 560 1274 τὰ
590 1223 814 1294 ἐτέρων.
857 1227 1163 1298 θρηνοῦντα
1198 1231 1455 1302 ἀμέτρως
1487 1233 1582 1284 ἐπὶ
1621 1235 1732 1297 τοῖς
1758 1235 2077 1304 ἀπελθοῦσι,

493 1304 665 1358 πολλὰ
695 1307 858 1378 ἕτερα
891 1310 1354 1381 πλημμελοῦντα,
1397 1313 1513 1376 πῶς
1553 1331 1638 1366 σοι
1674 1317 1956 1372 πιστεύσω
1997 1320 2080 1372 ὅτι

492 1385 641 1440 ἐστιν
671 1389 1003 1456 ἀνάστασις;
1046 1395 1164 1446 Κᾶν
1197 1395 1306 1466 γὰρ
1339 1397 1413 1466 μὴ
1444 1397 1642 1466 λέγωσι
1676 1399 1851 1454 ταῦτα
1873 1439 1887 1464 ,
1931 1401 2082 1471 ὅμως

491 1471 733 1524 ἐννοοῦσι
761 1473 958 1538 ταῦτα,
983 1478 1076 1529 καὶ
1099 1479 1558 1549 περιστρέφουσιν
1580 1481 1671 1532 ἐπὶ
1694 1484 1794 1552 τῆς
1819 1483 2076 1546 διανοίας.

492 1552 602 1606 K01
655 1555 817 1610 τοῦτό
870 1558 984 1612 ἐστι
1017 1560 1078 1612 τὸ
1124 1561 1331 1614 κωλύον
1365 1564 1490 1625 τοὺς
1531 1564 1796 1628 ἀπίστους
1828 1567 2078 1634 γενέσθαι

491 1638 876 1706 Χριστιανούς.
922 1645 1313 1715 Ἐναγάγωμεν
1345 1657 1364 1677 ·
1405 1647 1586 1701 τοίνυν
1627 1650 1826 1713 αὐτοὺς
1860 1649 1946 1703 διὰ
1979 1651 2078 1720 τῆς

491 1719 637 1788 ζωῆς
662 1723 764 1794 τῆς
797 1727 1094 1796 ἡμετέρας.
1127 1729 1320 1782 Πολλοὶ
1350 1731 1443 1783 καὶ
1477 1730 1685 1785 ἰδιῶται
1710 1731 1904 1802 ἄνδρες
1925 1719 2076 1803 φιλο-

494 1803 673 1887 σόφων
718 1806 864 1860 οὕτω
908 1810 1257 1882 κατέπληξαν
1301 1813 1402 1883 τὴν
1439 1813 1701 1880 διάνοιαν,
1743 1814 1820 1878 ὡς
1853 1816 1947 1868 καὶ
1977 1817 2079 1887 τὴν

488 1885 598 1936 τῶν
648 1887 825 1959 ἔργων
877 1889 1280 1963 ἐπιδειξάμενοι
1331 1894 1686 1966 φιλοσοφίαν,
1740 1898 1836 1950 καὶ
1893 1885 2078 1968 φωνὴν

491 1968 792 2040 σάλπιγγος
822 1972 1213 2047 λαμπροτέραν
1240 1978 1329 2031 διὰ
1357 1980 1457 2050 τῆς
1495 1980 1775 2046 πολιτείας
1808 1982 1906 2035 καὶ
1935 1982 2079 2051 φιλο-

490 2053 684 2137 σοφίας
714 2055 947 2126 ἀφέντες
968 2076 982 2090 ·
1015 2059 1152 2131 αῦτη
1182 2061 1291 2133 γὰρ
1319 2063 1419 2133 τῆς
1449 2063 1697 2136 γλώττης
1727 2066 2071 2137 ἰσχυροτέρα.

490 2135 659 2190 Ὅταν
694 2139 751 2192 δέ
786 2142 960 2208 εἴπω,
995 2145 1078 2197 ὅτι
1121 2146 1182 2197 ού
1229 2146 1336 2218 χρὴ
1387 2151 1745 2218 μνησικακεῖν
1765 2135 1946 2213 ,εἶτα
1984 2135 2076 2204 τὸν

489 2219 728 2302 Ἕλληνα
757 2225 925 2294 μυρία
948 2227 1274 2298 ἐργάσωμαι
1303 2231 1471 2295 κακὰ,
1497 2231 1616 2295 πῶς
1637 2232 1940 2302 δυνήσομαι
1963 2236 2075 2299 τοῖς

486 2301 665 2385 λόγοις
697 2305 861 2359 αὐτὸν
892 2311 1208 2378 ἐναγαγεῖν,
1231 2312 1318 2365 διά
1343 2313 1452 2365 τῶν
1478 2313 1658 2385 ἔργων
1685 2301 1854 2368 αὑτὸν
1875 2317 2075 2370 ἀποσο-

484 2383 630 2450 ϐῶν;
666 2385 1037 2458 Θηρεύσωμεν
1073 2393 1254 2447 τοίνυν
1288 2396 1488 2458 αὐτοὺς
1511 2383 1606 2449 ’διά
1641 2397 1741 2468 τῆς
1773 2397 2072 2464 πολιτείας,

482 2468 578 2553 καὶ
602 2467 692 2521 διὰ
715 2471 823 2524 τῶν
851 2473 1042 2543 ψυχῶν
1073 2477 1278 2530 τούτων
1305 2479 1680 2550 οίκοδομῶμεν
1700 2467 1803 2550 τὴν
1845 2481 2070 2553 Ἐκκληο

483 2550 628 2617 σίαν,
684 2554 781 2606 καὶ
832 2556 1039 2611 τούτων
1086 2562 1489 2632 συναγάγωμεν
1529 2563 1620 2617 τὸν
1668 2564 1920 2622 πλοῦτον.
1958 2550 2073 2621 υύκ

479 2632 596 2718 ἔστι
647 2635 826 2707 ψυχῆς
880 2641 1034 2694 οὐδὲν
1092 2643 1376 2708 ἀντάξιον,
1418 2645 1543 2698 οὐδὲ
1580 2647 1610 2698 6
1657 2647 1862 2718 κόσμος
1901 2650 2068 2714 ἅπας.

480 2715 645 2802 Ὥστε
670 2719 773 2772 κᾶν
805 2724 980 2802 μυρία
1003 2725 1108 2795 δῷς
1144 2731 1404 2799 χρήματα
1433 2729 1681 2802 πένησιν,
1711 2715 1868 2787 ούδέν
1897 2735 2072 2788 τοιοῦ-

477 2801 808 2889 τονέργάσῃ
829 2844 843 2867 ,
873 2799 986 2859 οἷον
1016 2810 1044 2860 6
1079 2808 1208 2878 μίαν
1241 2809 1420 2881 ψυχὴν
1462 2799 1830 2884 ἐπιστρέφων.
1874 2817 1927 2868 Ὁ
1961 2817 2070 2889 γάρ

475 2880 708 2968 ἐξάγων
744 2890 942 2968 τίμιον
969 2889 1038 2953 ἐξ
1069 2880 1346 2957 ἀναξίου,
1380 2880 1460 2960 ὡς
1504 2880 1844 2966 στόμανμου
1873 2880 2069 2968 ἔσταί,

478 2965 631 3033 φησί,
689 2967 848 3036 Μέγα
897 2973 994 3041 μὲν
1043 2974 1152 3044 γὰρ
1203 2977 1410 3044 ἀγαθὸν
1462 2979 1558 3031 καὶ
1606 2965 1667 3032 1:6
1716 2965 1890 3035 ἐλεεῖν
1947 2965 2070 3048 τοὺς

477 3049 828 3134 πενομένους·
849 3053 965 3106 ἀλλ’
989 3057 1142 3109 οὐδὲν
1163 3059 1426 3124 τοιοῦτον,
1452 3057 1565 3114 οἷον
1587 3061 1647 3114 τὸ
1671 3062 1882 3134 πλάνης
1905 3065 2072 3120 ἀπαλ-

477 3129 713 3214 λάττειν·
744 3136 773 3186 6
793 3135 902 3205 γάρ
925 3138 1085 3191 τοῦτο
1109 3141 1303 3206 ποιῶν,
1336 3143 1479 3196 κατὰ
1507 3143 1720 3197 Παῦλον
1743 3129 1954 3214 γίνεται
1978 3149 2073 3203 καὶ

477 3213 705 3283 Πέτρον.
781 3218 1000 3282 Ἔξεστι
1077 3221 1188 3292 γάρ
1268 3225 1636 3292 ἀναδέξασθαι
1714 3213 1776 3282 :6
1846 3231 2074 3285 ἐκείνων

479 3298 759 3384 κήρυγμα,
784 3301 882 3371 οὐχ
906 3303 992 3356 ἵνα
1010 3306 1416 3377 κινδυνεύωμεν
1446 3309 1701 3384 καθάπερ
1725 3314 1946 3377 ἐκεῖνοι,
1974 3316 2071 3368 καὶ

477 3377 672 3448 λιμοὺς
715 3384 808 3437 καὶ
841 3386 1066 3456 λοιμοὺς
1109 3389 1205 3442 καὶ
1242 3389 1312 3444 τά
1358 3391 1497 3445 ἄλλα
1543 3377 1911 3467 ὑποφέρωμεν
1971 3398 2070 3468 (εἰ-

546 3507 569 3532 ί³
595 3507 630 3553 Α
642 3502 690 3556 lii
716 3508 936 3571 άναγάγω
943 3527 1042 3571 μεν.

488 3675 2308 3704 .——————__..___._.________________________,

2191 645 2536 727 καθημένους
2569 651 2776 721 ταύτην
2805 650 2907 721 τὴν
2950 650 3136 703 ἀλείαν
3184 647 3538 718 ἐργάζεσθαι.
3588 645 3654 698 Et
3707 662 3830 708 τις

2187 738 2299 809 ἔχει
2327 738 2480 807 φίλον
2512 737 2607 791 καὶ
2643 735 2882 803 συγγενῆ
2930 733 3025 787 καὶ
3052 733 3274 796 οἰκεῖον,
3313 729 3491 783 ταῦτα
3533 728 3823 793 ποιείτω,

2185 822 2362 877 ταῦτα
2401 821 2630 890 λεγέτω·
2657 819 2754 872 καὶ
2783 818 2940 872 ἔσται
2967 816 3115 870 κατά
3157 816 3367 886 Πέτρον
3399 815 3496 866 καὶ
3541 810 3822 864 Παῦλον.

2187 906 2298 959 K01
2324 905 2378 957 τί
2405 904 2551 973 λέγω
2585 903 2794 974 Πέτρον
2841 902 2936 955 καὶ
2967 899 3212 964 Παῦλον;
3254 898 3441 967 Στόμα
3484 895 3638 948 ἔσται
3684 892 3822 947 τοῦ

2185 987 2443 1058 Χριστοῦ·
2491 988 2554 1040 '0
2585 985 2696 1056 γὰρ
2724 984 3038 1054 ἐξαγαγὼν
3068 984 3267 1051 τίμιον
3293 980 3362 1043 ἐξ
3391 977 3668 1042 ἀναξίου,
3705 975 3823 1041 ὡς

2185 1071 2383 1138 στόμα
2400 1087 2524 1138 μου
2555 1068 2732 1121 ἔσται
2755 1106 2770 1132 ,
2804 1067 2958 1138 φησί.
3006 1065 3126 1120 Κάν
3165 1064 3241 1135 μὴ
3273 1063 3518 1134 σήμερον
3559 1058 3813 1128 πείσῃς.

2185 1152 2377 1222 αὔριον
2403 1152 2634 1215 πείσεις·
2665 1151 2772 1204 κάν
2803 1150 3080 1222 μηδέποτε
3105 1148 3305 1218 πείσῃς
3329 1185 3344 1210 ,
3373 1145 3438 1198 σὺ
3467 1142 3558 1196 τὸν
3589 1140 3817 1212 μισθὸν

2186 1235 2330 1300 ’έξεις
2365 1233 2798 1306 ἀπηρτισμένον·
2832 1232 2936 1286 κᾶν
2965 1234 3042 1302 μὴ
3073 1232 3283 1292 πάντας
3316 1227 3535 1296 πείσῃς,
3563 1223 3815 1293 ὀλίγους

2188 1319 2295 1372 ἀπὸ
2325 1318 2537 1372 πολλῶν
2559 1317 2785 1388 δυνήσῃ·
2819 1317 2942 1369 ἐπεὶ
2971 1317 3066 1368 καὶ
3097 1316 3148 1368 οῖ
3181 1312 3472 1368 ἀπόστολοι
3497 1309 3618 1378 οὐχὶ
3643 1307 3813 1361 πάν-

2184 1418 2286 1464 τας
2315 1401 2442 1464 τοῦς
2469 1400 2630 1463 ὄντας
2656 1397 2979 1469 ἀνθρώπους
3016 1397 3263 1462 ἔπεισαν,
3304 1393 3419 1448 ἀλλ’
3454 1393 3603 1462 ὅμως
3641 1391 3808 1443 πᾶσι

2185 1482 2564 1554 διελέχθησαν,
2589 1480 2790 1535 καὶτὸν
2811 1481 2904 1534 ἐπὶ
2936 1481 3073 1534 πᾶσι
3095 1478 3293 1549 μισθὸν
3305 1476 3542 1546 ἔχουσιν.
3569 1473 3643 1526 Ού
3667 1472 3808 1540 γὰρ

2187 1553 2411 1638 πρὺςτδ
2426 1553 2586 1628 τέλος
2604 1564 2716 1618 τῶν
2733 1563 3206 1634 κατορθουμένων,
3223 1560 3359 1615 ἀλλά
3375 1557 3512 1628 πρὸς
3525 1557 3622 1628 τὴν

2189 1664 2298 1718 μην
2317 1647 2427 1702 τῶν
2449 1646 2860 1718 κατορθούντων
2881 1647 2910 1698 6
2933 1647 3068 1708 Θεὸς
3096 1646 3223 1708 τοὺς
3251 1642 3551 1712 στεφάνους
3571 1637 3803 1708 ὁρίζειν

2184 1729 2366 1784 είωθε.
2390 1729 2508 1784 Κάν
2527 1730 2622 1785 δύο
2641 1729 2958 1801 καταϐάλῃς
2978 1727 3222 1793 ὀϐολοὺς,
3251 1725 3488 1795 δέχεται·
3515 1721 3609 1776 καὶ
3635 1721 3804 1791 ὅπερ

2185 1813 2280 1866 ἐπὶ
2304 1814 2406 1884 τῆς
2443 1816 2617 1886 χήρας
2647 1815 2872 1884 ἐποίησε
2889 1853 2904 1877 ,
2933 1812 3094 1866 τοῦτο
3122 1811 3218 1866 καὶ
3244 1807 3472 1863 ἐπὶτῶν
3493 1804 3803 1862 διδασκόν-

2182 1913 2292 1952 των
2321 1896 2436 1970 [25]
2466 1898 2779 1969 ἐργάζεται.
2807 1899 2901 1970 Μὴ
2933 1897 3136 1963 τοίνυν,
3163 1893 3357 1966 ἐπειδὴ
3382 1893 3486 1963 τὴν
3519 1887 3798 1960 οἰκουμέ-

2182 1997 2283 2050 νην
2315 1980 2376 2033 ού
2415 1980 2644 2034 δύνασαι
2688 1981 2861 2035 σῶσαι
2899 1982 2992 2034 1:01
3023 1979 3134 2034 τῶν
3181 1977 3378 2046 ὀλίγων
3419 1972 3798 2044 καταφρόνει,

2185 2063 2321 2133 μηδὲ
2350 2065 2416 2134 τῇ
2448 2063 2560 2118 τῶν
2603 2064 2856 2135 μεγάλων
2887 2063 3157 2135 ἐπιθυμίᾳ
3194 2059 3304 2115 τῶν
3353 2058 3567 2132 μικρῶν
3605 2055 3796 2123 ἀφελ-

2182 2145 2358 2218 κύσῃς
2384 2146 2634 2200 σεαυτόν.
2685 2146 2808 2201 Κᾶν
2845 2147 3042 2201 ἐκατδν
3085 2145 3161 2217 μὴ
3211 2142 3470 2214 δυνηθῇς,
3497 2139 3608 2194 τῶν
3639 2138 3797 2192 δέκα.

2181 2225 2549 2298 ἐπιμελήθητι
2569 2245 2584 2259 ·
2615 2226 2717 2281 κᾶν
2737 2228 2870 2281 δέκα
2909 2226 2986 2298 μὴ
3012 2225 3272 2296 δυνηθῇς,
3308 2222 3446 2294 μηδέ
3474 2221 3586 2275 τῶν
3607 2219 3791 2274 πέντε

2181 2311 2629 2382 καταφρονήσῃς·
2669 2309 2771 2363 κᾶν
2802 2310 2968 2364 πέντε
3008 2309 3084 2380 μὴ
3114 2308 3370 2378 δυνηθῇς,
3398 2305 3494 2361 τοῦ
3533 2303 3654 2366 ἐνὸς
3696 2303 3790 2373 μὴ

2181 2391 2475 2464 ὐπερίδῃς⁶
2526 2393 2628 2447 κᾶν
2677 2394 2768 2448 16v
2819 2394 2914 2446 ἐνα
2964 2393 3040 2464 μὴ
3097 2390 3369 2461 δυνηθῇς,
3407 2388 3546 2460 μηδὲ
3595 2385 3790 2450 οὕτως

2177 2475 2405 2546 ἀθύμει,
2448 2477 2582 2547 μηδὲ
2619 2477 2691 2530 τά
2728 2477 2880 2548 παρά
2913 2476 3114 2531 σαυτοῦ
3153 2474 3427 2545 κωλύσῃς.
3463 2473 3576 2543 Οὐχ
3612 2473 3790 2542 ὁρᾷς,

2177 2561 2260 2613 ὅτι
2290 2561 2386 2614 1:01
2411 2563 2470 2613 ἐν
2489 2564 2602 2624 τοῖς
2630 2562 3074 2632 συναλλάγμασιν
3098 2559 3162 2612 οὐ
3189 2559 3352 2630 μόνον
3374 2557 3487 2612 ἀπὸ
3517 2557 3786 2627 χρυσίου,

2177 2643 2316 2698 ἀλλά
2343 2645 2436 2698 καὶ
2464 2644 2524 2708 ἐξ
2549 2644 2818 2716 ἀργυρίου
2843 2643 2942 2705 τὰς
2968 2642 3238 2714 ἐμπορίας
3262 2640 3547 2695 ποιοῦνται
3565 2641 3782 2709 οἱπερὶ

2177 2726 2351 2780 ταῦτα
2373 2725 2763 2797 σχολάζοντεςς
2791 2728 2890 2779 “Av
2912 2727 3011 2797 μὲν
3035 2726 3146 2797 γάρ
3172 2725 3400 2794 μηδέπω
3419 2724 3528 2778 τῶν
3554 2723 3781 2794 μικρῶν

2177 2811 2610 2880 καταφρονῶμεν
2632 2848 2648 2873 ,
2685 2810 2778 2863 καὶ
2809 2808 2919 2862 τῶν
2950 2808 3201 2879 μεγάλων
3228 2803 3585 2877 ἀνθεξόμεθα·
3616 2805 3683 2858 ἄν
3710 2805 3779 2861 δὲ

2173 2893 2285 2947 τῶν
2319 2895 2532 2965 μικρῶν
2562 2894 2932 2966 ὑπερίδωμεν,
2966 2893 3092 2946 οὐδὲ
3123 2892 3352 2947 ἐκείνων
3384 2889 3779 2962 ἐπιληψόμεθα.

2176 2976 2437 3040 εὐκόλως.
2465 2975 2654 3041 Οὕτως
2681 2978 2910 3040 ἕκαστος
2933 2977 3189 3039 πλούσιος
3212 2976 3446 3044 γίνεται,
3469 2977 3565 3029 καὶ
3589 2973 3776 3045 μικρὰ.

2171 3060 2269 3112 καὶ
2300 3061 2514 3131 μεγάλα
2543 3061 2842 3130 συλλέγων·
2874 3061 3020 3114 οῦτω
3048 3060 3144 3114 καὶ
3171 3062 3333 3132 ἡμεῖς
3365 3059 3609 3130 ποιῶμεν
3632 3101 3648 3125 ,
3674 3059 3774 3116 ἵνα

2171 3145 2231 3196 ἐν
2265 3145 2400 3198 πᾶσι
2455 3143 2883 3216 πλουτήσαντες,
2939 3143 3288 3214 ἐπιτύχωμεν
3333 3147 3433 3212 τῆς
3485 3143 3773 3214 βασιλείας

2169 3227 2279 3279 τῶν
2312 3228 2563 3298 οὐρανῶν
2591 3271 2607 3296 ,
2645 3230 2830 3300 χάριτι
2864 3228 2958 3282 καὶ
2998 3227 3382 3301 φιλανθρωπίᾳ
3413 3227 3508 3282 τοῦ
3551 3226 3776 3296 Κυρίου

2173 3310 2333 3380 ἡμῶν
2373 3311 2550 3382 Ἰησοῦ
2586 3312 2857 3382 Χριστοῦ,
2895 3311 2964 3365 δι’
2991 3304 3054 3365 οὗ
3087 3311 3182 3365 1:01
3225 3311 3346 3381 μεθ’
3374 3303 3437 3366 οὗ
3464 3312 3548 3382 τῷ
3586 3309 3774 3380 [10:91

2175 3395 2292 3464 ἅμα
2324 3394 2403 3464 τῷ
2437 3396 2580 3466 ἀγίῳ
2609 3397 2892 3466 Πνεύματι
2919 3395 3068 3462 δόξα,
3100 3396 3323 3466 κράτος,
3357 3395 3516 3466 τιμὴ,
3544 3394 3641 3449 νῦν
3666 3395 3774 3452 καὶ

2172 3477 2279 3539 ἀεὶ,
2313 3479 2408 3530 καὶ
2433 3479 2514 3541 είς
2545 3478 2673 3541 τοὺς
2701 3477 2904 3543 αίῶνας
2937 3477 3048 3533 τῶν
3077 3478 3310 3536 αἰώνων.
3348 3479 3541 3549 ’Δμήν.

2311 3696 2848 3706 “mm..-—

1990 3873 2233 3930 OMIAIA
2275 3882 2347 3933 A‘.

452 4009 456 4012 ‘
501 3997 546 4048 ο
568 3997 751 4064 λόγος
784 3996 894 4074 γάρ
989 3998 1092 4074 τοῦ
1116 4002 1383 4074 σταυροῦ
1413 4002 1538 4074 τοῖς
1560 4003 1678 4074 μὲν
1714 4003 2060 4074 ἀπολλυμέ-

545 4083 676 4132 νοις
706 4067 910 4154 μερίιε
927 4069 1080 4154 ἐστὶ,
1107 4069 1229 4154 τρῖς
1261 4067 1330 4124 δὲ
1371 4067 1729 4154 σωζομξένοξς
1774 4073 1920 4154 11,513-
1952 4067 2060 4154 δε).
2116 4098 2118 4100 τ

544 4153 723 4212 ναμις
763 4137 913 4212 Θεοῦ
945 4138 1106 4212 ἐστι,
1138 4141 1477 4209 Γέγραπται
1508 4137 1636 4212 γάρ’
1677 4137 1912 4212 Ἀπόλῶ
1943 4143 2062 4212 τὴν

546 4205 916 4285 σοφίαν-,τῶν
943 4208 1188 4285 σόςτῶνζ
1208 4205 1305 4264 καὶ
1334 4212 1450 4285 τὴν
1479 4205 1741 4285 οίύιξεσιν
1763 4211 1885 4266 τῶν
1912 4205 2063 4285 συν-

544 4275 697 4353 ετῶν
727 4275 1033 4353 ἀθετήσω·
1072 4280 1190 4353 ποῦ
1220 4275 1450 4350 σοφόξ·;
1489 4282 1608 4337 ποῦ
1640 4283 2060 4353 τραμματεύς;

545 4345 667 4398 ποῦ
699 4345 1039 4417 συζητητὴς
1073 4350 1180 4403 τοῦ
1206 4345 1424 4412 αἰῶνος
1451 4345 1706 4417 τούτους

545 4462 616 4507 0'.
642 4456 768 4518 Τοῖς
801 4460 1070 4527 κάμνουσι
1103 4462 1197 4511 καὶ
1213 4462 1626 4532 ψυχορῤαγοῦσι
1653 4465 1744 4518 καὶ
1772 4465 1831 4517 αἱ
1859 4467 2060 4538 τροφαὶ

471 4543 529 4594 αἱ
563 4541 737 4607 ὑγιεῖς
771 4540 988 4609 ἀηδεῖς,
1015 4543 1065 4595 οἱ
1101 4543 1246 4612 φίλοι
1293 4545 1389 4598 καὶ
1446 4548 1496 4598 oi
1544 4548 1917 4618 προσήκοντες
1961 4551 2060 4601 ἐπ-

472 4623 699 4694 αχθεῖς,
740 4624 837 4675 κα)⁵
866 4623 988 4676 οὐδὲ
1035 4627 1397 4697 γνωρίζονται
1444 4628 1729 4694 πολλάκις,
1775 4630 1914 4685 ἀλλὰ
1966 4633 2059 4684 καὶ

473 4706 712 4776 ἐνοχλεῖν
739 4705 1010 4761 δοκοῦσιν.
1042 4708 1200 4763 Οὕτω
1222 4710 1286 4781 δὴ
1317 4711 1547 4777 καὶτοῖς
1573 4713 1674 4773 τὰς
1699 4713 1878 4784 ψυχάς
1901 4715 2060 4770 ἀπολ-

472 4789 726 4860 λυμένοις
756 4789 1074 4860 συμϐαίνειν
1109 4792 1288 4846 εἴωθε·
1336 4795 1406 4849 τά
1443 4795 1552 4868 γάρ
1599 4795 1736 4867 πρὸς
1785 4797 2060 4868 σωτηρίαν

474 4875 710 4946 φέροντα
737 4871 1026 4942 ἀγνοοῦσι,
1057 4877 1153 4928 1:01
1209 4878 1340 4941 τοὺς
1387 4880 1722 4950 κηδομένους
1751 4881 1930 4936 αὐτῶν
1968 4884 2058 4935 ἐν-

471 4959 652 5027 οχλεῖν
673 4957 976 5027 νομίζουσι.
1004 4958 1217 5012 Γίνεται
1259 4960 1316 5014 δὲ
1348 4961 1508 5017 τοῦτο
1549 4964 1610 5016 οὐ
1651 4964 1804 5035 παρά
1828 4966 1927 5035 τὴν
1963 4966 2058 5019 τοῦ

473 5044 800 5112 πράγματος
830 5041 1012 5110 φύσιν,
1037 5043 1173 5098 ἀλλά
1204 5045 1359 5115 παρά
1376 5047 1477 5117 τὴν
1499 5048 1724 5102 ἐκείνων
1748 5049 1920 5103 νόσον.
1950 5051 2060 5103 Καὶ

471 5126 611 5195 ὅπερ
633 5124 682 5175 οῖ
714 5125 1122 5194 παραπαίοντες
1152 5128 1418 5192 ποιοῦσιν,
1453 5131 1888 5202 ἀπεχθανόμενοι
1922 5133 2058 5203 πρὸς

471 5207 598 5269 τοὺς
624 5207 1053 5276 ἐπιμελομένους
1077 5210 1275 5274 αὐτῶν,
1301 5215 1396 5266 καὶ
1423 5213 1609 5268 λοιπὸν
1635 5215 2054 5285 λοιδορούμενοι·

471 5291 635 5342 τοῦτο
679 5289 774 5342 καὶ
801 5290 852 5342 οἱ
904 5291 1127 5346 ἄπιστοι
1176 5295 1500 5366 πάσχουσιν.
1559 5297 1698 5351 Ἀλλ’
1731 5297 1922 5369 ὥσπερ
1969 5300 2055 5351 ἐπ’

472 5372 696 5426 ἐκείνων
732 5374 782 5425 οἱ
809 5373 1157 5446 ὑϐριζόμενοι
1183 5377 1306 5430 τότε
1351 5378 1586 5448 μάλιστα
1617 5381 1818 5444 αὐτοὺς
1843 5380 2056 5438 ἐλεοῦσι

473 5455 570 5508 καὶ
610 5455 944 5526 δακρύουσι,
997 5458 1198 5528 δεῖγμα
1246 5459 1476 5532 ἔσχατον
1522 5464 1622 5534 τῆς
1659 5466 2057 5537 ἐπιτεταμένης

471 5539 783 5611 ἀρρωστίας
826 5540 984 5594 τοῦτο
1031 5543 1376 5614 ποιούμενοι,
1427 5548 1556 5602 ὅταν
1597 5549 1724 5613 τοὺς
1766 5549 2058 5618 φιλτάτους

471 5622 761 5690 ἀγνοῶσιν·
785 5623 929 5678 οὕτω
954 5627 1047 5679 καὶ
1069 5629 1230 5697 ἡμεῖς
1253 5629 1474 5683 ἐπὶτῶν
1517 5630 1788 5700 Ἑλλήνων
1815 5634 1943 5700 ποιή
1953 5649 2058 5686 σω-

477 5724 613 5777 μεν,
647 5710 741 5762 καὶ
775 5709 976 5781 μᾶλλον
1009 5711 1120 5765 τῶν
1161 5714 1440 5782 γυναικῶν
1468 5715 1810 5786 ὀλολύξωμεν
1839 5719 1926 5770 ἐπ’
1963 5719 2060 5771 αῦ-

471 5789 606 5853 τοῐς,
630 5791 714 5842 ὅτι
740 5793 843 5862 τὴν
872 5793 1059 5864 κοινὴν
1080 5794 1336 5862 ἀγνοοῦσι
1363 5798 1659 5869 σωτηρίαν.
1684 5800 1760 5853 Ού
1787 5801 1894 5870 γὰρ
1916 5799 2059 5853 οὕτω

474 5877 710 5940 γυναῖκα
747 5878 916 5948 ἄνδρα
947 5881 1026 5932 δεῖ
1057 5880 1265 5949 φιλεῖν,
1294 5883 1370 5946 ώς
1405 5884 1552 5954 ἡμᾶς
1602 5883 1807 5948 πάντας
1848 5882 2059 5954 ἀνθρώ-

481 5971 635 6021 πους,
671 5959 766 6014 καὶ
796 5961 933 6032 πρὸς
959 5965 1234 6036 σωτηρίαν
1260 5966 1620 6036 ἐφέλκεσθαι,
1647 5967 1749 6024 κᾶν
1774 5966 1976 6039 Ἕλλην
1999 5963 2056 6041 ᾖ,

2163 4010 2266 4063 κᾶν
2297 4012 2566 4065 ὁστισοῦν.
2599 4008 2902 4083 Θρηνῶμεν
2948 4010 3130 4066 τοίνυν
3167 4012 3387 4074 αὐτοὺς,
3421 4013 3501 4065 ὅτι
3541 4014 3569 4063 6
3602 4010 3762 4080 λόγος

2160 4094 2257 4146 τοῦ
2297 4095 2532 4165 σταυροῦ
2567 4095 2749 4166 μωρία
2783 4095 2969 4158 αὐτοῖς
2994 4095 3166 4161 ἐστιν,
3207 4096 3236 4147 6
3262 4095 3427 4159 αὐτὸς
3460 4095 3622 4164 σοφία
3659 4099 3762 4151 καὶ

2159 4176 2391 4246 δύναμις
2417 4177 2491 4230 ὢν
2511 4196 2524 4208 ·
2565 4180 2628 4232 '0
2653 4180 2838 4249 λόγος
2861 4177 2971 4249 γὰρ
2999 4181 3033 4233 ὀ
3061 4179 3169 4233 τοῦ
3197 4181 3467 4249 σταυροῦ
3490 4179 3614 4246 τοῖς
3634 4181 3764 4250 μὲν

2160 4260 2635 4329 ἀπολλυμένοις,
2683 4262 2841 4333 φησὶ,
2884 4263 3080 4332 μωρία
3131 4262 3327 4316 ἐστίν.
3388 4263 3603 4335 Ἐπειδὴ
3643 4263 3763 4336 γάρ

2161 4350 2306 4415 εἰκὸς
2336 4347 2404 4422 ἦν
2433 4353 2708 4418 ἐκείνους,
2743 4352 2842 4406 τοῦ
2879 4352 3116 4424 σταυροῦ
3154 4351 3306 4425 παρά
3337 4353 3448 4407 τῶν
3482 4354 3761 4424 Ἐλλήνων

2161 4435 2585 4506 χλευαζομένου,
2621 4439 2687 4509 τῇ
2726 4437 2888 4510 σοφίᾳ
2923 4440 2989 4509 τῇ
3021 4436 3184 4506 δῆθεν
3221 4438 3353 4509 παρ’
3384 4437 3595 4492 ἑαυτῶν
3619 4437 3754 4491 ἀνθ-

2165 4516 2418 4572 ίστασθαι
2483 4521 2578 4572 καὶ
2645 4521 2905 4590 πολεμεῖν
2953 4519 3390 4591 θορυϐουμένους
3433 4524 3547 4584 τοῖς
3599 4521 3759 4591 παρὰ

2161 4599 2270 4652 τῶν
2304 4601 2570 4674 Ἑλλήνων
2593 4602 2932 4674 λεγομένοις,
2967 4602 3463 4674 παραμυθούμενος
3485 4605 3512 4656 6
3539 4602 3755 4668 Παῦλός

2163 4699 2328 4754 φησι·
2371 4687 2461 4758 Μὴ
2493 4687 2752 4759 νομίσητε
2781 4688 2932 4753 ξένον
2957 4687 3074 4760 [24]
3105 4687 3352 4755 γίνεσθαι
3380 4689 3476 4742 καί
3513 4688 3757 4761 παράδο-

2164 4763 2271 4830 ξον.
2297 4767 2514 4839 Ταύτην
2534 4769 2646 4840 ἔχει
2674 4772 2775 4841 τὴν
2803 4769 2964 4839 φύσιν
2987 4770 3048 4822 :6
3071 4771 3326 4841 πρᾶγμα,
3351 4769 3494 4823 ὥστε
3518 4771 3624 4824 ὑπὸ
3639 4771 3757 4825 τῶν

2161 4850 2548 4921 ἀπολλυμένων
2594 4854 2669 4924 μὴ
2721 4852 3089 4924 γνωρίζεσθαι
3132 4853 3298 4907 αὑτοῦ
3350 4853 3451 4924 τὴν
3496 4854 3749 4925 δύναμινο

2159 4933 2488 5005 ἐξεστήκασι
2516 4933 2627 5007 γάρ
2657 4937 2752 4988 1:01
2784 4936 3179 5005 παραπαίουσι.
3206 4937 3306 4991 Διά
3333 4935 3491 4991 τοῦτο
3518 4939 3612 4991 καὶ
3635 4939 3750 4992 λοι-

2159 5015 2440 5086 δοροῦνται
2495 5020 2589 5072 καὶ
2641 5019 2898 5090 ἐπαχθῶς
2947 5020 3131 5090 ἔχουσι
3185 5021 3326 5091 1:96;
3377 5021 3446 5074 τὰ
3502 5023 3753 5094 σωτήρια

2160 5099 2451 5170 φάρμακα.
2485 5101 2632 5154 Τίδέ
2664 5103 2868 5171 λέγεις.
2913 5103 3168 5173 ἄνθρωπε
3195 5121 3208 5169 ;
3238 5102 3422 5167 δοῦλος
3457 5106 3485 5157 6
3515 5105 3752 5175 X9:0:6;

2161 5199 2378 5267 ἐγένετο
2408 5197 2498 5251 διά
2524 5199 2582 5252 σὲ
2612 5199 2829 5271 μορφὴν
2857 5200 3049 5253 δούλου
3077 5199 3277 5262 λαϐὼν,
3307 5201 3401 5253 καὶ
3428 5201 3748 5274 ἐσταυρώθη

2164 5282 2258 5334 καὶ
2305 5281 2542 5353 ἀνέστη’
2580 5284 2676 5336 καὶ
2724 5283 2843 5337 δέον
2889 5284 3196 5338 ἀναστάντα
3238 5285 3618 5356 προσκυνῆσαι
3661 5286 3751 5343 διὰ

2162 5373 2352 5435 τοῦτο,
2393 5375 2489 5428 καὶ
2534 5374 2818 5446 θαυμάσαι
2855 5377 2957 5448 τὴν
2997 5377 3442 5448 φιλανθρωπίαν,
3490 5379 3572 5432 ὅτι
3610 5381 3750 5451 ὅπερ

2161 5463 2284 5520 οὔτε
2324 5466 2507 5538 πατὴρ
2537 5465 2660 5522 οὔτε
2705 5467 2857 5537 φίλος
2887 5467 3012 5522 οὔτε
3039 5468 3154 5532 υἱὸς
3199 5469 3342 5538 ὑπὲρ
3375 5469 3468 5523 σοῦ
3500 5471 3748 5540 ἐποίησε,

2160 5548 2336 5603 ταῦτα
2379 5551 2407 5603 6
2458 5551 2736 5620 Δεσπότης
2785 5552 2965 5606 πάντα
3014 5552 3309 5623 εἰργάσατο
3343 5553 3485 5619 ὑπὲρ
3525 5552 3619 5607 σοῦ
3654 5551 3748 5606 τοῦ

2153 5631 2355 5702 ,ἐχθροῦ
2384 5634 2480 5686 1:01
2514 5636 3020 5702 προσκεκρουκότος
3039 5652 3054 5665 ·
3082 5635 3200 5690 δέον
3233 5635 3412 5690 τοίνυν
3448 5635 3747 5707 θαυμάζειν

2159 5715 2300 5786 ὑπὲρ
2336 5716 2542 5770 τούτων
2583 5717 2774 5782 αὑτὸν,
2818 5719 2884 5772 σὺ
2923 5717 2983 5772 δὲ
3030 5719 3242 5789 μωρίαν
3283 5719 3469 5782 καλεῖς
3508 5721 3742 5792 πρᾶγμα

2160 5800 2429 5869 τοσαύτης
2459 5801 2652 5868 σοφίας
2682 5802 2745 5868 γέ
2755 5818 2890 5871 μον;
2930 5802 3070 5856 Ἀλλ’
3095 5802 3246 5856 οῦδὲν
3273 5803 3610 5875 θαυμαστόν·
3639 5801 3744 5856 τῶν

2161 5884 2268 5954 γάρ
2299 5883 2689 5952 ἀπολλυμένων
2721 5884 2841 5938 ἐστὶ
2864 5884 2941 5958 μὴ
2961 5885 3346 5955 ἐπιγινώσκειν
3378 5887 3448 5942 τά
3472 5886 3609 5958 πρὸς
3649 5902 3755 5940 σω-

2161 5984 2228 6038 τη
2238 5967 2360 6044 ρίαν
2393 5966 2648 6039 φέροντα.
