4086 6426
625 427 690 484 3|
1358 417 1415 474 S.
1451 413 1728 473 JOANNIS
1761 413 2233 472 CHRYSOSTOMI
2271 411 2583 470 ARCIIIEP.
2621 414 3152 475 CONSTANTINOP.

624 551 747 592 cum
787 543 1060 604 oporteret
1097 532 1244 587 illum
1290 530 1659 585 resuscitatum
1703 527 1823 584 ideo
1865 528 2110 594 adorare,
2152 535 2208 582 et

624 629 744 697 ejus
774 626 1151 697 benignitatem
1173 623 1458 682 admirari;
1494 621 1617 691 quia
1643 635 1761 690 quae
1795 635 1893 676 nec
1933 629 2084 690 pater
2110 634 2209 676 nec

624 723 832 778 amicus
875 735 974 775 nec
1011 719 1149 772 ﬁlius
1183 732 1280 787 pro
1317 723 1368 770 te
1407 714 1554 781 fecit,
1584 713 1697 769 haec
1736 715 1914 768 omnia
1954 713 2208 768 Dominus

625 823 879 884 operatus
907 821 991 867 est
1015 818 1234 879 propter
1261 818 1313 862 te
1341 807 1614 861 inimicum
1637 849 1650 871 ,
1682 807 1772 876 qui
1799 807 1948 861 illum
1970 804 2211 861 offende-

626 922 716 962 ras
745 925 759 960 :
785 920 905 961 cum
931 913 1202 973 Oporteret
1223 917 1352 971 ergo
1380 901 1525 955 illum
1549 909 1830 970 propterea
1852 899 2123 964 admirari,
2152 908 2210 954 ut

625 1012 739 1051 rem
771 1007 913 1051 tanta
937 994 1198 1064 sapientia
1227 993 1461 1063 plenam,
1491 991 1768 1046 stultitiam
1794 991 2070 1061 appellas?
2099 992 2207 1047 Sed

620 1087 756 1142 nihil
790 1088 983 1142 mirum
1009 1105 1022 1141 :
1053 1102 1175 1141 nam
1204 1085 1539 1155 pereuntium
1560 1093 1642 1140 est
1668 1099 1774 1140 non
1799 1098 2090 1156 agnoscere
2119 1099 2202 1150 ea,

618 1194 741 1248 quae
768 1179 833 1232 ad
862 1178 1090 1233 salutem
1117 1176 1340 1231 ducunt.

700 1271 1002 1324 Rntiociniis
1030 1286 1090 1324 ea
1125 1284 1241 1340 qua:
1263 1267 1382 1338 ﬁdei
1420 1276 1536 1321 sunt
1560 1283 1695 1336 stupe
1719 1266 2106 1338 labefactantur.
2133 1294 2208 1305 —

621 1362 696 1418 Ne
727 1361 1018 1416 tnrhemini
1059 1360 1256 1429 igitur:
1289 1373 1394 1414 non
1425 1358 1568 1414 enim
1613 1373 1808 1412 novum
1840 1372 2013 1427 neque
2053 1357 2209 1410 inex-

618 1463 919 1523 spectatum
967 1460 1051 1508 est
1095 1451 1244 1516 illud,
1293 1450 1436 1520 quod
1485 1465 1679 1520 nempe
1731 1465 1762 1504 a
1814 1448 2206 1518 desipientibus

617 1557 812 1612 magna
841 1542 1206 1597 derideantur.
1258 1540 1384 1600 Illos
1431 1555 1558 1595 vero
1586 1539 1676 1610 qui
1721 1539 1800 1596 sic
1836 1539 2013 1595 aﬂ'ecti
2056 1549 2202 1602 sunt,

624 1651 721 1704 per
751 1636 1038 1689 humanam
1065 1633 1380 1704 sapientiam
1409 1631 1734 1702 persuadere
1763 1646 1870 1686 non
1897 1631 2026 1686 licet
2054 1649 2069 1685 :
2097 1631 2206 1686 imo

620 1726 668 1778 si
697 1725 765 1778 ita
796 1724 1123 1796 persuadere
1153 1724 1407 1791 volueris,
1453 1723 1782 1778 contrarium
1827 1721 1996 1777 efﬁcis
2031 1739 2042 1774 :
2077 1735 2201 1774 nam

617 1829 707 1880 ea,
736 1829 856 1883 qua:
900 1815 1163 1869 rationem
1211 1820 1489 1883 superant,
1535 1812 1649 1867 sola
1683 1811 1787 1866 ﬁde
1816 1825 1952 1881 opus
1980 1811 2198 1867 habent.

624 1905 834 1959 Etenim
853 1907 897 1960 si
921 1905 1211 1960 ratiociniis
1228 1903 1550 1973 persuadere
1567 1903 1911 1967 voluerimus,
1937 1902 2207 1972 quomodo

622 1997 763 2051 Deus
788 1996 959 2052 factus
1002 1998 1074 2051 sit
1100 1997 1282 2060 homo,
1328 2004 1384 2051 et
1435 1996 1486 2050 in
1516 1996 1726 2050 vulvam
1756 1994 2074 2065 virginalem
2119 1995 2206 2049 in-

615 2101 835 2155 gressus
863 2087 966 2151 sit;
1015 2096 1070 2140 et
1099 2086 1144 2141 si
1182 2101 1295 2140 rem
1327 2085 1449 2139 ﬁdei
1476 2098 1581 2139 non
1610 2084 2003 2154 permittamus,
2035 2084 2206 2154 magis

619 2175 919 2230 irridebnnt
959 2176 1057 2229 illi.
1102 2175 1244 2246 Ergo
1273 2175 1362 2245 qui
1397 2174 1691 2230 ratiociniis
1735 2173 1787 2229 id
1817 2185 2087 2244 qumrunt,
2129 2175 2204 2230 illi

619 2279 745 2322 sunt
773 2269 864 2337 qui
894 2278 1140 2337 pereunt.
1174 2265 1377 2337 Ecquid
1400 2266 1522 2322 dico
1547 2266 1616 2320 de
1644 2266 1790 2321 Deo?
1815 2265 1948 2321 Nam
1989 2267 2033 2321 si
2059 2267 2204 2321 circa

612 2372 893 2416 creaturas
940 2361 1043 2415 hoc
1069 2360 1345 2424 faciamus,
1394 2359 1594 2414 multus
1623 2367 1882 2427 sequetur
1922 2358 2082 2413 risus.
2125 2358 2207 2414 Sit

614 2452 758 2506 enim
790 2451 974 2517 homo,
1015 2452 1104 2520 qui
1138 2451 1268 2505 velit
1293 2451 1474 2506 omnia
1514 2450 1810 2505 ratiociniis
1849 2449 2113 2512 ediscere,
2149 2461 2206 2505 et

618 2550 793 2597 tentet
821 2551 908 2595 tua
937 2541 1248 2610 persuaderi
1279 2541 1509 2607 ratione,
1537 2541 1821 2610 quomodo
1844 2541 2020 2596 lucem
2063 2541 2205 2612 aspi-

613 2633 858 2698 ciamus;
890 2642 946 2687 tu
973 2642 1150 2686 autem
1198 2631 1478 2686 ratiocinio
1518 2631 1594 2686 illi
1619 2631 1944 2700 persuadere
1981 2646 2200 2688 conare.

615 2722 726 2777 Sed
749 2737 854 2776 non
890 2723 1091 2791 poteris
1120 2739 1134 2776 :
1165 2722 1210 2776 si
1237 2723 1381 2776 enim
1409 2722 1632 2790 dixeris,
1655 2722 1798 2792 quod
1824 2722 2056 2779 sufﬁciat
2078 2737 2205 2779 ocu-

615 2813 697 2868 los
737 2815 950 2882 aperire
993 2815 1061 2868 ad
1107 2814 1418 2881 videndum,
1461 2831 1568 2868 non
1609 2816 1826 2870 modum
1861 2816 2067 2884 dixisti,
2108 2817 2205 2873 sed

614 2903 760 2972 quod
790 2903 903 2958 ﬁeri
934 2905 1093 2958 solet.
1120 2904 1230 2958 Cur
1259 2906 1403 2958 enim
1431 2919 1538 2958 non
1567 2905 1787 2960 auribus
1820 2905 2087 2972 videmus,
2117 2907 2202 2962 in-

614 2994 788 3062 quiet,
817 3008 918 3048 nec
957 2994 1128 3048 oculis
1155 2993 1440 3048 audimus?
1483 3009 1582 3047 cur
1622 3007 1729 3049 non
1773 3009 1905 3050 naso
1933 2995 2202 3065 audimus,

615 3097 719 3139 nec
760 3083 981 3138 auribus
1019 3082 1339 3138 olfacimus?
1367 3083 1422 3139 Si
1465 3099 1597 3154 ergo
1633 3084 1726 3139 illo
1757 3100 1820 3140 ea
1850 3085 1920 3141 de
1964 3102 2024 3142 re
2053 3103 2204 3157 quaa-

616 3182 791 3238 rente,
834 3187 938 3226 non
977 3187 1262 3242 possumus
1313 3173 1504 3228 horum
1543 3175 1808 3230 rationem
1853 3175 2104 3244 reddere,
2150 3187 2207 3234 et

616 3264 706 3318 ille
729 3264 921 3329 rideat,
940 3279 1117 3318 annon
1145 3265 1313 3335 magis
1337 3281 1436 3320 nos
1465 3266 1800 3323 ridebimus?
1821 3269 1952 3325 Nam
1977 3271 2023 3326 si
2045 3272 2206 3327 ambo

617 3369 684 3409 ex
744 3354 934 3410 eodem
989 3356 1216 3411 cerebro
1270 3357 1585 3426 principium
1647 3358 1884 3427 habent,
1941 3361 2207 3431 amboque

620 3443 864 3498 membra
906 3446 1075 3499 \icina
1115 3453 1257 3512 sunt,
1286 3448 1555 3516 quomodo
1592 3463 1698 3502 non
1724 3450 1912 3506 eadem
1942 3451 2054 3521 ipsa
2084 3467 2208 3522 pos-

615 3544 742 3588 sunt
763 3535 974 3590 facere?
996 3535 1105 3591 Sed
1129 3551 1233 3591 non
1257 3538 1549 3606 poterimus
1567 3553 1782 3594 causam
1804 3540 2006 3602 dicere.
2029 3558 2206 3612 neque

616 3624 832 3678 modum
862 3624 1144 3681 ineﬁ‘abilis
1177 3635 1232 3682 et
1262 3628 1423 3682 variat
1461 3629 1829 3698 Operationis;
1861 3641 1918 3687 et
1952 3631 1998 3687 si
2029 3642 2205 3689 tente-

617 3730 770 3780 mus,
821 3715 1184 3773 irridebimur.
1228 3717 1353 3773 Ideo
1403 3718 1496 3774 Dei
1543 3721 1794 3790 potentia:
1835 3733 1889 3778 et
1927 3723 2207 3781 immensa:

617 3809 893 3878 sapientia:
937 3809 1210 3876 cedentes,
1244 3820 1537 3867 taceamus.
1571 3814 1648 3868 Ita
1693 3829 1824 3885 ergo
1870 3817 1915 3871 si
1957 3831 2045 3882 ea,
2085 3833 2206 3888 quae

619 3897 712 3952 Dei
735 3908 877 3964 sunt,
903 3915 997 3968 per
1013 3911 1290 3955 externam
1317 3902 1631 3970 sapientiam
1649 3903 1920 3971 explicare
1950 3905 2203 3975 velimus,

617 3991 819 4044 multus
843 4001 1098 4060 sequetur
1126 3991 1288 4058 risus,
1317 4009 1422 4046 non
1455 4005 1672 4064 propter
1712 4010 1888 4049 rerum
1919 3995 2207 4052 imbecilli-

519 4089 526 4097 '
616 4091 803 4148 tatem,
846 4082 942 4138 sed
990 4095 1209 4154 propter
1252 4084 1526 4140 hominum
1577 4089 1884 4142 amentiam.
1915 4089 2024 4145 Res
2060 4091 2205 4145 enim

616 4190 836 4244 magnas
864 4175 1042 4229 nullus
1076 4191 1254 4231 sermo
1292 4189 1467 4246 potest
1492 4180 1790 4247 explicare.
1821 4180 2074 4236 Animum
2105 4197 2204 4237 au-

617 4276 723 4319 tetu
780 4265 1012 4321 adhibe:
1044 4282 1166 4322 cum
1212 4269 1432 4334 dixero,
1478 4269 1777 4327 Cruciﬁxus
1823 4283 1936 4340 est,
1987 4273 2207 4331 Graacus

616 4357 790 4411 dicit:
821 4357 888 4411 Et
922 4358 1193 4429 quomodo
1236 4359 1339 4414 hoc
1380 4361 1572 4414 rationi
1623 4372 2044 4419 consentaneum
2085 4366 2204 4422 est?

614 4450 718 4505 sibi
763 4465 870 4505 non
899 4466 1054 4520 opem
1092 4452 1209 4506 tulit
1241 4468 1361 4506 cum
1392 4453 1795 4524 cruciﬁgeretur
1823 4465 1879 4512 et
1909 4468 2205 4516 tentaretur

618 4551 860 4611 tempore
902 4542 1116 4606 crucis;
1159 4551 1215 4597 et
1239 4545 1509 4613 quomodo
1550 4553 1734 4614 postea
1780 4549 2108 4616 resurrexit,
2149 4559 2206 4607 et

616 4633 738 4687 aliis
780 4648 937 4702 opem
990 4633 1146 4688 tulit?
1193 4651 1314 4689 nam
1365 4636 1412 4689 si
1460 4647 1704 4705 poterat,
1754 4640 2034 4708 oportebat
2081 4655 2204 4700 ante

616 4731 842 4778 mortem
893 4738 1051 4793 agere
1097 4724 1244 4790 (nam
1280 4723 1385 4779 hoc
1424 4741 1638 4796 quoque
1685 4727 1935 4783 dicebant
1963 4731 2200 4804 Judaei):

615 4813 707 4882 qui
747 4823 922 4867 autem
968 4813 1071 4869 sibi
1113 4815 1216 4884 ipsi
1248 4831 1403 4885 Opem
1457 4833 1560 4871 non
1596 4817 1735 4885 tulit,
1778 4822 2054 4888 quomodo
2081 4824 2202 4881 aliis

618 4904 733 4959 tulit
752 4905 892 4958 ?nou
912 4905 1130 4969 esthoc,
1152 4905 1345 4977 inquit,
1366 4906 1557 4960 rationi
1579 4916 2018 4965 consentaneum.
2039 4913 2199 4970 Jure:

616 5003 702 5050 est
724 4994 868 5049 enim
899 5010 1051 5062 crux,
1084 5010 1117 5050 o
1145 4995 1328 5062 homo,
1362 5011 1520 5066 supra
1554 4997 1815 5054 rationem
1836 5009 1890 5054 et
1917 5001 2203 5060 ineﬁ‘abilis

615 5087 847 5141 virtutis.
880 5085 1010 5140 Nam
1037 5087 1089 5142 in
1121 5087 1276 5142 malis
1304 5089 1556 5158 gravibus
1577 5090 1950 5160 constitutum,
1989 5093 2056 5149 iis
2083 5112 2202 5150 ma-

615 5179 684 5234 lis
708 5179 1040 5248 superiorem
1065 5195 1346 5250 apparere,
1389 5190 1444 5236 et
1471 5181 1550 5235 sic
1587 5197 1936 5252 congressum
1961 5186 2198 5252 vincere,

615 5268 893 5324 immensa:
932 5271 1145 5326 virtutis
1181 5280 1283 5326 est.
1315 5271 1385 5328 Ut
1411 5273 1554 5327 enim
1582 5272 1635 5326 in
1681 5274 1850 5329 tribus
1883 5278 2078 5346 pueris,
2121 5279 2204 5334 in-

616 5373 828 5429 gressos
854 5359 907 5414 in
935 5359 1207 5417 fornacem
1237 5365 1584 5418 conculcasse
1605 5361 1875 5420 flammant
1903 5368 2200 5424 mirabilius

615 5459 752 5509 erat.
781 5467 940 5521 quam
990 5452 1037 5507 si
1083 5453 1312 5523 ingressi
1341 5471 1446 5508 non
1479 5453 1744 5523 fuissent;
1785 5469 1841 5514 et
1883 5460 1935 5514 in
1959 5461 2113 5528 Jona,
2145 5462 2199 5517 in

615 5553 794 5598 cetum
824 5543 1150 5600 incidentem
1183 5561 1211 5598 a
1254 5545 1427 5600 bellua
1459 5546 1592 5600 nihil
1623 5563 1841 5618 passum
1885 5565 2005 5608 esse
2033 5554 2200 5610 multo

615 5634 790 5702 majus
818 5644 954 5700 crat,
987 5651 1146 5706 quam
1171 5635 1218 5691 si
1244 5652 1348 5690 non
1379 5637 1656 5692 incidisset
1679 5655 1694 5694 :
1723 5641 1802 5695 sic
1826 5651 1880 5696 et
1905 5641 1958 5697 in
1983 5644 2200 5701 Christo

619 5723 773 5794 longe
790 5725 1086 5782 mirabilius
1103 5726 1203 5781 fuit
1221 5737 1486 5784 mortuum
1518 5729 1744 5785 solvisse
1771 5742 2019 5802 mortem,
2038 5752 2198 5804 quam

618 5815 667 5868 si
695 5828 935 5875 mortuus
961 5835 1068 5877 non
1095 5820 1303 5879 fuisset.
1337 5823 1410 5879 Ne
1428 5821 1580 5880 dicas
1600 5837 1753 5896 ergo,
1786 5827 1898 5888 Cur
1918 5829 2020 5887 sibi
2044 5845 2202 5901 opem

3864 423 3946 481 3!

2322 544 2427 582 non
2460 528 2580 584 tulit
2603 529 2656 584 in
2687 532 2883 586 cruce?
2921 531 3052 586 Nam
3082 549 3204 588 cum
3232 545 3404 592 morte
3435 539 3736 613 conﬂigere
3771 546 3944 602 vole-

2312 617 2423 672 bat.
2453 617 2568 672 Non
2597 618 2876 675 descendit
2914 621 2984 677 de
3020 637 3201 690 cruce,
3248 642 3354 680 non
3380 631 3522 699 quod
3556 649 3660 688 non
3689 647 3941 705 posset,

2314 709 2409 764 sed
2435 710 2572 779 quod
2598 711 2780 766 nollet.
2807 713 2942 768 Eum
2963 715 3104 770 enim
3129 732 3285 786 quem
3316 722 3502 781 mortis
3529 727 3792 795 tyrannis
3822 728 3939 785 de-

2315 801 2486 856 tinere
2532 817 2636 857 non
2683 805 2881 872 potuit,
2927 811 3195 877 quomodo
3245 812 3384 866 clavi
3425 817 3601 871 crucis
3644 818 3936 876 detinere

2314 881 2613 964 potuissent
2633 897 2658 951 ?

2382 988 2440 1042 2.
2482 987 2589 1044 Sed
2627 989 2740 1046 haec
2764 990 2917 1046 nobis
2944 1002 3064 1048 nota
3089 1005 3233 1061 sunt,
3263 997 3570 1056 inﬁdelibus
3601 1018 3710 1058 non
3751 1004 3934 1060 item.

2316 1077 2445 1133 Ideo
2479 1079 2710 1148 dicebat,
2755 1082 2974 1138 verbum
3017 1085 3194 1141 crucis
3230 1091 3580 1158 pereuntibus
3613 1094 3937 1151 stultitiam

2311 1183 2452 1234 esse,
2486 1170 2641 1225 nobis
2671 1181 2846 1227 autem
2873 1175 3096 1230 salutem
3122 1181 3600 1249 consequentibus,
3637 1184 3935 1242 virtutem

2312 1272 2434 1314 esse
2459 1259 2574 1315 Dei.
2609 1260 2868 1332 Scriptum
2900 1274 2974 1318 est
2999 1267 3131 1319 enim
3160 1283 3178 1320 :
3205 1266 3429 1325 Perdant
3466 1275 3786 1342 sapientiam
3829 1293 3935 1330 sa-

2313 1350 2578 1420 pientium,
2622 1362 2669 1406 et
2709 1354 3029 1422 prudentiam
3057 1358 3381 1428 prudentium
3409 1364 3711 1432 reprobabo.
3762 1365 3933 1422 Nihil

2311 1453 2472 1508 grave
2501 1441 2758 1498 hactenus
2784 1446 2981 1514 posuit,
3010 1447 3104 1504 sed
3135 1449 3309 1518 primo
3329 1451 3397 1506 ad
3425 1453 3721 1524 Scriptum
3754 1457 3934 1513 testi-

2312 1530 2551 1585 monium
2581 1533 2746 1601 venit,
2774 1544 2830 1588 et
2861 1545 2988 1592 tunc
3016 1537 3206 1595 ﬁducia
3237 1540 3360 1597 inde
3400 1557 3696 1616 assumpta,
3730 1548 3929 1604 velte-

2312 1623 2574 1679 mentiore
2601 1626 2767 1681 utitur
2791 1643 3063 1696 sermone,
3095 1642 3151 1687 et
3187 1634 3259 1686 ait
3285 1650 3298 1686 :
3333 1634 3520 1690 Nonne
3543 1638 3764 1693 stultam
3793 1643 3932 1700 fecit

2312 1712 2449 1767 Deus
2477 1716 2774 1784 sapientiam
2794 1719 2945 1789 hujus
2975 1722 3188 1776 mundi?
3209 1724 3293 1777 ubi
3310 1727 3550 1794 sapiens?
3575 1729 3665 1782 ubi
3688 1733 3880 1786 scriba
3900 1735 3930 1786 1’

2311 1804 2394 1857 ubi
2411 1807 2718 1875 conquisitor
2728 1810 2880 1881 hujus
2895 1812 3068 1866 saeculi
3080 1813 3106 1866 ?
3119 1829 3285 1868 nonne
3299 1817 3505 1870 stultam
3521 1821 3640 1888 fecit
3655 1821 3810 1876 Deus
3824 1840 3926 1877 sa-

2311 1895 2551 1962 pientiam
2563 1899 2716 1967 hujus
2729 1901 2941 1956 mundi?
2955 1902 3016 1956 21
3030 1942 3042 1956 .
3064 1901 3201 1956 Nam
3215 1907 3333 1976 quia
3349 1907 3400 1960 in
3416 1909 3666 1978 sapientia
3685 1910 3792 1966 Dei
3810 1931 3928 1969 non

2311 1987 2539 2054 cognovit
2567 1988 2786 2043 mundus
2809 2007 2900 2060 per
2919 1993 3220 2064 sapientiam
3239 1995 3424 2064 Deum,
3454 1999 3646 2069 placuit
3670 2002 3791 2058 Deo
3827 2022 3929 2074 per

2310 2077 2576 2132 stultitiam
2618 2082 2994 2149 praedicationis
3037 2085 3205 2141 salvos
3229 2092 3397 2158 facere
3439 2093 3718 2149 credentes.
3767 2096 3924 2152 Cum

2310 2165 2552 2235 dixisset,
2581 2169 2840 2241 Scriptum
2864 2184 2959 2241 est,
2987 2174 3209 2229 Perdant
3235 2179 3536 2248 sapientiam
3565 2187 3922 2254 sapientium,

2310 2270 2379 2310 ex
2413 2257 2573 2312 rebus
2602 2260 3112 2320 demonstrationem
3149 2266 3374 2335 inducit,
3418 2271 3605 2328 dicens
3634 2291 3649 2328 :
3678 2274 3788 2330 Ubi
3820 2294 3920 2331 sa-

2312 2349 2492 2416 piens?
2519 2349 2604 2404 ubi
2649 2353 2854 2407 scriba!
2893 2355 3053 2410 simul
3093 2366 3149 2412 et
3175 2357 3391 2416 Judzeos
3434 2372 3488 2416 ct
3521 2363 3742 2421 Graecos
3781 2385 3923 2435 pcr-

2309 2437 2598 2510 stringens.
2621 2441 2750 2509 Quis
2779 2443 2923 2498 enim
2962 2446 3332 2519 philosophus,
3364 2451 3483 2522 quis
3511 2469 3699 2510 eorum
3721 2459 3827 2528 qui
3858 2461 3920 2515 in

2309 2529 2630 2600 syllogismis
2656 2535 2853 2590 versati
2880 2547 3028 2604 sunt,
3059 2539 3180 2609 quis
3221 2556 3288 2596 ex
3335 2542 3402 2598 iis
3427 2545 3519 2614 qui
3543 2547 3771 2606 Judaica
3805 2567 3918 2608 no-

2309 2631 2453 2686 runt,
2499 2623 2725 2679 salutem
2750 2625 2900 2680 dedit
2926 2637 2982 2682 et
3005 2629 3286 2686 veritatem
3312 2632 3534 2690 docuit?
3553 2636 3725 2694 Nemo
3750 2657 3768 2705 ;
3812 2642 3920 2698 sed

2311 2720 2478 2768 totum
2504 2715 2826 2785 piscatorum
2859 2719 2978 2774 fuit.
3007 2720 3142 2776 Cum
3169 2728 3500 2794 propositum
3519 2745 3648 2801 ergo
3677 2737 3918 2790 conclu-

2309 2805 2488 2872 sisset,
2534 2807 2853 2880 illorumque
2897 2811 3092 2868 fastum
3127 2815 3505 2888 depressisset,
3537 2837 3602 2877 ac
3623 2823 3861 2882 dixisset
3893 2844 3917 2883 :

2309 2895 2500 2953 Nonne
2529 2898 2807 2956 infatuavit
2837 2903 2980 2958 Deus
3005 2905 3324 2975 sapientiam
3350 2908 3510 2980 hujus
3537 2914 3764 2970 mundi?
3784 2931 3917 2973 cau-

2308 3001 2426 3043 sam
2448 2990 2608 3044 etiam
2630 2991 2761 3048 dicit
2784 3003 3002 3064 propter
3020 3011 3178 3064 quam
3203 2997 3318 3054 hate
3337 3001 3408 3055 ita
3430 3001 3568 3059 facta
3588 3016 3736 3061 sunt.
3763 3008 3913 3076 Quia

2309 3079 2456 3134 enim
2484 3080 2536 3134 in
2577 3083 2840 3152 sapientia
2869 3084 2984 3153 Dei,
3017 3086 3207 3156 inquit,
3238 3105 3345 3145 non
3384 3097 3633 3163 cognovit
3662 3100 3912 3158 mundus

2310 3185 2407 3240 per
2431 3173 2748 3243 sapientiam
2781 3174 2984 3242 Deum;
3010 3193 3140 3233 crux
3172 3183 3440 3251 apparuit.
3477 3185 3614 3253 Quid
3651 3187 3758 3244 sibi
3791 3191 3915 3245 vult

2309 3271 2514 3331 autem,
2570 3262 2639 3318 In
2691 3266 2944 3333 sapientia
2988 3267 3123 3324 Dei?
3151 3268 3208 3324 ln
3247 3287 3308 3326 ea
3351 3289 3472 3344 quae
3511 3280 3766 3348 apparuit
3809 3297 3912 3351 per

2311 3367 2496 3422 opera,
2527 3369 2621 3425 per
2647 3372 2768 3426 qua:
2803 3359 3055 3429 cognosci
3096 3361 3281 3417 voluit.
3321 3363 3610 3438 Propterea
3651 3371 3805 3426 enim
3848 3385 3909 3429 et

2311 3445 2426 3502 haec
2455 3457 2510 3503 et
2534 3451 2729 3506 similia
2759 3455 3026 3522 probavit,
3069 3467 3125 3512 ut
3154 3461 3536 3518 convenienter
3581 3479 3647 3519 ex
3678 3466 3746 3522 iis
3775 3483 3908 3538 qua:

2309 3549 2602 3596 cernuntur
2629 3543 2885 3601 Conditor
2930 3548 2983 3602 in
3029 3548 3387 3608 admiratione
3427 3553 3736 3612 haberetur.
3793 3559 3912 3612 Ma-

2310 3643 2470 3698 gnum
2493 3642 2576 3686 est
2597 3633 2882 3701 caalum,et
2906 3638 3165 3694 immensa
3195 3649 3335 3698 terra
3365 3661 3378 3698 :
3405 3645 3749 3703 Conditorem
3769 3665 3910 3721 ergo

2311 3720 2524 3776 mirare.
2568 3722 2700 3778 Nam
2727 3740 2980 3798 magnum
3020 3729 3122 3785 hoc
3159 3733 3346 3787 ctelum
3392 3749 3498 3790 non
3543 3739 3703 3795 modo
3733 3742 3808 3797 ab
3837 3720 3910 3796 eo

2311 3811 2530 3880 factum,
2565 3815 2660 3871 sed
2684 3817 2838 3874 facile
2859 3818 3052 3875 factum
3081 3833 3184 3890 est,
3205 3837 3261 3880 et
3285 3825 3545 3885 immensa
3574 3839 3712 3886 terra
3742 3835 3904 3904 quasi

2310 3905 2440 3960 nihil
2471 3907 2722 3977 producta
2755 3910 2876 3967 fuit.
2903 3912 3030 3968 Ideo
3069 3914 3138 3970 de
3167 3917 3260 3972 illo
3291 3918 3510 3989 quidem
3539 3922 3688 3988 dicit,
3725 3924 3906 3997 Opera

2310 3997 2585 4068 digitorum
2626 4010 2826 4056 tuorum
2853 4013 2970 4058 sunt
2994 4006 3109 4060 carli
3145 4007 3316 4077 (Psal.
3350 4010 3472 4066 101.
3501 4012 3616 4081 26),
3645 4014 3715 4072 de
3755 4029 3902 4073 terra

2310 4097 2514 4154 autem,
2543 4089 2646 4156 Qui
2673 4099 2857 4146 terram
2885 4095 3002 4164 fecit
3027 4105 3283 4168 tamquam
3303 4099 3451 4154 nihil.
3483 4102 3618 4171 Quia
3643 4120 3777 4178 ergo
3802 4123 3904 4177 per

2317 4180 2454 4235 hanc
2479 4181 2795 4251 sapientiam
2821 4186 2993 4242 noluit
3019 4187 3184 4244 Deum
3211 4205 3560 4263 cognoscere,
3589 4203 3698 4268 per‘
3714 4201 3898 4255 stulti-

2311 4271 2460 4337 tiam,
2490 4289 2608 4344 quae
2633 4290 2754 4331 esse
2776 4277 3005 4346 videtur,
3037 4280 3430 4348 praedicationis
3452 4290 3754 4358 persuasit;
3786 4306 3896 4346 non

2311 4380 2408 4434 per
2432 4367 2728 4436 ratiocinia,
2756 4370 2849 4425 sed
2879 4387 2974 4441 per
2994 4371 3174 4428 ﬁdem.
3199 4375 3272 4430 De
3298 4387 3497 4434 caetero
3517 4380 3606 4436 ubi
3633 4385 3901 4453 sapientia

2313 4457 2409 4514 Dei
2435 4469 2536 4526 est,
2562 4460 2792 4515 humana
2819 4478 2927 4517 non
2950 4464 3085 4518 ultra
3110 4475 3193 4520 est
3219 4481 3375 4536 opus.
3393 4468 3524 4524 Nam
3545 4471 3728 4531 dicere
3746 4491 3894 4540 eum.

2309 4551 2395 4620 qui
2416 4551 2558 4606 hunc
2575 4561 2776 4607 tantum
2798 4555 3058 4611 mundum
3079 4559 3300 4626 creavit,
3318 4560 3484 4616 Deum
3503 4576 3625 4619 esse
3645 4579 3902 4636 oportere

2311 4636 2567 4697 immensa
2597 4650 2652 4696 et
2671 4643 2921 4700 ineffabili
2949 4647 3146 4702 virtute
3186 4649 3496 4720 prmditum,
3524 4653 3776 4712 humanae
3805 4673 3899 4712 sa-

2311 4731 2522 4802 pientia:
2549 4743 2665 4789 erat
2710 4735 2786 4790 sic
2817 4737 3143 4803 ratiocinari,
3185 4748 3241 4794 et
3269 4756 3361 4809 per
3389 4742 3508 4798 haec
3547 4744 3700 4801 illum
3745 4763 3900 4803 com-

2310 4821 2684 4892 prehendere:
2716 4842 2858 4879 nunc
2905 4838 3083 4882 autem
3132 4845 3238 4884 non
3281 4832 3598 4903 ratiociniis,
3648 4838 3744 4894 sed
3787 4839 3895 4893 ﬁde

2308 4914 2423 4969 sola
2463 4929 2602 4985 opus
2641 4923 2746 4970 est.
2787 4915 2921 4971 Nam
2965 4917 3018 4972 in
3058 4919 3373 4976 cruciﬁxum
3419 4935 3474 4978 et
3520 4927 3572 4980 in
3621 4930 3893 4997 sepultum

2309 5003 2551 5071 credere,
2600 5014 2654 5061 et
2702 5015 2908 5062 certum
2959 5008 3159 5065 habere
3203 5012 3450 5068 eumdem
3496 5016 3669 5085 ipsum
3705 5033 3892 5075 resuro

2309 5096 2512 5149 rexisse
2540 5111 2603 5151 ac
2628 5111 2860 5166 superne
2889 5098 3101 5166 sedere,
3136 5100 3188 5155 id
3214 5104 3473 5172 sapientia
3514 5121 3618 5161 non
3645 5119 3769 5179 eget
3797 5127 3893 5166 nc-

2308 5204 2410 5257 que
2456 5189 2779 5257 ratiociniis,
2831 5191 2927 5246 sed
2971 5193 3096 5248 fide.
3137 5195 3382 5263 Apostoli
3429 5197 3576 5253 enim
3617 5217 3726 5257 non
3763 5219 3887 5258 cum

2307 5281 2565 5351 sapientia
2588 5281 2856 5352 prodiere,
2886 5283 2980 5339 sed
3004 5300 3125 5338 cum
3158 5285 3278 5350 ﬁde,
3308 5287 3625 5361 fueruntque
3652 5297 3890 5350 externis

2307 5370 2636 5442 sapientibus
2666 5374 3017 5444 sapientiores
3041 5385 3097 5431 ct
3123 5377 3485 5446 sublimiores,
3519 5391 3574 5436 et
3599 5391 3749 5439 tanto
3772 5401 3886 5439 ma-

2306 5464 2409 5534 gis,
2433 5475 2632 5534 quanto
2658 5466 2830 5536 majus
2858 5477 3021 5522 estea
3043 5484 3162 5538 quae
3187 5469 3277 5525 Dei
3308 5485 3434 5526 sunt
3464 5473 3569 5529 ﬁde
3588 5477 3882 5547 suscipere,

2307 5571 2466 5627 quam
2502 5559 2779 5613 ratiocinia
2811 5574 3066 5615 movere:
3099 5561 3202 5616 hoc
3230 5563 3376 5617 enim
3406 5564 3692 5620 humanam
3721 5583 3884 5638 supe-

2306 5657 2390 5702 rat
2431 5660 2686 5705 mentem.
2732 5650 3012 5718 Quomodo
3048 5663 3228 5707 autem
3267 5654 3498 5723 perdidit
3524 5657 3884 5726 sapientiam?

2309 5741 2412 5796 Per
2438 5741 2657 5798 Paulum
2679 5751 2734 5798 et
2762 5744 2965 5799 similes
2992 5743 3145 5799 nobis
3180 5746 3444 5815 cognitus,
3476 5749 3712 5803 ostendit
3734 5750 3881 5805 illam

2313 5832 2552 5889 inutilem
2597 5848 2736 5890 esse.
2789 5833 2868 5890 Ad
2913 5835 3304 5906 suscipiendam
3349 5838 3489 5894 cnim
3521 5841 3880 5910 evangelicam
