4086 6416
172 421 231 477 3|

240 536 329 609 Μὴ
359 536 686 609 θορυϐεῖσθε
705 534 810 592 οὖν
833 556 850 569 ·
881 539 945 593 ού
975 537 1080 609 γὰρ
1103 535 1250 601 ξένον
1274 535 1396 589 οὐδέ
1427 534 1579 605 παρὰ
1601 549 1776 606 προσ-

176 633 353 688 δοκίαν
380 631 442 684 τὸ
463 631 791 702 γινόμενον,
823 632 888 686 τὸ
919 627 1271 702 χλευάζεσθαι
1290 627 1360 681 τά
1386 626 1598 697 μεγάλα
1626 622 1778 694 παρὰ

173 723 278 777 τῶν
326 723 738 793 ἐξεστηκότων.
784 723 929 786 Τοὺς
965 722 1023 775 δὲ
1064 719 1208 775 οὕτω
1268 717 1646 789 διακειμένους
1693 713 1781 767 διὰ

178 816 360 886 σοφίας
391 815 762 888 ἀνθρωπίνης
801 815 1012 869 πείθειν
1047 814 1144 868 οὐκ
1184 812 1264 866 ἔνι
1289 829 1304 844 ο
1342 811 1499 874 ἀλλὰ,
1533 811 1636 864 κᾶν
1664 809 1788 880 βου-

176 911 340 982 ληθῇς
371 907 524 962 οὕτω
554 911 772 975 πεῖσαι,
801 907 865 961 τὸ
889 906 1126 961 ἐναντίον
1152 907 1327 968 ποιεῖς
1349 922 1363 935 ·
1386 904 1454 957 τὰ
1479 903 1590 972 7&9
1614 902 1787 971 ύπερ-

180 1001 427 1055 ϐαίνοντα
465 1002 749 1072 λογισμὸν
782 999 1019 1063 πίστεως
1058 999 1231 1051 δεῖται
1278 995 1467 1066 μόνης.
1506 995 1616 1048 Καὶ
1655 993 1784 1062 7&9.

183 1095 245 1148 ἀν
286 1093 544 1160 θέλωμεν
595 1093 814 1147 πείθειν
863 1093 952 1145 διὰ
994 1088 1293 1161 λογισμῶν,
1350 1087 1467 1152 πῶς
1500 1087 1789 1158 ἄνθρωπος

182 1186 394 1256 ἐγένετο
421 1186 454 1238 0
490 1186 656 1249 Θεὸς,
694 1186 791 1238 καὶ
818 1186 900 1248 εἰς
940 1184 1156 1254 μήτραν
1184 1179 1403 1249 εἰσῆλθε
1425 1177 1785 1250 παρθενικὴν,

186 1277 274 1330 καὶ
295 1275 373 1347 μὴ
406 1278 484 1347 τῇ
527 1275 718 1329 πίστει
759 1274 822 1328 τὸ
859 1275 1090 1344 πρᾶγμα
1131 1271 1538 1342 ἐπιτρέψωμεν,
1589 1266 1791 1338 μᾶλλον

183 1370 376 1424 ἐκεῖνοι
396 1368 904 1437 καταγελάσονται.
933 1368 1076 1436 Ἀρα
1102 1366 1151 1418 οἰ
1170 1365 1453 1432 λογισμοῖς
1476 1359 1788 1428 ζητοῦντες,

182 1456 321 1517 οὗτοί
363 1462 516 1514 εἰσιν
544 1463 597 1514 οἰ
635 1460 1022 1529 ἀπολλύμενοι.
1056 1459 1168 1512 Καὶ
1196 1457 1250 1510 τί
1278 1457 1423 1525 λέγω
1454 1456 1585 1525 περὶ
1619 1451 1790 1518 Θεοῦ;

195 1555 314 1608 Ἐπὶ
333 1554 450 1623 7&9
478 1553 598 1606 τῶν
627 1553 944 1623 κτισμάτων
981 1552 1047 1606 ἂν
1069 1548 1230 1603 τοῦτο
1259 1549 1596 1620 ποιήσωμεν,
1624 1543 1793 1609 πολὺς

186 1644 369 1710 ἕψεται
396 1643 610 1710 γέλως.
645 1643 828 1696 Ἔστω
864 1641 972 1711 7&9
994 1641 1283 1712 ἄνθρωπος
1312 1641 1492 1693 πάντα
1529 1637 1794 1708 βουλόμε-

184 1751 269 1797 νος
287 1733 592 1800 λογισμοῖς
629 1731 942 1802 μανθάνειν,
972 1729 1067 1784 καί
1103 1728 1385 1799 πειράσθω
1409 1726 1487 1797 τῷ
1513 1726 1664 1797 παρά
1696 1725 1791 1779 σοῦ

183 1825 326 1894 λόγῳ
357 1823 687 1888 πείθεσθαι,
721 1823 838 1886 πῶς
868 1820 1140 1892 βλέπομεν
1171 1821 1234 1874 τὸ
1257 1818 1374 1888 φῶς
1395 1836 1407 1850 ·
1438 1819 1502 1872 σὺ
1542 1817 1599 1870 δὲ
1628 1817 1793 1871 αὐτὸν

185 1915 438 1987 λογισμῷ
477 1913 697 1968 πείθειν
731 1913 924 1985 πειρῶ.
966 1912 1108 1966 Ἀλλ’
1143 1913 1242 1966 ούκ
1275 1911 1342 1964 ἂν
1372 1909 1518 1980 ἐχοις
1541 1925 1554 1940 ·
1587 1908 1656 1962 ἂν
1684 1907 1794 1981 γὰρ

187 2012 370 2082 είπῃς,
403 2011 496 2063 ὅτι
523 2009 696 2080 ἀρκεῖ
716 2009 843 2071 τοὺς
880 2006 1196 2078 ὀφθαλμοὺς
1229 2004 1518 2072 ἀνοίξαντα
1548 2002 1790 2074 βλέπειν.

187 2105 246 2156 οὐ
271 2103 366 2155 τὸν
413 2101 629 2172 τρόπον
664 2098 916 2170 εἴρηκας,
967 2097 1105 2152 ἀλλά
1150 2096 1214 2151 τὸ
1251 2097 1562 2167 γινόμενον.
1602 2094 1703 2147 Διά
1741 2092 1794 2146 τί

192 2194 293 2264 7&9
323 2192 408 2264 μὴ
429 2194 500 2263 τῇ
539 2193 682 2262 ἀκοῇ
715 2189 1011 2262 βλέπομεν,
1045 2190 1202 2260 φησὶ,
1236 2191 1332 2244 καὶ
1359 2191 1472 2253 τοῖς
1496 2186 1798 2257 ὀφθαλμοῖς

192 2284 508 2352 ἀκούομεν;
539 2281 634 2335 διὰ
676 2281 730 2333 τί
755 2280 865 2353 7&9
899 2279 975 2352 μὴ
1014 2283 1080 2352 τῇ
1115 2283 1225 2351 ρινί
1267 2280 1562 2351 ἀκούομεν,
1597 2279 1694 2333 καὶ
1727 2280 1795 2350 τῇ

192 2378 327 2445 ἀκοῇ
364 2372 828 2445 ὀσφραινόμεθα;
870 2372 969 2425 Ἂν
1005 2372 1221 2436 τοίνυν,
1267 2369 1602 2442 ἀποροῦντος
1632 2368 1797 2424 αὐτοῦ

194 2465 324 2537 περί
346 2463 591 2526 τούτων,
635 2461 710 2532 μὴ
743 2461 1028 2532 δυνώμεθα
1048 2461 1140 2514 τὸν
1167 2461 1328 2530 λόγον
1358 2461 1648 2515 ἀποδοῦναι
1676 2460 1800 2515 τούς

192 2574 323 2620 των,
351 2556 577 2616 ἐκεῖνος
615 2552 799 2624 μέλλει
821 2551 1008 2624 γελᾷν;
1039 2552 1101 2605 ού
1141 2551 1406 2623 μειζόνως
1433 2554 1596 2622 ἡμεῖς
1632 2569 1801 2606 κατα-

195 2644 592 2715 τελασόμεθας
634 2643 699 2695 Εἰ
747 2643 856 2714 γὰρ
905 2643 1194 2714 ἀμφότερα
1237 2640 1297 2706 ἐξ
1336 2643 1455 2705 ἐνὸς
1495 2643 1799 2711 ἐγκεφάλου

199 2739 293 2804 τὴν
327 2737 513 2806 ἀρχὴν
536 2735 674 2805 ἔχει,
704 2735 797 2788 καί⁵
821 2734 1110 2805 ἀμφότερα
1137 2733 1390 2804 ἀλλήλοις
1419 2735 1714 2802 γειτνιάζει
1735 2735 1803 2789 τὰ

207 2829 363 2900 μέλη,
407 2829 532 2892 πῶς
567 2828 630 2880 ού
666 2826 735 2880 τά
766 2827 906 2881 αύτά
937 2825 1162 2880 δύναται
1193 2829 1400 2891 ποιεῖν;
1441 2826 1582 2880 Ἀλλ’
1613 2827 1674 2881 ού
1707 2827 1803 2880 δυ-

207 2922 486 2994 νησόμεθα
545 2921 726 2974 εἰπεῖν
778 2920 877 2990 τὴν
928 2918 1108 2972 αἰτίαν
1149 2919 1272 2972 οὐδὲ
1325 2919 1418 2972 τὸν
1464 2919 1666 2992 τρόπον
1705 2921 1804 2991 τῆς

212 3016 416 3085 ἀςάτου
447 3013 546 3068 καὶ
579 3012 834 3081 ποικίλης
871 3012 1174 3082 ἐνεργείας,
1205 3011 1365 3075 ἀλλὰ,
1396 3011 1499 3066 κᾶν
1528 3014 1808 3085 ἐπιχειρή-

217 3125 416 3177 ιπυμεν,
469 3102 930 3175 καταγελώμεθα.
973 3103 1075 3158 Διά
1114 3121 1198 3156 τοι
1245 3102 1406 3157 τοῦτο
1441 3107 1510 3174 τῇ
1547 3103 1640 3156 τοῦ
1671 3103 1806 3158 Θεοῦ

217 3200 436 3268 δυνάμει
460 3199 561 3251 καὶ
591 3198 656 3267 τῇ
689 3195 906 3265 ἀπείρῳ
932 3194 1095 3265 σοφίᾳ
1124 3192 1610 3265 παραχωροῦντες,
1653 3196 1812 3266 σιγή-

221 3307 417 3359 σωμεν.
441 3289 605 3342 Οῦτω
635 3287 818 3341 τοίνυν
854 3287 949 3340 καὶ
980 3286 1048 3340 τά
1075 3286 1170 3340 τοῦ
1213 3286 1350 3340 Θεοῦ
1381 3286 1478 3340 ἐὰν
1514 3289 1582 3357 τῇ
1611 3285 1811 3352 ἔξωθεν

222 3380 378 3451 σοφία
412 3378 766 3450 βουληθῶμεν
789 3377 1164 3448 παραστῆσαι,
1198 3377 1368 3440 πολὺς
1390 3376 1584 3447 ἕψεται
1613 3376 1808 3445 γέλως,

223 3473 282 3526 ού
310 3472 466 3541 παρά
497 3470 599 3542 τὴν
631 3469 742 3522 τῶν
774 3467 1119 3540 πραγμάτων
1151 3469 1462 3532 ἀσθένειαν,
1487 3467 1625 3522 ἀλλά
1660 3468 1812 3540 παρά

226 3564 320 3636 τὴν
340 3563 451 3616 τῶν
471 3561 780 3634 ἀνθρώπων
803 3561 1011 3615 ἄνοιαν.
1042 3560 1124 3614 Τὰ
1147 3560 1257 3631 7&9
1289 3560 1502 3632 μεγάλα
1534 3561 1694 3629 λόγος
1723 3561 1815 3614 ού·
1858 3612 1864 3618 .

228 3655 329 3719 δεῖς
381 3655 740 3727 παραστῆσαι
783 3653 1029 3708 δύναται.
1083 3653 1287 3707 Σκόπει
1329 3653 1422 3706 δέ·
1450 3653 1620 3707 Ὅταν
1653 3653 1812 3718 εἴπω,

241 3747 610 3818 Ἒσταυρώθη,
653 3748 682 3800 ὁ
727 3746 930 3816 Ἕλλην
969 3746 1152 3814 λέγει·
1188 3745 1301 3799 Καὶ
1333 3743 1450 3805 πῶς
1484 3745 1550 3798 ἂν
1579 3744 1692 3815 ἔχοι
1729 3744 1819 3798 λό-

232 3859 319 3910 γον
338 3840 501 3895 τοῦτο
522 3859 535 3908 ;
567 3839 745 3912 ἐαυτῷ
773 3840 876 3894 οὐκ
896 3839 1071 3910 ἤμυνε
1105 3855 1236 3892 σταυ
1246 3854 1338 3908 ρου
1347 3837 1492 3908 μένῳ
1514 3838 1608 3891 καὶ
1633 3854 1822 3910 πειρα-

234 3929 444 4001 ζομένῳ
465 3930 609 3984 κατά
641 3928 731 3983 τὸν
757 3929 952 3999 καιρὸν
980 3928 1075 3982 τοῦ
1112 3927 1369 3998 σταυροῦ,
1404 3929 1496 3982 καὶ
1521 3926 1642 3990 πῶς
1682 3927 1821 3997 μετά

233 4022 400 4076 ταῦτα
431 4023 658 4092 ἀνέστη,
696 4020 792 4074 καὶ
824 4020 1032 4090 ἐτέροις
1065 4019 1310 4089 ῆμυνενς
1339 4019 1388 4072 εί
1435 4009 1543 4090 7&9
1575 4017 1820 4082 ἐδύνατο,

235 4110 338 4182 πρὸ
355 4110 452 4164 τοῦ
484 4110 715 4164 θανάτου
740 4109 848 4162 ἔδει
873 4108 1051 4180 (τοῦτο
1073 4109 1180 4180 γὰρ
1204 4109 1299 4163 καὶ
1332 4108 1573 4162 Ἰουδαῖοι
1593 4107 1820 4176 ἔλεγον)ο

235 4203 337 4256 ὁδε
361 4200 547 4273 ἐαυτῷ
582 4201 658 4272 μὴ
691 4199 926 4271 ἀμύνας,
961 4200 1081 4265 πῶς
1106 4200 1289 4265 ἀλλοις
1331 4201 1582 4272 ῆμυνεν;
1622 4201 1722 4254 ούκ
1761 4201 1827 4255 ἄν

236 4290 348 4366 [25]
380 4293 496 4363 ἔχοι
523 4293 705 4360 λόγον,
733 4291 888 4364 φησί.
911 4292 1155 4356 Εἰκότως
1176 4304 1225 4333 ι·
1255 4293 1351 4346 καὶ
1375 4291 1485 4364 7&9
1516 4293 1654 4365 ὑπὲρ
1672 4292 1828 4361 λόγον

237 4384 403 4448 ἐστὶν,
433 4382 713 4454 ἄνθρωπε,
748 4383 842 4437 καί
877 4383 1086 4452 ἀφάτου
1111 4383 1441 4454 δυνάμεωςὸ
1469 4383 1723 4455 σταυρός.
1757 4383 1832 4436 Τὸ

236 4475 342 4545 7&9
370 4477 430 4528 ἐν
456 4476 575 4538 τοῖς
597 4475 789 4538 δεινοῖς
814 4475 1132 4545 γενόμενον,
1160 4473 1433 4546 ἀνώτερον
1462 4476 1695 4546 φανῆναι
1724 4474 1833 4527 τῶν

236 4568 451 4632 δεινῶν,
497 4568 595 4621 καὶ
639 4568 1035 4639 συμπλακέντα
1083 4568 1328 4638 νικῆσαι,
1376 4567 1661 4638 δυνάμεώς
1689 4569 1834 4620 ἐστιν

235 4660 494 4731 ἀπείρου.
529 4660 741 4731 Ὠσπερ
783 4660 892 4730 γὰρ
927 4660 1019 4713 ἐπὶ
1046 4659 1155 4713 τῶν
1179 4659 1348 4730 τριῶν
1383 4659 1609 4722 παίδων,
1632 4657 1729 4711 τοῦ
1760 4659 1835 4730 μὴ

237 4751 480 4822 ἐμϐῆναι
512 4752 598 4814 εἰς
622 4750 718 4821 τὴν
747 4750 1002 4821 κάμινον,
1034 4751 1095 4804 τὸ
1124 4750 1404 4821 ἐμϐάντας
1451 4749 1837 4818 καταπατῆσαι

236 4841 335 4915 τὴν
358 4841 566 4911 φλόγα,
589 4839 1032 4911 θαυμαστότερον
1051 4836 1120 4911 ἦν
1145 4856 1158 4871 ·
1191 4840 1288 4894 καὶ
1318 4839 1412 4892 ἐπὶ
1432 4838 1527 4892 τοῦ
1544 4839 1718 4902 Ἰωνᾶ,
1743 4835 1837 4891 τοῦ

242 4933 318 5004 μὴ
365 4934 638 5002 ἑμτπσεῖν
671 4935 748 4996 εἰς
775 4933 836 4986 τὸ
883 4933 1068 5002 κῆτος,
1099 4932 1162 4986 τὸ
1187 4932 1500 5004 ἐμπεσόντα
1537 4931 1704 5002 μηδὲν
1731 4931 1841 4986 ἀπὸ

238 5028 329 5082 τοῦ
361 5027 563 5098 θηρίου
592 5026 781 5080 παθεῖν
805 5027 991 5096 ἀηδὲς,
1022 5025 1202 5097 πολλῷ
1230 5026 1414 5096 μεῖζον
1442 5021 1510 5096 ἦν
1535 5043 1548 5056 ο
1576 5024 1718 5079 οὕτω
1746 5026 1842 5079 καὶ

239 5121 334 5173 ἐτέι
347 5117 448 5171 τοῦ
471 5116 727 5188 Χριστοῦ,
747 5116 844 5170 τοῦ
867 5115 942 5187 μὴ
960 5115 1274 5181 ἀποθανεῖν,
1293 5115 1354 5168 τὸ
1374 5114 1712 5169 ἀποθανόντα
1731 5113 1845 5167 δια-

239 5209 406 5263 λῦσαι
429 5209 522 5261 τὸν
540 5207 788 5273 θάνατον,
815 5208 1254 5280 παραδοξότερον
1270 5203 1356 5279 ἦν.
1375 5207 1467 5278 Μὴ
1493 5207 1674 5260 τοίνυν
1697 5205 1842 5274 λέγε·

243 5302 345 5355 Διά
369 5300 428 5353 τί
455 5300 559 5354 οὐκ
590 5300 799 5371 ἤμυνεν
846 5299 1024 5369 ἐαυτῷ
1063 5300 1121 5352 ἐν
1169 5299 1246 5370 τῷ
1280 5297 1534 5369 σταυρῷς
1565 5297 1715 5368 αύτῷ
1739 5297 1847 5370 7&9

246 5393 641 5465 συμπλακῆναι
682 5392 947 5464 ἠπείγετο
986 5390 1066 5462 τῷ
1108 5391 1343 5460 θανάτῳ.
1390 5391 1464 5444 Ού
1505 5390 1711 5460 κατέϐη
1742 5392 1850 5442 ἀπὸ

242 5487 339 5541 τοῦ
373 5486 635 5559 σταυροῦ,
676 5487 781 5540 οὐκ
832 5485 1023 5556 ἐπειδὴ
1067 5485 1170 5538 οὐκ
1216 5484 1470 5555 ἠδύνατο,
1509 5482 1629 5536 ἀλλ’
1661 5481 1850 5549 ἐπειδὴ

241 5581 346 5635 οὐκ
367 5580 649 5652 ἠϐούλετο.
686 5582 790 5634 ’ον
820 5578 987 5651 γὰρὴ
1013 5576 1268 5650 τυραννὶς
1292 5578 1354 5631 ού
1371 5576 1605 5646 κατέσχε
1634 5574 1727 5630 τοῦ
1753 5574 1850 5627 θα-

245 5674 429 5741 νάτου,
461 5676 581 5740 πῶς
605 5668 735 5750 ἧλοι
768 5670 1010 5743 σταυροῦ
1047 5673 1346 5742 κατασχεῖν
1377 5670 1673 5742 ὴδύναντο;

314 5767 375 5839 β’.
423 5769 583 5824 Ἀλλά
620 5767 812 5822 ταῦτα
853 5764 984 5836 ἡμῖν
1026 5763 1304 5836 γνώριμα,
1343 5766 1458 5836 τοῖς
1502 5761 1560 5816 δὲ
1600 5759 1853 5824 ἀπίστοις

248 5860 434 5919 οὐκέτι.
462 5863 568 5918 Διά
605 5859 786 5915 τοῦτο
821 5856 1030 5926 ἔλεγεν,
1072 5858 1156 5912 δτι
1187 5858 1216 5911 0
1244 5856 1403 5925 λόγος
1427 5856 1457 5909 0
1492 5853 1589 5909 τοῦ
1619 5853 1855 5926 σταυροῦ

246 5961 340 6026 τοῖς
366 5961 467 6034 μὲν
492 5952 916 6024 ἀπολλυμένοις
942 5951 1122 6023 μωρία
1148 5947 1288 6013 ἐστὶ,
1311 5951 1425 6015 τοῖς
1443 5949 1499 6004 δὲ
1523 5948 1854 6020 σωζομένοις

291 6102 308 6125 ⁸
339 6104 520 6156 Aberat
543 6096 782 6150 εἰκότως-

1433 6163 1507 6188 *δι

1235 415 1304 472 IN
1339 413 1558 472 EPIST.
1604 412 1745 470 IAD
1781 408 1942 468 COR.
1983 409 2222 467 HOMIL.
2250 411 2341 468 IV.

3398 410 3470 468 32

1882 530 2015 601 ἡμῖν
2051 529 2281 600 δύναμις
2323 528 2459 582 Θεοῦ
2498 527 2634 582 ἐστι.
2675 527 3014 598 Γέγραπται
3043 525 3157 596 γάρ
3179 541 3192 556 ⁸
3236 525 3470 581 Ἀπολῶ

1884 621 2000 690 τὴν
2014 620 2241 690 σοφίαν
2253 620 2374 674 τῶν
2395 619 2624 689 σοφῶν,
2652 620 2751 674 καὶ
2774 619 2890 688 τὴν
2912 620 3172 674 σύνεσιν
3191 616 3311 672 τῶν
3333 634 3484 672 συν-

1887 712 2038 767 ετῶν
2071 713 2362 780 ἀθετήσω.
2411 712 2576 765 Ούδὲν
2637 711 2769 783 παρ’
2814 710 3012 765 ἑαυτοῦ
3043 708 3305 782 φορτικὸν
3346 708 3486 772 τέως

1885 807 2121 879 τίθησιν,
2159 807 2297 861 ἀλλά
2329 807 2594 877 πρότερον
2629 807 2721 858 ἐπὶ
2753 804 2854 876 τὴν
2905 803 3216 875 μαρτυρίαν
3258 803 3483 874 ἔρχεται

1885 901 1984 972 τῆς
2014 901 2258 972 Γραφῆς,
2290 900 2384 953 καὶ
2415 899 2536 952 τότε
2577 898 2674 968 τὴν
2702 897 2912 952 ἐκεῖθεν
2941 897 3261 968 παρρησίαν
3304 894 3488 949 λαϐὼν

1886 991 2402 1062 καταφορικώτερον
2452 991 2718 1060 κέχρηται
2753 992 2866 1052 τοῖς
2900 988 3106 1055 λόγοις,
3147 987 3242 1040 καί
3273 1003 3443 1056 φησιν
3469 1002 3482 1016 ·

1891 1083 2039 1152 Οὐχὶ
2071 1083 2374 1153 ἐμώρανεν
2426 1087 2460 1138 ὀ
2506 1082 2648 1147 Θεὸς
2685 1080 2802 1150 τὴν
2843 1081 3074 1150 σοφίαν
3102 1077 3212 1132 τοῦ
3252 1079 3490 1146 κόσμου

1888 1177 2147 1240 τούτου;
2181 1176 2302 1230 ποῦ
2330 1176 2568 1245 σοφὸςς
2607 1174 2724 1229 ποῦ
2765 1173 3184 1244 γραμματεύς;
3223 1168 3343 1224 ποῦ
3373 1185 3489 1223 συ-

1891 1268 2146 1335 ζητητὴς
2182 1268 2290 1322 τοῦ
2339 1268 2557 1334 αἰῶνος
2612 1267 2873 1330 τούτου;
2917 1265 3057 1335 οὐχὶ
3107 1263 3411 1333 ἐμώρανεν
3457 1262 3493 1314 ὁ

1893 1360 2038 1426 Θεὸς
2080 1360 2197 1426 τὴν
2242 1361 2472 1430 σοφίαν
2509 1361 2618 1415 τοῦ
2656 1361 2891 1431 κόσμου
2928 1360 3191 1424 τούτου;
3245 1353 3490 1421 Ἐπειδὴ

1891 1452 2002 1521 γὰρ
2025 1452 2096 1506 ἐν
2121 1452 2196 1520 τῇ
2228 1454 2418 1522 σοφίᾳ
2447 1453 2552 1507 τοῦ
2583 1452 2731 1507 Θεοῦ
2760 1454 2870 1507 οὐκ
2900 1451 3056 1522 ἔγνω
3081 1453 3114 1505 ό
3143 1450 3372 1517 κόσμος
3393 1445 3493 1500 διὰ

1891 1541 2004 1611 τῆς
2029 1544 2254 1612 σοφίας
2275 1544 2384 1597 τὸν
2419 1544 2589 1607 Θεὸν,
2623 1543 2962 1612 εὐδόκησεν
2995 1545 3028 1596 ὁ
3055 1540 3203 1605 Θεὸς
3243 1537 3343 1592 διὰ
3375 1535 3492 1606 τῆς

1888 1637 2118 1704 μωρίας
2143 1634 2249 1689 τοῦ
2274 1637 2653 1705 κηρύγματος
2672 1635 2868 1690 σῶσαι
2899 1634 3042 1701 τοὺς
3068 1633 3490 1694 πιστεύοντας.

1894 1727 2082 1781 Εἰπὼν
2127 1728 2211 1782 ὅτι
2263 1730 2315 1781 Γ
2317 1729 2624 1797 ἐτραπται,
2676 1725 2912 1782 Ἀπολῶ
2949 1727 3068 1794 τὴν
3109 1725 3340 1794 σοφίαν
3377 1719 3496 1776 τῶν

1896 1819 2132 1889 σοφῶν,
2156 1821 2258 1891 τὴν
2285 1821 2395 1875 ἀπὸ
2429 1821 2541 1875 τῶν
2583 1821 2928 1893 πραγμάτων
2973 1818 3248 1882 ἀπόδειξιν
3295 1815 3496 1883 ἐπάγει

1896 1913 2110 1980 λέγων·
2161 1913 2290 1967 Ποῦ
2332 1916 2568 1982 σοφός;
2611 1913 2730 1968 ποῦ
2774 1913 3193 1982 τραμματεύςῖ
3229 1908 3364 1980 ὁμοῦ
3402 1909 3498 1962 καὶ

1907 2003 2180 2074 Ἐλλήνων
2235 2004 2333 2057 καὶ
2375 2005 2648 2058 Ἰουδαίων
2692 2003 3128 2074 καθαπτόμενος.
3177 2003 3338 2062 Ποῖος
3385 1999 3497 2070 γὰρ

1897 2093 2213 2162 φιλόσοφος,
2241 2093 2327 2156 τίς
2357 2093 2469 2146 τῶν
2516 2094 2647 2165 περί
2671 2094 2798 2157 τοὺς
2834 2091 3232 2162 συλλογισμοὺς
3269 2089 3498 2160 ἐσχολα-

1897 2182 2094 2264 κότων,
2126 2182 2214 2246 τίς
2246 2182 2358 2236 τῶν
2388 2183 2458 2236 τά
2497 2183 2768 2237 Ἰουδαίων
2801 2183 3020 2238 εἰδότων
3049 2182 3244 2246 ἔσωσε,
3279 2181 3374 2234 καὶ
3397 2179 3499 2250 τὴν

1899 2275 2160 2347 ἀλήθειαν
2204 2277 2538 2346 ἐγνώρισεν;
2592 2276 2707 2330 Οὐκ
2751 2276 2900 2330 ἔστιν
2949 2273 3148 2338 οὐδεὶς,
3209 2272 3346 2327 ἀλλά
3386 2272 3498 2325 τῶν

1901 2368 2097 2424 ἀλιέων
2136 2368 2199 2420 τὸ
2243 2370 2350 2421 πᾶν
2393 2367 2607 2437 γέγονε.
2660 2367 3027 2439 Συμπεράνας
3055 2367 3236 2420 τοίνυν
3273 2365 3335 2418 τὸ
3363 2381 3498 2436 προ-

1900 2461 2175 2533 κείμενον,
2200 2461 2296 2515 καὶ
2320 2460 2670 2530 κατενεγκὼν
2727 2459 2908 2514 αὐτῶν
2936 2459 3029 2514 τὸν
3061 2459 3252 2528 τῦφον,
3283 2458 3380 2510 καὶ
3423 2457 3502 2510 εἰ·

1901 2553 2022 2607 πών
2046 2571 2059 2586 ο
2090 2553 2242 2622 Οὐχὶ
2277 2553 2582 2623 ἐμώρανεν
2613 2556 2646 2607 ὀ
2676 2553 2822 2618 Θεὸς
2857 2551 2974 2617 τὴν
3009 2551 3237 2619 σοφίαν
3260 2547 3370 2602 τοῦ
3399 2549 3500 2602 κό-

1903 2661 2063 2716 σμου
2092 2646 2346 2708 τούτου;
2374 2644 2526 2712 λέγει
2551 2644 2645 2698 καὶ
2671 2642 2771 2714 τὴν
2804 2641 3007 2705 αἰτίαν,
3027 2639 3094 2693 δι’
3117 2640 3185 2709 ἢν
3205 2636 3382 2691 ταῦτα
3403 2637 3501 2705 γέ-

1904 2754 2063 2807 γονεν
2087 2735 2283 2800 οὕτως.
2329 2735 2550 2804 Ἐπειδὴ
2580 2733 2690 2805 γὰρ
2717 2735 2776 2786 ὲν
2796 2735 2863 2804 τῇ
2891 2731 3054 2801 σοφίᾳ
3077 2729 3173 2784 τοῦ
3207 2727 3369 2792 θε⁰ὖ’
3395 2742 3504 2797 qm"

1908 2830 2013 2895 σίν,
2041 2828 2144 2881 οὐκ
2175 2827 2319 2896 ἔγνω
2358 2828 2386 2880 0
2423 2825 2634 2896 κόσμος
2665 2825 2756 2879 διὰ
2782 2823 2884 2894 τῆς
2929 2823 3123 2892 σοφίας
3164 2821 3257 2874 τὸν
3282 2819 3435 2882 Θεὸν,
3475 2819 3506 2872 0

1908 2915 2144 2989 σταυρὸς
2183 2915 2379 2984 ἐφάνη.
2447 2913 2513 2966 Τί
2567 2912 2623 2965 δέ
2674 2913 2846 2976 ἐστιν,
2907 2911 3013 2965 Ἐν
3057 2909 3135 2978 τῇ
3169 2909 3358 2978 σοφίᾳ
3397 2907 3507 2962 τοῦ

1911 3009 2096 3071 Θεοῦ;
2121 3008 2202 3079 Τῇ
2233 3006 2322 3060 διὰ
2354 3004 2466 3059 τῶν
2506 3003 2684 3076 ἔργων
2715 3002 3042 3074 φαινομένῃ,
3071 3001 3138 3054 δι’
3166 2994 3241 3054 ὧν
3274 3000 3509 3070 ὴθέλησε

1910 3097 2304 3170 γνωρισθῆναι.
2336 3095 2437 3149 Διά
2464 3094 2624 3148 τοῦτο
2645 3095 2755 3164 7&9
2792 3093 2934 3148 αύτά
2973 3093 3072 3146 καὶ
3113 3089 3342 3146 τοιαῦτα
3375 3108 3511 3145 κατ-

1911 3187 2229 3254 εσκεύασεν,
2258 3188 2347 3240 ἵνα
2371 3184 2654 3254 ἀναλόγως
2681 3186 2746 3237 ἐκ
2763 3183 2872 3238 τῶν
2902 3183 3200 3255 ὁρωμένων
3227 3185 3257 3236 0
3283 3183 3514 3254 ποιητὴς

1913 3279 2284 3350 θαυμάζηται.
2321 3276 2512 3344 Μέγας
2542 3277 2570 3328 0
2613 3273 2863 3345 οὐρανὸς,
2892 3273 2990 3327 καὶ
3032 3271 3447 3343 ἀπειροπληθὴς
3478 3272 3514 3341 ἡ

1913 3370 2022 3441 γῆ’
2075 3367 2357 3438 θαύμασον
2401 3366 2582 3419 τοίνυν
2623 3365 2716 3417 τὸν
2765 3363 3131 3434 πεποιηκότα.
3174 3363 3284 3417 Καὶ
3330 3363 3441 3434 γὰρ
3487 3362 3517 3415 0

1919 3461 2094 3532 μέγας
2121 3453 2276 3522 οὗτος
2318 3459 2378 3512 οὐ
2418 3458 2580 3528 μόνον
2622 3456 2842 3525 ἐγένετο
2871 3455 2965 3508 ὑπ’
2998 3455 3190 3520 αὐτοῦ,
3240 3455 3380 3508 ἀλλά
3423 3457 3520 3509 καὶ

1921 3551 2038 3622 μετ’
2066 3549 2340 3614 εὐκολίας,
2377 3547 2474 3602 καὶ
2507 3550 2536 3616 ἡ
2565 3547 2796 3618 ἄπειρος
2824 3545 3009 3616 ἐκείνη
3039 3545 3114 3616 γῆ
3147 3547 3243 3600 καὶ
3266 3546 3404 3618 αὑτὴ
3441 3544 3521 3609 ὡς

1917 3642 2071 3696 οὐδὲν
2119 3641 2422 3712 παρήγετο.
2459 3639 2557 3692 Διά
2585 3637 2743 3692 τοῦτο
2781 3638 2913 3709 περί
2951 3637 3051 3708 μὲν
3078 3637 3290 3691 ἐκείνου
3327 3638 3518 3707 φησὶν,

1918 3736 2001 3788 ὅτι
2037 3735 2216 3803 Ἔργα
2259 3731 2380 3786 τῶν
2411 3731 2731 3785 δακτύλων
2773 3730 2892 3784 σού
2935 3732 3094 3784 εἰσιν
3144 3732 3198 3784 οί
3227 3729 3520 3798 οὐρανοί·

1922 3827 2050 3899 περί
2076 3826 2134 3880 δὲ
2172 3826 2272 3896 τῆς
2317 3825 2442 3895 γῆς,
2497 3822 2560 3876 Ὀ
2595 3820 2860 3889 ποιήσας
2889 3821 3007 3889 τὴν
3050 3819 3167 3892 γῆν
3196 3821 3278 3888 ὡς
3318 3820 3524 3876 οὐδέν.

1936 3917 2090 3972 Ἐπεί
2113 3913 2206 3970 οὖν
2234 3914 2323 3968 διὰ
2352 3915 2452 3983 τῆς
2476 3911 2669 3982 σοφίας
2689 3910 2894 3980 ταύτης
2923 3905 3026 3964 οὐκ
3056 3909 3293 3979 ἠθέλησε
3325 3908 3528 3979 γνωρί-

1926 4027 2018 4064 σαι
2047 4008 2138 4062 τὸν
2167 4005 2321 4070 Θεὸν,
2349 4004 2440 4056 διὰ
2465 4003 2565 4073 τῆς
2591 4000 2858 4070 δοκούσης
2881 3999 3096 4070 μωρίας
3125 3996 3268 4052 εἶναι
3295 3999 3392 4051 τοῦ
3421 4016 3527 4069 κη-

1930 4101 2208 4174 ρύγματος
2254 4096 2492 4156 ἔπεισεν,
2540 4093 2603 4146 ού
2644 4091 2734 4145 διὰ
2782 4091 3084 4162 λογισμῶν,
3118 4089 3256 4143 ἀλλά
3299 4088 3391 4142 διὰ
3427 4090 3530 4160 τῆς

1929 4193 2190 4253 πίστεως.
2230 4187 2431 4242 Λοιπὸν
2457 4186 2591 4239 ὅπου
2619 4182 2782 4252 σοφία
2824 4181 2984 4248 Θεοῦ,
3013 4179 3196 4235 οὐκέτι
3225 4180 3389 4252 χρεία
3434 4181 3532 4233 ἀν-

1931 4282 2232 4354 θρωπίνης.
2282 4279 2356 4331 Τὸ
2399 4275 2500 4348 μὲν
2533 4274 2645 4345 γὰρ
2672 4274 2871 4340 εἰπεῖν,
2906 4273 2990 4325 δτι
3020 4271 3110 4325 τὸν
3141 4271 3406 4324 κτίσαντα
3437 4269 3532 4326 τὸν

1934 4373 2052 4447 {26]
2082 4371 2288 4440 κόσμον
2315 4369 2406 4422 τὸν
2430 4366 2689 4421 τοσοῦτον
2714 4365 2809 4418 καὶ
2833 4363 2979 4418 οὓτω
3008 4363 3203 4434 μέγαν,
3229 4362 3363 4415 Θεὸν
3391 4356 3533 4415 εἷναι

1933 4462 2080 4526 εἰκὸς
2108 4461 2335 4531 δύναμιν
2364 4457 2648 4530 ἀμήχανόν
2682 4473 2808 4511 τινα
2846 4455 3040 4526 ἔχοντα
3070 4454 3165 4508 καὶ
3190 4453 3532 4524 ἀπόρρητον,

1937 4552 2132 4622 σοφίας
2175 4549 2525 4622 ἀνθρωπίνης
2568 4546 2883 4616 λογίζεσθαι
2921 4541 3020 4618 ἦν,
3063 4545 3158 4599 καὶ
3194 4542 3284 4597 διὰ
3327 4540 3536 4595 τούτων

1936 4644 2101 4698 αὐτὸν
2127 4641 2602 4713 καταλαμϐάνεινσ
2634 4638 2730 4693 νῦν
2763 4639 2819 4692 δὲ
2851 4637 3035 4692 οὐκέτι
3071 4634 3372 4706 λογισμῶν,
3400 4633 3538 4687 ἀλλά

1939 4737 2178 4796 πίστεως
2212 4735 2294 4788 δεῖ
2321 4735 2508 4804 μόνης.
2546 4732 2620 4785 Τὸ
2642 4731 2751 4802 γὰρ
2781 4731 2864 4793 εἰς
2901 4729 2992 4783 τὸν
3022 4727 3408 4798 σταυρωθέντα
3439 4725 3539 4779 καὶ

1938 4827 2181 4898 ταφέντα
2213 4825 2495 4878 πιστεύειν
2535 4823 2634 4877 καὶ
2680 4820 3230 4892 πεπληροφορῆσθαι,
3271 4820 3354 4872 ὅτι
3382 4812 3541 4884 οὗτος

1941 4918 2103 4980 αὐτὸς
2135 4917 2230 4972 καὶ
2262 4917 2464 4986 ἀνέστη
2492 4916 2590 4970 καί
2619 4916 2732 4970 ἄνω
2764 4913 3023 4984 κάθηται,
3055 4911 3215 4966 τοῦτο
3255 4911 3449 4980 σοφίας
3475 4912 3540 4965 ού

1941 5010 2114 5063 δεῖται
2142 5007 2264 5062 οὐδὲ
2278 5005 2580 5077 λογισμῶν,
2601 5005 2738 5057 ἀλλά
2765 5005 3028 5066 πίστεως.
3061 5001 3177 5057 Καὶ
3199 5001 3309 5070 7&9
3337 5001 3386 5053 οἱ
3411 5000 3542 5054 ἀπόσ

1945 5102 2122 5156 στολοι
2158 5101 2218 5155 ού
2262 5101 2428 5171 σοφίᾳ
2475 5099 2803 5173 προσῆλθον,
2845 5096 2982 5151 ἀλλά
3016 5097 3219 5162 πίστει,
3253 5094 3348 5147 καὶ
3384 5093 3543 5162 γεγό-

1945 5212 2070 5249 νασι
2097 5194 2208 5248 τῶν
2241 5193 2347 5258 ἔξω
2380 5193 2559 5262 σοφῶν
2590 5189 2892 5261 σοφώτεροι
2929 5189 3025 5243 καὶ
3059 5187 3404 5259 ὑψηλότεροι,
3450 5185 3545 5238 καὶ

1949 5286 2188 5356 τοσούτῳ
2223 5285 2450 5356 μᾶλλον,
2480 5285 2590 5355 ὅσῳ
2620 5282 2712 5337 τοῦ
2743 5281 3042 5354 λογισμοὺς
3071 5282 3243 5335 κινεῖν
3272 5279 3334 5333 τὸ
3362 5279 3546 5332 πίστει

1946 5381 2013 5434 τὰ
2047 5379 2140 5432 τοῦ
2169 5377 2307 5432 Θεοῦ
2331 5377 2584 5448 δέχεσθαι
2629 5375 2813 5446 μεῖζον
2831 5391 2846 5408 ο
2875 5373 3034 5427 τοῦτο
3053 5373 3162 5443 7&9
3195 5369 3547 5443 ἀνθρωπίνην

1952 5471 2275 5543 ὑπερϐαίνει
2309 5470 2572 5524 διάνοιαν.
2605 5468 2732 5530 Πῶς
2774 5468 2830 5521 δέ
2865 5465 3118 5521 ἀπώλεσε
3149 5452 3249 5536 τὴν
3302 5461 3544 5532 σοφίαν;

1952 5563 2053 5619 Διά
2082 5562 2298 5617 Παύλου
2329 5561 2425 5615 καί
2452 5560 2561 5614 τῶν
2581 5559 2841 5613 τοιούτων
2863 5554 3188 5629 γνωρισθεὶς
3217 5555 3370 5624 ἡμῖν,
3407 5551 3546 5605 ἔδει·

1954 5657 2043 5724 ξεν
2091 5657 2265 5726 αὐτὴν
2301 5650 2468 5709 οὖσαν
2501 5652 2760 5722 ἀνόνητον
2793 5651 2845 5704 ι’.
2881 5649 3026 5721 Πρὸς
3057 5646 3168 5716 7&9
3199 5645 3261 5698 τὸ
3292 5641 3547 5710 δέξασθαι

1953 5749 2014 5805 τὸ
2046 5749 2314 5821 κήρυγμα
2348 5747 2410 5801 τὸ
2452 5745 2808 5815 εύαγγελικὸν
2837 5742 2963 5797 οὔτε
2991 5744 3021 5797 ὁ
3061 5739 3224 5808 σοφὸς
3255 5737 3546 5808 ὠφελεῖταί

1954 5861 2008 5897 τι
2041 5841 2196 5912 παρά
2233 5840 2332 5910 τῆς
2361 5839 2576 5908 σοφίας,
2607 5837 2732 5891 οὗτε
2763 5839 2791 5890 0
2819 5834 3034 5905 ἰδιώτης
3069 5831 3276 5902 ἐϐλάϐη
3310 5849 3362 5884 τι
3396 5829 3550 5903 παρὰ

1955 5935 2055 6004 τῆς
2095 5929 2367 6001 ἀμαθίας’
2403 5928 2519 5982 ἀλλ’
2560 5929 2609 5982 εί
2647 5925 2728 5981 δεῖ
2772 5943 2823 5980 τι
2865 5924 2958 5980 καὶ
2994 5921 3312 5992 θαυμαστὸν
3343 5920 3546 5982 εἰπεῖν,

2025 6087 2050 6124 ι’
2063 6084 2220 6143 Alius,
2242 6083 2460 6143 ἀνόητον.
