4086 6456
593 418 662 473 35
1287 417 1345 472 S.
1383 415 1668 474 JOANNIS
1702 412 2194 472 CHRYSOS'IOMI
2233 415 2556 474 ARCHIEP.
2601 420 3152 478 CONSTANTINOP.
3831 419 3912 472 56

600 533 802 604 μᾶλλον
846 532 1101 599 ίδιωτεία,
1144 531 1178 604 ἢ
1216 533 1376 602 σοφία
1407 534 1544 605 πρὸς
1572 535 1671 606 τὴν
1713 534 1978 606 ὑποδοχήν
2021 535 2169 588 ἐστιν

597 617 904 686 ἐπιτήδειον
946 616 1040 670 καὶ
1097 615 1482 685 εὐκολώτερον.
1544 617 1601 670 'O
1641 616 1750 688 7&9
1821 617 2028 688 ποιμὴν
2076 615 2169 670 καὶ

595 698 855 771 ἄγροικος
908 698 1112 770 ταύτην
1163 699 1352 752 θᾶττον
1396 699 1733 766 ὑποδέξεται,
1778 699 2032 764 καθάπαξ
2073 699 2168 752 καὶ

595 782 723 846 τοὺς
744 781 1037 852 λογισμοὺς
1059 780 1457 846 καταστέλλων,
1492 782 1586 836 καὶ
1608 781 1686 853 τῷ
1707 783 1954 856 Δεσπότῃ
1979 783 2170 835 ἐαυτὸν

595 866 946 936 παραδιδούς.
1005 864 1160 918 Οὕτω
1223 865 1405 919 τοίνυν
1458 865 1558 937 τὴν
1614 867 1806 935 σοφίαν
1867 867 2166 920 ἀπώλεσεν.

610 948 828 1018 Ἐπειδὴ
855 948 964 1017 7&9
995 947 1235 1018 προτέρα
1278 947 1477 1018 ἑαυτὴν
1513 949 1802 1013 κατέϐαλε,
1841 949 1979 1020 πρὸς
2018 949 2171 1003 οὑδέν

597 1030 845 1102 χρησίμη
876 1029 1061 1084 λοιπόν
1087 1031 1257 1083 ἐστιν.
1286 1030 1417 1083 Ὅτε
1454 1029 1564 1102 γάρ
1600 1031 1707 1085 ἐδει
1743 1032 1812 1086 τά
1845 1032 2046 1102 ἑαυτῆς
2074 1031 2172 1085 αὑ-

595 1114 697 1182 τὴν
729 1112 1064 1176 ἐνδείξασθαι
1091 1113 1300 1167 καὶδιά
1329 1113 1439 1167 τῶν
1469 1113 1650 1184 ἔργων
1687 1115 1814 1168 ίδεῖν
1841 1113 1934 1168 16v
1963 1114 2171 1167 Δεσπό-

595 1214 716 1267 την,
750 1197 850 1250 οὐκ
883 1196 1137 1267 ἠθέλησε.
1177 1197 1276 1251 Διά
1311 1196 1489 1263 τοῦτο,
1533 1196 1635 1251 κᾶν
1668 1197 1796 1269 θέλῃ
1825 1197 1922 1250 νῦν
1958 1199 2168 1250 ἐπεισα-

596 1280 784 1347 γαγεῖν
809 1278 1026 1349 ἑαυτὴν,
1057 1280 1120 1334 οὐ
1147 1279 1374 1333 δύναται
1398 1295 1410 1307 ·
1434 1280 1494 1332 ού
1515 1279 1624 1350 γὰρ
1655 1281 1878 1334 τοιαῦτα
1901 1279 1970 1334 τὰ
1995 1279 2175 1351 πράγ-

598 1379 744 1432 ματα
765 1379 779 1392 ·
811 1364 845 1433 ἡ
880 1363 989 1434 γὰρ
1019 1362 1137 1427 ὁδὸς
1175 1365 1208 1434 ὴ
1244 1365 1344 1436 τῆς
1387 1364 1718 1433 θεογνωσίας
1759 1364 1941 1434 πολλῷ
1970 1364 2173 1434 μείζων

595 1443 810 1514 ἐκείνης
839 1444 999 1514 αὕτη.
1048 1446 1147 1500 Διά
1179 1463 1261 1499 τοι
1302 1445 1460 1499 τοῦτο
1502 1447 1738 1510 πίστεως
1782 1447 1877 1500 καί¹
1915 1447 2174 1516 ἀφελείας

595 1529 778 1598 χρεία,
814 1530 908 1583 καὶ
932 1529 1137 1600 ταύτην
1162 1529 1437 1600 πανταχοῦ
1470 1531 1652 1601 ζητεῖν
1681 1530 1782 1597 δεῖ,
1808 1532 1906 1602 ’καὶ
1926 1533 2024 1602 τῆς
2050 1531 2175 1598 ἔξω·

597 1613 689 1666 θεν
719 1614 988 1684 προτιμᾷν
1014 1613 1208 1682 σοφίας
1230 1629 1244 1644 ’
1291 1613 1590 1683 Ἐμώρανε
1611 1614 1719 1686 7&9
1748 1617 1780 1668 ὁ
1812 1615 1979 1681 Θεὸς,
2011 1615 2172 1684 φησὶ,

596 1695 712 1763 τὴν
749 1697 993 1764 σοφίαν.
1026 1696 1090 1748 Τί
1118 1697 1174 1750 δέ
1219 1697 1387 1760 ἐστιν,
1432 1695 1767 1765 Ἐμώρανε;
1797 1698 2002 1768 Μωράν
2036 1697 2174 1749 ἔδει-

598 1776 689 1843 ξεν
717 1774 881 1831 οὖσαν
906 1779 1042 1848 πρὸς
1067 1777 1165 1850 τὴν
1197 1778 1300 1848 τῆς
1329 1777 1564 1841 πίστεως
1593 1779 1916 1848 κατάληψιν.
1957 1779 2172 1849 Ἐπειδὴ

595 1865 706 1931 7&9
729 1861 871 1932 μέγα
893 1862 1152 1932 ἐφρόνουν
1183 1862 1270 1914 ἐπ’
1298 1861 1456 1932 αὐτῇ,
1496 1861 1722 1931 ῆλεγξεν
1748 1861 1916 1931 αὐτὴν
1941 1861 2169 1931 ταχέως.

598 1943 735 1997 Ποία
762 1944 870 2014 7&9
900 1943 1083 2012 σοφία,
1127 1945 1257 1998 ὅταν
1293 1943 1356 1996 16
1387 1943 1678 2012 κεφάλαιον
1707 1943 1813 1996 τῶν
1847 1943 2068 2011 ἀγαθῶν
2098 1943 2174 2015 μὴ

597 2022 858 2092 εὑρίσκῃ;
917 2023 1172 2093 Ἐποίησε
1221 2023 1404 2077 τοίνυν
1448 2022 1680 2092 φανῆναι
1729 2022 1942 2092 μωράν,
1986 2021 2173 2092 ἐπειδὴ

598 2101 799 2169 ἑαυτὴν
824 2101 1006 2167 ἐκείνη
1031 2101 1223 2172 πρώτη
1261 2101 1508 2172 ῆλεγξεν.
1543 2104 1606 2155 El
1638 2101 1749 2173 7&9
1774 2103 1863 2154 ὅτε
1893 2101 2175 2172 λογισμοῖς

595 2180 664 2256 ἦν
698 2186 896 2256 εὑρεῖν,
935 2186 1086 2239 οὐδὲν
1122 2186 1310 2251 ἔδειξε,
1353 2185 1448 2240 νῦν
1475 2186 1564 2239 ὅτε
1597 2185 1818 2256 μείζονα
1848 2185 2075 2256 φέρεται
2105 2185 2178 2238 τὰ

597 2263 921 2334 πράγματα,
959 2263 1079 2326 πῶς
1114 2264 1309 2318 ἀνῦσαί
1356 2281 1409 2317 τι
1459 2265 1768 2335 δυνήσεται,
1814 2264 1904 2316 ὅτε
1945 2264 2177 2327 πίστεως

597 2347 759 2417 χρεία
796 2347 982 2418 μόνης,
1016 2347 1108 2400 καὶ
1130 2348 1252 2419 οὑχ)¹
1275 2348 1606 2417 δεινότητος;
1645 2345 1853 2418 Μωράν
1878 2346 2056 2400 τοίνυν
2078 2347 2180 2400 αὑ-

595 2429 694 2500 τὴν
733 2428 933 2492 ἔδειξεν
960 2431 988 2482 6
1022 2429 1184 2493 Θεός·
1222 2430 1490 2500 ηύδόκησε
1512 2429 1568 2481 δέ
1595 2427 1682 2482 διὰ
1707 2430 1805 2497 τῆς
1839 2429 2050 2502 μωρίας
2081 2428 2173 2482 τοῦ

596 2505 952 2578 κηρύγματος
983 2506 1178 2570 σῶσαι,
1209 2508 1421 2578 μωρίας
1449 2507 1507 2559 δέ
1544 2507 1665 2575 οὑχ).
1693 2505 1794 2575 τῆς
1823 2504 2010 2576 οὖσης,
2040 2505 2175 2560 ἀλλά

593 2585 695 2656 τῆς
736 2581 878 2638 εἶναι
905 2584 1188 2656 δοκούσης.
1230 2587 1304 2639 Τὸ
1336 2585 1447 2656 γὰρ
1475 2585 1658 2656 μεῖζον
1692 2585 1852 2638 τοῦτό
1880 2588 2049 2650 ἐστιν,
2091 2587 2174 2639 ὅτι

592 2668 694 2738 οὐχ
717 2667 910 2738 ἐτέραν
949 2668 1144 2737 σοφίαν
1176 2668 1434 2739 τοιαύτην
1457 2669 1674 2738 ἐκείνης
1701 2667 1923 2722 πλείονα
1959 2671 2176 2737 είσαγα-

593 2748 730 2816 γὼν,
754 2749 893 2804 ἀλλά
925 2751 1028 2821 τὴν
1057 2749 1316 2805 δοκοῦσαν
1340 2745 1482 2804 εῖναι
1514 2749 1746 2822 μωρίαν,
1782 2749 1928 2804 οὑτω
1959 2751 2176 2822 περιγέ-

592 2847 742 2900 γονε.
782 2835 894 2886 Καὶ
927 2833 1035 2904 γὰρ
1085 2834 1351 2887 Πλάτωνα
1391 2832 1671 2898 ἐξέϐαλεν,
1715 2833 1838 2903 οὑχὶ
1879 2833 1948 2886 δι’
1983 2833 2172 2904 ἐτέρου

595 2913 888 2984 φιλοσόφου
918 2915 1254 2986 σοφωτέρου,
1283 2914 1420 2969 ἀλλά
1441 2913 1530 2968 διά
1556 2914 1752 2979 ἁλιέως
1775 2915 2043 2986 ἀμαθοῦς.
2073 2915 2174 2969 Οὖο

593 3015 672 3052 τω
704 2998 812 3069 γὰρ
854 2997 1040 3067 γέγονε
1075 2999 1278 3068 μείζων
1323 2999 1356 3069 ἡ
1399 2993 1559 3068 ἧττα,
1601 2998 1698 3052 καὶ
1741 2999 2097 3071 λαμπροτέρα
2135 3001 2169 3070 ἡ

593 3080 742 3150 νίκη.
778 3076 912 3132 Εἶτα
949 3080 1165 3144 δεικνὺς
1191 3081 1284 3134 τοῦ
1313 3080 1547 3150 σταυροῦ
1573 3080 1671 3152 τὴν
1702 3081 1952 3154 δύναμιν,
1976 3083 2170 3154 φησίν⁶

607 3165 848 3232 Ἐπειδὴ
875 3164 973 3218 καί
993 3168 1048 3219 οί
1095 3165 1363 3221 Ἰουδαῖοι
1391 3165 1609 3232 σημεῖα
1637 3166 1894 3230 αίτοῦσι,
1915 3169 2014 3221 καί
2042 3167 2175 3221 Ἔλ-

591 3253 778 3315 .2ηνες
825 3250 1052 3318 σοφίαν
1096 3248 1376 3316 ζητοῦσιν
1400 3265 1414 3280 ·
1450 3251 1620 3318 ἡμεῖς
1665 3249 1735 3303 δὲ
1785 3251 2174 3319 κηρύσσομεν

593 3331 855 3398 Χριστὸν
883 3331 1360 3400 ἐσταιιρωμένον,
1404 3332 1711 3398 Ἰουδαίοις
1748 3333 1866 3402 μὲν
1906 3332 2173 3387 σκάνδα-

593 3417 727 3478 λον,
757 3415 1017 3481 Ἕλλησι
1064 3414 1134 3468 δὲ
1155 3416 1408 3483 μωρίαν,
1437 3415 1643 3482 αὐτοῖς
1668 3416 1735 3468 δὲ
1762 3416 1889 3481 τοῖς
1928 3417 2173 3483 κλητοῖς

607 3497 920 3562 Ἰουδαίοις
947 3514 1010 3550 τε
1032 3498 1131 3551 καί
1156 3498 1415 3567 Ἕλλησι
1446 3499 1705 3567 Χριστὸν
1737 3499 1885 3553 Θεοῦ
1915 3499 2174 3569 δύναμιν

594 3580 693 3633 καὶ
731 3579 880 3633 Θεοῦ
903 3581 1150 3649 σοφίαν.
1551 3605 1558 3612 ·

661 3701 731 3763 γ’.
767 3693 881 3766 [27]
910 3695 1085 3766 Πολλὴ
1108 3694 1215 3748 τῶν
1235 3694 1540 3765 εἰρημένων
1566 3697 1598 3766 ἡ
1633 3695 1866 3758 σύνεσις.
1889 3696 2042 3750 Θέλει
2066 3698 2174 3770 7&9

595 3779 793 3842 εἰπεῖν,
815 3777 935 3840 πῶς
963 3778 1051 3831 διὰ
1077 3779 1187 3831 τῶν
1219 3780 1478 3832 ἐναντίων
1517 3781 1818 3852 ἐκράτησεν
1843 3785 1871 3836 6
1895 3782 2048 3846 Θεὸς,
2081 3784 2174 3836 καὶ

595 3859 716 3923 πῶς
739 3861 839 3912 οὑκ
867 3861 1016 3914 ἐστιν
1053 3859 1391 3931 ἀνθρώπινον
1414 3862 1474 3915 16
1494 3865 1563 3933 κὴ
1575 3880 1778 3934 ρυγμα.
1825 3866 1889 3918 Ὃ
1910 3864 1966 3917 δὲ
2005 3865 2171 3932 λέγει,

595 3943 834 3996 τοιοῦτόν
855 3945 1028 3997 ἐστιν’
1057 3944 1227 3998 Ὅταν
1256 3943 1526 4016 εἴπωμεν,
1553 3947 1736 4017 φησὶν,
1755 3947 2046 4010 Ἰουδαίοις,
2073 3949 2173 4000 Πι-

596 4025 878 4091 στεύσατε,
931 4025 1202 4096 λέγουσιν,
1257 4028 1620 4100 Ἀναστήσατε
1659 4032 1904 4103 νεκροὺς,
1947 4031 2173 4086 ίάσασθε

591 4108 959 4180 δαιμονῶντας
981 4149 998 4174 ,
1047 4109 1258 4177 δείξατε
1297 4113 1430 4182 ἡμῖν
1471 4117 1693 4184 σημεῖα.
1747 4115 1935 4185 Ἡμεῖς
1960 4117 2018 4169 δέ
2049 4117 2173 4170 ἀντὶ

592 4191 798 4247 τούτων
826 4194 880 4246 τί
925 4191 1154 4263 λέγομεν
1181 4213 1195 4262 ;
1230 4197 1352 4250 Ὀτι
1381 4196 1704 4268 ἐσταυρώθη
1725 4199 1822 4252 καὶ⁹
1841 4199 2113 4253 ἀπέθανεν
2141 4202 2170 4252 6

595 4276 1016 4346 κηρυττόμενος.
1036 4276 1204 4330 Τοῦτο
1236 4277 1294 4331 δέ
1329 4279 1510 4333 ἱκανὸν
1530 4281 1591 4333 οὑ
1619 4281 1778 4351 μόνον
1800 4283 1926 4345 τοὺς
1948 4283 2024 4353 μὴ
2047 4282 2169 4352 βου-

593 4357 853 4429 λομένους
878 4359 952 4430 μὴ
986 4360 1330 4429 ἐφέλκεσθαι,
1365 4362 1500 4414 ἀλλά
1531 4363 1625 4415 καὶ
1654 4365 1778 4428 τοὺς
1809 4364 2170 4434 βουλομένους

591 4440 1060 4512 διακρούσασθαι’
1114 4443 1229 4496 ἀλλ’
1279 4445 1428 4513 ὅμως
1479 4444 1541 4497 ού
1599 4445 1978 4519 διακρούεται,
2034 4449 2170 4504 ἀλλά

591 4525 881 4594 ἐφέλκεται
907 4526 1001 4578 καὶ
1023 4529 1218 4596 κρατεῖ
1244 4526 1338 4580 καὶ
1369 4529 1730 4597 περιγίνεται.
1763 4530 1931 4585 Πάλιν
1969 4533 2170 4604 ’Έλλη-

591 4625 682 4671 νες
713 4608 1037 4661 ἀπαιτοῦσιν
1072 4611 1217 4680 ἡμᾶς
1248 4611 1536 4681 ῥητορείαν
1564 4612 1737 4680 λόγων
1769 4616 1862 4668 καὶ
1888 4616 2169 4688 δεινότητα

595 4690 946 4758 σοφισμάτων
965 4708 979 4722 σ
1010 4693 1174 4760 ἡμεῖς
1201 4691 1257 4745 δὲ
1281 4695 1375 4746 καὶ
1401 4693 1612 4758 τούτοις
1649 4699 1882 4768 σταυρὸν
1912 4699 2170 4770 κηρύττο-

595 4788 695 4845 μεν
715 4789 731 4804 ο
762 4774 856 4826 καὶ
893 4774 1032 4842 ὅπερ
1059 4775 1152 4827 ἐπὶ
1195 4776 1466 4830 Ἰουδαίων
1506 4777 1655 4831 δοκεῖ
1697 4779 1982 4845 ἀσθενείας
2005 4780 2166 4847 εῖναι,

591 4855 750 4914 τοῦτο
773 4858 867 4910 ἐπὶ
908 4858 1179 4928 Ἑλλήνων
1215 4861 1413 4931 μωρία.
1467 4861 1638 4916 Ὅταν
1676 4859 1767 4917 οὖν
1803 4867 1877 4936 μὴ
1926 4868 2087 4937 μόνον
2133 4869 2169 4924 ἃ

591 4941 804 4999 αἰτοῦσι
831 4942 906 5012 μὴ
939 4942 1290 5013 παρέχωμεν,
1333 4944 1470 4998 ἀλλὰ
1519 4947 1612 4999 καὶ
1640 4948 1859 5002 ἐναντία
1887 4944 1962 5004 ὧν
1993 4951 2170 5006 αἰτοῦ-

592 5038 678 5076 σιν
697 5039 712 5054 ⁸
741 5026 770 5078 6
795 5025 904 5094 7&9
933 5025 1163 5096 σταυρὸς
1199 5027 1259 5078 ού
1291 5027 1451 5096 μόνον
1480 5029 1542 5082 οὑ
1581 5029 1729 5083 δοκεῖ
1762 5037 1985 5103 σημεῖον
2027 5031 2168 5091 εἶναι

590 5106 733 5162 κατὰ
755 5107 1012 5179 λογισμὸν
1037 5110 1440 5180 ἐξεταζόμενον,
1477 5113 1612 5166 ἀλλά
1639 5115 1732 5168 καὶ
1757 5119 1985 5187 σημείου
2010 5122 2164 5175 ἀναί-

593 5209 777 5264 ρεσις”
806 5195 902 5246 καὶ
950 5193 1010 5246 ού
1055 5194 1213 5264 μόνον
1250 5197 1310 5248 οὐ
1353 5196 1502 5250 δοκεῖ
1541 5197 1822 5268 δυνάμεως
1870 5202 2165 5270 ἀπόδειξις,

589 5273 728 5331 ἀλλά
751 5275 846 5329 καὶ
887 5276 1172 5341 ἀσθενείας
1199 5278 1420 5350 ἐλεγχος
1450 5294 1464 5309 ⁶
1501 5281 1561 5333 οὑ
1597 5281 1757 5351 μόνον
1800 5283 1860 5336 ού
1901 5285 2050 5339 δοκεῖ
2089 5304 2166 5340 σο-

590 5357 719 5438 φίας
746 5357 1004 5424 ἐπίδειξις
1023 5355 1184 5425 εἶναι,
1209 5361 1345 5413 ἀλλά
1367 5363 1463 5415 καὶ
1486 5365 1695 5434 μωρίας
1718 5365 1980 5438 ὑπόληψις
2000 5385 2012 5396 ·
2039 5370 2167 5423 ὅταν

585 5436 680 5524 οὖν
716 5441 774 5524 Ϋοί
807 5444 1010 5512 σημεῖα
1062 5445 1157 5496 καὶ
1205 5444 1396 5514 σοφίαν
1444 5444 1734 5516 ζητοῦντες
1767 5448 1841 5521 μὴ
1876 5436 2049 5522 μόνον
2089 5453 2165 5524 μὴ

585 5521 934 5594 λαμϐάνωσιν
965 5524 1108 5596 ἆπερ
1146 5527 1412 5588 αἰτοῦσιν.
1458 5527 1594 5582 ἀλλά
1624 5531 1717 5584 καὶ
1748 5533 1815 5585 τά
1851 5535 2066 5588 ἐναντία
2090 5521 2164 5588 ὧν

586 5605 942 5678 ἐπιθυμοῦσιν
962 5607 1252 5674 ἀκούωσιν,
1271 5605 1389 5664 εἶτα
1407 5611 1495 5668 διά
1518 5614 1625 5666 τῶν
1651 5616 1905 5668 ἐναντίων
1929 5617 2162 5671 πείθων-

583 5705 696 5754 ται,
732 5689 848 5754 πῶς
871 5691 972 5744 οὐκ
1016 5689 1222 5761 ἄφατός
1267 5695 1413 5748 ἐστιν
1443 5696 1476 5766 ἠ
1508 5696 1600 5751 τοῦ
1636 5700 2041 5770 κηρυττομένου
2079 5701 2164 5756 δύο

583 5787 746 5842 ναμις
768 5791 786 5840 ς

657 5917 867 5991 Ὥσπερ
894 5920 961 5974 ἂν
999 5922 1055 5974 εί
1090 5941 1196 5977 τινι
1229 5927 1335 5979 τῶν
1368 5927 1847 6002 κλυδωνιζομένων
1884 5933 1978 5985 καὶ
2007 5933 2164 6005 λιμέ-

583 6017 671 6068 νος
699 6005 1109 6076 ἐπιθυμούντων
1141 6011 1216 6084 μὴ
1247 6010 1440 6084 λιμένα
1473 6013 1672 6082 δείξας,
1702 6017 1818 6072 ἀλλ’
1847 6017 2036 6089 ἕτερον
2065 6021 2161 6091 μέ-

2278 551 2369 605 ρος
2416 536 2512 590 τοῦ
2569 537 2839 606 πελάγους
2881 540 3234 612 ἀγριώτερον,
3285 537 3519 609 δυνηθῇς
3567 537 3842 607 ποιῆσαι
3877 548 3908 579 ο

2276 620 2416 688 μετὰ
2443 621 2663 691 χάριτος
2685 622 2911 678 ἕπεσθαι
2930 639 2943 652 ·
2996 623 3030 694 ἢ
3063 623 3245 691 ίατρδς
3271 621 3362 675 τὸν
3386 621 3768 693 τετρωμένον
3801 619 3914 673 καὶ

2273 702 2581 772 φαρμάκων
2613 703 2984 773 ἐπιθυμοῦντα
3016 705 3091 776 μὴ
3119 705 3208 758 διὰ
3235 705 3562 775 φαρμάκιον,
3601 701 3775 756 ἀλλὰ
3806 701 3912 755 διὰ

2266 784 2360 836 τοῦ
2391 785 2571 839 καίειν
2603 787 2766 840 πάλιν
2790 787 3258 858 ἐπαγγελλόμενος
3286 787 3413 857 ὑγιῆ
3453 789 3664 849 ποιεῖν,
3714 785 3909 854 £961-

2268 880 2415 918 κοιτο
2446 868 2582 936 πρὸς
2604 869 2791 922 ἐαυτὸν
2809 869 3074 941 (μεγάλης
3099 869 3206 939 7&9
3230 869 3388 921 τοῦτο
3406 866 3739 938 δυνάμεως)
3764 883 3777 893 ·
3801 865 3910 920 οὖ-

2266 964 2344 1000 τω
2370 950 2462 1002 καὶ
2493 951 2541 1002 οί
2566 953 2850 1007 ἀπόστολοι
2875 953 2935 1006 ού
2969 949 3129 1022 μόνον
3162 953 3221 1004 οὑ
3257 952 3285 992 ιι
3315 951 3403 1004 διά
3433 949 3704 1020 σημείου,
3744 949 3905 1004 ἀλλὰ

2268 1031 2361 1082 καὶ
2389 1031 2477 1084 διὰ
2503 1033 2825 1104 πράγματος
2848 1035 3132 1099 δοκοῦντος
3157 1035 3404 1088 ἐναντίου
3431 1028 3570 1088 εἶναι
3605 1036 3747 1096 τοῖς
3788 1050 3903 1102 ση-

2272 1111 2447 1181 μείοις
2478 1117 2878 1186 περιεγένοντο⁶
2912 1119 3050 1188 ὅπερ
3080 1117 3174 1171 καὶ
3218 1117 3311 1170 ἐπὶ
3359 1115 3453 1168 τοῦ
3498 1114 3727 1184 τυφλοῦ
3782 1132 3903 1167 πε-

2270 1195 2496 1265 ποίηκεν
2523 1199 2552 1250 6
2586 1200 2839 1269 Χριστός.
2871 1200 3204 1270 Βουλόμενος
3240 1199 3349 1269 γὰρ
3393 1199 3553 1252 αὑτὸν
3581 1197 3907 1267 θεραπεῦ-

2271 1294 2385 1342 σαι,
2408 1279 2497 1333 διὰ
2516 1281 2842 1351 πράγματος
2867 1285 3226 1346 ἐπιτείνοντος
3251 1283 3349 1353 τὴν
3371 1283 3625 1352 πήρωσιν
3663 1279 3902 1333 ἀνεῖλε·

2270 1362 2440 1433 πηλὸν
2472 1363 2580 1435 7&9
2613 1365 2903 1435 ἐπέθηκεν.
2943 1368 3155 1438 Ὠσπερ
3181 1361 3276 1420 οὖν
3303 1364 3392 1418 διά
3420 1364 3598 1434 πηλοῦ
3636 1362 3750 1416 τὸν
3789 1380 3904 1416 τυ-

2271 1445 2401 1514 φλδν
2449 1446 2835 1518 ἐθεράπευσεν,
2891 1447 3035 1502 οὕτω
3081 1449 3178 1502 καὶ
3235 1449 3335 1519 τὴν
3384 1448 3736 1516 οἰκουμένην
3802 1444 3909 1499 διὰ

2271 1527 2507 1601 σταυροῦ
2541 1531 2941 1601 προσηγάγετο-
2964 1533 3099 1602 ὅπερ
3121 1531 3407 1603 προσθήκη
3435 1527 3503 1601 ἦν
3532 1529 3901 1591 σκανδάλου,

2269 1609 2370 1664 οὐκ
2403 1611 2681 1682 ἀναίρεσις
2717 1613 3034 1668 σκανδάλου.
3065 1613 3221 1668 Οὕτω
3249 1613 3343 1667 καὶ
3373 1613 3468 1666 ἐπὶ
3493 1611 3594 1682 τῆς
3627 1611 3904 1672 κτίσεως

2270 1692 2514 1764 ἐποίησε,
2544 1694 2613 1748 τά
2637 1696 2855 1749 ἐναντία
2879 1697 2966 1750 διὰ
2991 1697 3098 1750 τῶν
3125 1696 3382 1750 ἐναντίων
3407 1693 3902 1756 κατασκευάζων.

2270 1776 2500 1846 Ψάμμῳ
2533 1776 2665 1844 γοῦν
2699 1778 2971 1832 θάλασσαν
2992 1779 3248 1849 ἐτείχισε,
3277 1778 3357 1849 τῷ
3383 1778 3600 1830 ἀσθενεῖ
3619 1778 3693 1829 16
3723 1779 3901 1845 ἰσχυ-

2273 1857 2366 1928 ρὸν
2412 1858 2738 1928 χαλινώσας·
2773 1861 2927 1914 ὕδατι
2979 1862 3082 1931 γῆν
3116 1861 3373 1932 ἐπέθηκε,
3406 1859 3483 1930 τῷ
3524 1860 3728 1931 χαύνῳ
3793 1857 3904 1913 καὶ

2271 1938 2578 2013 διαῤῥέοντι
2624 1943 2685 1994 16
2715 1941 2855 2015 βαρὺ
2915 1945 3008 1997 καὶ
3050 1943 3256 1997 πυκνὸν
3307 1942 3623 2012 ἐποχεῖσθαι
3690 1958 3902 2011 παρα-

2273 2023 2568 2085 σκευάσας.
2599 2023 2699 2078 Διά
2735 2025 2844 2079 τῶν
2873 2026 3168 2097 προφητῶν
3195 2025 3362 2079 πάλιν
3384 2025 3527 2093 ξύλῳ
3565 2023 3776 2095 μικρῷ
3813 2021 3909 2074 σίο-

2271 2104 2434 2175 δηρον
2464 2106 2851 2177 ἐμετεώρισεν.
2887 2108 3044 2162 Οὕτω
3071 2109 3135 2180 δὴ
3165 2110 3260 2163 καὶ
3289 2107 3510 2178 σταυρῷ
3543 2109 3646 2178 τὴν
3685 2111 3894 2160 οἰκου-

2276 2189 2444 2259 μένην
2477 2190 2847 2246 ἐπεσπάσατο.
2881 2193 3094 2264 Ὥσπερ
3143 2194 3252 2263 7&9
3300 2191 3362 2246 16
3414 2191 3560 2262 ὕδωρ
3600 2189 3898 2261 βαστάζει

2272 2271 2371 2341 τὴν
2391 2275 2516 2342 γῆν,
2547 2271 2692 2327 οὕτω
2720 2274 2815 2328 καίΙ
2851 2275 2881 2327 ὁ
2911 2275 3143 2345 σταυρὸς
3171 2274 3432 2345 βαστάζει
3473 2273 3572 2344 τὴν
3598 2273 3894 2342 οίκουμέ-

2271 2372 2392 2425 νην.
2425 2355 2687 2425 Μεγάλης
2718 2357 2896 2412 τοίνυν
2926 2359 3208 2428 δυνάμεως
3233 2358 3326 2413 καὶ
3356 2357 3548 2426 σοφίας
3583 2357 3898 2421 ἀπόδειξις

2270 2437 2331 2490 16
2382 2437 2470 2490 διὰ
2511 2438 2621 2492 τῶν
2669 2439 2928 2494 ἐναντίων
2987 2441 3217 2496 πείθειν.
3264 2440 3378 2494 Καὶ
3419 2438 3529 2510 γὰρ
3559 2438 3900 2492 σκανδάλου

2272 2523 2510 2593 πρᾶγμα
2537 2524 2565 2577 6
2595 2523 2828 2595 σταυρὸς
2851 2519 2991 2578 εἶναι
3019 2523 3186 2590 δοκεῖ,
3214 2523 3332 2578 ἀλλ’
3350 2525 3500 2594 ὅμως
3525 2524 3586 2576 ού
3615 2521 3796 2593 μόνον
3823 2522 3892 2574 οὐ

2274 2603 2634 2670 σκανδαλίζει,
2670 2605 2807 2659 ἀλλά
2849 2606 2943 2660 καὶ
2973 2605 3280 2676 ἐφέλκεται.
3308 2605 3473 2659 Ταῦτ’
3509 2601 3603 2658 οὖν
3645 2605 3892 2658 ἅπαντα

2271 2688 2531 2759 ἐννοήσας
2585 2690 2614 2742 6
2665 2689 2876 2752 Παῦλος
2909 2690 3002 2744 καὶ
3035 2689 3352 2758 ἐκπλαγεὶς,
3399 2689 3608 2756 ἔλεγεν,
3672 2688 3768 2740 ὅτι
3808 2686 3887 2741 Τὸ

2266 2771 2471 2840 μωρὸν
2501 2771 2611 2825 τοῦ
2641 2771 2791 2826 Θεοῦ
2821 2772 3168 2841 σοφώτερον
3197 2771 3317 2826 τῶν
3341 2771 3674 2839 ἀνθρώπων
3713 2769 3886 2834 ἐστί,

2270 2853 2390 2927 [‘28]
2415 2853 2520 2907 καί
2558 2854 2624 2908 τὸ
2670 2856 2929 2922 ἀσθενὲς
2971 2855 3077 2910 τοῦ
3115 2855 3265 2910 Θεοῦ
3310 2856 3712 2925 ίσχυρότερον
3754 2852 3892 2906 τῶν

2271 2938 2602 3007 ἀνθρώπων
2629 2939 2781 2993 ἐστι·
2812 2940 2942 3010 περ)⁵
2968 2938 3063 2994 τοῦ
3100 2939 3337 3010 σταυροῦ
3376 2938 3551 3008 λέγων
3583 2939 3645 2992 τὸ
3680 2938 3889 3010 μωρὸν

2271 3021 2366 3074 καὶ
2403 3021 2467 3074 16
2498 3020 2748 3088 άσθενές,
2777 3021 2840 3075 ού
2867 3023 2929 3076 16
2957 3021 3039 3087 6v,
3067 3021 3207 3077 ἀλλά
3249 3023 3310 3076 16
3331 3021 3542 3075 δοκοῦν·
3579 3022 3729 3092 πρὸς
3763 3022 3884 3092 γὰρ

2269 3102 2368 3174 τὴν
2397 3103 2623 3158 ἐκείνων
2647 3103 2919 3175 ὑπόληψιν
2945 3105 3324 3176 ἀποκρίνεται.
3355 3106 3422 3159 Ὃ
3446 3104 3557 3175 γὰρ
3578 3105 3687 3158 οὐκ
3716 3105 3884 3174 ῐσχυ-

2271 3203 2371 3239 σαν
2403 3185 2685 3256 φιλόσοφοι
2727 3186 2817 3241 διὰ
2851 3185 2960 3241 τῶν
2993 3186 3369 3258 συλλογισμῶν
3417 3187 3663 3258 ποιῆσαι,
3708 3185 3888 3239 τοῦτο

2270 3271 2304 3339 ἡ
2325 3269 2560 3323 δοκοῦσα
2584 3265 2725 3324 εῐναι
2759 3269 2941 3341 μωρία
2978 3269 3308 3343 κατώρθωσε
3333 3287 3348 3335 ;
3379 3269 3477 3334 Τίς
3498 3266 3592 3324 οὖν
3622 3269 3882 3337 σοφώτε-

2269 3371 2462 3424 τερος;
2502 3355 2531 3406 6
2559 3353 2682 3416 τοὺς
2718 3353 2949 3418 πολλοὺς
2996 3353 3221 3419 πείθων,
3249 3354 3282 3425 ἢ
3313 3356 3342 3408 6
3375 3353 3612 3422 ὀλίγους,
3658 3351 3884 3424 μᾶλλον

2270 3435 2324 3488 δέ
2373 3435 2597 3500 ούδένα;
2624 3436 2654 3486 ὁ
2685 3435 2948 3507 περὶτῶν
2985 3436 3258 3506 μεγίστων
3300 3436 3524 3501 πείθων,
3575 3435 3608 3507 ῆ
3655 3438 3686 3489 6
3739 3433 3879 3507 περὶ

2270 3517 2379 3569 τῶν
2415 3517 2490 3588 μὴ
2519 3516 2748 3571 δεόντων
2774 3529 2836 3584 °;
2869 3519 3018 3572 Πόσα
3052 3519 3226 3590 ἐκαμε
3272 3518 3498 3572 Πλάτων
3523 3519 3617 3571 καὶ
3648 3518 3703 3570 οί
3746 3513 3882 3570 κατ’

2271 3600 2434 3652 αὑτὸν
2485 3600 2614 3671 περὶ
2667 3601 2936 3672 γραμμῆς
2979 3602 3075 3656 καὶ
3115 3602 3317 3670 γωνίας
3361 3602 3456 3654 καὶ
3489 3600 3732 3669 στιγμῆς
3777 3597 3876 3650 καὶ

2271 3682 2525 3753 ἀριθμῶν
2567 3683 2770 3754 ἀρτίων
2830 3685 2925 3737 καὶ
2973 3685 3266 3755 περιττῶν,
3296 3684 3391 3739 καὶ
3430 3685 3560 3737 ίσων
3605 3682 3876 3753 ἀλλήλοις

2271 3769 2366 3821 καὶ
2415 3768 2638 3827 ἀνίσων.
2679 3768 2775 3821 καὶ
2823 3768 2932 3823 τῶν
2981 3769 3242 3822 τοιούτων
3291 3767 3673 3838 διαλεγόμενος
3729 3765 3876 3836 ἡμῖν

2271 3851 2545 3922 ἀραχνίων
2563 3851 2680 3920 (καὶ
2703 3852 2810 3924 γὰρ
2838 3850 3310 3922 τῶν,ὑφασμάτων
3338 3850 3564 3904 ἐκείνων
3587 3847 3873 3921 ἀχρηστό-

2270 3952 2406 4006 τερα
2431 3933 2605 3988 ταῦτα
2625 3934 2704 4005 τῷ
2735 3935 2878 4004 βίῳ),
2906 3936 3002 3988 καὶ
3029 3935 3091 3988 οὐ
3129 3934 3324 4006 μέγαν,
3355 3934 3416 3987 ού
3454 3933 3650 4004 μικρὸν
3678 3931 3874 3985 ἐντεῦ-

2272 4019 2364 4073 θεν
2396 4019 2684 4089 ὠφελήσας
2715 4019 2858 4072 οὕτω
2903 4019 2997 4072 τὸν
3027 4018 3142 4089 βίον
3171 4018 3467 4072 κατέλυσεί
3502 4017 3643 4070 πόσα
3683 4017 3868 4084 ἔκαμε

2269 4102 2445 4169 δεῖξαι
2467 4102 2763 4173 ἐπιχειρῶν
2789 4102 2866 4165 ὼς
2893 4101 3161 4166 ἀθάνατος
3181 4104 3215 4172 ή
3249 4101 3418 4171 ψυχὴ,
3452 4101 3546 4153 καὶ
3573 4099 3728 4153 οὐδὲν
3763 4113 3868 4150 σα-

2273 4184 2371 4252 φές
2412 4183 2606 4250 είπὼν,
2657 4184 2778 4238 οὐδὲ
2806 4184 3003 4246 πείσας
3043 4183 3165 4238 τινὰ
3197 4183 3307 4237 τῶν
3347 4182 3652 4238 ἀκουόντων
3681 4179 3867 4239 οὕτως

2269 4268 2512 4339 ἀπῆλθεν
2538 4271 2551 4323 ί
2594 4269 2651 4322 Ὀ
2679 4267 2734 4320 δέ
2761 4271 2996 4340 σταυρὸς
3033 4267 3123 4322 διά
3147 4268 3372 4322 ίδιωτῶν
3393 4267 3600 4327 ἔπεισε,
3637 4265 3736 4318 καὶ
3761 4262 3872 4329 τὴν

2268 4352 2594 4424 οίκουμένην
2615 4353 2834 4406 ἃπασαν
2867 4353 3219 4407 ἐπεσπάσατο
3243 4352 3292 4414 δ,
3318 4351 3414 4406 καὶ
3436 4352 3535 4421 οὐχ
3563 4348 3706 4419 ὑπὲρ
3749 4345 3867 4400 τῶν

2267 4435 2540 4504 τυχόντων
2571 4435 2933 4506 πραγμάτων,
2961 4436 3097 4490 ἀλλά
3126 4437 3253 4508 περὶ
3274 4435 3409 4489 Θεοῦ
3430 4432 3734 4503 διαλεχθεὶς
3762 4428 3862 4483 καὶ

2266 4521 2367 4589 τῆς
2398 4518 2540 4572 κατά
2567 4519 2826 4590 ἀλήθειαν
2867 4519 3168 4583 εὐσεϐείας,
3219 4519 3314 4572 καὶ
3351 4518 3450 4586 τῆς
3492 4513 3862 4582 εύαγγελικῆς

2269 4601 2564 4666 πολιτείας,
2594 4605 2688 4656 καὶ
2719 4604 2818 4674 τῆς
2849 4603 2954 4656 τῶν
2987 4603 3288 4674 μελλόντων
3321 4601 3571 4672 κρίσεως
3598 4599 3694 4652 καὶ
3721 4597 3857 4652 πάν-

2264 4700 2364 4748 τας
2397 4685 2620 4756 ἐποίησε
2660 4685 3004 4756 φιλοσόφους,
3032 4686 3159 4748 τοὺς
3203 4683 3513 4754 ἀγροίκους,
3541 4681 3667 4743 τοὺς
3705 4677 3848 4732 ίδιώ-

2265 4785 2384 4832 τας.
2411 4771 2553 4840 Ὅρα
2589 4771 2706 4833 πῶς
2749 4769 2814 4823 16
2858 4770 3042 4841 μωρὸν
3088 4767 3185 4821 τοῦ
3213 4767 3349 4820 Θεοῦ
3394 4766 3701 4836 σοφώτερον
3744 4762 3858 4815 τῶν

2265 4851 2590 4923 ἀνθρώπων,
2623 4853 2799 4907 καὶτὸ
2827 4853 3053 4917 ἀσθενὲς
3084 4853 3449 4924 ἰσχυρότερον.
3481 4851 3604 4913 Πῶς
3632 4845 3854 4918 ἰσχυρό-

2264 4953 2462 5006 τερον;
2493 4939 2616 4990 Ὅτι
2641 4939 2741 5007 τὴν
2775 4937 3100 5008 οίκουμένην
3138 4936 3446 5007 ἐπέδραμεν
3476 4934 3714 4992 ἃπασαν,
3758 4928 3856 4982 καὶ

2265 5019 2476 5073 πάντας
2502 5020 2643 5072 κατά
2670 5019 2870 5090 κράτος
2895 5014 3030 5086 εἷλε,
3063 5021 3159 5073 καὶ
3191 5018 3401 5090 μυρίων
3430 5015 3854 5086 ἐπιχειρούντων

2267 5103 2458 5158 σϐέσαι
2487 5105 2582 5158 τοῦ
2617 5105 3022 5174 σταυρωθέντος
3043 5105 3106 5158 16
3123 5105 3316 5174 ὄνομα,
3343 5104 3650 5157 τούναντίον
3675 5097 3852 5165 ἐγένεο

2263 5202 2345 5240 το.
2378 5186 2550 5241 Τοῦτο
2579 5188 2678 5257 μὲν
2699 5188 2808 5258 γὰρ
2840 5189 3042 5259 ῆνθησε
3077 5189 3170 5242 καὶ
3208 5188 3481 5240 ἐπέδωκεν
3517 5185 3610 5236 ἐπὶ⁸
3641 5179 3849 5252 μεῖζον,

2263 5269 2460 5323 ἐκεῖνοι
2487 5271 2540 5323 δέ
2575 5269 2853 5325 ἀπώλοντο
2886 5273 2983 5326 καὶ
3013 5271 3412 5342 διεφθάρησαν,
3441 5267 3535 5322 καὶ
3563 5268 3612 5321 οἱ
3643 5265 3851 5330 ζῶντες

2263 5351 2341 5422 τῷ
2389 5354 2717 5426 νεκρωθὲντι
2769 5355 3153 5426 πολεμοῦντες,
3201 5354 3351 5408 οὐδὲν
3406 5353 3652 5422 ἴσχυσαν.
3681 5349 3847 5402 Ὥστε

2263 5436 2481 5491 ἐπειδὰν
2540 5438 2670 5510 εἴπῃ
2725 5456 2794 5510 με
2832 5440 3016 5511 μωρὸν
3065 5440 3094 5492 6
3135 5438 3357 5510 Ἕλλην,
3403 5437 3526 5491 τότε
3576 5435 3848 5488 δείκνυσιν

2263 5523 2452 5576 ἑαυτὸν
2485 5523 2603 5595 μεθ’
2637 5524 2947 5596 ὑπερϐολῆς
2977 5524 3179 5596 μωρόν·
3209 5524 3337 5577 ὅταν
3359 5520 3469 5592 ἐγὼ
3494 5519 3846 5591 νομιζόμενος

2260 5602 2399 5658 εἶναι
2423 5609 2552 5677 παρ’
2581 5606 2730 5679 αὑτῷ
2757 5607 2960 5678 μωρὸς,
2988 5605 3081 5660 τοῦ
3110 5605 3273 5674 σοφοῦ
3304 5605 3580 5675 φαίνωμαι
3611 5601 3847 5670 σοφώτε-

2262 5705 2374 5753 ρος
2401 5691 2529 5747 ὅταν
2556 5692 2656 5764 ἐμέ
2682 5691 2886 5767 καλέσῃ
2914 5691 3139 5762 ἀσθενῆ,
3173 5691 3295 5745 τότε
3317 5690 3508 5746 ἐαυτὸν
3534 5687 3847 5743 ἀσθενέστεο

2321 5915 2347 5941 ⁸
2373 5913 2495 5974 Reg.
2519 5916 2715 5977 δυνηθῇς
2731 5915 2911 5964 πεῖσαι.
2975 5917 3006 5958 b
3025 5919 3200 5967 Aberat
3221 5915 3296 5965 ού.
3375 5915 3400 5945 ο
3427 5912 3568 5977 Reg...
3592 5909 3686 5977 τῷγ
3723 5903 3838 5972 Ima?

2259 5974 2426 6043 ὄντων,
2448 5969 2548 6024 Bon
2570 5969 2719 6043 mhl’el
2787 5977 2812 6018 ά
2826 5977 3089 6039 chebalur
3109 5979 3270 6030 ἔπεισε
3286 5989 3350 6031 ex
3367 5969 3740 6041 praxédentibus
3764 5969 3837 6020 νι-

2260 6035 2435 6089 άείὶσει
2457 6036 2729 6102 repetitum.
2904 6035 2912 6039 ’
3367 6035 3375 6041 ’
3487 6070 3507 6102 .-
