2043 3208
85 164 121 193 53
626 168 659 196 IN
677 168 787 198 EPIST.
807 169 817 198 Ι
846 169 892 198 AD
908 168 987 195 C0“.
1008 166 1122 194 llUMlL.
1146 167 1188 193 IV.
1697 171 1732 196 3i

89 221 303 259 pradicatienem
325 229 424 258 neque
447 223 553 257 sapiens
576 224 685 258 juvatur
707 234 721 253 a
742 227 884 262 sapientia,

91 275 174 303 neque
185 267 332 301 imperitia
346 267 462 296 Ιιιδίειιι·
479 268 512 296 ab
534 269 690 304 ignorantia.
706 270 759 299 Sed
780 272 802 298 si
822 273 886 306 quid

90 313 385 350 ομιειιιὰιιίηδίιο
391 315 495 349 dicere,
504 314 633 349 imperitia
643 315 677 342 ad
687 317 886 352 suscipiendum

90 358 268 396 Wins-
282 363 313 390 οι
337 358 450 387 facilior
471 364 521 392 est,
537 367 615 395 quam
637 361 777 395 sapientia.
795 361 889 389 Pastor

90 404 212 436 abas
231 403 447 434 rudenshanc
478 405 555 434 citius
577 406 724 440 suscipiet,
749 408 887 435 ratiocinia

304 454 336 480 ει
356 450 473 480 Domino
483 451 634 480 sededens.
647 452 694 480 Sic
708 461 773 489 ergo
786 454 831 481 ille
846 462 889 481 sa-

233 497 370 533 net-didit.
384 497 453 531 Quia
466 498 537 526 enim
557 499 631 533 prior
644 499 758 534 seipsam
780 500 888 535 deiecit,

92 541 204 578 ad“
216 542 356 578 dei-cepe
365 543 440 571 utilis
449 547 503 572 est.
511 543 578 571 Cum
594 548 731 578 oporteret
743 546 814 572 enim
828 554 887 574 eam

92 587 282 623 uindicare
293 592 325 616 et
339 595 390 623 per
401 595 481 622 opera
497 589 580 616 Deum
596 589 699 623 videre,
715 591 810 619 noluit.
827 592 889 619 ideo

92 633 117 671 si
129 632 378 671 gﬁninducere
391 633 480 666 vellet,
496 641 550 661 non
575 639 677 668 potest;
693 643 745 662 non
760 638 830 663 enim
847 645 889 665 res

91 679 128 709 κθ
135 678 304 711 multum:
312 679 373 708 hac
382 680 454 708 enim
464 679 496 707 ad
507 680 685 716 cognitionem
699 681 745 709 Dei
756 683 800 709 via
813 683 890 718 longe

93 723 180 760 Idus
192 722 244 753 ω.
255 729 313 753 αι.
329 723 393 752 Ideo
413 724 466 752 title
480 729 506 752 et
520 725 692 759 simplicitate
705 734 773 761 opus
786 732 845 755 est:
858 729 890 755 il.

93 770 284 807 bynu-tet
301 778 411 806 per
427 777 549 806 querere
570 776 597 798 et
616 775 735 799 externae
754 774 891 808 sapientiae

91 822 279 856 mare;
293 827 357 849 nam
380 819 492 849 Stttltant
505 821 564 856 fecit
579 819 659 854 Dm,
675 822 771 856 inquit,
787 823 890 855 sapien-

286 870 330 894 αι
350 870 451 898 autem,
466 865 580 893 Stultum
600 867 678 902 fecit?
699 867 814 894 Stultam
829 873 890 893 esse

90 910 213 946 Μ
236 910 275 941 ad
300 910 382 940 ﬁdem
408 910 699 946 comprehendendam.
724 912 792 945 Quia
816 913 887 939 enim

347 956 382 985 de
394 955 450 990 illa,
465 957 550 991 ipsam
563 957 618 985 cito
633 958 791 985 confutavit.
809 958 890 990 Qua!-

89 1001 213 1037 ﬂ-ijh
223 1002 371 1037 sapientia,
381 1009 442 1036 quas
450 1007 533 1037 caput
543 1002 672 1030 bonorum
684 1011 737 1030 non
749 1002 893 1031 inveniat?

89 1053 187 1083 Ini:
204 1051 304 1088 iisut".
319 1055 352 1080 ut
370 1052 417 1080 illa
436 1052 517 1079 stulta
531 1053 684 1085 appareret,
707 1050 768 1084 quia
789 1049 833 1076 illa
855 1057 886 1077 su

360 1097 389 1125 Si
401 1097 474 1125 enim
495 1096 602 1131 quando
621 1095 769 1123 ratiociniis
788 1094 886 1121 licebat

91 1143 313 1179 *ἠδη
324 1142 457 1171 ostendit:
474 1149 545 1170 nunc
558 1149 618 1169 cum
631 1148 676 1168 res
691 1140 813 1168 feruntur
826 1147 884 1166 ma-

90 1188 330 1227 “nam
338 1187 474 1224 quidpiam
485 1187 615 1223 perﬁcere
628 1187 736 1221 poterit,
755 1193 816 1212 cum
829 1185 886 1212 sola

91 1235 322 1272 ﬁtﬁt“,
344 1241 398 1261 non
420 1232 560 1261 facundia?
581 1231 695 1259 Stultam
722 1238 787 1265 ergo
814 1231 885 1257 illam

90 1281 312 1313 “Bent.
325 1280 427 1308 Placuit
439 1284 527 1307 autem
540 1278 590 1314 ipsi
603 1285 650 1312 per
664 1277 803 1305 stultitiam
818 1284 887 1311 prte-

91 1326 371 1357 ﬂﬁnhnlutem
383 1325 498 1357 donare;
521 1324 659 1351 stultitiam
673 1330 733 1358 qua:
747 1329 810 1349 vere
832 1328 885 1348 non

93 1373 222 1407 ἥδη,
233 1372 286 1401 sed
297 1372 360 1400 talis
373 1379 434 1399 esse
445 1370 556 1399 videtur.
570 1370 626 1397 lloc
638 1377 718 1404 porro
732 1370 820 1402 majus
833 1372 884 1401 est,

93 1417 336 1455 “dixit
346 1416 504 1452 sapientiam
518 1415 560 1443 illa
574 1415 791 1443 excellentiorem
806 1413 886 1440 indu-

96 1470 234 1500 ωιφυ
245 1470 322 1498 eam,
338 1470 398 1498 qua:
411 1462 525 1491 stultitia
537 1461 677 1488 videbatur
688 1467 759 1492 esse,
773 1467 886 1494 supcra-

99 1510 298 1545 vkm
315 1509 415 1545 quippe
429 1508 521 1543 eiecit,
546 1514 599 1535 nun
614 1514 664 1542 per
681 1507 762 1534 alium
777 1507 886 1541 sapien-

101 1555 408 1592 “plailuophutn,
432 1554 480 1582 scd
495 1561 542 1588 per
563 1554 684 1588 ignarum
707 1553 885 1587 piscatorem:

101 1601 360 1636 tetatenim
373 1598 466 1627 clades
483 1599 532 1626 iuit
543 1602 571 1626 et
586 1598 752 1633 splendidior
765 1598 885 1624 victoria.

101 1645 308 1677 Mancia
318 1646 444 1672 viruttem
461 1642 608 1671 Ostendens
622 1643 660 1670 ait
673 1651 680 1670 :
694 1642 740 1669 εξ.
758 1642 885 1674 Quoniam

100 1690 308 1728 δια-ὴν
324 1694 422 1726 petant,
443 1693 468 1716 et
488 1688 570 1716 (ζωοὶ
584 1688 735 1723 sapientiam
748 1692 865 1721 qua’runt
877 1695 886 1713 :

100 1737 145 1766 ut
152 1739 203 1766 ius
210 1741 297 1765 .tal
303 1735 472 1772 pedicam“
481 1733 607 1761 Christum
616 1733 685 1760 cruci
686 1732 776 1767 ﬁxtmt,
788 1732 887 1759 Judwt‘s

102 1782 197 1818 quis.
206 1780 371 1813 “Mum.
382 1780 498 1815 gentibus
507 1783 591 1806 autent
604 1779 749 1810 stultitiam,
763 1777 808 1804 2i.
825 1777 887 1811 ipsis

103 1827 300 1860 uncatis,
312 1826 414 1854 huic
430 1830 454 1853 α
467 1824 571 1858 Graecia,
594 1824 723 1851 Christum
745 1824 792 1850 Dei
812 1823 888 1849 virtu-

104 1877 183 1903 ...α
196 1871 247 1904 Dei
253 1867 416 1908 animiam;

135 1918 163 1947 δι
176 1917 277 1954 luna
297 1921 340 1945 est.
353 1916 486 1945 dictorum
505 1915 656 1950 prudentia.
672 1914 733 1941 Vult
751 1914 823 1941 enim
844 1913 886 1940 di-

104 1962 310 2000 unge-ode
321 1969 370 1998 per
383 1961 517 1990 contraria
529 1960 592 1988 vicit.
619 1960 699 1992 Deus,
714 1965 740 1987 et
754 1959 888 1994 quomodo

105 2009 257 2046 puli-lio
267 2016 322 2037 Ion
333 2007 369 2036 sit
386 2007 516 2035 humana.
539 2006 596 2033 Hoc
609 2010 699 2032 autem
714 2005 771 2031 vult
783 2004 886 2039 signiﬁ-

104 2063 183 2085 sane:
191 2055 265 2084 CII-
274 2054 400 2087 dicimus,
415 2053 511 2087 inquit,
524 2052 634 2084 Judatis,
646 2051 761 2083 Credite,
777 2058 887 2084 respon-

99 2101 314 2136 διήρκει-ιω
326 2099 467 2131 uanitate,
480 2102 573 2126 satiate
588 2097 779 2129 dmntoniacos,
795 2101 887 2124 osten-

102 2146 247 2176 unum
262 2144 519 2181 ήκω-Νοειυιειη
533 2143 597 2178 quid
620 2143 653 2170 ad
676 2142 733 2169 inec
756 2143 887 2169 dicimus?

102 2191 250 2222 (idin!
265 2195 298 2221 οι
317 2194 437 2219 mrtuus
461 2193 502 2217 est
524 2189 547 2216 is
566 2189 612 2224 qui
637 2188 808 2223 praedicatur.
831 2188 888 2215 lloc

102 2237 329 2274 uman
352 2235 433 2264 modo
444 2234 570 2264 nolentes
595 2241 648 2261 non
672 2233 818 2266 attrahere,
840 2233 887 2260 sed

100 2274 466 2318 dia-aduliscentiae
480 2289 489 2310 :
509 2285 626 2309 attamen
642 2288 695 2308 non
705 2280 820 2315 repellit,
839 2279 887 2307 sed

99 2327 364 2359 amulum
375 2331 405 2356 et
422 2327 517 2356 vineit.
532 2326 645 2354 Rursum
661 2325 748 2354 Graeci
770 2333 786 2353 a
809 2325 886 2353 nobis

98 2375 211 2412 ειμι
219 2373 399 2409 dog-entia.
407 2377 436 2401 et
443 2372 637 2408 sopbismatum
648 2371 817 2406 gravitatem.
831 2370 887 2398 Nos

98 2426 190 2450 alia.
207 2416 260 2448 Β
275 2425 387 2455 quoque
406 2425 515 2447 crucem
541 2416 717 2452 praedicamus
733 2425 740 2443 :
765 2421 793 2444 et
815 2415 886 2450 quod

99 2467 201 2501 ιω
229 2465 398 2496 uestitu
420 2472 483 2494 esse
504 2463 621 2496 videtur,
646 2463 697 2491 hoc
720 2462 822 2491 Grzecis
845 2466 888 2489 cst

100 2515 224 2544 stultitia.
235 2513 306 2542 Cum
316 2516 403 2540 autem
426 2511 479 2539 illis
500 2518 552 2538 non
573 2509 652 2537 modo
667 2516 697 2537 ea
713 2516 774 2544 qua:
794 2512 886 2543 petunt

99 2559 330 2597 ..επακ-υ.
343 2557 397 2586 sed
412 2557 495 2584 etiam
513 2555 603 2591 petitis
624 2555 757 2582 contraria
771 2554 884 2586 damus;

97 2604 251 2635 σε*
262 2610 321 2632 ut!
337 2601 420 2631 modo
437 2601 542 2636 signum
565 2607 619 2628 non
635 2600 740 2627 videtur
754 2607 825 2632 esse,
837 2598 885 2626 sed

97 2649 225 2690 ωσι-ι
232 2647 338 2679 ratian
346 2647 523 2690 examinetur,
534 2646 602 2681 signi
612 2645 748 2680 ademptio
758 2649 866 2680 putatur
877 2653 884 2677 ;

97 2685 258 2727 ne
276 2701 332 2725 non
352 2685 459 2724 videtur
481 2691 585 2719 virtutis
609 2691 813 2724 demonstratio,
836 2689 885 2717 sed

390 2742 587 2773 argumentum,
604 2744 655 2764 nec
674 2736 753 2763 tnodo
775 2744 827 2762 non
843 2743 887 2763 sa-

427 2776 507 2811 etiam
528 2782 648 2810 stultitia:
667 2781 784 2816 suspicio
799 2790 806 2808 :
824 2788 884 2808 cum

98 2841 160 2871 σι’
284 2835 319 2862 οι
339 2828 501 2866 npientiam
523 2832 691 2875 quaerentes,
714 2826 884 2875 nonusolunt

98 2887 151 2910 μ-
432 2877 536 2910 petunt,
552 2873 600 2902 scd
614 2873 748 2902 contraria
774 2872 806 2899 iis
826 2879 886 2906 qua:

940 224 1093 251 desiderant
1107 223 1225 256 audiant,
1241 231 1272 250 ac
1285 223 1383 252 deinde
1399 232 1446 259 per
1460 226 1594 252 contraria
1619 234 1728 260 persua-

939 270 1071 303 deantur;
1087 269 1222 305 qttomodo
1237 277 1290 296 non
1303 269 1444 298 inell‘ahilis
1456 270 1599 305 fueritejus
1606 271 1652 306 qui
1661 279 1728 306 prte—

938 316 1043 343 dicatnr
1059 316 1162 342 virtus?

974 361 1088 388 Christus
1119 370 1164 396 per
1198 361 1326 388 contraria
1357 360 1510 395 persuadet,
1537 362 1673 397 quomodo.
1695 377 1731 381 —

939 407 1169 441 Quemadmodum
1194 407 1215 434 si
1236 407 1278 434 cui
1300 414 1409 440 eorum,
1424 407 1470 442 qui
1485 407 1609 435 ﬂuctibus
1627 410 1730 441 jactan-

939 458 982 480 tur
996 459 1023 480 et
1034 458 1138 488 portum
1149 453 1312 486 desiderant,
1327 460 1380 480 non
1396 453 1541 480 ostendens
1554 458 1669 487 portum,
1682 454 1730 481 sed

937 500 1016 527 aliam
1034 500 1118 535 pelagi
1142 504 1245 534 partem
1269 499 1420 533 saeviorem,
1441 506 1535 534 posses
1558 500 1684 533 citicere,
1701 506 1731 528 nt

938 546 1036 579 gratias
1050 552 1131 579 agens
1150 549 1324 579 sequeretur;
1339 544 1381 571 vel
1397 545 1420 572 si
1436 544 1556 572 medicus
1568 545 1686 572 saucium
1702 551 1731 573 et.

938 591 1132 618 medicamenta
1148 591 1310 625 cupientem,
1325 598 1378 618 non
1393 591 1554 625 pharmacis,
1569 592 1616 618 sed
1632 592 1728 619 iterum

939 637 1041 664 urendo
1060 638 1189 671 pollicens
1211 645 1240 664 se
1259 645 1354 664 sanum
1380 638 1545 664 redditurum
1559 646 1630 671 esse,
1646 640 1678 665 ad
1700 646 1730 666 se

938 683 1013 710 illum
1027 684 1191 716 attraheret;
1212 683 1263 710 hoc
1287 684 1358 710 enim
1381 691 1484 718 magna:
1506 685 1612 711 virtutis
1633 688 1727 711 esset:

937 727 974 755 ita
989 733 1016 755 et
1029 728 1143 763 apostoli
1160 736 1212 755 non
1229 728 1309 756 modo
1321 736 1373 755 non
1396 736 1443 763 per
1456 729 1572 763 signum,
1587 729 1634 756 sed
1648 731 1729 757 etiam

938 781 986 809 per
1008 781 1076 805 rem.
1091 782 1151 809 quae
1174 774 1256 809 signis
1270 774 1405 802 contraria
1427 782 1488 802 esse
1508 774 1657 807 videbatur,
1682 783 1729 802 su-

938 824 1108 854 peraverunt.
1128 820 1204 854 Quod
1220 820 1300 847 etiam
1317 821 1343 847 in
1358 827 1430 847 caeco
1444 819 1566 848 Christus
1578 820 1729 848 fecit.Cutn

938 866 1019 895 vellet
1039 867 1111 894 enim
1132 868 1219 902 ipsum
1241 874 1346 900 curare,
1362 874 1410 901 per
1425 875 1482 894 rem
1504 875 1563 902 qua:
1582 868 1729 895 ctecitatem

937 917 1063 947 augeret,
1089 913 1160 939 illam
1188 913 1316 945 sustulit;
1340 920 1402 940 nam
1427 913 1512 939 lutum
1536 913 1672 948 imposuit.
1695 913 1730 941 Ut

936 966 1002 994 ergo
1016 967 1064 993 per
1084 959 1167 986 lutum
1182 966 1282 986 caecum
1298 959 1413 990 sanavit,
1427 959 1466 987 sic
1479 959 1572 986 orbem
1589 963 1667 986 terra:
1681 967 1730 994 per

939 1012 1045 1032 erucent
1059 1005 1170 1032 adduxit
1185 1014 1191 1032 :
1209 1006 1234 1032 id
1251 1005 1322 1040 quod
1342 1005 1460 1032 scandali
1481 1005 1582 1033 additio
1594 1011 1662 1039 erat,
1676 1014 1730 1034 non

937 1050 1054 1077 sublatio
1066 1051 1196 1078 scandali.
1219 1051 1264 1078 Sic
1279 1052 1359 1078 etiam
1383 1051 1409 1078 in
1422 1052 1557 1079 creatione
1578 1052 1650 1084 fecit,
1666 1060 1731 1079 conn

939 1096 1018 1122 traria
1029 1097 1172 1123 contrariis
1185 1104 1329 1130 apparens.
1341 1097 1429 1124 Arena
1439 1097 1539 1131 quippe
1549 1105 1623 1124 mare
1635 1098 1729 1131 cinxit,

939 1141 1047 1169 iutirtno
1069 1142 1187 1169 validum
1203 1142 1343 1169 reireuans
1358 1151 1365 1169 :
1381 1150 1457 1177 aqum
1472 1146 1570 1170 terrain
1593 1144 1728 1178 imposuit,

938 1187 1012 1214 molli
1027 1192 1055 1214 et
1076 1188 1159 1215 ﬂuido
1182 1188 1294 1215 densum
1322 1193 1349 1215 et
1373 1189 1489 1215 solidum
1512 1189 1663 1224 imponens.
1679 1191 1730 1217 Per

938 1234 1083 1269 prophetas
1095 1242 1201 1269 quoque
1215 1242 1298 1269 parvo
1313 1235 1385 1269 ligno
1408 1234 1510 1262 ferrum
1525 1236 1626 1263 eduxit.
1640 1236 1684 1263 Sic
1703 1241 1731 1263 et

938 1287 1018 1306 cruce
1031 1280 1125 1306 orbem
1138 1280 1256 1306 attraxit.
1270 1280 1500 1312 Quemadmodum
1514 1281 1585 1308 enim
1599 1289 1666 1316 aqua
1679 1286 1731 1308 ter-

939 1333 994 1351 ram
1005 1330 1102 1359 gestat,
1112 1325 1148 1351 ita
1159 1332 1223 1352 crux
1233 1326 1326 1352 orbem
1339 1329 1417 1352 terra:
1429 1330 1529 1360 portat.
1538 1325 1639 1361 Magna:
1650 1327 1731 1361 igitur

938 1373 1043 1399 virtutis
1058 1377 1085 1399 et
1104 1372 1243 1407 sapientite
1268 1378 1456 1407 argumentum
1470 1377 1512 1400 est
1535 1381 1584 1408 per
1597 1374 1730 1400 contraria

940 1419 1112 1454 persuadere.
1128 1419 1199 1446 Crux
1214 1419 1285 1446 enim
1308 1419 1463 1446 scandalum
1485 1426 1547 1446 esse
1566 1419 1688 1452 videtur;
1704 1425 1731 1446 et

940 1471 1027 1493 tamen
1055 1473 1107 1493 non
1136 1466 1224 1493 solum
1251 1473 1303 1492 non
1324 1465 1485 1493 oifendiculo
1504 1471 1563 1499 est,
1583 1466 1630 1493 sed
1649 1465 1730 1493 etiam

940 1512 1030 1539 trahit.
1046 1512 1110 1539 llaec
1122 1512 1212 1546 itaque
1226 1511 1315 1539 omnia
1338 1512 1459 1547 cogitans
1473 1511 1583 1545 Paulus,
1598 1517 1625 1539 et
1637 1512 1730 1539 obstu-

940 1565 1053 1592 pescens
1073 1558 1204 1586 dicebat:
1228 1557 1304 1591 Quod
1327 1558 1432 1585 stultum
1454 1562 1491 1584 est
1509 1557 1569 1591 Dei,
1593 1558 1731 1593 sapientius

939 1610 974 1630 est
990 1604 1151 1636 hominibus;
1175 1604 1277 1638 etquod
1291 1603 1423 1637 inﬁrmum
1445 1608 1481 1630 est
1500 1602 1560 1635 Dei,
1584 1604 1673 1638 fortius
1694 1610 1731 1630 est

940 1652 1092 1677 hominibus.
1108 1650 1223 1678 Stultum
1238 1654 1265 1676 et
1285 1650 1419 1676 inﬁrmum
1433 1649 1535 1681 dicens,
1550 1650 1583 1676 de
1597 1657 1677 1676 crure
1693 1651 1731 1676 lo-

939 1696 1039 1731 quilur,
1057 1704 1110 1722 non
1124 1696 1194 1730 quod
1207 1700 1258 1727 est,
1274 1695 1322 1722 sed
1345 1695 1415 1729 qttod
1431 1695 1536 1722 videtur
1553 1702 1613 1722 esse
1626 1695 1729 1729 signiti—

938 1749 1003 1768 cans
1018 1750 1024 1769 :
1042 1749 1102 1768 nam
1122 1740 1269 1768 secundum
1285 1740 1391 1766 illorttttt
1407 1739 1560 1774 opinionem
1576 1741 1731 1775 respondet:

940 1787 1045 1813 Etenim
1059 1786 1129 1821 quod
1144 1794 1191 1820 per
1205 1785 1374 1821 syllogismos
1398 1785 1549 1820 philosophi
1569 1785 1656 1812 facere
1676 1793 1729 1812 non

941 1837 1060 1866 potuere,
1073 1834 1122 1858 huc
1137 1831 1251 1865 pet-iecit
1265 1838 1296 1857 ea
1310 1838 1369 1865 qua:
1381 1830 1522 1857 videbatur
1533 1837 1594 1858 esse
1607 1832 1729 1858 stultitia.

939 1878 1004 1910 Quis
1018 1884 1085 1912 ergo
1098 1876 1255 1911 sapientior,
1269 1876 1292 1902 is
1306 1876 1352 1910 qtti
1373 1875 1463 1903 multis
1486 1876 1640 1910 persuadet.
1654 1884 1688 1903 an
1706 1877 1729 1903 is

939 1923 985 1958 qtti
996 1923 1098 1958 paucis,
1113 1923 1168 1949 imo
1184 1930 1246 1949 vero
1259 1921 1342 1949 nulli?
1362 1922 1386 1948 is
1398 1922 1443 1956 qui
1457 1921 1491 1949 de
1506 1922 1587 1949 rebus
1606 1923 1729 1949 maximis

940 1969 1093 2004 persuadet,
1117 1977 1150 1995 an
1175 1969 1198 1995 is
1219 1968 1266 2003 qui
1287 1968 1321 1994 de
1344 1968 1387 2000 iis,
1400 1975 1461 2001 quas
1486 1975 1540 1994 non
1556 1969 1729 2002 oporteret‘?

941 2018 1074 2048 Quantum
1098 2013 1230 2041 laboravit
1253 2012 1327 2040 Plato
1340 2012 1413 2039 circa
1436 2013 1532 2039 lineam
1557 2018 1584 2039 et
1604 2014 1729 2048 angulum

940 2066 968 2088 et
981 2065 1119 2095 punctum,
1133 2067 1165 2086 ac
1180 2059 1214 2086 de
1226 2058 1346 2085 numeris
1369 2057 1477 2092 paribus
1488 2063 1515 2085 et
1537 2058 1692 2092 imparibus,
1703 2063 1731 2085 et

940 2107 1010 2135 inter
1023 2114 1053 2133 sc
1065 2105 1212 2140 aequalibus
1222 2109 1249 2132 et
1261 2103 1436 2137 inmqualibus
1447 2110 1477 2129 ac
1488 2103 1522 2129 de
1530 2103 1661 2130 similibus
1671 2111 1730 2130 ara-

940 2160 1052 2180 nearum
1069 2151 1129 2179 telis
1144 2151 1218 2187 (hanc
1239 2150 1311 2177 enim
1327 2150 1353 2176 in
1367 2149 1472 2176 utiliora
1486 2149 1548 2176 vitae
1560 2154 1633 2182 sunt,
1650 2158 1728 2184 quant

940 2198 1094 2233 hujnsmodi
1108 2202 1212 2225 textura
1221 2197 1241 2231 ),
1251 2201 1277 2223 et
1289 2203 1348 2223 cum
1362 2203 1411 2223 nec
1423 2203 1532 2230 parvum
1545 2203 1595 2223 nec
1605 2204 1728 2229 maguum

941 2245 1004 2272 inde
1019 2244 1132 2271 fructum
1146 2244 1295 2276 attulisset,
1310 2242 1350 2269 sic
1370 2242 1451 2269 vitam
1473 2242 1579 2269 ﬁnivit?
1600 2248 1727 2277 quantutu

940 2291 1073 2319 laboravit
1086 2289 1280 2317 utostenderet
1294 2289 1409 2316 animam
1423 2295 1484 2316 esse
1499 2288 1687 2319 immortalem.
1702 2294 1730 2326 et

940 2338 1007 2365 nihil
1020 2337 1123 2365 clarum
1137 2336 1214 2368 dixit,
1228 2343 1260 2363 ac
1272 2343 1332 2363 cum
1347 2334 1447 2362 nemini
1462 2335 1612 2361 auditorum
1626 2335 1650 2361 id
1669 2343 1730 2371 pcr-

940 2384 1079 2415 suasisset,
1087 2384 1126 2410 sic
1134 2383 1204 2409 diem
1216 2381 1380 2408 obiit?Crux
1394 2386 1482 2407 autem
1498 2388 1546 2414 per
1561 2381 1667 2414 ignaros
1681 2382 1729 2407 ho-

940 2430 1025 2457 mines
1047 2428 1195 2464 persuasit,
1210 2427 1263 2454 imo
1285 2426 1419 2461 persuasit
1438 2426 1484 2452 toti
1502 2425 1560 2453 orbi
1581 2430 1728 2459 terrarum;

940 2482 993 2503 non
1008 2475 1042 2503 de
1056 2474 1160 2502 levibus
1183 2472 1264 2500 rebus
1286 2472 1439 2504 disserens.
1455 2471 1503 2498 sed
1527 2471 1561 2499 de
1576 2471 1632 2499 Deo
1654 2477 1680 2499 et
1694 2472 1728 2499 tle

939 2529 1003 2549 vera
1023 2520 1164 2555 religione,
1180 2519 1267 2554 deque
1280 2517 1434 2553 evangelica
1457 2517 1518 2544 vitae
1541 2517 1674 2551 instituto,
1696 2525 1729 2545 ac

940 2569 974 2596 de
988 2568 1077 2595 futuro
1088 2566 1200 2601 judicio,
1215 2569 1296 2599 atque
1314 2563 1428 2591 rusticos
1447 2563 1622 2597 indoctusque
1634 2570 1728 2590 omnes

940 2614 1004 2642 fecit
1031 2612 1215 2648 philosophos.
1234 2610 1300 2638 Vide
1315 2609 1449 2645 quomodo
1463 2608 1535 2644 qttod
1563 2609 1672 2636 stultntn
1687 2613 1728 2636 est

941 2661 998 2693 Dei,
1023 2658 1170 2694 sapientius
1192 2657 1227 2684 sit
1241 2656 1404 2688 hominibus,
1422 2658 1449 2682 et
1463 2654 1598 2681 inﬁrmum
1621 2653 1726 2682 fortius.

940 2705 1079 2739 Quomodo
1095 2703 1189 2730 fortius
1201 2702 1212 2729 ?
1235 2700 1311 2734 Quod
1327 2705 1410 2727 totum
1424 2699 1517 2727 orbem
1530 2698 1688 2734 pervaseril,
1700 2703 1728 2725 et

939 2759 1035 2780 omnes
1048 2751 1075 2778 vi
1089 2750 1201 2784 ceperit,
1211 2752 1238 2776 et
1250 2747 1319 2782 quod
1335 2746 1483 2773 innumeris
1493 2744 1619 2773 Cruciiixi
1630 2751 1726 2772 nomen

940 2798 1111 2833 exstinguere
1129 2794 1298 2826 conantibus,
1323 2792 1486 2820 contrarium
1508 2790 1628 2818 evenerit
1647 2798 1654 2817 :
1676 2788 1727 2816 hoc

975 2876 983 2891 ¹
1001 2878 1060 2905 Reg.
1071 2872 1155 2902 habet,
1167 2876 1222 2903 qum
1233 2876 1279 2896 non
1291 2872 1354 2899 sunt,
1366 2875 1418 2901 pro,
1431 2874 1485 2901 qtae
1497 2873 1542 2892 non
1551 2869 1680 2895 oporteret.
