4086 6426
627 353 694 410 35
1381 341 1438 397 S.
1476 335 1754 396 JOANNIS
1781 329 2254 389 CHRYSOSTOMI
2290 328 2611 388 ARCHIEP.
2649 330 3187 393 CONSTANTINOP.

625 477 823 519 nomen
863 460 1045 516 ﬂoruit
1067 501 1083 526 ,
1116 467 1172 513 et
1201 455 1458 525 majorem
1498 452 1550 506 in
1583 449 1800 505 modum
1827 447 2098 510 accrevit;
2131 443 2204 497 illi

625 569 757 610 vero
782 552 1052 622 perierunt
1077 558 1130 603 et
1155 548 1208 602 in
1230 546 1451 601 exitium
1474 551 1696 598 ruerunt
1717 559 1730 594 :
1749 554 1812 594 ac
1837 539 2077 592 viventes
2105 535 2204 591 ad-

629 657 815 698 versus
845 649 1112 695 mortuum
1143 636 1340 690 bellum
1365 642 1636 703 gerentes,
1667 629 1800 684 nihil
1840 639 2082 698 potuere.
2107 624 2210 678 lla-

626 747 732 803 que
751 730 966 800 quando
993 743 1077 782 me
1105 735 1379 780 mortuum
1404 724 1624 778 Graccus
1648 721 1798 787 dicit,
1820 729 1946 774 tunc
1973 715 2207 772 ostendit

627 837 688 877 se
701 819 984 875 admodum
1001 817 1224 872 stultum
1243 830 1366 870 esse
1383 831 1397 880 ;
1417 813 1631 883 quando
1648 827 1768 882 ego,
1785 812 1873 881 qui
1892 811 1960 865 ab
1978 809 2068 864 illo
2085 807 2213 862 stul-

629 918 715 968 tus
731 925 850 965 esse
870 909 1169 970 existimor,
1191 907 1435 975 sapiente
1464 904 1758 973 sapientior
1778 916 2014 972 appareo
2040 917 2053 956 :
2085 913 2212 954 cum

629 1017 716 1058 me
733 1002 942 1056 vocabit
958 999 1249 1062 infirmum,
1263 1007 1390 1051 tunc
1410 997 1643 1066 seipsum
1668 995 2017 1049 infirmiorem
2041 1002 2215 1047 osten-

626 1095 735 1150 det.
759 1095 887 1161 Quae
907 1092 1048 1148 enim
1069 1105 1163 1161 per
1181 1090 1274 1145 Dei
1303 1089 1532 1159 gratiam
1555 1096 1701 1142 recte
1729 1100 1891 1156 agere
1925 1091 2214 1155 potuerunt

627 1185 897 1256 publicani
941 1194 998 1239 et
1027 1182 1348 1253 piscatores,
1383 1179 1497 1234 hmo
1542 1179 1866 1248 philosophi,
1895 1177 2128 1248 tyranni,
2159 1184 2216 1231 et

629 1286 688 1333 ut
717 1278 789 1331 ita
818 1276 1018 1338 dicam,
1068 1283 1211 1328 totus
1252 1272 1401 1327 orbis
1443 1271 1722 1326 innumera
1763 1270 2214 1332 circumcurrens,

628 1385 700 1424 ne
727 1368 1005 1438 tntaginari
1036 1366 1253 1436 quidem
1283 1363 1476 1434 potuit.
1504 1363 1642 1431 Quid
1669 1364 1812 1418 enim
1840 1378 1974 1417 crux
2001 1377 2107 1416 nou
2135 1361 2218 1415 in-

628 1459 826 1514 duxit?
854 1459 928 1513 De
971 1456 1376 1512 immortalitate
1403 1455 1598 1511 animae
1645 1455 1990 1521 sententiam,
2016 1453 2084 1508 de
2125 1467 2215 1508 re-

629 1549 965 1604 surrectione
999 1561 1311 1616 corporum,
1357 1545 1426 1601 de
1467 1547 1724 1615 despectu
1771 1545 2119 1616 praesentium
2160 1552 2218 1598 et

631 1640 700 1696 de
737 1640 1036 1694 futurorum
1075 1637 1365 1694 desiderio.
1407 1637 1666 1692 Homines
1703 1637 1922 1706 angelos
1961 1635 2122 1699 fecit,
2161 1642 2218 1690 et

583 1769 590 1774 -
631 1745 823 1786 omnes
861 1730 1056 1801 ubique
1107 1727 1574 1800 philosOpliantur,
1615 1743 1938 1798 omnemque
1965 1728 2216 1782 virtutem

635 1821 911 1877 exhibent.

644 1935 647 1939 ·
703 1913 759 1968 4.
799 1912 904 1969 Sed
946 1914 1106 1968 etiam
1153 1911 1292 1982 apud
1338 1913 1479 1978 illos,
1513 1912 1742 1982 inquies,
1789 1912 1941 1966 multi
1992 1921 2216 1966 mortem

633 2013 1031 2073 contempsere.
1059 2004 1317 2072 Quinam,
1350 2003 1576 2074 quaeso?
1628 2018 1696 2058 an
1740 2003 1830 2058 ille
1854 2002 1946 2072 qui
1989 2003 2219 2056 cicutam

637 2095 809 2152 bibit?
831 2096 937 2151 Sed
963 2096 1010 2152 si
1035 2097 1191 2161 velis,
1219 2097 1532 2152 innumeros
1562 2096 1694 2152 tales
1719 2109 1785 2150 ex
1821 2094 2062 2149 Ecclesia
2089 2107 2220 2163 pro-

636 2187 827 2243 feram.
848 2188 904 2244 Si
933 2189 1076 2242 enim
1105 2189 1295 2244 liceret
1320 2188 1605 2258 ingruente
1627 2188 2036 2257 persequutione
2062 2191 2221 2255 epota

637 2278 813 2333 cicuta
860 2276 1145 2342 excedere,
1179 2287 1362 2332 essent
1408 2290 1596 2331 omnes
1623 2276 1718 2330 illo
1746 2276 2022 2331 clariores.

710 2368 948 2424 Socrates
972 2379 1174 2422 coactus
1201 2370 1418 2422 cicutam
1444 2368 1584 2422 bibit.
1628 2367 1920 2438 Martyrum
1944 2368 2219 2422 cruciatus.

637 2489 710 2500 —
739 2460 984 2530 Alioquin
1030 2471 1208 2515 autem
1253 2460 1388 2515 bibit
1425 2459 1552 2527 ille,
1581 2474 1702 2514 cum
1747 2474 1852 2514 non
1901 2459 2086 2514 liceret
2123 2459 2225 2514 sibi

636 2558 732 2605 aut
777 2549 961 2604 bibere
1005 2558 1098 2604 aut
1140 2564 1248 2605 non
1297 2550 1520 2616 bibere;
1567 2550 1662 2606 sed
1701 2550 1862 2605 vellet
1901 2549 2072 2606 nollet
2109 2549 2225 2604 haec

637 2641 876 2710 oportuit
909 2640 1085 2696 facere
1111 2658 1126 2696 :
1151 2639 1296 2710 quod
1325 2655 1430 2694 non
1461 2641 1707 2706 virtutis,
1749 2641 1848 2696 sed
1888 2641 2225 2695 necessitatis

639 2739 778 2786 erat.
807 2729 942 2786 Nam
981 2731 1218 2787 latrones
1256 2740 1312 2786 et
1351 2731 1666 2796 homicidas,
1694 2733 1960 2788 sententia
1981 2731 2224 2801 judicum

640 2821 922 2890 damnati,
956 2823 1199 2892 graviora
1227 2823 1368 2892 passi
1395 2831 1539 2879 sunt.
1568 2823 1725 2893 Apud
1761 2839 1858 2878 nos
1883 2833 2062 2878 autem
2092 2839 2226 2880 con-

643 2912 810 2967 trario
844 2911 1004 2966 modo
1038 2927 1126 2967 res
1161 2925 1220 2968 se
1247 2912 1444 2968 habet:
1479 2929 1586 2968 non
1610 2915 1752 2969 enim
1783 2915 1932 2969 inviti
1961 2927 2228 2984 martyres

647 3005 790 3074 passi
819 3014 978 3072 sunt,
1005 3005 1097 3060 sed
1129 3013 1321 3075 sponte
1339 3046 1354 3070 ,
1383 3015 1580 3061 etcum
1613 3021 1776 3076 penes
1801 3006 1924 3060 illus
1953 3016 2096 3062 esset
2118 3021 2229 3060 nun

645 3096 754 3166 pati
774 3137 789 3161 ,
823 3095 1370 3166 adamantequolibet
1407 3096 1697 3153 firmiorem
1727 3096 2020 3152 exhibuere
2057 3096 2229 3151 virtu-

645 3197 776 3242 tem.
821 3188 936 3242 Nou
980 3188 1175 3243 mirum
1211 3204 1341 3259 ergo
1380 3198 1495 3255 est,
1537 3191 1582 3244 si
1613 3189 1704 3244 ille
1729 3189 1956 3244 cicutam
1999 3189 2228 3254 biberit,

644 3295 766 3335 cum
790 3295 895 3335 non
927 3291 1109 3351 posset
1135 3298 1164 3334 a
1190 3281 1280 3336 tali
1303 3291 1428 3351 potu
1455 3281 1745 3348 abstinere,
1773 3292 1828 3337 et
1851 3283 1916 3337 ad
1934 3291 2227 3337 extremam

645 3381 930 3441 provectus
957 3381 1103 3427 esset
1138 3381 1469 3428 senectutem
1498 3391 1514 3428 :
1541 3372 1752 3427 dicebat
1777 3373 1920 3427 enim
1958 3388 2018 3428 se
2061 3387 2230 3427 annos

641 3462 976 3531 septuaginta
996 3471 1177 3516 natum
1199 3461 1411 3531 quando
1437 3463 1597 3516 vitam
1618 3463 1960 3531 contempsit,
1985 3459 2028 3514 si
2053 3470 2228 3515 tamen

645 3556 749 3612 hoc
789 3557 861 3612 sit
887 3566 1234 3613 contemnere
1267 3575 1281 3612 :
1314 3573 1418 3611 non
1462 3556 1605 3610 enim
1644 3570 1744 3625 ego
1788 3555 1917 3610 illud
1961 3555 2228 3618 dixerim,

646 3651 756 3705 imo
793 3666 966 3720 neque
1009 3651 1150 3706 ullus
1186 3650 1343 3704 alius.
1367 3649 1474 3704 Sed
1505 3647 1728 3703 ostende
1758 3649 1886 3701 mihi
1911 3648 2146 3717 aliquem
2179 3649 2230 3702 in

645 3743 928 3797 tormentis
959 3757 1054 3811 pro
1099 3743 1186 3812 pia
1226 3743 1488 3812 religione
1516 3749 1950 3812 perseverantem
1973 3781 1990 3804 ,
2031 3750 2086 3796 ut
2130 3755 2233 3810 ego

646 3834 958 3889 innumeros
984 3835 1178 3904 ubique
1202 3850 1298 3907 per
1321 3835 1507 3890 orbem
1539 3833 1829 3904 proferam.
1860 3833 1993 3901 Quis
2020 3830 2232 3889 effossis

648 3926 936 3996 unguibus,
970 3928 1020 3982 id
1050 3928 1255 3982 fortiter
1285 3927 1445 3983 tulit?
1465 3928 1584 3998 quis
1604 3969 1619 3995 ,
1647 3943 1771 3983 eum
1797 3936 2114 3983 eruerentur
2141 3941 2232 3981 ar-

645 4018 795 4072 ticuli
820 4018 843 4070 ?
861 4017 1000 4088 quis,
1031 4033 1154 4072 cum
1173 4032 1369 4086 corpus
1394 4019 1510 4087 ejus
1533 4017 1998 4088 diseerperetur'et
2015 4031 2234 4086 separa-

650 4117 738 4162 tur
751 4123 779 4162 a
797 4109 1158 4179 capite?quis,
1170 4123 1292 4165 cum
1310 4123 1432 4164 ossa
1449 4110 1639 4178 capitis
1653 4109 2062 4164 extraherentur
2076 4109 2100 4162 ?
2114 4110 2234 4177 quis

650 4202 706 4256 in
733 4202 999 4271 sartagine
1023 4201 1331 4271 frequenter
1350 4201 1598 4270 positus?
1623 4202 1743 4270 quis
1771 4202 1823 4254 in
1847 4200 2072 4255 Iebctcm
2099 4199 2234 4268 inje-

645 4293 799 4348 ctus?
826 4292 951 4348 llacc
971 4292 1100 4347 mihi
1129 4292 1374 4349 ostende.
1396 4292 1528 4346 Nam
1551 4308 1615 4346 ex
1642 4294 1813 4348 cicuta
1843 4292 1978 4347 mori
2015 4291 2236 4362 perinde

648 4393 736 4440 est
753 4393 919 4456 atque
938 4385 1292 4440 dormientem
1320 4399 1638 4454 permanere
1663 4402 1677 4440 :
1708 4399 1852 4440 mors
1879 4384 2022 4440 enim
2045 4384 2235 4453 hujus-

649 4474 796 4529 modi
830 4489 1022 4530 somno
1064 4474 1280 4528 suavior
1307 4487 1428 4528 esse
1454 4474 1668 4529 dicitur.
1700 4476 1853 4542 Quod
1880 4477 1925 4531 si
1955 4477 2043 4546 qui
2072 4475 2234 4531 etiam

651 4575 914 4620 tormenta
946 4565 1313 4634 pertulerunt,
1361 4565 1552 4619 horum
1578 4575 1724 4621 certe
1761 4567 1878 4621 laus
1906 4567 2062 4636 periit
2089 4583 2104 4620 :
2138 4581 2236 4636 pro

652 4658 794 4726 turpi
819 4657 961 4712 enim
993 4672 1153 4712 causa
1185 4657 1496 4726 perierunt;
1523 4657 1613 4710 alii
1644 4659 1812 4727 utqui
1841 4669 2048 4712 secreta
2079 4674 2236 4714 reve-

655 4749 876 4814 lassent,
921 4747 1009 4801 alii
1057 4757 1112 4801 ut
1155 4748 1246 4816 qui
1290 4748 1625 4819 tyrannidem
1657 4748 2014 4816 affectassent,
2049 4750 2139 4804 alii
2183 4750 2233 4804 in

651 4842 973 4911 turpissimis
1000 4840 1160 4896 rebus
1188 4840 1510 4910 deprehensi
1537 4859 1552 4896 :
1580 4842 1668 4895 alii
1697 4842 1890 4897 frustra
1917 4852 1971 4897 et
2000 4853 2200 4898 temere
2218 4884 2232 4908 ,

652 4934 794 4988 nulla
823 4932 891 4987 de
923 4945 1117 4998 causa,
1162 4947 1283 4986 sese
1325 4931 1654 4988 detulerunt.
1695 4933 1798 4988 Sed
1839 4949 1944 4988 non
1985 4935 2054 4988 ita
2097 4933 2236 5003 apud

655 5040 776 5080 nos.
804 5025 930 5079 Ideo
969 5024 1184 5078 illorum
1209 5024 1422 5093 quidem
1448 5036 1596 5095 gesta
1633 5034 1908 5091 tacentur;
1951 5025 2066 5080 lucc
2109 5040 2240 5080 vero

655 5116 848 5172 florent
882 5126 936 5170 et
967 5116 1019 5170 in
1057 5116 1174 5171 dies
1208 5127 1544 5173 accrescunt.
1591 5117 1744 5184 Quod
1774 5118 2014 5187 cogitans
2041 5117 2239 5172 Paulus

654 5208 867 5262 dicebat
899 5224 912 5260 :
944 5206 1218 5261 Infit-mum
1260 5207 1353 5262 Dei
1386 5207 1578 5262 fortius
1609 5217 1692 5262 est
1726 5209 1972 5263 omnibus
2013 5208 2241 5262 homini-

659 5300 778 5356 bus.
801 5300 951 5366 Quod
977 5301 1120 5354 euim
1139 5300 1318 5354 divina
1345 5301 1416 5355 sit
1444 5300 1768 5370 prmdicatio,
1793 5300 1917 5354 inde
1939 5301 2100 5354 etiam
2125 5316 2237 5353 ma-

658 5394 906 5447 nifestum
936 5403 1037 5447 est.
1084 5392 1360 5449 Undcnam
1407 5394 1461 5447 in
1505 5404 1737 5448 mentem
1773 5395 1922 5449 venit
1957 5395 2240 5449 duodecim

656 5485 961 5539 hominibus
981 5486 1150 5554 iiSque
1175 5485 1394 5555 ignaris,
1418 5485 1470 5538 in
1498 5485 1738 5550 lacubus,
1763 5485 2011 5540 ﬂuviiset
2029 5485 2242 5540 deserto

657 5577 1028 5641 manentibus,
1061 5586 1120 5630 ut.
1155 5589 1243 5632 res
1277 5585 1454 5631 tantas
1487 5576 1939 5646 aggrederentur;
1967 5584 2023 5631 et
2049 5578 2115 5632 iis
2153 5576 2244 5646 qui

660 5683 950 5738 numquam
975 5668 1202 5722 fortasse
1227 5668 1279 5720 in
1311 5667 1495 5721 urbem
1521 5676 1575 5722 et
1600 5668 1653 5720 in
1682 5667 1852 5720 forum
1875 5677 2164 5732 venerant,
2187 5675 2245 5720 ut

666 5771 851 5818 contra
887 5771 1056 5828 totum
1095 5759 1281 5819 orbem
1315 5761 1485 5817 aciem
1515 5759 1884 5818 instruerent?
1913 5755 2065 5828 Quod
2097 5759 2240 5815 enim

3849 347 3939 403 36

2319 443 2647 535 formidolosi
2675 458 2855 504 essent
2889 459 2943 505 et
2970 451 3146 520 pusilli
3175 452 3368 523 animi,
3400 459 3633 515 ostendit
3659 462 3783 530 ille,
3822 467 3941 535 qui

2313 533 2381 588 de
2407 534 2473 589 iis
2502 536 2739 605 scripsit,
2771 539 2863 608 qui
2905 539 2956 594 id
2993 556 3100 596 non
3127 547 3415 611 recusavit,
3467 564 3641 620 neque
3687 533 3937 610 illorum

2315 625 2570 694 obtegere
2609 628 2736 684 vitia
2781 631 2950 686 voluit
2982 651 2994 686 :
3022 635 3165 704 quod
3210 640 3498 694 maximum
3537 653 3621 697 est
3663 648 3942 702 veritatis

2317 729 2712 786 argumentum.
2765 721 2903 789 Quid
2952 723 3113 795 igitur
3154 727 3247 782 ille
3287 727 3357 784 de
3401 730 3506 786 illis
3547 732 3710 789 dicit?
3747 736 3936 804 Quod

2315 806 2532 864 Christo
2560 814 2980 882 comprehenso,
3011 827 3132 886 post
3156 819 3433 877 innumera
3467 825 3607 881 edita
3646 829 3940 885 miracula

2314 899 2408 954 alii
2430 899 2697 972 fugerint,
2726 905 2814 960 ille
2852 922 2984 962 vero
3011 911 3236 967 aliorum
3264 915 3580 986 coryphaeus
3608 921 3781 988 ipsum
3817 939 3936 977 ne-

2315 992 2542 1060 gaverit.
2577 992 2855 1049 Undenam
2883 1013 3010 1067 ergo
3041 999 3114 1053 illi
3141 1042 3154 1064 ,
3184 1004 3272 1069 qui
3303 1005 3516 1061 vivente
3553 1009 3768 1065 Christo
3815 1011 3938 1068 Ju—

2317 1081 2558 1137 dazorum
2573 1085 2828 1154 impetum
2850 1104 2954 1142 non
2979 1091 3226 1158 tulerant,
3249 1093 3340 1149 illo
3361 1105 3573 1154 mortuo
3595 1110 3649 1154 et
3669 1103 3936 1170 sepulto,

2316 1189 2438 1230 cum
2463 1192 2568 1230 non
2594 1181 2998 1248 resurrexisset,
3031 1193 3088 1237 ut
3117 1201 3210 1241 vos
3241 1187 3439 1254 dicitis,
3469 1206 3643 1261 neque
3663 1194 3940 1264 alloquu-

2320 1274 2407 1322 tus
2448 1268 2570 1323 illos
2614 1269 2822 1337 fuisset,
2871 1287 3046 1344 neque
3088 1277 3324 1334 animum
3370 1281 3669 1351 indidisset,
3719 1300 3936 1344 contra

2319 1368 2525 1416 tantum
2551 1363 2737 1418 orbem
2765 1373 2920 1419 terra:
2940 1367 3109 1422 aciem
3133 1370 3531 1428 instruxerunt?
3549 1377 3740 1432 Annon
3765 1379 3937 1449 apud

2318 1466 2378 1506 se
2397 1452 2678 1520 dixissent,
2701 1454 2838 1522 Quid
2865 1456 2965 1512 hoc
2993 1461 3118 1513 est?
3145 1463 3380 1532 seipsum
3429 1481 3535 1520 non
3583 1472 3755 1538 potuit
3791 1487 3939 1527 ser-

2319 1557 2447 1599 vare
2471 1585 2486 1610 ,
2517 1553 2574 1600 et
2598 1561 2698 1601 nos
2728 1550 3009 1619 proteget?
3036 1551 3137 1607 sibi
3163 1569 3319 1622 opem
3354 1572 3459 1611 non
3484 1560 3606 1614 tulit
3627 1563 3780 1617 vivus
3820 1608 3837 1626 .
3872 1576 3939 1622 et

2321 1634 2474 1690 nobis
2503 1651 2720 1692 manum
2747 1639 2930 1695 tendet
2955 1653 3199 1699 mortuus
3220 1646 3243 1698 ?
3271 1647 3384 1716 ipse
3399 1647 3555 1703 vivus
3569 1649 3775 1703 nullam
3788 1650 3940 1706 sub-

2315 1730 2429 1798 egit
2483 1736 2718 1797 gentem,
2750 1741 2806 1786 et
2832 1747 2928 1787 nos
2956 1735 3050 1788 toti
3081 1735 3219 1803 orbi,
3254 1738 3420 1807 ipsius
3443 1743 3646 1810 prolato
3667 1748 3931 1812 nomine,

2322 1818 2806 1886 persuadebimus?
2852 1832 2905 1877 et
2945 1827 3213 1893 quomodo
3260 1842 3366 1883 non
3413 1843 3597 1888 contra
3642 1839 3932 1892 rationem

2321 1905 2501 1975 fuerit,
2548 1909 2664 1965 haec
2703 1926 2809 1966 non
2853 1913 3026 1968 solum
3073 1915 3270 1983 facere,
3313 1919 3408 1973 sed
3441 1922 3601 1977 etiam
3629 1929 3936 1996 cogitare?

2320 1999 2677 2064 Quamobrem
2705 2002 2877 2070 palam
2905 2013 3018 2069 est,
3047 2006 3092 2060 si
3119 2021 3224 2062 non
3257 2009 3515 2065 vidissent
3543 2014 3692 2069 illum
3725 2032 3936 2072 resur-

2323 2090 2532 2148 rexisse
2554 2133 2572 2161 ,
2601 2109 2960 2165 magnumque
2986 2099 3235 2166 potentiae
3262 2100 3378 2170 ejus
3417 2102 3727 2161 habuissent
3753 2123 3939 2179 argu-

2323 2192 2564 2236 mentum
2585 2222 2600 2246 ,
2629 2197 2734 2238 non
2760 2192 2961 2239 tantam
2995 2186 3236 2255 jacturos
3267 2188 3432 2246 fuisse
3459 2193 3652 2248 aleam.
3685 2195 3934 2252 Etiamsi

2322 2269 2468 2325 enim
2497 2275 2700 2327 amicos
2727 2272 3034 2329 habuissent
3063 2275 3495 2346 innumerabiles,
3523 2296 3701 2338 annon
3729 2287 3932 2341 statim

2323 2362 2564 2417 omnium
2590 2363 2690 2418 sibi
2724 2364 3053 2421 inimicitiam
3084 2370 3430 2425 attraxissent
3453 2413 3470 2438 ,
3509 2372 3635 2427 dum
3664 2375 3936 2445 antiquos

2326 2467 2505 2508 mores
2530 2463 2884 2521 amoverent,
2913 2464 2968 2511 et
2994 2458 3194 2526 patrios
3222 2462 3478 2516 terminos
3519 2463 3936 2520 transferrent?

2327 2559 2468 2601 nunc
2487 2555 2666 2602 autem
2687 2561 2877 2603 omnes
2908 2549 3142 2605 habuere
3166 2551 3265 2606 sibi
3293 2554 3476 2608 hostes
3508 2564 3564 2609 et
3592 2558 3848 2627 proprios
3873 2572 3937 2615 et

2327 2637 2552 2693 alienos.
2579 2638 2801 2693 Etiamsi
2826 2640 2970 2694 enim
2998 2651 3218 2711 propter
3242 2653 3462 2699 externa
3488 2649 3664 2701 omnia
3690 2663 3936 2704 venera-

2327 2731 2462 2786 biles
2489 2731 2735 2798 fuissent,
2757 2746 2935 2787 annon
2965 2747 3158 2788 omnes
3183 2735 3330 2804 ipsos
3354 2741 3615 2793 exsecrati
3644 2739 3885 2796 fuissent
3910 2785 3928 2808 ,

2325 2823 2468 2894 quod
2494 2839 2690 2878 novum
2719 2824 2842 2880 vita
2871 2824 3166 2879 inStitutum
3198 2826 3711 2886 inducerent?nune
3734 2841 3933 2888 autem

2329 2917 2532 2973 deserti
2569 2927 2721 2972 erant
2746 2917 2814 2971 ab
2838 2918 3120 2984 omnibus,
3151 2929 3206 2974 et
3233 2932 3653 2980 consentaneum
3683 2937 3837 2993 erat,
3871 2940 3936 2982 ut

2330 3007 2416 3062 vel
2438 3007 2561 3062 inde
2574 3008 2626 3061 in
2646 3009 2887 3062 omnium
2909 3008 3091 3064 odium
3105 3019 3160 3064 et
3179 3023 3543 3083 contemptum
3557 3017 3930 3073 incurrerent.

2330 3099 2478 3166 Quos
2505 3099 2647 3154 enim
2684 3099 2763 3153 vis
2789 3099 3008 3155 dicere?
3033 3100 3295 3157 Juda-os?
3324 3105 3391 3158 At
3418 3105 3616 3174 ingenti
3645 3108 3763 3162 illos
3795 3109 3935 3164 odio

2331 3189 2794 3261 prosequebantur
2835 3205 2901 3245 ex
2948 3191 3034 3257 iis,
3067 3207 3186 3262 qua:
3214 3202 3399 3248 contra
3435 3196 3744 3265 magistrum
3785 3201 3934 3254 facta

2333 3279 2564 3336 fuerant.
2593 3282 2673 3334 Au
2703 3280 2920 3336 Graecos
2939 3283 2962 3336 ?
2983 3282 3053 3335 At
3077 3283 3130 3336 hi
3155 3299 3260 3338 non
3285 3285 3462 3338 minus
3480 3300 3640 3355 quam
3666 3288 3742 3341 illi
3771 3289 3934 3358 ipsos

2331 3373 2751 3439 aversabantur;
2784 3373 2941 3444 idque
2968 3385 3168 3429 norunt
3195 3377 3426 3432 maxime
3454 3379 3692 3433 omnium
3721 3380 3930 3436 Gneci.

2334 3465 2482 3519 Plato
2506 3465 2670 3532 enim,
2695 3467 2782 3532 qui
2810 3481 2999 3521 novam
3027 3468 3190 3522 voluit
3215 3469 3492 3525 instituere
3515 3471 3930 3540 rempublicam,

2334 3557 2420 3612 vel
2449 3559 2626 3626 potius
2656 3567 2856 3627 partem
2901 3560 3240 3629 reipublicae,
3283 3561 3374 3630 qui
3415 3577 3518 3616 non
3563 3563 3787 3618 deorum
3831 3579 3933 3618 no-

2334 3648 2477 3702 ina
2508 3650 2751 3714 mutavit,
2782 3649 2874 3704 sed
2897 3660 3015 3704 acta
3038 3661 3090 3705 et
3115 3659 3263 3721 gesta
3288 3653 3389 3706 alia
3423 3668 3519 3722 pro
3543 3653 3662 3708 aliis
3691 3654 3924 3717 induxit,

2334 3740 2388 3794 in
2433 3739 2726 3810 periculum
2761 3741 2924 3805 venit,
2975 3757 3040 3796 ue
3083 3758 3149 3797 ex
3191 3741 3372 3797 Sicilia
3409 3743 3611 3811 ejcctus
3639 3748 3715 3815 (a)
3748 3757 3929 3799 morte.

2333 3831 2642 3886 afficeretur
2678 3848 2692 3884 :
2733 3832 2856 3901 quia
2885 3841 3064 3887 autem
3094 3833 3195 3887 hoc
3221 3849 3326 3887 nou
3365 3833 3579 3900 accidit,
3621 3834 3926 3888 libertatem

2336 3924 2451 3994 ipse
2479 3922 2676 3978 amisit.
2712 3923 2775 3976 Et
2805 3922 2905 3977 nisi
2937 3923 3193 3978 barbarus
3226 3924 3443 3992 quidam
3471 3924 3666 3980 Sicilia:
3692 3934 3929 3995 tyranno

2337 4014 2519 4068 mitior
2547 4013 2754 4076 fuisset,
2801 4013 2931 4067 nihil
2971 4013 3333 4082 prohibuisset
3369 4015 3657 4084 quominus
3685 4015 3930 4083 philoso-

2335 4105 2473 4173 phus
2515 4103 2568 4156 in
2615 4102 2789 4156 aliena
2831 4111 2972 4156 terra
3011 4104 3257 4158 servituti
3281 4103 3525 4159 addictus
3562 4114 3723 4160 esset.
3757 4103 3927 4174 Atqui

2336 4209 2444 4248 non
2473 4208 2571 4263 par
2598 4209 2686 4249 res
2712 4203 2813 4258 est,
2847 4209 2908 4249 ea
2947 4210 3065 4264 qua:
3107 4194 3174 4248 ad
3216 4210 3436 4264 regnum
3468 4195 3734 4265 pertinent
3763 4195 3928 4250 inno-

2338 4301 2483 4351 vare,
2500 4297 2554 4341 et
2573 4302 2693 4356 qua:
2717 4287 2784 4340 ad
2811 4286 3125 4356 religionem
3153 4305 3166 4341 :
3190 4287 3292 4343 hoc
3319 4288 3462 4342 enim
3493 4288 3723 4342 maxime
3752 4287 3930 4342 homi-

2340 4394 2435 4434 nes
2458 4378 2741 4434 conturbat
2778 4388 2831 4434 et
2869 4389 3188 4434 commovet.
3218 4379 3349 4434 Nam
3375 4380 3555 4435 dicere
3574 4423 3587 4445 ,
3619 4381 3716 4435 Hic
3743 4393 3798 4434 et
3823 4380 3928 4435 istc

2339 4469 2476 4524 hanc
2517 4484 2740 4524 uxorem
2783 4469 3003 4537 ducant,
3051 4480 3127 4534 et,
3167 4470 3428 4526 Custodes
3472 4471 3576 4526 hoc
3618 4471 3780 4526 modo
3816 4471 3926 4527 sint

2337 4559 2608 4622 custodes,
2640 4575 2747 4613 non
2773 4560 2997 4614 multum
3026 4559 3239 4615 turbare
3270 4571 3524 4628 possunt,
3548 4576 3668 4616 cum
3691 4561 3929 4616 maxime

2339 4650 2394 4705 in
2422 4651 2564 4704 libro
2589 4649 2788 4719 scripta
2817 4661 2962 4716 sunt,
2992 4665 3092 4706 nec
3121 4653 3346 4706 multum
3375 4662 3528 4706 curat
3548 4652 3845 4722 legislator,
3873 4658 3932 4703 ut

2339 4741 2535 4811 scripta
2566 4741 2622 4795 in
2667 4756 2801 4811 Opus
2827 4751 3022 4797 exeant
3049 4759 3064 4795 :
3096 4753 3150 4796 at
3177 4742 3394 4810 dicere,
3427 4759 3523 4798 eos
3545 4743 3635 4812 qui
3673 4744 3930 4798 coluntur

2341 4849 2445 4888 non
2472 4849 2594 4890 esse
2617 4833 2773 4897 deos,
2806 4834 2900 4888 sed
2929 4834 3222 4899 daemonas,
3251 4849 3376 4888 eum
3402 4835 3494 4904 qui
3519 4835 3806 4890 crucifixus
3827 4833 3927 4888 fuit

2343 4925 2507 4980 Deum
2537 4939 2676 4989 esse,
2701 4923 2850 4979 scitis
2871 4933 3121 4993 quantam
3147 4925 3454 4980 accenderit
3473 4925 3604 4979 iram
3625 4967 3638 4991 ,
3665 4937 3926 4995 quantum

2342 5014 2656 5070 excitaverit
2676 5015 2898 5068 bellum.

2413 5108 2467 5162 5.
2498 5107 2813 5177 Protagoras
2833 5117 2882 5160 et
2906 5105 3203 5160 Theodorus
3221 5107 3376 5160 atltei.
3399 5135 3471 5146 -
3489 5105 3622 5162 Nam
3643 5107 3780 5177 apud
3804 5107 3925 5162 illos

2345 5197 2663 5268 Protagoras
2695 5198 2790 5266 (b),
2814 5198 2936 5267 quia
2967 5212 3129 5251 ausus
3154 5206 3236 5251 est
3263 5197 3465 5262 dicere,
3490 5197 3607 5251 Non
3629 5197 3750 5252 novi
3771 5199 3922 5260 deos,

2405 5334 2478 5396 (α)
2506 5335 2579 5383 De
2600 5334 2806 5384 Platone
2830 5334 3040 5396 ejusque
3065 5333 3111 5380 in
3133 5331 3337 5396 Siciliam
3355 5331 3583 5396 transitu,
3608 5331 3741 5396 etde
3765 5332 3924 5383 reditu

2345 5392 2605 5444 ex‘e'adem
2627 5434 2640 5454 ,
2667 5396 2779 5457 vide
2812 5392 3115 5444 Plutarchum
3138 5394 3187 5441 iu
3214 5393 3323 5441 Vita
3352 5392 3546 5456 Dionis,
3571 5392 3627 5445 et
3649 5395 3926 5457 Diogenem

2343 5461 2582 5506 Lacrtium
2607 5461 2652 5506 in
2678 5456 2892 5505 Platone.

2407 5517 2478 5581 (ιι)
2498 5518 2586 5581 De,
2599 5514 3352 5581 Protagora_h;ec_habet_Cicero
3366 5515 3452 5567 lib.
3476 5517 3498 5566 1
3527 5515 3591 5564 de
3614 5523 3783 5566 Natura
3803 5517 3924 5564 deo-

2344 5577 2471 5648 rum,
2497 5594 2541 5628 c.
2568 5580 2658 5648 25V;
2687 5577 2806 5648 Nam
2829 5577 3073 5648 Abderites
3089 5578 3288 5648 quidem
3321 5585 3613 5648 Protagoras
3626 5611 3641 5634 ,
3665 5580 3804 5648 culus
3825 5591 3855 5624 α
3879 5582 3922 5642 te

2345 5642 2488 5691 modo
2509 5640 2684 5701 nuntio
2704 5640 2832 5701 facta
2853 5645 2942 5701 est,
2967 5637 3200 5701 sophistes
3221 5637 3514 5701 temporibus
3537 5637 3639 5701 illis
3652 5638 3736 5701 pel
3765 5637 3924 5688 niaxi-

2346 5718 2470 5758 mus,
2489 5715 2597 5751 cum
2621 5699 2672 5750 in
2696 5698 2935 5764 principio
2958 5698 3071 5764 libri
3092 5700 3168 5764 sui
3189 5699 3261 5764 sic
3285 5700 3516 5764 posuisset
3541 5699 3604 5749 de
3627 5698 3741 5764 diis,
3767 5707 3922 5754 neque

2346 5771 2397 5816 ut
2419 5766 2532 5829 sint,
2554 5775 2705 5826 neque
2727 5768 2778 5812 ut
2811 5760 2905 5815 tum
2948 5761 3060 5823 sint,
3088 5760 3441 5813 Atheniensium
3468 5761 3616 5823 jussu
3639 5761 3757 5811 urbe
3779 5765 3922 5818 atque
