4086 6434
269 339 324 399 35

274 460 696 536 ρονδείκνυσιν.
743 469 829 523 ’Δ
865 471 989 544 γὰρ
1028 473 1251 544 ίσχυσαν
1297 469 1643 541 κατορθῶσαι
1691 469 1759 539 τῇ
1811 461 1910 518 τοῦ

277 556 389 612 θεοῦ
410 556 613 630 χάριτι
654 561 935 618 τελῶναι
969 565 1064 619 καὶ
1091 565 1280 630 ἁλιεῖς,
1306 561 1479 618 ταῦτα
1505 561 1789 632 φιλόσοφοι
1816 558 1910 612 καὶ

287 651 492 723 (ήτορες
531 650 640 704 καὶ
667 653 966 724 τύραννοι
1009 655 1104 710 καὶ
1132 656 1280 708 πᾶσα
1319 653 1508 717 ἀπλῶς
1537 655 1571 724 ή
1611 649 1908 721 οἰκουμένη

287 741 438 814 μυρία
470 743 940 816 περιδραμοῦσα
983 747 1104 801 οὐδὲ
1152 745 1524 817 φαντασθῆναι
1555 744 1800 814 ἴσχυσαν.
1841 739 1910 792 Τί

301 835 381 906 ςάρ
407 836 510 888 οὐκ
542 835 878 906 εἰσήγαγεν
921 839 953 892 6
996 827 1268 910 σταυρός;
1307 838 1412 891 Τὸν
1441 837 1572 909 περὶ
1611 836 1908 900 ἀθανασίας

288 928 448 997 φακῆς
486 927 690 994 λόγον.
725 929 833 984 τὸν
865 933 996 1002 περὶ
1031 931 1131 1001 τῆς
1179 930 1534 992 ἀναστάσεως
1561 929 1671 982 τῶν
1715 928 1907 998 σωμά-

287 1036 397 1078 των,
422 1018 520 1071 τὸν
545 1021 696 1094 περὶ
722 1023 835 1092 τῆς
864 1022 1165 1095 ὑπεροψίας
1195 1022 1305 1076 τῶν
1331 1022 1636 1094 παρόντων,
1659 1021 1752 1074 τὸν
1777 1019 1908 1090 περὶ

281 1109 369 1178 τῆς
411 1110 743 1182 ἐπιθυμίας
787 1113 904 1168 τῶν
945 1114 1266 1186 μελλόντων.
1310 1115 1421 1167 Kal
1464 1113 1733 1182 ἀγγέλους
1777 1114 1906 1176 τοὺς

276 1200 602 1273 ἀνθρώπους
643 1205 914 1276 ἐποίησε,
954 1206 1049 1260 καὶ
1099 1206 1298 1270 πάντες
1357 1204 1638 1275 πανταχοῦ
1688 1205 1906 1274 φιλοσο-

275 1293 451 1362 φοῦσι,
483 1297 591 1350 καὶ
627 1299 834 1353 πᾶσαν
859 1299 1113 1369 ἀνδρείαν
1135 1298 1552 1352 ἐπιδείκνυνται.

332 1443 395 1498 δ’.
446 1444 628 1498 Ἀλλά
683 1447 788 1500 καὶ
840 1447 974 1519 παρ’
1012 1447 1216 1509 αὐτοῖς,
1259 1447 1415 1516 φησὶ,
1453 1442 1637 1497 πολλοὶ
1673 1442 1903 1496 θανάτου

266 1538 774 1606 καταφρονοῦντες
801 1541 1076 1608 γεγόνασι.
1110 1538 1286 1603 Τίνες,
1317 1537 1441 1592 εἰπέ
1471 1554 1597 1608 μοι;
1632 1532 1743 1608 ἄρα
1772 1536 1800 1588 6
1833 1534 1895 1588 τὸ

263 1625 489 1680 κώνειον
529 1628 736 1696 πιώνς
797 1631 940 1684 Ἀλλ’
979 1633 1030 1684 εἰ
1079 1629 1282 1701 βούλει,
1342 1628 1620 1694 τοιούτους
1673 1629 1900 1700 μυρίους

259 1717 362 1771 ἀπὺ
413 1719 527 1790 τῆς
595 1721 950 1793 Ἐκκλησίας
995 1723 1391 1792 παράσχωμαι.
1447 1720 1512 1772 Εἰ
1573 1719 1680 1790 γὰρ
1749 1719 1895 1788 ἐνῆν,

256 1811 507 1881 διωγμοῦ
569 1814 1020 1879 καταλαϐόντος,
1059 1814 1284 1868 κώνειον
1333 1813 1557 1876 πιόντας
1615 1811 1896 1879 ἀπελθεῖν,

256 1906 462 1969 πάντες
495 1905 576 1960 ἂν
608 1907 839 1960 ἐκείνου
872 1906 1243 1978 λαμπρότεροι
1276 1907 1554 1976 γεγόνασι.

325 2056 560 2122 ’Δλλως
603 2058 666 2112 δέ
692 2060 908 2124 ἐκεῖνος
945 2059 1068 2130 οὑχί
1101 2058 1289 2132 κύριος
1332 2058 1408 2112 ὢν
1441 2056 1537 2111 τοῦ
1579 2055 1656 2128 μὴ
1685 2058 1828 2109 πιεῖν
1859 2055 1892 2126 ἢ

260 2153 431 2218 πιεῖν,
480 2152 657 2205 ἔπιεν
675 2169 690 2181 ⁸
730 2153 868 2207 ἀλλά
903 2155 998 2207 καί
1027 2154 1229 2209 ἄκοντα
1257 2153 1349 2207 καί
1372 2152 1568 2206 ἐκόντα
1596 2151 1704 2204 ἔδει
1736 2149 1896 2203 τοῦτο

263 2245 481 2309 παθεῖν,
519 2246 676 2317 ὅπερ
708 2247 812 2299 οὐκ
837 2239 905 2317 ἦν
938 2247 1210 2316 ἀνδρείας,
1245 2245 1381 2299 ἀλλά
1407 2245 1654 2314 ἀνάγκης
1681 2241 1890 2296 λοιπόν.

264 2338 376 2392 Καὶ
409 2337 532 2408 γὰρ
566 2339 676 2390 καὶ
710 2337 912 2408 λῃσταὶ
933 2338 1026 2390 καὶ
1055 2337 1370 2410 ἀνδροφόνοι
1399 2336 1505 2390 ὑπὸ
1525 2338 1592 2406 τῇ
1617 2335 1783 2406 ψήφῳ
1806 2351 1892 2402 γε-

266 2430 488 2498 νόμενοι
536 2429 659 2482 τῶν
702 2428 1039 2494 δικαζόντων
1079 2429 1438 2500 χαλεπώτερα
1479 2427 1704 2480 ἔπαθον.
1750 2423 1890 2495 Παρ’

268 2519 400 2588 ἡμῖν
424 2518 486 2572 δὲ
518 2517 846 2572 τούναντίον
869 2517 1036 2572 ἀπαν·
1067 2519 1128 2571 οὐ
1157 2517 1266 2588 γὰρ
1295 2517 1520 2577 ἄκοντες
1541 2515 1590 2567 οἰ
1615 2512 1892 2584 μάρτυρες

271 2597 614 2682 ῦπέμειναν,
644 2611 765 2664 ἀλλ’
795 2611 1015 2676 ἑκόντες
1062 2612 1156 2665 καὶ
1198 2609 1380 2681 κύριοι
1431 2607 1524 2662 τοῦ
1573 2606 1650 2679 μὴ
1695 2605 1890 2658 παθεῖν

273 2702 450 2765 ὄντες.
661 2701 972 2770 ἀδάμαντος
1021 2699 1222 2764 παντὸς
1269 2697 1631 2772 στερροτέραν
1683 2695 1890 2749 ἐπιδει-

274 2792 512 2856 κνύντες
534 2793 646 2864 τὴν
675 2792 951 2864 ἀνδρείαν.
978 2793 1051 2846 Οὐ
1082 2792 1262 2846 τοίνυν
1289 2791 1447 2845 τοῦτο
1475 2786 1812 2860 θαυμαστὸν,
1840 2787 1888 2840 εἰ

276 2885 507 2939 κώνειον
549 2886 716 2938 ἔπιεν
745 2887 977 2950 ἐκεῖνος,
1007 2885 1102 2938 καὶ
1133 2883 1332 2956 μηκέτι
1361 2881 1551 2950 κύριος
1577 2879 1652 2934 ὢν
1684 2880 1778 2932 τοῦ
1813 2877 1888 2949 μὴ

279 2983 444 3045 πιεῖν,
499 2979 609 3033 καὶ
649 2978 786 3050 πρὸς
826 2977 1056 3048 ἔσχατον
1098 2975 1275 3047 γῆρας
1317 2974 1613 3044 ἐληλακώς·
1647 2971 1740 3025 καὶ
1778 2970 1887 3041 γάρ

277 3071 466 3140 ἔλεγεν
518 3069 669 3124 ἐτῶν
707 3068 1080 3138 ἐϐδομήκοντα
1139 3063 1302 3128 εῖναι,
1356 3065 1445 3118 ὅτε
1506 3062 1887 3132 κατεφρόνησε

277 3163 446 3232 ζωῆς,
486 3163 544 3214 εί
590 3177 656 3229 γε
703 3161 797 3213 καὶ
829 3159 990 3212 τοῦτο
1017 3156 1428 3227 καταφρονῆσαί
1475 3156 1654 3208 ἐστιν·
1686 3154 1748 3206 ού
1775 3153 1885 3224 γάρ

275 3251 454 3320 εγωγε
485 3253 557 3305 ἂν
590 3251 827 3320 εἴποιμι,
857 3249 1056 3319 μᾶλλον
1080 3249 1135 3301 δὲ
1163 3247 1283 3300 οὐδὲ
1311 3246 1468 3309 ἄλλος
1487 3245 1683 3308 οὐδείς.
1724 3243 1886 3298 Ἀλλά

274 3340 450 3406 δεῖξόν
477 3340 573 3409 μοί
608 3355 730 3391 τινα
759 3337 902 3401 ὑπὲρ
936 3337 1218 3400 εὐσεϐείας
1255 3336 1510 3406 βασάνοις
1543 3335 1886 3406 ἐγκαρτερή-

281 3451 474 3496 σαντα,
515 3432 776 3503 καθάπερ
809 3431 920 3500 ἐγὼ
956 3431 1184 3502 μυρίους
1231 3431 1511 3500 πανταχοῦ
1567 3434 1668 3502 τῆς
1699 3433 1883 3485 οἰκου-

283 3526 472 3595 μένης.
506 3524 609 3587 Τίς
665 3524 774 3577 τῶν
825 3523 1037 3592 όνύχων
1095 3521 1559 3593 ἀνορυττομένων,
1617 3523 1886 3590 γενναίως

278 3617 520 3688 ῆνεγκε;
554 3618 641 3679 τίς
671 3617 779 3670 τῶν
829 3616 1048 3687 ἄρθρων
1087 3614 1620 3684 ἀνασκαπτομένων;
1657 3613 1742 3677 τίς
1785 3613 1881 3667 τοῦ

284 3708 536 3777 σώματος
584 3708 751 3762 αὐτοῦ
794 3708 935 3762 κατά
988 3707 1154 3777 μέρος
1197 3705 1611 3777 πορθουμένους
1643 3704 1727 3769 τίς
1774 3706 1882 3759 τῶν

281 3801 482 3854 ὀστέων
515 3801 619 3870 τῆς
658 3800 905 3870 κεφαλῆς
941 3798 1498 3869 ἀναμοχλευομένων;
1537 3797 1621 3861 τίς
1657 3798 1752 3851 ἐπὶ
1778 3799 1880 3870 τή-

279 3909 420 3959 γανα
457 3892 704 3963 συνεχῶς
746 3891 1067 3963 τιθέμενοςς
1100 3891 1184 3954 τίς
1211 3893 1291 3954 εἰς
1315 3889 1518 3961 λέϐητα
1543 3889 1884 3961 ἐμϐαλλόμε-

278 3998 402 4049 νος;
435 3982 629 4038 Ταῦτά
659 4001 748 4054 μοι
782 3983 975 4048 δεῖξον.
1022 3982 1096 4035 Τὸ
1120 3982 1232 4052 γὰρ
1275 3981 1488 4052 κωνείῳ
1532 3981 1878 4052 τελευτῆσαι,

278 4073 392 4126 ἶσον
447 4073 570 4125 ἐστί
619 4073 699 4143 τῷ
742 4072 1152 4142 καθευδήσαντα
1209 4073 1601 4142 ἐναπομεῖναι·
1650 4072 1881 4144 καὶγὰρ

280 4164 449 4216 ὕπνου
481 4164 651 4236 ήδίων
674 4159 828 4228 οὗτος
857 4166 886 4218 6
917 4164 1149 4229 θάνατος
1182 4163 1400 4232 λέγεται
1427 4159 1586 4218 εἶναι.
1619 4163 1682 4217 Εἰ
1712 4164 1770 4218 δέ
1795 4181 1880 4216 τι-

280 4273 366 4319 νες
390 4257 490 4309 καὶ
522 4257 796 4326 βασάνους
818 4257 1139 4327 ὑπέμειναν,
1165 4257 1300 4311 ἀλλά
1333 4259 1426 4311 καὶ
1451 4256 1657 4311 τούτων
1685 4257 1748 4311 τὸ
1782 4259 1880 4327 ἐγ-

278 4345 491 4418 κώμιον
519 4345 824 4400 ἀπόλωλεν·
853 4345 994 4418 ὑπὲρ
1023 4347 1134 4418 γὰρ
1166 4348 1401 4418 αἰσχρᾶς
1423 4346 1606 4410 αἰτίας
1628 4346 1879 4402 ἀπώλον-

275 4456 355 4502 το,
387 4439 440 4492 οἰ
482 4438 586 4509 μὲν
605 4439 683 4502 ώς
718 4439 1006 4511 ἀπόρρητα
1035 4437 1361 4506 ἐξειπόντες,
1391 4440 1442 4493 οἰ
1477 4439 1533 4493 δὲ
1569 4439 1646 4502 ώς
1672 4441 1877 4510 τυραν-

275 4529 378 4583 νίδι
405 4527 746 4598 ἐπιθέμενοι,
770 4529 818 4582 οἰ
851 4529 909 4581 δὲ
948 4527 1044 4582 ἐπὶ
1077 4531 1186 4592 τοῖς
1215 4529 1517 4599 αἰσχίστοις
1553 4528 1793 4594 ἀλόντες·
1826 4530 1876 4583 οί

270 4620 330 4674 δέ
363 4620 494 4693 εἰκῆ
523 4620 620 4674 καὶ
655 4620 830 4692 μάτην
853 4619 948 4673 καὶ
981 4618 1191 4684 ἀπλῶς,
1223 4621 1402 4684 αἰτίας
1430 4619 1506 4691 μὴ
1530 4617 1717 4688 οὔσης,
1742 4621 1873 4673 ἐαυ-

270 4713 402 4775 τοὺς
457 4713 799 4785 ἀπήνεγκαν.
857 4712 997 4767 Ἀλλ’
1035 4713 1156 4782 οὐχὶ
1209 4711 1340 4784 παρ’
1389 4715 1521 4784 ἡμῖν
1565 4711 1728 4767 οὕτω.
1773 4713 1875 4768 Διά

270 4804 436 4859 τοῦτο
462 4806 536 4860 τά
570 4806 669 4876 μὲν
699 4805 922 4860 ἐκείνων
954 4807 1263 4876 σεσίγηται,
1306 4805 1480 4859 ταῦτα
1509 4805 1566 4859 δὲ
1594 4805 1748 4859 ἀνθεῖ
1779 4807 1874 4862 καὶ

272 4894 398 4947 καθ’
422 4895 666 4966 ἑκάστην
695 4896 971 4950 ἐπιδίδωσι
1001 4897 1101 4966 τήν
1124 4896 1360 4967 ἡμέραν.
1399 4897 1579 4967 Ὅπερ
1619 4896 1818 4950 ἐννοῶν
1844 4898 1872 4950 6

272 4987 494 5052 Παῦλος
516 4987 692 5058 ἔλεγε·
717 4991 792 5044 Τὸ
816 4991 1042 5055 ἀσθενὲς
1063 4983 1157 5043 τοῦ
1179 4989 1316 5043 Θεοῦ
1343 4989 1562 5044 πάντων
1593 4989 1871 5060 ἰσχυρότε-

275 5082 368 5151 ρόν
402 5082 523 5135 ἐστι
543 5081 655 5136 τῶν
678 5083 1003 5156 ἀνθρώπων.
1040 5084 1164 5137 Ὀτι
1190 5082 1298 5154 γάρ
1325 5082 1468 5136 θεῖον
1490 5082 1552 5136 τὸ
1581 5083 1868 5154 κήρυγμα,

273 5175 369 5229 καί
414 5174 670 5230 ἐντεῦθεν
707 5175 888 5246 δῆλον.
932 5174 1104 5228 Πόθεν
1136 5175 1246 5246 γὰρ
1279 5173 1514 5244 ἐπῆλθεν
1559 5173 1872 5246 ἀνθρώποις

270 5268 483 5324 δώδεκα
533 5268 628 5323 καὶ
665 5267 903 5332 ἰδιώταις
941 5268 1260 5338 πράγμασιν
1300 5268 1648 5338 ἐπιχειρῆσαι
1677 5267 1869 5320 τοσού-

268 5379 405 5428 τοις,
435 5364 496 5416 ἐν
525 5361 768 5432 λίμναις,
799 5363 859 5415 ἐν
907 5363 1200 5432 ποταμοῖς,
1252 5363 1310 5414 ἐν
1355 5359 1616 5432 ἐρημίαις
1665 5359 1868 5430 διατρί-

268 5456 478 5524 ϐουσιν,
513 5455 776 5510 οὐδέποτε
818 5455 901 5518 εἰς
936 5453 1092 5508 πόλιν
1134 5453 1348 5525 ταχέως
1372 5453 1495 5506 οὐδὲ
1540 5455 1621 5517 εἰς
1659 5453 1868 5524 ἀγορὰν

263 5545 640 5617 ἐμϐεϐληκότι
670 5556 717 5611 ⁸;
752 5545 921 5600 πόθεν
965 5545 1169 5617 ἐπῆλθε
1209 5545 1349 5616 πρὸς
1399 5547 1503 5619 τὴν
1533 5545 1866 5618 οἰκουμένην

265 5639 444 5693 πᾶσαν
476 5635 908 5710 παρατάξασθαι
937 5652 952 5702 ;
990 5636 1112 5690 Ὀτι
1139 5635 1249 5706 γὰρ
1273 5634 1438 5690 δειλοὶ
1473 5631 1613 5708 ἦσαν
1643 5636 1738 5690 καὶ
1774 5637 1868 5692 ἄν·

325 5812 353 5842 ⁸
381 5811 656 5876 Legebamr
682 5807 986 5872 ἐμϐεϐηκόσι
996 5845 1007 5856 .

1347 351 1416 408 ΙΝ
1452 350 1673 409 EPIST.
1715 349 1736 404 1
1771 347 1863 403 AD
1899 341 2062 402 C08.
2103 343 2340 402 IIOMIL.
2368 347 2457 404 IV.
3523 350 3592 404 36

2009 462 2215 534 ανδροι,
2240 463 2512 520 δείκνυσιν
2534 466 2563 519 6
2589 466 2718 536 περὶ
2743 463 2924 522 αὐτῶν
2959 465 3199 537 γράψας,
3232 468 3327 520 καὶ
3351 465 3426 538 μὴ
3456 485 3598 540 παρ-

2008 556 2400 628 αιτησάμενος,
2456 557 2593 628 μηδέ
2631 558 2934 630 ὑπομείνας
2983 559 3276 612 συσκιάσαι
3309 559 3491 614 αὐτῶν
3529 561 3598 614 τά

2007 651 2383 723 ἐλαττώματα,
2421 652 2557 718 ὅπερ
2591 651 2848 722 μέγιστον
2879 651 2974 705 καὶ
3006 651 3167 704 τοῦτο
3199 651 3300 722 τῆς
3341 651 3602 722 ἀληθείας

2006 743 2126 796 ἐστὶ
2144 744 2464 814 τεκμήριον.
2496 741 2563 794 Τί
2589 737 2684 795 οὖν
2706 735 2862 805 οὗτός
2900 758 3033 811 φησι
3071 742 3198 812 περὶ
3222 741 3440 807 αὐτῶν;
3475 742 3599 794 Ὅτι

2004 833 2101 889 τοῦ
2143 834 2384 906 Χριστοῦ
2418 833 2836 905 συλληφθέντας,
2872 833 3013 903 μετὰ
3048 834 3219 904 μυρία
3253 832 3507 904 θαύματα
3547 835 3598 887 οἰ

2008 928 2109 999 μὲν
2150 927 2370 998 ἔφυγον,
2411 931 2440 982 6
2489 927 2545 982 δὲ
2593 928 2784 999 μείνας
2827 929 3122 998 κορυφαῖος
3160 927 3234 979 ὢν
3269 928 3376 980 τῶν
3421 927 3596 981 ἄλλων

2002 1021 2304 1090 ἠρνήσατο.
2339 1019 2512 1072 Πόθεν
2541 1015 2638 1072 οὖν
2667 1019 2717 1071 οἰ
2741 1017 2942 1083 ζῶντος
2969 1017 3064 1071 τοῦ
3093 1017 3330 1088 Χριστοῦ
3353 1017 3450 1088 τὴν
3476 1018 3599 1070 Ἰου-

2002 1109 2196 1182 δαῖκὴν
2229 1111 2405 1183 όρμὴν
2437 1112 2538 1166 οὐκ
2567 1112 2904 1181 ἐνεγκόντες,
2935 1110 3358 1181 τελευτήσαντος
3384 1112 3476 1164 καί
3501 1128 3596 1162 τα-

2003 1203 2198 1273 φέντος
2225 1205 2320 1257 καὶ
2353 1204 2428 1276 μὴ
2457 1204 2810 1270 ἀναστάντος,
2833 1203 2908 1267 ὥς
2938 1221 3096 1273 φατε,
3129 1203 3263 1272 μηδέ
3295 1201 3597 1272 διαλεχθέν-

2000 1313 2093 1358 τος
2136 1297 2343 1360 αὑτοῖς,
2389 1295 2523 1368 μηδὲ
2579 1297 2777 1366 θάρσος
2823 1295 3088 1358 ἐνθέντος.
3139 1295 3275 1366 πρὸς
3324 1294 3596 1364 τοσαύτην

2001 1387 2406 1458 παρετάττοντο
2419 1389 2745 1458 οἰκουμένην
2761 1404 2776 1448 ;
2795 1389 2908 1441 Οὐκ
2935 1387 3000 1440 ἂν
3021 1382 3173 1439 εἷπον
3189 1385 3324 1456 πρὸς
3343 1386 3592 1450 ἑαυτοὺς,

2001 1477 2067 1531 Τί
2109 1477 2174 1548 δὴ
2213 1477 2372 1532 τοῦτό
2409 1480 2596 1544 ἐστιν;
2632 1480 2824 1532 ἐαυτὸν
2864 1480 2963 1532 οὐκ
3005 1479 3194 1549 ῐσχυσε
3252 1477 3444 1542 σῶσαι,
3502 1478 3595 1530 καὶ

1999 1571 2160 1642 ήμῶν
2185 1574 2558 1643 προστήσεται
2583 1591 2598 1638 ;
2636 1573 2814 1644 ἐαυτῷ
2843 1575 2945 1626 οὐκ
2973 1574 3148 1643 ήμυνε
3174 1572 3303 1638 ζῶν,
3335 1573 3430 1625 καὶ
3460 1573 3594 1641 ἡμῖν

1999 1669 2158 1736 χεῖρα
2189 1665 2370 1736 όρέξει
2401 1666 2833 1737 τετελευτηκώς;
2861 1666 3024 1730 αὐτὸς
3059 1665 3170 1730 ζῶν
3202 1666 3322 1719 οὐδὲ
3352 1665 3408 1719 ἐν
3441 1665 3594 1730 ἔθνος

2001 1757 2258 1822 ὑπέταξε,
2286 1760 2382 1812 καὶ
2403 1761 2569 1828 ἡμεῖς
2588 1759 2686 1829 τὴν
2717 1757 3046 1828 οἰκουμένην
3074 1757 3206 1828 ὅλην
3231 1758 3496 1827 πείσομεν
3530 1756 3592 1809 τὸ

1997 1848 2206 1902 ἐκείνου
2235 1849 2485 1918 λέγοντες
2517 1850 2726 1921 δνομας
2760 1849 2856 1903 καὶ
2892 1848 3009 1912 πῶς
3045 1849 3111 1903 ἂν
3139 1851 3252 1918 ἔχοι
3285 1849 3443 1916 λόγον
3470 1850 3592 1919 οὐχὶ

1997 1940 2223 2008 ποιῆσαι
2265 1941 2439 1994 ταῦτα
2477 1942 2657 2012 μόνον,
2689 1941 2806 1993 ἀλλ’
2828 1939 3081 2010 ἐννοῆσαι
3108 1940 3273 2009 γοῦν;
3303 1939 3466 1993 Ὅθεν
3499 1941 3592 2011 6'71-

1994 2030 2086 2084 λον
2111 2031 2213 2095 δτι,
2247 2034 2296 2084 εἰ
2329 2032 2404 2104 μὴ
2430 2029 2570 2087 εἶδον
2601 2032 2909 2087 ἀναστάντα
2934 2031 3030 2085 καὶ
3056 2032 3154 2100 τῆς
3180 2031 3464 2102 δυνάμεως
3495 2032 3592 2084 αὐ-

1993 2121 2088 2175 τοῦ
2127 2122 2392 2194 μεγίστην
2423 2123 2614 2178 ἔλαϐον
2639 2124 2937 2190 ἀπόδειξιν,
2980 2126 3082 2178 οὐκ
3109 2124 3176 2178 ἂν
3205 2124 3461 2178 τοσοῦτον
3493 2127 3590 2179 ἀν-

1993 2215 2226 2287 έρριψαν
2247 2217 2430 2271 κύϐον.
2453 2215 2569 2288 [50]
2601 2218 2664 2270 Εἰ
2692 2218 2800 2288 γάρ
2831 2219 2924 2271 καὶ
2949 2217 3139 2286 φίλους
3166 2213 3313 2288 εἰχον
3337 2220 3585 2290 μυρίους,

1991 2310 2093 2363 οὐκ
2127 2308 2194 2362 ἂν
2231 2311 2436 2374 εὐθέως
2484 2311 2714 2382 ἐχθροὺς
2748 2313 3050 2382 ἐκτήσαντο
3099 2313 3331 2378 πάντας,
3380 2312 3589 2366 παλαιά

1991 2401 2088 2469 ἔθη
2116 2402 2394 2467 κινοῦντες
2423 2404 2518 2457 καὶ
2547 2403 2779 2476 πατρῷα
2797 2405 2922 2475 ὅρια
2946 2404 3297 2476 μεταίροντες
3313 2405 3372 2468 '0;
3392 2405 3510 2457 νυνί
3530 2405 3588 2458 δέ

1991 2493 2087 2545 καί
2114 2494 2324 2560 πάντας
2358 2497 2651 2565 πολεμίους
2683 2499 3000 2569 ἐκέκτηντο,
3025 2498 3120 2552 καὶ
3147 2498 3273 2560 τοὺς
3305 2497 3468 2560 ἰδίους
3491 2498 3587 2550 καὶ

1989 2582 2116 2645 τοὺς
2138 2583 2471 2653 ἀλλοτρίους.
2502 2586 2566 2639 Εἰ
2591 2585 2700 2656 γάρ
2720 2587 2817 2640 καί.
2849 2588 3120 2657 αἰδέσιμοι
3151 2587 3370 2642 πάντων
3396 2587 3585 2640 ἕνεκεν

1986 2669 2130 2745 ἦσαν
2159 2675 2270 2728 τῶν
2296 2676 2516 2742 ἔξωθεν,
2549 2679 2650 2731 οὐκ
2681 2679 2747 2732 ἂν
2773 2679 2976 2743 πάντες
3007 2679 3205 2742 αὐτοὺς
3231 2678 3587 2745 ἐϐδελύξαντο

1988 2767 2182 2838 καινήν
2209 2767 2487 2822 πολιτείαν
2515 2771 2870 2838 εἰσάγοντας;
2896 2770 2990 2823 νῦν
3015 2770 3072 2823 δὲ
3102 2770 3197 2826 καὶ
3219 2770 3416 2841 ἔρημοι
3447 2771 3585 2824 πάν-

1987 2858 2096 2912 τῶν
2126 2858 2442 2928 ἐτύγχανον,
2473 2862 2566 2914 καί
2598 2860 2747 2925 εἰκὸς
2775 2856 2845 2932 ἦν
2883 2860 3180 2916 κάντεῦθεν
3207 2863 3468 2933 μισητοὺς
3488 2879 3583 2930 γε-

1987 2952 2173 3007 νέσθαι
2208 2955 2359 3026 παρά
2391 2957 2524 3008 πᾶσι
2571 2955 2664 3007 καί.
2703 2955 3234 3026 εὐκαταφρονήτους.
3271 2956 3436 3020 Τίνας
3473 2958 3584 3028 γάρ

1989 3046 2168 3117 βούλει
2199 3047 2417 3110 εἰπεῖν;
2467 3047 2756 3112 Ἰουδαίους
2783 3064 2798 3112 ;
2849 3047 2993 3100 Ἀλλ’
3025 3047 3234 3116 ἄφατον
3263 3046 3408 3119 εἰχον
3444 3051 3584 3120 πρὸς

1985 3138 2184 3201 αὐτοὺς
2211 3140 2370 3210 μῖσος
2413 3140 2476 3191 ἐκ
2506 3139 2614 3192 τῶν
2638 3139 2776 3210 πρὸς
2805 3140 2898 3193 τὸν
2926 3139 3249 3193 διδάσκαλον
3278 3141 3584 3210 γεγενημέ-

1984 3249 2113 3287 νων.
2156 3230 2295 3284 Ἀλλ’
2337 3230 2643 3300 Ἕλληνας;
2689 3230 2850 3284 Ἀλλά
2881 3233 2975 3285 καὶ
3003 3225 3154 3286 οῦτοι
3192 3231 3293 3284 οὐκ
3322 3231 3582 3286 ἐλάττονα

1985 3322 2211 3376 ἐκείνων
2234 3322 2690 3392 ἀπεστράφησαν,
2715 3321 2811 3375 καὶ
2833 3321 2981 3374 ῐσασι
3009 3320 3184 3374 ταῦτα
3210 3321 3446 3392 μάλιστα
3460 3323 3583 3376 "1-3).-

1983 3407 2164 3478 ληνες.
2204 3408 2431 3462 Πλάτων
2472 3408 2583 3478 γὰρ
2629 3410 2657 3462 6
2701 3409 2978 3463 πολιτείαν
3016 3408 3141 3463 τινά
3180 3408 3581 3481 καινοτομῆσαι

1985 3500 2297 3570 βουληθεὶς,
2327 3501 2529 3571 μᾶλλον
2557 3501 2615 3554 δέ
2647 3503 2814 3573 μέρος
2836 3502 3128 3566 πολιτείας,
3161 3505 3254 3556 καὶ
3280 3505 3340 3556 οὐ
3371 3504 3438 3558 τὰ
3469 3502 3581 3557 τῶν

1983 3593 2121 3647 θεῶν
2149 3594 2459 3663 μετατιθεὶς
2489 3595 2716 3665 νόμιμα,
2753 3593 2868 3648 ἀλλ’
2895 3595 3081 3658 ἀπλῶς
3107 3595 3334 3667 πράξεις
3356 3597 3580 3664 εἰσαγα-

1981 3683 2096 3754 γὼν
2132 3687 2331 3756 ἐτέρας
2365 3686 2482 3739 ἀνθ’
2513 3687 2741 3757 ἐτέρων,
2789 3685 3133 3740 ἐκινδύνευσε
3183 3687 3437 3750 Σικελίας
3483 3689 3580 3741 ἐκ·

1981 3778 2165 3831 πεσὼν
2218 3778 2532 3832 ἀποθανεῖν·
2586 3780 2776 3851 ἐπειδὴ
2833 3779 2890 3833 δέ
2923 3779 3084 3834 τοῦτο
3129 3779 3190 3833 ού
3229 3781 3444 3848 γέγονε,
3477 3781 3579 3852 τῆς

1981 3871 2300 3942 ἐλευθερίας
2341 3872 2599 3937 ἐξέπεσεν
2633 3872 2824 3943 αὐτῆς.
2858 3873 2969 3926 Καὶ
2992 3874 3042 3925 εἰ
3075 3872 3150 3944 μὴ
3188 3871 3464 3944 βάρϐαρός
3491 3889 3578 3935 τις

1979 3964 2075 4017 τοῦ
2114 3965 2367 4027 Σικελίας
2411 3966 2679 4036 τυράννου
2720 3964 2944 4033 γέγονεν
2995 3965 3364 4036 ἡμερώτερος,
3423 3965 3577 4018 οὐδὲν

1979 4057 2188 4111 ἐκώλυε
2219 4056 2516 4120 διαπαντὸς
2555 4053 2829 4108 δουλεύειν
2871 4056 2962 4109 τὸν
3001 4056 3290 4124 φιλόσοφον
3324 4057 3383 4108 ἐν
3415 4057 3574 4110 ἀλλο-

1977 4150 2127 4221 τρίᾳ.
2159 4151 2420 4217 Καίτοιγε
2453 4149 2554 4202 οὐκ
2589 4147 2702 4203 ῐσον
2727 4148 2844 4202 ἐστί
2873 4147 2944 4202 τὰ
2971 4147 3097 4219 περί
3135 4148 3414 4219 βασιλείας
3451 4166 3576 4202 και-

1976 4246 2248 4316 νοτομεῖν,
2284 4242 2379 4296 καὶ
2408 4241 2475 4296 τὰ
2500 4240 2630 4310 περὶ
2655 4239 2973 4310 θρησκείας·
2999 4239 3157 4293 τοῦτο
3187 4240 3295 4311 γὰρ
3334 4240 3573 4312 μάλιστα

1977 4338 2198 4410 θορυϐεῖ
2222 4337 2316 4390 καὶ
2337 4335 2594 4408 ταράττει
2619 4333 2744 4396 τοὺς
2769 4332 2864 4386 ἀνθ
2875 4331 3108 4403 ρώπους.
3135 4333 3208 4386 Τὸ
3234 4335 3343 4403 γὰρ
3373 4336 3570 4400 εἰπεῖν,

1975 4432 2058 4485 ὅτι
2103 4431 2161 4484 ⁸0
2202 4429 2351 4483 δεῖνα
2376 4429 2472 4482 καὶ
2507 4429 2536 4483 6
2573 4425 2722 4480 δεῖνα
2756 4425 2856 4496 τὴν
2883 4425 3033 4478 δεῖνα
3069 4424 3443 4494 γαμείτωσαν,
3478 4431 3571 4483 καὶ

1975 4522 2038 4575 οι
2073 4519 2312 4591 φύλακες
2341 4518 2528 4572 τοῦτον
2561 4515 2652 4570 τὸν
2687 4515 2892 4586 τρόπον
2930 4513 3176 4567 ἔστωσαν
3206 4515 3470 4583 φύλακες,
3506 4520 3568 4573 οὐ

1975 4607 2183 4679 σφόδρα
2217 4605 2403 4660 ἰκανὸν
2431 4601 2756 4674 θορυϐῆσαι·
2790 4602 2886 4656 καί
2935 4601 3191 4671 μάλιστα,
3232 4603 3362 4657 ὅταν
3392 4605 3450 4659 ἐν
3490 4605 3571 4676 βι-

1973 4701 2108 4771 ϐλίῳ
2191 4698 2364 4752 ταῦτα
2390 4697 2640 4768 κείμενα,
2670 4695 2763 4748 καὶ
2805 4694 2880 4765 μὴ
2923 4695 3093 4766 πολλὴ
3127 4695 3332 4768 σπουδὴ
3361 4697 3459 4750 τοῦ
3478 4716 3568 4752 νο-

1975 4790 2331 4864 μοθετοῦντος
2365 4789 2584 4860 γίνηται
2617 4788 2696 4850 εἰς
2718 4786 2880 4857 ἔργον
2908 4785 3064 4852 ἄγειν
3093 4785 3162 4838 τά
3191 4785 3478 4858 λεγόμενα·
3505 4789 3568 4841 τὺ

1975 4889 2161 4960 μέντοι
2195 4905 2258 4957 γε
2285 4887 2485 4954 λέγειν,
2514 4885 2598 4938 ὅτι
2624 4884 2722 4936 οὐκ
2753 4881 2860 4934 εἰσὶ
2887 4879 3001 4933 θεοί
3024 4879 3074 4933 οἰ
3111 4879 3562 4951 θεραπευόμενοι,

1969 4980 2084 5036 ἀλλ’
2135 4981 2218 5034 ὃτι
2274 4975 2529 5048 δαίμονές
2573 4977 2732 5039 εἰσιν,
2775 4974 2856 5027 ὅτι
2897 4975 2926 5025 6
2961 4971 3376 5043 ἐσταυρωμένος
3408 4970 3560 5034 Θεὸς,

1969 5075 2084 5128 ῐστε
2120 5072 2294 5142 πόσην
2323 5068 2529 5139 ἀνῆψεν
2553 5067 2744 5139 όργὴν,
2788 5067 2961 5136 πόσην
3002 5065 3068 5118 ἂν
3109 5064 3333 5134 ἐποίησε
3379 5064 3563 5119 δοῦναι

1967 5157 2147 5227 δίκην,
2181 5156 2349 5210 πόσον
2373 5152 2696 5225 ἀνερῥίπισε
2723 5149 2982 5220 πόλεμον.

2038 5294 2101 5342 ε’.
2115 5287 2227 5340 Kal
2243 5282 2354 5355 γὰρ
2370 5280 2746 5354 Πρωταγόρας
2769 5277 2899 5350 παρ’
2911 5278 3116 5340 αὐτοῖς,
3128 5275 3313 5346 ἐπειδὴ
3333 5274 3563 5345 ἐτόλμη-

1969 5396 2061 5432 σεν
2083 5379 2278 5441 εἰπεῖν,
2295 5376 2377 5430 ὅτι
2391 5375 2493 5428 οὐκ
2510 5370 2642 5428 Οἶδα
2661 5372 2839 5435 θεοὺς,
2859 5371 2921 5423 οὐ
2942 5370 3040 5440 τὴν
3060 5368 3382 5438 οἰκουμένην
3405 5385 3562 5439 περι-

1971 5471 2064 5525 ιὼν
2079 5470 2176 5525 καὶ
2192 5468 2502 5540 κηρύττων,
2521 5467 2636 5522 ἀλλ’
2655 5467 2714 5520 ἐν
2734 5466 2832 5537 μιᾷ
2850 5464 3022 5528 πόλει,
3045 5481 3114 5516 πε
3121 5463 3175 5534 9l
3190 5462 3297 5516 τῶν
3313 5461 3560 5530 ἐσχάτων

1965 5561 2338 5619 ἐκινδύνευσε.
2358 5559 2471 5613 Καὶ
2492 5558 2764 5628 Διαγόρας
2787 5557 2816 5610 6
2845 5554 3132 5625 Μιλήσιος,
3158 5550 3253 5604 καὶ
3285 5548 3560 5618 Θεόδωρος

2029 5742 2060 5782 δ
2085 5741 2170 5790 Sic
2194 5741 2320 5796 ΒΘΒ.
2347 5737 2498 5788 bene.
2527 5739 2658 5790 Edili
2680 5741 2846 5786 autem
2890 5733 3090 5795 πατρῷα
3113 5731 3192 5786 ἔθη
3243 5725 3555 5789 μεταίροντες,

1969 5805 2189 5870 repetita
2211 5814 2331 5853 voce
2356 5802 2455 5858 ἔθη.
