  <div class='ocr_page' id='page_1' title='image "/cluster/home/n/w/nwhite01/storage/ocr_20150623/61:no.10/coo.31924054869619/043.png"; bbox 0 0 4086 6476; ppageno 0'>
   <div class='ocr_carea' id='block_1_1' title="bbox 508 369 3796 440">
    <p class='ocr_par' dir='ltr' id='par_1_1' title="bbox 508 369 3796 440">
     <span class='ocr_line' id='line_1_1' title="bbox 508 369 3796 440; baseline 0.005 -19"><span class='ocrx_word' id='word_1_1' title='bbox 508 374 579 430; x_wconf 73' lang='lat'>57</span> <span class='ocrx_word' id='word_1_2' title='bbox 1225 373 1285 428; x_wconf 88' lang='lat' dir='ltr'>S.</span> <span class='ocrx_word' id='word_1_3' title='bbox 1326 370 1618 428; x_wconf 76' lang='lat' dir='ltr'>JOANNIS</span> <span class='ocrx_word' id='word_1_4' title='bbox 1645 369 2145 427; x_wconf 68' lang='lat' dir='ltr'>CHRYSHSTOMI</span> <span class='ocrx_word' id='word_1_5' title='bbox 2187 370 2508 429; x_wconf 76' lang='lat' dir='ltr'>ARCHIEP.</span> <span class='ocrx_word' id='word_1_6' title='bbox 2546 371 3101 430; x_wconf 75' lang='lat' dir='ltr'>CONSTANTINOP.</span> <span class='ocrx_word' id='word_1_7' title='bbox 3718 390 3796 440; x_wconf 63' lang='lat'>7.8</span> 
     </span>
    </p>
   </div>
   <div class='ocr_carea' id='block_1_2' title="bbox 504 482 2092 558">
    <p class='ocr_par' dir='ltr' id='par_1_2' title="bbox 504 482 2092 558">
     <span class='ocr_line' id='line_1_2' title="bbox 504 482 2092 558; baseline -0.003 -16"><span class='ocrx_word' id='word_1_8' title='bbox 504 487 538 542; x_wconf 81' lang='grc' dir='ltr'>δ</span> <span class='ocrx_word' id='word_1_9' title='bbox 564 487 856 558; x_wconf 83' lang='grc' dir='ltr'>λεγόμενος</span> <span class='ocrx_word' id='word_1_10' title='bbox 886 487 1101 555; x_wconf 78' lang='grc' dir='ltr'>Ἀθεος,</span> <span class='ocrx_word' id='word_1_11' title='bbox 1132 485 1312 542; x_wconf 90' lang='grc' dir='ltr'>καίτοι</span> <span class='ocrx_word' id='word_1_12' title='bbox 1343 485 1532 555; x_wconf 89' lang='grc' dir='ltr'>φίλους</span> <span class='ocrx_word' id='word_1_13' title='bbox 1568 482 1717 558; x_wconf 76' lang='grc' dir='ltr'>εἰχον</span> <span class='ocrx_word' id='word_1_14' title='bbox 1742 489 1838 541; x_wconf 71' lang='grc' dir='ltr'>καὶ</span> <span class='ocrx_word' id='word_1_15' title='bbox 1861 485 2092 558; x_wconf 78' lang='grc' dir='ltr'>δύναμιν</span> 
     </span>
    </p>
   </div>
   <div class='ocr_carea' id='block_1_3' title="bbox 503 577 2092 650">
    <p class='ocr_par' dir='ltr' id='par_1_3' title="bbox 503 577 2092 650">
     <span class='ocr_line' id='line_1_3' title="bbox 503 577 2092 650; baseline 0.001 -18"><span class='ocrx_word' id='word_1_16' title='bbox 503 577 608 650; x_wconf 76' lang='grc' dir='ltr'>τὴν</span> <span class='ocrx_word' id='word_1_17' title='bbox 637 579 746 632; x_wconf 84' lang='grc' dir='ltr'>ἀπὸ</span> <span class='ocrx_word' id='word_1_18' title='bbox 767 578 877 632; x_wconf 88' lang='grc' dir='ltr'>τῶν</span> <span class='ocrx_word' id='word_1_19' title='bbox 905 578 1102 648; x_wconf 90' lang='grc' dir='ltr'>λόγων,</span> <span class='ocrx_word' id='word_1_20' title='bbox 1128 581 1225 632; x_wconf 82' lang='grc' dir='ltr'>καὶ</span> <span class='ocrx_word' id='word_1_21' title='bbox 1253 580 1346 632; x_wconf 74' lang='grc' dir='ltr'>ἐπὶ</span> <span class='ocrx_word' id='word_1_22' title='bbox 1378 579 1667 649; x_wconf 77' lang='grc' dir='ltr'>φιλοσοφίᾳ</span> <span class='ocrx_word' id='word_1_23' title='bbox 1699 580 2092 650; x_wconf 78' lang='grc' dir='ltr'>ἐθαυμάζοντο,</span> 
     </span>
    </p>
   </div>
   <div class='ocr_carea' id='block_1_4' title="bbox 505 669 2094 742">
    <p class='ocr_par' dir='ltr' id='par_1_4' title="bbox 505 669 2094 742">
     <span class='ocr_line' id='line_1_4' title="bbox 505 669 2094 742; baseline 0.001 -18"><span class='ocrx_word' id='word_1_24' title='bbox 505 670 624 724; x_wconf 84' lang='grc' dir='ltr'>ἀλλ’</span> <span class='ocrx_word' id='word_1_25' title='bbox 650 670 801 740; x_wconf 82' lang='grc' dir='ltr'>ὅμως</span> <span class='ocrx_word' id='word_1_26' title='bbox 841 670 995 725; x_wconf 82' lang='grc' dir='ltr'>οὐδὲν</span> <span class='ocrx_word' id='word_1_27' title='bbox 1029 671 1234 725; x_wconf 91' lang='grc' dir='ltr'>τούτων</span> <span class='ocrx_word' id='word_1_28' title='bbox 1264 671 1465 733; x_wconf 79' lang='grc' dir='ltr'>αὐτοὺς</span> <span class='ocrx_word' id='word_1_29' title='bbox 1501 669 1700 742; x_wconf 81' lang='grc' dir='ltr'>ὢνησε·</span> <span class='ocrx_word' id='word_1_30' title='bbox 1736 671 1888 726; x_wconf 82' lang='grc' dir='ltr'>καὶὸ</span> <span class='ocrx_word' id='word_1_31' title='bbox 1922 672 2094 740; x_wconf 80' lang='grc' dir='ltr'><strong>μέγας</strong></span> 
     </span>
    </p>
   </div>
   <div class='ocr_carea' id='block_1_5' title="bbox 505 761 2158 836">
    <p class='ocr_par' dir='ltr' id='par_1_5' title="bbox 505 761 2158 836">
     <span class='ocr_line' id='line_1_5' title="bbox 505 761 2158 836; baseline 0.001 -23"><span class='ocrx_word' id='word_1_32' title='bbox 505 761 564 814; x_wconf 86' lang='grc' dir='ltr'>δέ</span> <span class='ocrx_word' id='word_1_33' title='bbox 594 761 891 834; x_wconf 80' lang='grc' dir='ltr'>Σωκράτης</span> <span class='ocrx_word' id='word_1_34' title='bbox 917 763 1014 817; x_wconf 74' lang='grc' dir='ltr'>καὶ</span> <span class='ocrx_word' id='word_1_35' title='bbox 1039 763 1258 818; x_wconf 90' lang='grc' dir='ltr'>πάντων</span> <span class='ocrx_word' id='word_1_36' title='bbox 1284 763 1394 818; x_wconf 87' lang='grc' dir='ltr'>τῶν</span> <span class='ocrx_word' id='word_1_37' title='bbox 1423 766 1557 836; x_wconf 88' lang='grc' dir='ltr'>παρ’</span> <span class='ocrx_word' id='word_1_38' title='bbox 1582 765 1766 828; x_wconf 84' lang='grc' dir='ltr'>αὐτοῖς</span> <span class='ocrx_word' id='word_1_39' title='bbox 1804 765 2095 834; x_wconf 73' lang='grc' dir='ltr'>φιλοσοφίᾳ</span> <span class='ocrx_word' id='word_1_40' title='bbox 2119 769 2158 783; x_wconf 85' lang='lat'><strong><em>&quot;</em></strong></span> 
     </span>
    </p>
   </div>
   <div class='ocr_carea' id='block_1_6' title="bbox 507 853 2094 926">
    <p class='ocr_par' dir='ltr' id='par_1_6' title="bbox 507 853 2094 926">
     <span class='ocr_line' id='line_1_6' title="bbox 507 853 2094 926; baseline 0.002 -21"><span class='ocrx_word' id='word_1_41' title='bbox 507 853 726 923; x_wconf 85' lang='grc' dir='ltr'>κρατῶν</span> <span class='ocrx_word' id='word_1_42' title='bbox 769 854 859 908; x_wconf 91' lang='grc' dir='ltr'>διά</span> <span class='ocrx_word' id='word_1_43' title='bbox 883 853 1043 908; x_wconf 85' lang='grc' dir='ltr'>τοῦτο</span> <span class='ocrx_word' id='word_1_44' title='bbox 1084 857 1147 909; x_wconf 84' lang='grc' dir='ltr'>τὸ</span> <span class='ocrx_word' id='word_1_45' title='bbox 1177 855 1401 910; x_wconf 82' lang='grc' dir='ltr'>κώνειον</span> <span class='ocrx_word' id='word_1_46' title='bbox 1441 856 1616 919; x_wconf 69' lang='grc' dir='ltr'>ἔπιεν,</span> <span class='ocrx_word' id='word_1_47' title='bbox 1660 855 1848 926; x_wconf 76' lang='grc' dir='ltr'>ἐπειδὴ</span> <span class='ocrx_word' id='word_1_48' title='bbox 1898 857 1955 908; x_wconf 89' lang='grc' dir='ltr'>ἐν</span> <span class='ocrx_word' id='word_1_49' title='bbox 1981 857 2094 917; x_wconf 84' lang='grc' dir='ltr'>τοῖς</span> 
     </span>
    </p>
   </div>
   <div class='ocr_carea' id='block_1_7' title="bbox 504 942 2090 1018">
    <p class='ocr_par' dir='ltr' id='par_1_7' title="bbox 504 942 2090 1018">
     <span class='ocr_line' id='line_1_7' title="bbox 504 942 2090 1018; baseline 0.003 -24"><span class='ocrx_word' id='word_1_50' title='bbox 504 942 638 1014; x_wconf 77' lang='grc' dir='ltr'>περὶ</span> <span class='ocrx_word' id='word_1_51' title='bbox 660 943 798 997; x_wconf 89' lang='grc' dir='ltr'>θεῶν</span> <span class='ocrx_word' id='word_1_52' title='bbox 838 945 1018 1014; x_wconf 89' lang='grc' dir='ltr'>λόγοις</span> <span class='ocrx_word' id='word_1_53' title='bbox 1055 946 1250 1018; x_wconf 88' lang='grc' dir='ltr'>μικρόν</span> <span class='ocrx_word' id='word_1_54' title='bbox 1275 965 1328 1000; x_wconf 92' lang='grc' dir='ltr'>τι</span> <span class='ocrx_word' id='word_1_55' title='bbox 1358 949 1686 1018; x_wconf 80' lang='grc' dir='ltr'>παρακινεῖν</span> <span class='ocrx_word' id='word_1_56' title='bbox 1714 945 2090 1000; x_wconf 79' lang='grc' dir='ltr'>ὑπωπτεύετο.</span> 
     </span>
    </p>
   </div>
   <div class='ocr_carea' id='block_1_8' title="bbox 506 1031 2093 1108">
    <p class='ocr_par' dir='ltr' id='par_1_8' title="bbox 506 1031 2093 1108">
     <span class='ocr_line' id='line_1_8' title="bbox 506 1031 2093 1108; baseline 0.002 -23"><span class='ocrx_word' id='word_1_57' title='bbox 506 1031 571 1086; x_wconf 88' lang='grc' dir='ltr'>Εἰ</span> <span class='ocrx_word' id='word_1_58' title='bbox 610 1033 669 1086; x_wconf 80' lang='grc' dir='ltr'>δέ</span> <span class='ocrx_word' id='word_1_59' title='bbox 699 1034 970 1106; x_wconf 81' lang='grc' dir='ltr'>ὑπόληψις</span> <span class='ocrx_word' id='word_1_60' title='bbox 1011 1036 1146 1108; x_wconf 85' lang='grc' dir='ltr'>μόνη</span> <span class='ocrx_word' id='word_1_61' title='bbox 1175 1037 1531 1107; x_wconf 77' lang='grc' dir='ltr'>καινοτομίας</span> <span class='ocrx_word' id='word_1_62' title='bbox 1563 1035 1816 1091; x_wconf 90' lang='grc' dir='ltr'>τοσοῦτον</span> <span class='ocrx_word' id='word_1_63' title='bbox 1847 1035 2093 1089; x_wconf 89' lang='grc' dir='ltr'>κίνδυνον</span> 
     </span>
    </p>
   </div>
   <div class='ocr_carea' id='block_1_9' title="bbox 503 1125 2094 1200">
    <p class='ocr_par' dir='ltr' id='par_1_9' title="bbox 503 1125 2094 1200">
     <span class='ocr_line' id='line_1_9' title="bbox 503 1125 2094 1200; baseline 0.001 -23"><span class='ocrx_word' id='word_1_64' title='bbox 503 1125 706 1195; x_wconf 75' lang='grc' dir='ltr'>ἧνεγκε</span> <span class='ocrx_word' id='word_1_65' title='bbox 770 1127 1083 1198; x_wconf 78' lang='grc' dir='ltr'>φιλοσόφοις</span> <span class='ocrx_word' id='word_1_66' title='bbox 1129 1130 1355 1200; x_wconf 78' lang='grc' dir='ltr'>ἀνδράσι</span> <span class='ocrx_word' id='word_1_67' title='bbox 1403 1130 1499 1183; x_wconf 71' lang='grc' dir='ltr'>καὶ</span> <span class='ocrx_word' id='word_1_68' title='bbox 1536 1130 1723 1199; x_wconf 80' lang='grc' dir='ltr'>σοφοῖς</span> <span class='ocrx_word' id='word_1_69' title='bbox 1765 1129 1861 1182; x_wconf 79' lang='grc' dir='ltr'>καί</span> <span class='ocrx_word' id='word_1_70' title='bbox 1892 1125 2094 1198; x_wconf 89' lang='grc' dir='ltr'>μυρίας</span> 
     </span>
    </p>
   </div>
   <div class='ocr_carea' id='block_1_10' title="bbox 503 1217 2094 1292">
    <p class='ocr_par' dir='ltr' id='par_1_10' title="bbox 503 1217 2094 1292">
     <span class='ocr_line' id='line_1_10' title="bbox 503 1217 2094 1292; baseline 0.002 -23"><span class='ocrx_word' id='word_1_71' title='bbox 503 1217 900 1273; x_wconf 79' lang='grc' dir='ltr'>ἀπολελαυκόσι</span> <span class='ocrx_word' id='word_1_72' title='bbox 953 1219 1270 1292; x_wconf 76' lang='grc' dir='ltr'>θεραπείας,</span> <span class='ocrx_word' id='word_1_73' title='bbox 1305 1220 1401 1275; x_wconf 79' lang='grc' dir='ltr'>καί</span> <span class='ocrx_word' id='word_1_74' title='bbox 1442 1221 1504 1274; x_wconf 79' lang='grc' dir='ltr'>οὐ</span> <span class='ocrx_word' id='word_1_75' title='bbox 1548 1220 1708 1291; x_wconf 85' lang='grc' dir='ltr'>μόνον</span> <span class='ocrx_word' id='word_1_76' title='bbox 1739 1219 1840 1274; x_wconf 79' lang='grc' dir='ltr'>οὐκ</span> <span class='ocrx_word' id='word_1_77' title='bbox 1867 1220 2094 1290; x_wconf 81' lang='grc' dir='ltr'>ίσχυσαν</span> 
     </span>
    </p>
   </div>
   <div class='ocr_carea' id='block_1_11' title="bbox 502 1308 2093 1382">
    <p class='ocr_par' dir='ltr' id='par_1_11' title="bbox 502 1308 2093 1382">
     <span class='ocr_line' id='line_1_11' title="bbox 502 1308 2093 1382; baseline 0.001 -20"><span class='ocrx_word' id='word_1_78' title='bbox 502 1308 649 1380; x_wconf 79' lang='grc' dir='ltr'>άπερ</span> <span class='ocrx_word' id='word_1_79' title='bbox 673 1309 886 1382; x_wconf 68' lang='grc' dir='ltr'>ἤθελον,</span> <span class='ocrx_word' id='word_1_80' title='bbox 917 1311 1056 1366; x_wconf 86' lang='grc' dir='ltr'>ἀλλά</span> <span class='ocrx_word' id='word_1_81' title='bbox 1087 1311 1183 1366; x_wconf 85' lang='grc' dir='ltr'>καί</span> <span class='ocrx_word' id='word_1_82' title='bbox 1212 1313 1366 1366; x_wconf 75' lang='grc' dir='ltr'>αὐτοὶ</span> <span class='ocrx_word' id='word_1_83' title='bbox 1401 1313 1496 1366; x_wconf 73' lang='grc' dir='ltr'>καί</span> <span class='ocrx_word' id='word_1_84' title='bbox 1521 1311 1669 1382; x_wconf 80' lang='grc' dir='ltr'>ζωῆς</span> <span class='ocrx_word' id='word_1_85' title='bbox 1705 1311 1800 1366; x_wconf 80' lang='grc' dir='ltr'>καὶ</span> <span class='ocrx_word' id='word_1_86' title='bbox 1834 1312 2093 1382; x_wconf 82' lang='grc' dir='ltr'>πατρίδος</span> 
     </span>
    </p>
   </div>
   <div class='ocr_carea' id='block_1_12' title="bbox 503 1399 2094 1476">
    <p class='ocr_par' dir='ltr' id='par_1_12' title="bbox 503 1399 2094 1476">
     <span class='ocr_line' id='line_1_12' title="bbox 503 1399 2094 1476; baseline 0 -20"><span class='ocrx_word' id='word_1_87' title='bbox 503 1399 622 1473; x_wconf 76' lang='grc'>[511</span> <span class='ocrx_word' id='word_1_88' title='bbox 661 1401 940 1467; x_wconf 78' lang='grc' dir='ltr'>ἐξέπεσον,</span> <span class='ocrx_word' id='word_1_89' title='bbox 973 1404 1092 1467; x_wconf 88' lang='grc' dir='ltr'>πῶς</span> <span class='ocrx_word' id='word_1_90' title='bbox 1112 1405 1174 1458; x_wconf 90' lang='grc' dir='ltr'>ού</span> <span class='ocrx_word' id='word_1_91' title='bbox 1204 1404 1506 1472; x_wconf 81' lang='grc' dir='ltr'>θαυμάζεις</span> <span class='ocrx_word' id='word_1_92' title='bbox 1543 1405 1638 1459; x_wconf 76' lang='grc' dir='ltr'>καὶ</span> <span class='ocrx_word' id='word_1_93' title='bbox 1672 1405 1971 1476; x_wconf 77' lang='grc' dir='ltr'>ἐκπλήττῃ,</span> <span class='ocrx_word' id='word_1_94' title='bbox 2001 1403 2094 1456; x_wconf 81' lang='grc' dir='ltr'>τὸν</span> 
     </span>
    </p>
   </div>
   <div class='ocr_carea' id='block_1_13' title="bbox 502 1492 2094 1568">
    <p class='ocr_par' dir='ltr' id='par_1_13' title="bbox 502 1492 2094 1568">
     <span class='ocr_line' id='line_1_13' title="bbox 502 1492 2094 1568; baseline 0.001 -22"><span class='ocrx_word' id='word_1_95' title='bbox 502 1492 662 1548; x_wconf 81' lang='grc' dir='ltr'>ἁλιέα</span> <span class='ocrx_word' id='word_1_96' title='bbox 697 1492 841 1565; x_wconf 82' lang='grc' dir='ltr'>ὁρῶν</span> <span class='ocrx_word' id='word_1_97' title='bbox 883 1495 980 1548; x_wconf 79' lang='grc' dir='ltr'>ἐπὶ</span> <span class='ocrx_word' id='word_1_98' title='bbox 1007 1496 1107 1567; x_wconf 85' lang='grc' dir='ltr'>τῆς</span> <span class='ocrx_word' id='word_1_99' title='bbox 1137 1496 1465 1567; x_wconf 76' lang='grc' dir='ltr'>οἰκουμένης</span> <span class='ocrx_word' id='word_1_100' title='bbox 1496 1496 1737 1550; x_wconf 86' lang='grc' dir='ltr'>τοσαῦτα</span> <span class='ocrx_word' id='word_1_101' title='bbox 1780 1494 2094 1568; x_wconf 82' lang='grc' dir='ltr'>ἐργασάμε-</span> 
     </span>
    </p>
   </div>
   <div class='ocr_carea' id='block_1_14' title="bbox 500 1582 2094 1657">
    <p class='ocr_par' dir='ltr' id='par_1_14' title="bbox 500 1582 2094 1657">
     <span class='ocr_line' id='line_1_14' title="bbox 500 1582 2094 1657; baseline 0.001 -21"><span class='ocrx_word' id='word_1_102' title='bbox 500 1598 614 1647; x_wconf 91' lang='grc' dir='ltr'>νον,</span> <span class='ocrx_word' id='word_1_103' title='bbox 649 1582 746 1635; x_wconf 74' lang='grc' dir='ltr'>καὶ</span> <span class='ocrx_word' id='word_1_104' title='bbox 787 1583 1213 1656; x_wconf 83' lang='grc' dir='ltr'>κατορθώσαντα</span> <span class='ocrx_word' id='word_1_105' title='bbox 1259 1585 1404 1657; x_wconf 85' lang='grc' dir='ltr'>ἀπερ</span> <span class='ocrx_word' id='word_1_106' title='bbox 1445 1585 1770 1650; x_wconf 78' lang='grc' dir='ltr'>ἐσπούδασε,</span> <span class='ocrx_word' id='word_1_107' title='bbox 1808 1584 1906 1638; x_wconf 80' lang='grc' dir='ltr'>καὶ</span> <span class='ocrx_word' id='word_1_108' title='bbox 1937 1600 2094 1656; x_wconf 84' lang='grc' dir='ltr'>περι-</span> 
     </span>
    </p>
   </div>
   <div class='ocr_carea' id='block_1_15' title="bbox 500 1674 2089 1749">
    <p class='ocr_par' dir='ltr' id='par_1_15' title="bbox 500 1674 2089 1749">
     <span class='ocr_line' id='line_1_15' title="bbox 500 1674 2089 1749; baseline 0.003 -23"><span class='ocrx_word' id='word_1_109' title='bbox 500 1674 792 1745; x_wconf 84' lang='grc' dir='ltr'>γενόμενον</span> <span class='ocrx_word' id='word_1_110' title='bbox 850 1676 946 1730; x_wconf 79' lang='grc' dir='ltr'>καὶ</span> <span class='ocrx_word' id='word_1_111' title='bbox 1002 1675 1297 1749; x_wconf 81' lang='grc' dir='ltr'>βαρϐάρων</span> <span class='ocrx_word' id='word_1_112' title='bbox 1345 1681 1442 1732; x_wconf 83' lang='grc' dir='ltr'>καὶ</span> <span class='ocrx_word' id='word_1_113' title='bbox 1484 1677 1758 1749; x_wconf 81' lang='grc' dir='ltr'>Ἐλλήνων</span> <span class='ocrx_word' id='word_1_114' title='bbox 1789 1677 2089 1742; x_wconf 79' lang='grc' dir='ltr'>ἀπάντωνς</span> 
     </span>
    </p>
   </div>
   <div class='ocr_carea' id='block_1_16' title="bbox 513 1761 2092 1841">
    <p class='ocr_par' dir='ltr' id='par_1_16' title="bbox 513 1761 2092 1841">
     <span class='ocr_line' id='line_1_16' title="bbox 513 1761 2092 1841; baseline 0.003 -23"><span class='ocrx_word' id='word_1_115' title='bbox 513 1764 655 1818; x_wconf 81' lang='grc' dir='ltr'>Ἀλλ’</span> <span class='ocrx_word' id='word_1_116' title='bbox 685 1761 850 1830; x_wconf 77' lang='grc' dir='ltr'>οῦτοι,</span> <span class='ocrx_word' id='word_1_117' title='bbox 883 1769 1066 1839; x_wconf 78' lang='grc' dir='ltr'>φησὶν,</span> <span class='ocrx_word' id='word_1_118' title='bbox 1091 1769 1213 1840; x_wconf 85' lang='grc' dir='ltr'>ούχί</span> <span class='ocrx_word' id='word_1_119' title='bbox 1241 1769 1399 1834; x_wconf 83' lang='grc' dir='ltr'>θεοὺς</span> <span class='ocrx_word' id='word_1_120' title='bbox 1422 1771 1720 1841; x_wconf 75' lang='grc' dir='ltr'>εἰσήγαγον</span> <span class='ocrx_word' id='word_1_121' title='bbox 1750 1768 1957 1834; x_wconf 79' lang='grc' dir='ltr'>ξένους,</span> <span class='ocrx_word' id='word_1_122' title='bbox 1977 1768 2092 1823; x_wconf 79' lang='grc' dir='ltr'>ῶσ-</span> 
     </span>
    </p>
   </div>
   <div class='ocr_carea' id='block_1_17' title="bbox 499 1857 2093 1934">
    <p class='ocr_par' dir='ltr' id='par_1_17' title="bbox 499 1857 2093 1934">
     <span class='ocr_line' id='line_1_17' title="bbox 499 1857 2093 1934; baseline 0.001 -22"><span class='ocrx_word' id='word_1_123' title='bbox 499 1875 608 1929; x_wconf 88' lang='grc' dir='ltr'>περ</span> <span class='ocrx_word' id='word_1_124' title='bbox 640 1860 859 1916; x_wconf 84' lang='grc' dir='ltr'>ἐκεῖνοι.</span> <span class='ocrx_word' id='word_1_125' title='bbox 897 1861 1040 1915; x_wconf 74' lang='grc' dir='ltr'>Αὐτὸ</span> <span class='ocrx_word' id='word_1_126' title='bbox 1072 1860 1171 1932; x_wconf 76' lang='grc' dir='ltr'>μὲν</span> <span class='ocrx_word' id='word_1_127' title='bbox 1197 1857 1290 1916; x_wconf 77' lang='grc' dir='ltr'>οὖν</span> <span class='ocrx_word' id='word_1_128' title='bbox 1322 1862 1558 1934; x_wconf 88' lang='grc' dir='ltr'>μάλιστα</span> <span class='ocrx_word' id='word_1_129' title='bbox 1584 1862 1645 1916; x_wconf 79' lang='grc' dir='ltr'>τὸ</span> <span class='ocrx_word' id='word_1_130' title='bbox 1664 1861 1974 1933; x_wconf 88' lang='grc' dir='ltr'>θαυμαστόν</span> <span class='ocrx_word' id='word_1_131' title='bbox 2003 1877 2093 1932; x_wconf 90' lang='grc' dir='ltr'>μοι</span> 
     </span>
    </p>
   </div>
   <div class='ocr_carea' id='block_1_18' title="bbox 499 1947 2091 2024">
    <p class='ocr_par' dir='ltr' id='par_1_18' title="bbox 499 1947 2091 2024">
     <span class='ocr_line' id='line_1_18' title="bbox 499 1947 2091 2024; baseline 0.003 -24"><span class='ocrx_word' id='word_1_132' title='bbox 499 1947 697 2016; x_wconf 87' lang='grc' dir='ltr'>λέγεις,</span> <span class='ocrx_word' id='word_1_133' title='bbox 741 1949 824 2002; x_wconf 80' lang='grc' dir='ltr'>ὅτι</span> <span class='ocrx_word' id='word_1_134' title='bbox 873 1950 1033 2022; x_wconf 87' lang='grc' dir='ltr'>διπλῆ</span> <span class='ocrx_word' id='word_1_135' title='bbox 1081 1953 1115 2022; x_wconf 83' lang='grc' dir='ltr'>ὴ</span> <span class='ocrx_word' id='word_1_136' title='bbox 1161 1953 1501 2024; x_wconf 82' lang='grc' dir='ltr'>καινοτομία,</span> <span class='ocrx_word' id='word_1_137' title='bbox 1533 1952 1722 2006; x_wconf 78' lang='grc' dir='ltr'>καὶτὸ</span> <span class='ocrx_word' id='word_1_138' title='bbox 1756 1953 1883 2015; x_wconf 81' lang='grc' dir='ltr'>τοὺς</span> <span class='ocrx_word' id='word_1_139' title='bbox 1933 1951 2091 2015; x_wconf 73' lang='grc' dir='ltr'>ὄντας</span> 
     </span>
    </p>
   </div>
   <div class='ocr_carea' id='block_1_19' title="bbox 499 2039 2094 2116">
    <p class='ocr_par' dir='ltr' id='par_1_19' title="bbox 499 2039 2094 2116">
     <span class='ocr_line' id='line_1_19' title="bbox 499 2039 2094 2116; baseline 0.003 -24"><span class='ocrx_word' id='word_1_140' title='bbox 499 2039 804 2112; x_wconf 88' lang='grc' dir='ltr'>καθαιρεῖν,</span> <span class='ocrx_word' id='word_1_141' title='bbox 831 2042 926 2096; x_wconf 74' lang='grc' dir='ltr'>καὶ</span> <span class='ocrx_word' id='word_1_142' title='bbox 953 2043 1045 2097; x_wconf 80' lang='grc' dir='ltr'>τὸν</span> <span class='ocrx_word' id='word_1_143' title='bbox 1071 2044 1488 2116; x_wconf 69' lang='grc' dir='ltr'>ἐσταυρωμένον</span> <span class='ocrx_word' id='word_1_144' title='bbox 1517 2045 1894 2114; x_wconf 85' lang='grc' dir='ltr'>ἀναγγέλλειν.</span> <span class='ocrx_word' id='word_1_145' title='bbox 1921 2044 2094 2098; x_wconf 85' lang='grc' dir='ltr'>Πόθεν</span> 
     </span>
    </p>
   </div>
   <div class='ocr_carea' id='block_1_20' title="bbox 499 2131 2094 2208">
    <p class='ocr_par' dir='ltr' id='par_1_20' title="bbox 499 2131 2094 2208">
     <span class='ocr_line' id='line_1_20' title="bbox 499 2131 2094 2208; baseline 0.003 -24"><span class='ocrx_word' id='word_1_146' title='bbox 499 2131 610 2200; x_wconf 86' lang='grc' dir='ltr'>γὰρ</span> <span class='ocrx_word' id='word_1_147' title='bbox 644 2132 832 2196; x_wconf 75' lang='grc' dir='ltr'>αὐτοῖς</span> <span class='ocrx_word' id='word_1_148' title='bbox 870 2133 1074 2204; x_wconf 83' lang='grc' dir='ltr'>ἐπῆλθε</span> <span class='ocrx_word' id='word_1_149' title='bbox 1119 2134 1346 2190; x_wconf 83' lang='grc' dir='ltr'>τοιαῦτα</span> <span class='ocrx_word' id='word_1_150' title='bbox 1377 2136 1715 2208; x_wconf 76' lang='grc' dir='ltr'>κηρύττεινς</span> <span class='ocrx_word' id='word_1_151' title='bbox 1751 2135 1918 2190; x_wconf 81' lang='grc' dir='ltr'>πόθεν</span> <span class='ocrx_word' id='word_1_152' title='bbox 1949 2136 2094 2207; x_wconf 82' lang='grc' dir='ltr'>ὑπὲρ</span> 
     </span>
    </p>
   </div>
   <div class='ocr_carea' id='block_1_21' title="bbox 496 2218 2092 2295">
    <p class='ocr_par' dir='ltr' id='par_1_21' title="bbox 496 2218 2092 2295">
     <span class='ocr_line' id='line_1_21' title="bbox 496 2218 2092 2295; baseline 0.004 -23"><span class='ocrx_word' id='word_1_153' title='bbox 496 2218 594 2273; x_wconf 86' lang='grc' dir='ltr'>τοῦ</span> <span class='ocrx_word' id='word_1_154' title='bbox 645 2219 834 2285; x_wconf 89' lang='grc' dir='ltr'>τέλους</span> <span class='ocrx_word' id='word_1_155' title='bbox 892 2221 1074 2276; x_wconf 80' lang='grc' dir='ltr'>αὐτῶν</span> <span class='ocrx_word' id='word_1_156' title='bbox 1121 2224 1382 2295; x_wconf 75' lang='grc' dir='ltr'>θαρῤἐῖν;</span> <span class='ocrx_word' id='word_1_157' title='bbox 1426 2224 1580 2288; x_wconf 89' lang='grc' dir='ltr'>τίνας</span> <span class='ocrx_word' id='word_1_158' title='bbox 1621 2224 1732 2277; x_wconf 91' lang='grc' dir='ltr'>τῶν</span> <span class='ocrx_word' id='word_1_159' title='bbox 1774 2224 1883 2295; x_wconf 78' lang='grc' dir='ltr'>πρὸ</span> <span class='ocrx_word' id='word_1_160' title='bbox 1913 2223 2092 2278; x_wconf 78' lang='grc' dir='ltr'>αὐτῶν</span> 
     </span>
    </p>
   </div>
   <div class='ocr_carea' id='block_1_22' title="bbox 496 2314 2094 2389">
    <p class='ocr_par' dir='ltr' id='par_1_22' title="bbox 496 2314 2094 2389">
     <span class='ocr_line' id='line_1_22' title="bbox 496 2314 2094 2389; baseline 0.003 -22"><span class='ocrx_word' id='word_1_161' title='bbox 496 2315 739 2369; x_wconf 86' lang='grc' dir='ltr'>τοιοῦτόν</span> <span class='ocrx_word' id='word_1_162' title='bbox 772 2334 827 2370; x_wconf 91' lang='grc' dir='ltr'>τι</span> <span class='ocrx_word' id='word_1_163' title='bbox 877 2318 1298 2389; x_wconf 89' lang='grc' dir='ltr'>κατορθωκότας</span> <span class='ocrx_word' id='word_1_164' title='bbox 1352 2314 1498 2389; x_wconf 80' lang='grc' dir='ltr'>εἰχον</span> <span class='ocrx_word' id='word_1_165' title='bbox 1551 2319 1718 2385; x_wconf 85' lang='grc' dir='ltr'>ἰδεῖν;</span> <span class='ocrx_word' id='word_1_166' title='bbox 1767 2319 1829 2372; x_wconf 84' lang='grc' dir='ltr'>ού</span> <span class='ocrx_word' id='word_1_167' title='bbox 1888 2319 2094 2383; x_wconf 86' lang='grc' dir='ltr'>πάντες</span> 
     </span>
    </p>
   </div>
   <div class='ocr_carea' id='block_1_23' title="bbox 495 2403 2094 2480">
    <p class='ocr_par' dir='ltr' id='par_1_23' title="bbox 495 2403 2094 2480">
     <span class='ocr_line' id='line_1_23' title="bbox 495 2403 2094 2480; baseline 0.002 -21"><span class='ocrx_word' id='word_1_168' title='bbox 495 2403 758 2476; x_wconf 76' lang='grc' dir='ltr'>δαίμονας</span> <span class='ocrx_word' id='word_1_169' title='bbox 783 2407 1192 2478; x_wconf 78' lang='grc' dir='ltr'>προσεκύνουνς</span> <span class='ocrx_word' id='word_1_170' title='bbox 1221 2411 1282 2463; x_wconf 86' lang='grc' dir='ltr'>οὐ</span> <span class='ocrx_word' id='word_1_171' title='bbox 1319 2410 1522 2474; x_wconf 88' lang='grc' dir='ltr'>πάντες</span> <span class='ocrx_word' id='word_1_172' title='bbox 1563 2410 1634 2464; x_wconf 90' lang='grc' dir='ltr'>τά</span> <span class='ocrx_word' id='word_1_173' title='bbox 1660 2412 1900 2480; x_wconf 87' lang='grc' dir='ltr'>στοιχεῖα</span> <span class='ocrx_word' id='word_1_174' title='bbox 1944 2409 2094 2464; x_wconf 83' lang='grc' dir='ltr'>ἐθεο-</span> 
     </span>
    </p>
   </div>
   <div class='ocr_carea' id='block_1_24' title="bbox 497 2495 2092 2572">
    <p class='ocr_par' dir='ltr' id='par_1_24' title="bbox 497 2495 2092 2572">
     <span class='ocr_line' id='line_1_24' title="bbox 497 2495 2092 2572; baseline 0.004 -24"><span class='ocrx_word' id='word_1_175' title='bbox 497 2495 718 2563; x_wconf 83' lang='grc' dir='ltr'>ποίουν;</span> <span class='ocrx_word' id='word_1_176' title='bbox 745 2497 806 2550; x_wconf 86' lang='grc' dir='ltr'>ού</span> <span class='ocrx_word' id='word_1_177' title='bbox 831 2498 1088 2571; x_wconf 83' lang='grc' dir='ltr'>διάφορος</span> <span class='ocrx_word' id='word_1_178' title='bbox 1118 2496 1187 2571; x_wconf 83' lang='grc' dir='ltr'>ἦν</span> <span class='ocrx_word' id='word_1_179' title='bbox 1213 2500 1312 2570; x_wconf 83' lang='grc' dir='ltr'>τῆς</span> <span class='ocrx_word' id='word_1_180' title='bbox 1344 2500 1601 2564; x_wconf 87' lang='grc' dir='ltr'>ἀσεϐείας</span> <span class='ocrx_word' id='word_1_181' title='bbox 1625 2502 1654 2554; x_wconf 85' lang='grc' dir='ltr'>ὁ</span> <span class='ocrx_word' id='word_1_182' title='bbox 1678 2500 1918 2572; x_wconf 74' lang='grc' dir='ltr'>τρόποςς</span> <span class='ocrx_word' id='word_1_183' title='bbox 1951 2498 2092 2554; x_wconf 83' lang='grc' dir='ltr'>Ἀλλ’</span> 
     </span>
    </p>
   </div>
   <div class='ocr_carea' id='block_1_25' title="bbox 494 2585 2092 2660">
    <p class='ocr_par' dir='ltr' id='par_1_25' title="bbox 494 2585 2092 2660">
     <span class='ocr_line' id='line_1_25' title="bbox 494 2585 2092 2660; baseline 0.001 -20"><span class='ocrx_word' id='word_1_184' title='bbox 494 2585 646 2657; x_wconf 78' lang='grc' dir='ltr'>ὅμως</span> <span class='ocrx_word' id='word_1_185' title='bbox 674 2588 746 2642; x_wconf 84' lang='grc' dir='ltr'>τά</span> <span class='ocrx_word' id='word_1_186' title='bbox 780 2589 959 2643; x_wconf 85' lang='grc' dir='ltr'>πάντα</span> <span class='ocrx_word' id='word_1_187' title='bbox 985 2590 1242 2660; x_wconf 85' lang='grc' dir='ltr'>ἐπῆλθον,</span> <span class='ocrx_word' id='word_1_188' title='bbox 1283 2591 1380 2644; x_wconf 80' lang='grc' dir='ltr'>καί</span> <span class='ocrx_word' id='word_1_189' title='bbox 1421 2590 1728 2643; x_wconf 82' lang='grc' dir='ltr'>κατέλυσαν</span> <span class='ocrx_word' id='word_1_190' title='bbox 1773 2588 1968 2653; x_wconf 84' lang='grc' dir='ltr'>ταῦτα,</span> <span class='ocrx_word' id='word_1_191' title='bbox 1998 2589 2092 2643; x_wconf 74' lang='grc' dir='ltr'>καὶ</span> 
     </span>
    </p>
   </div>
   <div class='ocr_carea' id='block_1_26' title="bbox 494 2678 2090 2754">
    <p class='ocr_par' dir='ltr' id='par_1_26' title="bbox 494 2678 2090 2754">
     <span class='ocr_line' id='line_1_26' title="bbox 494 2678 2090 2754; baseline 0.003 -22"><span class='ocrx_word' id='word_1_192' title='bbox 494 2678 802 2752; x_wconf 78' lang='grc' dir='ltr'>ἐπέδραμον</span> <span class='ocrx_word' id='word_1_193' title='bbox 837 2682 898 2736; x_wconf 85' lang='grc' dir='ltr'>ἐν</span> <span class='ocrx_word' id='word_1_194' title='bbox 931 2681 1128 2754; x_wconf 86' lang='grc' dir='ltr'>βραχεῖ</span> <span class='ocrx_word' id='word_1_195' title='bbox 1149 2681 1328 2754; x_wconf 83' lang='grc' dir='ltr'>καιρῷ</span> <span class='ocrx_word' id='word_1_196' title='bbox 1355 2683 1456 2752; x_wconf 80' lang='grc' dir='ltr'>τὴν</span> <span class='ocrx_word' id='word_1_197' title='bbox 1493 2681 1826 2752; x_wconf 76' lang='grc' dir='ltr'>οἰκουμένην</span> <span class='ocrx_word' id='word_1_198' title='bbox 1848 2680 2090 2747; x_wconf 76' lang='grc' dir='ltr'>ἅπασαν,</span> 
     </span>
    </p>
   </div>
   <div class='ocr_carea' id='block_1_27' title="bbox 493 2769 2090 2846">
    <p class='ocr_par' dir='ltr' id='par_1_27' title="bbox 493 2769 2090 2846">
     <span class='ocr_line' id='line_1_27' title="bbox 493 2769 2090 2846; baseline 0.001 -21"><span class='ocrx_word' id='word_1_199' title='bbox 493 2769 748 2842; x_wconf 87' lang='grc' dir='ltr'>καθάπερ</span> <span class='ocrx_word' id='word_1_200' title='bbox 779 2773 1080 2846; x_wconf 82' lang='grc' dir='ltr'>ύπόπτεροί</span> <span class='ocrx_word' id='word_1_201' title='bbox 1111 2791 1278 2838; x_wconf 87' lang='grc' dir='ltr'>τινες,</span> <span class='ocrx_word' id='word_1_202' title='bbox 1306 2773 1370 2827; x_wconf 83' lang='grc' dir='ltr'>ού</span> <span class='ocrx_word' id='word_1_203' title='bbox 1393 2773 1682 2836; x_wconf 83' lang='grc' dir='ltr'>κινδύνους</span> <span class='ocrx_word' id='word_1_204' title='bbox 1726 2772 2090 2843; x_wconf 78' lang='grc' dir='ltr'>λογιζόμενοι,</span> 
     </span>
    </p>
   </div>
   <div class='ocr_carea' id='block_1_28' title="bbox 492 2864 2094 2940">
    <p class='ocr_par' dir='ltr' id='par_1_28' title="bbox 492 2864 2094 2940">
     <span class='ocr_line' id='line_1_28' title="bbox 492 2864 2094 2940; baseline 0.003 -23"><span class='ocrx_word' id='word_1_205' title='bbox 492 2864 556 2918; x_wconf 81' lang='grc' dir='ltr'>οὐ</span> <span class='ocrx_word' id='word_1_206' title='bbox 587 2864 872 2932; x_wconf 88' lang='grc' dir='ltr'>θανάτους,</span> <span class='ocrx_word' id='word_1_207' title='bbox 899 2867 961 2920; x_wconf 87' lang='grc' dir='ltr'>ού</span> <span class='ocrx_word' id='word_1_208' title='bbox 984 2869 1084 2936; x_wconf 85' lang='grc' dir='ltr'>τὴν</span> <span class='ocrx_word' id='word_1_209' title='bbox 1111 2868 1204 2922; x_wconf 82' lang='grc' dir='ltr'>τοῦ</span> <span class='ocrx_word' id='word_1_210' title='bbox 1226 2868 1554 2940; x_wconf 91' lang='grc' dir='ltr'>πράγματος</span> <span class='ocrx_word' id='word_1_211' title='bbox 1572 2868 1886 2933; x_wconf 83' lang='grc' dir='ltr'>δυσκολίαν,</span> <span class='ocrx_word' id='word_1_212' title='bbox 1911 2868 1972 2922; x_wconf 83' lang='grc' dir='ltr'>οὐ</span> <span class='ocrx_word' id='word_1_213' title='bbox 1993 2867 2094 2939; x_wconf 81' lang='grc' dir='ltr'>τὴν</span> 
     </span>
    </p>
   </div>
   <div class='ocr_carea' id='block_1_29' title="bbox 493 2953 2096 3030">
    <p class='ocr_par' dir='ltr' id='par_1_29' title="bbox 493 2953 2096 3030">
     <span class='ocr_line' id='line_1_29' title="bbox 493 2953 2096 3030; baseline 0.004 -22"><span class='ocrx_word' id='word_1_214' title='bbox 493 2953 787 3025; x_wconf 75' lang='grc' dir='ltr'>ὀλιγότητα</span> <span class='ocrx_word' id='word_1_215' title='bbox 818 2956 918 3028; x_wconf 83' lang='grc' dir='ltr'>τὴν</span> <span class='ocrx_word' id='word_1_216' title='bbox 940 2957 1172 3023; x_wconf 90' lang='grc' dir='ltr'>ἐαυτῶν,</span> <span class='ocrx_word' id='word_1_217' title='bbox 1205 2959 1269 3013; x_wconf 81' lang='grc' dir='ltr'>ού</span> <span class='ocrx_word' id='word_1_218' title='bbox 1290 2959 1352 3013; x_wconf 77' lang='grc' dir='ltr'>τὸ</span> <span class='ocrx_word' id='word_1_219' title='bbox 1375 2959 1579 3029; x_wconf 82' lang='grc' dir='ltr'>πλῆθος</span> <span class='ocrx_word' id='word_1_220' title='bbox 1603 2958 1712 3012; x_wconf 88' lang='grc' dir='ltr'>τῶν</span> <span class='ocrx_word' id='word_1_221' title='bbox 1733 2959 2096 3030; x_wconf 86' lang='grc' dir='ltr'>ἐναντιουμέ-</span> 
     </span>
    </p>
   </div>
   <div class='ocr_carea' id='block_1_30' title="bbox 492 3047 2094 3121">
    <p class='ocr_par' dir='ltr' id='par_1_30' title="bbox 492 3047 2094 3121">
     <span class='ocr_line' id='line_1_30' title="bbox 492 3047 2094 3121; baseline 0.002 -19"><span class='ocrx_word' id='word_1_222' title='bbox 492 3062 623 3113; x_wconf 84' lang='grc' dir='ltr'>νων,</span> <span class='ocrx_word' id='word_1_223' title='bbox 643 3047 706 3102; x_wconf 79' lang='grc' dir='ltr'>ού</span> <span class='ocrx_word' id='word_1_224' title='bbox 725 3047 825 3119; x_wconf 79' lang='grc' dir='ltr'>τὴν</span> <span class='ocrx_word' id='word_1_225' title='bbox 841 3048 1117 3116; x_wconf 80' lang='grc' dir='ltr'>ἐξουσίαν,</span> <span class='ocrx_word' id='word_1_226' title='bbox 1144 3051 1206 3104; x_wconf 83' lang='grc' dir='ltr'>οὐ</span> <span class='ocrx_word' id='word_1_227' title='bbox 1224 3049 1324 3121; x_wconf 86' lang='grc' dir='ltr'>τὴν</span> <span class='ocrx_word' id='word_1_228' title='bbox 1348 3049 1687 3114; x_wconf 84' lang='grc' dir='ltr'>δυναστείαν,</span> <span class='ocrx_word' id='word_1_229' title='bbox 1704 3051 1766 3104; x_wconf 84' lang='grc' dir='ltr'>ού</span> <span class='ocrx_word' id='word_1_230' title='bbox 1783 3050 1882 3121; x_wconf 82' lang='grc' dir='ltr'>τὴν</span> <span class='ocrx_word' id='word_1_231' title='bbox 1900 3052 2094 3121; x_wconf 88' lang='grc' dir='ltr'>σοφίαν</span> 
     </span>
    </p>
   </div>
   <div class='ocr_carea' id='block_1_31' title="bbox 492 3137 2094 3212">
    <p class='ocr_par' dir='ltr' id='par_1_31' title="bbox 492 3137 2094 3212">
     <span class='ocr_line' id='line_1_31' title="bbox 492 3137 2094 3212; baseline 0.003 -19"><span class='ocrx_word' id='word_1_232' title='bbox 492 3139 603 3193; x_wconf 89' lang='grc' dir='ltr'>τῶν</span> <span class='ocrx_word' id='word_1_233' title='bbox 625 3139 1030 3211; x_wconf 87' lang='grc' dir='ltr'>πολεμούντων.</span> <span class='ocrx_word' id='word_1_234' title='bbox 1050 3137 1212 3212; x_wconf 73' lang='grc' dir='ltr'>Εἶχον</span> <span class='ocrx_word' id='word_1_235' title='bbox 1228 3142 1338 3212; x_wconf 84' lang='grc' dir='ltr'>γὰρ</span> <span class='ocrx_word' id='word_1_236' title='bbox 1355 3141 1562 3195; x_wconf 89' lang='grc' dir='ltr'>τούτων</span> <span class='ocrx_word' id='word_1_237' title='bbox 1585 3140 1841 3195; x_wconf 89' lang='grc' dir='ltr'>ἀπάντων</span> <span class='ocrx_word' id='word_1_238' title='bbox 1870 3141 2094 3212; x_wconf 80' lang='grc' dir='ltr'>μείζονα</span> 
     </span>
    </p>
   </div>
   <div class='ocr_carea' id='block_1_32' title="bbox 494 3231 2094 3305">
    <p class='ocr_par' dir='ltr' id='par_1_32' title="bbox 494 3231 2094 3305">
     <span class='ocr_line' id='line_1_32' title="bbox 494 3231 2094 3305; baseline 0.001 -19"><span class='ocrx_word' id='word_1_239' title='bbox 494 3232 833 3303; x_wconf 82' lang='grc' dir='ltr'>συμμαχίαν,</span> <span class='ocrx_word' id='word_1_240' title='bbox 888 3233 990 3305; x_wconf 78' lang='grc' dir='ltr'>τὴν</span> <span class='ocrx_word' id='word_1_241' title='bbox 1037 3231 1136 3288; x_wconf 89' lang='grc' dir='ltr'>τοῦ</span> <span class='ocrx_word' id='word_1_242' title='bbox 1168 3234 1582 3304; x_wconf 88' lang='grc' dir='ltr'>σταυρωθέντος</span> <span class='ocrx_word' id='word_1_243' title='bbox 1622 3234 1721 3287; x_wconf 72' lang='grc' dir='ltr'>καὶ</span> <span class='ocrx_word' id='word_1_244' title='bbox 1761 3233 2094 3299; x_wconf 82' lang='grc' dir='ltr'>ἀναστάντος</span> 
     </span>
    </p>
   </div>
   <div class='ocr_carea' id='block_1_33' title="bbox 489 3321 2094 3396">
    <p class='ocr_par' dir='ltr' id='par_1_33' title="bbox 489 3321 2094 3396">
     <span class='ocr_line' id='line_1_33' title="bbox 489 3321 2094 3396; baseline 0.001 -19"><span class='ocrx_word' id='word_1_245' title='bbox 489 3323 742 3395; x_wconf 88' lang='grc' dir='ltr'>δύναμιν.</span> <span class='ocrx_word' id='word_1_246' title='bbox 775 3325 890 3380; x_wconf 89' lang='grc' dir='ltr'>Ούκ</span> <span class='ocrx_word' id='word_1_247' title='bbox 915 3321 986 3396; x_wconf 83' lang='grc' dir='ltr'>ἦν</span> <span class='ocrx_word' id='word_1_248' title='bbox 1015 3324 1159 3378; x_wconf 77' lang='grc' dir='ltr'>οὕτω</span> <span class='ocrx_word' id='word_1_249' title='bbox 1201 3325 1538 3395; x_wconf 80' lang='grc' dir='ltr'>θαυμαστὸν,</span> <span class='ocrx_word' id='word_1_250' title='bbox 1589 3326 1638 3378; x_wconf 91' lang='grc' dir='ltr'>εἰ</span> <span class='ocrx_word' id='word_1_251' title='bbox 1673 3323 1980 3396; x_wconf 84' lang='grc' dir='ltr'>πολεμῆσαι</span> <span class='ocrx_word' id='word_1_252' title='bbox 2022 3326 2094 3386; x_wconf 78' lang='grc' dir='ltr'>εἴ,</span> 
     </span>
    </p>
   </div>
   <div class='ocr_carea' id='block_1_34' title="bbox 491 3413 2095 3488">
    <p class='ocr_par' dir='ltr' id='par_1_34' title="bbox 491 3413 2095 3488">
     <span class='ocr_line' id='line_1_34' title="bbox 491 3413 2095 3488; baseline 0.001 -21"><span class='ocrx_word' id='word_1_253' title='bbox 491 3413 646 3469; x_wconf 68' lang='grc' dir='ltr'>λωτο</span> <span class='ocrx_word' id='word_1_254' title='bbox 667 3417 737 3487; x_wconf 77' lang='grc' dir='ltr'>τῇ</span> <span class='ocrx_word' id='word_1_255' title='bbox 763 3415 1059 3488; x_wconf 82' lang='grc' dir='ltr'>οἰκουμένῃ</span> <span class='ocrx_word' id='word_1_256' title='bbox 1081 3416 1320 3486; x_wconf 80' lang='grc' dir='ltr'>πόλεμον</span> <span class='ocrx_word' id='word_1_257' title='bbox 1343 3415 1623 3486; x_wconf 83' lang='grc' dir='ltr'>αἰσθητὸν,</span> <span class='ocrx_word' id='word_1_258' title='bbox 1647 3415 1726 3478; x_wconf 86' lang='grc' dir='ltr'>ὡς</span> <span class='ocrx_word' id='word_1_259' title='bbox 1750 3415 1907 3469; x_wconf 88' lang='grc' dir='ltr'>τοῦτο</span> <span class='ocrx_word' id='word_1_260' title='bbox 1925 3415 1988 3470; x_wconf 80' lang='grc' dir='ltr'>τὸ</span> <span class='ocrx_word' id='word_1_261' title='bbox 2006 3433 2095 3486; x_wconf 86' lang='grc' dir='ltr'>γε-</span> 
     </span>
    </p>
   </div>
   <div class='ocr_carea' id='block_1_35' title="bbox 491 3506 2094 3578">
    <p class='ocr_par' dir='ltr' id='par_1_35' title="bbox 491 3506 2094 3578">
     <span class='ocr_line' id='line_1_35' title="bbox 491 3506 2094 3578; baseline 0.001 -18"><span class='ocrx_word' id='word_1_262' title='bbox 491 3509 793 3577; x_wconf 80' lang='grc' dir='ltr'>γενημένον</span> <span class='ocrx_word' id='word_1_263' title='bbox 831 3507 948 3562; x_wconf 90' lang='grc' dir='ltr'>νῦν.</span> <span class='ocrx_word' id='word_1_264' title='bbox 987 3508 1112 3561; x_wconf 74' lang='grc' dir='ltr'>Ἐπὶ</span> <span class='ocrx_word' id='word_1_265' title='bbox 1149 3508 1250 3575; x_wconf 78' lang='grc' dir='ltr'>μέν</span> <span class='ocrx_word' id='word_1_266' title='bbox 1279 3507 1391 3578; x_wconf 79' lang='grc' dir='ltr'>γὰρ</span> <span class='ocrx_word' id='word_1_267' title='bbox 1423 3506 1519 3560; x_wconf 91' lang='grc' dir='ltr'>τοῦ</span> <span class='ocrx_word' id='word_1_268' title='bbox 1563 3507 1733 3577; x_wconf 87' lang='grc' dir='ltr'>νόμου</span> <span class='ocrx_word' id='word_1_269' title='bbox 1769 3506 1872 3576; x_wconf 81' lang='grc' dir='ltr'>τῆς</span> <span class='ocrx_word' id='word_1_270' title='bbox 1911 3507 2094 3578; x_wconf 84' lang='grc' dir='ltr'>μάχης</span> 
     </span>
    </p>
   </div>
   <div class='ocr_carea' id='block_1_36' title="bbox 493 3594 2092 3666">
    <p class='ocr_par' dir='ltr' id='par_1_36' title="bbox 493 3594 2092 3666">
     <span class='ocr_line' id='line_1_36' title="bbox 493 3594 2092 3666; baseline 0 -18"><span class='ocrx_word' id='word_1_271' title='bbox 493 3595 626 3665; x_wconf 76' lang='grc' dir='ltr'>ἐξῆν</span> <span class='ocrx_word' id='word_1_272' title='bbox 658 3596 988 3661; x_wconf 81' lang='grc' dir='ltr'>ἀπεναντίας</span> <span class='ocrx_word' id='word_1_273' title='bbox 1027 3597 1279 3652; x_wconf 78' lang='grc' dir='ltr'>ἵστασθαι</span> <span class='ocrx_word' id='word_1_274' title='bbox 1306 3597 1418 3651; x_wconf 88' lang='grc' dir='ltr'>τῶν</span> <span class='ocrx_word' id='word_1_275' title='bbox 1444 3595 1744 3666; x_wconf 86' lang='grc' dir='ltr'>πολεμίων,</span> <span class='ocrx_word' id='word_1_276' title='bbox 1771 3595 1869 3649; x_wconf 78' lang='grc' dir='ltr'>καὶ</span> <span class='ocrx_word' id='word_1_277' title='bbox 1907 3594 2092 3666; x_wconf 90' lang='grc' dir='ltr'>χώραν</span> 
     </span>
    </p>
   </div>
   <div class='ocr_carea' id='block_1_37' title="bbox 491 3685 2092 3758">
    <p class='ocr_par' dir='ltr' id='par_1_37' title="bbox 491 3685 2092 3758">
     <span class='ocr_line' id='line_1_37' title="bbox 491 3685 2092 3758; baseline 0 -18"><span class='ocrx_word' id='word_1_278' title='bbox 491 3687 984 3758; x_wconf 73' lang='grc' dir='ltr'>ἀπολαμϐάνοντας</span> <span class='ocrx_word' id='word_1_279' title='bbox 1021 3688 1272 3742; x_wconf 75' lang='grc' dir='ltr'>ἐναντίαν</span> <span class='ocrx_word' id='word_1_280' title='bbox 1301 3687 1446 3742; x_wconf 75' lang='grc' dir='ltr'>οὕτω</span> <span class='ocrx_word' id='word_1_281' title='bbox 1475 3686 1922 3758; x_wconf 82' lang='grc' dir='ltr'>παρατάττεσθαι</span> <span class='ocrx_word' id='word_1_282' title='bbox 1955 3685 2092 3758; x_wconf 72' lang='grc' dir='ltr'>πρὸς</span> 
     </span>
    </p>
   </div>
   <div class='ocr_carea' id='block_1_38' title="bbox 490 3778 2092 3850">
    <p class='ocr_par' dir='ltr' id='par_1_38' title="bbox 490 3778 2092 3850">
     <span class='ocr_line' id='line_1_38' title="bbox 490 3778 2092 3850; baseline -0.001 -17"><span class='ocrx_word' id='word_1_283' title='bbox 490 3781 619 3844; x_wconf 81' lang='grc' dir='ltr'>τοὺς</span> <span class='ocrx_word' id='word_1_284' title='bbox 648 3780 1116 3850; x_wconf 79' lang='grc' dir='ltr'>ἐναντιουμένους,</span> <span class='ocrx_word' id='word_1_285' title='bbox 1149 3779 1244 3834; x_wconf 78' lang='grc' dir='ltr'>καὶ</span> <span class='ocrx_word' id='word_1_286' title='bbox 1269 3780 1462 3850; x_wconf 75' lang='grc' dir='ltr'>καιρὸν</span> <span class='ocrx_word' id='word_1_287' title='bbox 1489 3779 1634 3850; x_wconf 73' lang='grc' dir='ltr'>ἔχειν</span> <span class='ocrx_word' id='word_1_288' title='bbox 1661 3778 1965 3842; x_wconf 82' lang='grc' dir='ltr'>ἐπιθέσεως</span> <span class='ocrx_word' id='word_1_289' title='bbox 1995 3778 2092 3832; x_wconf 76' lang='grc' dir='ltr'>καὶ</span> 
     </span>
    </p>
   </div>
   <div class='ocr_carea' id='block_1_39' title="bbox 495 3870 2092 3943">
    <p class='ocr_par' dir='ltr' id='par_1_39' title="bbox 495 3870 2092 3943">
     <span class='ocr_line' id='line_1_39' title="bbox 495 3870 2092 3943; baseline -0.003 -17"><span class='ocrx_word' id='word_1_290' title='bbox 495 3871 792 3943; x_wconf 80' lang='grc' dir='ltr'>συμϐολῆς·</span> <span class='ocrx_word' id='word_1_291' title='bbox 827 3871 1064 3926; x_wconf 81' lang='grc' dir='ltr'>ἐνταῦθα</span> <span class='ocrx_word' id='word_1_292' title='bbox 1095 3872 1153 3925; x_wconf 86' lang='grc' dir='ltr'>δέ</span> <span class='ocrx_word' id='word_1_293' title='bbox 1186 3872 1287 3942; x_wconf 85' lang='grc' dir='ltr'>οὐχ</span> <span class='ocrx_word' id='word_1_294' title='bbox 1319 3870 1518 3935; x_wconf 79' lang='grc' dir='ltr'>οὕτως·</span> <span class='ocrx_word' id='word_1_295' title='bbox 1552 3872 1614 3925; x_wconf 82' lang='grc' dir='ltr'>οὐ</span> <span class='ocrx_word' id='word_1_296' title='bbox 1638 3871 1751 3942; x_wconf 83' lang='grc' dir='ltr'>γὰρ</span> <span class='ocrx_word' id='word_1_297' title='bbox 1787 3870 2092 3941; x_wconf 83' lang='grc' dir='ltr'>στρατόπε-</span> 
     </span>
    </p>
   </div>
   <div class='ocr_carea' id='block_1_40' title="bbox 491 3961 2093 4034">
    <p class='ocr_par' dir='ltr' id='par_1_40' title="bbox 491 3961 2093 4034">
     <span class='ocr_line' id='line_1_40' title="bbox 491 3961 2093 4034; baseline -0.002 -17"><span class='ocrx_word' id='word_1_298' title='bbox 491 3962 582 4017; x_wconf 90' lang='grc' dir='ltr'>δον</span> <span class='ocrx_word' id='word_1_299' title='bbox 625 3963 756 4016; x_wconf 76' lang='grc' dir='ltr'>ἴδιον</span> <span class='ocrx_word' id='word_1_300' title='bbox 785 3961 952 4034; x_wconf 82' lang='grc' dir='ltr'>εἰχον,</span> <span class='ocrx_word' id='word_1_301' title='bbox 987 3963 1126 4018; x_wconf 86' lang='grc' dir='ltr'>ἀλλά</span> <span class='ocrx_word' id='word_1_302' title='bbox 1159 3965 1345 4027; x_wconf 79' lang='grc' dir='ltr'>αὐτοῖς</span> <span class='ocrx_word' id='word_1_303' title='bbox 1370 3963 1736 4034; x_wconf 81' lang='grc' dir='ltr'>ἀνεμίγνυντο</span> <span class='ocrx_word' id='word_1_304' title='bbox 1774 3965 1887 4027; x_wconf 90' lang='grc' dir='ltr'>τοῖς</span> <span class='ocrx_word' id='word_1_305' title='bbox 1931 3963 2093 4016; x_wconf 89' lang='grc' dir='ltr'>πολε-</span> 
     </span>
    </p>
   </div>
   <div class='ocr_carea' id='block_1_41' title="bbox 496 4053 2093 4126">
    <p class='ocr_par' dir='ltr' id='par_1_41' title="bbox 496 4053 2093 4126">
     <span class='ocr_line' id='line_1_41' title="bbox 496 4053 2093 4126; baseline 0 -20"><span class='ocrx_word' id='word_1_306' title='bbox 496 4053 662 4124; x_wconf 88' lang='grc' dir='ltr'>μίοις,</span> <span class='ocrx_word' id='word_1_307' title='bbox 690 4054 785 4109; x_wconf 73' lang='grc' dir='ltr'>καὶ</span> <span class='ocrx_word' id='word_1_308' title='bbox 816 4053 993 4119; x_wconf 78' lang='grc' dir='ltr'>οὕτως</span> <span class='ocrx_word' id='word_1_309' title='bbox 1020 4055 1200 4110; x_wconf 85' lang='grc' dir='ltr'>αὐτῶν</span> <span class='ocrx_word' id='word_1_310' title='bbox 1226 4055 1492 4126; x_wconf 86' lang='grc' dir='ltr'>ἐκράτουν</span> <span class='ocrx_word' id='word_1_311' title='bbox 1509 4071 1526 4089; x_wconf 77' lang='grc' dir='ltr'><strong>ο</strong></span> <span class='ocrx_word' id='word_1_312' title='bbox 1553 4055 1650 4110; x_wconf 79' lang='grc' dir='ltr'>καί</span> <span class='ocrx_word' id='word_1_313' title='bbox 1676 4055 1734 4110; x_wconf 87' lang='grc' dir='ltr'>ἐν</span> <span class='ocrx_word' id='word_1_314' title='bbox 1767 4055 1954 4124; x_wconf 87' lang='grc' dir='ltr'>μέσοις</span> <span class='ocrx_word' id='word_1_315' title='bbox 1978 4057 2093 4116; x_wconf 86' lang='grc' dir='ltr'>τοῖς</span> 
     </span>
    </p>
   </div>
   <div class='ocr_carea' id='block_1_42' title="bbox 492 4139 2092 4214">
    <p class='ocr_par' dir='ltr' id='par_1_42' title="bbox 492 4139 2092 4214">
     <span class='ocr_line' id='line_1_42' title="bbox 492 4139 2092 4214; baseline 0.003 -23"><span class='ocrx_word' id='word_1_316' title='bbox 492 4139 708 4212; x_wconf 81' lang='grc' dir='ltr'>ἐχθροῖς</span> <span class='ocrx_word' id='word_1_317' title='bbox 739 4141 1228 4214; x_wconf 79' lang='grc' dir='ltr'>ἀναστρεφόμενοι,</span> <span class='ocrx_word' id='word_1_318' title='bbox 1264 4142 1636 4200; x_wconf 85' lang='grc' dir='ltr'>διωλίσθαινον</span> <span class='ocrx_word' id='word_1_319' title='bbox 1664 4143 1844 4198; x_wconf 82' lang='grc' dir='ltr'>αὐτῶν</span> <span class='ocrx_word' id='word_1_320' title='bbox 1871 4143 1970 4205; x_wconf 74' lang='grc' dir='ltr'>τὰς</span> <span class='ocrx_word' id='word_1_321' title='bbox 1994 4143 2092 4196; x_wconf 88' lang='grc' dir='ltr'>λα-</span> 
     </span>
    </p>
   </div>
   <div class='ocr_carea' id='block_1_43' title="bbox 492 4228 2092 4305">
    <p class='ocr_par' dir='ltr' id='par_1_43' title="bbox 492 4228 2092 4305">
     <span class='ocr_line' id='line_1_43' title="bbox 492 4228 2092 4305; baseline 0.001 -20"><span class='ocrx_word' id='word_1_322' title='bbox 492 4228 596 4293; x_wconf 74' lang='grc' dir='ltr'>ϐὰς</span> <span class='ocrx_word' id='word_1_323' title='bbox 618 4242 666 4297; x_wconf 71' lang='grc' dir='ltr'>ι,</span> <span class='ocrx_word' id='word_1_324' title='bbox 706 4230 802 4284; x_wconf 74' lang='grc' dir='ltr'>καὶ</span> <span class='ocrx_word' id='word_1_325' title='bbox 834 4233 1208 4304; x_wconf 87' lang='grc' dir='ltr'>περιεγίνοντο</span> <span class='ocrx_word' id='word_1_326' title='bbox 1241 4235 1336 4289; x_wconf 71' lang='grc' dir='ltr'>καὶ</span> <span class='ocrx_word' id='word_1_327' title='bbox 1378 4235 1573 4288; x_wconf 87' lang='grc' dir='ltr'>ἐνίκων</span> <span class='ocrx_word' id='word_1_328' title='bbox 1617 4235 1777 4305; x_wconf 86' lang='grc' dir='ltr'>νίκην</span> <span class='ocrx_word' id='word_1_329' title='bbox 1829 4233 2092 4304; x_wconf 83' lang='grc' dir='ltr'>λαμπρὰν</span> 
     </span>
    </p>
   </div>
   <div class='ocr_carea' id='block_1_44' title="bbox 493 4319 2091 4394">
    <p class='ocr_par' dir='ltr' id='par_1_44' title="bbox 493 4319 2091 4394">
     <span class='ocr_line' id='line_1_44' title="bbox 493 4319 2091 4394; baseline 0.002 -22"><span class='ocrx_word' id='word_1_330' title='bbox 493 4319 809 4390; x_wconf 77' lang='grc' dir='ltr'>πληροῦσαν</span> <span class='ocrx_word' id='word_1_331' title='bbox 849 4322 1186 4394; x_wconf 80' lang='grc' dir='ltr'>προφητείαν</span> <span class='ocrx_word' id='word_1_332' title='bbox 1216 4324 1484 4393; x_wconf 84' lang='grc' dir='ltr'>λέγουσαν</span> <span class='ocrx_word' id='word_1_333' title='bbox 1507 4342 1520 4354; x_wconf 93' lang='grc'><strong>·</strong></span> <span class='ocrx_word' id='word_1_334' title='bbox 1565 4323 1674 4378; x_wconf 76' lang='grc' dir='ltr'>Καὶ</span> <span class='ocrx_word' id='word_1_335' title='bbox 1709 4321 2091 4390; x_wconf 81' lang='grc' dir='ltr'>κατακυριεύο</span> 
     </span>
    </p>
   </div>
   <div class='ocr_carea' id='block_1_45' title="bbox 491 4408 2091 4484">
    <p class='ocr_par' dir='ltr' id='par_1_45' title="bbox 491 4408 2091 4484">
     <span class='ocr_line' id='line_1_45' title="bbox 491 4408 2091 4484; baseline 0.001 -21"><span class='ocrx_word' id='word_1_336' title='bbox 491 4424 626 4477; x_wconf 81' lang='grc' dir='ltr'>σεις</span> <span class='ocrx_word' id='word_1_337' title='bbox 656 4411 919 4481; x_wconf 79' lang='grc' dir='ltr'>ἐνμέσῳ</span> <span class='ocrx_word' id='word_1_338' title='bbox 959 4413 1080 4468; x_wconf 79' lang='grc' dir='ltr'>τῶν</span> <span class='ocrx_word' id='word_1_339' title='bbox 1105 4413 1336 4484; x_wconf 82' lang='grc' dir='ltr'>ἐχθρῶν</span> <span class='ocrx_word' id='word_1_340' title='bbox 1378 4431 1516 4468; x_wconf 88' lang='grc' dir='ltr'>σου.</span> <span class='ocrx_word' id='word_1_341' title='bbox 1557 4413 1731 4467; x_wconf 90' lang='grc' dir='ltr'>Τοῦτο</span> <span class='ocrx_word' id='word_1_342' title='bbox 1779 4412 1889 4484; x_wconf 81' lang='grc' dir='ltr'>γάρ</span> <span class='ocrx_word' id='word_1_343' title='bbox 1922 4408 1990 4484; x_wconf 81' lang='grc' dir='ltr'>ἦν</span> <span class='ocrx_word' id='word_1_344' title='bbox 2029 4411 2091 4465; x_wconf 83' lang='grc' dir='ltr'>τὸ</span> 
     </span>
    </p>
   </div>
   <div class='ocr_carea' id='block_1_46' title="bbox 493 4503 2090 4576">
    <p class='ocr_par' dir='ltr' id='par_1_46' title="bbox 493 4503 2090 4576">
     <span class='ocr_line' id='line_1_46' title="bbox 493 4503 2090 4576; baseline 0 -20"><span class='ocrx_word' id='word_1_345' title='bbox 493 4503 700 4572; x_wconf 81' lang='grc' dir='ltr'>πολλῆς</span> <span class='ocrx_word' id='word_1_346' title='bbox 732 4505 1046 4576; x_wconf 80' lang='grc' dir='ltr'>ἐκπλήξεως</span> <span class='ocrx_word' id='word_1_347' title='bbox 1075 4505 1269 4574; x_wconf 88' lang='grc' dir='ltr'>γέμον,</span> <span class='ocrx_word' id='word_1_348' title='bbox 1300 4506 1383 4558; x_wconf 80' lang='grc' dir='ltr'>ὅτι</span> <span class='ocrx_word' id='word_1_349' title='bbox 1429 4505 1754 4575; x_wconf 82' lang='grc' dir='ltr'>κατέχοντες</span> <span class='ocrx_word' id='word_1_350' title='bbox 1796 4505 1994 4568; x_wconf 80' lang='grc' dir='ltr'>αὐτοὺς</span> <span class='ocrx_word' id='word_1_351' title='bbox 2039 4505 2090 4557; x_wconf 91' lang='grc' dir='ltr'>οἰ</span> 
     </span>
    </p>
   </div>
   <div class='ocr_carea' id='block_1_47' title="bbox 491 4593 2092 4666">
    <p class='ocr_par' dir='ltr' id='par_1_47' title="bbox 491 4593 2092 4666">
     <span class='ocr_line' id='line_1_47' title="bbox 491 4593 2092 4666; baseline 0.001 -20"><span class='ocrx_word' id='word_1_352' title='bbox 491 4593 700 4664; x_wconf 74' lang='grc' dir='ltr'>ἐχθροὶ,</span> <span class='ocrx_word' id='word_1_353' title='bbox 754 4595 851 4648; x_wconf 70' lang='grc' dir='ltr'>καὶ</span> <span class='ocrx_word' id='word_1_354' title='bbox 905 4596 982 4658; x_wconf 88' lang='grc' dir='ltr'>εἰς</span> <span class='ocrx_word' id='word_1_355' title='bbox 1039 4595 1415 4666; x_wconf 85' lang='grc' dir='ltr'>δεσμωτήριον</span> <span class='ocrx_word' id='word_1_356' title='bbox 1465 4594 1829 4665; x_wconf 88' lang='grc' dir='ltr'>ἐμϐάλλοντες</span> <span class='ocrx_word' id='word_1_357' title='bbox 1865 4594 1962 4648; x_wconf 77' lang='grc' dir='ltr'>καὶ</span> <span class='ocrx_word' id='word_1_358' title='bbox 2006 4594 2092 4647; x_wconf 88' lang='grc' dir='ltr'>δε-</span> 
     </span>
    </p>
   </div>
   <div class='ocr_carea' id='block_1_48' title="bbox 497 4683 2092 4757">
    <p class='ocr_par' dir='ltr' id='par_1_48' title="bbox 497 4683 2092 4757">
     <span class='ocr_line' id='line_1_48' title="bbox 497 4683 2092 4757; baseline 0.001 -22"><span class='ocrx_word' id='word_1_359' title='bbox 497 4685 690 4753; x_wconf 82' lang='grc' dir='ltr'>σμοὺς,</span> <span class='ocrx_word' id='word_1_360' title='bbox 735 4683 796 4737; x_wconf 87' lang='grc' dir='ltr'>ού</span> <span class='ocrx_word' id='word_1_361' title='bbox 847 4683 1006 4754; x_wconf 87' lang='grc' dir='ltr'>μόνον</span> <span class='ocrx_word' id='word_1_362' title='bbox 1045 4683 1226 4739; x_wconf 78' lang='grc' dir='ltr'>αὐτῶν</span> <span class='ocrx_word' id='word_1_363' title='bbox 1271 4685 1333 4737; x_wconf 85' lang='grc' dir='ltr'>οὑ</span> <span class='ocrx_word' id='word_1_364' title='bbox 1367 4684 1784 4757; x_wconf 88' lang='grc' dir='ltr'>περιεγένοντο.</span> <span class='ocrx_word' id='word_1_365' title='bbox 1817 4683 1955 4738; x_wconf 88' lang='grc' dir='ltr'>ἀλλά</span> <span class='ocrx_word' id='word_1_366' title='bbox 1998 4685 2092 4738; x_wconf 79' lang='grc' dir='ltr'>καί</span> 
     </span>
    </p>
   </div>
   <div class='ocr_carea' id='block_1_49' title="bbox 494 4774 2092 4847">
    <p class='ocr_par' dir='ltr' id='par_1_49' title="bbox 494 4774 2092 4847">
     <span class='ocr_line' id='line_1_49' title="bbox 494 4774 2092 4847; baseline 0 -19"><span class='ocrx_word' id='word_1_367' title='bbox 494 4775 652 4828; x_wconf 77' lang='grc' dir='ltr'>αὐτοὶ</span> <span class='ocrx_word' id='word_1_368' title='bbox 693 4774 831 4845; x_wconf 88' lang='grc' dir='ltr'>μετά</span> <span class='ocrx_word' id='word_1_369' title='bbox 864 4774 1036 4830; x_wconf 91' lang='grc' dir='ltr'>ταῦτα</span> <span class='ocrx_word' id='word_1_370' title='bbox 1062 4775 1247 4839; x_wconf 85' lang='grc' dir='ltr'>αὐτοῖς</span> <span class='ocrx_word' id='word_1_371' title='bbox 1277 4775 1616 4838; x_wconf 82' lang='grc' dir='ltr'>ύπέκυπτον,</span> <span class='ocrx_word' id='word_1_372' title='bbox 1646 4777 1697 4830; x_wconf 89' lang='grc' dir='ltr'>οἱ</span> <span class='ocrx_word' id='word_1_373' title='bbox 1735 4776 2092 4847; x_wconf 74' lang='grc' dir='ltr'>μαστίξαντες</span> 
     </span>
    </p>
   </div>
   <div class='ocr_carea' id='block_1_50' title="bbox 494 4865 2089 4942">
    <p class='ocr_par' dir='ltr' id='par_1_50' title="bbox 494 4865 2089 4942">
     <span class='ocr_line' id='line_1_50' title="bbox 494 4865 2089 4942; baseline 0 -22"><span class='ocrx_word' id='word_1_374' title='bbox 494 4869 608 4930; x_wconf 91' lang='grc' dir='ltr'>τοῖς</span> <span class='ocrx_word' id='word_1_375' title='bbox 639 4865 1078 4942; x_wconf 77' lang='grc' dir='ltr'>μαστιζομένοις,</span> <span class='ocrx_word' id='word_1_376' title='bbox 1113 4868 1159 4920; x_wconf 89' lang='grc' dir='ltr'>οί</span> <span class='ocrx_word' id='word_1_377' title='bbox 1188 4867 1514 4939; x_wconf 87' lang='grc' dir='ltr'>δεσμοῦντες</span> <span class='ocrx_word' id='word_1_378' title='bbox 1547 4870 1658 4931; x_wconf 86' lang='grc' dir='ltr'>τοῖς</span> <span class='ocrx_word' id='word_1_379' title='bbox 1680 4866 2002 4937; x_wconf 83' lang='grc' dir='ltr'>δεδεμένοις,</span> <span class='ocrx_word' id='word_1_380' title='bbox 2038 4868 2089 4920; x_wconf 88' lang='grc' dir='ltr'>οἱ</span> 
     </span>
    </p>
   </div>
   <div class='ocr_carea' id='block_1_51' title="bbox 492 4960 2092 5032">
    <p class='ocr_par' dir='ltr' id='par_1_51' title="bbox 492 4960 2092 5032">
     <span class='ocr_line' id='line_1_51' title="bbox 492 4960 2092 5032; baseline -0.001 -19"><span class='ocrx_word' id='word_1_381' title='bbox 492 4960 781 5025; x_wconf 84' lang='grc' dir='ltr'>διώκοντες</span> <span class='ocrx_word' id='word_1_382' title='bbox 826 4963 939 5024; x_wconf 85' lang='grc' dir='ltr'>τοῖς</span> <span class='ocrx_word' id='word_1_383' title='bbox 981 4960 1381 5032; x_wconf 79' lang='grc' dir='ltr'>ἐλαυνομένοις.</span> <span class='ocrx_word' id='word_1_384' title='bbox 1420 4960 1609 5014; x_wconf 85' lang='grc' dir='ltr'>Ταῦτα</span> <span class='ocrx_word' id='word_1_385' title='bbox 1644 4961 1710 5032; x_wconf 85' lang='grc' dir='ltr'>δὴ</span> <span class='ocrx_word' id='word_1_386' title='bbox 1741 4961 1920 5015; x_wconf 89' lang='grc' dir='ltr'>πάντα</span> <span class='ocrx_word' id='word_1_387' title='bbox 1955 4960 2092 5030; x_wconf 83' lang='grc' dir='ltr'>πρὸς</span> 
     </span>
    </p>
   </div>
   <div class='ocr_carea' id='block_1_52' title="bbox 494 5051 2088 5124">
    <p class='ocr_par' dir='ltr' id='par_1_52' title="bbox 494 5051 2088 5124">
     <span class='ocr_line' id='line_1_52' title="bbox 494 5051 2088 5124; baseline -0.002 -16"><span class='ocrx_word' id='word_1_388' title='bbox 494 5052 769 5122; x_wconf 81' lang='grc' dir='ltr'>Ἕλληνας</span> <span class='ocrx_word' id='word_1_389' title='bbox 817 5052 1071 5124; x_wconf 91' lang='grc' dir='ltr'>λέγομεν,</span> <span class='ocrx_word' id='word_1_390' title='bbox 1123 5052 1324 5123; x_wconf 83' lang='grc' dir='ltr'>μᾶλλον</span> <span class='ocrx_word' id='word_1_391' title='bbox 1362 5053 1420 5107; x_wconf 83' lang='grc' dir='ltr'>δέ</span> <span class='ocrx_word' id='word_1_392' title='bbox 1456 5053 1551 5107; x_wconf 72' lang='grc' dir='ltr'>καὶ</span> <span class='ocrx_word' id='word_1_393' title='bbox 1596 5053 1805 5106; x_wconf 87' lang='grc' dir='ltr'>τούτων</span> <span class='ocrx_word' id='word_1_394' title='bbox 1845 5051 2088 5110; x_wconf 85' lang='grc' dir='ltr'>πλείονα⁹</span> 
     </span>
    </p>
   </div>
   <div class='ocr_carea' id='block_1_53' title="bbox 497 5143 2092 5215">
    <p class='ocr_par' dir='ltr' id='par_1_53' title="bbox 497 5143 2092 5215">
     <span class='ocr_line' id='line_1_53' title="bbox 497 5143 2092 5215; baseline 0 -19"><span class='ocrx_word' id='word_1_395' title='bbox 497 5143 667 5215; x_wconf 79' lang='grc' dir='ltr'>πολλὴ</span> <span class='ocrx_word' id='word_1_396' title='bbox 723 5144 832 5215; x_wconf 79' lang='grc' dir='ltr'>γὰρ</span> <span class='ocrx_word' id='word_1_397' title='bbox 883 5143 985 5214; x_wconf 83' lang='grc' dir='ltr'>τῆς</span> <span class='ocrx_word' id='word_1_398' title='bbox 1037 5144 1299 5215; x_wconf 82' lang='grc' dir='ltr'>ἀληθείας</span> <span class='ocrx_word' id='word_1_399' title='bbox 1344 5146 1379 5214; x_wconf 78' lang='grc' dir='ltr'>ἡ</span> <span class='ocrx_word' id='word_1_400' title='bbox 1434 5143 1746 5215; x_wconf 90' lang='grc' dir='ltr'>περιουσία.</span> <span class='ocrx_word' id='word_1_401' title='bbox 1813 5143 1930 5198; x_wconf 84' lang='grc' dir='ltr'>Κᾶν</span> <span class='ocrx_word' id='word_1_402' title='bbox 1981 5143 2092 5214; x_wconf 85' lang='grc' dir='ltr'>γὰρ</span> 
     </span>
    </p>
   </div>
   <div class='ocr_carea' id='block_1_54' title="bbox 497 5232 2092 5306">
    <p class='ocr_par' dir='ltr' id='par_1_54' title="bbox 497 5232 2092 5306">
     <span class='ocr_line' id='line_1_54' title="bbox 497 5232 2092 5306; baseline -0.001 -20"><span class='ocrx_word' id='word_1_403' title='bbox 497 5234 944 5305; x_wconf 75' lang='grc' dir='ltr'>ταρακολουθῆτε</span> <span class='ocrx_word' id='word_1_404' title='bbox 985 5237 1052 5306; x_wconf 81' lang='grc' dir='ltr'>τῇ</span> <span class='ocrx_word' id='word_1_405' title='bbox 1103 5234 1378 5297; x_wconf 81' lang='grc' dir='ltr'>ὑποθέσει,</span> <span class='ocrx_word' id='word_1_406' title='bbox 1406 5237 1587 5288; x_wconf 77' lang='grc' dir='ltr'>πᾶσαν</span> <span class='ocrx_word' id='word_1_407' title='bbox 1626 5234 1774 5304; x_wconf 79' lang='grc' dir='ltr'>ὑμᾶς</span> <span class='ocrx_word' id='word_1_408' title='bbox 1813 5233 1913 5303; x_wconf 85' lang='grc' dir='ltr'>τὴν</span> <span class='ocrx_word' id='word_1_409' title='bbox 1956 5232 2092 5303; x_wconf 81' lang='grc' dir='ltr'>πρὸς</span> 
     </span>
    </p>
   </div>
   <div class='ocr_carea' id='block_1_55' title="bbox 497 5325 2092 5400">
    <p class='ocr_par' dir='ltr' id='par_1_55' title="bbox 497 5325 2092 5400">
     <span class='ocr_line' id='line_1_55' title="bbox 497 5325 2092 5400; baseline -0.003 -19"><span class='ocrx_word' id='word_1_410' title='bbox 497 5328 694 5390; x_wconf 77' lang='grc' dir='ltr'>αὐτοὺς</span> <span class='ocrx_word' id='word_1_411' title='bbox 741 5328 1025 5399; x_wconf 81' lang='grc' dir='ltr'>διδάξομεν</span> <span class='ocrx_word' id='word_1_412' title='bbox 1086 5329 1285 5400; x_wconf 85' lang='grc' dir='ltr'>μάχην·</span> <span class='ocrx_word' id='word_1_413' title='bbox 1340 5327 1475 5391; x_wconf 85' lang='grc' dir='ltr'>τέως</span> <span class='ocrx_word' id='word_1_414' title='bbox 1519 5327 1576 5380; x_wconf 79' lang='grc' dir='ltr'>δὲ</span> <span class='ocrx_word' id='word_1_415' title='bbox 1623 5326 1782 5380; x_wconf 85' lang='grc' dir='ltr'>ταυτί</span> <span class='ocrx_word' id='word_1_416' title='bbox 1835 5325 1929 5378; x_wconf 83' lang='grc' dir='ltr'>δύο</span> <span class='ocrx_word' id='word_1_417' title='bbox 1973 5325 2092 5378; x_wconf 88' lang='grc' dir='ltr'>δια-</span> 
     </span>
    </p>
   </div>
   <div class='ocr_carea' id='block_1_56' title="bbox 496 5416 2092 5491">
    <p class='ocr_par' dir='ltr' id='par_1_56' title="bbox 496 5416 2092 5491">
     <span class='ocr_line' id='line_1_56' title="bbox 496 5416 2092 5491; baseline -0.004 -18"><span class='ocrx_word' id='word_1_418' title='bbox 496 5418 756 5491; x_wconf 84' lang='grc' dir='ltr'>τηρῶμεν</span> <span class='ocrx_word' id='word_1_419' title='bbox 794 5420 1088 5489; x_wconf 89' lang='grc' dir='ltr'>κεφάλαια,</span> <span class='ocrx_word' id='word_1_420' title='bbox 1120 5419 1238 5484; x_wconf 86' lang='grc' dir='ltr'>πῶς</span> <span class='ocrx_word' id='word_1_421' title='bbox 1280 5419 1331 5472; x_wconf 87' lang='grc' dir='ltr'>οἰ</span> <span class='ocrx_word' id='word_1_422' title='bbox 1380 5418 1627 5481; x_wconf 84' lang='grc' dir='ltr'>ἀσθενεῖς</span> <span class='ocrx_word' id='word_1_423' title='bbox 1662 5419 1792 5480; x_wconf 80' lang='grc' dir='ltr'>τοὺς</span> <span class='ocrx_word' id='word_1_424' title='bbox 1838 5416 2092 5487; x_wconf 81' lang='grc' dir='ltr'>ἰσχυροὺς</span> 
     </span>
    </p>
   </div>
   <div class='ocr_carea' id='block_1_57' title="bbox 499 5499 2092 5582">
    <p class='ocr_par' dir='ltr' id='par_1_57' title="bbox 499 5499 2092 5582">
     <span class='ocr_line' id='line_1_57' title="bbox 499 5499 2092 5582; baseline -0.004 -17"><span class='ocrx_word' id='word_1_425' title='bbox 499 5511 782 5582; x_wconf 79' lang='grc' dir='ltr'>ἐνίκησαν,</span> <span class='ocrx_word' id='word_1_426' title='bbox 824 5514 920 5565; x_wconf 74' lang='grc' dir='ltr'>καὶ</span> <span class='ocrx_word' id='word_1_427' title='bbox 953 5499 1139 5566; x_wconf 72' lang='grc' dir='ltr'>πόθεν</span> <span class='ocrx_word' id='word_1_428' title='bbox 1166 5511 1350 5574; x_wconf 77' lang='grc' dir='ltr'>αὐτοῖς</span> <span class='ocrx_word' id='word_1_429' title='bbox 1407 5508 1610 5580; x_wconf 81' lang='grc' dir='ltr'>ἐπῆλθε</span> <span class='ocrx_word' id='word_1_430' title='bbox 1661 5507 1925 5570; x_wconf 75' lang='grc' dir='ltr'>τοιούτοις</span> <span class='ocrx_word' id='word_1_431' title='bbox 1971 5503 2092 5560; x_wconf 81' lang='grc' dir='ltr'>οὖσι</span> 
     </span>
    </p>
   </div>
   <div class='ocr_carea' id='block_1_58' title="bbox 499 5599 2091 5672">
    <p class='ocr_par' dir='ltr' id='par_1_58' title="bbox 499 5599 2091 5672">
     <span class='ocr_line' id='line_1_58' title="bbox 499 5599 2091 5672; baseline -0.003 -17"><span class='ocrx_word' id='word_1_432' title='bbox 499 5601 727 5655; x_wconf 88' lang='grc' dir='ltr'>τοιαῦτα</span> <span class='ocrx_word' id='word_1_433' title='bbox 757 5601 1172 5672; x_wconf 86' lang='grc' dir='ltr'>βουλεύσασθαι,</span> <span class='ocrx_word' id='word_1_434' title='bbox 1222 5604 1272 5656; x_wconf 88' lang='grc' dir='ltr'>εἰ</span> <span class='ocrx_word' id='word_1_435' title='bbox 1320 5601 1398 5672; x_wconf 76' lang='grc' dir='ltr'>μὴ</span> <span class='ocrx_word' id='word_1_436' title='bbox 1447 5601 1598 5663; x_wconf 87' lang='grc' dir='ltr'>θείας</span> <span class='ocrx_word' id='word_1_437' title='bbox 1637 5599 1912 5654; x_wconf 84' lang='grc' dir='ltr'>ἀπέλαυον</span> <span class='ocrx_word' id='word_1_438' title='bbox 1951 5615 2091 5668; x_wconf 83' lang='grc' dir='ltr'>συμ-</span> 
     </span>
    </p>
   </div>
   <div class='ocr_carea' id='block_1_59' title="bbox 507 5692 731 5761">
    <p class='ocr_par' dir='ltr' id='par_1_59' title="bbox 507 5692 731 5761">
     <span class='ocr_line' id='line_1_59' title="bbox 507 5692 731 5761; baseline 0 -17"><span class='ocrx_word' id='word_1_439' title='bbox 507 5692 731 5761; x_wconf 84' lang='grc' dir='ltr'>μαχίας.</span> 
     </span>
    </p>
   </div>
   <div class='ocr_carea' id='block_1_60' title="bbox 568 5825 1091 5890">
    <p class='ocr_par' dir='ltr' id='par_1_60' title="bbox 568 5825 1091 5890">
     <span class='ocr_line' id='line_1_60' title="bbox 568 5825 1091 5890; baseline 0.008 -16"><span class='ocrx_word' id='word_1_440' title='bbox 568 5825 594 5854; x_wconf 78' lang='grc'>⁸</span> <span class='ocrx_word' id='word_1_441' title='bbox 620 5826 875 5887; x_wconf 80' lang='lat' dir='ltr'>Legebamr</span> <span class='ocrx_word' id='word_1_442' title='bbox 897 5829 1091 5890; x_wconf 74' lang='grc' dir='ltr'>βλάϐας.</span> 
     </span>
    </p>
   </div>
   <div class='ocr_carea' id='block_1_61' title="bbox 2269 481 3805 560">
    <p class='ocr_par' dir='ltr' id='par_1_61' title="bbox 2269 481 3805 560">
     <span class='ocr_line' id='line_1_61' title="bbox 2269 481 3805 560; baseline 0.003 -20"><span class='ocrx_word' id='word_1_443' title='bbox 2269 494 2340 541; x_wconf 85' lang='grc' dir='ltr'>α’.</span> <span class='ocrx_word' id='word_1_444' title='bbox 2368 488 2478 540; x_wconf 79' lang='grc' dir='ltr'>Καὶ</span> <span class='ocrx_word' id='word_1_445' title='bbox 2499 488 2566 540; x_wconf 84' lang='grc' dir='ltr'>τὰ</span> <span class='ocrx_word' id='word_1_446' title='bbox 2590 489 2721 558; x_wconf 82' lang='grc' dir='ltr'>παρ’</span> <span class='ocrx_word' id='word_1_447' title='bbox 2744 487 2900 558; x_wconf 86' lang='grc' dir='ltr'>ήμῶν</span> <span class='ocrx_word' id='word_1_448' title='bbox 2927 481 3051 542; x_wconf 83' lang='grc' dir='ltr'>ὦδε.</span> <span class='ocrx_word' id='word_1_449' title='bbox 3084 489 3459 560; x_wconf 84' lang='grc' dir='ltr'>Παρεχώμεθα</span> <span class='ocrx_word' id='word_1_450' title='bbox 3482 489 3539 544; x_wconf 88' lang='grc' dir='ltr'>δὲ</span> <span class='ocrx_word' id='word_1_451' title='bbox 3561 493 3654 545; x_wconf 72' lang='grc' dir='ltr'>ἐπὶ</span> <span class='ocrx_word' id='word_1_452' title='bbox 3680 493 3805 545; x_wconf 84' lang='grc' dir='ltr'>τῶν</span> 
     </span>
    </p>
   </div>
   <div class='ocr_carea' id='block_1_62' title="bbox 2194 578 3804 654">
    <p class='ocr_par' dir='ltr' id='par_1_62' title="bbox 2194 578 3804 654">
     <span class='ocr_line' id='line_1_62' title="bbox 2194 578 3804 654; baseline 0.004 -23"><span class='ocrx_word' id='word_1_453' title='bbox 2194 578 2376 650; x_wconf 73' lang='grc' dir='ltr'>ἔργων</span> <span class='ocrx_word' id='word_1_454' title='bbox 2411 579 2440 618; x_wconf 74' lang='grc' dir='ltr'>δ</span> <span class='ocrx_word' id='word_1_455' title='bbox 2469 578 2540 631; x_wconf 86' lang='grc' dir='ltr'>τὰ</span> <span class='ocrx_word' id='word_1_456' title='bbox 2577 580 2671 631; x_wconf 87' lang='grc' dir='ltr'>τοῦ</span> <span class='ocrx_word' id='word_1_457' title='bbox 2717 579 2832 649; x_wconf 83' lang='grc' dir='ltr'>βίου</span> <span class='ocrx_word' id='word_1_458' title='bbox 2874 579 3296 651; x_wconf 83' lang='grc' dir='ltr'>κατορθώματα,</span> <span class='ocrx_word' id='word_1_459' title='bbox 3329 583 3422 636; x_wconf 73' lang='grc' dir='ltr'>καὶ</span> <span class='ocrx_word' id='word_1_460' title='bbox 3465 583 3688 654; x_wconf 79' lang='grc' dir='ltr'>δαψιλὲς</span> <span class='ocrx_word' id='word_1_461' title='bbox 3727 586 3804 638; x_wconf 76' lang='grc' dir='ltr'>τὸ</span> 
     </span>
    </p>
   </div>
   <div class='ocr_carea' id='block_1_63' title="bbox 2194 669 3796 744">
    <p class='ocr_par' dir='ltr' id='par_1_63' title="bbox 2194 669 3796 744">
     <span class='ocr_line' id='line_1_63' title="bbox 2194 669 3796 744; baseline 0.004 -23"><span class='ocrx_word' id='word_1_462' title='bbox 2194 669 2308 740; x_wconf 90' lang='grc' dir='ltr'>πῦρ</span> <span class='ocrx_word' id='word_1_463' title='bbox 2355 669 2685 739; x_wconf 87' lang='grc' dir='ltr'>ἀνάπτωμεν</span> <span class='ocrx_word' id='word_1_464' title='bbox 2739 671 2842 740; x_wconf 85' lang='grc' dir='ltr'>τῆς</span> <span class='ocrx_word' id='word_1_465' title='bbox 2900 672 3122 744; x_wconf 81' lang='grc' dir='ltr'>ἀρετῆς.</span> <span class='ocrx_word' id='word_1_466' title='bbox 3161 673 3449 744; x_wconf 78' lang='grc' dir='ltr'>Φωστῆρες</span> <span class='ocrx_word' id='word_1_467' title='bbox 3487 675 3600 744; x_wconf 89' lang='grc' dir='ltr'>γάρ</span> <span class='ocrx_word' id='word_1_468' title='bbox 3639 677 3796 739; x_wconf 81' lang='grc' dir='ltr'>ἐστε,</span> 
     </span>
    </p>
   </div>
   <div class='ocr_carea' id='block_1_64' title="bbox 2195 760 3800 834">
    <p class='ocr_par' dir='ltr' id='par_1_64' title="bbox 2195 760 3800 834">
     <span class='ocr_line' id='line_1_64' title="bbox 2195 760 3800 834; baseline 0.005 -22"><span class='ocrx_word' id='word_1_469' title='bbox 2195 762 2382 831; x_wconf 65' lang='grc' dir='ltr'>φησὶν,</span> <span class='ocrx_word' id='word_1_470' title='bbox 2413 763 2474 815; x_wconf 78' lang='grc' dir='ltr'>ἐν</span> <span class='ocrx_word' id='word_1_471' title='bbox 2501 763 2652 832; x_wconf 86' lang='grc' dir='ltr'>μέσῳ</span> <span class='ocrx_word' id='word_1_472' title='bbox 2695 760 2789 814; x_wconf 88' lang='grc' dir='ltr'>τοῦ</span> <span class='ocrx_word' id='word_1_473' title='bbox 2818 763 3025 833; x_wconf 90' lang='grc' dir='ltr'>κόσμου</span> <span class='ocrx_word' id='word_1_474' title='bbox 3057 763 3388 832; x_wconf 87' lang='grc' dir='ltr'>λάμποντες·</span> <span class='ocrx_word' id='word_1_475' title='bbox 3431 765 3526 818; x_wconf 87' lang='grc' dir='ltr'>καί</span> <span class='ocrx_word' id='word_1_476' title='bbox 3567 766 3800 834; x_wconf 80' lang='grc' dir='ltr'>μείζονα</span> 
     </span>
    </p>
   </div>
   <div class='ocr_carea' id='block_1_65' title="bbox 2191 850 3794 926">
    <p class='ocr_par' dir='ltr' id='par_1_65' title="bbox 2191 850 3794 926">
     <span class='ocr_line' id='line_1_65' title="bbox 2191 850 3794 926; baseline 0.004 -23"><span class='ocrx_word' id='word_1_477' title='bbox 2191 850 2353 922; x_wconf 82' lang='grc' dir='ltr'>ήμῶν</span> <span class='ocrx_word' id='word_1_478' title='bbox 2387 853 2602 920; x_wconf 78' lang='grc' dir='ltr'>ἑκάστῳ</span> <span class='ocrx_word' id='word_1_479' title='bbox 2629 853 2818 923; x_wconf 87' lang='grc' dir='ltr'>χρείαν</span> <span class='ocrx_word' id='word_1_480' title='bbox 2847 853 3176 924; x_wconf 87' lang='grc' dir='ltr'>ἐνεχείρισεν</span> <span class='ocrx_word' id='word_1_481' title='bbox 3201 856 3231 908; x_wconf 78' lang='grc' dir='ltr'>ὁ</span> <span class='ocrx_word' id='word_1_482' title='bbox 3269 853 3424 918; x_wconf 84' lang='grc' dir='ltr'>Θεὸς,</span> <span class='ocrx_word' id='word_1_483' title='bbox 3456 855 3488 924; x_wconf 77' lang='grc' dir='ltr'><strong>ἢ</strong></span> <span class='ocrx_word' id='word_1_484' title='bbox 3514 855 3592 925; x_wconf 81' lang='grc' dir='ltr'>τῷ</span> <span class='ocrx_word' id='word_1_485' title='bbox 3628 857 3794 926; x_wconf 84' lang='grc' dir='ltr'>ήλίῳ,</span> 
     </span>
    </p>
   </div>
   <div class='ocr_carea' id='block_1_66' title="bbox 2197 943 3800 1018">
    <p class='ocr_par' dir='ltr' id='par_1_66' title="bbox 2197 943 3800 1018">
     <span class='ocr_line' id='line_1_66' title="bbox 2197 943 3800 1018; baseline 0.002 -23"><span class='ocrx_word' id='word_1_486' title='bbox 2197 943 2419 1013; x_wconf 79' lang='grc' dir='ltr'>μείζονα</span> <span class='ocrx_word' id='word_1_487' title='bbox 2449 944 2679 1014; x_wconf 86' lang='grc' dir='ltr'>ούρανοῦ</span> <span class='ocrx_word' id='word_1_488' title='bbox 2721 944 2816 998; x_wconf 65' lang='grc' dir='ltr'>καλ⁵</span> <span class='ocrx_word' id='word_1_489' title='bbox 2847 946 2949 1013; x_wconf 79' lang='grc' dir='ltr'>γῆς</span> <span class='ocrx_word' id='word_1_490' title='bbox 2982 945 3077 998; x_wconf 78' lang='grc' dir='ltr'>καὶ</span> <span class='ocrx_word' id='word_1_491' title='bbox 3111 945 3403 1016; x_wconf 88' lang='grc' dir='ltr'>θαλάττης,</span> <span class='ocrx_word' id='word_1_492' title='bbox 3427 947 3521 999; x_wconf 77' lang='grc' dir='ltr'>καί</span> <span class='ocrx_word' id='word_1_493' title='bbox 3547 946 3800 1018; x_wconf 84' lang='grc' dir='ltr'>τοσούτῳ</span> 
     </span>
    </p>
   </div>
   <div class='ocr_carea' id='block_1_67' title="bbox 2193 1038 3796 1114">
    <p class='ocr_par' dir='ltr' id='par_1_67' title="bbox 2193 1038 3796 1114">
     <span class='ocr_line' id='line_1_67' title="bbox 2193 1038 3796 1114; baseline 0.002 -21"><span class='ocrx_word' id='word_1_494' title='bbox 2193 1038 2312 1110; x_wconf 68' lang='lat'>[52]</span> <span class='ocrx_word' id='word_1_495' title='bbox 2347 1040 2591 1110; x_wconf 80' lang='grc' dir='ltr'>μείζονα,</span> <span class='ocrx_word' id='word_1_496' title='bbox 2616 1040 2726 1110; x_wconf 84' lang='grc' dir='ltr'>ὅσῳ</span> <span class='ocrx_word' id='word_1_497' title='bbox 2763 1040 2833 1094; x_wconf 80' lang='grc' dir='ltr'>τὰ</span> <span class='ocrx_word' id='word_1_498' title='bbox 2856 1041 3207 1111; x_wconf 88' lang='grc' dir='ltr'>πνευματικά</span> <span class='ocrx_word' id='word_1_499' title='bbox 3242 1041 3352 1095; x_wconf 89' lang='grc' dir='ltr'>τῶν</span> <span class='ocrx_word' id='word_1_500' title='bbox 3380 1043 3660 1114; x_wconf 89' lang='grc' dir='ltr'>αἰσθητῶν</span> <span class='ocrx_word' id='word_1_501' title='bbox 3703 1044 3796 1097; x_wconf 86' lang='grc' dir='ltr'>δι-</span> 
     </span>
    </p>
   </div>
   <div class='ocr_carea' id='block_1_68' title="bbox 2192 1125 3793 1203">
    <p class='ocr_par' dir='ltr' id='par_1_68' title="bbox 2192 1125 3793 1203">
     <span class='ocr_line' id='line_1_68' title="bbox 2192 1125 3793 1203; baseline 0.002 -21"><span class='ocrx_word' id='word_1_502' title='bbox 2192 1131 2471 1201; x_wconf 89' lang='grc' dir='ltr'>ενήνοχεν.</span> <span class='ocrx_word' id='word_1_503' title='bbox 2498 1130 2670 1184; x_wconf 83' lang='grc' dir='ltr'>Ὅταν</span> <span class='ocrx_word' id='word_1_504' title='bbox 2699 1125 2794 1184; x_wconf 79' lang='grc' dir='ltr'>οὖν</span> <span class='ocrx_word' id='word_1_505' title='bbox 2816 1131 2955 1200; x_wconf 81' lang='grc' dir='ltr'>πρὸς</span> <span class='ocrx_word' id='word_1_506' title='bbox 2975 1131 3070 1185; x_wconf 75' lang='grc' dir='ltr'>τὸν</span> <span class='ocrx_word' id='word_1_507' title='bbox 3093 1132 3320 1203; x_wconf 81' lang='grc' dir='ltr'>ήλιακδν</span> <span class='ocrx_word' id='word_1_508' title='bbox 3341 1133 3541 1202; x_wconf 72' lang='grc' dir='ltr'>ἴδωμεν</span> <span class='ocrx_word' id='word_1_509' title='bbox 3561 1134 3793 1196; x_wconf 80' lang='grc' dir='ltr'>κύκλον,</span> 
     </span>
    </p>
   </div>
   <div class='ocr_carea' id='block_1_69' title="bbox 2194 1220 3798 1294">
    <p class='ocr_par' dir='ltr' id='par_1_69' title="bbox 2194 1220 3798 1294">
     <span class='ocr_line' id='line_1_69' title="bbox 2194 1220 3798 1294; baseline 0.003 -22"><span class='ocrx_word' id='word_1_510' title='bbox 2194 1220 2289 1272; x_wconf 78' lang='grc' dir='ltr'>καί</span> <span class='ocrx_word' id='word_1_511' title='bbox 2321 1221 2692 1291; x_wconf 86' lang='grc' dir='ltr'>θαυμάσωμεν</span> <span class='ocrx_word' id='word_1_512' title='bbox 2714 1220 2777 1274; x_wconf 81' lang='grc' dir='ltr'>τὸ</span> <span class='ocrx_word' id='word_1_513' title='bbox 2799 1221 2995 1285; x_wconf 90' lang='grc' dir='ltr'>κάλλος</span> <span class='ocrx_word' id='word_1_514' title='bbox 3030 1223 3126 1276; x_wconf 80' lang='grc' dir='ltr'>καὶ</span> <span class='ocrx_word' id='word_1_515' title='bbox 3151 1223 3214 1277; x_wconf 81' lang='grc' dir='ltr'>τὸ</span> <span class='ocrx_word' id='word_1_516' title='bbox 3237 1224 3399 1294; x_wconf 86' lang='grc' dir='ltr'>σῶμα</span> <span class='ocrx_word' id='word_1_517' title='bbox 3423 1224 3519 1278; x_wconf 79' lang='grc' dir='ltr'>καὶ</span> <span class='ocrx_word' id='word_1_518' title='bbox 3539 1226 3639 1294; x_wconf 77' lang='grc' dir='ltr'>τὴν</span> <span class='ocrx_word' id='word_1_519' title='bbox 3658 1242 3798 1294; x_wconf 73' lang='grc' dir='ltr'>φαι-</span> 
     </span>
    </p>
   </div>
   <div class='ocr_carea' id='block_1_70' title="bbox 2194 1311 3797 1388">
    <p class='ocr_par' dir='ltr' id='par_1_70' title="bbox 2194 1311 3797 1388">
     <span class='ocr_line' id='line_1_70' title="bbox 2194 1311 3797 1388; baseline 0.001 -22"><span class='ocrx_word' id='word_1_520' title='bbox 2194 1312 2433 1384; x_wconf 84' lang='grc' dir='ltr'>δρότητα</span> <span class='ocrx_word' id='word_1_521' title='bbox 2480 1313 2574 1365; x_wconf 88' lang='grc' dir='ltr'>τοῦ</span> <span class='ocrx_word' id='word_1_522' title='bbox 2608 1312 2832 1384; x_wconf 77' lang='grc' dir='ltr'>ἄστρου,</span> <span class='ocrx_word' id='word_1_523' title='bbox 2865 1311 3210 1384; x_wconf 82' lang='grc' dir='ltr'>λογιζώμεθα</span> <span class='ocrx_word' id='word_1_524' title='bbox 3242 1315 3434 1379; x_wconf 90' lang='grc' dir='ltr'>πάλιν,</span> <span class='ocrx_word' id='word_1_525' title='bbox 3470 1317 3554 1368; x_wconf 83' lang='grc' dir='ltr'>ὅτι</span> <span class='ocrx_word' id='word_1_526' title='bbox 3599 1315 3797 1388; x_wconf 79' lang='grc' dir='ltr'>μεῖζον</span> 
     </span>
    </p>
   </div>
   <div class='ocr_carea' id='block_1_71' title="bbox 2193 1402 3797 1476">
    <p class='ocr_par' dir='ltr' id='par_1_71' title="bbox 2193 1402 3797 1476">
     <span class='ocr_line' id='line_1_71' title="bbox 2193 1402 3797 1476; baseline 0.001 -19"><span class='ocrx_word' id='word_1_527' title='bbox 2193 1404 2287 1457; x_wconf 78' lang='grc' dir='ltr'>καὶ</span> <span class='ocrx_word' id='word_1_528' title='bbox 2312 1402 2538 1473; x_wconf 78' lang='grc' dir='ltr'>ἄμεινον</span> <span class='ocrx_word' id='word_1_529' title='bbox 2569 1402 2630 1455; x_wconf 76' lang='grc' dir='ltr'>τὸ</span> <span class='ocrx_word' id='word_1_530' title='bbox 2658 1405 2716 1456; x_wconf 90' lang='grc' dir='ltr'>ἐν</span> <span class='ocrx_word' id='word_1_531' title='bbox 2744 1404 2879 1474; x_wconf 80' lang='grc' dir='ltr'>ἡμῖν</span> <span class='ocrx_word' id='word_1_532' title='bbox 2909 1403 3048 1473; x_wconf 84' lang='grc' dir='ltr'>φῶς,</span> <span class='ocrx_word' id='word_1_533' title='bbox 3085 1403 3338 1476; x_wconf 88' lang='grc' dir='ltr'>καθάπερ</span> <span class='ocrx_word' id='word_1_534' title='bbox 3367 1407 3462 1458; x_wconf 70' lang='grc' dir='ltr'>καὶ</span> <span class='ocrx_word' id='word_1_535' title='bbox 3489 1407 3550 1460; x_wconf 85' lang='grc' dir='ltr'>τὸ</span> <span class='ocrx_word' id='word_1_536' title='bbox 3592 1407 3797 1469; x_wconf 81' lang='grc' dir='ltr'>σκότος</span> 
     </span>
    </p>
   </div>
   <div class='ocr_carea' id='block_1_72' title="bbox 2193 1493 3795 1568">
    <p class='ocr_par' dir='ltr' id='par_1_72' title="bbox 2193 1493 3795 1568">
     <span class='ocr_line' id='line_1_72' title="bbox 2193 1493 3795 1568; baseline 0.002 -21"><span class='ocrx_word' id='word_1_537' title='bbox 2193 1493 2592 1567; x_wconf 86' lang='grc' dir='ltr'>χαλεπώτερον,</span> <span class='ocrx_word' id='word_1_538' title='bbox 2629 1493 2694 1547; x_wconf 83' lang='grc' dir='ltr'>ἀν</span> <span class='ocrx_word' id='word_1_539' title='bbox 2738 1495 2814 1565; x_wconf 81' lang='grc' dir='ltr'>μὴ</span> <span class='ocrx_word' id='word_1_540' title='bbox 2856 1495 3239 1567; x_wconf 79' lang='grc' dir='ltr'>προσέχωμεν·</span> <span class='ocrx_word' id='word_1_541' title='bbox 3276 1497 3372 1549; x_wconf 76' lang='grc' dir='ltr'>καὶ</span> <span class='ocrx_word' id='word_1_542' title='bbox 3415 1496 3522 1568; x_wconf 80' lang='grc' dir='ltr'>γὰρ</span> <span class='ocrx_word' id='word_1_543' title='bbox 3555 1497 3652 1564; x_wconf 78' lang='grc' dir='ltr'>νὺξ</span> <span class='ocrx_word' id='word_1_544' title='bbox 3684 1499 3795 1567; x_wconf 79' lang='grc' dir='ltr'>βα-</span> 
     </span>
    </p>
   </div>
   <div class='ocr_carea' id='block_1_73' title="bbox 2193 1586 3796 1658">
    <p class='ocr_par' dir='ltr' id='par_1_73' title="bbox 2193 1586 3796 1658">
     <span class='ocr_line' id='line_1_73' title="bbox 2193 1586 3796 1658; baseline 0.001 -19"><span class='ocrx_word' id='word_1_545' title='bbox 2193 1587 2314 1641; x_wconf 89' lang='grc' dir='ltr'>θεῖα</span> <span class='ocrx_word' id='word_1_546' title='bbox 2341 1586 2561 1658; x_wconf 85' lang='grc' dir='ltr'>κατέχει</span> <span class='ocrx_word' id='word_1_547' title='bbox 2589 1587 2689 1657; x_wconf 80' lang='grc' dir='ltr'>τὴν</span> <span class='ocrx_word' id='word_1_548' title='bbox 2714 1586 3045 1658; x_wconf 85' lang='grc' dir='ltr'>οἰκουμένην</span> <span class='ocrx_word' id='word_1_549' title='bbox 3079 1587 3316 1642; x_wconf 76' lang='grc' dir='ltr'>ἃπασαν.</span> <span class='ocrx_word' id='word_1_550' title='bbox 3347 1587 3564 1657; x_wconf 89' lang='grc' dir='ltr'>Ταύτην</span> <span class='ocrx_word' id='word_1_551' title='bbox 3606 1590 3796 1642; x_wconf 83' lang='grc' dir='ltr'>τοίνυν</span> 
     </span>
    </p>
   </div>
   <div class='ocr_carea' id='block_1_74' title="bbox 2193 1675 3797 1749">
    <p class='ocr_par' dir='ltr' id='par_1_74' title="bbox 2193 1675 3797 1749">
     <span class='ocr_line' id='line_1_74' title="bbox 2193 1675 3797 1749; baseline -0.001 -20"><span class='ocrx_word' id='word_1_552' title='bbox 2193 1676 2589 1747; x_wconf 78' lang='grc' dir='ltr'>ἀνατρέψωμεν</span> <span class='ocrx_word' id='word_1_553' title='bbox 2621 1677 2714 1729; x_wconf 76' lang='grc' dir='ltr'>καὶ</span> <span class='ocrx_word' id='word_1_554' title='bbox 2775 1675 3046 1746; x_wconf 86' lang='grc' dir='ltr'>λύσωμεν.</span> <span class='ocrx_word' id='word_1_555' title='bbox 3086 1675 3204 1740; x_wconf 77' lang='grc' dir='ltr'>Νὺξ</span> <span class='ocrx_word' id='word_1_556' title='bbox 3241 1677 3341 1729; x_wconf 82' lang='grc' dir='ltr'>οὐκ</span> <span class='ocrx_word' id='word_1_557' title='bbox 3384 1677 3442 1730; x_wconf 86' lang='grc' dir='ltr'>ἐν</span> <span class='ocrx_word' id='word_1_558' title='bbox 3486 1679 3797 1749; x_wconf 78' lang='grc' dir='ltr'>αἰρετικοῖς</span> 
     </span>
    </p>
   </div>
   <div class='ocr_carea' id='block_1_75' title="bbox 2190 1761 3794 1841">
    <p class='ocr_par' dir='ltr' id='par_1_75' title="bbox 2190 1761 3794 1841">
     <span class='ocr_line' id='line_1_75' title="bbox 2190 1761 3794 1841; baseline 0 -17"><span class='ocrx_word' id='word_1_559' title='bbox 2190 1770 2313 1825; x_wconf 84' lang='grc' dir='ltr'>ούδέ</span> <span class='ocrx_word' id='word_1_560' title='bbox 2345 1773 2403 1824; x_wconf 87' lang='grc' dir='ltr'>ἐν</span> <span class='ocrx_word' id='word_1_561' title='bbox 2431 1771 2657 1841; x_wconf 83' lang='grc' dir='ltr'>Ἕλλησι</span> <span class='ocrx_word' id='word_1_562' title='bbox 2688 1771 2871 1840; x_wconf 91' lang='grc' dir='ltr'>μόνον,</span> <span class='ocrx_word' id='word_1_563' title='bbox 2914 1769 3051 1823; x_wconf 86' lang='grc' dir='ltr'>ἀλλά</span> <span class='ocrx_word' id='word_1_564' title='bbox 3093 1770 3189 1824; x_wconf 78' lang='grc' dir='ltr'>καὶ</span> <span class='ocrx_word' id='word_1_565' title='bbox 3230 1770 3446 1834; x_wconf 81' lang='grc' dir='ltr'>πολλοῖς</span> <span class='ocrx_word' id='word_1_566' title='bbox 3493 1773 3606 1834; x_wconf 82' lang='grc' dir='ltr'>τοῖς</span> <span class='ocrx_word' id='word_1_567' title='bbox 3649 1761 3794 1840; x_wconf 79' lang='grc' dir='ltr'>παρ’</span> 
     </span>
    </p>
   </div>
   <div class='ocr_carea' id='block_1_76' title="bbox 2191 1861 3794 1933">
    <p class='ocr_par' dir='ltr' id='par_1_76' title="bbox 2191 1861 3794 1933">
     <span class='ocr_line' id='line_1_76' title="bbox 2191 1861 3794 1933; baseline 0.001 -19"><span class='ocrx_word' id='word_1_568' title='bbox 2191 1863 2324 1933; x_wconf 78' lang='grc' dir='ltr'>ἡμῖν</span> <span class='ocrx_word' id='word_1_569' title='bbox 2351 1861 2637 1932; x_wconf 83' lang='grc' dir='ltr'>δογμάτων</span> <span class='ocrx_word' id='word_1_570' title='bbox 2671 1862 2859 1914; x_wconf 76' lang='grc' dir='ltr'>ἕνεκεν</span> <span class='ocrx_word' id='word_1_571' title='bbox 2886 1861 2982 1915; x_wconf 78' lang='grc' dir='ltr'>καὶ</span> <span class='ocrx_word' id='word_1_572' title='bbox 3013 1861 3148 1932; x_wconf 90' lang='grc' dir='ltr'>βίου.</span> <span class='ocrx_word' id='word_1_573' title='bbox 3179 1863 3375 1916; x_wconf 57' lang='grc' dir='ltr'>Πολλοὶ⁸</span> <span class='ocrx_word' id='word_1_574' title='bbox 3416 1862 3524 1933; x_wconf 89' lang='grc' dir='ltr'>γάρ</span> <span class='ocrx_word' id='word_1_575' title='bbox 3556 1865 3622 1933; x_wconf 81' lang='grc' dir='ltr'>τῇ</span> <span class='ocrx_word' id='word_1_576' title='bbox 3649 1864 3794 1916; x_wconf 86' lang='grc' dir='ltr'>ἀνα-</span> 
     </span>
    </p>
   </div>
   <div class='ocr_carea' id='block_1_77' title="bbox 2193 1952 3794 2022">
    <p class='ocr_par' dir='ltr' id='par_1_77' title="bbox 2193 1952 3794 2022">
     <span class='ocr_line' id='line_1_77' title="bbox 2193 1952 3794 2022; baseline -0.001 -17"><span class='ocrx_word' id='word_1_577' title='bbox 2193 1953 2383 2006; x_wconf 88' lang='grc' dir='ltr'>στάσει</span> <span class='ocrx_word' id='word_1_578' title='bbox 2420 1953 2784 2017; x_wconf 83' lang='grc' dir='ltr'>διαπιστοῦσι,</span> <span class='ocrx_word' id='word_1_579' title='bbox 2821 1952 3005 2006; x_wconf 87' lang='grc' dir='ltr'>πολλοί</span> <span class='ocrx_word' id='word_1_580' title='bbox 3043 1955 3138 2007; x_wconf 79' lang='grc' dir='ltr'>καὶ</span> <span class='ocrx_word' id='word_1_581' title='bbox 3163 1953 3378 2022; x_wconf 84' lang='grc' dir='ltr'>γένεσιν</span> <span class='ocrx_word' id='word_1_582' title='bbox 3415 1955 3626 2016; x_wconf 80' lang='grc' dir='ltr'>ἑαυτοῖς</span> <span class='ocrx_word' id='word_1_583' title='bbox 3659 1955 3794 2022; x_wconf 54' lang='grc' dir='ltr'>ἐπιέ</span> 
     </span>
    </p>
   </div>
   <div class='ocr_carea' id='block_1_78' title="bbox 2190 2045 3796 2118">
    <p class='ocr_par' dir='ltr' id='par_1_78' title="bbox 2190 2045 3796 2118">
     <span class='ocr_line' id='line_1_78' title="bbox 2190 2045 3796 2118; baseline 0 -20"><span class='ocrx_word' id='word_1_584' title='bbox 2190 2045 2506 2116; x_wconf 79' lang='grc' dir='ltr'>τειχίζουσι,</span> <span class='ocrx_word' id='word_1_585' title='bbox 2535 2046 2718 2100; x_wconf 75' lang='grc' dir='ltr'>πολλοὶ</span> <span class='ocrx_word' id='word_1_586' title='bbox 2742 2045 2839 2100; x_wconf 76' lang='grc' dir='ltr'>καὶ</span> <span class='ocrx_word' id='word_1_587' title='bbox 2871 2047 3286 2118; x_wconf 82' lang='grc' dir='ltr'>παρατηρήσεις</span> <span class='ocrx_word' id='word_1_588' title='bbox 3309 2045 3658 2115; x_wconf 86' lang='grc' dir='ltr'>φυλάττουσι,</span> <span class='ocrx_word' id='word_1_589' title='bbox 3689 2045 3796 2098; x_wconf 78' lang='grc' dir='ltr'>καὶ</span> 
     </span>
    </p>
   </div>
   <div class='ocr_carea' id='block_1_79' title="bbox 2192 2135 3795 2209">
    <p class='ocr_par' dir='ltr' id='par_1_79' title="bbox 2192 2135 3795 2209">
     <span class='ocr_line' id='line_1_79' title="bbox 2192 2135 3795 2209; baseline 0 -19"><span class='ocrx_word' id='word_1_590' title='bbox 2192 2135 2592 2208; x_wconf 83' lang='grc' dir='ltr'>κληδωνισμοῖς</span> <span class='ocrx_word' id='word_1_591' title='bbox 2625 2138 2719 2190; x_wconf 78' lang='grc' dir='ltr'>καὶ</span> <span class='ocrx_word' id='word_1_592' title='bbox 2743 2139 3054 2208; x_wconf 81' lang='grc' dir='ltr'>οἰωνισμοῖς</span> <span class='ocrx_word' id='word_1_593' title='bbox 3079 2139 3172 2192; x_wconf 77' lang='grc' dir='ltr'>καὶ</span> <span class='ocrx_word' id='word_1_594' title='bbox 3196 2137 3506 2209; x_wconf 89' lang='grc' dir='ltr'>συμϐόλοις·</span> <span class='ocrx_word' id='word_1_595' title='bbox 3535 2138 3583 2189; x_wconf 89' lang='grc' dir='ltr'>οἰ</span> <span class='ocrx_word' id='word_1_596' title='bbox 3607 2136 3663 2188; x_wconf 87' lang='grc' dir='ltr'>δὲ</span> <span class='ocrx_word' id='word_1_597' title='bbox 3688 2138 3795 2190; x_wconf 75' lang='grc' dir='ltr'>καὶ</span> 
     </span>
    </p>
   </div>
   <div class='ocr_carea' id='block_1_80' title="bbox 2192 2227 3794 2302">
    <p class='ocr_par' dir='ltr' id='par_1_80' title="bbox 2192 2227 3794 2302">
     <span class='ocr_line' id='line_1_80' title="bbox 2192 2227 3794 2302; baseline 0 -20"><span class='ocrx_word' id='word_1_598' title='bbox 2192 2227 2520 2299; x_wconf 90' lang='grc' dir='ltr'>περιάπτοις</span> <span class='ocrx_word' id='word_1_599' title='bbox 2550 2229 2646 2282; x_wconf 74' lang='grc' dir='ltr'>καὶ</span> <span class='ocrx_word' id='word_1_600' title='bbox 2675 2229 2907 2300; x_wconf 85' lang='grc' dir='ltr'>ἐπῳδαῖς</span> <span class='ocrx_word' id='word_1_601' title='bbox 2932 2229 3252 2302; x_wconf 78' lang='grc' dir='ltr'>κέχρηνται.</span> <span class='ocrx_word' id='word_1_602' title='bbox 3298 2229 3460 2283; x_wconf 84' lang='grc' dir='ltr'>’Δλλά</span> <span class='ocrx_word' id='word_1_603' title='bbox 3504 2229 3598 2283; x_wconf 78' lang='grc' dir='ltr'>καὶ</span> <span class='ocrx_word' id='word_1_604' title='bbox 3645 2228 3794 2300; x_wconf 80' lang='grc' dir='ltr'>πρὸς</span> 
     </span>
    </p>
   </div>
   <div class='ocr_carea' id='block_1_81' title="bbox 2189 2317 3791 2391">
    <p class='ocr_par' dir='ltr' id='par_1_81' title="bbox 2189 2317 3791 2391">
     <span class='ocr_line' id='line_1_81' title="bbox 2189 2317 3791 2391; baseline -0.002 -17"><span class='ocrx_word' id='word_1_605' title='bbox 2189 2319 2416 2382; x_wconf 89' lang='grc' dir='ltr'>τούτους</span> <span class='ocrx_word' id='word_1_606' title='bbox 2465 2319 2564 2390; x_wconf 81' lang='grc' dir='ltr'>μὲν</span> <span class='ocrx_word' id='word_1_607' title='bbox 2595 2317 2824 2390; x_wconf 79' lang='grc' dir='ltr'>ὕστερον</span> <span class='ocrx_word' id='word_1_608' title='bbox 2864 2320 3120 2391; x_wconf 83' lang='grc' dir='ltr'>ἐροῦμεν,</span> <span class='ocrx_word' id='word_1_609' title='bbox 3165 2321 3293 2373; x_wconf 85' lang='grc' dir='ltr'>ὅταν</span> <span class='ocrx_word' id='word_1_610' title='bbox 3325 2318 3396 2372; x_wconf 90' lang='grc' dir='ltr'>τά</span> <span class='ocrx_word' id='word_1_611' title='bbox 3419 2320 3555 2391; x_wconf 72' lang='grc' dir='ltr'>πρὸς</span> <span class='ocrx_word' id='word_1_612' title='bbox 3581 2318 3791 2389; x_wconf 80' lang='grc' dir='ltr'>’Ἐλλη-</span> 
     </span>
    </p>
   </div>
   <div class='ocr_carea' id='block_1_82' title="bbox 2192 2410 3791 2483">
    <p class='ocr_par' dir='ltr' id='par_1_82' title="bbox 2192 2410 3791 2483">
     <span class='ocr_line' id='line_1_82' title="bbox 2192 2410 3791 2483; baseline -0.002 -17"><span class='ocrx_word' id='word_1_613' title='bbox 2192 2430 2289 2476; x_wconf 91' lang='grc' dir='ltr'>νας</span> <span class='ocrx_word' id='word_1_614' title='bbox 2321 2410 2686 2483; x_wconf 72' lang='grc' dir='ltr'>διανύσωμεν*</span> <span class='ocrx_word' id='word_1_615' title='bbox 2726 2411 2864 2474; x_wconf 82' lang='grc' dir='ltr'>τέως</span> <span class='ocrx_word' id='word_1_616' title='bbox 2895 2411 2951 2464; x_wconf 81' lang='grc' dir='ltr'>δὲ</span> <span class='ocrx_word' id='word_1_617' title='bbox 2981 2413 3051 2466; x_wconf 89' lang='grc' dir='ltr'>τά</span> <span class='ocrx_word' id='word_1_618' title='bbox 3077 2412 3343 2482; x_wconf 84' lang='grc' dir='ltr'>εἰρημένα</span> <span class='ocrx_word' id='word_1_619' title='bbox 3373 2411 3654 2481; x_wconf 88' lang='grc' dir='ltr'>κατέχετε,</span> <span class='ocrx_word' id='word_1_620' title='bbox 3689 2411 3791 2463; x_wconf 76' lang='grc' dir='ltr'>καὶ</span> 
     </span>
    </p>
   </div>
   <div class='ocr_carea' id='block_1_83' title="bbox 2192 2501 3791 2573">
    <p class='ocr_par' dir='ltr' id='par_1_83' title="bbox 2192 2501 3791 2573">
     <span class='ocr_line' id='line_1_83' title="bbox 2192 2501 3791 2573; baseline -0.001 -18"><span class='ocrx_word' id='word_1_621' title='bbox 2192 2501 2526 2556; x_wconf 87' lang='grc' dir='ltr'>συλλάϐεσθέ</span> <span class='ocrx_word' id='word_1_622' title='bbox 2557 2520 2647 2573; x_wconf 91' lang='grc' dir='ltr'>μοι</span> <span class='ocrx_word' id='word_1_623' title='bbox 2686 2502 2784 2572; x_wconf 77' lang='grc' dir='ltr'>τῆς</span> <span class='ocrx_word' id='word_1_624' title='bbox 2814 2502 3013 2573; x_wconf 86' lang='grc' dir='ltr'>μάχης,</span> <span class='ocrx_word' id='word_1_625' title='bbox 3041 2502 3133 2558; x_wconf 88' lang='grc' dir='ltr'>διά</span> <span class='ocrx_word' id='word_1_626' title='bbox 3169 2501 3284 2555; x_wconf 87' lang='grc' dir='ltr'>τοῦ·</span> <span class='ocrx_word' id='word_1_627' title='bbox 3305 2502 3423 2572; x_wconf 83' lang='grc' dir='ltr'>βίου</span> <span class='ocrx_word' id='word_1_628' title='bbox 3457 2502 3594 2573; x_wconf 82' lang='grc' dir='ltr'>πρὸς</span> <span class='ocrx_word' id='word_1_629' title='bbox 3633 2503 3791 2572; x_wconf 77' lang='grc' dir='ltr'>ἡμᾶς</span> 
     </span>
    </p>
   </div>
   <div class='ocr_carea' id='block_1_84' title="bbox 2190 2592 3790 2664">
    <p class='ocr_par' dir='ltr' id='par_1_84' title="bbox 2190 2592 3790 2664">
     <span class='ocr_line' id='line_1_84' title="bbox 2190 2592 3790 2664; baseline -0.001 -16"><span class='ocrx_word' id='word_1_630' title='bbox 2190 2595 2443 2658; x_wconf 73' lang='grc' dir='ltr'>ἕλκοντες</span> <span class='ocrx_word' id='word_1_631' title='bbox 2480 2594 2677 2657; x_wconf 78' lang='grc' dir='ltr'>αὐτοὺς</span> <span class='ocrx_word' id='word_1_632' title='bbox 2706 2595 2799 2646; x_wconf 77' lang='grc' dir='ltr'>καί</span> <span class='ocrx_word' id='word_1_633' title='bbox 2825 2592 3212 2663; x_wconf 84' lang='grc' dir='ltr'>μεθιστῶντες.</span> <span class='ocrx_word' id='word_1_634' title='bbox 3243 2594 3420 2663; x_wconf 88' lang='grc' dir='ltr'>Ὅπερ</span> <span class='ocrx_word' id='word_1_635' title='bbox 3451 2593 3560 2664; x_wconf 83' lang='grc' dir='ltr'>γάρ</span> <span class='ocrx_word' id='word_1_636' title='bbox 3581 2593 3669 2646; x_wconf 74' lang='grc' dir='ltr'>ἀεὶ</span> <span class='ocrx_word' id='word_1_637' title='bbox 3695 2592 3790 2646; x_wconf 88' lang='grc' dir='ltr'>λέ-</span> 
     </span>
    </p>
   </div>
   <div class='ocr_carea' id='block_1_85' title="bbox 2192 2683 3792 2756">
    <p class='ocr_par' dir='ltr' id='par_1_85' title="bbox 2192 2683 3792 2756">
     <span class='ocr_line' id='line_1_85' title="bbox 2192 2683 3792 2756; baseline -0.001 -18"><span class='ocrx_word' id='word_1_638' title='bbox 2192 2703 2296 2753; x_wconf 83' lang='grc' dir='ltr'>γω,</span> <span class='ocrx_word' id='word_1_639' title='bbox 2336 2685 2430 2738; x_wconf 87' lang='grc' dir='ltr'>τδν</span> <span class='ocrx_word' id='word_1_640' title='bbox 2472 2687 2606 2756; x_wconf 77' lang='grc' dir='ltr'>περὶ</span> <span class='ocrx_word' id='word_1_641' title='bbox 2653 2684 2974 2753; x_wconf 87' lang='grc' dir='ltr'>φιλοσοφίας</span> <span class='ocrx_word' id='word_1_642' title='bbox 3015 2683 3358 2748; x_wconf 86' lang='grc' dir='ltr'>διδάσκοντα,</span> <span class='ocrx_word' id='word_1_643' title='bbox 3411 2685 3675 2756; x_wconf 88' lang='grc' dir='ltr'>πρότερον</span> <span class='ocrx_word' id='word_1_644' title='bbox 3724 2684 3792 2736; x_wconf 84' lang='grc' dir='ltr'>ἐν</span> 
     </span>
    </p>
   </div>
   <div class='ocr_carea' id='block_1_86' title="bbox 2193 2772 3789 2850">
    <p class='ocr_par' dir='ltr' id='par_1_86' title="bbox 2193 2772 3789 2850">
     <span class='ocr_line' id='line_1_86' title="bbox 2193 2772 3789 2850; baseline -0.003 -17"><span class='ocrx_word' id='word_1_645' title='bbox 2193 2778 2374 2849; x_wconf 76' lang='grc' dir='ltr'>ἑαυτῷ</span> <span class='ocrx_word' id='word_1_646' title='bbox 2409 2777 2569 2832; x_wconf 88' lang='grc' dir='ltr'>τοῦτο</span> <span class='ocrx_word' id='word_1_647' title='bbox 2602 2778 2875 2833; x_wconf 87' lang='grc' dir='ltr'>διδάσκειν</span> <span class='ocrx_word' id='word_1_648' title='bbox 2919 2777 3028 2850; x_wconf 80' lang='grc' dir='ltr'>χρὴ</span> <span class='ocrx_word' id='word_1_649' title='bbox 3069 2777 3166 2830; x_wconf 75' lang='grc' dir='ltr'>καὶ</span> <span class='ocrx_word' id='word_1_650' title='bbox 3203 2775 3450 2830; x_wconf 84' lang='grc' dir='ltr'>ποθεινὸν</span> <span class='ocrx_word' id='word_1_651' title='bbox 3489 2772 3630 2830; x_wconf 75' lang='grc' dir='ltr'>εἶναι</span> <span class='ocrx_word' id='word_1_652' title='bbox 3671 2777 3789 2838; x_wconf 88' lang='grc' dir='ltr'>τοῖς</span> 
     </span>
    </p>
   </div>
   <div class='ocr_carea' id='block_1_87' title="bbox 2190 2867 2476 2924">
    <p class='ocr_par' dir='ltr' id='par_1_87' title="bbox 2190 2867 2476 2924">
     <span class='ocr_line' id='line_1_87' title="bbox 2190 2867 2476 2924; baseline -0.007 0"><span class='ocrx_word' id='word_1_653' title='bbox 2190 2867 2476 2924; x_wconf 85' lang='grc' dir='ltr'>ἀκούουσι.</span> 
     </span>
    </p>
   </div>
   <div class='ocr_carea' id='block_1_88' title="bbox 2262 3043 3791 3123">
    <p class='ocr_par' dir='ltr' id='par_1_88' title="bbox 2262 3043 3791 3123">
     <span class='ocr_line' id='line_1_88' title="bbox 2262 3043 3791 3123; baseline -0.007 -17"><span class='ocrx_word' id='word_1_654' title='bbox 2262 3051 2560 3123; x_wconf 86' lang='grc' dir='ltr'>Γενώμεθα</span> <span class='ocrx_word' id='word_1_655' title='bbox 2590 3050 2773 3104; x_wconf 87' lang='grc' dir='ltr'>τοίνυν</span> <span class='ocrx_word' id='word_1_656' title='bbox 2803 3048 3068 3115; x_wconf 74' lang='grc' dir='ltr'>ποθεινοί,</span> <span class='ocrx_word' id='word_1_657' title='bbox 3101 3047 3196 3102; x_wconf 73' lang='grc' dir='ltr'>καί</span> <span class='ocrx_word' id='word_1_658' title='bbox 3221 3044 3483 3108; x_wconf 80' lang='grc' dir='ltr'>εὐνοϊκῶς</span> <span class='ocrx_word' id='word_1_659' title='bbox 3511 3043 3791 3114; x_wconf 85' lang='grc' dir='ltr'>διαθῶμεν</span> 
     </span>
    </p>
   </div>
   <div class='ocr_carea' id='block_1_89' title="bbox 2192 3133 3790 3214">
    <p class='ocr_par' dir='ltr' id='par_1_89' title="bbox 2192 3133 3790 3214">
     <span class='ocr_line' id='line_1_89' title="bbox 2192 3133 3790 3214; baseline -0.007 -18"><span class='ocrx_word' id='word_1_660' title='bbox 2192 3143 2333 3214; x_wconf 78' lang='grc' dir='ltr'>πρὸς</span> <span class='ocrx_word' id='word_1_661' title='bbox 2359 3143 2510 3212; x_wconf 79' lang='grc' dir='ltr'>ἡμᾶς</span> <span class='ocrx_word' id='word_1_662' title='bbox 2539 3141 2666 3203; x_wconf 84' lang='grc' dir='ltr'>τοὺς</span> <span class='ocrx_word' id='word_1_663' title='bbox 2695 3139 2987 3209; x_wconf 84' lang='grc' dir='ltr'>Ἕλληνας.</span> <span class='ocrx_word' id='word_1_664' title='bbox 3025 3137 3198 3191; x_wconf 89' lang='grc' dir='ltr'>Τοῦτο</span> <span class='ocrx_word' id='word_1_665' title='bbox 3245 3137 3302 3189; x_wconf 85' lang='grc' dir='ltr'>δέ</span> <span class='ocrx_word' id='word_1_666' title='bbox 3353 3136 3507 3189; x_wconf 82' lang='grc' dir='ltr'>ἔσται</span> <span class='ocrx_word' id='word_1_667' title='bbox 3538 3174 3554 3197; x_wconf 92' lang='grc'>,</span> <span class='ocrx_word' id='word_1_668' title='bbox 3585 3133 3680 3186; x_wconf 87' lang='grc' dir='ltr'>ἐὰν</span> <span class='ocrx_word' id='word_1_669' title='bbox 3709 3135 3790 3205; x_wconf 79' lang='grc' dir='ltr'>μὴ</span> 
     </span>
    </p>
   </div>
   <div class='ocr_carea' id='block_1_90' title="bbox 2193 3221 3795 3298">
    <p class='ocr_par' dir='ltr' id='par_1_90' title="bbox 2193 3221 3795 3298">
     <span class='ocr_line' id='line_1_90' title="bbox 2193 3221 3795 3298; baseline -0.007 -11"><span class='ocrx_word' id='word_1_670' title='bbox 2193 3233 2383 3296; x_wconf 88' lang='grc' dir='ltr'>κακῶς</span> <span class='ocrx_word' id='word_1_671' title='bbox 2413 3234 2609 3295; x_wconf 82' lang='grc' dir='ltr'>ποιεῖν,</span> <span class='ocrx_word' id='word_1_672' title='bbox 2641 3230 2778 3285; x_wconf 88' lang='grc' dir='ltr'>ἀλλά</span> <span class='ocrx_word' id='word_1_673' title='bbox 2812 3231 2909 3284; x_wconf 81' lang='grc' dir='ltr'>καί</span> <span class='ocrx_word' id='word_1_674' title='bbox 2964 3230 3153 3292; x_wconf 90' lang='grc' dir='ltr'>κακῶς</span> <span class='ocrx_word' id='word_1_675' title='bbox 3187 3228 3419 3298; x_wconf 88' lang='grc' dir='ltr'>πάσχειν</span> <span class='ocrx_word' id='word_1_676' title='bbox 3449 3221 3602 3296; x_wconf 81' lang='grc' dir='ltr'>ὦμεν</span> <span class='ocrx_word' id='word_1_677' title='bbox 3651 3243 3795 3294; x_wconf 86' lang='grc' dir='ltr'>παρ-</span> 
     </span>
    </p>
   </div>
   <div class='ocr_carea' id='block_1_91' title="bbox 2191 3319 3794 3396">
    <p class='ocr_par' dir='ltr' id='par_1_91' title="bbox 2191 3319 3794 3396">
     <span class='ocr_line' id='line_1_91' title="bbox 2191 3319 3794 3396; baseline -0.007 -15"><span class='ocrx_word' id='word_1_678' title='bbox 2191 3325 2616 3396; x_wconf 84' lang='grc' dir='ltr'>εσκευασμένοι.</span> <span class='ocrx_word' id='word_1_679' title='bbox 2647 3323 2760 3394; x_wconf 79' lang='grc' dir='ltr'>Οὐχ</span> <span class='ocrx_word' id='word_1_680' title='bbox 2786 3323 3005 3394; x_wconf 81' lang='grc' dir='ltr'>ὁρῶμεν</span> <span class='ocrx_word' id='word_1_681' title='bbox 3029 3323 3101 3376; x_wconf 84' lang='grc' dir='ltr'>τὰ</span> <span class='ocrx_word' id='word_1_682' title='bbox 3146 3321 3357 3384; x_wconf 88' lang='grc' dir='ltr'>παιδία,</span> <span class='ocrx_word' id='word_1_683' title='bbox 3381 3322 3507 3375; x_wconf 76' lang='grc' dir='ltr'>ὅταν</span> <span class='ocrx_word' id='word_1_684' title='bbox 3538 3319 3644 3372; x_wconf 72' lang='grc' dir='ltr'>ὑπδ</span> <span class='ocrx_word' id='word_1_685' title='bbox 3677 3319 3794 3370; x_wconf 86' lang='grc' dir='ltr'>τῶν</span> 
     </span>
    </p>
   </div>
   <div class='ocr_carea' id='block_1_92' title="bbox 2193 3409 3792 3487">
    <p class='ocr_par' dir='ltr' id='par_1_92' title="bbox 2193 3409 3792 3487">
     <span class='ocr_line' id='line_1_92' title="bbox 2193 3409 3792 3487; baseline -0.005 -16"><span class='ocrx_word' id='word_1_686' title='bbox 2193 3417 2451 3486; x_wconf 84' lang='grc' dir='ltr'>πατέρων</span> <span class='ocrx_word' id='word_1_687' title='bbox 2487 3411 2870 3484; x_wconf 78' lang='grc' dir='ltr'>βασταζόμενα</span> <span class='ocrx_word' id='word_1_688' title='bbox 2903 3412 3118 3487; x_wconf 83' lang='grc' dir='ltr'>ἐντείνῃ</span> <span class='ocrx_word' id='word_1_689' title='bbox 3149 3411 3362 3482; x_wconf 81' lang='grc' dir='ltr'>πληγὰς</span> <span class='ocrx_word' id='word_1_690' title='bbox 3403 3413 3484 3474; x_wconf 90' lang='grc' dir='ltr'>εἰς</span> <span class='ocrx_word' id='word_1_691' title='bbox 3512 3409 3610 3472; x_wconf 86' lang='grc' dir='ltr'>τάς</span> <span class='ocrx_word' id='word_1_692' title='bbox 3654 3409 3792 3477; x_wconf 82' lang='grc' dir='ltr'>γνά-</span> 
     </span>
    </p>
   </div>
   <div class='ocr_carea' id='block_1_93' title="bbox 2191 3497 3792 3575">
    <p class='ocr_par' dir='ltr' id='par_1_93' title="bbox 2191 3497 3792 3575">
     <span class='ocr_line' id='line_1_93' title="bbox 2191 3497 3792 3575; baseline -0.007 -14"><span class='ocrx_word' id='word_1_693' title='bbox 2191 3509 2321 3571; x_wconf 89' lang='grc' dir='ltr'>θους</span> <span class='ocrx_word' id='word_1_694' title='bbox 2345 3504 2438 3559; x_wconf 83' lang='grc' dir='ltr'>τοῦ</span> <span class='ocrx_word' id='word_1_695' title='bbox 2465 3504 2746 3575; x_wconf 86' lang='grc' dir='ltr'>φέροντος,</span> <span class='ocrx_word' id='word_1_696' title='bbox 2781 3502 2900 3564; x_wconf 88' lang='grc' dir='ltr'>πῶς</span> <span class='ocrx_word' id='word_1_697' title='bbox 2925 3505 2953 3555; x_wconf 90' lang='grc' dir='ltr'>ὁ</span> <span class='ocrx_word' id='word_1_698' title='bbox 2999 3502 3183 3572; x_wconf 72' lang='grc' dir='ltr'>πατὴρ</span> <span class='ocrx_word' id='word_1_699' title='bbox 3229 3501 3402 3572; x_wconf 80' lang='grc' dir='ltr'>ἡδέως</span> <span class='ocrx_word' id='word_1_700' title='bbox 3446 3499 3678 3570; x_wconf 85' lang='grc' dir='ltr'>παρέχει</span> <span class='ocrx_word' id='word_1_701' title='bbox 3708 3497 3792 3567; x_wconf 82' lang='grc' dir='ltr'>τῷ</span> 
     </span>
    </p>
   </div>
   <div class='ocr_carea' id='block_1_94' title="bbox 2191 3588 3792 3663">
    <p class='ocr_par' dir='ltr' id='par_1_94' title="bbox 2191 3588 3792 3663">
     <span class='ocr_line' id='line_1_94' title="bbox 2191 3588 3792 3663; baseline -0.002 -14"><span class='ocrx_word' id='word_1_702' title='bbox 2191 3594 2346 3650; x_wconf 85' lang='grc' dir='ltr'>παιδί</span> <span class='ocrx_word' id='word_1_703' title='bbox 2363 3595 2461 3663; x_wconf 83' lang='grc' dir='ltr'>τῆς</span> <span class='ocrx_word' id='word_1_704' title='bbox 2483 3590 2654 3661; x_wconf 81' lang='grc' dir='ltr'>ὀργῆς</span> <span class='ocrx_word' id='word_1_705' title='bbox 2673 3590 3076 3661; x_wconf 82' lang='grc' dir='ltr'>ἐμφορηθῆναι,</span> <span class='ocrx_word' id='word_1_706' title='bbox 3096 3589 3191 3641; x_wconf 79' lang='grc' dir='ltr'>καὶ</span> <span class='ocrx_word' id='word_1_707' title='bbox 3210 3589 3338 3641; x_wconf 85' lang='grc' dir='ltr'>ὅταν</span> <span class='ocrx_word' id='word_1_708' title='bbox 3365 3588 3448 3660; x_wconf 73' lang='grc' dir='ltr'>ἴδῃ</span> <span class='ocrx_word' id='word_1_709' title='bbox 3472 3589 3792 3646; x_wconf 86' lang='grc' dir='ltr'>κενώσαντα</span> 
     </span>
    </p>
   </div>
   <div class='ocr_carea' id='block_1_95' title="bbox 2191 3680 3786 3755">
    <p class='ocr_par' dir='ltr' id='par_1_95' title="bbox 2191 3680 3786 3755">
     <span class='ocr_line' id='line_1_95' title="bbox 2191 3680 3786 3755; baseline -0.004 -15"><span class='ocrx_word' id='word_1_710' title='bbox 2191 3687 2283 3740; x_wconf 85' lang='grc' dir='ltr'>τὸν</span> <span class='ocrx_word' id='word_1_711' title='bbox 2308 3683 2482 3755; x_wconf 68' lang='grc' dir='ltr'>θυμὸν</span> <span class='ocrx_word' id='word_1_712' title='bbox 2523 3681 2917 3752; x_wconf 87' lang='grc' dir='ltr'>φαιδρύνεται;</span> <span class='ocrx_word' id='word_1_713' title='bbox 2961 3680 3118 3734; x_wconf 79' lang='grc' dir='ltr'>Οὕτω</span> <span class='ocrx_word' id='word_1_714' title='bbox 3164 3681 3256 3734; x_wconf 80' lang='grc' dir='ltr'>καί</span> <span class='ocrx_word' id='word_1_715' title='bbox 3298 3681 3461 3751; x_wconf 78' lang='grc' dir='ltr'>ἡμεῖς</span> <span class='ocrx_word' id='word_1_716' title='bbox 3499 3681 3786 3750; x_wconf 75' lang='grc' dir='ltr'>ποιῶμενο</span> 
     </span>
    </p>
   </div>
   <div class='ocr_carea' id='block_1_96' title="bbox 2191 3773 3790 3846">
    <p class='ocr_par' dir='ltr' id='par_1_96' title="bbox 2191 3773 3790 3846">
     <span class='ocr_line' id='line_1_96' title="bbox 2191 3773 3790 3846; baseline -0.004 -14"><span class='ocrx_word' id='word_1_717' title='bbox 2191 3779 2287 3833; x_wconf 77' lang='grc' dir='ltr'>καὶ</span> <span class='ocrx_word' id='word_1_718' title='bbox 2316 3777 2570 3846; x_wconf 88' lang='grc' dir='ltr'>καθάπερ</span> <span class='ocrx_word' id='word_1_719' title='bbox 2604 3776 2842 3846; x_wconf 85' lang='grc' dir='ltr'>πατέρες</span> <span class='ocrx_word' id='word_1_720' title='bbox 2878 3774 3016 3845; x_wconf 79' lang='grc' dir='ltr'>πρὸς</span> <span class='ocrx_word' id='word_1_721' title='bbox 3039 3775 3251 3838; x_wconf 89' lang='grc' dir='ltr'>παιδία,</span> <span class='ocrx_word' id='word_1_722' title='bbox 3284 3776 3397 3836; x_wconf 87' lang='grc' dir='ltr'>τοῖς</span> <span class='ocrx_word' id='word_1_723' title='bbox 3421 3773 3648 3844; x_wconf 81' lang='grc' dir='ltr'>Ἕλλησι</span> <span class='ocrx_word' id='word_1_724' title='bbox 3669 3774 3790 3826; x_wconf 87' lang='grc' dir='ltr'>δια-</span> 
     </span>
    </p>
   </div>
   <div class='ocr_carea' id='block_1_97' title="bbox 2191 3864 3790 3940">
    <p class='ocr_par' dir='ltr' id='par_1_97' title="bbox 2191 3864 3790 3940">
     <span class='ocr_line' id='line_1_97' title="bbox 2191 3864 3790 3940; baseline -0.004 -17"><span class='ocrx_word' id='word_1_725' title='bbox 2191 3869 2502 3940; x_wconf 87' lang='grc' dir='ltr'>λεγώμεθα.</span> <span class='ocrx_word' id='word_1_726' title='bbox 2548 3867 2747 3922; x_wconf 83' lang='grc' dir='ltr'>Παιδία</span> <span class='ocrx_word' id='word_1_727' title='bbox 2775 3866 2883 3937; x_wconf 88' lang='grc' dir='ltr'>γάρ</span> <span class='ocrx_word' id='word_1_728' title='bbox 2919 3868 3057 3920; x_wconf 88' lang='grc' dir='ltr'>εἰσιν</span> <span class='ocrx_word' id='word_1_729' title='bbox 3093 3865 3332 3928; x_wconf 77' lang='grc' dir='ltr'>ἅπαντες</span> <span class='ocrx_word' id='word_1_730' title='bbox 3355 3864 3648 3934; x_wconf 86' lang='grc' dir='ltr'>Ἕλληνες·</span> <span class='ocrx_word' id='word_1_731' title='bbox 3688 3866 3790 3918; x_wconf 79' lang='grc' dir='ltr'>καὶ</span> 
     </span>
    </p>
   </div>
   <div class='ocr_carea' id='block_1_98' title="bbox 2189 3956 3790 4030">
    <p class='ocr_par' dir='ltr' id='par_1_98' title="bbox 2189 3956 3790 4030">
     <span class='ocr_line' id='line_1_98' title="bbox 2189 3956 3790 4030; baseline -0.004 -16"><span class='ocrx_word' id='word_1_732' title='bbox 2189 3961 2364 4016; x_wconf 88' lang='grc' dir='ltr'>ταῦτά</span> <span class='ocrx_word' id='word_1_733' title='bbox 2402 3977 2549 4023; x_wconf 87' lang='grc' dir='ltr'>τινες</span> <span class='ocrx_word' id='word_1_734' title='bbox 2575 3959 2686 4012; x_wconf 85' lang='grc' dir='ltr'>τῶν</span> <span class='ocrx_word' id='word_1_735' title='bbox 2715 3959 2843 4030; x_wconf 87' lang='grc' dir='ltr'>παρ’</span> <span class='ocrx_word' id='word_1_736' title='bbox 2870 3958 3054 4020; x_wconf 84' lang='grc' dir='ltr'>αὐτοῖς</span> <span class='ocrx_word' id='word_1_737' title='bbox 3086 3958 3396 4028; x_wconf 87' lang='grc' dir='ltr'>εἰρήκασιν,</span> <span class='ocrx_word' id='word_1_738' title='bbox 3437 3956 3519 4010; x_wconf 86' lang='grc' dir='ltr'>ὅτι</span> <span class='ocrx_word' id='word_1_739' title='bbox 3550 3956 3638 4009; x_wconf 75' lang='grc' dir='ltr'>ἀεὶ</span> <span class='ocrx_word' id='word_1_740' title='bbox 3661 3959 3790 4008; x_wconf 85' lang='grc' dir='ltr'>παῖ-</span> 
     </span>
    </p>
   </div>
   <div class='ocr_carea' id='block_1_99' title="bbox 2188 4045 3790 4117">
    <p class='ocr_par' dir='ltr' id='par_1_99' title="bbox 2188 4045 3790 4117">
     <span class='ocr_line' id='line_1_99' title="bbox 2188 4045 3790 4117; baseline -0.003 -14"><span class='ocrx_word' id='word_1_741' title='bbox 2188 4051 2276 4114; x_wconf 83' lang='grc' dir='ltr'>δες</span> <span class='ocrx_word' id='word_1_742' title='bbox 2300 4051 2521 4113; x_wconf 85' lang='grc' dir='ltr'>ἐκεῖνοι,</span> <span class='ocrx_word' id='word_1_743' title='bbox 2547 4047 2642 4101; x_wconf 75' lang='grc' dir='ltr'>καὶ</span> <span class='ocrx_word' id='word_1_744' title='bbox 2671 4048 2849 4117; x_wconf 86' lang='grc' dir='ltr'>γέρων</span> <span class='ocrx_word' id='word_1_745' title='bbox 2881 4046 3081 4116; x_wconf 82' lang='grc' dir='ltr'>Ἕλλην</span> <span class='ocrx_word' id='word_1_746' title='bbox 3125 4045 3322 4109; x_wconf 77' lang='grc' dir='ltr'>οὐδείς.</span> <span class='ocrx_word' id='word_1_747' title='bbox 3371 4045 3453 4098; x_wconf 82' lang='grc' dir='ltr'>Τά</span> <span class='ocrx_word' id='word_1_748' title='bbox 3497 4045 3554 4098; x_wconf 83' lang='grc' dir='ltr'>δὲ</span> <span class='ocrx_word' id='word_1_749' title='bbox 3594 4045 3790 4098; x_wconf 86' lang='grc' dir='ltr'>παιδία</span> 
     </span>
    </p>
   </div>
   <div class='ocr_carea' id='block_1_100' title="bbox 2191 4136 3788 4214">
    <p class='ocr_par' dir='ltr' id='par_1_100' title="bbox 2191 4136 3788 4214">
     <span class='ocr_line' id='line_1_100' title="bbox 2191 4136 3788 4214; baseline -0.005 -16"><span class='ocrx_word' id='word_1_750' title='bbox 2191 4145 2332 4214; x_wconf 77' lang='grc' dir='ltr'>ὑπὲρ</span> <span class='ocrx_word' id='word_1_751' title='bbox 2353 4141 2568 4205; x_wconf 81' lang='grc' dir='ltr'>οὐδενὸς</span> <span class='ocrx_word' id='word_1_752' title='bbox 2593 4141 2848 4209; x_wconf 83' lang='grc' dir='ltr'>ἀνέχεται</span> <span class='ocrx_word' id='word_1_753' title='bbox 2870 4139 3178 4208; x_wconf 71' lang='grc' dir='ltr'>φροντίζειν</span> <span class='ocrx_word' id='word_1_754' title='bbox 3199 4138 3475 4210; x_wconf 85' lang='grc' dir='ltr'>χρησίμου</span> <span class='ocrx_word' id='word_1_755' title='bbox 3496 4155 3509 4168; x_wconf 74' lang='grc' dir='ltr'><strong><em>ο</em></strong></span> <span class='ocrx_word' id='word_1_756' title='bbox 3533 4136 3674 4191; x_wconf 78' lang='grc' dir='ltr'>οὕτω</span> <span class='ocrx_word' id='word_1_757' title='bbox 3690 4137 3788 4190; x_wconf 80' lang='grc' dir='ltr'>καὶ</span> 
     </span>
    </p>
   </div>
   <div class='ocr_carea' id='block_1_101' title="bbox 2188 4228 3787 4302">
    <p class='ocr_par' dir='ltr' id='par_1_101' title="bbox 2188 4228 3787 4302">
     <span class='ocr_line' id='line_1_101' title="bbox 2188 4228 3787 4302; baseline -0.006 -15"><span class='ocrx_word' id='word_1_758' title='bbox 2188 4237 2240 4287; x_wconf 90' lang='grc' dir='ltr'>οί</span> <span class='ocrx_word' id='word_1_759' title='bbox 2282 4233 2543 4302; x_wconf 82' lang='grc' dir='ltr'>Ἕλληνες</span> <span class='ocrx_word' id='word_1_760' title='bbox 2572 4228 2791 4294; x_wconf 78' lang='grc' dir='ltr'>παίζειν</span> <span class='ocrx_word' id='word_1_761' title='bbox 2813 4231 2901 4283; x_wconf 80' lang='grc' dir='ltr'>ἀεὶ</span> <span class='ocrx_word' id='word_1_762' title='bbox 2927 4229 3209 4300; x_wconf 86' lang='grc' dir='ltr'>βούλονται</span> <span class='ocrx_word' id='word_1_763' title='bbox 3233 4231 3329 4284; x_wconf 76' lang='grc' dir='ltr'>καὶ</span> <span class='ocrx_word' id='word_1_764' title='bbox 3355 4229 3531 4300; x_wconf 75' lang='grc' dir='ltr'>χαμαὶ</span> <span class='ocrx_word' id='word_1_765' title='bbox 3553 4230 3787 4294; x_wconf 78' lang='grc' dir='ltr'>κεῖνται,</span> 
     </span>
    </p>
   </div>
   <div class='ocr_carea' id='block_1_102' title="bbox 2190 4317 3786 4398">
    <p class='ocr_par' dir='ltr' id='par_1_102' title="bbox 2190 4317 3786 4398">
     <span class='ocr_line' id='line_1_102' title="bbox 2190 4317 3786 4398; baseline -0.007 -18"><span class='ocrx_word' id='word_1_766' title='bbox 2190 4325 2548 4398; x_wconf 87' lang='grc' dir='ltr'>χαμαιπετεῖς</span> <span class='ocrx_word' id='word_1_767' title='bbox 2579 4322 2730 4385; x_wconf 77' lang='grc' dir='ltr'>ὄντες</span> <span class='ocrx_word' id='word_1_768' title='bbox 2751 4323 2846 4375; x_wconf 73' lang='grc' dir='ltr'>καὶ</span> <span class='ocrx_word' id='word_1_769' title='bbox 2872 4320 3223 4392; x_wconf 81' lang='grc' dir='ltr'>χαμαίζηλοι.</span> <span class='ocrx_word' id='word_1_770' title='bbox 3255 4321 3336 4374; x_wconf 86' lang='grc' dir='ltr'>Τὰ</span> <span class='ocrx_word' id='word_1_771' title='bbox 3357 4320 3412 4373; x_wconf 86' lang='grc' dir='ltr'>δὲ</span> <span class='ocrx_word' id='word_1_772' title='bbox 3443 4319 3630 4372; x_wconf 87' lang='grc' dir='ltr'>παιδία</span> <span class='ocrx_word' id='word_1_773' title='bbox 3651 4317 3786 4370; x_wconf 90' lang='grc' dir='ltr'>πολ-</span> 
     </span>
    </p>
   </div>
   <div class='ocr_carea' id='block_1_103' title="bbox 2191 4407 3785 4488">
    <p class='ocr_par' dir='ltr' id='par_1_103' title="bbox 2191 4407 3785 4488">
     <span class='ocr_line' id='line_1_103' title="bbox 2191 4407 3785 4488; baseline -0.008 -15"><span class='ocrx_word' id='word_1_774' title='bbox 2191 4418 2348 4480; x_wconf 87' lang='grc' dir='ltr'>λάκις</span> <span class='ocrx_word' id='word_1_775' title='bbox 2400 4414 2530 4488; x_wconf 74' lang='grc' dir='ltr'>περὶ</span> <span class='ocrx_word' id='word_1_776' title='bbox 2579 4412 2898 4482; x_wconf 86' lang='grc' dir='ltr'>ἀναγκαίων</span> <span class='ocrx_word' id='word_1_777' title='bbox 2937 4412 3094 4483; x_wconf 82' lang='grc' dir='ltr'>ἡμῶν</span> <span class='ocrx_word' id='word_1_778' title='bbox 3130 4410 3532 4481; x_wconf 86' lang='grc' dir='ltr'>διαλεγομένων</span> <span class='ocrx_word' id='word_1_779' title='bbox 3569 4407 3785 4470; x_wconf 85' lang='grc' dir='ltr'>ούδενὸς</span> 
     </span>
    </p>
   </div>
   <div class='ocr_carea' id='block_1_104' title="bbox 2191 4499 3783 4575">
    <p class='ocr_par' dir='ltr' id='par_1_104' title="bbox 2191 4499 3783 4575">
     <span class='ocr_line' id='line_1_104' title="bbox 2191 4499 3783 4575; baseline -0.006 -13"><span class='ocrx_word' id='word_1_780' title='bbox 2191 4508 2583 4563; x_wconf 87' lang='grc' dir='ltr'>ἐπαισθάνεται</span> <span class='ocrx_word' id='word_1_781' title='bbox 2636 4507 2748 4559; x_wconf 88' lang='grc' dir='ltr'>τῶν</span> <span class='ocrx_word' id='word_1_782' title='bbox 2799 4504 3131 4575; x_wconf 88' lang='grc' dir='ltr'>λεγομένων.</span> <span class='ocrx_word' id='word_1_783' title='bbox 3172 4503 3287 4557; x_wconf 88' lang='grc' dir='ltr'>ἀλλ’</span> <span class='ocrx_word' id='word_1_784' title='bbox 3328 4502 3416 4556; x_wconf 71' lang='grc' dir='ltr'>ἀεὶ</span> <span class='ocrx_word' id='word_1_785' title='bbox 3464 4503 3558 4555; x_wconf 79' lang='grc' dir='ltr'>καί</span> <span class='ocrx_word' id='word_1_786' title='bbox 3605 4499 3740 4570; x_wconf 83' lang='grc' dir='ltr'>γελᾷ</span> <span class='ocrx_word' id='word_1_787' title='bbox 3764 4515 3783 4530; x_wconf 77' lang='grc' dir='ltr'><strong>ο</strong></span> 
     </span>
    </p>
   </div>
   <div class='ocr_carea' id='block_1_105' title="bbox 2191 4589 3781 4668">
    <p class='ocr_par' dir='ltr' id='par_1_105' title="bbox 2191 4589 3781 4668">
     <span class='ocr_line' id='line_1_105' title="bbox 2191 4589 3781 4668; baseline -0.008 -14"><span class='ocrx_word' id='word_1_788' title='bbox 2191 4598 2423 4654; x_wconf 76' lang='grc' dir='ltr'>τοιοῦτοι</span> <span class='ocrx_word' id='word_1_789' title='bbox 2459 4599 2620 4653; x_wconf 87' lang='grc' dir='ltr'>καὶοί</span> <span class='ocrx_word' id='word_1_790' title='bbox 2649 4596 2912 4668; x_wconf 85' lang='grc' dir='ltr'>Ἕλληνες</span> <span class='ocrx_word' id='word_1_791' title='bbox 2936 4613 2950 4630; x_wconf 80' lang='grc' dir='ltr'><strong>ο</strong></span> <span class='ocrx_word' id='word_1_792' title='bbox 2972 4597 3100 4649; x_wconf 86' lang='grc' dir='ltr'>ὃταν</span> <span class='ocrx_word' id='word_1_793' title='bbox 3127 4596 3257 4667; x_wconf 63' lang='grc' dir='ltr'>περ)⁸</span> <span class='ocrx_word' id='word_1_794' title='bbox 3289 4593 3569 4664; x_wconf 81' lang='grc' dir='ltr'>βασιλείας</span> <span class='ocrx_word' id='word_1_795' title='bbox 3599 4589 3781 4644; x_wconf 88' lang='grc' dir='ltr'>διαλε-</span> 
     </span>
    </p>
   </div>
   <div class='ocr_carea' id='block_1_106' title="bbox 2190 4682 3784 4762">
    <p class='ocr_par' dir='ltr' id='par_1_106' title="bbox 2190 4682 3784 4762">
     <span class='ocr_line' id='line_1_106' title="bbox 2190 4682 3784 4762; baseline -0.008 -18"><span class='ocrx_word' id='word_1_796' title='bbox 2190 4690 2441 4762; x_wconf 86' lang='grc' dir='ltr'>γώμεθα,</span> <span class='ocrx_word' id='word_1_797' title='bbox 2467 4688 2692 4758; x_wconf 88' lang='grc' dir='ltr'>γελῶσι.</span> <span class='ocrx_word' id='word_1_798' title='bbox 2721 4690 2832 4744; x_wconf 81' lang='grc' dir='ltr'>Καὶ</span> <span class='ocrx_word' id='word_1_799' title='bbox 2861 4688 3119 4759; x_wconf 88' lang='grc' dir='ltr'>καθάπερ</span> <span class='ocrx_word' id='word_1_800' title='bbox 3139 4688 3204 4740; x_wconf 79' lang='grc' dir='ltr'>ἐκ</span> <span class='ocrx_word' id='word_1_801' title='bbox 3235 4682 3490 4738; x_wconf 81' lang='grc' dir='ltr'>παιδικοῦ</span> <span class='ocrx_word' id='word_1_802' title='bbox 3513 4682 3784 4752; x_wconf 84' lang='grc' dir='ltr'>στόματος</span> 
     </span>
    </p>
   </div>
   <div class='ocr_carea' id='block_1_107' title="bbox 2193 4774 3782 4846">
    <p class='ocr_par' dir='ltr' id='par_1_107' title="bbox 2193 4774 3782 4846">
     <span class='ocr_line' id='line_1_107' title="bbox 2193 4774 3782 4846; baseline -0.008 -10"><span class='ocrx_word' id='word_1_803' title='bbox 2193 4782 2361 4846; x_wconf 82' lang='grc' dir='ltr'>πολὺς</span> <span class='ocrx_word' id='word_1_804' title='bbox 2389 4780 2715 4846; x_wconf 77' lang='grc' dir='ltr'>ἀποϐλύζων</span> <span class='ocrx_word' id='word_1_805' title='bbox 2749 4780 2922 4843; x_wconf 87' lang='grc' dir='ltr'>σίελος</span> <span class='ocrx_word' id='word_1_806' title='bbox 2950 4779 3213 4841; x_wconf 86' lang='grc' dir='ltr'>πολλάκις</span> <span class='ocrx_word' id='word_1_807' title='bbox 3233 4778 3331 4830; x_wconf 74' lang='grc' dir='ltr'>καὶ</span> <span class='ocrx_word' id='word_1_808' title='bbox 3367 4775 3537 4828; x_wconf 90' lang='grc' dir='ltr'>σιτίον</span> <span class='ocrx_word' id='word_1_809' title='bbox 3566 4774 3660 4826; x_wconf 80' lang='grc' dir='ltr'>καί</span> <span class='ocrx_word' id='word_1_810' title='bbox 3680 4788 3782 4824; x_wconf 86' lang='grc' dir='ltr'>πο-</span> 
     </span>
    </p>
   </div>
   <div class='ocr_carea' id='block_1_108' title="bbox 2189 4862 3781 4943">
    <p class='ocr_par' dir='ltr' id='par_1_108' title="bbox 2189 4862 3781 4943">
     <span class='ocr_line' id='line_1_108' title="bbox 2189 4862 3781 4943; baseline -0.008 -16"><span class='ocrx_word' id='word_1_811' title='bbox 2189 4873 2281 4928; x_wconf 84' lang='grc' dir='ltr'>τὸν</span> <span class='ocrx_word' id='word_1_812' title='bbox 2312 4873 2606 4943; x_wconf 77' lang='grc' dir='ltr'>ἐμόλυνενο</span> <span class='ocrx_word' id='word_1_813' title='bbox 2652 4871 2794 4926; x_wconf 76' lang='grc' dir='ltr'>οὕτω</span> <span class='ocrx_word' id='word_1_814' title='bbox 2835 4871 2931 4925; x_wconf 78' lang='grc' dir='ltr'>καὶ</span> <span class='ocrx_word' id='word_1_815' title='bbox 2971 4869 3040 4925; x_wconf 84' lang='grc' dir='ltr'>τά</span> <span class='ocrx_word' id='word_1_816' title='bbox 3083 4869 3191 4924; x_wconf 87' lang='grc' dir='ltr'>ἀπὸ</span> <span class='ocrx_word' id='word_1_817' title='bbox 3227 4867 3323 4922; x_wconf 88' lang='grc' dir='ltr'>τοῦ</span> <span class='ocrx_word' id='word_1_818' title='bbox 3369 4867 3638 4935; x_wconf 84' lang='grc' dir='ltr'>στόματος</span> <span class='ocrx_word' id='word_1_819' title='bbox 3669 4862 3781 4916; x_wconf 88' lang='grc' dir='ltr'>τῶν</span> 
     </span>
    </p>
   </div>
   <div class='ocr_carea' id='block_1_109' title="bbox 2203 4956 3776 5035">
    <p class='ocr_par' dir='ltr' id='par_1_109' title="bbox 2203 4956 3776 5035">
     <span class='ocr_line' id='line_1_109' title="bbox 2203 4956 3776 5035; baseline -0.006 -18"><span class='ocrx_word' id='word_1_820' title='bbox 2203 4963 2472 5034; x_wconf 82' lang='grc' dir='ltr'>Ἑλλήνων</span> <span class='ocrx_word' id='word_1_821' title='bbox 2500 4961 2843 5034; x_wconf 72' lang='grc' dir='ltr'>ἀπορρέοντα</span> <span class='ocrx_word' id='word_1_822' title='bbox 2871 4962 3093 5035; x_wconf 78' lang='grc' dir='ltr'>ῥήματα</span> <span class='ocrx_word' id='word_1_823' title='bbox 3123 4959 3330 5031; x_wconf 89' lang='grc' dir='ltr'>μάταια</span> <span class='ocrx_word' id='word_1_824' title='bbox 3353 4961 3447 5012; x_wconf 71' lang='grc' dir='ltr'>καὶ</span> <span class='ocrx_word' id='word_1_825' title='bbox 3467 4956 3776 5026; x_wconf 73' lang='grc' dir='ltr'>ἀκάθαρταο</span> 
     </span>
    </p>
   </div>
   <div class='ocr_carea' id='block_1_110' title="bbox 2190 5049 3779 5124">
    <p class='ocr_par' dir='ltr' id='par_1_110' title="bbox 2190 5049 3779 5124">
     <span class='ocr_line' id='line_1_110' title="bbox 2190 5049 3779 5124; baseline -0.006 -16"><span class='ocrx_word' id='word_1_826' title='bbox 2190 5053 2294 5108; x_wconf 82' lang='grc' dir='ltr'>κᾶν</span> <span class='ocrx_word' id='word_1_827' title='bbox 2323 5053 2624 5122; x_wconf 84' lang='grc' dir='ltr'>ἀναγκαίαν</span> <span class='ocrx_word' id='word_1_828' title='bbox 2640 5052 2748 5123; x_wconf 83' lang='grc' dir='ltr'>δῷς</span> <span class='ocrx_word' id='word_1_829' title='bbox 2773 5052 3002 5124; x_wconf 81' lang='grc' dir='ltr'>τροφὴν,</span> <span class='ocrx_word' id='word_1_830' title='bbox 3028 5051 3259 5104; x_wconf 88' lang='grc' dir='ltr'>λυποῦσι</span> <span class='ocrx_word' id='word_1_831' title='bbox 3278 5051 3405 5113; x_wconf 83' lang='grc' dir='ltr'>τοὺς</span> <span class='ocrx_word' id='word_1_832' title='bbox 3435 5049 3779 5119; x_wconf 82' lang='grc' dir='ltr'>παρέχοντας</span> 
     </span>
    </p>
   </div>
   <div class='ocr_carea' id='block_1_111' title="bbox 2189 5136 3776 5216">
    <p class='ocr_par' dir='ltr' id='par_1_111' title="bbox 2189 5136 3776 5216">
     <span class='ocr_line' id='line_1_111' title="bbox 2189 5136 3776 5216; baseline -0.006 -17"><span class='ocrx_word' id='word_1_833' title='bbox 2189 5145 2278 5200; x_wconf 81' lang='grc' dir='ltr'>διὰ</span> <span class='ocrx_word' id='word_1_834' title='bbox 2307 5144 2660 5216; x_wconf 84' lang='grc' dir='ltr'>βλασφημίας</span> <span class='ocrx_word' id='word_1_835' title='bbox 2689 5144 2798 5210; x_wconf 77' lang='grc' dir='ltr'>ἀεὶ,</span> <span class='ocrx_word' id='word_1_836' title='bbox 2829 5144 2924 5198; x_wconf 77' lang='grc' dir='ltr'>καί</span> <span class='ocrx_word' id='word_1_837' title='bbox 2952 5143 3164 5197; x_wconf 89' lang='grc' dir='ltr'>δέονται</span> <span class='ocrx_word' id='word_1_838' title='bbox 3186 5137 3662 5204; x_wconf 75' lang='grc' dir='ltr'>διαϐαστάζεσθαι.</span> <span class='ocrx_word' id='word_1_839' title='bbox 3694 5136 3776 5190; x_wconf 86' lang='grc' dir='ltr'>Τὰ</span> 
     </span>
    </p>
   </div>
   <div class='ocr_carea' id='block_1_112' title="bbox 2190 5225 3777 5306">
    <p class='ocr_par' dir='ltr' id='par_1_112' title="bbox 2190 5225 3777 5306">
     <span class='ocr_line' id='line_1_112' title="bbox 2190 5225 3777 5306; baseline -0.005 -17"><span class='ocrx_word' id='word_1_840' title='bbox 2190 5236 2382 5289; x_wconf 86' lang='grc' dir='ltr'>παιδία</span> <span class='ocrx_word' id='word_1_841' title='bbox 2407 5235 2570 5290; x_wconf 87' lang='grc' dir='ltr'>πάλιν</span> <span class='ocrx_word' id='word_1_842' title='bbox 2590 5237 2720 5289; x_wconf 83' lang='grc' dir='ltr'>ὅταν</span> <span class='ocrx_word' id='word_1_843' title='bbox 2753 5235 2904 5287; x_wconf 84' lang='grc' dir='ltr'>ῑδωσι</span> <span class='ocrx_word' id='word_1_844' title='bbox 2932 5232 3136 5306; x_wconf 81' lang='grc' dir='ltr'>λῃστὴν</span> <span class='ocrx_word' id='word_1_845' title='bbox 3153 5231 3394 5285; x_wconf 86' lang='grc' dir='ltr'>εἰσιόντα</span> <span class='ocrx_word' id='word_1_846' title='bbox 3416 5229 3511 5283; x_wconf 83' lang='grc' dir='ltr'>καί</span> <span class='ocrx_word' id='word_1_847' title='bbox 3537 5227 3604 5280; x_wconf 84' lang='grc' dir='ltr'>τὰ</span> <span class='ocrx_word' id='word_1_848' title='bbox 3627 5225 3777 5281; x_wconf 75' lang='grc' dir='ltr'>ἔνδον</span> 
     </span>
    </p>
   </div>
   <div class='ocr_carea' id='block_1_113' title="bbox 2190 5319 3775 5396">
    <p class='ocr_par' dir='ltr' id='par_1_113' title="bbox 2190 5319 3775 5396">
     <span class='ocr_line' id='line_1_113' title="bbox 2190 5319 3775 5396; baseline -0.007 -17"><span class='ocrx_word' id='word_1_849' title='bbox 2190 5324 2616 5396; x_wconf 87' lang='grc' dir='ltr'>ἀφαιρούμενον,</span> <span class='ocrx_word' id='word_1_850' title='bbox 2646 5325 2706 5378; x_wconf 85' lang='grc' dir='ltr'>ού</span> <span class='ocrx_word' id='word_1_851' title='bbox 2744 5325 2907 5394; x_wconf 90' lang='grc' dir='ltr'>μόνον</span> <span class='ocrx_word' id='word_1_852' title='bbox 2931 5324 3031 5378; x_wconf 82' lang='grc' dir='ltr'>οὐκ</span> <span class='ocrx_word' id='word_1_853' title='bbox 3053 5321 3251 5393; x_wconf 88' lang='grc' dir='ltr'>ἀμύνει</span> <span class='ocrx_word' id='word_1_854' title='bbox 3273 5363 3288 5387; x_wconf 89' lang='grc'>,</span> <span class='ocrx_word' id='word_1_855' title='bbox 3315 5319 3452 5374; x_wconf 91' lang='grc' dir='ltr'>ἀλλά</span> <span class='ocrx_word' id='word_1_856' title='bbox 3482 5319 3576 5372; x_wconf 70' lang='grc' dir='ltr'>καὶ</span> <span class='ocrx_word' id='word_1_857' title='bbox 3601 5333 3775 5389; x_wconf 82' lang='grc' dir='ltr'>προσ-</span> 
     </span>
    </p>
   </div>
   <div class='ocr_carea' id='block_1_114' title="bbox 2187 5409 3776 5487">
    <p class='ocr_par' dir='ltr' id='par_1_114' title="bbox 2187 5409 3776 5487">
     <span class='ocr_line' id='line_1_114' title="bbox 2187 5409 3776 5487; baseline -0.006 -19"><span class='ocrx_word' id='word_1_858' title='bbox 2187 5416 2326 5487; x_wconf 79' lang='grc' dir='ltr'>γελᾷ</span> <span class='ocrx_word' id='word_1_859' title='bbox 2363 5416 2440 5487; x_wconf 81' lang='grc' dir='ltr'>τῷ</span> <span class='ocrx_word' id='word_1_860' title='bbox 2473 5414 2748 5486; x_wconf 84' lang='grc' dir='ltr'>ἐπιϐούλῳ</span> <span class='ocrx_word' id='word_1_861' title='bbox 2769 5432 2782 5445; x_wconf 89' lang='grc'><strong>·</strong></span> <span class='ocrx_word' id='word_1_862' title='bbox 2818 5416 2885 5469; x_wconf 86' lang='grc' dir='ltr'>ἂν</span> <span class='ocrx_word' id='word_1_863' title='bbox 2920 5414 2979 5468; x_wconf 85' lang='grc' dir='ltr'>δὲ</span> <span class='ocrx_word' id='word_1_864' title='bbox 3020 5413 3112 5467; x_wconf 85' lang='grc' dir='ltr'>τὸν</span> <span class='ocrx_word' id='word_1_865' title='bbox 3140 5409 3528 5480; x_wconf 86' lang='grc' dir='ltr'>καλαθίσκονῆ</span> <span class='ocrx_word' id='word_1_866' title='bbox 3560 5409 3631 5463; x_wconf 91' lang='grc' dir='ltr'>τά</span> <span class='ocrx_word' id='word_1_867' title='bbox 3663 5409 3776 5460; x_wconf 85' lang='grc' dir='ltr'>σεῖ-</span> 
     </span>
    </p>
   </div>
   <div class='ocr_carea' id='block_1_115' title="bbox 2194 5495 3780 5579">
    <p class='ocr_par' dir='ltr' id='par_1_115' title="bbox 2194 5495 3780 5579">
     <span class='ocr_line' id='line_1_115' title="bbox 2194 5495 3780 5579; baseline -0.006 -19"><span class='ocrx_word' id='word_1_868' title='bbox 2194 5525 2332 5576; x_wconf 86' lang='grc' dir='ltr'>στρα</span> <span class='ocrx_word' id='word_1_869' title='bbox 2357 5506 2586 5579; x_wconf 79' lang='grc' dir='ltr'>ἀφέλῃς,</span> <span class='ocrx_word' id='word_1_870' title='bbox 2616 5507 2650 5578; x_wconf 83' lang='grc' dir='ltr'>ἢ</span> <span class='ocrx_word' id='word_1_871' title='bbox 2683 5505 2809 5561; x_wconf 82' lang='grc' dir='ltr'>ἄλλο</span> <span class='ocrx_word' id='word_1_872' title='bbox 2834 5523 2886 5559; x_wconf 88' lang='grc' dir='ltr'>τι</span> <span class='ocrx_word' id='word_1_873' title='bbox 2921 5503 3032 5559; x_wconf 88' lang='grc' dir='ltr'>τῶν</span> <span class='ocrx_word' id='word_1_874' title='bbox 3080 5500 3435 5572; x_wconf 85' lang='grc' dir='ltr'>ἀθυρμάτων,</span> <span class='ocrx_word' id='word_1_875' title='bbox 3470 5495 3780 5552; x_wconf 82' lang='grc' dir='ltr'>δεινοπαθεῖ</span> 
     </span>
    </p>
   </div>
   <div class='ocr_carea' id='block_1_116' title="bbox 2192 5589 3774 5670">
    <p class='ocr_par' dir='ltr' id='par_1_116' title="bbox 2192 5589 3774 5670">
     <span class='ocr_line' id='line_1_116' title="bbox 2192 5589 3774 5670; baseline -0.007 -18"><span class='ocrx_word' id='word_1_876' title='bbox 2192 5599 2287 5652; x_wconf 77' lang='grc' dir='ltr'>καὶ</span> <span class='ocrx_word' id='word_1_877' title='bbox 2315 5598 2681 5670; x_wconf 89' lang='grc' dir='ltr'>δυσχεραίνει,</span> <span class='ocrx_word' id='word_1_878' title='bbox 2703 5599 3074 5668; x_wconf 87' lang='grc' dir='ltr'>σπαράττεται</span> <span class='ocrx_word' id='word_1_879' title='bbox 3092 5595 3185 5649; x_wconf 82' lang='grc' dir='ltr'>καὶ</span> <span class='ocrx_word' id='word_1_880' title='bbox 3199 5591 3442 5656; x_wconf 77' lang='grc' dir='ltr'>λακτίζει</span> <span class='ocrx_word' id='word_1_881' title='bbox 3472 5592 3533 5644; x_wconf 77' lang='grc' dir='ltr'>τὸ</span> <span class='ocrx_word' id='word_1_882' title='bbox 3556 5589 3774 5658; x_wconf 70' lang='grc' dir='ltr'>ἔδαφος.</span> 
     </span>
    </p>
   </div>
   <div class='ocr_carea' id='block_1_117' title="bbox 2253 5741 3767 5816">
    <p class='ocr_par' dir='ltr' id='par_1_117' title="bbox 2253 5741 3767 5816">
     <span class='ocr_line' id='line_1_117' title="bbox 2253 5741 3767 5816; baseline -0.009 -12"><span class='ocrx_word' id='word_1_883' title='bbox 2253 5754 2283 5794; x_wconf 71' lang='grc' dir='ltr'>ι’</span> <span class='ocrx_word' id='word_1_884' title='bbox 2305 5753 2389 5804; x_wconf 88' lang='lat' dir='ltr'>Sic</span> <span class='ocrx_word' id='word_1_885' title='bbox 2407 5753 2562 5816; x_wconf 68' lang='lat' dir='ltr'>codex</span> <span class='ocrx_word' id='word_1_886' title='bbox 2587 5754 2775 5816; x_wconf 77' lang='lat' dir='ltr'>Regius</span> <span class='ocrx_word' id='word_1_887' title='bbox 2807 5755 3016 5815; x_wconf 86' lang='lat' dir='ltr'>oplime.</span> <span class='ocrx_word' id='word_1_888' title='bbox 3042 5750 3172 5803; x_wconf 71' lang='lat' dir='ltr'><strong>Editi</strong></span> <span class='ocrx_word' id='word_1_889' title='bbox 3193 5748 3494 5814; x_wconf 77' lang='grc' dir='ltr'>παρεχόμεθα</span> <span class='ocrx_word' id='word_1_890' title='bbox 3515 5745 3565 5796; x_wconf 76' lang='grc' dir='ltr'>δέ</span> <span class='ocrx_word' id='word_1_891' title='bbox 3582 5744 3678 5795; x_wconf 81' lang='grc' dir='ltr'>τῶν</span> <span class='ocrx_word' id='word_1_892' title='bbox 3698 5741 3767 5804; x_wconf 76' lang='grc' dir='ltr'>έρ-</span> 
     </span>
    </p>
   </div>
   <div class='ocr_carea' id='block_1_118' title="bbox 2202 5813 2862 5878">
    <p class='ocr_par' dir='ltr' id='par_1_118' title="bbox 2202 5813 2862 5878">
     <span class='ocr_line' id='line_1_118' title="bbox 2202 5813 2862 5878; baseline -0.003 -13"><span class='ocrx_word' id='word_1_893' title='bbox 2202 5832 2316 5878; x_wconf 84' lang='grc' dir='ltr'>γων,</span> <span class='ocrx_word' id='word_1_894' title='bbox 2340 5819 2396 5865; x_wconf 76' lang='grc' dir='ltr'>ει</span> <span class='ocrx_word' id='word_1_895' title='bbox 2413 5813 2542 5867; x_wconf 74' lang='lat' dir='ltr'><strong>intra</strong></span> <span class='ocrx_word' id='word_1_896' title='bbox 2577 5813 2862 5878; x_wconf 64' lang='grc' dir='ltr'>ἀνάῖιτομενζ</span> 
     </span>
    </p>
   </div>
  </div>
