4086 6420
268 452 334 507 51
1376 449 1440 504 ΙΝ
1478 449 1690 507 EPIST.
1727 448 1746 503 1
1809 450 1900 506 AD
1939 447 2102 505 COR.
2137 448 2365 505 llOMlL.
2409 451 2495 508 Ν.
3521 464 3589 520 :3

282 584 380 626 non
402 567 593 623 urbem
620 566 979 624 circumiens
1010 577 1063 623 et
1085 566 1399 638 prmdicans,
1419 566 1511 621 sed
1540 564 1593 621 in
1622 580 1723 619 una
1753 563 1890 620 civi-

289 671 391 717 tate
415 703 432 728 ,
477 660 547 717 de
592 662 874 719 extremis
922 661 1251 731 periclitatus
1305 668 1409 715 est.
1457 658 1712 729 Diagoras
1764 673 1894 713 vero

298 755 522 813 Milesius
570 755 686 825 (α),
732 769 794 810 et
849 753 1168 809 Theodorus
1204 756 1394 808 athens
1447 749 1890 821 cognominatus,

301 847 532 915 quamvis
561 845 777 901 amicos
798 846 1064 901 haberent
1086 854 1139 900 et
1161 843 1377 899 dicendi
1399 843 1725 906 facultatem,
1749 850 1804 897 et
1825 858 1891 896 ex

304 941 634 1014 philosophia
678 943 735 998 in
765 943 1123 998 admiratione
1150 943 1477 1007 haberentur
1500 981 1515 1005 ,
1543 940 1677 997 nihil
1712 950 1890 995 tamen

302 1048 479 1087 eorum
508 1033 663 1103 ipsos
684 1034 847 1104 jnvit.
878 1033 947 1088 Et
973 1048 1194 1103 magnus
1221 1032 1314 1087 ille
1334 1032 1606 1094 Socrates,
1639 1031 1728 1102 qui
1751 1030 1890 1100 apud

300 1122 414 1179 illos
432 1124 778 1195 philosophia
791 1142 854 1181 su
863 1141 984 1196 pera
994 1125 1076 1180 hat
1095 1140 1304 1190 omnes,
1321 1124 1444 1179 ideo
1456 1125 1687 1179 cicutam
1701 1122 1888 1190 ebibit,

296 1218 434 1287 quod
461 1217 705 1288 suspicio
730 1227 894 1281 esset,
923 1219 1069 1274 illum
1099 1217 1151 1272 in
1180 1217 1267 1281 iis,
1286 1233 1406 1287 quae
1431 1216 1498 1272 de
1524 1215 1628 1271 diis
1653 1217 1891 1284 scripse-

298 1320 396 1373 rat,
415 1309 623 1379 aliquid
653 1309 966 1365 mutavisse.
990 1308 1140 1377 Quod
1179 1308 1225 1363 si
1265 1307 1621 1364 innovationis
1656 1306 1892 1377 suspicio

294 1400 405 1455 sola
428 1408 641 1455 tantum
655 1401 877 1470 periculi
900 1402 1100 1456 creavit
1120 1399 1247 1454 viris
1266 1399 1598 1470 philosophis
1610 1398 1890 1469 etsapien-

296 1489 435 1544 tibus
457 1531 475 1555 ,
513 1491 608 1561 qui
640 1491 910 1561 ingentem
940 1490 1043 1547 sibi
1069 1500 1387 1562 pepererant
1416 1490 1887 1557 existimationem,

295 1596 345 1638 et
376 1600 485 1638 non
516 1586 683 1639 modo
712 1599 816 1639 non
856 1594 1076 1655 potuere
1117 1584 1260 1655 quod
1302 1585 1553 1640 volebant
1592 1587 1888 1656 perlicere,

295 1677 384 1731 Sed
412 1678 584 1733 etiam
614 1679 714 1748 ipsi
742 1688 794 1733 et
821 1677 927 1732 vita
956 1686 1010 1733 et
1036 1678 1206 1747 patria
1234 1677 1553 1732 exciderunt
1579 1695 1595 1746 ;
1623 1679 1891 1749 quomodo

296 1784 398 1824 non
445 1770 668 1825 miraris
710 1780 763 1824 et
806 1769 1178 1840 obstupescis,
1231 1771 1556 1840 piscatorem
1604 1771 1792 1826 videns
1836 1771 1888 1826 in

296 1865 424 1919 orbe
447 1874 533 1920 tot
555 1874 807 1934 tantaque
836 1875 1155 1937 patrantem,
1190 1882 1308 1937 qua:
1336 1867 1581 1923 studebat
1607 1868 1888 1937 perficien—

298 1967 405 2013 tem
442 1969 499 2013 et
542 1960 799 2015 barbaros
834 1960 1154 2030 GnecOSque
1181 1976 1368 2016 omnes
1408 1963 1796 2031 superantem?
1823 1966 1891 2019 At

297 2047 370 2110 hi,
417 2041 655 2118 inquies,
699 2066 801 2105 non
841 2050 974 2106 deos
1011 2052 1216 2106 alienos
1246 2053 1565 2107 inducebant
1606 2055 1745 2108 sicut
1787 2054 1885 2108 illi.

299 2139 411 2195 [ioc
432 2141 609 2211 ipsum
642 2145 873 2197 maxime
903 2143 1144 2198 mirabile
1171 2145 1300 2198 mihi
1326 2145 1460 2199 dicis
1483 2187 1498 2213 ,
1533 2146 1657 2216 quia
1692 2147 1888 2215 duplex

298 2241 414 2286 erat
442 2234 738 2299 innovatio,
769 2245 822 2289 et
845 2236 986 2304 quod
1007 2251 1100 2291 eos
1125 2238 1212 2308 qui
1249 2249 1373 2292 tunc
1396 2238 1710 2294 colebantur
1735 2242 1889 2295 tolle-

300 2332 421 2377 rent
448 2363 464 2387 ,
494 2331 551 2377 et
579 2323 719 2393 quod
759 2323 1080 2380 Cruciiixum
1113 2326 1487 2395 praedicarent.
1521 2329 1795 2385 Uudenam
1822 2332 1886 2387 ad

298 2430 364 2470 ea
413 2415 753 2485 prmdicanda
796 2418 1022 2487 permoti
1066 2419 1226 2474 sunt?
1269 2420 1531 2475 nndenam
1581 2422 1779 2478 audent
1824 2424 1889 2478 dc

302 2506 407 2563 line
432 2524 533 2564 suo
563 2509 882 2565 confidere?
910 2525 1171 2582 quosnam
1200 2523 1325 2568 ante
1352 2528 1411 2569 se
1452 2513 1692 2569 viderant
1731 2515 1887 2570 talem

300 2614 412 2652 rem
459 2598 596 2655 bene
632 2602 920 2670 gerentes?
959 2617 1135 2657 annon
1183 2618 1369 2658 onmes
1422 2605 1553 2659 deos
1599 2607 1891 2662 colebant?

300 2701 480 2742 annon
506 2705 698 2745 omnes
719 2691 984 2746 elementa
1011 2691 1063 2746 in
1090 2692 1222 2747 deos
1247 2693 1591 2749 referebant?
1618 2712 1795 2752 annon
1817 2698 1891 2752 di-

300 2794 490 2836 versus
532 2791 651 2837 erat
695 2782 986 2853 impietatis
1031 2784 1269 2839 modus?
1298 2789 1546 2842 Attamen
1580 2788 1759 2844 onmia
1799 2805 1891 2862 ag-

301 2873 472 2940 gressi
512 2883 660 2941 sunt,
710 2885 765 2930 et
807 2875 920 2931 lure
966 2878 1318 2944 sustulerunt,
1363 2893 1427 2934 ac
1458 2877 1608 2935 brevi
1650 2891 1892 2953 tempore

305 2972 474 3018 totum
502 2964 692 3019 orbem
723 2975 992 3038 tamquam
1028 2967 1129 3022 alis
1172 2969 1421 3025 instructi
1466 2984 1888 3045 percurrcruut,

304 3070 406 3109 non
433 3057 673 3127 pericula
700 3070 967 3118 curantes.
997 3077 1101 3114 non
1124 3070 1345 3126 mortes,
1372 3078 1476 3117 non
1504 3065 1580 3119 rei
1608 3065 1890 3123 difficulta-

305 3157 443 3211 tem,
474 3164 583 3200 non
616 3150 939 3217 paucitatem
963 3166 1203 3217 suormn,
1235 3167 1340 3206 non
1372 3154 1765 3211 multitudinem
1798 3159 1893 3214 ad-

303 3243 654 3308 versantium,
704 3259 807 3297 non
859 3247 1168 3315 potentiam,
1215 3264 1318 3303 non
1364 3251 1680 3321 sapientiam
1711 3254 1892 3309 inimi-

301 3342 509 3387 corum.
543 3332 639 3388 llis
667 3335 864 3406 quippe
910 3339 1157 3394 omnibus
1202 3341 1404 3410 majora
1452 3342 1717 3401 habebant
1742 3349 1891 3402 anxi-

301 3420 389 3487 lia,
415 3423 678 3481 Crucilixi
707 3443 900 3499 nempe
927 3432 1015 3501 qui
1045 3445 1410 3490 resurrexerat
1439 3439 1750 3506 potentiam.
1774 3440 1889 3496 Non

301 3512 368 3567 ita
397 3515 649 3573 mirabile
678 3516 897 3584 fuisset,
934 3520 979 3577 si
1019 3522 1215 3578 bellum
1242 3526 1497 3583 sensibile
1529 3528 1579 3583 iu
1610 3539 1775 3586 totum
1803 3549 1892 3589 or—

299 3606 418 3662 bem
444 3608 646 3667 inferre
676 3612 992 3680 voluissent,
1021 3624 1079 3670 ut
1100 3616 1295 3672 mirum
1316 3627 1402 3674 est
1431 3621 1558 3677 illud
1579 3623 1722 3690 quod
1752 3641 1892 3682 nunc

298 3699 498 3756 factum
527 3714 631 3756 est.
660 3702 794 3758 Nam
825 3704 944 3776 lege
973 3706 1093 3763 belli
1126 3708 1325 3764 licebat
1354 3711 1611 3769 adversus
1641 3715 1890 3772 inimicos

296 3800 463 3859 stare,
480 3803 537 3848 et
562 3796 828 3851 contraria
855 3808 1109 3871 occupata
1137 3802 1375 3870 regione,
1396 3804 1472 3858 sic
1494 3814 1679 3860 contra
1709 3806 1891 3864 hostes

295 3885 467 3940 aciem
494 3886 780 3953 instruere,
805 3899 965 3961 atque
991 3894 1327 3949 occasionem
1359 3896 1606 3966 accipere
1635 3898 1891 3953 invaden-

295 3975 347 4030 di
390 3985 451 4031 ct
493 3992 688 4032 manus
732 3981 1070 4037 conserendi.
1104 3981 1215 4038 illic
1259 3993 1439 4040 autem
1486 4000 1591 4040 non
1634 3987 1725 4042 ita.
1772 3989 1887 4043 Non

295 4066 443 4122 enim
471 4069 769 4124 exercitum
812 4072 1086 4141 praprium
1118 4072 1418 4142 habebant,
1461 4076 1556 4133 sed
1596 4093 1715 4132 cum
1760 4079 1888 4150 ipsis

297 4158 532 4214 inimicis
564 4159 821 4228 permixti
851 4173 1021 4229 erant,
1056 4171 1111 4219 et
1137 4165 1215 4221 sic
1253 4165 1371 4223 illos
1398 4167 1701 4235 vincebant,
1728 4180 1889 4241 atque

299 4250 350 4306 in
392 4253 588 4308 mediis
625 4255 856 4312 inimicis
900 4268 1203 4325 versantes,
1247 4260 1462 4318 illorum
1495 4264 1722 4334 impetus
1764 4283 1887 4338 pro-

298 4346 589 4412 pulsabant
607 4357 663 4402 et
688 4350 1031 4419 superabant,
1060 4363 1220 4422 atque
1241 4354 1521 4411 victoriam
1545 4361 1889 4427 reportabant

297 4435 660 4505 Splendidam,
689 4455 811 4509 qum
838 4440 1172 4511 prophetiam
1202 4445 1458 4516 implebat
1478 4447 1741 4503 dicentem
1770 4468 1783 4505 :
1820 4451 1887 4504 Et

299 4527 641 4585 dominasz
669 4532 721 4585 in
758 4534 922 4588 medio
951 4535 1273 4592 inimicorum
1314 4547 1515 4594 tuorum
1543 4540 1715 4612 (Paul.
1764 4544 1884 4598 109.

295 4619 387 4691 2).
415 4621 532 4677 [loc
555 4624 696 4678 enim
724 4627 954 4682 maxime
978 4637 1248 4697 stuporem
1273 4629 1564 4700 injicicbat,
1594 4634 1736 4702 quod
1763 4652 1885 4689 cum

297 4727 393 4766 eos
437 4720 686 4769 tenerent
730 4716 953 4782 inimici,
998 4728 1158 4789 atque
1184 4720 1237 4774 in
1264 4735 1536 4777 carcerem
1582 4734 1637 4779 et
1676 4729 1884 4782 vincula

297 4805 655 4875 conjicerent,
687 4823 792 4863 non
838 4809 999 4865 modo
1051 4811 1198 4881 ipsos
1227 4828 1349 4874 non
1396 4828 1745 4885 superarent;
1789 4822 1883 4876 sed

298 4951 422 5002 agro
447 4946 517 4990 est
538 4940 899 5008 extenuantes,
928 4939 1135 5008 librique
1157 4944 1264 5006 ejus
1293 4945 1346 4996 in
1377 4947 1603 5000 concione
1634 4951 1881 5005 combusti.

299 5000 372 5075 Et
394 5014 494 5075 σξιο
510 5000 734 5075 equidem
754 5000 978 5075 existimo
1000 5000 1239 5075 tardiores
1252 5009 1317 5057 ad
1335 5008 1460 5059 hunc
1475 5000 1757 5062 sententiam
1774 5000 1884 5075 ρῖίόζ

554 5060 727 5135 nudius
748 5078 850 5115 esse
872 5067 1041 5135 factos,
1066 5068 1243 5132 quippe
1265 5083 1376 5119 cum
1392 5084 1586 5135 pennam
1606 5060 1671 5124 ne
1695 5060 1887 5128 deditu-

604 5126 812 5191 emtgere
834 5124 1077 5191 parasset.

360 5188 439 5250 (α)
458 5186 605 5257 Error
629 5186 766 5257 estin
784 5186 1008 5257 omnibus
1027 5190 1181 5242 Editis
1203 5199 1255 5257 et
1276 5195 1626 5257 Manuscriptis.
1649 5209 1760 5247 cum
1777 5200 1883 5249 Dia-

296 5248 450 5310 gm'as
468 5248 642 5319 dicitur
676 5249 912 5319 Milesius,
926 5253 1009 5314 qui
1035 5262 1141 5319 erat
1160 5253 1329 5319 Melius
1348 5256 1456 5319 sive
1479 5248 1543 5305 ei:
1562 5248 1719 5319 inSttla
1742 5260 1880 5319 Melo,

296 5308 353 5360 ut
372 5308 662 5372 testiﬁcatur
683 5312 860 5361 Suidas.
884 5308 1013 5363 'Atite
1038 5314 1170 5364 illum
1195 5315 1366 5367 Cicero
1387 5317 1580 5368 dixerat
1603 5318 1637 5366 Ι.
1663 5321 1688 5370 1
1713 5321 1778 5370 de
1792 5308 1884 5372 tta-'-

293 5378 407 5443 tura
428 5370 654 5443 deorum,
679 5386 721 5422 c.
750 5374 769 5422 l
805 5387 818 5423 :
842 5374 1003 5443 Nullos
1025 5389 1127 5427 esse
1151 5375 1341 5428 ωηιρίηο
1365 5378 1498 5443 deos,
1529 5378 1763 5443 Diagoras
1781 5370 1880 5434 Μέ-

296 5431 463 5505 finget.
478 5432 748 5505 Titianum:
765 5436 1061 5505 cyrenog'rus
1083 5446 1385 5505 monuerunt.
1413 5431 1533 5505 Cum
1555 5431 1681 5505 ergo
1718 5431 1879 5494 uanu-

294 5494 466 5557 Ieripﬁ
476 5502 533 5570 et
542 5493 665 5570 Editl
688 5493 867 5570 omnes
879 5493 1093 5570 Maestus
1101 5501 1327 5570 habeant,
1343 5515 1483 5551 error
1496 5493 1705 5570 liu'ta‘sse
1727 5505 1880 5570 Chry-

297 5554 675 5629 sogbpiftterit.
697 5558 820 5629 Haec
835 5558 900 5629 de
924 5559 1153 5629 Diagora.
1178 5561 1258 5611 De
1278 5554 1511 5629 sequenti
1535 5554 1654 5629 vero
1674 5554 1881 5629 quiest'io

298 5624 399 5688 est.
420 5615 547 5667 Editi
560 5630 736 5688 omnes
763 5618 998 5688 piodorus
1017 5615 1217 5688 habept,
1231 5615 1404 5688 Regius
1423 5638 1542 5688 vero
1559 5615 1724 5677 Βοόέᾶ
1740 5615 1881 5679 Τήρρῖ

295 5677 469 5751 ἐφ’ηεί
494 5680 572 5728 cui
615 5680 743 5751 favet
768 5681 903 5751 locus
924 5682 1100 5735 allatus
1134 5677 1400 5751 Ciceronis,
1426 5687 1511 5750 qui
1533 5700 1642 5751 cum
1666 5677 1879 5751 Diagora

616 5744 890 5814 conjunxit,
917 5753 969 5796 et
984 5753 1247 5810 utrumque
1272 5741 1431 5798 nullos
1444 5741 1713 5814 '_e_sse_deos
1736 5741 1876 5814 pitta-

300 5800 429 5847 V'sse
450 5801 591 5852 dixit.
614 5800 889 5855 ttic'atheus'
912 5816 1114 5858 vocatus
1138 5800 1215 5859 e'st
1237 5816 1370 5858 teste
1391 5811 1549 5859 Snida.
1578 5811 1656 5861 De
1668 5800 1876 5864 Socrate

302 5868 478 5939 pnite:
489 5866 589 5939 agit
618 5865 999 5939 Qhrysostomus.
1040 5870 1131 5919 Ille
1154 5874 1360 5923 cicutam
1384 5872 1557 5923 bibere
1573 5874 1740 5937 jussus
1762 5884 1840 5927 est
1854 5913 1870 5939 ,

297 5932 406 5983 qua!
426 5934 511 5974 res
531 5928 741 5975 omnium
757 5942 848 5978 ore
868 5930 1042 5983 tertur.

622 6010 899 6072 l’aruoL.
946 6012 1062 6074 Gn.
1114 6014 1270 6076 LXl.

2004 573 2187 634 postea
2232 574 2356 623 ante
2406 567 2528 623 illos
2575 571 3032 641 procumberent,
3088 576 3414 650 ﬂagellantes
3463 596 3591 639 ante

2001 656 2339 727 flagellatos,
2385 661 2683 717 vincientes
2729 676 2853 720 ante
2905 667 3153 730 vinctos,
3208 685 3590 741 persequentes

1999 757 2123 803 ante
2154 749 2357 818 pulsos.
2389 750 2514 807 llaec
2552 767 2712 821 porro
2755 757 2932 812 omnia
2978 758 3179 816 Graecis
3204 762 3450 829 dicimus,
3480 766 3590 821 inm

1999 837 2083 894 his
2131 841 2319 910 plura;
2369 858 2558 915 magna
2597 847 2795 918 quippe
2837 857 2921 904 est
2967 854 3204 910 veritatis
3247 858 3483 915 ubertas.
3529 859 3587 915 Si

1997 930 2139 985 enim
2170 944 2544 1002 argumentum
2572 939 2888 1009 sequamini,
2923 957 3111 999 omnes
3145 961 3240 1003 vos
3274 949 3591 1008 docebimus

1996 1022 2253 1080 adversus
2295 1026 2416 1083 illos
2445 1033 2921 1089 concertationem.
2954 1037 3168 1094 Interim
3197 1056 3323 1096 vero
3362 1042 3449 1100 hic
3482 1046 3590 1101 duo

1995 1127 2381 1173 conservemus
2410 1123 2582 1190 capita
2611 1141 2624 1176 :
2649 1125 2920 1194 quomodo
2942 1127 3138 1185 infirmi
3168 1130 3336 1191 fortes
3364 1150 3589 1207 supera-

1994 1205 2101 1260 rint
2125 1222 2141 1273 ;
2169 1217 2223 1263 et
2247 1212 2519 1279 quomodo
2548 1212 2679 1283 ipsis
2706 1217 2942 1273 venisset
2968 1219 3019 1274 in
3052 1232 3287 1279 mentem
3310 1205 3589 1285 cum—tales

1996 1310 2180 1355 essent
2210 1302 2333 1356 talia
2356 1304 2580 1361 consilia
2611 1310 2913 1380 suscipere,
2943 1312 3044 1367 nisi
3068 1314 3249 1371 divino
3277 1319 3425 1388 potiti
3450 1320 3587 1376 fuis-

1994 1399 2114 1447 sent
2142 1393 2363 1449 auxilio.

2066 1483 2120 1538 6.
2146 1484 2211 1540 Et
2233 1497 2413 1542 nostra
2437 1489 2652 1559 quidem
2681 1491 2982 1550 hactenus:
2994 1496 3102 1552 Nos
3125 1510 3303 1556 autem
3331 1504 3586 1573 operibus

1994 1572 2157 1630 vitam
2198 1588 2354 1633 recte
2399 1595 2671 1650 geramus,
2720 1593 2775 1640 et
2821 1587 3097 1656 copiosum
3145 1572 3379 1647 virtutis,
3406 1595 3581 1666 ignem

1993 1665 2376 1724 accendamus.
2408 1670 2715 1730 Luminaria
2746 1677 2889 1731 enim
2919 1679 3071 1741 estis,
3106 1680 3297 1751 inquit,
3330 1684 3380 1738 in
3409 1665 3587 1741 medio

1993 1756 2179 1811 mundi
2203 1756 2468 1830 fulgentes
2494 1762 2751 1837 (Philipp.
2780 1766 2835 1821 2.
2863 1768 2952 1841 15)
2982 1788 2995 1824 :
3023 1780 3076 1825 et
3097 1772 3319 1844 singulis
3344 1786 3582 1833 nostrum

1995 1846 2255 1916 majorem
2306 1852 2449 1908 Deus
2494 1855 2644 1911 dedit
2688 1874 2840 1913 usum
2866 1902 2878 1923 ,
2923 1877 3080 1932 quam
3133 1865 3274 1932 soli;
3322 1869 3583 1938 majorem

1994 1954 2155 2009 quam
2206 1943 2339 1999 caelo
2394 1955 2449 2002 et
2496 1956 2655 2003 terra:
2697 1959 2752 2005 et
2802 1952 2959 2019 mari,
3012 1962 3065 2008 et
3109 1964 3255 2011 tanto
3302 1959 3582 2029 majorem,

1994 2040 2194 2100 quanto
2227 2035 2525 2104 spiritualia
2553 2040 2893 2097 sensibilibus
2927 2046 3258 2113 praecellunt.
3293 2048 3427 2105 Cum
3452 2048 3585 2124 ergo
3619 2116 3622 2119 η

1993 2122 2124 2177 solis
2149 2125 2407 2181 circulum
2435 2131 2798 2199 conSpieimus
2818 2143 2871 2187 et
2895 2136 3370 2208 pulchritudinem,
3389 2158 3585 2215 corpus

1938 2234 1947 2239 τ
1994 2216 2421 2315 ersp’remtonqp
2451 2222 2582 2276 astri
2611 2224 2972 2293 admiramur,
3004 2230 3301 2300 Cogitemus
3328 2236 3585 2304 majorem

1994 2317 2049 2361 ct
2076 2311 2354 2366 meliorem
2381 2311 2433 2368 in‘
2455 2316 2611 2371 nobis
2642 2332 2762 2373 esse
2793 2318 2999 2389 lucem;
3028 2335 3085 2377 ut
3119 2326 3279 2379 etiam
3311 2330 3588 2396 graviores

1997 2402 2265 2466 tenebras,
2305 2407 2405 2461 nisi
2433 2409 2811 2468 attendamus:
2837 2430 2958 2468 nam
2990 2431 3096 2471 nox
3126 2418 3388 2488 profunda
3414 2430 3583 2477 totum

1996 2495 2180 2550 urbem
2212 2510 2461 2567 occupat.
2506 2502 2656 2558 Hanc
2685 2506 2848 2575 igitur
2876 2518 3180 2564 evertamus
3207 2521 3262 2567 et
3288 2514 3582 2569 solvamus.

1996 2586 2107 2642 Nox
2138 2604 2242 2644 non
2267 2591 2318 2645 in
2345 2591 2613 2649 haereticis
2641 2605 2694 2650 et
2725 2597 2926 2654 Gnecis
2956 2608 3181 2667 tantum,
3212 2604 3305 2658 sed
3337 2605 3496 2660 etiam
3532 2609 3585 2662 in

1996 2680 2176 2736 multis
2203 2684 2292 2753 qui
2323 2685 2600 2740 nobiscum
2633 2698 2776 2755 sunt,
2814 2700 2918 2745 tam
2949 2692 3000 2746 in
3030 2693 3391 2765 dogmatibus,
3418 2716 3578 2769 quam

1998 2770 2049 2824 in
2078 2771 2203 2827 vita.
2236 2771 2384 2827 Multi
2412 2776 2553 2830 enim
2597 2783 2975 2837 resurrectioni
3004 2799 3109 2837 non
3139 2786 3402 2856 credunt,
3433 2793 3586 2845 multi

1993 2863 2333 2934 genethliaca
2375 2872 2639 2924 sententia
2668 2887 2726 2927 se
2754 2875 3031 2943 muniunt;
3069 2878 3156 2932 alii
3197 2879 3590 2939 observationi-

1996 2953 2096 3009 bus
2139 2955 2395 3023 student,
2449 2975 2655 3016 necnon
2703 2964 3211 3037 vaticinationibus,
3260 2976 3496 3044 auguriis
3537 2987 3591 3031 et

1994 3045 2255 3117 symbolis
2279 3066 2294 3115 ;
2318 3050 2408 3104 alii
2432 3051 2772 3122 ligaminibus
2796 3067 2847 3112 et
2873 3058 3319 3120 incantationibus
3343 3077 3588 3124 utuntur.

1998 3141 2065 3192 At
2095 3136 2353 3194 adversus
2382 3141 2503 3197 illos
2534 3145 2693 3199 etiam
2728 3162 2911 3216 postea
2938 3148 3130 3207 dicturi
3161 3170 3349 3212 sumus
3374 3201 3388 3225 ,
3438 3173 3589 3231 post-

1994 3244 2154 3297 quam
2183 3246 2487 3289 sermonem
2527 3249 2710 3293 contra
2740 3241 2958 3297 Graecos
2984 3244 3374 3305 abSolverimus
3405 3270 3418 3306 :
3452 3254 3593 3311 inte-

1995 3322 2094 3377 rim
2126 3339 2259 3381 vero
2288 3326 2378 3382 illa
2408 3345 2527 3399 quae
2553 3330 2694 3387 dicta
2725 3343 2853 3389 sunt
2882 3338 3112 3395 retinete
3136 3382 3151 3407 ,
3185 3350 3241 3397 et
3267 3359 3476 3401 mecum
3522 3350 3587 3404 ad

1996 3429 2223 3484 pugnam
2255 3418 2525 3488 accedite,
2577 3439 2676 3493 per
2717 3425 2840 3480 vitm
2886 3426 3186 3487 institutum
3229 3435 3350 3491 illos
3393 3439 3458 3492 ad
3492 3457 3591 3495 nos

1994 3509 2329 3566 attrahentes
2357 3521 2412 3567 et
2443 3515 2847 3575 transferentes.
2886 3520 3097 3578 Etenim
3125 3567 3141 3592 ,
3186 3532 3328 3597 quod
3373 3546 3589 3602 semper

1994 3598 2136 3665 dico,
2166 3616 2289 3656 eum
2314 3604 2402 3674 qui
2433 3606 2823 3677 philosophiam
2854 3612 3031 3683 docet,
3059 3628 3271 3685 oportet
3301 3622 3473 3690 primo
3492 3598 3591 3694 per

1993 3690 2229 3760 seipsum
2258 3692 2360 3750 hoc
2388 3695 2586 3754 docere
2609 3740 2623 3765 ,
2659 3710 2714 3756 et
2739 3702 3075 3762 auditoribus
3100 3724 3219 3766 esse
3258 3690 3591 3771 desiderabi-

1993 3781 2119 3837 lem.

2066 3874 2333 3943 Quomodo
2383 3881 2549 3937 Graeci
2592 3886 2655 3939 de
2706 3887 2810 3955 ﬁde
2841 3900 2959 3944 sunt
2999 3893 3275 3950 imbuendi.
3300 3928 3369 3939 —
3397 3900 3578 3957 Simus

1993 3981 2121 4036 ergo
2149 3968 2556 4038 desiderabiles,
2604 3985 2658 4029 et
2699 3976 3010 4035 Graecorum
3056 3986 3210 4040 nobis
3256 3986 3585 4047 benevolen-

1995 4058 2120 4112 tiam
2151 4060 2503 4117 attrahamus.
2554 4066 2669 4121 Erit
2721 4076 2903 4124 autem
2941 4072 3075 4128 illud
3096 4115 3112 4139 ,
3146 4077 3190 4131 si
3219 4080 3389 4146 parati
3419 4081 3587 4138 simus

1994 4164 2099 4203 non
2142 4150 2316 4206 solum
2354 4153 2421 4208 ad
2466 4155 2606 4212 bene
2654 4157 2958 4216 faciendum
2983 4204 2998 4231 ,
3043 4165 3140 4222 sed
3167 4168 3327 4222 etiam
3358 4171 3425 4225 ad
3449 4174 3588 4231 male

1992 4240 2325 4310 patiendum.
2372 4244 2486 4300 Non
2519 4247 2764 4305 videmus
2791 4250 3055 4318 infantes,
3101 4259 3315 4327 quando
3340 4276 3369 4315 a
3397 4279 3590 4333 paren-

1994 4331 2136 4387 tibus
2164 4334 2378 4403 gestati,
2405 4338 2676 4407 quomodo
2701 4340 2872 4412 plagis
2896 4348 3158 4413 portantis
3178 4363 3238 4404 se
3266 4331 3432 4421 genas
3463 4372 3592 4411 ver.

1994 4422 2203 4491 herent,
2236 4433 2291 4480 et
2318 4441 2477 4496 quam
2503 4429 2734 4486 libenter
2762 4435 3023 4489 concedat
3050 4447 3203 4506 pater
3229 4438 3339 4496 filio
3369 4452 3425 4497 ut
3451 4444 3587 4501 iram

1992 4515 2241 4585 expleat,
2282 4527 2339 4573 et
2384 4522 2600 4591 quando
2626 4523 2770 4580 videt
2802 4525 2935 4581 iram
2966 4530 3305 4599 explevisse,
3337 4535 3587 4593 laetetur!

1992 4605 2065 4662 ita
2091 4617 2145 4664 et
2173 4625 2270 4666 nos
2308 4611 2587 4682 faciamus,
2618 4624 2673 4672 et
2710 4620 3161 4689 quemadmodum
3196 4637 3375 4695 patres
3412 4630 3580 4698 ﬁlios,

1992 4701 2071 4757 sic
2111 4701 2328 4759 Graecos
2367 4705 2722 4778 alloquamur.
2768 4710 3005 4769 Infantes
3032 4717 3230 4789 quippe
3259 4730 3384 4776 sunt
3408 4722 3584 4781 Graeci

1990 4806 2178 4850 omnes
2209 4813 2223 4850 :
2257 4805 2310 4850 et
2331 4798 2546 4865 quidam
2589 4803 2731 4871 apud
2775 4804 2897 4860 illos
2945 4806 3063 4863 haec
3103 4809 3388 4882 dixerunt,
3438 4817 3585 4885 quod

1995 4900 2203 4955 semper
2228 4889 2381 4958 pueri
2407 4889 2536 4955 sint,
2569 4903 2624 4947 et
2654 4894 2835 4950 nullus
2859 4897 2930 4952 sit
2959 4913 3124 4956 senex
3148 4901 3387 4959 Graecus.
3421 4906 3582 4963 Pueri

1991 4987 2165 5033 autem
2197 4979 2263 5034 de
2295 4996 2351 5036 re
2382 4982 2498 5035 utili
2529 4984 2676 5038 nulla
2702 4997 2912 5043 curant.
2941 4989 3030 5045 Sic
3059 4995 3221 5050 etiam
3250 4995 3421 5052 Graeci
3448 5014 3596 5056 sem-

1993 5085 2087 5139 per
2115 5071 2300 5127 ludere
2333 5074 2540 5143 volunt,
2594 5088 2648 5133 et
2674 5078 2820 5134 lmmi
2846 5082 3032 5152 jaceat
3065 5094 3117 5140 et
3145 5103 3265 5156 quae
3290 5088 3436 5145 humi
3458 5104 3586 5149 sunt

1989 5161 2257 5218 affectant.
2307 5164 2466 5221 Pueri
2493 5178 2674 5225 autem
2697 5185 2863 5240 saepe,
2894 5187 3015 5228 cum
3046 5175 3115 5231 de
3143 5179 3302 5241 rebus
3333 5195 3585 5238 necessa-

1989 5255 2084 5312 riis
2128 5255 2413 5327 loquimur,
2446 5259 2711 5316 dictorum
2749 5263 2878 5318 nihil
2915 5265 3184 5336 sentiunt,
3229 5271 3325 5325 scd
3367 5288 3584 5345 semper

1990 5349 2186 5405 rident.
2242 5349 2319 5404 ita
2359 5351 2518 5406 etiam
2547 5352 2743 5419 Graeci,
2782 5371 2904 5410 cum
2936 5358 3003 5413 de
3034 5376 3202 5431 regno
3227 5364 3544 5423 disserimus
3564 5410 3580 5431 ,

1988 5439 2166 5497 rident
2195 5442 2295 5497 :‘et
2319 5442 2455 5498 sicut
2499 5458 2564 5500 ex
2614 5461 2709 5502 ore
2749 5450 3092 5516 parvulorum
3119 5469 3264 5525 saepe
3295 5457 3462 5512 multa
3487 5457 3580 5514 de-

1987 5531 2198 5588 cidente
2223 5533 2411 5602 saliva,
2429 5536 2583 5592 cibus
2603 5546 2657 5593 et
2683 5548 2839 5609 potus
2868 5542 3179 5613 inquinatur
3201 5564 3215 5602 :
3239 5548 3318 5603 sic
3338 5559 3393 5604 et
3420 5551 3580 5605 verba

1986 5639 2053 5679 ex
2082 5639 2180 5681 ore
2205 5623 2517 5684 Graecorum
2558 5629 2804 5701 ﬂuentia,
2853 5651 2986 5691 vana
3013 5650 3139 5693 sunt
3165 5650 3219 5696 et
3248 5644 3492 5712 impura;
3525 5653 3581 5700 et

1987 5717 2032 5772 si
2069 5718 2429 5775 necessarium
2457 5721 2670 5781 dederis
2699 5728 2876 5784 cibum
2898 5770 2915 5797 ,
2944 5733 3247 5802 praebentes
3278 5734 3580 5794 maledictis

1988 5810 2263 5867 incessunt
2308 5821 2362 5868 et
2409 5814 2537 5871 ferri
2574 5816 2790 5876 debent.
2832 5822 2990 5880 Pueri
3015 5840 3229 5897 quoque
3255 5842 3377 5883 cum
3407 5828 3579 5885 furem

1988 5907 2170 5964 vident
2216 5907 2547 5981 ingressum,
2597 5919 2652 5970 et
2695 5927 2815 5985 qua:
2855 5922 3001 5975 intus
3050 5928 3176 5973 sunt
3220 5919 3577 5992 auferentem,

3190 6018 3235 6080 Β
