4086 6450
519 482 590 537 59
1225 478 1280 533 S.
1320 478 1595 535 JOANNIS
1632 479 2109 537 CHRYSOSTOMI
2148 482 2461 540 ARCIIIEP.
2492 483 3021 545 CONST.\NTINOP.
3723 484 3795 540 40

511 608 618 646 nun
651 591 811 647 modo
830 608 936 647 non
958 600 1166 655 arcent,
1196 591 1290 647 sed
1316 592 1478 647 etiam
1505 592 1803 648 insidiatori
1828 594 2095 650 arrident:

508 685 552 736 si
586 698 716 737 vero
742 684 1090 739 ealathiscum
1117 692 1173 739 et
1197 683 1354 738 sistra
1383 683 1619 747 auferas,
1653 695 1744 741 aut
1771 686 1916 740 aliud
1947 686 2099 757 quid-

511 774 650 842 piam
684 775 968 842 ludicrum,
1005 790 1148 847 aegre
1176 775 1386 845 puellus
1412 785 1469 831 et
1497 776 1715 847 indigne
1754 779 1887 843 fert,
1924 793 1984 834 sc
2009 778 2097 833 di-

510 866 730 932 lacerat,
763 866 935 921 solum
967 867 1161 938 pulsat.
1189 865 1278 923 Sic
1299 877 1353 922 et
1374 865 1545 923 Graeci
1573 882 1802 938 quoque,
1824 867 2095 923 diabolum

510 957 753 1012 videntes
785 958 964 1013 omnia
994 966 1212 1029 paterna
1244 957 1405 1025 bona,
1437 972 1557 1028 qua:
1581 957 1741 1013 vitam
1766 966 2091 1025 sustentant,

507 1047 870 1119 diripientem,
910 1048 1110 1115 rident,
1150 1058 1207 1111 et
1249 1058 1519 1120 tamquam
1560 1048 1627 1104 ad
1653 1050 1882 1104 amicum
1911 1062 2098 1106 accur-

509 1148 635 1194 runt
667 1141 747 1194 :si
775 1140 896 1212 quis
935 1150 1114 1197 autem
1141 1142 1562 1212 possessionem,
1604 1150 1697 1197 aut
1742 1140 1955 1197 divitias
2004 1149 2097 1196 aut

507 1232 711 1302 puerile
746 1232 1019 1303 quidpiam
1071 1231 1301 1297 auferat,
1345 1232 1731 1299 lamentantur,
1778 1245 1839 1287 se
1888 1230 2095 1287 discer.

507 1333 640 1391 nunt
666 1340 680 1376 :
711 1337 774 1378 ac
804 1323 946 1378 sicut
972 1323 1121 1395 pueri
1165 1323 1283 1378 sine
1317 1337 1480 1379 sensu
1512 1322 1799 1387 nudantur,
1843 1336 1942 1377 nec
1970 1335 2095 1377 eru-

506 1411 733 1469 bescuut
764 1431 780 1470 :
812 1414 883 1469 ita
905 1423 961 1470 et
990 1413 1161 1471 Grazci
1188 1428 1308 1469 cum
1337 1414 1533 1470 scortis
1559 1422 1613 1469 et
1647 1412 1905 1469 adulteris
1934 1413 2088 1468 volu-

2215 596 2309 650 tati
2329 639 2345 659 ,
2396 607 2599 652 natura:
2627 600 2770 669 leges
2802 601 3098 670 nudantes,
3128 614 3183 659 et
3214 606 3448 663 nefarios
3480 608 3799 668 inducentcs

2213 690 2388 744 coitus
2406 732 2422 756 ,
2467 706 2571 745 non
2602 703 3006 749 convertuntur.
3035 696 3316 754 Plausistis
3343 700 3500 757 valde
3530 711 3583 757 et
3610 703 3797 756 lauda-

2203 780 2336 845 stis;
2388 782 2481 837 sed
2526 798 2648 838 cum
2696 785 2883 854 plausu
2920 788 3221 858 providete,
3255 806 3323 847 ne
3350 791 3418 848 de
3444 793 3599 849 vobis
3626 797 3794 849 etiam

2204 870 2321 926 haec
2354 872 2620 928 dicantur.
2672 875 3012 949 Quapropter
3037 894 3224 935 omnes
3253 897 3386 951 rogo
3404 924 3421 951 ,
3449 884 3548 939 viri
3576 894 3750 940 estote
3777 904 3791 940 :

2203 976 2326 1015 nam
2355 963 2397 1016 si
2426 979 2524 1018 nos
2551 966 2702 1034 pueri
2740 967 2909 1025 simus
2930 1010 2946 1036 ,
2996 971 3266 1040 quomodo
3302 973 3422 1028 illos
3452 975 3798 1031 instituemus

2203 1060 2261 1105 ut
2288 1051 2384 1106 viri
2412 1052 2557 1107 sint?
2599 1057 2870 1125 quomodo
2894 1059 2964 1114 ab
2994 1058 3223 1117 infautili
3256 1062 3561 1132 insipientia
3585 1067 3795 1120 arcebi-

2202 1154 2322 1196 mus
2350 1138 2515 1197 illos?
2542 1142 2726 1200 Simus
2752 1163 2883 1217 ergo
2909 1148 3034 1216 viri,
3063 1159 3120 1204 ut
3140 1153 3519 1222 perveniamus
3548 1155 3614 1211 ad
3642 1172 3798 1211 men-

2202 1250 2380 1292 suram
2410 1241 2583 1295 aetatis
2612 1256 2640 1295 a
2669 1239 2889 1299 Christo
2922 1244 3196 1301 definitam
3233 1257 3290 1304 et
3314 1248 3489 1306 futura
3521 1250 3795 1323 adipisca-

2200 1343 2320 1411 mur
2347 1330 2503 1400 bona,
2537 1333 2706 1405 gratia
2734 1343 2788 1391 et
2817 1334 3165 1408 benignitate,
3192 1348 3303 1396 etc.

542 1545 3781 1572 MM

1903 1601 2241 1664 HOMILIA
2289 1603 2366 1661 ν.

504 1752 631 1808 CAP.
675 1753 728 1807 1.
767 1767 820 1805 v.
859 1749 952 1807 26.
1004 1748 1177 1804 Videte
1198 1748 1330 1803 enim
1360 1747 1671 1802 vocationem
1698 1754 1934 1810 vestram,
1987 1747 2095 1814 [ra-

576 1854 698 1909 tres,
745 1842 867 1913 quia
910 1857 1012 1895 non
1058 1839 1206 1895 multi
1249 1839 1501 1910 sapientes
1543 1836 1820 1892 secundum
1863 1850 2090 1900 carnem,

574 1955 677 1993 non
706 1936 852 1992 multi
876 1944 1132 2008 potentes,
1179 1948 1281 1987 non
1311 1931 1458 1986 multi
1486 1930 1677 1986 nobiles
1700 1945 1719 1983 :
1744 1929 1836 1982 27.
1867 1926 1957 1982 sed
1979 1941 2094 1997 quae

572 2030 729 2084 stulta
763 2038 881 2084 sunt
934 2025 1137 2092 mundi,
1181 2024 1327 2095 elegit
1374 2021 1536 2090 Deus,
1586 2030 1643 2076 ut
1688 2019 1967 2091 confundat
2008 2034 2093 2072 sa-

571 2122 780 2192 pientes.

571 2213 625 2266 1.
664 2208 799 2265 Cum
827 2208 1074 2273 dixisset,
1122 2205 1175 2261 id
1206 2204 1349 2277 quod
1381 2204 1604 2261 stultum
1633 2211 1718 2259 est
1746 2201 1842 2257 Dei
1879 2200 2093 2269 sapien-

500 2304 608 2360 tius
645 2316 766 2359 esse
806 2300 1133 2366 hominibus,
1167 2297 1404 2353 ostendit
1441 2297 1727 2350 humanam
1771 2292 2091 2363 sapientiam

501 2399 767 2466 abjeetam
801 2393 988 2460 luisse,
1017 2402 1072 2449 et
1096 2408 1160 2447 ex
1186 2388 1496 2446 testimonio
1522 2387 1922 2456 Scripturarum
1944 2392 1999 2439 et
2024 2398 2089 2439 ex

498 2504 679 2549 rerum
732 2495 970 2543 eventu:
1011 2499 1076 2540 ex
1118 2480 1447 2546 testimonio,
1490 2493 1613 2535 cum
1656 2477 1787 2533 dicit
1821 2494 1834 2531 :
1868 2475 2091 2530 Perdant

496 2578 800 2650 sapientiam
829 2575 1133 2646 sapientium
1171 2588 1190 2627 :
1229 2587 1296 2627 ex
1321 2579 1540 2635 eventu,
1586 2582 1680 2639 per
1706 2565 2090 2636 interrogatio-

499 2686 620 2724 nem
668 2669 893 2737 loquens
935 2680 1000 2721 ac
1046 2663 1232 2721 dicens
1266 2680 1280 2717 :
1325 2659 1426 2716 Ubi
1472 2657 1718 2733 sapiens?
1761 2657 1846 2711 ubi
1885 2654 2093 2710 scriba?

500 2762 729 2817 Rursum
756 2756 991 2813 ostendit
1010 2769 1124 2811 rem
1149 2768 1255 2808 non
1280 2767 1402 2807 esse
1430 2764 1646 2818 novam,
1670 2745 1763 2804 sed
1793 2746 2088 2817 antiquam,

498 2860 558 2906 ut
580 2866 698 2921 qua:
728 2847 838 2920 jam
860 2847 987 2902 olim
1017 2843 1174 2899 fuerit
1198 2842 1529 2912 praefigurata
1551 2849 1602 2895 et
1634 2838 1910 2911 praedicta.
1944 2836 2086 2893 Seri-

498 2952 641 3012 ptum
667 2949 739 2993 est
774 2936 927 3002 enim,
962 2933 1154 3005 inquit,
1184 2932 1411 2987 Perdant
1431 2929 1735 2998 sapientiam
1755 2927 2084 2999 sapientium.

495 3032 631 3088 Cum
656 3030 739 3085 his
758 3026 1011 3093 ostendit,
1041 3027 1156 3081 haec
1186 3023 1387 3080 utiliter
1410 3032 1462 3079 et
1486 3020 1705 3093 provide
1726 3020 1863 3077 facta
1890 3018 2085 3074 fuisse:

499 3122 624 3194 quia
653 3120 798 3177 enim
824 3118 878 3174 in
906 3116 1165 3189 sapientia
1195 3116 1308 3183 Dei,
1336 3114 1527 3184 inquit,
1555 3126 1662 3167 non
1690 3109 2088 3167 novitmundus

500 3216 692 3277 Deum,
709 3210 908 3282 placuit
936 3208 1046 3265 Deo
1068 3222 1162 3278 per
1183 3205 1463 3262 stultitiam
1494 3200 1890 3274 pradicationis
1911 3202 2089 3255 salvos

498 3304 678 3360 facere
704 3301 991 3358 credentes
1025 3316 1040 3357 :
1070 3306 1124 3354 et
1153 3296 1293 3366 quod
1320 3310 1457 3352 crux
1488 3294 1559 3349 sit
1579 3291 1865 3348 inell‘abilis
1902 3300 2087 3361 poten-

499 3397 587 3451 ti'c
614 3403 671 3449 et
697 3391 973 3463 sapientia:-
1003 3398 1397 3460 argumentum,
1454 3394 1510 3441 et
1548 3384 1691 3455 quod
1719 3383 1887 3438 multo
1917 3381 2088 3451 majus

498 3492 568 3543 sit
594 3487 645 3543 id
674 3484 817 3556 quod
848 3483 1067 3540 stultum
1099 3489 1182 3536 est
1208 3479 1321 3543 Dei,
1349 3492 1508 3550 quam
1545 3476 1777 3531 humana
1804 3474 2084 3544 sapientia.

434 3616 437 3619 -
496 3582 565 3637 Et
597 3584 697 3637 hoc
718 3592 930 3634 rursum
956 3592 1062 3633 non
1093 3589 1186 3644 per
1209 3574 1481 3637 doctores,
1504 3569 1599 3626 scd
1625 3567 1787 3625 etiam
1810 3582 1904 3638 per
1927 3565 2088 3622 disci-

498 3675 656 3747 pulos
692 3671 965 3729 osteudit:
1011 3668 1184 3723 Videte
1222 3665 1390 3728 enim,
1431 3663 1625 3734 inquit,
1662 3661 1971 3716 vocationem
2001 3673 2086 3712 ve-

496 3780 674 3822 stram.
723 3763 838 3819 Non
885 3760 1047 3817 modo
1093 3757 1237 3814 enim
1272 3757 1525 3811 doctores
1556 3752 1768 3818 idiotas,
1801 3749 1896 3806 sed
1924 3748 2086 3805 etiam

499 3856 792 3926 discipulos
822 3852 951 3909 tales
981 3849 1141 3919 elegit
1167 3865 1181 3903 :
1209 3846 1330 3902 Non
1357 3847 1488 3900 enim
1516 3844 1662 3899 multi
1685 3843 1957 3913 sapientes,
1998 3840 2086 3895 in-

498 3951 634 4022 quit,
662 3947 940 4004 secundum
966 3959 1189 3999 carnem.
1217 3940 1307 3996 Sic
1328 3938 1630 3995 ostenditur
1652 3936 1754 3992 hoc
1778 3944 1834 3991 et
1860 3932 2088 3989 validius

497 4052 553 4100 ct
581 4040 896 4113 sapientius,
929 4052 1051 4099 cum
1098 4042 1154 4091 et
1182 4032 1367 4088 multis
1395 4029 1720 4101 persuaserit
1743 4037 1798 4083 et
1826 4026 2085 4096 insipien-

501 4135 641 4190 tibus
667 4129 1016 4205 persuaserit.
1068 4125 1201 4182 Nam
1238 4122 1614 4180 difficillimum
1643 4128 1727 4175 est
1755 4118 1933 4173 idiota!
1957 4129 2084 4186 per-

496 4227 744 4293 suadere,
776 4223 1008 4279 maxime
1033 4234 1156 4276 cum
1180 4217 1249 4274 de
1279 4217 1442 4273 rebus
1461 4212 1780 4270 necessariis
1799 4222 1852 4266 et
1881 4207 2086 4279 magnis

499 4334 680 4376 sermo
701 4328 805 4375 est.
839 4315 1087 4372 Attamen
1109 4316 1522 4385 persuaserunt;
1550 4316 1605 4363 et
1633 4307 1791 4377 hujus
1818 4305 1894 4360 rei
1922 4313 2086 4358 testes

497 4419 656 4469 vocat.
681 4410 802 4468 illos
834 4430 848 4467 :
880 4422 1005 4464 nam
1032 4407 1129 4471 ait,
1162 4402 1340 4457 Videte
1365 4400 1676 4456 vocationem
1704 4407 1939 4463 vestram,
1972 4396 2085 4465 {ra-

500 4517 623 4571 tres,
661 4502 1020 4562 considerate.
1057 4494 1395 4554 scrutamini.
1446 4491 1580 4548 Nam
1626 4489 1767 4559 quod
1806 4489 1983 4543 idiota:
2033 4496 2088 4542 et

502 4594 674 4666 ignari
697 4594 942 4663 dogmata
969 4590 1105 4645 adeo
1132 4586 1392 4657 sapientia
1422 4583 1767 4653 omniumque
1805 4578 2088 4650 sapientis-

503 4686 641 4742 sime
670 4681 1036 4753 susceperint,
1074 4678 1126 4733 id
1158 4691 1365 4747 magnae
1389 4674 1628 4730 doctoris
1683 4673 1960 4742 sapientiae
2001 4681 2084 4726 tc-

503 4777 812 4836 stimonium
837 4786 939 4831 est.
965 4771 1100 4842 Quid
1128 4771 1228 4825 sibi
1257 4769 1370 4824 vult
1403 4777 1582 4823 autem
1608 4765 1760 4832 illud,
1795 4765 2087 4821 Secundum

503 4866 745 4924 carnem?
792 4864 849 4922 Si
895 4872 1176 4933 spectetur
1223 4859 1274 4915 id
1308 4857 1447 4929 quod
1473 4865 1713 4929 apparet,
1760 4864 1814 4909 et
1854 4869 2088 4925 pra‘seuS

504 4963 612 5017 vita
650 4968 813 5029 atque
834 4966 1059 5013 externa
1086 4953 1368 5010 institutio.
1404 4949 1605 5006 Deinde
1631 4964 1697 5003 ne
1722 4948 1963 5002 vidratur
1989 4947 2086 5001 sibi

504 5053 605 5124 ipsi
635 5046 908 5105 adversari
949 5048 1111 5118 (nam
1139 5041 1444 5115 proconsuli
1476 5039 1739 5111 persuasit
1773 5049 1825 5094 et
1854 5039 2089 5108 Areopa-

505 5146 629 5216 gitae
663 5155 762 5196 nec
793 5154 899 5195 non
930 5136 1145 5208 Apollo,
1173 5135 1416 5203 aliosque
1448 5131 1695 5187 videmus.
1716 5129 1989 5209 sapientes
2022 5128 2091 5183 ad

504 5230 945 5301 praedicationem
994 5222 1364 5295 accessisse);
1416 5238 1522 5278 non
1567 5220 1721 5286 dixit,
1773 5220 1958 5274 Nullus
2006 5234 2091 5275 sa-

507 5324 689 5394 piens;
735 5319 852 5385 sed,
884 5317 1009 5373 Non
1053 5316 1202 5371 multi
1241 5316 1510 5386 sapientes.
1542 5312 1659 5369 Non
1690 5312 1833 5368 enim
1865 5325 1931 5367 ex
1958 5326 2092 5366 con—

507 5414 695 5472 stituto
734 5412 978 5468 indoctos
1019 5410 1264 5475 vocabat,
1305 5417 1361 5464 et
1409 5406 1682 5477 sapientes
1730 5405 2091 5475 relinquebat;

506 5507 601 5565 sed
645 5506 744 5567 hos
782 5505 944 5562 etiam
993 5501 1343 5564 admittebat,
1373 5509 1429 5555 at
1460 5500 1619 5570 longe
1647 5500 1828 5569 plures
1856 5497 2090 5553 illorum.

506 5597 718 5668 Quare?
737 5596 870 5665 Quia
892 5593 981 5667 qui
1010 5595 1225 5663 sapiens
1247 5603 1328 5648 est
1357 5591 1648 5646 secundum
1666 5604 1906 5653 carnem,
1929 5591 2094 5645 multa

508 5690 701 5761 plenus
738 5698 823 5744 est
856 5685 1207 5755 insipientia:
1237 5693 1288 5740 et
1335 5683 1423 5737 hic
1459 5682 1694 5738 maxime
1741 5682 1935 5736 stultus
1975 5692 2054 5737 est
2079 5724 2093 5746 ,

511 5780 725 5853 quando
760 5788 1068 5850 corruptam
1105 5774 1407 5831 doctrinam
1448 5773 1645 5843 ejicere
1691 5788 1799 5828 non
1843 5772 1976 5827 vult.
2022 5776 2099 5829 Ac

511 5869 956 5939 quemadmodum
987 5864 1198 5922 medico
1222 5876 1393 5920 artem
1433 5882 1584 5923 suam
1618 5866 1813 5923 docere
1845 5865 2092 5930 volente,

517 5957 610 6030 qui
644 5973 812 6032 pauca
854 5956 1034 6015 sciunt
1072 5967 1129 6016 et
1170 5959 1308 6017 male
1352 5958 1732 6031 contrariaque
1766 5956 1930 6018 modo
1979 5964 2096 6011 arte

2209 1751 2454 1807 utuntur,
2503 1752 2665 1813 atque
2711 1758 2829 1801 eam
2856 1746 3092 1803 retinere
3116 1750 3468 1815 contendunt,
3504 1768 3607 1808 non
3636 1752 3797 1810 facile

2203 1832 2540 1904 disciplinam
2566 1833 2917 1901 admiserint;
2941 1837 3033 1908 qui
3065 1854 3193 1894 vero
3223 1840 3353 1895 nihil
3394 1842 3605 1908 sciunt,
3635 1844 3797 1900 facile

2202 1923 2343 1980 dicta
2383 1924 2679 1995 suscipiunt
2725 1944 2739 1981 :
2786 1928 2866 1984 sic
2893 1940 2949 1984 et
2976 1928 3155 1985 hacin
3182 1947 3242 1988 re
3265 1930 3459 1988 factum
3488 1945 3603 2001 est;
3637 1936 3796 1991 indo-

2202 2015 2273 2072 cti
2303 2017 2472 2087 magis
2510 2018 2746 2084 persuasi
2792 2028 2917 2074 sunt
2951 2038 2963 2075 :
2992 2036 3256 2077 summam
3291 2023 3437 2079 enim
3476 2041 3581 2080 non
3623 2025 3796 2082 habe-

2202 2107 2331 2162 bant
2373 2107 2756 2178 arrogantiam,
2800 2125 2921 2165 eum
2969 2125 3075 2167 non
3117 2123 3367 2183 putarent
3409 2131 3470 2172 se
3514 2116 3795 2187 sapientes

2201 2214 2342 2256 esse.
2378 2200 2457 2255 Illi
2490 2217 2681 2272 nempe
2710 2203 2941 2260 maxime
2984 2205 3133 2261 stulti
3176 2215 3334 2273 sunt,
3370 2207 3462 2279 qui
3494 2209 3795 2265 ratiociniis

2201 2290 2293 2345 illa
2317 2294 2650 2363 permittunt,
2676 2310 2796 2363 quae
2823 2310 2929 2351 non
2952 2308 3179 2368 possunt
3210 2300 3311 2354 nisi
3343 2316 3437 2370 per
3458 2300 3616 2356 fidem
3640 2302 3795 2358 iuve-

2201 2384 2325 2438 niri.
2348 2385 2627 2452 Quomodo
2643 2388 2787 2441 enim
2806 2388 2871 2452 si,
2890 2402 3012 2444 eum
3037 2389 3187 2446 faber
3201 2394 3423 2449 terat-ius
3445 2394 3646 2465 forcipe
3670 2411 3799 2451 cau-

2205 2471 2336 2529 dens
2366 2473 2563 2528 ferrum
2586 2475 2854 2542 extrahat,
2879 2476 2981 2533 iste
3006 2494 3165 2534 manu
3194 2481 3243 2534 id
3272 2480 3448 2539 facere
3473 2485 3793 2551 contendat,

2201 2562 2352 2619 illum
2396 2575 2654 2620 extrema:
2695 2565 3070 2624 damuabimus
3095 2571 3343 2626 amentia:
3378 2590 3392 2627 :
3422 2573 3492 2628 ita
3533 2575 3793 2647 etphilo—

2200 2654 2375 2721 sophi,
2423 2654 2514 2727 qui
2556 2670 2651 2726 per
2688 2670 2748 2712 se
2791 2656 2905 2713 haec
2944 2658 3185 2715 invenire
3220 2662 3399 2717 conati
3439 2672 3586 2731 sunt,
3627 2664 3798 2720 fidem

2202 2746 2401 2817 probro
2449 2747 2765 2803 affecerunt.
2814 2748 2938 2804 Ideo
2981 2750 3112 2805 nihil
3143 2765 3332 2817 eorum
3363 2769 3482 2824 quae
3513 2755 3799 2826 perquire-

2198 2837 2326 2893 hant
2368 2837 2712 2894 invenerunt.
2745 2839 2865 2894 Non
2890 2841 3034 2894 multi
3065 2850 3312 2911 potentes.
3336 2860 3438 2898 non
3471 2845 3618 2898 multi
3645 2844 3799 2899 naM-

2196 2932 2288 2987 les.
2321 2931 2451 2987 Nam
2481 2939 2536 2987 ct
2574 2932 2627 2988 hi
2660 2932 2795 2987 fastu
2832 2932 2975 3003 pleni
3018 2944 3164 2990 sunt.
3206 2932 3353 2990 Nihil
3380 2948 3559 2991 autem
3596 2937 3662 2991 ad
3692 2936 3798 2993 Dei

2196 3025 2560 3095 cognitionem
2587 3024 2666 3080 sic
2696 3024 2887 3081 inutile
2924 3038 3009 3081 est
3029 3067 3045 3091 ,
3071 3035 3133 3081 ut
3169 3028 3474 3097 arrogantia
3502 3037 3558 3083 et
3580 3028 3801 3083 divitia-

2198 3128 2315 3168 rum
2342 3120 2515 3168 amor.
2547 3113 2801 3169 Efficiunt
2844 3115 2987 3171 enim
3032 3116 3144 3181 illa,
3187 3124 3247 3171 ut
3286 3118 3570 3187 prtesentia
3616 3117 3801 3173 admi—

2195 3216 2381 3262 rentur
2407 3216 2460 3263 et
2501 3205 2798 3261 futurorum
2848 3208 3047 3262 nullam
3097 3208 3363 3264 rationem
3416 3209 3691 3265 habeant:
3735 3218 3801 3265 et

2192 3311 2442 3353 curarum
2483 3297 2823 3353 multitudine
2848 3312 3009 3353 aures
3035 3299 3340 3355 obstruunt.
3372 3301 3478 3356 Sed
3497 3318 3612 3373 qua:
3633 3303 3798 3357 stulta

2193 3396 2310 3440 sunt
2342 3387 2539 3453 mundi,
2576 3387 2726 3458 elegit
2752 3385 2912 3441 Deus.
2937 3386 3090 3457 Quod
3116 3387 3413 3444 maximum
3435 3400 3520 3445 est
3547 3389 3793 3448 victoria:

2193 3479 2425 3547 signum,
2448 3493 2570 3533 cum
2600 3493 2695 3548 per
2725 3478 2971 3534 indoctos
3002 3479 3192 3537 vineit.

2263 3567 2317 3623 2.
2350 3566 2465 3623 Non
2501 3569 2645 3625 enim
2676 3578 2822 3623 tanto
2852 3568 3058 3639 pudore
3083 3569 3388 3627 afficiuntur
3405 3571 3795 3645 Grteci,quan-

2191 3656 2263 3714 do
2291 3672 2387 3728 per
2420 3658 2690 3728 sapientes
2730 3670 3056 3727 superantur
3087 3678 3101 3714 :
3133 3661 3229 3717 sed
3266 3671 3392 3718 tunc
3429 3664 3662 3719 maxime
3690 3681 3795 3735 pu-

2191 3750 2282 3805 det
2324 3749 2467 3815 illos,
2512 3765 2632 3803 eum
2680 3748 2912 3806 viderint
2957 3749 3219 3806 artificem
3266 3762 3322 3808 et
3362 3751 3630 3809 forensem
3666 3755 3789 3825 plus

2191 3855 2351 3913 quam
2393 3840 2512 3895 illos
2552 3839 3045 3912 philosmthautem.
3098 3842 3226 3899 ideo
3274 3843 3389 3914 ipse
3433 3845 3666 3912 dicebat,
3717 3847 3793 3903 Ut

2191 3929 2471 4001 confundat
2509 3932 2780 4001 sapientes.
2821 3932 3006 4003 Neque
3035 3932 3122 3990 hic
3142 3934 3325 3989 solum
3351 3935 3482 3993 illud
3510 3936 3654 4005 fecit,
3687 3939 3790 3994 sed

2191 4021 2351 4077 etiam
2397 4020 2451 4076 in
2478 4020 2597 4077 aliis
2625 4022 2746 4076 vita:
2777 4023 3095 4079 commodis.
3138 4024 3342 4080 Etenim
3371 4027 3580 4097 inﬁrma
3609 4030 3789 4085 mundi

2190 4111 2361 4182 elegit,
2392 4110 2580 4181 inquit,
2606 4123 2662 4164 ut
2695 4112 2974 4182 confundat
3003 4112 3177 4183 fortia.
3218 4115 3335 4170 Non
3360 4119 3505 4172 enim
3537 4118 3790 4176 indoctos

2191 4204 2386 4267 solum,
2435 4203 2530 4258 sed
2574 4204 2735 4258 ctiam
2769 4220 3053 4273 pauperes,
3082 4206 3239 4273 viles,
3270 4208 3511 4277 abjectos
3540 4214 3784 4279 vocavit,

2193 4302 2252 4346 ut.
2280 4294 2330 4347 in
2362 4293 2598 4362 potentia
2624 4293 2944 4351 constitutos
2975 4295 3304 4354 humiliaret.
3330 4299 3422 4355 9.8.
3454 4299 3521 4355 Et
3542 4302 3790 4372 ignobilia

2190 4386 2368 4439 mundi
2392 4395 2438 4439 et
2461 4384 2874 4456 contemptibilia,
2910 4394 2957 4442 et
2983 4403 3042 4442 ea
3069 4403 3183 4459 qua:
3207 4406 3307 4444 non
3327 4401 3467 4456 sunt,
3507 4402 3564 4447 ut
3589 4410 3647 4447 ea
3667 4410 3785 4464 qm:

2192 4486 2332 4532 erant
2371 4476 2670 4531 destrueret.
2705 4476 2772 4532 Et
2796 4493 3040 4548 quamam
3081 4492 3272 4549 vocat,
3312 4498 3432 4552 quae
3478 4500 3583 4540 non
3622 4486 3784 4540 sunt?

2195 4568 2324 4635 Eos,
2358 4569 2447 4641 qui
2478 4569 2609 4624 nihil
2637 4583 2756 4625 esse
2786 4578 3059 4641 putantur,
3089 4573 3234 4644 quod
3266 4574 3319 4629 in
3350 4574 3496 4630 nullo
3524 4577 3631 4632 sint
3663 4592 3784 4647 prc-

2194 4661 2287 4716 tio.
2323 4660 2397 4715 lta
2443 4675 2688 4732 magnam
2730 4662 2969 4718 ostendit
3005 4664 3319 4732 potentiam,
3368 4681 3490 4721 cum
3538 4681 3634 4736 per
3663 4683 3781 4732 eos,

2192 4753 2284 4826 qui
2335 4753 2764 4817 nihilvidentur
2811 4768 2953 4821 esse,
3000 4771 3222 4827 magnos
3270 4757 3453 4827 dejicit
3499 4759 3595 4814 :id
3637 4761 3783 4831 quod

2192 4853 2350 4908 etiam
2384 4853 2511 4907 alibi
2548 4852 2680 4908 dicit
2709 4872 2721 4908 :
2756 4852 2928 4910 Virtus
2954 4872 3067 4910 mea
3104 4857 3158 4911 in
3185 4858 3484 4926 inﬁrmitate
3514 4860 3784 4929 perﬁcitur

2193 4945 2275 5015 (2.
2304 4945 2423 5001 Cor.
2455 4946 2541 5001 l2.
2570 4946 2645 5023 9).
2680 4947 2777 5003 Est
2814 4948 2956 5003 enim
2997 4964 3188 5019 magna
3233 4951 3488 5019 potentia,
3519 4952 3782 5022 ahjectos,

2195 5037 2289 5107 qui
2338 5038 2538 5092 nullam
2574 5053 2824 5109 umquam
2851 5038 3188 5110 disciplinam
3214 5043 3522 5113 attigerant,
3563 5053 3787 5112 repente

2198 5128 2268 5184 de
2306 5129 2394 5197 iis,
2435 5146 2555 5199 qua:
2598 5145 2760 5201 supra
2797 5132 2959 5185 caelos
2980 5141 3126 5200 sunt,
3167 5132 3364 5190 docere
3393 5133 3782 5205 philosophari.

2196 5220 2329 5276 Nam
2356 5231 2411 5276 et
2435 5221 2698 5277 medicum
2739 5230 2793 5276 et
2828 5233 3099 5278 oratorem
3141 5232 3196 5279 et
3243 5224 3380 5280 alios
3425 5242 3615 5281 omnes
3660 5237 3788 5281 tunc

2198 5311 2431 5368 maxime
2471 5312 2761 5379 miramur,
2825 5327 2949 5368 cum
2999 5313 3243 5370 indoctos
3291 5315 3578 5371 admodum
3633 5315 3789 5372 insti-

2200 5413 2353 5460 tuunt
2390 5414 2444 5459 et
2482 5403 2752 5458 erudiunt.
2800 5403 2858 5458 Si
2899 5419 3027 5458 vero
3068 5418 3317 5474 magnum
3363 5406 3675 5461 miraculum
3705 5415 3789 5461 est

2199 5497 2330 5552 artis
2355 5495 2591 5552 rationes
2618 5496 2847 5551 indoctis
2877 5497 3189 5564 inculcare;
3222 5498 3390 5554 multo
3420 5501 3590 5570 magis
3624 5509 3786 5554 tanta:

2202 5587 2557 5659 philosophiae
2618 5589 2873 5644 rationes.
2946 5588 3063 5644 Non
3122 5605 3219 5660 pro
3266 5591 3527 5646 miraculo
3580 5601 3783 5644 tantum

2201 5676 2434 5743 edendo,
2482 5694 2656 5749 neque
2704 5690 2762 5735 ut
2799 5681 3092 5751 potentiam
3146 5696 3297 5736 suam
3345 5682 3671 5747 ostenderet,
3732 5681 3784 5736 id

2202 5769 2347 5837 fecit,
2394 5768 2487 5824 sed
2527 5767 2689 5821 etiam
2725 5780 2783 5825 ut
2816 5779 3132 5840 arrogantes
3175 5773 3513 5842 reprimeret.
3555 5768 3786 5837 Ideoque

2200 5866 2361 5915 antea
2390 5858 2617 5927 dicebat,
2640 5857 2708 5916 Ut
2736 5861 3017 5933 confundat
3041 5863 3313 5931 sapientes,
3332 5871 3387 5915 ut
3409 5878 3469 5917 ea
3497 5874 3611 5929 qua:
3633 5869 3783 5913 erant

2204 5958 2523 6017 destrueret;
2542 5965 2596 6010 ct
2624 5954 2711 6010 hic
2736 5968 2922 6012 rursus
2952 5972 2967 6010 :
2992 5954 3086 6013 29.
3123 5952 3192 6011 Ut
3222 5969 3322 6008 non
3349 5952 3597 6024 glorietur
3619 5948 3786 6004 omnis
