4086 6466
519 503 585 558 ,ιι
1256 494 1315 548 S.
1355 491 1639 547 JOANNIS
1674 489 2175 546 CHIHSUSTUMI
2212 487 2531 551 ABCIIIEP.
2577 495 3130 553 CONSTANTINOP.
3732 497 3806 560 ἐξ

523 618 629 675 καὶ
649 613 885 671 ἐνταῦθα
915 610 1077 666 πάλιν
1096 628 1109 641 ’
1147 609 1343 674 Ὅπως
1366 608 1454 678 μὴ
1504 609 1888 679 καυχήσηται
1936 608 2106 663 πᾶσα

519 699 683 769 σὰρξ
704 696 962 752 ἐνώπιον
976 694 1082 749 τοῦ
1105 691 1271 746 Θεοῦ.
1301 693 1487 746 Πάντα
1512 692 1621 764 γὰρ
1643 694 1672 746 6
1697 694 1830 757 Θεὸς
1847 694 1933 746 διὰ
1948 692 2106 746 τοῦτο

521 785 690 843 ποιεῖ,
715 780 826 855 [ἵνα
851 781 941 834 τὸν
973 777 1142 846 τῦφον
1164 775 1333 829 καὶτὸ
1362 776 1616 846 φρόνημα
1639 775 1990 848 καταστείλῃ,
2020 776 2108 827 ἵνα

520 869 583 922 τὸ
611 863 917 935 καυχᾶσθαι
944 860 1145 930 καθέλῃ
1170 874 1182 887 ·
1208 858 1304 912 καὶ
1353 859 1511 928 ὑμεῖς
1553 860 1647 911 ἐπὶ
1705 860 1903 929 τούτῳ,
1953 857 2107 928 φησὶ,

522 947 920 1020 ἐνδιατρίϐετε;
953 945 1129 998 πάντα
1161 940 1350 1012 ποιεῖ,]
1390 942 1477 994 ἴνα
1518 941 1686 1013 μηδὲν
1728 940 1946 1004 ’ἑαυτοῖς
1972 940 2114 1008 λογι-

520 1031 765 1104 ζώμεθα,
795 1031 880 1082 ἵνα
911 1028 1086 1080 πάντα
1116 1025 1194 1096 τῷ
1228 1025 1347 1095 Θεῷ
1375 1026 1796 1096 ἐπιγράφωμεν.
1821 1026 1934 1079 Kal
1954 1026 2112 1096 ὑμεῖς

523 1118 611 1170 ἐπὶ
663 1113 743 1183 τῷ
788 1113 919 1166 δεῖνι
956 1110 1051 1163 καὶ
1089 1108 1168 1179 τῷ
1220 1108 1351 1161 δεῖνι
1402 1110 1547 1179 ὑμᾶς
1585 1110 1781 1173 αὐτοὺς
1828 1107 2111 1179 προσενεῖ-

525 1214 703 1270 ματε;
738 1196 849 1249 Καὶ
898 1194 1060 1256 ποίας
1120 1191 1377 1255 τεύξεσθε
1436 1191 1810 1263 συγγνώμης;
1839 1192 1950 1245 Kal
2004 1191 2113 1258 γὰρ

523 1281 726 1346 ἔδειξεν
752 1280 782 1333 6
808 1278 963 1341 Θεὸς,
991 1277 1074 1329 ὅτι
1115 1276 1177 1328 ού
1223 1275 1451 1329 δυνατὸν
1500 1275 1568 1329 δι’
1615 1277 1824 1330 ἑαυτῶν
1874 1274 2112 1345 σωθῆναι

526 1366 708 1438 μόνον,
744 1363 837 1417 καὶ
868 1360 1028 1413 τοῦτο
1059 1360 1212 1429 παρά
1234 1358 1332 1430 τὴν
1372 1359 1546 1430 ἀρχὴν
1580 1360 1858 1430 ἐποίησεν.
1896 1360 1970 1412 Οὐ
2005 1359 2113 1428 γὰρ

519 1449 642 1502 τότε
658 1447 725 1500 δι’
747 1443 957 1499 ἑαυτῶν
986 1441 1224 1513 σωθῆναι
1253 1442 1401 1512 ἐνῆν,
1432 1444 1548 1496 ἀλλ’
1585 1442 1693 1496 ἔδει
1723 1442 1919 1504 κάλλος
1946 1443 2113 1510 ούρα-

521 1532 614 1585 νοῦ
648 1530 741 1583 καὶ
770 1529 875 1597 γῆς
903 1526 1129 1599 μέγεθος
1163 1525 1256 1579 καὶ
1283 1526 1384 1596 τῆς
1407 1526 1575 1597 ἄλλης
1598 1526 1828 1589 κτίσεως
1864 1526 1926 1577 τὸ
1953 1524 2112 1593 σῶμα

523 1614 947 1688 περιελθόντας,
983 1610 1129 1664 οὕτω
1176 1611 1643 1681 χειραγωγεῖσθαι
1679 1611 1818 1681 πρὸς
1864 1610 1958 1662 τὸν
2003 1608 2114 1660 τῶν

525 1689 701 1771 ἕρῖκων
735 1694 1089 1767 δημιουργόν.
1128 1694 1384 1764 Ἐποίησε
1415 1694 1470 1747 δὲ
1510 1696 1702 1755 τοῦτο,
1747 1692 2111 1762 προαναστέλ-

524 1784 630 1835 λων
651 1782 750 1852 τὴν
784 1778 1084 1849 μέλλουσαν
1113 1777 1458 1846 οίησισοφίαν
1490 1788 1538 1826 α.
1585 1776 1671 1838 Ὧς
1696 1774 1761 1828 ἂν
1790 1774 1943 1837 εἴτις
1967 1773 2112 1826 διδά-

528 1865 726 1928 σκαλος
766 1860 1032 1924 κελεύσας
1080 1859 1312 1913 ἐπεσθαι
1343 1858 1421 1930 τῷ
1459 1858 1675 1930 μαθητῇ
1706 1852 1849 1931 ᾗπερ
1878 1857 1942 1910 ἂν
1981 1856 2116 1927 ἡγῆ-

524 1965 636 2012 ται,
666 1945 887 2002 ἐπειδάν
909 1946 993 2016 ἴδῃ
1024 1943 1370 2015 προλαὸόντα
1404 1944 1498 1997 καὶ
1528 1941 1853 2012 βουλόμενον
1874 1941 1964 2009 ἀφ’
1991 1941 2116 1992 ἐαυ-

525 2032 620 2086 τοῦ
648 2033 825 2085 πάντα
857 2028 1070 2101 μαθεῖν,
1095 2027 1253 2096 ἀφεὶς
1274 2027 1598 2097 διαμαρτεῖν
1620 2066 1634 2088 ,
1678 2024 1773 2078 καὶ
1819 2022 1999 2088 δείξας
2042 2022 2115 2085 ὡς

526 2117 628 2169 οὐκ
650 2116 813 2187 ἀρκεῖ
842 2111 979 2183 πρὸς
1008 2113 1107 2181 τὴν
1133 2110 1390 2181 μάθησιν,
1418 2111 1592 2173 οὕτως
1618 2108 1767 2178 αὐτῷ
1796 2108 1915 2161 τότε
1936 2109 2117 2159 ἐπεισ-

528 2199 652 2265 άγοι
673 2196 740 2249 τὰ
773 2194 901 2265 παρ’
919 2192 1113 2247 ἑαυτοῦ
1138 2210 1152 2225 ·
1184 2192 1327 2246 οῦτω
1348 2193 1442 2245 καὶ
1465 2194 1493 2245 6
1517 2191 1650 2255 Θεὸς
1683 2190 1937 2244 ἐκέλευσε
1966 2206 2039 2241 πα
2050 2188 2117 2259 ρά

528 2283 629 2353 τὴν
657 2280 833 2353 ἀρχὴν
853 2277 1082 2333 ἔπεσθαι
1116 2276 1207 2330 διὰ
1232 2276 1334 2346 τῆς
1367 2276 1509 2329 κατὰ
1538 2277 1638 2345 τὴν
1671 2275 1851 2328 κτίσιν
1880 2272 2118 2341 καταλή-

527 2367 675 2437 ψεως
701 2380 715 2396 ο
743 2362 932 2434 ἐπειδὴ
962 2360 1019 2414 δέ
1045 2362 1147 2414 οὐκ
1177 2359 1464 2430 ἐθέλησαν,
1511 2358 1693 2424 δείξας
1725 2357 1815 2411 διὰ
1848 2357 1946 2427 τῆς
1985 2355 2119 2408 πεί-

532 2467 655 2523 ρας,
683 2451 766 2502 ὅτι
794 2448 895 2500 ούκ
924 2444 1187 2516 ἀρκοῦσιν
1212 2445 1447 2507 ἑαυτοῖς,
1469 2444 1589 2496 τότε
1615 2442 1815 2505 αὐτοὺς
1843 2440 1979 2512 πρὸς
2003 2440 2120 2493 ἐαυ-

529 2533 622 2587 τὸν
666 2533 869 2600 ἑτέρως
904 2529 1070 2582 πάλιν
1115 2528 1269 2597 ἄγει*
1304 2526 1505 2580 ἔδωκεν
1535 2527 1656 2582 ἀντὶ
1682 2525 1869 2578 δέλτου
1899 2524 1989 2576 τὸν
2024 2524 2117 2575 κό-

534 2632 689 2686 σμον.
713 2613 847 2666 Οὐδὲ
876 2614 933 2664 ὲν
950 2610 1163 2675 τούτοις
1195 2610 1536 2682 ἐμελέτησαν
1579 2609 1629 2662 οί
1663 2608 1966 2678 φιλόσοφοι,
1999 2607 2121 2660 οὐδὲ

532 2697 680 2769 αὐτῷ
724 2695 1014 2763 πεισθῆναι
1051 2693 1347 2765 ἠθέλησαν,
1390 2693 1511 2745 οὐδὲ
1541 2692 1746 2761 ταύτην
1799 2690 1974 2742 ἐλθεῖν
2020 2690 2119 2761 τὴν

531 2781 652 2835 ὁδὸν
703 2778 840 2850 πρὸς
889 2776 1089 2842 αὑτὸν,
1140 2777 1206 2847 ἣν
1245 2775 1411 2839 αὐτὸς
1460 2775 1766 2827 ἐκέλευσεν.
1814 2774 2121 2845 Είσήγαγεν

535 2864 733 2934 ἑτέραν
751 2860 868 2914 ὁδὸν
891 2859 992 2931 τῆς
1022 2860 1295 2930 προτέρας
1327 2857 1691 2927 σαφεστέραν,
1720 2855 2016 2909 πείθουσαν
2039 2857 2121 2911 ὅτι

536 2947 638 3000 ούκ
670 2945 954 3015 αὐτάρκης
999 2941 1287 3012 ἄνθρωπος
1342 2942 1504 3006 αὐτὸς
1550 2942 1730 3013 ἐαυτῷ
1774 2943 1952 3013 μόνος.
1986 2940 2122 2995 Τότε

541 3029 641 3099 μὲν
675 3028 784 3099 γάρ
817 3027 913 3079 καὶ
940 3025 1235 3095 λογισμοὺς
1262 3019 1330 3095 ἦν
1364 3026 1661 3089 ἀνακινεῖν,
1693 3026 1788 3078 καὶ
1823 3028 1889 3095 τῇ
1924 3024 2123 3089 ἔξωθεν
2148 3016 2163 3029 ’

537 3110 843 3182 κεχρῆσθαι
864 3107 1027 3178 σοφία
1056 3107 1143 3160 διὰ
1169 3108 1267 3175 τῆς
1294 3109 1527 3170 κτίσεως
1554 3107 2117 3179 χειραγωγουμένους’

538 3191 635 3248 νῦν
661 3192 720 3246 δὲ
752 3191 819 3246 ἂν
862 3193 939 3262 μή
978 3207 1064 3254 τις
1090 3189 1315 3259 γένηται
1348 3190 1549 3260 μωρὸς,
1584 3190 1885 3255 τουτέστιν,
1925 3188 1992 3242 ἂν
2047 3190 2123 3260 μὴ

541 3276 719 3331 πάντα
764 3271 1026 3344 λογισμὸν
1069 3273 1163 3327 καὶ
1207 3274 1390 3326 πᾶσαν
1442 3271 1656 3343 κενώσῃ
1690 3274 1902 3342 σοφίαν,
1938 3272 2031 3326 καὶ
2058 3274 2125 3342 τῇ

541 3358 722 3413 πίστει
756 3358 951 3412 ἐαυτὸν
985 3354 1234 3428 παραδῷ,
1280 3356 1566 3426 ἀμήχανον
1606 3354 1866 3426 σωθῆναι.
1928 3355 2003 3407 Οὐ
2038 3372 2128 3423 μι-

541 3442 675 3516 κρὸν
706 3441 887 3495 τοίνυν
924 3440 1065 3511 μετά
1091 3439 1187 3491 τοῦ
1227 3438 1453 3509 ποιῆσαι
1484 3438 1673 3510 ῥᾳδίαν
1714 3440 1814 3510 τὴν
1852 3437 1991 3500 ὁδὸν,
2034 3437 2127 3491 καὶ

540 3527 755 3597 νόσημα
780 3524 1090 3577 ἀνέσπασεν
1121 3522 1395 3585 ἐντεῦθεν,
1436 3522 1499 3575 τὸ
1538 3522 1611 3592 μὴ
1644 3521 1953 3592 καυχᾶσθαι
1990 3522 2127 3592 μηδέ

546 3609 687 3682 μέγα
720 3610 939 3679 φρονεῖν
959 3623 974 3638 ·
1001 3606 1202 3670 ’Ὅπως
1225 3604 1311 3673 μὴ
1335 3605 1718 3673 καυχήσηται
1746 3602 1914 3659 πᾶσα
1946 3605 2125 3672 σάρξ.

555 3692 688 3745 Ἀπὸ
713 3693 822 3760 γὰρ
846 3687 1038 3742 τούτου
1071 3689 1105 3757 ἡ
1132 3684 1400 3758 ἁμαρτία,
1444 3687 1527 3739 ὅτι
1559 3686 1860 3759 σοφώτεροι
1895 3688 2002 3740 τῶν
2033 3688 2127 3741 τοῦ

543 3773 682 3828 Θεοῦ
704 3773 887 3842 νόμων
915 3768 1057 3824 εἶναι
1100 3768 1517 3839 ἐφιλονείκησαν
1537 3808 1553 3832 ,
1604 3771 1666 3823 οὐ
1697 3769 1942 3834 θέλοντες
1987 3769 2129 3824 οὕτω

548 3856 742 3929 μαθεῖν
765 3855 843 3918 ὡς
873 3854 1036 3917 αὐτὸς
1065 3853 1447 3923 ἐνομοθέτησε.
1500 3852 1598 3907 Διὰ
1642 3852 1802 3908 τοῦτο
1828 3855 1950 3908 ούδέ
1992 3854 2129 3918 ὅλως

546 3939 768 4011 ἔμαθον.
793 3936 952 3992 Οὕτω
974 3938 1070 3991 καὶ
1099 3934 1159 4000 ἐξ
1190 3936 1367 4007 ἀρχῆς
1396 3935 1635 4004 ἐγένετο.
1666 3933 1803 3991 Εῖπε
1832 3938 1914 4008 τῷ
1935 3937 2124 4009 Ἀδάμ·

546 4022 678 4076 Τόδε
722 4039 778 4076 τι
826 4019 1056 4092 πρᾶξον,
1108 4020 1201 4073 καὶ
1225 4019 1348 4071 τόδε
1386 4020 1460 4090 μὴ
1505 4020 1739 4094 πράξῃς.
1791 4021 2025 4085 Ἐκεῖνος
2054 4021 2129 4085 ὡς

546 4107 710 4161 πλέον
740 4123 793 4159 τι
832 4103 1073 4175 νομίζων
1122 4102 1421 4173 εὑρίσκειν,
1466 4106 1805 4175 παρήκουσε,
1844 4104 1938 4158 καὶ
1990 4106 2130 4176 ὅπερ

545 4187 711 4263 εἶχεν,
741 4187 1046 4242 ἀπώλεσεν.
1074 4180 1211 4238 Εἷπε
1238 4188 1350 4250 τοῖς
1374 4186 1519 4255 ἑξῆς
1552 4186 1646 4255 Μὴ
1672 4186 2037 4255 ἐναπομένετε
2063 4188 2129 4257 τῇ

547 4273 745 4336 κτίσει,
787 4269 926 4323 ἀλλά
954 4268 1043 4321 διὰ
1092 4266 1301 4333 ταύτης
1344 4269 1436 4321 τὸν
1468 4267 1815 4337 Δημιουργὸν
1851 4266 2128 4338 θεωρεῖτε.

560 4356 790 4409 Ἐκεῖνοι
820 4351 1000 4424 δῆθεν,
1037 4351 1113 4414 ώς
1148 4349 1457 4420 σοφώτερον
1493 4367 1546 4402 τι
1569 4348 1679 4402 τῶν
1709 4349 2016 4420 εἰρημένων
2045 4350 2133 4402 εὑ-

551 4437 857 4509 ρίσκοντες,
889 4433 1118 4505 μυρίους
1144 4432 1406 4502 ἐκίνησαν
1427 4430 1806 4502 λαϐυρίνθους.
1850 4431 1949 4485 Διά
1975 4432 2135 4485 τοῦτο

552 4521 646 4573 καὶ
677 4520 892 4580 ἑαυτοῖς
942 4516 1039 4569 καὶ
1085 4513 1340 4585 ἀλλήλοις
1377 4514 1818 4585 συνερράγησαν,
1873 4515 1970 4567 καὶ
2010 4514 2134 4568 οὔτε

549 4602 641 4655 τὸν
655 4600 789 4653 Θεὸν
815 4591 1139 4669 εὖρον,οὖτε
1168 4596 1300 4667 περὶ
1323 4597 1425 4667 τῆς
1450 4597 1680 4659 κτίσεώς
1696 4613 1747 4649 τι
1766 4596 1936 4666 σαφὲς
1965 4597 2135 4666 ἐγνω-

554 4699 673 4746 σαν,
706 4682 827 4735 οὐδὲ
856 4681 1241 4750 προσήκουσαν
1273 4680 1372 4733 καί⁸
1405 4678 1580 4750 ἀληθῆ
1610 4681 1741 4749 περὶ
1776 4680 1947 4750 αὐτῆς
1975 4680 2134 4745 δόξαν

552 4764 732 4836 ἔσχον.
761 4763 859 4816 Διά
882 4761 1040 4815 τοῦτο
1075 4761 1239 4816 πάλιν
1277 4761 1345 4814 ἐκ
1369 4760 1567 4814 πολλοῦ
1593 4762 1688 4815 τοῦ
1723 4763 2008 4833 περιόντος
2034 4764 2135 4834 τὴν

553 4849 729 4919 οἴησιν
752 4846 934 4901 αὐτῶν
959 4844 1261 4921 καθαιρῶν,
1311 4844 1441 4909 τοὺς
1486 4842 1702 4908 ἰδιώτας
1735 4845 1987 4916 πρώτους
2022 4850 2134 4902 εἰσ-

553 4934 753 5003 ήγαγε,
787 4929 966 4992 δείξας
990 4927 1065 4992 ὡς
1094 4929 1295 4991 πάντες
1321 4928 1420 4997 τῆς
1446 4927 1653 4983 ἀνωθεν
1680 4929 1891 4983 δέονται
1917 4933 2130 5001 σοφίας.

555 5016 632 5067 Οὐ
666 5015 823 5086 μόνον
850 5013 906 5067 δὲ
925 5014 983 5067 ἐν
1009 5011 1087 5081 τῷ
1128 5013 1256 5083 περὶ
1276 5010 1533 5080 γνώσεως
1553 5011 1718 5082 λόγῳ,
1747 5011 1883 5065 ἀλλά
1910 5014 2135 5079 καὶτοῖς

554 5098 736 5162 ἄλλοις
767 5098 940 5153 ἆπασι
969 5098 1064 5149 καὶ
1086 5095 1408 5166 ἀνθρώπους
1435 5094 1550 5167 [36]
1576 5097 1670 5148 καὶ
1695 5095 1763 5149 τὰ
1800 5095 1937 5150 ἄλλα
1958 5099 2137 5153 πάντα

554 5182 831 5253 κτίσματα
852 5183 909 5233 ἐν
939 5177 1107 5249 πολλῇ
1133 5180 1295 5249 χρείᾳ
1318 5178 1485 5232 αὐτοῦ
1524 5180 1882 5251 κατέστησεν,
1917 5181 2004 5235 ἶνα
2036 5198 2136 5251 με·

554 5264 746 5335 γίστην
789 5262 1046 5334 ἀφορμὴν
1101 5261 1201 5334 ἔχῃ
1231 5263 1326 5315 καὶ
1354 5262 1562 5332 ταύτην
1609 5264 1893 5334 ὑποταγῆς
1930 5267 2025 5317 καὶ
2059 5268 2139 5319 οὶ-

555 5347 830 5411 κειώσεως
855 5387 872 5412 ,
923 5347 1012 5400 ἵνα
1069 5345 1142 5416 μὴ
1185 5346 1614 5418 ἀποπηδήσαντα
1661 5348 1933 5419 ἀπόληται
1962 5350 2009 5404 δ.
2041 5350 2139 5404 Διὰ

554 5432 712 5486 τοῦτο
736 5430 835 5484 οὐκ
879 5430 1094 5501 ἀφῆκεν
1139 5428 1441 5497 αὐτάρκεις
1478 5431 1679 5494 αὐτοὺς
1726 5433 1938 5492 ἑαυτοῖς
1976 5430 2134 5488 εἶναι.

554 5516 619 5571 Εἰ
649 5515 759 5588 γὰρ
786 5514 881 5567 καὶ
907 5512 1001 5565 νῦν
1023 5513 1081 5565 ἐν
1110 5512 1269 5584 χρείᾳ
1288 5511 1442 5577 ὄντες
1479 5514 1664 5567 πολλοὶ
1684 5518 2138 5587 καταφρονοῦσιν,

552 5602 606 5655 εί
637 5598 713 5670 μὴ
734 5595 892 5651 τοῦτο
913 5591 1003 5667 ἦν,
1034 5594 1139 5648 ποῦ
1161 5595 1264 5648 οὒκ
1286 5593 1353 5647 ἂν
1374 5594 1597 5665 ἐξῆλθον
1621 5598 1925 5670 ὑπεροψίας
1946 5601 2140 5665 ;Ὥστε

554 5682 618 5736 τὸ
651 5680 797 5736 οὕτω
829 5676 1141 5749 καυχᾶσθαι
1179 5677 1243 5729 οὐ
1292 5676 1505 5746 φθονῶν
1536 5681 1723 5744 αὐτοῖς
1763 5683 1997 5748 ἀνεῖλεν,
2026 5683 2139 5737 ἀλλ’

556 5765 810 5834 ἀφέλκων
833 5761 1032 5822 αὐτοὺς
1059 5759 1160 5830 τῆς
1188 5759 1463 5824 ἀπωλείας
1505 5763 1607 5833 τῆς
1645 5763 1897 5818 ἐντεῦθεν
1921 5769 2142 5838 γινομέ-

557 5863 678 5917 νης.
724 5844 827 5908 Ἐξ
855 5842 1042 5898 αὐτοῦ
1080 5841 1150 5895 δὲ
1171 5841 1342 5910 ὑμεῖς
1370 5844 1513 5898 ἐστε
1548 5845 1618 5898 ἐν
1651 5847 1884 5913 Χριστῷ
1923 5848 2138 5918 Ἰησοῦ,

560 5928 628 5995 ὃς
654 5926 907 5998 ἐγενήθη
935 5924 1081 5993 ἡμῖν
1106 5925 1294 5994 σοφία
1314 5926 1431 5981 ἀπὸ
1455 5928 1633 5995 Θεοῦ,
1656 5929 1755 5982 καὶ
1776 5930 2139 6003 δικαιοσύνη

619 6053 921 6119 ομ-ιερευαιιιι·
945 6050 1100 6108 οῖησιν
1141 6052 1222 6100 καὶ
1254 6052 1439 6115 σοφίαν.
1506 6056 1534 6098 b
1559 6052 1768 6105 Aboram
1791 6055 1913 6119 lucc,
1938 6060 2138 6113 ἴνα......

556 6114 812 6173 ἀπόληται.

2209 609 2305 663 καί
2336 609 2630 680 ἁγιασμὸς
2661 615 2759 668 καί
2798 615 3239 683 ἀπολύτρωσις.
3278 612 3351 666 τὸ
3380 652 3396 678 ,
3452 611 3553 678 Ἐξ
3583 615 3797 677 αὑτοῦ.

2211 693 2446 748 ἐνταῦθα
2477 697 2539 748 ού
2574 698 2829 768 περὶτῆς
2868 699 2949 761 είς
2983 696 3046 750 τὸ
3079 692 3220 750 εῖναι
3262 698 3608 768 παραγωγῆς
3639 694 3801 766 οἶμαι

2214 775 2395 844 λέγειν
2416 778 2599 843 αὐτὸν,
2626 779 2762 834 ἀλλά
2784 779 3034 852 περὶτῆς
3056 779 3294 842 πίστεως
3312 795 3327 810 ·
3344 779 3613 844 τουτέστι,
3630 781 3805 834 τέκνα

2210 858 2345 912 Θεοῦ
2377 862 2632 929 γενέσθαι
2680 861 2781 915 οὐκ
2827 862 2888 927 ἐξ
2922 862 3193 932 αἱμάτων,
3226 860 3348 914 οὐδὲ
3390 862 3455 914 ἐκ
3491 861 3806 933 θελήματος

2212 944 2436 1014 σαρκός.
2478 944 2571 1016 Μὴ
2600 945 2862 1016 νομίσητε
2896 945 3101 1006 τοίνυν,
3146 946 3230 998 ὃτι
3279 944 3613 1016 ἀφελόμενος
3651 948 3810 1017 ἡμᾶς

2211 1023 2305 1077 τοῦ
2360 1028 2738 1097 καυχήματος,
2777 1030 2962 1081 ειάσεν
2989 1026 3165 1081 οὕτω·
3232 1029 3419 1098 μεῖζον
3456 1028 3567 1099 γάρ
3611 1028 3843 1098 ἕτερον’

2212 1106 2380 1161 ἔδωκε
2415 1108 2694 1181 καύχημα.
2726 1110 2969 1164 Ἐκείνου
2994 1110 3103 1182 γάρ
3133 1110 3363 1164 ἐνώπιον
3394 1110 3454 1162 ού
3478 1110 3558 1162 δεῖ
3586 1112 3804 1180 καυχά-

2213 1189 2359 1245 σθαι.
2385 1192 2579 1255 Παῖδες
2599 1193 2763 1246 αὐτοῦ
2793 1196 2938 1258 ἐστε,
2970 1194 3062 1247 διὰ
3082 1193 3177 1247 τοῦ
3204 1193 3444 1264 Χριστοῦ
3474 1192 3629 1246 τοῦτο
3646 1194 3804 1261 γενό-

2217 1291 2387 1344 μενοι.
2416 1276 2524 1329 Kal
2545 1276 2734 1347 ἐπειδὴ
2764 1273 2908 1339 εἶπε,
2933 1278 3007 1331 Τίι
3021 1278 3188 1347 μωρὰ
3207 1276 3313 1331 τοῦ
3338 1277 3570 1347 κόσμου
3595 1276 3808 1341 ἐξελέ-

2216 1357 2360 1420 ξατο
2388 1358 2580 1412 καὶτὰ
2607 1359 2855 1429 ἀγεννῆ,
2885 1360 3159 1415 δείκνυσιν
3191 1361 3273 1413 ὅτι
3299 1361 3517 1414 πάντων
3542 1360 3680 1412 είσὶν
3709 1361 3808 1412 εύ-

2217 1441 2549 1510 γενέστεροι,
2579 1441 2671 1494 τὸν
2707 1442 2839 1495 Θεὸν
2874 1442 3091 1513 ἔχοντες
3128 1443 3359 1514 πατέρα.
3397 1442 3510 1512 Τῆς
3552 1440 3609 1495 δὲ
3639 1443 3807 1509 εὖγε-

2215 1523 2361 1587 νείας
2384 1524 2587 1595 ταύτης
2626 1526 2723 1595 οὐχ
2748 1527 2775 1578 ὀ
2800 1526 2947 1578 δεῖνα
2981 1527 3075 1579 καὶ
3102 1528 3128 1579 6
3152 1526 3323 1589 δεῖνα,
3355 1524 3471 1579 ἀλλ’
3500 1525 3529 1577 6
3562 1525 3810 1595 Χριστὸς

2216 1608 2351 1678 ήμῖν
2381 1609 2529 1661 ἐστιν
2555 1607 2749 1673 αίτιος,
2777 1609 2975 1677 σοφοὺς
3002 1610 3151 1680 ἡμᾶς
3174 1611 3405 1678 ποιήσας
3435 1606 3532 1664 καὶ
3558 1607 3809 1670 δικαίους

2215 1691 2309 1743 καὶ
2340 1691 2531 1760 ἁγίους
2552 1708 2566 1722 ·
2611 1691 2770 1745 τοῦτο
2808 1691 2917 1763 γάρ
2953 1693 3103 1746 ἐστιν
3128 1708 3142 1723 ο
3176 1691 3469 1762 Ἑγενήθη
3524 1691 3666 1761 ἡμῖν
3695 1707 3811 1746 σο-

2215 1775 2341 1843 gl“.

2286 1864 2353 1926 γ’.
2386 1857 2483 1922 Τίς
2512 1852 2604 1912 οῦν
2626 1858 2782 1930 ήμῶν
2813 1858 3118 1931 σοφώτερος
3160 1857 3271 1912 τῶν
3297 1859 3356 1911 ού
3391 1857 3490 1929 τὴν
3518 1857 3813 1922 Πλάτωνος

2216 1944 2449 2013 ἐχόντων
2486 1943 2678 2012 σοφίαν
2698 1984 2713 2004 ,
2745 1943 2861 1997 ἀλλ’
2892 1944 3055 1998 αὑτὸν
3088 1943 3178 1996 τὸν
3219 1942 3474 2014 Χριστὸν,
3515 1943 3675 1996 τοῦτο
3703 1942 3810 1995 τοῦ

2215 2025 2350 2079 Θεοῦ
2390 2024 2784 2097 βουληθέντοςς
2819 2026 2978 2080 Τί.δέ
3024 2028 3193 2087 ἐστιν,
3233 2025 3375 2080 Ἀπὸ
3413 2025 3562 2080 Θεοῦ
3585 2041 3605 2089 ;
3632 2025 3813 2078 Ὅταν

2220 2108 2432 2180 μεγάλα
2462 2109 2593 2182 εἴπῃ
2636 2109 2765 2180 περὶ
2804 2108 2898 2162 τοῦ
2942 2108 3304 2178 Μονογενοῦς,
3344 2108 3467 2162 τότε
3498 2108 3815 2180 προσάπτει

2216 2195 2308 2247 τὸν
2350 2193 2595 2264 Πατέρα.
2638 2193 2724 2245 ἶνα
2757 2192 2831 2263 μὴ
2870 2192 3070 2264 νομίσῃ
3097 2210 3180 2255 τις
3207 2192 3505 2263 ἀγέννητον
3534 2187 3675 2245 εἶναι
3712 2192 3816 2244 τὸν

2219 2275 2369 2329 Υἱόν.
2409 2274 2625 2344 Ἐπειδὴ
2651 2271 2743 2329 οῦν
2763 2271 2938 2340 εἶπεν,
2960 2277 3042 2329 ὅτι
3073 2274 3311 2328 τοσαῦτα
3337 2274 3524 2344 ἴσχυσε
3543 2315 3559 2340 ,
3601 2275 3695 2326 καὶ
3744 2274 3817 2327 τὸ

2221 2362 2328 2414 πᾶν
2360 2359 2594 2430 ἀνέθηκε
2626 2358 2703 2430 τῷ
2724 2358 2861 2429 Υίῷ,
2897 2359 3091 2427 σοφίαν
3110 2358 3274 2412 αὐτὸν
3303 2359 3476 2426 λέγων
3496 2360 3627 2428 ἡμῖν
3649 2374 3818 2426 γεγε-

2220 2443 2417 2514 νῆσθαι
2444 2443 2540 2497 καὶ
2567 2443 2920 2511 δικαιοσύνην
2947 2442 3041 2495 καὶ
3073 2442 3344 2512 ἀγιασμὸν
3375 2442 3467 2496 καὶ
3493 2439 3819 2510 ἀπολύτρω-

2221 2545 2326 2581 σιν.
2353 2526 2455 2581 Διά
2478 2527 2570 2580 τοῦ
2610 2525 2742 2580 Υίοῦ
2773 2525 2939 2579 πάλιν
2967 2525 3029 2578 τὸ
3066 2527 3175 2580 πᾶν
3210 2525 3484 2589 ἀνατιθεὶς
3516 2522 3594 2594 τῷ
3633 2523 3820 2592 Πατρὶ

2223 2607 2412 2665 εἶπεν
2474 2610 2609 2663 Ἀπὸ
2659 2609 2829 2665 Θεοῦ.
2864 2608 2963 2663 Διά
2990 2609 3044 2662 τί
3073 2608 3131 2662 δὲ
3185 2608 3259 2680 μὴ
3309 2604 3484 2670 εἶπεν,
3528 2608 3819 2675 Ἐσόφισεν

2224 2695 2393 2764 ἡμᾶς,
2429 2693 2565 2760 ἀλλ’,
2604 2692 2892 2762 Ἐγενήθη
2929 2691 3077 2762 ἡμῖν
3100 2694 3325 2761 caspia;
3358 2691 3431 2745 Τὸ
3461 2690 3681 2759 δαψιλὲς
3717 2690 3819 2742 ἐν·

2223 2776 2573 2846 δεικνύμενος
2602 2777 2702 2845 τῆς
2740 2777 2985 2848 δωρεάς·
3021 2776 3098 2840 ὡς
3135 2775 3202 2831 ἂν
3232 2779 3280 2830 εἰ
3314 2776 3502 2844 ἔλεγεν
3526 2792 3542 2806 ’
3584 2774 3820 2827 Ἑαυτὸν

2224 2862 2355 2931 ἡμῖν
2383 2862 2571 2915 ἔδωκε.
2605 2862 2715 2919 Kal
2741 2861 2844 2931 ὅρα
2890 2859 3007 2925 πῶς
3050 2860 3155 2933 ὁδῷ
3198 2861 3503 2931 προϐαίνει.
3539 2860 3822 2930 Πρότερον

2224 2946 2332 3016 γάρ
2366 2946 2512 3015 ἡμᾶς
2553 2945 2751 3013 σοφοὺς
2785 2943 3044 3015 ἐποίησεν
3083 2944 3401 3010 ἀπαλλάξας
3432 2944 3532 3014 τῆς
3576 2940 3820 3011 πλάνης,

2226 3030 2323 3083 καὶ
2341 3030 2462 3081 τότε
2500 3027 2744 3090 δικαίους
2781 3027 2877 3080 καὶ¹
2903 3028 3114 3096 ἀγίους,
3144 3027 3207 3080 τὸ
3255 3026 3478 3099 Πνεῦμα
3509 3025 3825 3097 χαρισάμεο

2225 3129 2336 3176 νος,
2358 3114 2453 3166 καὶ
2476 3111 2648 3174 οὕτως
2670 3110 2983 3181 ἀπήλλαξεν
3013 3113 3162 3182 ἡμᾶς
3185 3112 3442 3165 ἁπάντων
3468 3111 3577 3165 τῶν
3604 3110 3824 3174 κακῶν,

2223 3197 2367 3249 ὥστε
2394 3193 2561 3249 αὑτοῦ
2601 3190 2763 3247 εἶναι.
2797 3194 2906 3246 Kal
2944 3193 3007 3245 οὐ
3048 3194 3152 3264 τῆς
3189 3193 3499 3257 ούσιώσεως
3536 3193 3693 3247 τοῦτο
3718 3192 3826 3264 δη-

2225 3280 2476 3342 λωτικὸν,
2515 3276 2652 3331 ἀλλά
2677 3277 2775 3347 τῆς
2796 3276 3035 3340 πίστεως
3071 3286 3117 3331 ο.
3155 3275 3416 3347 ’Δλλαχοῦ
3455 3277 3554 3346 μέν
3585 3272 3679 3330 οῦν
3710 3293 3827 3347 φη-

2229 3377 2335 3423 σιν,
2370 3361 2451 3414 ὅτι
2489 3361 2649 3431 ἡμεῖς
2682 3356 2985 3428 ἐγενόμεθα
3027 3357 3344 3428 δικαιοσύνη
3379 3360 3437 3410 ἐν
3464 3357 3635 3428 αύτῷ,
3671 3358 3829 3413 οὕτω

2226 3443 2430 3512 λέγων·
2469 3444 2578 3497 Τὸν
2611 3439 2699 3511 μὴ
2735 3442 2960 3510 γνόντα
2998 3442 3314 3510 ᾀμαρτίαν,
3346 3443 3640 3509 ἁμαρτίαν
3663 3443 3831 3511 ὑπὲρ

2231 3526 2399 3596 ἡμῶν
2420 3526 2736 3593 ἐποίησεν,
2782 3525 2885 3577 ἵνα
2926 3523 3099 3593 ἡμεῖς
3126 3523 3429 3594 γενώμεθα
3453 3523 3826 3595 δικαιοσύνη

2232 3610 2380 3665 Θεοῦ
2415 3609 2484 3663 ἐν
2508 3608 2701 3673 αὺτῷ-
2730 3606 2827 3661 νῦν
2854 3607 2911 3660 δέ
2941 3608 3105 3661 αὐτόν
3136 3624 3269 3676 φησι
3298 3606 3648 3678 δικαιοσύνην
3680 3609 3828 3677 ἡμῖν

2229 3692 2583 3764 γεγενῆσθαι,
2607 3690 2749 3744 ὥστε
2775 3690 2953 3756 ἔξεστι
2976 3688 3056 3760 τῷ
3080 3688 3394 3760 βουλομένῳ
3436 3688 3685 3759 μετέχειν
3718 3689 3824 3740 δα-

2228 3775 2421 3844 ψιλῶς.
2464 3775 2539 3828 Ού
2566 3773 2676 3844 γὰρ
2709 3775 2739 3827 ὁ
2763 3773 2909 3827 δεῖνα
2941 3774 3142 3843 σοφοὺς
3187 3772 3411 3841 ἐποίησε
3468 3771 3560 3824 καὶ
3588 3773 3616 3825 6
3644 3770 3819 3835 δεῖνα,

2230 3859 2346 3913 ἀλλ’
2368 3861 2397 3911 6
2428 3857 2684 3930 Χριστός.
2733 3857 2791 3911 Ὀ
2818 3856 2996 3909 τοίνυν
3020 3854 3397 3926 καυχώμενος.
3418 3857 3476 3907 ἐν
3513 3853 3659 3924 αὐτῷ
3681 3869 3820 3906 καυ-

2231 3941 2438 4015 χάσθω,
2476 3940 2553 4011 μὴ
2582 3941 2640 3993 ἐν
2666 3938 2746 4009 τῷ
2765 3939 2898 3992 δεῖνι
2931 3939 3025 3993 καὶ
3058 3937 3136 4008 τῷ
3163 3937 3326 3991 δεῖνιο
3370 3937 3520 4008 παρὰ
3547 3936 3642 3989 τοῦ
3675 3936 3818 4005 Χρι-

2233 4023 2362 4077 στοῦ
2395 4023 2615 4091 γέγονεν
2642 4022 2878 4075 ἅπαντα.
2910 4020 3003 4075 Διὸ
3031 4020 3225 4082 εἰπὼν,
3263 4021 3362 4085 Ὃς
3394 4019 3647 4085 ἐγενήθη
3671 4018 3820 4086 ἡμῖν

2232 4108 2417 4175 σοφία
2456 4105 2554 4157 καί
2582 4103 2940 4171 δικαιοσύνη
2985 4104 3085 4156 καί
3120 4102 3415 4174 ἁγιασμὸς
3455 4100 3554 4155 καί
3589 4100 3822 4154 ἀπολύ-

2232 4203 2469 4256 τρωσις,
2492 4188 2769 4258 ἐπήγαγεν
2789 4203 2801 4214 ·
2829 4186 2975 4252 Ἵνα,
3000 4186 3194 4252 καθὼς
3215 4183 3553 4256 γέγραπται,
3588 4184 3651 4237 Ὀ
3671 4201 3821 4237 καυ-

2232 4271 2518 4341 χώμενος,
2537 4270 2607 4324 ἐν
2636 4270 2828 4337 Κιιρίῳ
2854 4269 3201 4336 καυχάσθω.
3233 4269 3333 4322 Διὰ
3375 4267 3535 4322 τοῦτο
3560 4268 3654 4322 καὶ
3680 4285 3819 4337 σφο-

2232 4353 2374 4423 δρῶς
2396 4352 2702 4424 κατηνέχθη
2738 4352 2880 4406 κατὰ
2902 4352 3001 4421 τῆς
3022 4352 3130 4405 τῶν
3155 4349 3268 4423 [57]
3306 4351 3571 4421 Ἐλλήνων
3600 4351 3818 4419 σοφίας,

2235 4436 2321 4489 ἵνα
2342 4437 2517 4505 τούτῳ
2551 4433 2701 4505 αύτῷ
2727 4433 2753 4473 ά
2787 4434 2953 4507 πείσῃ
2983 4434 3111 4497 τοὺς
3139 4432 3486 4504 ἀνθρώπους,
3514 4433 3702 4505 ὥσπερ
3720 4429 3818 4487 οὖν

2235 4521 2330 4573 καὶ
2352 4520 2468 4573 ἐστι
2503 4518 2733 4581 δίκαιον,
2755 4518 2813 4569 ἐν
2842 4517 2960 4588 Θεῷ
2983 4517 3315 4586 καυχᾶσθαι.
3349 4517 3518 4571 Ὅταν
3547 4517 3653 4588 γάρ
3684 4518 3818 4586 παρ’

2235 4602 2446 4656 ἑαυτῶν
2478 4601 2545 4654 τά
2570 4600 2712 4670 ὑπὲρ
2733 4601 2961 4663 ἑαυτοὺς
2989 4600 3263 4670 ζητῶμεν,
3303 4599 3456 4653 οὐδὲν
3482 4599 3815 4671 μωρότερον,

2233 4685 2386 4739 οὐδὲν
2424 4683 2814 4754 ἀσθενέστερον
2836 4684 2995 4754 ἡμῶν
3026 4682 3256 4750 γίνεται.
3296 4682 3546 4736 Γλῶτταν
3577 4682 3674 4753 μὲν
3706 4681 3820 4753 γὰρ

2236 4768 2381 4839 ἔχειν
2404 4768 2773 4838 ήκονημένην,
2800 4764 3043 4831 δυνατὸν,
3078 4765 3326 4835 δόγματα
3349 4766 3405 4818 δὲ
3430 4766 3644 4837 ἰσχυρὰ,
3669 4766 3819 4835 ἀμή-

2236 4867 2398 4923 χανον
2419 4868 2431 4880 ’
2460 4849 2597 4903 ἀλλά
2621 4851 2733 4911 τοῖς
2762 4847 2871 4900 τῶν
2906 4847 3181 4918 ἀραχνίων
3211 4848 3533 4917 ὑφάσμασιν
3577 4848 3822 4901 ἐοίκασιν

2235 4936 2288 4988 οι
2322 4933 2575 5005 λογισμοὶ
2602 4930 2724 4986 καθ’
2759 4932 2988 4995 ἑαυτοὺς
3016 4932 3192 4994 ὄντες.
3223 4932 3317 4995 Εἰς
3343 4930 3501 4985 τοῦτο
3537 4931 3647 5004 γάρ
3676 4948 3824 4993 τινες

2239 5018 2564 5089 παρήλασαν
2596 5014 2831 5083 μανίας,
2876 5013 2952 5077 ὡς
3001 5015 3168 5085 μηδὲν
3209 5013 3411 5084 ἀληθὲς
3456 5010 3596 5068 εἶναι
3640 5013 3824 5083 λέγειν

2238 5101 2345 5153 τῶν
2379 5099 2571 5163 ὄντων,
2601 5097 2736 5152 ἀλλά
2770 5099 2950 5151 πάντα
2985 5096 3204 5150 ἐναντία
3249 5095 3679 5169 διῖσχυρίζεσθαι
3710 5097 3823 5149 τῶν

2239 5180 2600 5251 φαινομένων.
2622 5180 2805 5250 Μηδὲν
2836 5180 3014 5233 τοίνυν
3041 5181 3200 5251 εἴπῃς
3225 5180 3445 5245 σαυτοῦ,
3481 5179 3597 5235 ἀλλ’
3635 5182 3693 5233 ἐν
3714 5180 3825 5233 πᾶς

2243 5281 2326 5318 σιν
2355 5266 2412 5317 ἐν
2444 5265 2564 5334 Θεῷ
2589 5261 2777 5333 καυχῶ
2797 5278 2810 5292 ο
2848 5262 3039 5334 μηδενὶ
3061 5263 3336 5334 ἀνθρώπῳ
3367 5264 3419 5315 τί
3453 5280 3581 5317 ποτε
3607 5262 3821 5334 λογίσῃ.

2241 5348 2436 5419 Είγὰρ
2462 5343 2660 5417 Παύλῳ
2699 5346 2851 5399 οὐδὲν
2881 5346 2987 5418 χρὴ
3031 5345 3364 5414 λογίζεσθαι,
3403 5345 3582 5417 πολλῷ
3622 5345 3824 5417 μᾶλλον

2242 5431 2453 5502 ἑτέροις
2477 5445 2489 5457 ·
2543 5428 2691 5498 Ἐγὼ
2720 5429 2850 5499 γὰρ,
2877 5430 3065 5500 φησιν,
3119 5428 3448 5498 ἐφύτευσα,
3515 5430 3825 5495 Ἀπολλὼς

2241 5515 2546 5574 ἐπότισεν,
2578 5512 2716 5566 ἀλλ’
2740 5514 2771 5565 ό
2796 5512 2940 5578 Θεὸς
2959 5511 3244 5578 ηὔξανεν.
3277 5511 3334 5565 Ὁ
3355 5511 3540 5582 μαθὼν
3561 5514 3618 5565 ἐν
3634 5512 3825 5583 Κυρίῳ

2242 5598 2572 5668 καυχᾶσθαι,
2607 5593 2865 5648 οὐδέποτε
2895 5595 3302 5666 ἐπαρθήσεται,
3334 5596 3452 5650 ἀλλ’
3479 5597 3568 5650 ἀεὶ
3596 5598 3690 5650 καὶ
3721 5614 3824 5667 με-

2240 5682 2476 5751 τριάσει,
2512 5679 2608 5732 καὶ
2636 5681 2691 5731 ἐν
2724 5678 2890 5730 πᾶσιν
2922 5678 3075 5730 ἔσται
3106 5679 3450 5749 εὐχάριστος.
3488 5679 3627 5732 Ἀλλ’
3660 5679 3720 5731 οὐ
3754 5680 3827 5731 τά

2246 5765 2356 5817 τῶν
2399 5762 2666 5833 Ἐλλήνων
2704 5760 2949 5824 τοιαῦτα,
2996 5761 3132 5815 ἀλλά
3180 5763 3358 5816 πάντα
3397 5764 3612 5825 ἑαυτοῖς
3638 5763 3826 5815 ἀνατι-

2307 5949 2331 6008 ς
2384 5944 2565 6008 Locum
2598 5944 2853 6008 liliagum
2906 5958 3004 6006 ope
3054 5947 3236 6008 codicis
3291 5944 3432 6008 Regii
3497 5943 3825 6008 testimimus.

2241 6007 2392 6063 Edili,
2414 6007 2539 6053 ὥστε
2558 6003 2705 6053 αὐτοῦ
2731 6006 2847 6066 εἶναι
2869 6040 2883 6064 ,
2928 6003 3009 6054 καὶ
3043 6014 3128 6066 τῆς
3153 6003 3427 6062 οὖσιώσεῶς
3446 6005 3619 6066 τούτου
3642 6007 3721 6052 καὶ
3746 6008 3813 6053 πί-

2242 6086 2409 6179 στεὶιές.
2475 6068 2503 6106 ά
2528 6066 2602 6119 lla
2638 6064 2823 6131 Regius
2865 6069 3045 6118 codex.
3093 6064 3155 6121 In
3202 6066 3351 6118 editis
3387 6066 3464 6115 ἵνα
3506 6064 3648 6115 τοῦτο
3688 6066 3827 6128 αὐτὸ,

2250 6148 2327 6179 ma
2384 6166 2397 6179 .

2250 6148 2397 6184 male.
