2043 3210
150 130 181 159 u
679 120 712 149 IN
731 118 838 148 EPlS'l'.
860 118 870 146 l
901 117 947 146 Al)
965 117 1044 145 COR.
1065 117 1179 145 llOMlL.
1204 116 1234 145 ν.
1756 119 1791 147 ιε

149 199 208 219 coro
226 190 254 217 iu
276 191 414 223 conspectu
438 185 496 213 Dei.
512 182 605 213 Omnia
620 182 691 210 enim
706 182 776 209 Deus
790 180 850 208 ideo
864 179 938 211 facit,

149 239 189 273 (ιιι)
204 237 244 274 [ut
255 234 409 270 superbiam
432 238 460 261 et
483 231 660 266 arrogantiam
685 228 877 274 rcpI-imat,_nt
896 225 939 274 ja-

147 271 289 312 ctationem
317 280 393 307 tollat
409 288 415 306 :
430 284 458 306 et
480 285 528 305 vos
550 277 575 303 in
598 275 649 302 hoc
672 273 817 309 perstatis?
838 271 933 299 Omnia

155 328 239 364 facit],
255 332 283 353 ut
301 325 369 353 nihil
390 324 470 352 nobis
483 323 655 357 imputemus,
678 324 706 347 ut
720 318 810 364 omnia
823 317 939 364 Deoad-

147 362 294 402 scribamus
311 375 360 398 :et
383 378 432 397 vos
454 369 516 396 huic
538 371 566 395 et
590 367 626 393 illi
652 372 699 392 vos
722 362 884 391 addixistis?
906 362 940 389 Et

147 427 228 455 quam
241 418 344 446 veniam
357 413 572 449 consequimini?
583 412 649 440 Nam
664 410 782 439 ostendit
795 409 865 437 Deus
881 407 939 436 lieri

148 474 201 493 non
225 471 304 499 posse
323 468 350 489 ut
368 466 458 489 nostra
481 460 567 487 soluat
587 465 666 493 opera
678 457 790 484 salutem
803 463 933 490 assequa-

148 520 226 545 mur;
245 516 271 538 et
285 510 336 537 hoc
348 508 382 536 ab
399 507 476 535 initio
490 506 561 534 fecit.
582 505 674 539 Neque
698 503 771 531 enim
791 507 848 530 tum
863 507 939 537 pote-

148 562 209 585 rant
222 556 344 584 homines
359 562 406 590 per
418 561 447 582 se
460 552 571 586 servari,
590 551 637 578 sed
652 549 793 585 oportebat
806 549 937 577 obeuntes

146 604 205 631 caeli
220 601 454 638 pulchritudinem,
466 604 543 627 terra:
555 597 774 632 magnitudinem,
787 602 815 624 et
826 596 937 623 aliarum

146 655 329 678 creaturarum
343 654 454 682 corpus,
481 646 520 673 sic
537 644 632 673 adduci
647 644 680 671 ad
696 651 784 671 rerum
797 642 935 677 Opiﬁccm.

146 698 204 725 Hoc
218 704 299 731 porro
315 695 377 723 fecit
393 694 448 729 jam
462 697 524 721 ante
537 685 688 726 reprimens
701 690 815 717 futuram
830 689 938 723 sapien-

147 745 192 771 tia:
207 750 303 771 vanam
317 741 481 776 opinionem.
502 736 732 772 Quemadmodum
755 736 777 763 si
799 735 859 770 quis
881 742 937 761 ma-

144 794 247 828 gister,
273 799 333 819 cum
356 789 465 824 jusserit.
487 786 645 821 discipulum
668 784 743 818 sequi
768 790 936 818 quocumque

145 839 270 870 ducatur,
281 837 324 864 ubi
339 835 434 863 viderit
445 834 517 860 illum
532 831 679 866 pra:vcnire
694 834 720 856 et
736 830 802 856 velle
818 837 830 854 a
846 829 935 862 seipso

144 888 243 911 cuncta
270 882 392 913 discere,
419 879 509 906 siuens
531 877 606 904 illum
630 883 730 905 errare.
758 874 875 902 Osletltlil
904 873 935 899 il-

145 931 200 957 lum
228 936 281 955 non
307 927 357 954 sibi
382 925 507 953 sufficere
529 923 563 950 ad
587 922 778 957 disciplinam,
801 925 828 946 ct
861 925 923 946 tunc

144 985 205 1011 qua:
224 982 272 1002 sua
289 978 351 1000 sunt
364 972 463 1000 inducit
480 980 485 997 :
502 971 537 997 ita
552 974 578 997 ct
602 970 669 996 Deus
690 968 770 1003 jussit
793 967 868 993 initio
893 974 936 993 se—

142 1021 189 1056 qui
214 1028 261 1055 per
283 1027 370 1046 rerum
394 1021 542 1045 creatarum
565 1014 848 1049 comprehensionem;
872 1012 934 1046 quia

144 1074 209 1094 vero
232 1066 373 1093 noluerunt
387 1084 394 1094 ,
409 1071 470 1090 cum
483 1062 645 1096 experientia
661 1060 795 1086 docuisset
810 1058 868 1085 illos
882 1066 933 1084 non

142 1113 196 1140 sibi
210 1111 343 1143 sulticere,
358 1114 421 1136 tunc
438 1109 509 1143 ipsos
520 1107 552 1134 ad
567 1115 596 1133 se
615 1106 669 1132 alio
684 1105 764 1131 modo
777 1105 849 1130 ducit
865 1112 871 1130 ε
888 1111 934 1137 pro

142 1159 234 1187 tabula
254 1157 327 1185 dedit
345 1156 484 1183 mundum.
508 1154 600 1188 Neque
618 1152 643 1179 in
669 1152 709 1178 his
733 1151 853 1178 meditati
873 1154 935 1176 sunt

143 1204 306 1241 philosophi,
321 1210 406 1237 neque
418 1201 456 1228 illi
471 1200 580 1234 obsequi
598 1198 749 1228 voluerunt,
765 1204 852 1230 neque
867 1196 934 1222 hanc

141 1251 175 1279 ad
187 1251 274 1286 ipsum
292 1249 394 1284 ingredi
408 1248 486 1280 viam,
502 1254 580 1281 quam
596 1245 638 1272 ille
649 1244 774 1279 jusserat.
794 1244 878 1270 Aliam
891 1243 934 1270 ille

140 1297 247 1324 induxit
262 1296 330 1322 vialn
348 1294 438 1329 priore
451 1293 602 1323 clariorem,
626 1299 684 1325 qum
698 1290 871 1324 persuaderet
887 1289 934 1315 ho-

139 1335 241 1370 minem
255 1341 341 1368 solum
357 1348 410 1367 non
424 1339 474 1366 sibi
487 1338 535 1373 ipsi
551 1338 684 1366 sultieere.
702 1336 775 1362 Tunc
788 1336 857 1361 enim
875 1335 934 1361 llt'C-

139 1389 187 1416 bat
206 1387 345 1415 ratiocinia
360 1393 479 1416 movere,
504 1389 531 1411 et
547 1388 656 1410 externa
675 1382 710 1408 uti
727 1382 869 1415 sapientia,
887 1389 934 1414 per

139 1443 183 1462 res
194 1439 299 1462 creatas
313 1433 409 1460 ductos
423 1441 429 1458 ε
447 1439 517 1458 nunc
530 1435 618 1457 autem
632 1429 682 1455 nisi
697 1429 755 1462 quis
766 1428 862 1454 stultus
876 1429 931 1460 tiat,

137 1480 165 1508 id
179 1485 230 1510 est.
250 1479 301 1506 nisi
316 1485 396 1505 omne
411 1476 580 1504 ratiocinium
600 1480 627 1502 et
647 1481 753 1500 omnem
776 1473 932 1506 sapientiam

137 1530 254 1555 evacuct
265 1534 296 1553 ac
309 1524 370 1552 lidci
384 1532 413 1551 se
426 1524 522 1555 tradat,
536 1522 637 1549 servari
654 1521 753 1555 nequit.
768 1520 825 1547 Non
839 1528 931 1554 parum

138 1573 221 1608 igitur
235 1577 288 1604 est,
304 1570 375 1606 quod
389 1577 449 1596 cum
464 1569 533 1595 viam
548 1568 652 1594 facilem
674 1566 838 1595 reddiderit,
859 1573 931 1592 tuor-

138 1620 202 1646 hum
219 1625 326 1653 quoque
342 1616 403 1643 inde
417 1621 506 1642 ortum
520 1614 662 1644 cvulserit,
680 1619 705 1639 ut
722 1621 774 1639 non
785 1613 934 1647 glorientur

138 1665 263 1692 homines
278 1670 366 1698 neque
385 1663 468 1688 altum
483 1660 588 1695 sapiant
603 1668 610 1686 ;
628 1659 661 1687 Ut
678 1668 727 1685 mm
743 1659 866 1694 glorietur
880 1668 932 1685 ont-

138 1711 179 1736 nis
190 1717 263 1736 mro.
290 1708 358 1735 lliuc
377 1708 448 1735 enim
464 1711 599 1741 peceatum
622 1711 709 1732 ortum
730 1709 780 1737 est,
804 1705 873 1739 quod
888 1705 932 1731 Dei

139 1755 243 1790 legibus
257 1762 288 1782 se
301 1753 477 1788 sapientiores
499 1760 558 1779 eSsc
579 1751 783 1784 contenderim,
812 1751 933 1777 nolentes

139 1802 174 1828 ita
188 1801 296 1828 discere
306 1803 336 1826 ut
346 1799 389 1826 ille
403 1798 550 1825 constituit.
568 1797 710 1831 Propterea
726 1804 810 1830 neque
824 1796 862 1822 sic
876 1804 933 1821 om-

138 1846 204 1874 nino
214 1846 375 1872 didiccrunt.
388 1843 433 1872 Sic
447 1844 526 1871 etiam
541 1842 637 1869 factum
652 1847 694 1869 est
713 1842 746 1868 ab
762 1842 847 1868 initio.
864 1841 934 1868 Dixit

139 1892 256 1922 Adamo,
279 1890 336 1918 Hoc
351 1890 401 1922 l'ac,
418 1889 468 1916 hoc
483 1897 516 1916 nc
530 1888 636 1916 feceris.
654 1889 699 1915 Ille
710 1896 738 1915 se
754 1889 828 1922 plura
844 1896 934 1921 reper—

140 1943 231 1964 turum
250 1943 373 1971 sperans,
388 1935 553 1969 obseqttutns
568 1938 682 1965 nonest,
695 1934 803 1967 etquod
820 1933 933 1959 habebat

141 1982 268 2017 perdidit.
285 1982 355 2009 Dixit
368 1982 400 2008 iis
422 1981 466 2015 qui
487 1984 577 2015 postea
601 1980 686 2012 luere,
710 1980 747 2006 Nc
764 1980 789 2006 iu
806 1987 834 2006 re
845 1984 933 2006 creata

140 2029 291 2061 consistite,
312 2027 359 2055 sed
382 2035 429 2062 per
442 2027 513 2054 illam
533 2027 686 2054 Creatorem
703 2026 931 2059 contemplamini.

141 2075 181 2103 Illi
201 2079 304 2107 autem,
318 2074 393 2110 quasi
406 2074 469 2109 quid
490 2073 568 2100 dictis
584 2074 732 2108 sapientius
749 2074 911 2100 invenissent
925 2094 932 2103 ,

141 2122 300 2148 innumeros
313 2124 452 2147 uinxerunt
466 2119 641 2154 labyrinthos.
658 2120 829 2153 Quapropter
845 2123 871 2145 et
886 2128 931 2146 sc-

141 2177 202 2196 cum
217 2173 245 2195 et
259 2168 328 2195 inter
340 2175 370 2194 sc
382 2173 474 2193 mutuo
486 2166 673 2198 conﬂixerunt,
696 2173 727 2192 ac
745 2173 830 2199 neque
851 2166 933 2192 Deum

142 2214 314 2246 invenerunt,
329 2220 414 2247 neque
426 2212 459 2239 de
474 2219 502 2239 re
518 2216 609 2239 creata
625 2211 687 2245 quid
701 2210 775 2238 ciare
791 2217 933 2243 noverunt,

143 2264 443 2295 nequecongrnentem
466 2263 493 2285 ct
513 2266 603 2285 veram
619 2258 688 2284 circa
708 2266 766 2284 eam
781 2258 934 2291 opinionem

142 2305 305 2333 habuerunt.
320 2304 382 2331 Ideo
395 2312 501 2331 rursum
514 2311 608 2338 magna
621 2304 646 2329 vi
659 2304 764 2330 illorum
781 2304 934 2337 opinionem

141 2351 293 2383 decutiens,
305 2350 424 2378 indoctos
432 2350 546 2385 primum
560 2350 671 2381 induxit,
685 2350 829 2377 ostendens
843 2358 936 2377 (unnes

143 2404 262 2432 superna
273 2395 404 2431 sapientia
416 2403 484 2430 opus
499 2395 607 2423 habere.
632 2395 724 2429 Neque
747 2396 826 2422 tnodo
847 2397 871 2422 in
888 2405 935 2422 (‘0-

143 2442 273 2479 gnitionis
294 2442 408 2474 ratione,
432 2441 479 2469 sed
500 2446 527 2469 et
548 2441 575 2469 in
600 2442 660 2468 aliis
675 2442 798 2468 omnibus
815 2442 936 2469 homines

142 2495 172 2517 et
198 2495 294 2516 omnes
323 2496 367 2516 res
393 2493 497 2516 creatas
528 2488 639 2515 omnino
672 2495 739 2522 opus
772 2488 870 2515 habere
896 2489 936 2515 sui

142 2535 296 2566 voluit.ut
322 2534 465 2562 maximam
491 2533 603 2561 haberet
626 2534 794 2560 occasionem
820 2539 847 2561 et
872 2535 936 2561 sub-

140 2580 269 2616 iectionis
282 2585 310 2608 et
321 2579 543 2612 necessitudinis,
567 2587 600 2606 ne
620 2587 680 2614 qua:
704 2580 847 2612 resilircut,
874 2588 935 2615 pcr-

142 2629 215 2656 ilent
231 2628 253 2654 ι.
273 2627 389 2662 ldeuque
408 2633 461 2654 non
484 2626 604 2661 permisit
622 2631 650 2653 ut
669 2626 718 2653 sibi
735 2627 799 2661 ipsis
813 2627 878 2653 satis
894 2634 937 2653 cs-

161 2738 184 2774 _‘
201 2737 271 2768 Haec.
281 2744 311 2764 ne
325 2743 383 2770 grta!
400 2735 530 2767 resilirent,
544 2736 736 2770 perirent,savil.
751 2737 830 2768 posuit
842 2738 866 2762 in
877 2744 938 2762 mar-

159 2775 210 2794 ιιε.

159 2776 210 2794 ue.

140 2776 158 2801 ⁸
173 2810 210 2842 (tt)
219 2814 278 2840 Qua
289 2811 388 2836 ultoinns
398 2808 555 2842 clauduntur,
568 2809 593 2833 in
605 2808 714 2842 margine
727 2809 809 2834 ferunt
819 2810 899 2835 Menti“.
914 2814 939 2835 ct

139 2840 204 2868 util
221 2842 342 2875 nobisque
353 2843 381 2867 in
393 2843 492 2866 textum
501 2840 612 2871 recipere
625 2840 702 2864 visum
714 2844 760 2866 cst.

995 181 1065 205 sent.
1081 177 1146 204 Nam
1162 177 1184 205 si
1200 184 1271 205 nunc
1295 177 1375 205 etiam
1399 177 1476 205 multi
1496 185 1557 206 eum
1573 185 1640 213 opus
1662 177 1788 212 habeant,

994 222 1162 258 despiciunt;
1179 223 1229 250 nisi
1251 223 1303 251 hoc
1324 223 1429 254 fuisset.
1457 232 1510 259 quo
1530 224 1663 259 superbiae
1678 232 1730 252 non
1745 232 1790 253 as-

993 268 1168 296 cendissent?
1182 272 1272 303 Itaque
1288 273 1387 296 tantam
1401 269 1492 304 gloria:
1507 270 1724 301 ostentationem.
1735 278 1788 297 non

993 320 1027 340 ex
1051 313 1150 341 invidia
1175 314 1220 342 ille
1241 314 1367 347 sustulit,
1390 315 1437 342 sed
1455 320 1483 342 ιιι
1502 316 1652 343 retraheret
1673 316 1733 344 illos
1754 324 1786 344 ex

993 360 1111 395 pernicie
1126 360 1188 388 inde
1210 365 1296 396 parta.
1324 361 1367 388 50.
1388 361 1427 388 Ea:
1448 361 1503 394 ipso
1526 367 1611 389 autem
1626 370 1669 390 vos
1686 368 1746 390 estis
1761 363 1788 390 in

993 406 1094 433 Clu-isto
1110 406 1184 439 Jcsu,
1207 408 1251 440 qui
1275 407 1358 441 factus
1380 412 1417 435 est
1436 408 1507 434 nobis
1522 409 1646 444 sapientia
1659 417 1675 436 ιι
1686 408 1749 443 Deo,
1763 417 1787 437 ιι

987 452 1091 487 justitia
1111 457 1134 479 et
1147 453 1316 487 sanctiﬁcatio
1336 458 1360 481 et
1382 453 1533 489 redemptio.
1557 454 1635 488 Illud,
1660 455 1702 483 E1:
1716 456 1783 491 ipso,

992 504 1045 523 non
1059 496 1093 524 de
1109 497 1283 531 productione
1296 498 1329 526 ad
1345 499 1489 526 essentiam
1505 501 1592 533 ipsum
1607 500 1696 528 dicere
1709 506 1784 536 puto,

991 543 1039 570 sed
1053 543 1087 571 de
1101 544 1171 577 tide;
1187 544 1214 572 id
1228 549 1287 579 est,
1304 544 1373 572 lilios
1388 546 1433 572 Dei
1448 545 1504 574 lieri
1519 546 1594 579 dicit,
1609 555 1661 574 non
1675 555 1707 574 ex
1723 555 1786 574 san-

990 591 1116 625 guinibus
1130 599 1217 626 neque
1230 599 1263 619 ex
1274 592 1412 620 voluntate
1432 593 1531 631 carnis.
1560 592 1599 620 Ne
1625 594 1785 622 existimetis

990 644 1064 672 ergo,
1082 641 1222 672 postquam
1238 646 1252 664 a
1267 637 1428 673 gloriatione
1443 646 1492 666 nos
1507 644 1654 670 exemerat,
1673 640 1713 667 sic
1738 648 1784 668 re-

990 682 1101 716 liquisse
1124 683 1226 710 :aliam
1249 683 1321 710 enim
1345 683 1475 718 majorem
1498 684 1571 711 dedit
1585 685 1783 719 gloriationem.

992 728 1020 755 In
1046 733 1193 763 conspectu
1219 729 1291 756 enim
1314 730 1373 765 ejus
1393 738 1446 757 non
1468 735 1575 765 oportet
1588 731 1705 765 gloriari.
1723 731 1783 761 Filii

990 775 1048 808 ejus
1061 775 1137 807 estis,
1154 775 1204 802 hoc
1219 775 1280 802 {deli
1297 783 1344 810 per
1359 775 1505 803 Christum.
1531 776 1563 803 Et
1583 781 1723 811 postquam
1740 776 1781 803 di-

990 822 1037 853 xit,
1055 821 1139 848 Slulta
1153 822 1241 848 mundi
1254 822 1327 857 elegit
1341 827 1363 848 et
1376 822 1506 857 ignobilia,
1521 822 1637 849 ostendit
1651 822 1711 849 illos
1722 830 1783 849 esse

990 868 1107 894 onmium
1128 868 1289 900 nobiliores,
1311 868 1354 903 qui
1372 868 1453 895 Deum
1471 874 1571 902 patrem
1589 868 1712 895 habeant.
1730 868 1784 895 llu-

987 912 1030 946 jus
1048 920 1127 946 porro
1147 914 1293 940 nobilitatis
1316 921 1368 941 non
1389 913 1433 941 hic
1460 914 1499 941 vel
1514 914 1569 946 ille,
1591 914 1638 941 sed
1662 914 1783 941 Christus

989 958 1063 984 vobis
1083 966 1161 985 causa
1183 964 1233 991 est,
1257 960 1301 993 qui
1319 967 1366 985 nos
1382 959 1517 993 sapientes
1533 959 1593 986 l'ecit
1612 965 1638 985 et
1652 960 1741 993 justos
1755 965 1782 986 et

988 1009 1111 1035 sanctos;
1130 1004 1179 1030 hoc
1195 1005 1265 1031 enim
1282 1004 1414 1039 siguilieat
1431 1005 1493 1031 illud
1505 1026 1511 1037 ,
1541 1004 1636 1031 l4‘actus
1654 1010 1689 1031 est
1712 1005 1783 1032 nobis

988 1050 1119 1083 sapientia.

1024 1096 1049 1122 5.
1071 1096 1135 1129 Quis
1147 1104 1209 1130 ergo
1221 1096 1297 1122 nobis
1315 1096 1557 1130 sapientiorluerit,
1573 1097 1616 1131 qui
1628 1106 1678 1123 nou
1692 1097 1782 1124 Plato—

988 1144 1040 1176 nis,
1050 1145 1095 1170 sed
1105 1144 1240 1171 Christum
1254 1145 1339 1178 ipsum
1352 1145 1508 1178 Sapientiam
1522 1145 1662 1178 habemus,
1679 1146 1731 1173 Deo
1748 1147 1781 1173 ita

988 1191 1115 1217 volente?
1129 1191 1192 1225 quid
1216 1197 1256 1218 est
1272 1197 1359 1218 autem
1375 1192 1450 1224 illud,
1476 1193 1497 1218 Α
1514 1192 1588 1219 Deo?
1601 1192 1667 1220 Cum
1688 1202 1781 1228 magna

987 1236 1098 1263 dixisset
1111 1237 1143 1264 de
1155 1237 1306 1271 Unigt-nito,
1324 1242 1385 1264 tunc
1399 1237 1471 1264 addit
1483 1238 1597 1268 Patrem.
1613 1247 1645 1264 ne
1658 1239 1717 1272 quis
1732 1247 1765 1273 pu
1775 1256 1782 1259 -

987 1288 1054 1310 taret
1068 1284 1213 1318 ingenitum
1229 1284 1322 1310 Filium
1337 1292 1406 1311 esse.
1422 1284 1487 1310 Cum
1508 1292 1572 1318 ergo
1590 1285 1704 1311 di\issct
1719 1294 1780 1312 emo

988 1335 1058 1357 tanta
1071 1330 1199 1364 potuisse,
1211 1330 1290 1357 etiam
1305 1335 1388 1356 totum
1407 1330 1497 1356 tribuit
1512 1331 1539 1356 Fi
1553 1331 1588 1362 io,
1603 1331 1694 1357 Ilitii‘llh
1707 1332 1779 1357 illum

986 1376 1142 1410 sapientiam
1158 1376 1234 1402 nobis
1249 1376 1345 1402 factum
1359 1377 1450 1407 fni~st‘,
1464 1382 1486 1402 et
1503 1377 1629 1409 iustitiam
1644 1383 1668 1403 et
1681 1378 1779 1403 sancti~

987 1422 1135 1449 licationem
1147 1427 1173 1448 et
1183 1422 1404 1455 redemptionem.
1422 1422 1470 1449 l’er
1487 1423 1514 1448 l7i
1528 1423 1580 1448 ium
1594 1431 1683 1449 rursus
1697 1428 1780 1449 totum

986 1468 1133 1495 :ttlribucns
1147 1468 1217 1494 Patri
1232 1468 1296 1494 dixit
1309 1488 1315 1499 ,
1344 1469 1362 1493 Λ
1381 1468 1442 1494 Deo.
1459 1469 1513 1495 (Zur
1528 1474 1614 1495 autem
1633 1477 1684 1494 non
1701 1469 1777 1501 dixit,

986 1515 1062 1542 Fer-it
1081 1523 1128 1541 nos
1142 1514 1288 1548 sapientes.
1305 1514 1351 1541 Sed
1362 1535 1368 1546 ,
1387 1514 1479 1540 Fartus
1499 1520 1534 1541 es!
1547 1515 1617 1541 nobis
1636 1516 1780 1549 sapientia?

990 1560 1052 1587 doni
1069 1560 1212 1587 ostendens
1226 1560 1428 1591 almndantiam,
1447 1569 1477 1587 ac
1492 1560 1514 1587 si
1530 1561 1640 1592 diceret,
1658 1561 1780 1596 Scipsutu

987 1607 1062 1633 nobis
1077 1606 1160 1633 dedit.
1187 1606 1219 1632 Et
1235 1606 1295 1632 vide
1313 1606 1448 1640 quomodo
1465 1606 1601 1641 procedat.
1620 1607 1696 1634 l'rius
1710 1608 1780 1634 cuitu

986 1660 1034 1679 nos
1049 1652 1181 1687 sapientes
1198 1652 1259 1679 fecit
1282 1660 1341 1678 cum
1357 1653 1389 1678 ab
1402 1660 1493 1679 errore
1514 1653 1646 1683 liberatit,
1672 1658 1698 1680 ct
1715 1658 1777 1679 lune

984 1700 1070 1733 justus
1084 1704 1110 1726 et
1120 1703 1237 1730 sanctos,
1255 1698 1384 1733 Spiritum
1395 1699 1513 1733 largitus,
1527 1703 1553 1725 ct
1567 1699 1605 1726 sic
1617 1707 1687 1725 uosa
1705 1699 1781 1726 malis

986 1746 1110 1773 onmibus
1126 1745 1257 1777 liberavit,
1273 1746 1308 1771 ita
1323 1751 1352 1771 ut
1365 1745 1446 1779 ipsius
1462 1745 1557 1777 sintus,
1571 1753 1622 1771 non
1638 1753 1685 1779 per
1699 1746 1781 1780 ipsius

986 1791 1140 1823 essentiam,
1158 1790 1204 1817 sed
1223 1798 1269 1824 per
1284 1790 1373 1817 lident.
1391 1790 1459 1816 Alilni
1475 1790 1636 1824 pnt‘t'OtllI'll,
1649 1791 1718 1824 quod
1733 1800 1779 1818 nos

987 1837 1047 1863 l'acli
1063 1837 1147 1863 simus
1160 1836 1263 1870 justitia
1280 1836 1304 1862 in
1318 1836 1375 1870 ipso
1390 1845 1395 1861 :
1412 1836 1486 1869 Eum,
1501 1837 1542 1869 qui
1556 1845 1605 1862 non
1620 1838 1686 1863 novit
1699 1846 1782 1871 percn-

987 1887 1049 1914 tttm,
1065 1887 1194 1914 percolunt
1210 1890 1255 1916 pro
1277 1882 1347 1908 nobis
1360 1882 1417 1915 [erit
1428 1903 1434 1914 ,
1450 1888 1476 1909 ut
1493 1891 1537 1908 nos
1553 1884 1670 1916 ﬁt'l't‘tlllls
1681 1884 1782 1918 justitia

989 1929 1033 1955 llei
1046 1929 1072 1955 in
1083 1929 1138 1963 ipso
1166 1928 1202 1963 (2.
1218 1927 1278 1954 Cor.
1292 1928 1319 1954 5.
1331 1929 1396 1962 21);
1424 1936 1494 1955 nunc
1507 1934 1595 1955 autem
1620 1930 1684 1956 dicit
1704 1930 1778 1956 illum

987 1974 1064 2001 nobis
1078 1974 1176 2001 factum
1190 1974 1423 2007 luisscjustitimn,
1438 1975 1472 2000 ita
1483 1979 1510 2000 ut
1520 1975 1620 2002 volenti
1633 1975 1710 2002 liceat
1724 1975 1782 2008 ejus

987 2019 1091 2047 abunde
1101 2023 1252 2046 consortem
1267 2026 1338 2045 esse.
1352 2018 1409 2045 Non
1423 2019 1493 2045 enim
1507 2019 1550 2046 hic
1565 2020 1604 2046 vel
1617 2020 1660 2047 ille
1671 2020 1779 2054 sapien-

989 2071 1027 2092 tes
1044 2064 1114 2097 fecit,
1127 2064 1172 2091 sed
1186 2064 1317 2091 Christus.
1331 2064 1381 2096 Qui
1397 2072 1459 2098 ergo
1473 2064 1612 2099 gloriatur,
1626 2065 1651 2092 in
1665 2066 1712 2092 illo
1725 2066 1782 2100 glo-

988 2112 1081 2141 rietur,
1098 2118 1151 2137 non
1167 2110 1193 2136 in
1206 2110 1259 2136 alio
1273 2117 1278 2135 :
1293 2117 1306 2135 a
1318 2109 1427 2136 Christo
1438 2111 1527 2136 omnia
1546 2110 1612 2137 facta
1629 2116 1700 2137 sunt.
1718 2112 1782 2139 Ideo

987 2166 1047 2185 cum
1062 2157 1173 2184 dixisset
1186 2178 1192 2189 ,
1210 2157 1259 2189 Qui
1273 2156 1355 2190 factus
1371 2161 1406 2182 est
1419 2156 1488 2182 nobis
1500 2157 1624 2191 sapientia
1638 2162 1661 2183 rt
1680 2158 1782 2192 juslilia

989 2210 1010 2232 ct
1019 2204 1185 2238 sanctiﬁcatio
1196 2209 1218 2230 et
1231 2203 1379 2235 redemptio,
1390 2203 1542 2236 subiunxit:
1556 2204 1585 2229 5|
1595 2203 1649 2235 .Ul,
1661 2206 1784 2238 quemad-

990 2251 1092 2277 modum
1103 2250 1223 2284 scriptum
1233 2254 1278 2281 est,
1291 2249 1340 2281 Qui
1355 2249 1489 2284 gloriatur,
1499 2249 1525 2274 in
1541 2248 1649 2275 Domino
1660 2249 1782 2284 glorietur

991 2297 1058 2332 (Jer.
1082 2296 1108 2323 9.
1123 2295 1181 2330 25).
1197 2296 1341 2329 Propterea
1360 2293 1440 2321 etiam
1458 2294 1535 2321 valde
1558 2294 1678 2321 iuvevtus
1702 2300 1742 2322 est
1758 2296 1783 2322 in

990 2343 1148 2378 sapientiam
1162 2342 1333 2372 Griecorum;
1351 2345 1379 2367 ut
1393 2340 1444 2367 hoc
1457 2339 1513 2374 ipso
1529 2340 1688 2374 persuadeat
1703 2342 1782 2368 hom}

991 2389 1079 2420 nibus,
1097 2392 1125 2414 ut
1139 2387 1218 2414 etiam
1233 2385 1333 2420 justum
1348 2389 1398 2418 est,
1415 2391 1443 2412 ut
1458 2384 1483 2412 in
1497 2386 1610 2413 Domino
1625 2386 1785 2420 glorientur.

990 2435 1057 2462 Nam
1071 2441 1131 2461 cum
1143 2441 1157 2460 a
1171 2432 1248 2460 nobis
1263 2432 1329 2467 ipsis
1346 2440 1405 2467 qua:
1416 2440 1465 2460 nos
1478 2438 1606 2467 superant
1627 2434 1784 2468 qumrimtu,

991 2481 1055 2507 nihil
1079 2484 1122 2506 est
1144 2479 1221 2506 nobis
1236 2480 1343 2505 stultius
1356 2499 1363 2511 ,
1380 2478 1445 2506 nihil
1470 2479 1639 2507 imbecillius.
1655 2480 1785 2515 Linguam

991 2527 1061 2553 enim
1077 2530 1181 2552 acutam
1197 2525 1295 2551 habere
1307 2531 1464 2558 possumus;
1477 2525 1600 2559 dogmata
1613 2533 1676 2552 vero
1689 2526 1786 2558 Solida,

992 2581 1044 2600 non
1059 2573 1140 2603 item;
1157 2572 1203 2598 sed
1214 2580 1373 2598 aranearum
1389 2571 1448 2598 telis
1462 2580 1507 2605 per
1515 2580 1545 2599 se
1558 2572 1654 2599 similia
1671 2577 1734 2599 sunt
1747 2581 1789 2600 ra-

993 2617 1110 2645 tiocinia.
1136 2618 1175 2644 Eo
1188 2616 1258 2644 enim
1274 2617 1383 2651 quidam
1399 2623 1587 2651 processerant
1601 2619 1735 2649 amentia‘.
1761 2624 1789 2646 ut

992 2673 1084 2692 eormn
1099 2673 1156 2699 qua:
1171 2669 1234 2690 sunt
1249 2663 1315 2690 nihil
1330 2671 1422 2692 verum
1438 2671 1499 2690 esse
1521 2664 1643 2691 dicerent
1657 2685 1663 2695 ,
1678 2667 1725 2691 sed
1741 2664 1786 2697 iis,

992 2718 1052 2744 qua:
1078 2714 1249 2744 apparerent,
1266 2709 1356 2736 omnia
1383 2709 1516 2735 contraria
1537 2717 1597 2736 esse
1613 2710 1789 2737 allirmarcut.

993 2755 1063 2782 Nihil
1079 2763 1142 2790 ergo
1156 2759 1228 2781 tuum
1243 2762 1302 2781 CSsc
1318 2754 1418 2781 dixeris
1428 2775 1434 2785 ,
1451 2754 1496 2781 sed
1513 2754 1539 2780 in
1554 2754 1678 2781 omnibus
1691 2755 1718 2781 in
1732 2754 1788 2781 Deo

993 2800 1134 2835 glorieris“,
1151 2799 1217 2826 nulli
1241 2799 1343 2826 homini
1357 2799 1457 2833 aliquid
1483 2807 1607 2833 umquam
1632 2799 1742 2826 tribuas.
1760 2799 1790 2826 Si

994 2846 1067 2874 enim
1085 2846 1167 2874 Paulo
1179 2845 1245 2874 nihil
1259 2851 1298 2874 est
1313 2846 1524 2879 attribuendum,
1541 2846 1624 2873 multo
1640 2844 1726 2880 magis
1739 2853 1791 2872 etn-
