4086 6444
479 284 548 338 43
1257 277 1312 334 S.
1354 275 1628 333 JOANNIS
1665 269 2141 330 CHRYSOSTOMI
2185 272 2495 328 ARCIIIEP.
2537 273 3069 330 CONSTANTINOP.
3685 279 3760 334 44

479 404 608 458 leris
641 418 653 454 τ
688 417 718 454 n
742 416 806 454 'tn
835 398 900 451 ait
937 396 1047 459 ille,
1102 392 1205 464 ligo
1230 391 1475 461 plantacf,
1501 388 1680 457 Apollo
1702 386 1902 455 rigavit,
1931 383 2064 437 [Irus

481 505 651 548 autem
680 494 1036 544 incrementum
1063 485 1200 538 dedit
1227 483 1302 552 (l.
1337 479 1454 534 Cor.
1486 481 1538 534 5.
1565 480 1642 547 6).
1671 477 1771 544 Qui
1795 474 1978 529 didicit
2013 474 2064 526 iIt

482 582 713 640 Domino
742 578 959 651 gloriari
982 618 997 643 ,
1024 587 1309 644 numquam
1342 585 1460 624 sese
1485 569 1670 623 efferet
1689 607 1704 634 ,
1735 566 1827 620 sed
1856 579 2068 633 semper

481 675 725 732 modeste
749 684 891 744 aget,
919 681 972 727 et
1003 669 1056 724 in
1103 667 1350 722 omnibus
1374 673 1557 734 gratus
1595 662 1713 715 erit.
1747 661 1852 714 Res
1888 668 2066 711 autem

481 769 794 823 Graecorum
827 779 932 818 non
966 769 1092 816 sunt
1141 755 1443 826 huiusmodi
1470 795 1484 818 ,
1529 751 1624 808 sed
1656 754 1833 805 omnia
1862 749 1935 803 illi
1967 748 2068 803 sibi

481 860 812 914 adscribunt.
848 854 1075 921 Ideoque
1103 866 1164 905 ex
1196 847 1498 902 hominibus
1522 845 1654 898 deos
1682 842 1908 904 faciunt;
1937 840 2071 894 adeo

485 950 608 1004 illos
632 946 926 1014 arrogantia
950 938 1330 1010 pessumdedit.
1357 937 1578 990 Demum
1601 933 1730 986 hora
1759 938 1841 986 est
1869 939 1921 982 ut
1949 943 2070 981 cum

485 1041 592 1096 illis
620 1047 1016 1094 concertemns.
1050 1032 1151 1089 Ubi
1183 1045 1311 1100 ergo
1335 1029 1423 1084 die
1463 1025 1726 1097 superiori
1771 1022 2070 1077 orationem

485 1127 838 1200 reliquimus?
864 1125 1199 1186 Dicebamus,
1227 1137 1330 1175 non
1357 1133 1513 1189 posse
1539 1132 1604 1170 ex
1637 1116 1864 1168 humana
1885 1125 2072 1166 conse-

486 1220 702 1293 quentia
723 1215 1072 1288 philosophos
1101 1230 1128 1268 a
1162 1209 1517 1282 piscatoribus
1537 1203 1779 1276 superari
1804 1222 1817 1258 :
1841 1213 2072 1256 attamen

489 1291 605 1367 fieri
634 1309 836 1381 potuit;
877 1306 1018 1360 unde
1046 1305 1220 1374 palam
1249 1309 1332 1356 est
1357 1341 1372 1364 ,
1403 1298 1454 1353 id
1503 1312 1598 1368 per
1624 1297 1847 1366 gratiam
1880 1291 2076 1346 factum

488 1379 981 1459 csseilﬁcebEnns
1008 1395 1122 1450 fieri
1155 1409 1258 1448 non
1284 1405 1444 1463 posse
1465 1431 1482 1456 ,
1513 1397 1570 1442 nt
1599 1395 1676 1441 tot
1704 1394 1759 1440 et
1807 1394 1912 1439 tam
1945 1398 2080 1453 pra:-

489 1497 633 1550 clara
661 1503 808 1565 gesta
831 1491 914 1545 vel
945 1488 1240 1558 cogitarent
1262 1483 1476 1554 quidem
1512 1496 1527 1545 ;
1556 1487 1611 1534 et
1638 1475 1974 1532 ostendimus
2009 1473 2078 1526 il-

493 1589 575 1643 los
599 1602 702 1641 non
735 1583 894 1638 modo
919 1582 1204 1651 cogitasse,
1230 1575 1326 1633 sed
1356 1574 1518 1631 etiam
1549 1587 1668 1627 cum
1695 1583 1886 1640 magna
1911 1566 2080 1621 facili-

495 1689 602 1734 tate
630 1677 695 1731 ad
726 1676 884 1730 finem
908 1671 1241 1742 perduxisse.

573 1769 656 1823 Ea:
685 1767 848 1837 gratia
876 1765 1045 1817 divina
1088 1758 1305 1830 apostoli
1351 1755 1521 1811 orbem
1547 1760 1912 1808 converterunt.
1938 1779 2005 1789 —
2027 1747 2083 1802 In

498 1863 602 1915 hoc
626 1860 742 1929 ipso
774 1855 932 1910 hodie
957 1851 1214 1908 orationis
1234 1848 1410 1918 capite
1438 1861 1533 1900 nos
1555 1843 1960 1900 exereebimus:
1989 1855 2087 1892 un-

497 1955 691 2005 denam
723 1949 828 2002 illis
870 1944 1079 2000 venerit
1110 1943 1162 1996 in
1194 1948 1453 2004 mentem,
1482 1945 1543 1992 ut
1569 1943 1854 2005 sperarent
1902 1946 1961 1985 se
2002 1938 2084 1983 to-

500 2060 612 2100 tum
635 2043 816 2098 orbem
843 2049 998 2095 terra:
1023 2051 1178 2108 posse
1198 2035 1435 2096 vincere,
1462 2031 1508 2086 si
1532 2045 1636 2083 non
1661 2027 1916 2081 vidissent
1933 2021 2088 2077 Chri-

501 2147 642 2193 stum
672 2131 1054 2190 resurrexisse.
1095 2127 1232 2183 Num
1263 2125 1314 2179 in
1347 2122 1544 2178 mentis
1570 2133 1792 2175 excessu
1819 2115 2086 2186 quidpiam

503 2229 608 2282 tale
657 2223 1051 2281 inconsiderate
1106 2227 1161 2274 et
1207 2227 1412 2271 temere
1463 2207 1798 2282 cogitarunt?
1860 2207 2088 2261 Omnem

503 2319 701 2387 quippe
743 2313 1030 2368 amentiam
1066 2315 1305 2378 supcrat,
1336 2305 1536 2373 absque
1567 2301 1657 2354 Dei
1691 2297 1856 2370 gratia
1889 2304 2088 2350 tantam

505 2385 618 2464 rem
640 2385 833 2476 perlici
866 2416 1021 2473 posse
1051 2413 1289 2470 sperare.
1344 2392 1625 2462 Quomodo
1655 2392 1754 2444 hoe
1790 2385 2094 2443 effecissent

506 2500 834 2557 insanientes
860 2506 913 2550 et
936 2495 986 2547 in
1017 2490 1212 2547 mentis
1236 2485 1494 2542 excessu?
1516 2484 1609 2539 Siti
1631 2496 1757 2535 vero
1773 2495 1915 2534 sana:
1943 2491 2094 2530 men-

513 2595 580 2646 lis
609 2597 784 2651 erant,
817 2597 875 2641 ut
896 2595 950 2640 et
972 2598 1059 2638 res
1088 2585 1216 2651 ipsa:
1247 2579 1496 2649 probant,
1526 2573 1794 2645 quomodo
1822 2584 1927 2624 non
1949 2581 2096 2622 acce-

511 2685 616 2753 ptis
636 2697 702 2737 ex
728 2679 862 2734 carlo
887 2675 989 2730 [ide
1010 2673 1184 2744 dignis
1201 2669 1536 2742 pignoribus,
1561 2680 1660 2720 nec
1683 2675 1972 2732 supernam
2000 2657 2094 2712 ad-

513 2775 624 2843 epti
649 2773 894 2844 gratiam,
913 2767 1027 2823 ausi
1055 2774 1239 2821 essent
1257 2763 1322 2817 ad
1351 2771 1494 2815 tanta
1517 2759 1664 2814 exire.
1690 2755 1848 2821 bella,
1872 2754 1924 2808 in
1951 2763 2094 2806 terra

512 2877 568 2919 et
592 2843 668 2920 in,
695 2862 830 2917 mari
861 2855 1222 2927 suscipienda,
1254 2864 1310 2908 et
1335 2853 1400 2906 ad
1427 2849 1714 2907 mutandos
1758 2846 1920 2901 totius
1949 2843 2099 2896 orbis

517 2970 716 3020 nonres,
759 2961 908 3006 tanto
937 2959 1178 3018 tempore
1203 2944 1550 3000 conﬁrmatos
1569 2981 1584 3007 ,
1618 2937 1862 2994 homines
1893 2933 2098 2988 duode-

513 3051 620 3105 cim
643 3062 700 3102 se
725 3045 1007 3113 accingere
1035 3051 1090 3095 et
1119 3039 1190 3094 ita
1218 3037 1427 3092 fortiter
1455 3032 1639 3090 stare?
1669 3031 1737 3087 Et
1764 3028 1904 3099 quod
1931 3026 2100 3094 majus

515 3148 633 3205 est,
684 3137 750 3191 ad
797 3135 988 3190 caelum
1035 3139 1288 3185 vocantes
1333 3137 1386 3182 et
1426 3139 1685 3195 supernas
1717 3119 2098 3182 habitationes,

515 3229 658 3282 unde
688 3225 1073 3295 exspectabant
1101 3237 1159 3276 se
1188 3219 1522 3274 auiitoribus
1564 3225 1914 3286 persuasuros
1940 3207 2102 3264 esse?

521 3323 583 3374 lit
612 3317 656 3372 si
685 3316 899 3387 quidem
927 3313 1152 3368 fuissent
1181 3309 1392 3366 educati
1415 3308 1468 3362 in
1499 3305 1665 3377 gloria
1685 3345 1699 3368 ,
1732 3301 1946 3372 Opibus,
2001 3313 2098 3368 ρος

520 3411 686 3465 tentia
712 3418 766 3463 et
790 3405 1111 3470 eruditione,
1143 3418 1210 3456 ne
1235 3401 1312 3456 sic
1338 3399 1551 3470 quidem
1584 3395 1650 3451 ad
1675 3404 1876 3449 tantam
1907 3391 2102 3445 molem

518 3518 698 3558 rerum
723 3516 781 3555 se
807 3499 1065 3554 extollc-re
1095 3510 1256 3566 posse
1279 3493 1601 3547 videbantur
1625 3506 1639 3554 ;
1667 3485 1761 3551 sed
1801 3497 1978 3539 tamen
2007 3481 2106 3535 ali-

517 3611 622 3664 qua
652 3592 857 3647 ratione
900 3589 1161 3659 potuisset
1201 3581 1509 3655 exspectari
1537 3597 1552 3633 :
1584 3593 1726 3633 nunc
1757 3594 1883 3632 vero
1913 3573 2004 3628 alii
2050 3572 2106 3625 in

521 3685 743 3739 lacubus
768 3723 782 3746 ,
811 3681 903 3735 alii
931 3682 982 3734 in
1016 3677 1245 3750 pellibus
1275 3673 1647 3736 versabantur,
1680 3669 1771 3724 alii
1797 3668 1850 3722 in
1881 3664 2103 3720 telonio.

522 3774 664 3829 Nihil
691 3782 869 3827 autem
893 3780 974 3825 est
1003 3770 1088 3822 his
1118 3767 1312 3823 Studiis
1343 3765 1573 3833 ineptius
1598 3761 1663 3816 ad
1692 3756 2104 3830 philosophiam,

523 3876 581 3921 et
599 3865 665 3919 ad
699 3860 1148 3935 persuadendum,
1180 3869 1236 3912 ut
1261 3870 1450 3926 magna
1476 3853 1595 3924 quis
1626 3851 1965 3920 imaginetur,
1996 3860 2110 3900 u.a-

521 3958 668 4012 xime
713 3970 843 4009 vero
889 3951 1104 4024 quando
1152 3950 1354 4005 nullum
1407 3945 1642 4016 suppetit
1681 3941 2011 4012 exemplum.
2039 3939 2108 3994 At

523 4055 597 4109 illi
631 4067 736 4106 non
764 4047 924 4104 modo
955 4045 1196 4116 exempla
1223 4058 1328 4098 non
1359 4041 1646 4103 habebant,
1671 4035 1823 4109 queis
1867 4049 1927 4090 se
1951 4047 2112 4103 supe-

523 4156 737 4202 raturos
763 4149 1066 4214 sperarent,
1098 4137 1191 4193 sed
1217 4136 1380 4192 etiam
1411 4133 1700 4197 habebant,
1727 4128 1870 4200 quod
1893 4142 2113 4196 supera-

524 4239 633 4293 turi
683 4251 788 4290 non
819 4240 1038 4297 essent,
1089 4243 1257 4297 caque
1282 4232 1538 4280 recentia.
1583 4220 1732 4277 Multi
1761 4232 1992 4288 namque
2021 4215 2110 4286 qui

528 4332 791 4386 innovare
813 4332 1165 4388 tentaverant,
1199 4319 1447 4374 exstincti
1471 4315 1682 4371 fuerant
1709 4321 1841 4385 (non
1871 4313 1940 4367 de
1965 4312 2113 4367 Gras—

527 4436 712 4477 corum
745 4419 903 4473 rebus
924 4417 1148 4484 loquor;
1177 4411 1280 4464 illa:
1309 4409 1506 4478 quippe
1533 4406 1765 4460 nonduin
1797 4412 1978 4465 erant;
2018 4400 2113 4456 sed

526 4515 598 4568 de
627 4511 754 4580 ipsis
773 4506 973 4563 Judzeis
998 4504 1188 4558 eodem
1219 4509 1459 4567 tempore
1479 4499 1519 4568 ),
1549 4512 1653 4550 non
1684 4510 1804 4550 cum
1830 4493 2113 4548 duodecim

533 4600 860 4662 hominibus,
887 4595 982 4650 Sed
1005 4609 1127 4648 cunt
1156 4605 1346 4660 magna
1374 4587 1714 4642 multitudine
1744 4599 1829 4638 res
1854 4581 2112 4652 aggressi.

531 4692 662 4747 Nam
690 4687 941 4742 Theudas
970 4696 1022 4738 et
1061 4681 1225 4736 .Iudas
1270 4692 1491 4748 magnos
1537 4678 1792 4730 habentes
1840 4674 2117 4727 hominum

531 4795 727 4846 curtus,
785 4793 904 4833 cum
933 4773 1212 4842 discipulis
1241 4771 1529 4842 perierant.
1560 4769 1626 4822 Et
1654 4783 1718 4822 ex
1751 4769 1833 4820 his
1854 4766 2118 4834 exemplis

532 4886 684 4931 ortus
715 4874 875 4925 timor
906 4875 1114 4938 poterat
1154 4865 1276 4918 illos
1322 4861 1597 4916 deterrere
1621 4902 1636 4926 ,
1691 4860 1789 4913 nisi
1831 4859 2117 4913 admodum

533 4961 773 5036 persuasi
803 4958 1026 5012 fuissent
1048 4956 1162 5008 sine
1177 4952 1354 5007 divina
1384 4951 1578 5004 virtute
1615 4965 1716 5002 neu
1737 4964 1897 5019 posse
1928 4963 2118 5034 quem-

533 5059 674 5129 piam
703 5064 981 5123 snperare.
1014 5045 1168 5116 Quod
1198 5047 1242 5100 si
1263 5045 1422 5100 etiam
1463 5059 1523 5098 se
1551 5044 1765 5097 vincere
1794 5056 1951 5111 posse
1995 5053 2120 5110 spe-

535 5151 729 5206 rubant
747 5188 763 5213 ,
786 5159 890 5215 qua
916 5157 1012 5213 Spe
1044 5141 1160 5196 fulti
1191 5149 1335 5194 tanta
1363 5137 1624 5193 adiissent
1641 5134 1897 5205 pericula,
1927 5133 2026 5189 nisi
2053 5130 2121 5188 ad

535 5243 712 5296 futura
743 5233 1140 5304 respexissent?
1189 5231 1459 5286 Ponamus
1506 5239 1684 5283 autem
1715 5227 1837 5282 illos
1874 5242 1935 5282 se
1963 5242 2122 5298 supe-

535 5339 746 5386 raturos
790 5337 1039 5394 Sperasse
1061 5361 1076 5386 ,
1105 5320 1232 5391 quid
1266 5319 1397 5374 lucri
1428 5320 1718 5388 sperabant
1744 5334 1810 5374 ex
1839 5334 1935 5383 eo,
1978 5318 2122 5388 quod

533 5435 724 5476 «utines
750 5419 1078 5474 adducerent
1103 5415 1170 5468 ad
1202 5429 1323 5468 eum
1353 5411 1448 5482 qui
1477 5427 1584 5466 non
1616 5410 1933 5478 resurrexit,
1983 5410 2124 5465 sicut

535 5511 754 5569 dicitis?

607 5607 657 5658 4.
703 5603 833 5658 Nam
857 5602 900 5655 si
931 5615 1071 5654 nunc
1098 5598 1344 5653 homines
1369 5599 1460 5668 qui
1491 5596 1840 5653 crediderunt
1867 5596 1934 5652 de
1957 5612 2124 5665 regno

535 5701 788 5754 tulerunt
811 5707 865 5751 et
886 5695 954 5749 de
979 5691 1274 5747 innumeris
1299 5692 1474 5762 bouis,
1497 5691 1713 5746 difficile
1737 5691 1971 5761 pericula
2002 5691 2119 5746 sub-

2172 394 2325 449 eunt,
2365 384 2638 452 quomodo
2667 395 2808 438 tanta
2826 386 3094 438 incassum
3119 383 3261 454 passi
3279 395 3480 449 essent,
3500 386 3608 439 itno
3628 401 3761 442 vero

2174 475 2240 528 ad
2279 473 2510 529 malum?
2541 474 2598 530 Si
2625 475 2768 530 enim
2797 490 2904 528 non
2944 474 3081 529 facta
3109 475 3333 530 fuissent
3367 475 3455 530 illa
3483 491 3602 546 quae
3627 493 3761 533 vere

2174 563 2312 618 faeta
2339 573 2482 630 sunt,
2525 575 2582 619 et
2609 565 2656 619 si
2693 565 2938 619 Christus
2964 564 3016 619 in
3043 566 3234 620 etnlum
3265 581 3372 620 non
3399 566 3758 630 ascendisset,

2177 655 2290 710 haec
2319 658 2518 726 fingere
2553 657 2943 712 contendentes
2973 668 3025 711 et
3050 658 3170 712 aliis
3198 658 3542 727 persuadere,
3588 659 3759 713 Deum

2175 749 2426 803 offensuri
2457 759 2610 803 erant
2647 759 2699 803 et
2743 749 2887 804 mille
2927 765 2956 803 a
2983 753 3192 820 superis
3219 751 3440 806 fulmina
3477 761 3762 821 exspecta-

2178 839 2303 894 turi.
2351 839 2600 907 Alioquin
2631 847 2810 894 autem
2838 839 3046 894 etiamsi
3075 839 3286 896 vivente
3314 839 3528 895 Christo
3555 849 3761 895 tantam

2179 931 2488 986 habuissent
2533 931 2892 997 alacritatem,
2934 933 3050 1002 ipso
3111 945 3322 988 mortuo
3373 935 3514 990 illam
3559 936 3768 990 exstin-

2181 1025 2402 1078 xissent.
2431 1022 2562 1077 Nam
2593 1024 2636 1077 si
2665 1039 2770 1077 non
2821 1025 3229 1089 resurrexisset,
3282 1027 3410 1095 ipsis
3435 1026 3689 1097 deceptor
3711 1036 3770 1081 et

2181 1115 2458 1170 simulator
2494 1114 2701 1169 fuisset.
2723 1116 2805 1168 An
2837 1115 3055 1169 nescitis
3093 1117 3360 1171 exercitus
3391 1117 3601 1172 vivente
3628 1117 3768 1172 duce

2180 1218 2235 1262 et
2261 1208 2610 1278 imperatore,
2639 1207 2849 1262 etiamsi
2877 1206 3080 1261 debiles
3111 1217 3166 1262 et
3195 1223 3300 1262 non
3342 1210 3610 1263 numerosi
3632 1208 3766 1275 sint,

2181 1301 2515 1365 consistere;
2552 1300 2655 1354 illis
2693 1315 2823 1355 vero
2853 1299 3141 1365 defunctis,
3173 1299 3384 1354 etiamsi
3426 1300 3584 1354 validi
3632 1302 3769 1367 sint,

2185 1390 2447 1445 dissolvi?
2473 1390 2823 1456 Quibusnam,
2854 1405 3056 1460 quaeso,
3083 1389 3445 1460 probabilibus
3471 1391 3772 1446 rationibus

2187 1483 2332 1538 usuri
2363 1492 2517 1536 erant
2539 1481 2968 1550 praedicationem
2995 1481 3319 1551 aggressuri,
3361 1491 3416 1536 et
3445 1497 3539 1552 per
3579 1483 3773 1537 orbem

2188 1585 2356 1629 totum
2381 1573 2620 1628 exituri?
2649 1583 2778 1642 quot
2807 1573 3206 1644 impedimentis
3233 1590 3339 1628 non
3388 1574 3591 1630 detenti
3633 1574 3775 1629 fuis-

2187 1665 2352 1721 sent?
2377 1664 2509 1720 Nam
2539 1666 2581 1718 si
2629 1665 2870 1722 furentes
2896 1677 3049 1722 erant
3076 1667 3202 1738 (hoc
3227 1667 3439 1722 dicendi
3472 1667 3632 1722 (litem
3662 1684 3776 1721 non

2189 1755 2416 1831 faciant)
2441 1799 2456 1824 ,
2489 1759 2617 1812 nihil
2649 1761 2858 1830 penitus
2887 1769 3032 1814 recte
3062 1759 3392 1830 gessissent:
3421 1773 3579 1814 nemo
3627 1761 3780 1814 enim

2191 1850 2487 1906 furentibus
2513 1849 2882 1918 obtemperat:
2908 1849 2952 1903 si
2976 1861 3286 1904 autemrem
3311 1849 3448 1904 bene
3469 1861 3783 1920 gesserunt,

2194 1949 2251 1994 ut
2277 1949 2559 2009 gesserunt
2607 1941 2809 2010 utique,
2865 1948 2920 1995 et
2947 1939 3066 1994 finis
3095 1941 3350 2006 ostendit,
3393 1941 3629 1994 omnium
3685 1955 3789 1996 sa-

2193 2032 2511 2101 pientissimi
2533 2031 2780 2088 erant.Si
2807 2032 3043 2086 omnium
3074 2031 3450 2101 sapientissimi
3481 2041 3650 2097 erant,
3681 2046 3792 2100 pa-

2199 2123 2301 2177 lam
2327 2133 2410 2179 est
2438 2124 2558 2179 illos
2599 2139 2704 2180 non
2738 2134 2940 2180 temere
2969 2124 3034 2179 ad
3063 2125 3498 2196 prtedieationem
3543 2126 3788 2180 venisse.

2193 2213 2305 2270 Nisi
2336 2215 2479 2269 enim
2526 2214 2786 2270 vidissent
2815 2215 2964 2270 illum
2990 2216 3374 2281 resurrexisse,
3405 2215 3531 2284 quid
3571 2226 3794 2285 poterat

2197 2306 2314 2360 illos
2341 2305 2406 2360 ad
2433 2305 2534 2360 hoc
2560 2305 2755 2360 bellum
2796 2305 3064 2361 educere?
3089 2305 3215 2375 quid
3244 2322 3350 2361 non
3381 2306 3504 2361 illos
3552 2307 3793 2361 avertis-

2197 2398 2316 2452 set?
2345 2396 2484 2451 Dixit
2516 2396 2644 2462 illis,
2673 2397 2801 2451 Post
2828 2406 2937 2451 tres
2965 2396 3081 2452 dies
3109 2412 3422 2467 resurgam,
3462 2406 3518 2452 et
3561 2413 3793 2467 regnum

2197 2489 2450 2544 cmlorum
2479 2489 2745 2560 pollicitus
2781 2498 2865 2544 est
2893 2506 2908 2545 :
2941 2491 3077 2543 dixit
3110 2491 3234 2555 illis,
3267 2491 3409 2558 quod
3454 2492 3642 2545 orbem
3671 2500 3796 2544 ter-

2199 2595 2377 2634 rarum
2407 2581 2705 2649 superaturi
2729 2588 2933 2643 essent,
2970 2591 3192 2648 accepto
3220 2580 3423 2651 Spiritu
3447 2591 3672 2645 sancto;
3726 2591 3796 2635 et

2201 2671 2268 2727 ad
2293 2671 2408 2726 htec
2436 2672 2711 2726 innumera
2741 2669 2840 2726 alia
2873 2671 3006 2734 dixit
3027 2683 3271 2726 naturam
3292 2686 3506 2728 onmem
3530 2688 3798 2742 superan-

2203 2763 2295 2819 tia.
2329 2763 2528 2834 ltaque,
2557 2764 2602 2818 si
2631 2763 2760 2818 nihil
2783 2763 2972 2818 horum
3003 2765 3291 2831 evenisset,
3314 2767 3415 2820 etsi
3447 2766 3638 2819 viventi
3669 2779 3798 2820 ere-

2201 2855 2465 2922 diderant,
2494 2870 2560 2910 eo
2581 2863 2792 2911 mortuo
2808 2871 2912 2910 non
2939 2856 3075 2909 ultra
3103 2855 3480 2924 credidissent,
3505 2856 3605 2910 nisi
3633 2871 3796 2911 resu-

2203 2949 2455 3002 scitatum
2487 2947 2771 3002 vidissent.
2807 2947 3076 3002 Dixissent
3101 2948 3268 3015 enim,
3299 2948 3428 3003 Post
3456 2959 3562 3003 tres
3587 2947 3700 3002 dies
3729 2961 3803 3002 se

2206 3049 2633 3094 resurrecturum
2665 3038 2821 3101 dixit,
2849 3049 2904 3094 et
2933 3056 3039 3093 non
3083 3040 3380 3094 resurrexit
3407 3057 3422 3094 :
3450 3038 3702 3109 Spiritum
3731 3053 3805 3092 se

2205 3131 2454 3186 daturum
2496 3130 2744 3200 promisit
2768 3171 2782 3193 ,
2838 3139 2892 3186 et
2921 3145 3028 3185 non
3059 3129 3201 3183 misit
3227 3147 3241 3185 :
3272 3129 3544 3199 quomodo
3571 3143 3700 3199 ergo
3723 3127 3805 3183 de

2208 3221 2400 3276 futuris
2431 3220 2503 3274 illi
2531 3219 2853 3283 credemus,
2905 3235 3026 3274 cum
3062 3221 3343 3288 praesentia
3387 3221 3506 3275 falsi
3550 3220 3806 3275 convicta

2207 3314 2352 3370 sint?
2399 3315 2512 3380 Qua
2543 3312 2610 3367 de
2637 3327 2820 3377 causa,
2846 3312 2890 3366 si
2925 3328 3030 3365 non
3080 3313 3464 3366 resurrexisset
3486 3353 3501 3377 ,
3537 3312 3811 3381 przedica-

2208 3414 2332 3461 rent
2353 3404 2500 3458 illum
2515 3403 2910 3458 resurrexisse?
2926 3403 3058 3470 Quia
3079 3403 3250 3472 ipsum
3271 3402 3542 3466 amabant,
3563 3402 3808 3470 inquies.

2210 3496 2370 3567 Atqui
2398 3496 2570 3566 ipsum
2598 3493 2792 3549 deinde
2834 3493 2960 3549 odio
3001 3493 3233 3548 habituri
3257 3503 3432 3559 erant,
3457 3493 3597 3563 quod
3623 3508 3680 3547 se
3699 3493 3811 3548 de-

2209 3589 2444 3658 erpisset
2472 3596 2527 3640 et
2559 3585 2906 3656 prodidisset,
2954 3597 3009 3641 et
3038 3586 3180 3657 qttod
3213 3587 3356 3642 mille
3389 3586 3545 3641 factis
3567 3586 3808 3655 promis-

2213 3679 2309 3744 sis,
2339 3677 2634 3732 induxisset
2682 3685 2739 3731 ut
2781 3677 3004 3743 domos,
3040 3687 3286 3747 parentes
3315 3687 3370 3732 et
3419 3677 3596 3732 omnia
3632 3676 3808 3731 relin-

2211 3780 2466 3843 querent,
2518 3769 2661 3840 quod
2699 3778 2865 3824 totam
2893 3769 3199 3824 Judmorum
3232 3778 3445 3840 gentem
3501 3779 3686 3824 contra
3739 3783 3809 3822 se

2212 3863 2540 3928 suscitasset,
2573 3876 2636 3916 ac
2665 3876 2724 3916 se
2756 3861 3096 3932 prodidisset.
3134 3861 3285 3930 Quod
3325 3863 3369 3916 si
3393 3860 3523 3916 illud
3548 3875 3615 3916 ex
3648 3857 3804 3912 infir-

2213 3955 2399 4009 mitate
2427 3953 2620 4007 factum
2646 3951 2854 4016 fuisset,
2877 3951 2928 4006 id
2951 3953 3319 4023 iguovissent;
3353 3967 3495 4008 nunc
3520 3965 3646 4008 vero
3675 3947 3801 4002 exi-

2215 4045 2523 4100 stimaretur
2565 4058 2629 4097 ex
2663 4042 3006 4111 improbitate
3050 4045 3268 4097 factum.
3320 4043 3613 4113 Oportebat
3655 4048 3803 4103 enim

2217 4150 2403 4190 verum
2433 4123 2612 4189 dicere
2631 4173 2647 4197 ,
2694 4147 2867 4202 neque
2891 4134 3079 4188 calum
3113 4134 3443 4203 promittere,
3494 4135 3653 4192 homo
3677 4153 3804 4194 eunt

2216 4235 2361 4282 esset
2382 4225 2647 4289 mortalis,
2680 4231 2736 4277 ut
2761 4223 2958 4277 dicitis.
2983 4223 3159 4290 Quare
3198 4225 3535 4281 verisintisilc
3561 4237 3640 4282 est
3675 4243 3807 4282 con-

2220 4320 2379 4372 traria
2410 4315 2643 4370 facturos
2670 4314 2854 4379 fuisse,
2911 4313 3181 4370 fallaciam
3216 4317 3618 4385 pratdicaturos,
3648 4330 3700 4373 ct
3725 4321 3810 4375 di-

2217 4419 2401 4467 ctnros
2440 4409 2613 4478 ipsum
2642 4407 3010 4461 simulatorem
3037 4417 3091 4461 ct
3117 4409 3560 4478 prarstigiatorem
3593 4410 3758 4466 fuisse
3787 4431 3805 4468 :

2219 4504 2300 4558 sic
2325 4501 2466 4557 enim
2495 4515 2561 4554 ex
2590 4497 2840 4568 periculis
2864 4497 3070 4552 liberati
3094 4498 3341 4560 fuissent,
3365 4501 3444 4553 sic
3473 4501 3668 4558 bellum
3695 4505 3801 4556 sol-

2220 4597 2448 4650 vissent.
2479 4591 2534 4646 Si
2557 4591 2702 4645 enim
2731 4591 2989 4646 militibus
3010 4593 3290 4661 pecuniam
3321 4592 3586 4647 dederunt
3613 4593 3810 4660 Judaei,

2224 4697 2281 4742 ut
2308 4687 2568 4748 dicerent,
2589 4685 2732 4754 ipsos
2768 4699 2963 4754 corpus
3008 4684 3148 4738 furto
3189 4686 3504 4751 sustulisse;
3549 4685 3593 4740 si
3637 4695 3809 4739 trans-

2225 4787 2419 4834 euntes
2454 4775 2699 4844 discipuli
2727 4775 3025 4840 dixissent,
3061 4775 3236 4845 ipsum
3267 4774 3422 4828 furati
3447 4790 3666 4840 sumus,
3709 4791 3812 4829 nec

2225 4867 2520 4925 resurrexit
2545 4884 2557 4920 :
2585 4877 2784 4935 quanto
2807 4881 2910 4921 non
2937 4865 3113 4920 alfecti
3156 4864 3379 4919 fuissent
3408 4865 3652 4920 honore?
3680 4864 3812 4934 Ipsis

2226 4964 2403 5031 itaque
2431 4960 2625 5016 licebat
2654 4958 2906 5012 honorari
2937 4967 2991 5012 et
3015 4958 3284 5012 coronari.
3315 4957 3423 5012 Cur
3459 4973 3587 5028 ergo
3616 4969 3813 5013 contn-

2227 5053 2404 5108 meliis
2427 5050 2567 5106 afﬁci
2596 5058 2650 5105 et
2675 5049 2962 5119 periclitari
2986 5051 3311 5115 maluerunt,
3337 5050 3437 5103 nisi
3459 5049 3637 5103 divina
3663 5065 3815 5118 qua:-

2227 5145 2349 5199 dam
2368 5145 2536 5197 virtus
2558 5141 2748 5196 fuisset
2770 5140 2854 5194 his
2875 5141 3122 5195 omnibus
3145 5142 3430 5210 potentior,
3463 5156 3583 5210 quae
3603 5140 3654 5194 id
3683 5140 3814 5210 ipsis

2228 5234 2515 5291 suaderet?
2536 5232 2628 5288 Sin
2647 5243 2824 5287 autem
2847 5231 3083 5286 nondum
3107 5230 3508 5299 persuademus,
3529 5231 3658 5285 illud
3679 5247 3814 5301 quo.

2228 5341 2335 5396 que
2363 5325 2536 5395 cogita
2570 5339 2583 5378 :
2613 5323 2658 5378 si
2687 5324 2788 5377 hoc
2813 5339 2916 5375 non
2948 5333 3122 5388 esset,
3151 5322 3360 5377 etiamsi
3407 5322 3562 5376 valde
3608 5338 3817 5391 praepa-

2229 5418 2330 5473 rati
2377 5415 2637 5478 fuissent,
2667 5429 2771 5468 non
2823 5413 3219 5482 pnedicandum
3250 5414 3398 5466 illum
3427 5414 3812 5483 suscepissent,

2232 5508 2326 5563 sed
2355 5506 2584 5562 aversati
2632 5505 2779 5559 illum
2813 5505 3058 5559 fuissent.
3085 5506 3248 5560 Scitis
3276 5507 3419 5560 enim
3451 5521 3549 5560 nos
3599 5521 3668 5559 ne
3712 5519 3816 5559 no-

2232 5599 2376 5654 mina
2415 5598 2630 5667 quidem
2661 5612 2845 5651 eorum
2870 5638 2883 5659 ,
2909 5597 2997 5666 qui
3027 5614 3122 5651 nos
3154 5599 3224 5652 ita
3256 5597 3565 5668 deceperint
3585 5637 3599 5659 ,
3628 5597 3813 5651 audire

2236 5693 2394 5748 velle.
2422 5693 2530 5750 (Zur
2559 5701 2735 5749 autem
2767 5707 2961 5748 nomen
2990 5690 3106 5762 ejus
3139 5691 3390 5762 prazdicar
3405 5691 3531 5746 unt?
3574 5707 3640 5744 an
3669 5691 3814 5762 quod
