4086 6420
268 214 341 272 5'5
1330 206 1399 263 IN
1435 204 1654 264 EPIST.
1690 203 1711 261 1
1750 200 1842 260 AD
1874 201 2035 261 (ΞΟΠ.
2073 201 2309 261 llOMlL.
2341 202 2408 260 V.
3469 211 3537 267 44

278 330 452 384 θέασι.
484 324 572 379 Διδ
595 325 694 379 καλ⁸
726 324 839 379 ἀπὸ
871 322 1171 397 ἀνθρώπιον
1212 323 1422 379 ποιοῦσι
1456 323 1611 388 θεούς
1630 339 1644 353 ·
1679 320 1853 386 οὑτως

277 420 475 483 αὑτοὺς
500 419 534 489 ή
554 418 789 472 ἀπόνοια
810 417 1246 489 ἐξετραχήλισεν.
1271 418 1414 489 Ὥρα
1433 416 1497 488 δὴ
1524 415 1713 470 λοιπόν
1736 417 1853 468 ἐστι

274 515 418 585 πρὸς
443 513 541 584 τὴν
568 509 776 563 τούτων
805 509 1041 578 ἐξελθεῖν
1064 511 1266 582 μάχην.
1296 512 1406 566 Ποῦ
1427 510 1607 565 τοίνυν
1638 507 1852 564 κατελί-

276 623 457 677 πομεν
484 604 575 658 τὸν
601 603 761 672 λόγον
787 605 856 675 τῇ
887 602 1164 675 προτέρας
1211 602 1527 675 Ἐλέγομεν,
1555 603 1638 657 ὅτι
1659 601 1759 656 οὐκ
1785 596 1854 673 ἦν

275 697 505 752 δυνατὸν
540 695 683 748 κατά
718 693 1063 766 ἀνθρωπίνην
1102 695 1430 749 ἀκολουθίαν
1465 694 1854 767 περιγενέσθαι

273 789 389 843 τῶν
409 788 714 859 φιλοσόφων
745 786 871 849 τοὺς
899 785 1114 851 ἁλιέας·
1140 787 1256 840 ἀλλ’
1285 788 1437 858 ὅμως
1476 786 1670 856 γέγονε
1694 785 1856 840 δυνα-

276 881 402 935 τόν·
437 881 560 933 ὅθεν
591 878 769 950 δῆλον,
797 879 882 932 ὃτι
925 878 1107 949 χάριτι
1138 878 1385 948 γέγονεν.
1426 878 1742 949 Ἐλέγομεν,
1771 877 1851 931 ὅτι

277 975 378 1028 οὑκ
407 969 479 1044 ἦν
500 972 719 1026 δυνατὸν
746 970 867 1024 οὑδέ
890 971 1141 1042 ἐννοῆσαι
1172 971 1369 1035 αὐτοὺς
1394 969 1634 1025 τοσαῦτα
1658 987 1855 1042 κατορ-

275 1064 541 1133 θώματα·
581 1061 677 1117 καὶ
734 1061 1039 1132 ἐδείξαμεν,
1100 1050 1183 1116 δτὶ
1216 1062 1277 1116 οὑ
1331 1062 1492 1132 μόνον
1537 1048 1852 1133 ἐνενόησαν,

274 1156 415 1210 ἀλλά
434 1156 532 1209 καὶ
559 1157 637 1218 εἰς
659 1154 809 1217 τέλος
829 1154 1033 1226 ήγαγον
1057 1153 1198 1225 μετά
1221 1154 1428 1225 πολλῆς
1453 1154 1554 1227 τῆς
1578 1155 1849 1221 εὐκολίας.

348 1269 423 1322 Τὺ
443 1269 579 1322 αὑτὸ
601 1269 664 1340 δὴ
687 1270 781 1322 καὶ
815 1268 1052 1340 σήμερον
1090 1268 1461 1340 γυμνάσωμεν
1487 1270 1581 1324 τοῦ
1606 1270 1766 1340 λόγου
1793 1271 1857 1324 τὸ

273 1361 599 1431 κεφάλαιον,
647 1359 810 1413 πόθεν
855 1360 1035 1425 αὑτοῖς
1087 1359 1291 1431 ἐπῆλθε
1339 1360 1711 1432 προσδοκῆσαι
1754 1361 1856 1431 τῆς

269 1452 607 1522 οἰκουμένης
635 1451 1015 1523 περιγενέσθαι
1037 1491 1052 1516 ,
1087 1454 1137 1506 εἰ
1183 1451 1259 1524 μὴ
1301 1449 1440 1506 εἶδον
1486 1452 1580 1507 τὸν
1621 1453 1856 1525 Χριστὸν

268 1544 607 1600 ἀναστάντα.
634 1545 726 1615 Μὴ
753 1543 862 1614 γάρ
907 1543 1297 1615 ἐξεστήκεσαν,
1342 1543 1488 1599 ὥστε
1534 1546 1777 1606 τοιοῦτόν
1805 1565 1857 1600 τι

273 1634 603 1703 λογίσασθαι
645 1634 830 1700 ἀπλῶς
876 1635 971 1689 καὶ
1007 1635 1160 1706 είκῆ;
1212 1636 1322 1690 Kal
1367 1635 1478 1707 γάρ
1528 1637 1858 1711 ὑπερϐάλλει

275 1732 463 1783 πᾶσαν
520 1728 718 1801 μανίαν
762 1729 824 1783 τὸ
869 1728 1237 1800 προσδοκῆσαι
1278 1729 1408 1785 ἄνευ
1458 1729 1610 1796 θείας
1639 1733 1859 1804 χάριτος

274 1822 535 1875 τοσούτου
581 1819 964 1891 περιγενέσθαι
995 1819 1340 1893 πράγματος.
1389 1821 1515 1886 Πῶς
1555 1823 1601 1878 δ’
1634 1823 1700 1877 ἂν
1728 1825 1862 1879 αὑτὸ

277 1911 653 1982 κατώρθωσαν
722 1911 1038 1982 μαινόμενοι
1090 1912 1184 1965 καί¹
1236 1910 1625 1982 ἐξεστηκότεςς
1692 1914 1756 1968 Εί
1805 1914 1862 1968 δὲ

276 2003 643 2073 ἐσωφρόνουν,
666 2000 853 2074 ὥσπερ
879 1999 971 2057 οὖν
991 2003 1085 2056 καὶ
1104 2001 1173 2056 τά
1200 2002 1501 2075 πράγματα
1523 2004 1715 2072 ἔδειξε,
1744 2006 1862 2071 πῶς

274 2094 406 2149 ἄνευ
428 2092 524 2147 τοῦ
553 2093 739 2147 λαϐεῖν
772 2093 1004 2166 ἐνέχυρα
1031 2093 1324 2160 ἀξιόπιστα
1364 2097 1430 2150 ἐκ
1470 2098 1582 2151 τῶν
1611 2098 1863 2169 οὐρανῶν

275 2188 375 2240 καὶ
414 2186 518 2257 τῆς
559 2185 766 2240 ἀνωθεν
796 2185 1100 2240 ἀπολαῦσαι
1142 2186 1318 2258 ροπῆς
1343 2227 1358 2253 ,
1408 2187 1681 2260 ὑπέμενον
1727 2191 1865 2263 πρὸς

274 2279 568 2342 τοσούτους
602 2279 838 2346 ἐξελθεῖν
877 2279 1169 2350 πολέμους,
1204 2281 1299 2335 καὶ
1339 2282 1441 2352 γῆς
1472 2283 1567 2337 καὶ
1593 2282 1865 2357 θαλάττης

276 2372 716 2444 κατατολμῆσαι,
746 2374 841 2426 καὶ
867 2372 1004 2443 πρὸς
1034 2375 1337 2447 μεταϐολὴν
1358 2377 1469 2430 τῶν
1488 2377 1588 2447 τῆς
1612 2378 1867 2450 οίκουμέ-

277 2482 379 2533 νης
421 2464 642 2533 ἀπάσης
687 2463 826 2517 ἐθῶν
850 2464 961 2518 τῶν
998 2467 1055 2519 ἐν
1098 2467 1278 2538 χρόνῳ
1307 2467 1548 2540 τοσούτῳ
1579 2469 1866 2538 παγέντων

275 2556 573 2628 ἄνθρωπος
594 2554 802 2609 δώδεκα
844 2556 1239 2624 ἀποδύσασθαι,
1269 2560 1365 2613 καὶ
1388 2560 1578 2631 στῆναι
1603 2562 1869 2628 γενναίως

272 2646 453 2714 οῦτω;
487 2648 596 2700 Kal
622 2646 683 2701 τὸ
716 2647 781 2719 δὴ
814 2650 1016 2719 μεῖζον,
1048 2651 1182 2723 πρὸς
1204 2651 1297 2705 τὸν
1325 2652 1554 2724 οὐρανὸν
1575 2651 1868 2718 καλοῦντες

274 2741 378 2793 καὶ
415 2742 519 2803 τὰς
555 2739 667 2793 ἀνω
695 2740 999 2812 διατριϐάς,
1050 2743 1215 2798 πόθεν
1262 2744 1611 2815 προσεδόκων
1656 2745 1867 2799 πείθειν

273 2832 404 2894 τοὺς
430 2831 732 2895 ἀκούοντας
756 2848 772 2897 ;
806 2831 917 2885 Kal
934 2833 983 2886 εἰ
1015 2835 1113 2904 μὲν
1138 2830 1279 2906 ἦσαν
1305 2836 1364 2889 ἐν
1386 2835 1512 2908 δόξῃ
1538 2836 1633 2889 καὶ
1656 2836 1868 2908 πλούτῳ

278 2924 375 2975 καὶ
394 2923 687 2996 δυναστείᾳ
718 2924 813 2978 καί⁵
844 2924 1124 2979 παιδεύσει
1148 2927 1474 2996 τραφέντες,
1504 2928 1743 2998 μάλιστα
1767 2928 1868 2999 μὲν

273 3017 398 3069 οὐδὲ
429 3016 576 3071 οὕτω
604 3018 738 3086 πρὸς
776 3017 1026 3072 τοσοῦτον
1053 3018 1216 3088 δγκον
1250 3022 1593 3094 πραγμάτων
1621 3023 1770 3088 εἰκὸς
1797 3020 1867 3094 ἦν

276 3109 480 3171 αὐτοὺς
512 3109 835 3179 ἐπαρθῆναι·
872 3109 1011 3181 πλὴν
1039 3111 1173 3164 ἀλλά
1210 3112 1413 3182 μᾶλλόν
1448 3131 1571 3167 τινα
1601 3114 1760 3184 λόγον
1788 3111 1869 3168 εἴ·

276 3219 374 3270 χεν
404 3204 437 3270 ἡ
470 3200 789 3270 προσδοκία·
832 3201 927 3256 νῦν
951 3202 1008 3255 δὲ
1042 3205 1090 3257 οἱ
1142 3205 1243 3275 μὲν
1282 3206 1421 3277 πρὸς
1462 3206 1682 3278 λίμνας,
1715 3209 1766 3262 οί
1808 3208 1867 3262 δέ

276 3291 412 3361 περὶ
442 3291 688 3360 δέρματα
717 3292 1038 3362 ἠσχόληντο,
1073 3295 1122 3347 οί
1149 3294 1205 3347 δὲ
1228 3296 1360 3366 περ)⁵
1384 3297 1668 3353 τελωνίαν.
1698 3299 1869 3355 Οὐδὲν

274 3383 335 3435 δὲ
387 3383 597 3436 τούτων
638 3382 747 3437 τῶν
793 3385 1238 3456 ἐπιτηδευμάτων
1292 3388 1693 3461 ἀχρηστότερον
1731 3394 1870 3463 πρὸς

278 3475 604 3544 φιλοσοφίαν
634 3477 727 3529 καὶ
761 3477 897 3547 πρὸς
923 3477 983 3530 τὸ
1012 3481 1196 3532 πεῖσαι
1229 3481 1441 3551 μεγάλα
1476 3481 1867 3551 φαντάζεσθαι,

280 3569 375 3619 καὶ
405 3567 643 3637 μάλιστα
678 3569 806 3621 ὅταν
855 3568 929 3640 μὴ
971 3571 1325 3642 παράδειγμά
1364 3592 1449 3638 τις
1496 3573 1615 3647 ἔχῃ.
1653 3575 1869 3630 Μᾶλλον

275 3658 333 3711 δὲ
364 3660 427 3710 ού
454 3659 614 3729 μόνον
637 3660 1052 3731 παραδείγματα
1076 3663 1174 3716 οὑκ
1194 3659 1361 3734 εἶχον,
1393 3666 1474 3720 ὅτι
1502 3668 1867 3738 περιέσονται,

278 3749 399 3821 [581
418 3750 533 3802 ἀλλ’
560 3753 641 3803 ὅτι
664 3752 758 3804 καὶ
773 3753 834 3805 ού
859 3753 1223 3823 περιέσονται,
1241 3756 1530 3811 καὶταῦτα
1558 3759 1624 3830 δὴ
1644 3759 1866 3816 ἔναυλα.

281 3842 478 3895 Πολλοὶ
518 3843 627 3913 γάρ
655 3843 1101 3915 ἐπιχειρήσαντες
1123 3849 1498 3919 καινοτομίαις
1529 3849 1870 3922 ἐσϐέσθησαν

280 3935 428 4006 (οὐχὶ
453 3935 526 3988 τά
552 3938 683 4005 παρ’
709 3936 936 4008 Ἕλλησι
956 3950 982 3979 ει
1005 3938 1171 4007 λέγω·
1196 3941 1382 3994 ἐκεῖνα
1393 3943 1502 4012 γὰρ
1516 3941 1635 3997 οὐδὲ
1655 3939 1798 4015 ἦσαν
1816 3945 1867 4010 ι),

280 4025 418 4078 ἀλλά
447 4024 579 4095 παρ’
606 4028 788 4090 αὑτοῖς
817 4031 931 4090 τοῖς
969 4028 1243 4094 Ἰουδαίοις
1265 4034 1323 4084 ἐν
1352 4032 1502 4103 αύτῷ
1534 4033 1613 4105 τῷ
1647 4035 1868 4108 καιρῷ),

281 4117 404 4187 οὐχὶ
450 4118 594 4186 μετά
639 4118 847 4173 δώδεκα
887 4120 1228 4190 ἀνθρώπων,
1268 4125 1404 4179 ἀλλά
1452 4130 1591 4198 μετὰ
1632 4129 1871 4202 πλήθους

282 4209 484 4262 πολλοῦ
512 4212 624 4272 τοῖς
650 4212 969 4281 πράγμασιν
995 4214 1381 4286 ἐπιτιθέμενοι.
1410 4219 1520 4273 Kal
1539 4219 1648 4291 γὰρ
1666 4220 1872 4287 Θευδᾶς

284 4302 383 4355 καὶ
444 4300 646 4365 Ἰούδας
688 4304 1011 4373 συστήματα
1047 4305 1261 4377 ἔχοντες
1310 4310 1522 4380 μεγάλα
1565 4312 1870 4385 ἀνθρώπων

287 4393 427 4462 μετά
476 4393 587 4446 τῶν
628 4392 889 4464 μαθητῶν
929 4394 1225 4453 ἀπώλοντο.
1268 4399 1380 4453 Kal
1419 4402 1448 4455 ό
1480 4401 1611 4473 παρ’
1645 4404 1871 4458 ἐκείνων

284 4482 449 4551 φόϐος
481 4483 660 4545 ἱκανός
676 4480 743 4556 ἦν
763 4484 984 4550 τούτους
1014 4488 1323 4557 παιδεῦσαι,
1340 4493 1389 4545 εἰ
1408 4492 1484 4564 μὴ
1504 4494 1710 4566 σφόδρα
1729 4491 1871 4568 ἦσαν

284 4574 665 4643 πεπεισμένοι,
689 4575 770 4629 ὅτι
793 4576 921 4630 ἀνευ
956 4575 1108 4641 θείας
1136 4579 1420 4652 δυνάμεως
1454 4585 1740 4656 ἀμήχανον
1774 4604 1872 4641 πε-

288 4665 621 4734 ριγενέσθαι.
665 4669 726 4721 Εἰ
750 4669 808 4722 δὲ
850 4670 944 4723 καὶ
974 4673 1319 4744 προσεδόκων
1349 4677 1647 4747 κρατῆσαι,
1690 4679 1873 4746 ποίαις

287 4755 473 4808 ἐλπίσι
500 4757 784 4822 τοσούτους
803 4760 1116 4832 ἀνεδέχοντο
1140 4763 1441 4831 κινδύνους,
1463 4768 1512 4819 εί
1537 4768 1613 4840 μὴ
1642 4768 1778 4840 πρὸς
1803 4770 1875 4824 τὰ

288 4846 555 4918 μέλλοντα
588 4849 811 4920 ἐώρων;
841 4850 1034 4923 Θῶμεν
1054 4854 1132 4921 δὲ,
1164 4856 1246 4909 ὃτι
1275 4857 1372 4911 καὶ
1398 4858 1626 4929 ἤλπιζον
1669 4863 1875 4932 κρατῆ-

286 4955 402 4991 σαι·
427 4938 485 4992 τί
511 4942 852 5010 προσεδόκων
872 4945 1175 5016 κερδαίνειν
1191 4947 1257 5002 ἐκ
1279 4948 1373 5003 τοῦ
1392 4951 1690 5023 προσάγειν
1706 4952 1876 5006 ἀπαν-

284 5047 388 5093 τας
413 5030 495 5100 τῷ
526 5032 601 5101 μὴ
629 5034 941 5100 ἀναστάντι,
977 5036 1159 5101 καθώς
1183 5055 1321 5108 φατε
1346 5057 1361 5108 ;

359 5143 423 5196 δ’.
445 5145 508 5197 Εἰ
528 5144 636 5216 γάρ
651 5145 746 5198 νῦν
763 5147 1151 5214 πιστεύσαντες
1163 5149 1578 5226 ἀνθρωποιπερὶ
1598 5153 1876 5227 βασιλείας

283 5236 533 5306 οὐρανῶν
559 5238 654 5291 καὶ
686 5240 895 5309 μυρίων
919 5241 1161 5309 ἀγαθῶν,
1192 5242 1467 5309 δυσκόλως
1488 5247 1877 5320 καταδέχονται

287 5327 590 5395 κινδύνους,
619 5331 737 5395 πῶς
773 5332 839 5386 ἂν
862 5333 1062 5389 ἐκεῖνοι
1085 5336 1262 5408 μάτην
1284 5338 1524 5394 τοσαῦτα
1553 5340 1620 5395 ἂν
1650 5341 1878 5413 ὑπέμει-

283 5436 407 5484 ναν,
440 5422 643 5491 μᾶλλον
675 5423 731 5477 δὲ
760 5425 856 5478 καὶ
886 5425 981 5479 ἐπὶ
1004 5427 1161 5498 κακῷ
1185 5446 1200 5495 ;
1231 5430 1294 5482 Εἰ
1326 5430 1436 5501 γὰρ
1473 5431 1548 5503 μὴ
1570 5433 1786 5501 ἐγένετο
1809 5434 1879 5489 τά

282 5511 654 5584 γεγενημένα,
684 5513 821 5585 μηδὲ
848 5515 931 5579 εἰς
963 5515 1058 5569 τὸν
1107 5516 1335 5587 οὐρανὸν
1364 5520 1393 5572 ό
1418 5518 1652 5589 Χριστὸς
1684 5520 1874 5592 ἀνέϐη,

341 5771 368 5838 ξ
408 5773 489 5838 Si}:
524 5772 719 5838 Regin
761 5773 917 5838 θρόει
991 5769 1123 5829 Edili
1165 5784 1301 5838 vero,
1344 5773 1443 5834 τοῖς
1490 5774 1599 5838 παρ’
1648 5773 1873 5836 Ἕλλησι.

280 5832 591 5898 ιλιςειισικν
603 5832 751 5887 ὂύδέν
775 5834 922 5899 ἦσαν.

1964 320 2204 387 πάντως,
2238 321 2416 375 ταῦτα
2449 320 2705 375 πλάττειν
2739 320 3167 391 φιλονεικοῦντες
3191 322 3429 386 καὶτοὺς
3450 320 3516 375 ἀλ
3533 348 3546 361 ·

1957 414 2084 479 λους
2100 413 2327 479 πείθειν,
2343 412 2423 485 τῷ
2442 413 2560 485 Θεῷ
2581 413 2942 488 προσκρούειν
2959 415 3183 487 ἔμελλον
3204 416 3297 468 καὶ
3322 413 3549 487 μυρίους

1967 504 2172 559 ἀνωθεν
2202 505 2504 577 προσδοκᾷν
2533 506 2849 578 κεραυνούς.
2873 505 3081 570 ’Ἄλλως
3109 505 3190 570 δὲ,
3218 506 3267 557 εί
3292 505 3388 558 καὶ
3408 499 3549 568 ζῶν-

1964 615 2056 662 τος
2078 597 2173 652 τοῦ
2204 596 2443 669 Χριστοῦ
2477 597 2748 668 τοσαύτην
2774 593 2929 668 εἷχον
2964 596 3292 669 προθυμίαν,
3341 593 3550 649 ἀποθα-

1964 690 2146 753 νόντος
2178 688 2244 743 ἂν
2277 688 2507 743 ἔσϐεσαν
2549 689 2743 760 αὑτήν.
2771 689 2960 756 Ἔδοξε
2987 687 3097 759 γὰρ
3135 689 3202 743 ἂν
3241 688 3449 754 αὑτοῖς,
3496 685 3550 739 εί

1968 783 2044 856 μὴ
2072 783 2293 856 ἀνέστη,
2323 782 2579 837 ἀπατεὼν
2605 777 2747 835 εῐναί
2779 798 2863 846 τις
2893 781 2988 836 καῖ
3027 779 3214 853 εἴρων.
3258 779 3373 834 Οὑκ
3413 778 3551 844 ι’στε,

1967 876 2053 930 δτι
2076 875 2147 930 τὰ
2176 874 2534 948 στρατόπεδα,
2559 873 2654 928 τοῦ
2687 874 2787 945 μὲν
2816 873 3125 946 στρατηγοῦ
3160 873 3257 926 καὶ
3287 870 3553 943 βασιλέως

1964 966 2187 1035 ζῶντος,
2244 967 2346 1022 κᾶν
2387 967 2589 1040 ἀσθενῆ
2636 962 2695 1039 ᾖ,
2747 968 3127 1038 συγκροτεῖται
3149 982 3165 997 ·
3206 963 3555 1019 ἀπελθόντων

1962 1058 2021 1113 δὲ
2050 1059 2295 1125 ἐκείνων,
2314 1058 2419 1115 κᾶν
2443 1057 2639 1130 ἰσχυρά
2657 1054 2714 1133 ᾗ,
2744 1057 3025 1112 διαλύεται
3044 1075 3067 1124 ;
3083 1056 3264 1120 Ποίοις
3293 1050 3409 1120 οῦν,
3431 1051 3557 1107 εἰπέ

1967 1168 2078 1222 μοι,
2111 1151 2291 1221 λόγοις
2318 1150 2617 1222 ἐκέχρηντο
2647 1149 2914 1215 πιθανοῖς,
2953 1149 3242 1220 μέλλοντες
3284 1144 3556 1201 ἀπτεσθαι

1962 1241 2057 1296 τοῦ
2078 1242 2431 1314 κηρύγματος
2447 1244 2544 1297 καὶ
2564 1242 2702 1314 πρὸς
2720 1240 2820 1312 τὴν
2845 1239 3173 1311 οἰκουμένην
3193 1236 3394 1303 ἐξιέναι
3419 1233 3556 1288 ἀπα-

1967 1352 2102 1403 σαν;
2134 1333 2307 1398 ποίοις
2348 1333 2405 1387 δέ
2436 1333 2753 1404 κωλύμασιν
2787 1333 2888 1385 οὑκ
2914 1331 2981 1386 ἀν
3006 1327 3456 1401 κατεσχέθησαν;
3492 1319 3561 1379 Εἰ

1965 1429 2076 1500 γάρ
2110 1427 2424 1498 μαινόμενοι
2459 1423 2601 1498 ἦσαν
2636 1425 2720 1496 (τὸ
2744 1426 2853 1496 γάρ
2881 1422 3016 1478 αὑτὸ
3047 1421 3224 1490 λέγων
3254 1420 3315 1472 οὑ
3350 1417 3557 1472 παύσο-

1970 1522 2115 1591 μαι),
2144 1519 2267 1572 οὑδέ
2299 1518 2437 1582 ὅλως
2465 1517 2810 1591 κατορθῶσαι
2847 1516 2985 1569 ἔδει·
3008 1504 3190 1577 ⁴οὐδεὶς
3222 1512 3336 1581 γάρ
3365 1525 3556 1580 μαινο-

1971 1612 2153 1682 μένοις
2179 1611 2444 1664 πείθεται·
2480 1611 2528 1663 εί
2567 1610 2623 1663 δὲ
2668 1607 3062 1679 κατώρθωσαν,
3101 1604 3292 1677 ὥσπερ
3321 1597 3415 1655 οὖν
3461 1599 3559 1652 καὶ

1968 1704 2361 1774 κατώρθωσαν,
2399 1703 2496 1757 καὶ
2519 1702 2759 1757 δείκνυσι
2802 1701 2864 1755 τὸ
2906 1700 3093 1764 τέλος,
3148 1698 3369 1751 πάντων
3412 1688 3558 1765 ἦσαν

1971 1795 2287 1867 σιφῶτεροι.
2326 1798 2388 1849 Εἰ
2423 1796 2479 1848 δὲ
2514 1797 2731 1849 πάντων
2779 1790 2921 1866 ἦσαν
2968 1789 3314 1861 σοφώτεροι,
3334 1783 3558 1854 εὔδηλον

1971 1891 2052 1945 ὅτι
2091 1891 2192 1944 οὑκ
2220 1890 2286 1943 ἂν
2321 1888 2505 1952 ἁπλῶς
2531 1885 2694 1961 ἦλθον
2723 1888 2817 1940 ἐπὶ
2851 1885 2912 1941 τὸ
2940 1885 3224 1959 κήρυγμα.
3257 1879 3321 1933 Εἰ
3344 1878 3452 1947 γὰρ
3482 1874 3559 1947 μὴ

1971 1978 2110 2035 εἶδον
2157 1980 2318 2035 αὑτὸν
2350 1982 2678 2046 ἀναστάντα,
2712 1980 2765 2032 τί
2806 1973 2876 2051 ἦν
2917 1975 3100 2031 ἱκανὸν
3126 1974 3324 2035 αὐτοὺς
3352 1971 3556 2036 ἐξαγα-

1971 2077 2088 2143 γεῖν
2123 2075 2217 2128 ἐπὶ
2245 2074 2337 2128 τὸν
2379 2074 2615 2146 πόλεμον
2647 2072 2871 2139 τοῦτον;
2918 2070 2971 2124 τί
3002 2067 3060 2122 δέ
3106 2066 3206 2120 οὑκ
3253 2065 3319 2119 ἂν
3359 2061 3558 2124 αὐτοὺς

1972 2167 2277 2238 ἀπέτρεψεν
2299 2184 2315 2235 ;
2342 2162 2509 2220 Εἶπεν
2531 2166 2732 2229 αὑτοῖς,
2756 2165 2838 2217 ὅτι
2858 2160 3014 2216 Μετά
3032 2160 3180 2229 τρεῖς
3194 2156 3406 2229 ἡμέρας
3428 2153 3559 2207 ἀνα-

1976 2258 2264 2328 στήσομαι,
2294 2256 2389 2310 καὶ
2428 2256 2556 2328 περὶ
2584 2252 2858 2326 βασιλείας
2884 2249 3132 2323 οὐρανῶν
3172 2243 3554 2318 ἐπηγγείλατο·

1974 2345 2245 2412 εἶπεν,ὅτι
2270 2349 2618 2419 Κρατήσουσι
2638 2349 2737 2417 τῆς
2756 2343 3081 2415 οἰκουμένης
3107 2340 3334 2410 Πνεῦμα
3361 2334 3559 2389 λαϐὸν·-

1974 2459 2065 2506 τες
2093 2442 2267 2510 ἀγιον·
2298 2442 2391 2494 καί
2412 2438 2582 2511 μυρία
2610 2437 2748 2508 πρὸς
2767 2436 2978 2499 τούτοις
3001 2433 3169 2505 ἐτερα
3191 2433 3371 2486 πᾶσαν
3394 2428 3563 2499 ὑπερ-

1977 2535 2231 2589 ϐαίνοντα
2264 2533 2446 2603 φύσιν.
2478 2533 2642 2584 Ὥστε
2681 2530 2731 2583 εἰ
2774 2528 2939 2600 μηδὲν
2974 2526 3181 2579 τούτων
3224 2523 3468 2592 γέγονεν,
3508 2519 3563 2573 εἰ

1977 2631 2075 2681 καὶ
2095 2625 2258 2692 ζῶντι
2293 2625 2591 2687 ἐπείθοντο,
2626 2621 3045 2690 τελευτήσαντος
3076 2616 3177 2671 οὐκ
3210 2614 3276 2668 ἂν
3308 2610 3561 2682 ἐπείσθη-

1979 2736 2100 2781 σαν,
2136 2719 2184 2770 εί
2234 2718 2312 2789 μὴ
2354 2712 2497 2770 εἶδον
2540 2712 2872 2769 ἀναστάντα.
2918 2704 3089 2764 Εἶπον
3129 2707 3239 2778 γὰρ
3276 2705 3374 2760 ἄν·
3403 2699 3560 2757 Μετά

1977 2815 2122 2884 τρεῖς
2155 2811 2389 2884 ἡμέρας,
2425 2808 2634 2877 ἔλεγεν,
2667 2805 3067 2875 ἀναστήσομαι,
3098 2801 3194 2854 καὶ
3219 2800 3320 2852 οὐκ
3337 2796 3559 2864 ἀνέστη·

1979 2905 2204 2975 Πνεῦμα
2233 2903 2503 2973 ὑπέσχετο
2541 2899 2755 2966 δώσειν,
2790 2897 2886 2950 καὶ
2912 2896 3012 2949 οὑκ
3043 2890 3281 2963 έπεμψε·
3316 2888 3431 2951 πῶς
3469 2883 3567 2953 οὖν

1978 2998 2116 3069 ὑπὲρ
2142 2996 2254 3049 τῶν
2284 2995 2586 3068 μελλόντων
2618 2991 2769 3063 αὑτῷ
2802 2989 3185 3058 πιστεύσομεν,
3216 2982 3326 3036 τῶν
3357 2978 3565 3050 παρόν-

1976 3110 2084 3146 των
2119 3089 2529 3163 ἐληλεγμένων;
2562 3086 2720 3151 Τίνος
2752 3085 2810 3140 δὲ
2848 3084 3033 3138 ἕνεκεν
3077 3079 3155 3150 μὴ
3194 3074 3569 3136 ἀναστάντος.

1977 3187 2279 3258 ἐκήρυττον
2307 3185 2389 3238 ὅτι
2426 3181 2625 3252 ἀνέστη
2648 3197 2664 3246 ;
2709 3175 2929 3246 Ἐπειδὴ
2951 3174 3170 3243 ἐφίλουν
3191 3169 3375 3232 αὑτὸν,
3406 3164 3562 3236 φησί.

1978 3280 2091 3335 Kal
2121 3278 2230 3349 μὴν
2260 3277 2437 3348 μισεῖν
2457 3272 2645 3328 λοιπὸν
2664 3270 2810 3334 είκδς
2832 3265 2909 3342 ἦν
2932 3266 3298 3338 ἀπατήσαντα
3322 3258 3440 3333 [59]
3471 3258 3571 3311 καὶ

1978 3370 2382 3445 προδεδωκότα,
2450 3364 2546 3421 καὶ
2578 3365 2661 3419 ὅτι
2697 3362 2918 3436 μυρίαις
2968 3359 3165 3422 αὐτοὺς
3214 3352 3432 3410 ἐλπίσιν
3467 3352 3568 3405 ἐπ·

1980 3466 2139 3536 ἀρας,
2170 3463 2264 3517 καὶ
2292 3461 2470 3524 οἰκίας
2501 3458 2596 3513 καὶ
2628 3457 2831 3528 γονέων
2857 3454 2958 3507 καὶ
2982 3455 3202 3506 πάντων
3222 3445 3564 3536 ἀποστήσας,

1980 3535 2075 3613 καὶ
2099 3554 2394 3627 ὁλόκληρον
2411 3551 2561 3614 ἐθνος
2586 3547 2977 3618 ἐκπολεμώσας
2991 3544 3176 3604 αὑτοῖς
3196 3540 3257 3593 τὸ
3270 3535 3566 3601 Ἰουδαίων,

1981 3647 2290 3721 προέδωκεν
2315 3645 2565 3715 ὕστερον.
2586 3641 2698 3698 Kal
2722 3642 2774 3694 εἰ
2804 3640 2903 3712 μὲν
2922 3635 3208 3699 ἀσθενείας
3232 3629 3300 3704 ἦν
3328 3630 3389 3685 τὸ
3412 3626 3569 3721 γενό-

1983 3720 2164 3814 μενον,
2197 3739 2546 3807 συνέγνωσαν
2592 3734 2681 3792 ἀν·
2726 3736 2843 3790 νυνὶ
2871 3732 2928 3786 δὲ
2974 3726 3312 3800 κακουργίας
3360 3720 3577 3814 πολλῆς

1980 3832 2120 3890 εἶναι
2148 3833 2450 3904 ἐνομίζετο.
2489 3829 2637 3884 Ἔδει
2667 3828 2775 3900 γὰρ
2815 3825 3046 3897 τάληθὲς
3088 3822 3298 3885 εἰπεῖν,
3347 3816 3444 3870 καὶ
3489 3813 3567 3885 μὴ

1979 3929 2072 3980 τὸν
2109 3924 2338 3995 οὐρανὸν
2376 3919 2805 3990 ἐπαγγείλασθαι
2847 3917 3133 3987 ἀνθρωπον
3172 3913 3303 3966 ὂντα
3350 3907 3566 3978 θνητὸν,

1979 4018 2056 4081 ὥς
2082 4033 2240 4088 φατε.
2280 4016 2443 4069 Ὥστε
2482 4011 2794 4066 τούναντίον
2837 4009 2985 4071 εἰκὸς
3015 4004 3083 4078 ἦν
3127 4005 3325 4067 αὑτοὺς
3369 4001 3567 4066 ποιεῖν,

1981 4108 2273 4180 κηρύττειν
2297 4105 2396 4177 τὴν
2428 4102 2666 4173 ἀπάτην,
2681 4101 2794 4160 ,καὶ
2837 4100 3018 4168 λέγειν
3047 4096 3212 4150 αὑτὸν
3243 4093 3444 4165 εἴρωνα
3470 4090 3568 4142 καὶ

1980 4204 2174 4273 γόητα·
2204 4200 2348 4255 οὑτω
2372 4198 2481 4270 γὰρ
2510 4196 2577 4251 ἂν
2604 4195 2701 4250 καὶ
2728 4193 2837 4248 τῶν
2859 4191 3121 4246 κινδύνων
3147 4185 3565 4273 ἀπηλλάγησαν,

1978 4272 2124 4347 οὑτω
2151 4289 2247 4344 καὶ
2272 4289 2364 4343 τὸν
2396 4287 2634 4358 πόλεμον
2670 4283 2890 4338 ἐλυσαν.
2921 4282 2983 4334 Εἰ
3017 4279 3125 4352 γὰρ
3158 4279 3274 4341 τοῖς
3300 4272 3567 4346 στρατιώ-

1977 4400 2100 4448 ταις
2148 4380 2415 4454 άργύριον
2459 4378 2667 4432 ἔδωκαν
2692 4376 2742 4431 οἰ
2785 4373 3028 4429 Ἰουδαῖοι
3061 4372 3149 4425 ἵνα
3192 4370 3439 4431 εῖπωσιν,
3482 4366 3569 4418 ὅτι

1980 4476 2215 4546 ἔκλεψαν
2250 4474 2312 4529 τὸ
2343 4472 2524 4544 σῶμα·
2558 4471 2608 4525 εί
2646 4466 3012 4540 παρελθόντες
3040 4461 3195 4518 εἷπον
3238 4460 3289 4513 οἰ
3326 4457 3569 4529 μαθηταὶ

1981 4572 2065 4626 ὃτι
2103 4567 2469 4639 Ἐκλέψαμεν,
2500 4565 2596 4622 καὶ
2628 4563 2728 4618 οὐκ
2753 4561 2992 4628 ἀνέστη,
3036 4554 3197 4620 ποίας
3223 4553 3289 4608 ἀν
3321 4551 3421 4605 οὑκ
3456 4550 3566 4602 ἀπκ

1982 4664 2218 4717 έλαυσαν
2251 4661 2454 4731 τιμῆς;
2485 4659 2652 4710 Ὥστε
2680 4655 2811 4725 ἐξῆν
2838 4654 3022 4716 αὑτοῖς
3063 4649 3157 4704 καὶ
3179 4644 3444 4719 τιμᾶσθαι
3474 4642 3573 4697 καὶ

1986 4753 2403 4825 στεφανοῦσθαι.
2449 4749 2608 4814 Τίνος
2655 4744 2750 4803 οῦν
2782 4747 2970 4801 ἐνεκεν
2999 4742 3060 4798 τὸ
3106 4736 3433 4812 ὑϐρίζεσθαι
3471 4735 3570 4789 καὶ

1984 4844 2317 4902 κινδυνεύειν
2337 4837 2871 4910 ἀντικατηλλάξαντο
2900 4835 3130 4899 τούτων,
3153 4831 3203 4885 εί
3235 4829 3313 4901 μὴ
3342 4826 3462 4881 θεία
3485 4841 3571 4888 τις

1982 4934 2052 5011 ἦν
2079 4941 2113 5010 ή
2141 4937 2404 4991 πείθουσα
2446 4933 2647 4996 αὐτοὺς
2683 4930 2944 5001 δύναμις,
2992 4928 3026 4999 ἡ
3068 4925 3282 4981 τούτων.
3312 4920 3571 4977 ἀπάντων

1983 5030 2364 5100 δυνατωτέρα;
2416 5027 2480 5082 Εἰ
2518 5027 2576 5081 δὲ
2622 5024 2848 5096 μηδέπω
2879 5021 3173 5091 πείθομεν,
3216 5015 3434 5085 λογίζου
3468 5013 3573 5065 κά·
3663 5065 3689 5091 ς

1984 5125 2151 5187 κεῖνο,
2183 5121 2265 5174 ὃτι
2289 5121 2338 5173 εί
2369 5119 2444 5193 μὴ
2465 5119 2624 5173 τοῦτο
2654 5114 2746 5189 ἦν,
2776 5114 2879 5170 κᾶν
2906 5117 2955 5168 εἰ
2985 5112 3190 5184 σφόδρα
3222 5105 3572 5180 παρεσκευά-

1985 5213 2162 5281 ζοντο,
2204 5214 2304 5268 οὑκ
2333 5213 2407 5267 ἂν
2431 5209 2694 5284 ἐπ”αεύτῷ
2738 5209 2800 5262 τὸ
2833 5209 3095 5281 κήρυγμα
3126 5201 3425 5275 ἐκήρυξαν,
3455 5195 3573 5252 ἀλλ’

1984 5307 2421 5379 ἀπεστράφησαν
2445 5304 2630 5359 αὑτόν.
2665 5304 2809 5357 Ἰστε
2838 5300 2947 5372 γὰρ
2970 5300 3055 5353 ὅτι
3085 5296 3209 5353 οὑδὲ
3238 5295 3308 5350 τὰ
3333 5293 3576 5364 ὀνόματα

1987 5398 2297 5472 βουλόμεθα
2315 5398 2426 5452 τῶν
2448 5397 2518 5452 τὰ
2543 5395 2770 5451 τοιαῦτα
2795 5391 3128 5448 ἀπατῶντων
3149 5389 3298 5462 ἡμᾶς
3328 5384 3572 5442 ἀκούειν.

1986 5491 2143 5554 Τίνος
2169 5489 2225 5542 δὲ
2257 5488 2441 5545 ἕνεκεν
2464 5486 2559 5542 καὶ
2588 5487 2887 5558 ἐκήρυττον
2910 5481 3079 5539 αὑτοῦ
3096 5481 3154 5536 τὺ
3176 5482 3384 5551 δνομα;
3409 5491 3579 5546 προσυ

1984 5580 2253 5645 δοκῶντες
2292 5580 2376 5634 ὅτι
2416 5580 2755 5651 κρατήσουσι
2806 5577 2874 5631 δι’
2914 5576 3118 5643 αὑτοῦ;
3170 5577 3267 5630 καί
3312 5574 3419 5646 μὴν
3450 5573 3576 5624 τού-

1986 5673 2203 5728 ναντίον
2227 5673 2393 5744 ἐχρῆν
2426 5671 2753 5743 προσδοκᾷν,
2788 5671 2871 5724 ὅτι
2906 5671 2955 5723 εἰ
2986 5670 3081 5725 καί
3117 5667 3340 5739 ἔμελλον
3368 5665 3577 5737 κρατή-

1990 5785 2125 5831 σειν,
2158 5766 2442 5844 ἀπώλοντο
2471 5765 2788 5828 ἀπατεῶνος
2806 5764 2977 5833 ὄνομα
2999 5762 3259 5831 φέροντες
3280 5762 3361 5822 εἰς
3384 5758 3574 5829 μέσον.

1991 5860 2053 5917 Et
2079 5859 2138 5918 δὲ
2166 5858 2461 5916 συσκιάσαι
2494 5856 2564 5911 τὰ
2588 5855 2828 5933 πρότερα
2850 5852 3155 5924 ἐϐούλοντο,
3184 5852 3290 5908 ἔδει
3323 5850 3572 5923 σιγῆσαι,
