4086 6424
533 222 611 279 45
1254 215 1311 271 S.
1352 217 1640 275 JOANNIS
1678 210 2172 273 CIIBYSOSTOMI
2206 209 2532 272 ARCHIEP.
2566 215 3116 275 CONSTANTINOP.
3725 226 3800 283 46

528 335 606 399 ιῖις
636 335 696 388 τό
723 349 787 401 γε
819 329 1286 399 ἐπαγωνίζεσθαι,
1346 330 1608 398 μειζόνως
1642 328 1850 397 ἀνῆπτε
1894 326 1990 381 καὶ
2022 324 2114 377 τόν

529 418 769 487 πόλεμον
800 415 894 468 καὶ
925 414 1016 468 τὸν
1055 413 1285 481 γέλωτα.
1321 413 1492 466 Πόθεν
1533 409 1627 466 οὖν
1656 411 1889 483 ἐπῆλθεν
1928 409 2113 471 αὐτοῖς

530 500 842 554 ἀναπλάσαι
865 496 1122 564 τοιαῦτα;
1161 496 1256 550 καὶ
1294 494 1403 567 γὰρ
1434 495 1579 566 ἆπερ
1613 496 1872 566 ἥκουσαν,
1900 491 2112 547 ἀπώλεο

530 602 653 638 σαν.
688 584 752 636 Εἰ
788 582 845 637 δὲ
892 582 992 635 οὐκ
1034 580 1187 644 ὄντος
1234 577 1400 647 φόϐου
1450 577 1621 632 πολλά
1666 577 2113 642 ἐπελανθάνοντο,

529 667 626 721 καί
653 683 774 719 τινα
795 664 915 719 ούδέ
936 664 1141 728 ἐνόουν,
1170 660 1353 726 καθὼς
1381 662 1473 714 καὶ
1496 664 1526 715 ὁ
1545 662 1937 732 εὐαγγελιστής
1957 677 2114 731 φησι,

528 751 785 806 τοσούτου
820 747 1072 803 κινδύνου
1101 744 1522 808 καταλαϐόντος,
1539 746 1657 809 πῶς
1681 746 1781 799 οὐκ
1810 745 1876 799 ἂν
1901 745 2116 797 ἅπαντα

530 837 709 891 αὐτῶν
749 835 1004 901 ἀπέπτη;
1039 832 1149 884 Kal
1190 829 1241 883 τί
1279 830 1424 897 λέγω
1464 830 1533 884 τὰ
1572 831 1831 902 ῥήματας
1870 830 2005 883 ὅπου
2050 844 2115 896 γε

530 920 628 976 καὶ
667 920 695 970 ὁ
727 917 862 988 πρὸς
891 914 1054 968 αὑτὸν
1089 912 1181 966 τὸν
1218 912 1541 967 διδάσκαλον
1573 913 1736 977 πόθος
1770 913 1953 984 ηρέμα
1987 929 2115 966 κατ-

530 1003 856 1075 εμαραίνετο
881 999 957 1069 τῷ
982 997 1133 1069 φόϐῳ
1158 996 1268 1051 τῶν
1295 999 1598 1069 ἐσομένων·
1633 998 1771 1069 ὅπερ
1804 998 1989 1060 αὐτοῖς
2022 995 2116 1049 καί

529 1084 829 1139 ὠνείδισεν.
868 1080 1086 1151 Ἐπειδὴ
1128 1078 1238 1151 γὰρ
1282 1080 1388 1151 πρὸ
1416 1079 1608 1133 τούτου
1642 1081 1738 1150 μὲν
1767 1078 2118 1150 ἐκκρεμάμε-

531 1185 612 1222 νοι
639 1165 827 1231 αὐτοῦ,
875 1163 1115 1235 συνεχῶς
1141 1162 1389 1235 ἠρώτων,
1424 1161 1534 1216 Ποῦ
1571 1163 1839 1231 ύπάγεις;
1890 1162 2117 1232 ὕστερον

528 1250 608 1313 δὲ,
655 1251 743 1303 ὅτε
775 1249 901 1311 τοὺς
947 1248 1195 1319 μακροὺς
1227 1247 1477 1300 ἀπέτεινε
1515 1247 1708 1315 λόγους
1744 1246 1814 1300 τά
1854 1246 2004 1299 δεινά
2037 1246 2112 1298 διο

528 1334 833 1408 ηγούμενος
864 1331 935 1387 τὰ
959 1332 1090 1402 παρ’
1120 1332 1280 1386 αὐτὸν
1304 1331 1396 1384 τὸν
1429 1331 1662 1404 σταυρὸν
1687 1330 2114 1401 καταληψόμενα

530 1419 748 1482 αὐτοὺς,
777 1414 896 1470 εἶτα
925 1413 1004 1485 τῷ
1029 1415 1139 1468 δέει
1170 1413 1438 1483 παγέντες
1472 1414 1838 1485 ἐναπέμειναν
1870 1414 2113 1485 ἀχανεῖς·

529 1502 766 1555 ἄκουσον
793 1500 912 1563 πῶς
934 1498 1093 1552 τοῦτο
1119 1498 1252 1551 αὐτὸ
1279 1499 1544 1569 προφέρει
1565 1498 1749 1560 αὐτοῖς
1773 1496 1968 1565 λέγων·
2005 1499 2117 1550 Οὐ⁶

529 1584 656 1651 ὃείς
699 1584 767 1648 ἐξ
798 1579 965 1652 ὑμῶν
992 1580 1181 1649 ἐρωτᾷ
1217 1597 1311 1651 με*
1366 1578 1491 1634 Ποῦ
1524 1580 1809 1648 ὑπάγεις;
1850 1578 1988 1634 ἀλλ’
2027 1578 2117 1631 ὅτι

529 1666 844 1733 λελάληκα
869 1663 1016 1734 ὑμῖν
1036 1663 1242 1729 ταῦτα,
1275 1664 1313 1731 ἡ
1343 1664 1508 1730 λύπη
1532 1662 1928 1731 πεπλήρωκεν
1950 1661 2117 1730 ὑμῶν

528 1751 647 1817 τὴν
680 1750 951 1818 καρδίαν.
1003 1749 1065 1800 Εἰ
1106 1747 1285 1800 τοίνυν
1330 1746 1737 1817 προσδοκῶντες
1786 1746 1948 1799 αὐτὸν
1981 1746 2114 1797 ἀπο-

533 1833 808 1887 θανεῖσθαι
831 1831 923 1885 καὶ
952 1828 1353 1898 ἀναστήσεσθαι
1375 1827 1546 1892 οὕτως
1568 1828 1790 1898 ἤλγουν,
1808 1828 2116 1881 ἀναστάντα

530 1917 692 1970 αὐτὸν
725 1916 799 1984 μὴ
832 1915 1053 1977 ἰδόντες,
1082 1913 1198 1976 πῶς
1228 1912 1328 1965 ούκ
1361 1912 1426 1965 ἂν
1452 1912 1752 1975 ἀπώλοντο,
1787 1911 1880 1963 καὶ
1910 1913 1989 1974 εἰς
2014 1911 2115 1963 αύ-

529 2002 631 2070 τὴν
664 2000 725 2053 ἂν
759 1998 1096 2053 ἐσπούδασαν
1127 1995 1418 2050 καταδῦναι
1454 1997 1554 2068 τὴν
1602 1997 1727 2066 γῆν,
1770 1996 1864 2049 καὶ
1906 1994 2115 2065 ἀθυμίᾳ

530 2087 597 2155 τῇ
629 2085 724 2154 τῆς
773 2084 989 2152 ἀπάτης
1030 2082 1124 2134 καὶ
1169 2080 1279 2134 δέει
1320 2080 1429 2132 τῶν
1474 2080 1745 2151 ἐσομένων
1796 2078 2113 2150 πολιορκού-

576 2183 683 2219 ενοι
698 2184 712 2231 ;

534 2186 865 2307 “fama
891 2248 946 2300 δέ
970 2247 1062 2300 καὶ
1094 2246 1165 2300 τὰ
1201 2246 1379 2318 ὑψηλά
1400 2247 1581 2308 αὐτοῖς
1608 2244 1882 2315 δόγματα;
1908 2242 1977 2298 τά
2004 2243 2113 2314 γὰρ

529 2335 842 2405 ύῂλότερα
870 2332 1096 2402 ὕστερον
1125 2328 1280 2385 εἶπεν
1302 2331 1498 2394 αὐτοὺς
1531 2329 1882 2382 ἀκούσεσθαι·
1907 2332 2114 2383 Πολλὰ

527 2420 637 2490 ’γάρ
691 2420 810 2490 ἔχω
862 2417 1066 2486 λέγειν
1098 2415 1258 2484 ὑμῖν,
1311 2416 1499 2486 φησὶν,
1550 2414 1689 2468 ἀλλ’
1726 2414 1799 2467 οὺ
1848 2412 2114 2467 δύνασθε

521 2501 849 2568 ,ϐαστάζειν
873 2499 989 2571 [40]
1014 2498 1337 2568 ἀρτι.Ὤστε
1358 2499 1426 2551 τὰ
1443 2498 1771 2567 λειπόμενα·
1804 2496 2113 2568 ὑψηλότερα

524 2583 616 2658 ἦν.
644 2579 739 2647 Εἷς
764 2583 819 2637 δὲ
846 2583 956 2636 τῶν
986 2581 1246 2653 μαθητῶν
1285 2582 1406 2634 οὐδὲ
1442 2583 1522 2643 εἰς
1553 2581 1652 2650 τὴν
1695 2579 1952 2633 Ἰουδαίαν
1982 2578 2112 2651 ἠθε-

526 2668 618 2723 λεν
646 2665 902 2721 ἀπελθεῖν
939 2663 1057 2732 μετ’
1090 2663 1278 2731 αὐτοῦ,
1325 2663 1511 2732 ἐπειδὴ
1554 2661 1813 2716 κινδύνων
1856 2663 2110 2733 ἤκουσεν,

526 2752 641 2808 ἀλλ’
675 2751 878 2819 ἔλεγεν·
927 2746 1303 2816 Ἀπέλθωμεν
1333 2747 1431 2800 καὶ
1454 2746 1642 2816 ἡμεῖς,
1675 2748 1775 2799 ἵνα
1802 2745 2112 2800 ἀποθάνω-

521 2833 786 2904 μενμετ*
818 2831 1007 2885 αὐτοῦ
1030 2845 1043 2858 ·
1081 2829 1448 2901 βαρυνόμενος
1489 2829 1677 2898 ἐπειδὴ
1714 2828 2113 2900 προσεδόκησεν

528 2914 939 2970 ἀποθανεῖσθαι.
1002 2913 1066 2966 Εἰ
1113 2913 1171 2966 δέ
1225 2914 1341 2983 μετ’
1383 2912 1548 2967 αὐτοῦ
1595 2912 1671 2964 ῶν
1713 2913 2114 2983 προσεδόκησεν

528 2997 940 3058 ἀποθανεῖσθαι,
977 2996 1070 3049 καί
1117 2994 1365 3049 ἀνεδύετο
1409 2995 1496 3049 διά
1533 2994 1710 3058 τοῦτο,
1753 2997 1921 3066 χωρὶς
1947 2994 2112 3048 αὑτοῦ

527 3082 625 3137 καὶ
675 3081 782 3137 τῶν
821 3079 1025 3133 λοιπῶν
1068 3077 1329 3150 μαθητῶν
1378 3079 1431 3131 τί
1485 3078 1587 3131 οὐκ
1639 3078 1705 3133 ἀν
1746 3079 1944 3149 ἧλπισε
1989 3078 2112 3131 τότε

529 3164 725 3218 παθεῖν
757 3164 816 3230 b;
847 3164 954 3217 Kal
989 3162 1153 3225 πολὺς
1175 3165 1203 3214 ό
1230 3160 1451 3231 ἔλεγχος
1477 3156 1545 3233 ἦν
1571 3162 1670 3233 τῆς
1699 3162 2111 3232 ἀναισχυντίας.

528 3250 595 3302 Τί
618 3247 676 3305 δὲ
710 3247 804 3302 καὶ
837 3241 983 3316 εἶχον
1018 3247 1193 3299 εἰπεῖν
1242 3245 1516 3310 ἐξιόντες
1550 3245 1623 3297 Τὸ
1668 3245 1767 3315 μὲν
1796 3244 1906 3318 γάρ
1940 3247 2112 3311 πάθος

461 3319 468 3329 ’
527 3335 562 3403 ἡ
584 3330 880 3401 οἰκουμένη
900 3330 1050 3384 πᾶσα
1076 3329 1213 3400 ᾖδεν
1239 3329 1332 3382 καὶ
1356 3328 1466 3399 γὰρ
1490 3328 1574 3398 ἐφ’
1608 3327 1811 3400 ὑψηλοῦ
1836 3329 2112 3401 ἐκρέματο

526 3415 620 3470 τοῦ
649 3415 845 3489 ίκρίου,
875 3413 970 3466 καὶ
1000 3414 1056 3465 ἐν
1103 3412 1286 3483 ἡμέρᾳ
1333 3412 1496 3484 μέσῃ,
1538 3410 1634 3464 καὶ
1665 3412 1722 3464 ἐν
1754 3413 2106 3484 μητροπόλει,

528 3501 623 3556 καὶ
647 3501 704 3552 ἐν
737 3500 899 3570 ἑορτῇ
949 3495 1205 3568 μεγίστῃ,
1249 3496 1308 3549 ἐν
1416 3495 1650 3565 μάλιστα
1675 3494 1775 3546 οὐκ
1818 3496 1945 3565 ἐνῆν
1988 3512 2110 3550 τινα

527 3582 942 3653 ἀπολειφθῆναιο
977 3581 1077 3650 τὴν
1105 3579 1163 3632 δὲ
1189 3579 1484 3632 ἀνάστασιν
1510 3577 1686 3641 οὐδεὶς
1708 3572 1815 3631 εἶδε
1845 3577 1951 3632 τῶν
1979 3578 2111 3645 ἔξω·

529 3667 640 3732 θεν,
670 3666 807 3736 ὅπερ
838 3665 898 3717 ού
929 3663 1123 3733 μικρὸν
1146 3661 1331 3724 αὐτοῖς
1363 3661 1498 3731 πρὸς
1526 3659 1586 3712 τδ
1618 3660 1823 3714 πείθειν
1852 3662 2111 3732 ἐμπόδιον

526 3744 616 3821 ἦν.
652 3749 762 3804 Kal
797 3748 1000 3818 ὅτιμὲν
1034 3746 1233 3816 ἐτάφη,
1266 3747 1466 3808 πάντες
1508 3743 1875 3815 διεθρύλλουνο
1909 3747 2001 3799 καὶ
2029 3747 2111 3800 ὅτι

529 3832 762 3901 ἔκλεψαν
792 3831 852 3884 τὸ
894 3831 1054 3901 σῶμα
1083 3828 1246 3883 αὑτοῦ
1278 3831 1327 3881 οἰ
1358 3826 1636 3898 μαθηταὶ,
1689 3830 1738 3881 οί
1776 3829 2112 3898 στρατιῶται

532 3917 670 3986 μετά
698 3915 807 3968 τῶν
848 3914 1117 3968 Ἰουδαίων
1151 3912 1408 3966 ἀπάντων
1443 3909 1648 3978 ἔλεγοψ
1680 3910 1763 3963 ὅτι
1788 3909 1846 3963 δέ
1887 3912 2108 3982 ἀνέστη,

523 3998 636 4053 τῶν
677 3997 879 4065 ἔξωθεν
925 3997 1104 4060 οὐδεὶς
1153 3990 1282 4048 εἶδε.
1336 3992 1508 4047 Πόθεν
1561 3988 1656 4046 οὖν
1704 3995 2112 4066 προσεδόκησαν

526 4080 738 4137 πείθειν
769 4083 867 4152 τὴν
901 4079 1256 4149 οἰκουμένην;
1304 4078 1367 4131 Εἰ
1401 4077 1511 4146 γὰρ
1550 4075 1847 4146 θαυμάτων
1888 4080 2111 4148 γινομέ-

527 4180 634 4216 νων
663 4163 993 4235 στρατιῶται
1027 4161 1363 4231 ἐπείσθησαν
1391 4159 1463 4214 τὰ
1488 4158 1709 4213 ἐναντία
1739 4160 2108 4231 μαρτυρῆσαι,

527 4246 692 4300 πόθεν
717 4245 1060 4317 προσεδόκων
1089 4239 1231 4299 οὗτοι
1271 4244 1439 4315 χωρὶς
1470 4241 1764 4313 θαυμάτων
1795 4243 2108 4313 κηρύττειν,

527 4331 624 4385 καὶ
652 4328 789 4403 μηδὲ
818 4327 1002 4384 ὀϐολὸν
1036 4326 1364 4397 κεκτημένοι
1395 4324 1604 4379 πείθειν
1648 4326 1754 4395 γῆν
1783 4327 1882 4379 καὶ
1913 4325 2111 4378 θάλατ-

526 4430 625 4467 ταν
651 4413 782 4484 περὶ
807 4411 907 4481 τῆς
940 4411 1317 4475 ἀναστάσεω;;
1352 4410 1400 4461 εἰ
1427 4408 1486 4461 δέ
1513 4407 1671 4478 δόξης
1693 4409 1929 4480 ἐρῶντες
1953 4409 2112 4463 τοῦτο

527 4497 779 4558 ἐποίουν,
813 4492 992 4564 πολλῷ
1029 4493 1229 4562 μᾶλλον
1273 4491 1339 4544 ἂν
1386 4491 1618 4553 ἕκαστος
1652 4492 1830 4562 ἐαυτῷ
1867 4492 2112 4563 δόγματα

529 4579 891 4648 ἐπεφήμισεν,
915 4576 1036 4644 οὐχὶ
1062 4574 1139 4644 τῷ
1160 4572 1463 4626 ἀπελθόντι.
1490 4572 1630 4625 Ἀλλ’
1650 4575 1750 4626 οὐκ
1773 4576 1839 4628 ἂν
1859 4574 2114 4648 ἐπείσθη-

531 4678 631 4717 σαν
673 4660 858 4720 αὐτοῖς
887 4660 934 4710 οί
981 4656 1289 4727 ἀνθρωποις
1330 4657 1440 4709 Καὶ
1488 4656 1616 4725 περὶ
1644 4657 1789 4720 τίνος
1823 4658 2112 4724 ἀκούοντες

532 4743 735 4817 μᾶλλον
771 4740 1085 4807 ἐπίστευον;
1140 4739 1268 4808 περὶ
1316 4738 1527 4793 ἐκείνου
1574 4739 1669 4792 τοῦ
1715 4740 2112 4812 συλληφθέντος

529 4827 626 4884 καὶ
662 4825 1067 4895 παυρωθέντος
1091 4863 1105 4887 ,
1154 4823 1187 4892 ἢ
1241 4824 1371 4894 περὶ
1413 4823 1593 4877 αὐτῶν
1634 4823 1743 4876 τῶν
1779 4824 1880 4889 τὰς
1924 4829 2112 4900 χεῖρας

528 4910 877 4980 ἐκφυγόντων
919 4910 1019 4970 τὰς
1064 4906 1394 4972 Ἰουδαῖκάς;
1442 4907 1599 4970 Τίνος
1639 4907 1698 4960 δὲ
1731 4908 1937 4973 ἕνεκεν,
1988 4912 2113 4966 εἰπέ

534 5012 645 5059 μοι,
680 4992 964 5064 μέλλοντες
993 5001 1016 5030 ο
1047 4990 1207 5044 τοῦτο
1236 4993 1434 5054 ποιεῖν,
1478 4991 1579 5045 οὐκ
1614 4991 1817 5057 εὐθέως
1846 4995 1945 5065 τὴν
1979 4994 2112 5049 Ἰους-

529 5077 685 5130 Faiav
713 5074 964 5143 ἀφέντες,
1017 5076 1098 5137 είς
1150 5073 1251 5137 τὰς
1303 5073 1411 5141 ἔξω
1459 5074 1640 5137 πόλεις
1685 5074 1949 5145 ἀπῆλθον,
1995 5078 2110 5131 ἀλλ’

530 5157 677 5213 ἔιδον
705 5157 1061 5229 ἐστρέφοντος
1098 5157 1224 5220 Πῶς
1272 5157 1349 5222 δέ,
1397 5159 1447 5210 εἰ
1499 5157 1573 5229 μὴ
1620 5162 1824 5231 σημεῖα
1852 5161 2069 5216 ἐποίουν
2093 5204 2109 5228 ,

530 5241 776 5306 ἔπειθον;
831 5240 941 5294 Kal
990 5241 1040 5296 εἰ
1096 5240 1195 5310 μέν
1245 5240 1462 5294 ἐποίουν
1490 5240 1729 5312 (ἐποίουν
1782 5242 1935 5314 γάρ),
1972 5244 2109 5298 Θεοῦ

529 5325 759 5394 δύναμις
796 5319 863 5395 ἦν
891 5324 951 5377 τὸ
969 5324 1268 5394 γινόμενον’
1302 5325 1351 5376 εἰ
1381 5324 1438 5377 δὲ
1475 5324 1548 5396 μὴ
1585 5325 1800 5378 ἐποίουν
1826 5330 1918 5380 καὶ
1946 5331 2113 5400 ἐκρά-

527 5424 677 5472 τουν,
702 5407 834 5459 πολὺ
858 5404 1297 5476 θαυμαστότερον
1324 5403 1391 5477 ἦν
1420 5406 1482 5459 τὸ
1508 5407 1739 5475 συμϐάν.
1771 5409 1889 5462 Οὐκ
1911 5411 2111 5484 ᾔδεσαν

540 5491 847 5557 Ἰουδαίους,
876 5491 995 5543 εἰπέ
1023 5506 1133 5562 μοι,
1161 5492 1257 5543 καὶ
1281 5490 1379 5561 τὴν
1406 5493 1649 5562 πονηρὰν
1668 5493 1849 5547 αὐτῶν
1879 5496 2112 5567 μελέτην

592 5660 618 5723 9
653 5659 911 5721 chebatur
954 5661 1017 5722 μή
1059 5658 1305 5720 λεγόμενα.
1388 5657 1416 5723 ἰ»
1452 5659 1644 5715 ῐῐαθεῖν,
1683 5661 1814 5723 quod
1847 5660 2023 5710 deerat
2059 5664 2109 5711 in

529 5720 974 5778 mlitis.rhabeluf
1018 5725 1066 5770 in
1111 5723 1271 5785 [legio
1322 5720 1428 5769 eud.
1504 5725 1536 5785 _°
1587 5720 1848 5784 urgebatur
1895 5724 2109 5785 ἔμελλον,

530 5794 664 5894 ἴαν-Υ,
709 5784 771 5839 εἰς
809 5802 853 5833 τ.
896 5785 933 5833 ἔ.
980 5784 1091 5833 πόλ.
1137 5783 1352 5840 ἐπῆλθον.
1397 5781 1544 5846 ριιιιίο
1587 5781 1708 5847 ιέυὲί.
1765 5785 1818 5835 Εἰ
1880 5781 1962 5846 μὲν
2018 5786 2107 5849 γὰρ

558 5858 737 5894 ποιουν.

2217 327 2310 379 καὶ
2338 327 2436 400 τὴν
2470 328 2678 398 φθόνων
2714 330 2992 401 γέμουσαν
3024 333 3238 405 ψυχήνς
3275 335 3383 388 Kal
3418 334 3529 409 7&9
3554 337 3798 393 Μωῦσέα

2215 409 2469 464 ἐλίθασαν
2503 412 2640 482 μετά
2666 414 2727 467 τὸ
2763 414 2993 484 πέλαγος
3014 416 3153 488 ὅπερ
3178 417 3506 485 ἐπέζευσαν,
3533 418 3674 490 μετά
3694 421 3798 491 τὴν

2218 492 2375 565 νίκην
2419 494 2513 547 καὶ
2545 495 2608 548 τὸ
2638 496 2900 566 τρόπαιον
2947 499 3124 552 ἐκεῖνο
3157 499 3218 553 τὸ
3269 500 3612 570 θαυμαστὸν,
3657 502 3800 573 ὅπερ

2218 575 2452 645 ἔστησαν
2479 579 2748 650 ἀναιμωτί
2790 581 2878 635 διά
2907 582 3016 637 τῶν
3048 583 3260 637 ἐκείνου
3298 584 3496 656 χειρῶν
3521 585 3663 639 κατά
3685 585 3809 639 τῶν

2214 662 2641 733 δουλωσαμένων
2666 662 2692 704 ά
2722 665 2918 729 αὐτοὺς
2952 668 3282 735 Αἰγυπτίων,
3322 668 3464 738 μετά
3499 668 3560 722 τὸ
3595 669 3800 739 μάννα,

2220 744 2360 814 μετὰ
2384 745 2482 809 τὰς
2516 746 2723 817 πέτρας
2762 748 2860 803 καὶ
2899 751 2999 813 τὰς
3045 752 3229 822 πηγὰς
3267 752 3375 805 τῶν
3407 752 3673 823 ποταμῶν
3695 754 3802 817 τὰς

2217 827 2426 881 ἐκεῖθεν
2471 831 2753 899 ῥαγείσας,
2791 831 2931 901 μετά
2974 833 3041 887 τά
3082 835 3252 905 μυρία
3283 835 3543 905 θαύματα
3590 837 3661 889 τὰ
3707 836 3806 889 ἐπὶ

2215 912 2316 981 τῆς
2345 912 2621 981 Αἰγύπτου
2646 915 2741 968 xal
2764 916 2864 986 τῆς
2901 916 3167 989 Ἐρυθρᾶς
3187 918 3282 971 καὶ
3309 917 3411 989 τῆς
3426 918 3658 989 ἐρήμου·
3701 917 3803 970 Ἰε-

2220 995 2418 1064 ρεμίαν
2440 997 2520 1058 είς
2551 995 2753 1051 λάκκον
2780 999 3053 1064 ἐνέϐαλον,
3085 1002 3181 1054 καὶ
3204 1000 3433 1063 πολλοὺς
3454 1000 3563 1054 τῶν
3587 1017 3809 1073 προφη-

2216 1079 2327 1134 τῶν
2353 1080 2718 1149 κατέσφαξαν.
2739 1082 3006 1136 ’Δκουσον
3030 1084 3160 1153 γοῦν
3181 1084 3235 1137 τί
3259 1101 3423 1155 φησιν
3447 1084 3633 1148 Ἠλίας
3662 1084 3806 1154 μετά

2216 1162 2311 1216 τὸν
2342 1163 2572 1235 φοϐερὸν
2597 1164 2755 1234 λιμὸν
2799 1166 3007 1221 ἐκεῖνον
3042 1166 3136 1221 καὶ
3168 1167 3261 1221 τὸν
3293 1166 3612 1239 θαυμαστὸν
3646 1166 3807 1221 ὑετὸν

2219 1255 2312 1307 καὶ
2346 1254 2446 1326 τὴν
2470 1255 2748 1325 λαμπάδα,
2779 1258 2847 1328 ἢν
2902 1259 2968 1311 ἐκ
3017 1258 3125 1312 τῶν
3158 1258 3401 1330 οὐρανῶν
3455 1258 3763 1329 κατήνεγκε
3785 1296 3804 1323 ,

2220 1337 2314 1391 καὶ
2347 1338 2407 1391 τὸ
2436 1339 2737 1410 παράδοξον
2765 1340 3142 1413 ὁλοκαύτωμα,
3185 1342 3261 1406 ὡς
3316 1343 3653 1413 πορρωτάτω
3701 1342 3810 1411 τῆς

2219 1420 2403 1491 χώρας
2444 1420 2622 1476 αὐτῶν
2662 1423 3040 1494 ἐλαυνόμενος·
3086 1426 3282 1493 Κύριε,
3318 1425 3461 1491 τοὺς
3491 1424 3809 1494 προφήτας

2219 1520 2337 1557 σου
2374 1504 2755 1569 ἀπέκτειναν,
2806 1508 2879 1562 τὰ
2906 1507 3307 1576 θυσιαστήριά
3351 1525 3469 1562 σου
3511 1507 3812 1562 κατέσκα-

2218 1589 2367 1654 ψαν,
2399 1586 2560 1656 κάξ-ὼ
2598 1590 2973 1658 ὑπελείφθην
3015 1592 3226 1658 μόνος,
3264 1592 3361 1645 καὶ
3416 1590 3660 1658 ζητοῦσι
3689 1589 3813 1657 τὴν

2218 1669 2430 1741 ψυχήν
2448 1690 2587 1740 μου.
2619 1671 2734 1746 [41]
2769 1675 2962 1728 Καίτοι
2992 1690 3055 1742 γε
3095 1676 3248 1729 οὐδὲν
3273 1676 3381 1728 τῶν
3409 1675 3656 1746 νομίμων
3686 1673 3811 1728 ἐκί-

2219 1770 2363 1830 νουν.
2418 1754 2642 1819 Τούτοις
2674 1755 2767 1811 οὖν
2798 1757 2961 1811 πόθεν
2992 1753 3136 1830 εἰχον
3164 1759 3485 1830 προσέχειν;
3518 1758 3640 1811 εἰπέ
3673 1774 3768 1829 μοι
3792 1772 3810 1786 ⁸

2218 1826 2316 1892 καί
2343 1837 2452 1909 γάρ
2491 1838 2747 1893 ἁπάντων
2791 1836 2932 1912 ἦσαν
2986 1826 3219 1896 ἐκείνων
3267 1826 3685 1911 εὐτελέστεροι,
3709 1841 3815 1894 καὶ

2214 1920 2440 1974 τοιαῦτα
2461 1920 2867 1992 ἐκαινοτόμουν,
2890 1922 2956 1977 δι’
2974 1922 3008 1977 ἀ
3032 1925 3125 1977 καί
3148 1924 3240 1978 τὸν
3263 1924 3592 1979 Διδάσκαλον
3619 1924 3816 1977 ἐσταύο

2221 2021 2421 2073 pom-av.
2455 2007 2565 2059 Kal
2590 2005 2766 2069 ἄλλως
2796 2006 2874 2071 δὲ,
2904 2008 3005 2078 ούχ
3036 2007 3210 2072 οὕτως
3245 2008 3417 2062 ἐδόκει
3455 2008 3628 2062 δεινὸν
3662 2003 3814 2064 εἶναι

2214 2086 2278 2141 τὸ
2300 2087 2394 2141 τὸν
2423 2090 2661 2159 Χριστὸν
2691 2088 2866 2143 ταῦτα
2911 2091 3113 2159 λέγειν,
3147 2092 3240 2145 καὶ
3266 2091 3511 2156 τούτους.
3556 2092 3659 2144 Τὸν
3705 2093 3815 2160 μὲν

2214 2170 2324 2241 7&9
2385 2170 2516 2236 ῐσως
2570 2173 2818 2243 ἐνόμιζον
2873 2174 3051 2244 ἐαυτῷ
3110 2174 3268 2240 δόξαν
3308 2174 3587 2245 κτώμενον
3630 2174 3814 2227 ταῦτα

2216 2256 2410 2319 ποιεῖν,
2435 2255 2657 2319 τούτους
2701 2256 2757 2309 δέ
2816 2259 2909 2310 καὶ
2967 2258 3228 2327 μειζόνως
3279 2256 3345 2312 ἂν
3391 2259 3679 2329 ἐμίσησαν,
3706 2257 3815 2313 an

2216 2340 2357 2411 ὑπὲρ
2389 2340 2581 2412 ἐτέρου
2612 2339 2985 2410 πολεμοῦντας
3023 2342 3227 2405 αὐτοῖς.
3272 2342 3409 2395 Ἀλλ’
3439 2343 3489 2395 οί
3521 2343 3677 2410 νόμοι
3706 2342 3814 2395 af»-

2213 2425 2328 2486 τοῖς
2384 2422 2643 2495 ἐϐοήθουν
2688 2425 2737 2478 οί
2781 2424 3101 2493 Ῥωμαίων;
3152 2424 3293 2478 Ἀλλ’
3321 2425 3427 2479 ἀπὸ
3455 2424 3661 2478 τούτων
3708 2426 3816 2480 καὶ

2215 2506 2585 2572 ἐνεποδίζοντο
2626 2508 2846 2578 μᾶλλον·
2882 2508 2976 2560 καὶ
3006 2507 3116 2579 γὰρ
3156 2508 3360 2577 ἔλεγον
3395 2506 3519 2575 Πᾶς
3554 2510 3587 2563 ὁ
3615 2506 3817 2562 ποιῶν

2215 2588 2434 2643 ἑαυτὸν
2468 2591 2746 2651 ϐασιλέα,
2774 2593 2885 2644 οὐκ
2913 2591 3045 2644 ἔστι
3100 2592 3282 2660 φίλος
3332 2591 3439 2645 τοῦ
3480 2592 3810 2660 Καίσαρος.

2217 2672 2381 2726 Ὥστε
2408 2674 2569 2727 τοῦτο
2598 2675 2757 2743 μόνον
2801 2673 2986 2729 ἱκανὸν
3014 2671 3083 2747 ἦν
3114 2675 3429 2746 ἐμποδίσαι,
3460 2675 3541 2728 ὅτι
3580 2674 3672 2728 τοῦ
3712 2691 3813 2728 νοσ-

2219 2756 2504 2826 μισθέντος
2548 2753 2686 2810 εἶναι
2725 2758 2991 2827 τυράννου
3026 2758 3120 2811 καὶ
3156 2758 3397 2829 μαθηταὶ
3423 2754 3582 2831 ἦσαν,
3614 2758 3707 2811 καὶ
3729 2758 3811 2813 τὰ

2214 2840 2426 2894 ἐκείνου
2457 2841 2749 2913 κρατύνειν
2789 2841 3089 2897 ἐϐούλοντο,
3119 2842 3184 2895 Τί
3221 2842 3277 2896 δὲ
3309 2842 3447 2905 ὅλως
3480 2842 3675 2904 αὐτοὺς
3701 2843 3811 2894 ἐπ-

2213 2922 2350 2994 ῆρεν
2400 2926 2479 2987 εἰς
2527 2924 2814 2990 τοσούτους
2844 2924 3122 2990 κινδύνους
3154 2926 3449 2996 ἐμπεσεῖν;
3480 2925 3533 2978 τί
3580 2925 3638 2978 δέ
3670 2927 3811 2995 περὶ

2215 3006 2382 3059 αὐτοῦ
2422 3007 2674 3076 λέγοντες
2725 3008 2944 3061 ἐδόκουν
2973 3005 3110 3062 εἶναι
3139 3007 3166 3047 ἀ
3195 3008 3448 3074 πιθανοί;
3491 3009 3574 3063 ὅτι
3613 3010 3810 3061 ἐσταυο

2218 3088 2403 3159 ρώθη;
2442 3091 2524 3143 ὃτι
2575 3090 2686 3143 ἀπὸ
2733 3092 2990 3159 γυναικὸς
3029 3090 3224 3161 ἐτέχθη
3262 3091 3524 3154 Ἰουδαίας
3556 3091 3808 3161 πτωχῆς⁹

2226 3172 2469 3244 Ἰουδαίῳ
2499 3173 2712 3226 τέκτονι
2741 3174 3264 3244 μεμνηστευμένηςς
3301 3174 3385 3227 ὃτι
3429 3175 3487 3241 ἐξ
3518 3175 3703 3237 ἔθνους
3729 3170 3812 3245 ἦν

2214 3258 2281 3327 τῇ
2319 3255 2611 3327 οἰκουμένῃ
2647 3256 3132 3326 ἀπεχθανομένου;
3176 3255 3338 3310 Ἀλλά
3394 3255 3569 3309 ταῦτα
3621 3257 3813 3311 πάντα

2212 3340 2335 3410 ούχί
2358 3338 2565 3393 πείθειν
2593 3340 2753 3409 μόνον
2803 3339 2897 3393 καὶ
2942 3339 3267 3407 ἐφέλκεσθαι
3314 3340 3442 3402 τοὺς
3479 3338 3809 3407 ἀκούοντας,

2213 3420 2353 3475 ἀλλά
2381 3422 2475 3475 καὶ
2504 3421 2902 3489 προσίστασθαι
2936 3422 3103 3474 πᾶσιν
3125 3416 3191 3492 ἦν
3231 3421 3408 3487 ἱκανὰ,
3440 3422 3533 3476 καί
3564 3422 3813 3492 μάλιστα

2213 3504 2281 3557 τὰ
2312 3504 2459 3574 παρά
2488 3503 2581 3557 τοῦ
2629 3503 2954 3575 σκηνοποιοῦ
3007 3506 3101 3556 καὶ
3141 3503 3235 3557 τοῦ
3272 3504 3465 3569 ἁλιέως
3502 3504 3806 3575 λεγόμενα.

2214 3586 2327 3639 Ούκ
2350 3587 2416 3640 ἂν
2440 3582 2531 3639 οῦν
2557 3586 2729 3640 ταῦτα
2770 3589 2947 3641 πάντα
2980 3588 3271 3659 ἐνενόησαν
3302 3591 3351 3642 οἱ
3385 3588 3625 3660 μαθηταί
3650 3606 3664 3654 ;
3703 3592 3809 3646 καὶ

2212 3668 2323 3740 γὰρ
2354 3669 2410 3723 αἰ
2438 3669 2609 3724 δειλαὶ
2637 3670 2825 3739 φύσεις
2854 3671 3071 3724 πλείονα
3103 3672 3212 3724 τῶν
3243 3672 3411 3726 ὄντων
3437 3673 3805 3727 ἀναπλάττειν

2212 3753 2489 3806 δύνανταισ
2543 3753 2790 3806 τοιαῦται
2824 3754 2879 3807 δέ
2903 3751 3042 3825 ἦσαν
3077 3757 3132 3807 αἱ
3180 3755 3426 3808 ἐκείνων.
3481 3755 3652 3809 Πόθεν
3702 3752 3804 3811 οὖν

2213 3838 2442 3909 ἤλπιζον
2490 3836 2896 3910 κατορθώσειν;
2944 3839 3144 3909 μᾶλλον
3188 3838 3244 3892 δὲ
3289 3839 3389 3892 οὐκ
3418 3839 3673 3910 ἤλπισαν,
3704 3856 3805 3909 μυ-

2216 3922 2348 3992 ρίων
2367 3923 2538 3976 ὄντων
2559 3922 2666 3977 τῶν
2689 3923 3009 3991 ἀπαγόντων
3030 3934 3054 3963 θ
3079 3922 3298 3989 αὐτοὺς,
3329 3923 3383 3976 εί
3404 3940 3467 3992 γε
3500 3923 3577 3994 μὴ
3598 3922 3800 3997 ἀνέστη

2213 4009 2241 4062 ὁ
2262 4008 2520 4077 Χριστός.
3325 4066 3329 4083 Ι

2287 4096 2352 4142 a'.
2382 4091 2496 4143 Ούκ
2530 4087 2750 4159 εὔδηλον
2766 4089 2992 4152 καὶτοῖς
3024 4088 3225 4160 σφόδρα
3246 4088 3515 4157 ἀνοήτοις,
3545 4089 3627 4142 ὅτι
3650 4090 3699 4142 εἰ
3721 4089 3800 4161 μὴ

2213 4171 2467 4241 δαψιλοῦς
2499 4173 2591 4226 καὶ
2625 4174 2868 4242 μεγάλης
2896 4172 3208 4225 ἀπέλαυσαν
3231 4172 3473 4242 χάριτος,
3492 4171 3584 4224 καὶ
3612 4171 3800 4241 ἐνέχυ-

2218 4270 2286 4325 ρα
2312 4254 2411 4325 τῆς
2440 4255 2790 4317 ἀναστάσεως
2812 4253 3024 4317 ἔλαϐον,
3052 4254 3112 4309 οὐ
3142 4253 3301 4324 μόνον
3330 4253 3535 4323 πρᾶξαι
3559 4254 3654 4307 καὶ
3679 4255 3797 4307 ἐπι·

2215 4338 2488 4407 χειρῆσαι,
2515 4337 2628 4390 ἀλλ’
2654 4337 2775 4390 ούδέ
2799 4336 3051 4406 ἐννοῆσαι
3079 4336 3252 4389 ταῦτα
3277 4336 3570 4405 ἠδύναντο;
3599 4336 3660 4389 El
3686 4337 3797 4409 γὰρ

2212 4420 2484 4475 τοσούτων
2517 4421 2684 4475 ὄντων
2717 4419 3059 4490 κωλυμάτων
3106 4419 3241 4490 πρὸς
3273 4420 3334 4473 τί)
3380 4419 3795 4490 βουλεύσασθαι,

2212 4504 2275 4557 οὐ
2296 4503 2439 4573 λέγω
2463 4504 2599 4571 πρὸς
2643 4504 2705 4556 τὸ
2745 4502 3111 4574 κατορθῶσαι,
3148 4503 3243 4556 καὶ
3279 4502 3668 4555 ἐϐουλεύσαντο
3706 4505 3798 4556 καὶ

2214 4589 2294 4651 εἰς
2320 4587 2481 4659 ἔργον
2503 4588 2771 4656 ἐξήγαγον
2798 4588 2894 4639 καὶ
2924 4586 3147 4657 μείζονα
3176 4586 3357 4657 πάσης
3376 4586 3586 4651 ἐλπίδος
3615 4587 3798 4656 ἐποίη-

2216 4689 2337 4737 σαν,
2369 4671 2534 4724 παντί
2575 4688 2678 4724 που
2711 4670 2890 4739 δῆλον,
2932 4672 3016 4724 ὅτι
3062 4672 3162 4724 οὐκ
3195 4669 3510 4741 ἀνθρωπίνῃ
3546 4669 3793 4737 δυνάμει,

2213 4756 2351 4811 ἀλλά
2393 4755 2516 4827 θείᾳ
2544 4755 2729 4825 χάριτι
2761 4755 2937 4807 πάντα
2969 4754 3304 4826 εἰργάζοντο.
3350 4754 3585 4818 Τούτους
3614 4754 3798 4806 τοίνυν

2213 4840 2341 4903 τοὺς
2388 4838 2581 4907 λόγους
2615 4836 3002 4907 γυμνάζωμεν,
3064 4836 3138 4907 μὴ
3182 4836 3304 4890 καθ’
3341 4837 3565 4899 ἑαυτοὺς
3614 4836 3796 4905 μόνον,

2215 4921 2352 4977 ἀλλὰ
2380 4923 2474 4976 καὶ
2518 4922 2659 4991 μετά
2687 4919 2951 4990 ἀλλήλωνο
2985 4918 3048 4972 οῦ
3061 4936 3129 4972 τω
3152 4918 3196 4972 δ’
3234 4920 3302 4972 ἂν
3333 4919 3676 4990 εὐκολωτέρα
3705 4920 3800 4988 γέ-

2217 5007 2345 5059 νοιτ’
2379 5004 2445 5058 ἀν
2475 5005 2607 5075 ημῖν
2644 5004 2739 5056 καὶ
2795 5004 2828 5070 ή
2864 5002 2974 5057 τῶν
3013 5001 3215 5056 λοιπῶν
3247 5000 3481 5072 εῦρεσις.
3512 5001 3682 5073 Μηδὲ,
3713 5004 3800 5056 ὅτι

2217 5088 2567 5160 χειροτέχνης
2605 5082 2673 5149 εἴ,
2715 5085 3003 5157 ἀλλοτρίαν
3033 5085 3132 5155 τὴν
3160 5084 3389 5156 μελέτην
3414 5083 3615 5156 ταύτην
3657 5080 3797 5139 εἶναι

2215 5172 2425 5242 νόμιζε.
2464 5172 2575 5226 Kal
2615 5172 2723 5242 7&9
2766 5171 2976 5233 Παῦλος
3027 5169 3348 5240 σκηνοποιὺς
3403 5164 3492 5240 ἦν,
3524 5168 3660 5223 ἀλλὰ
3701 5165 3798 5222 καὶ

2217 5258 2420 5329 πολλῆς
2474 5256 2781 5327 ἐνεπλήσθη
2834 5255 2956 5308 τότε
3012 5255 3252 5324 χάριτος,
3320 5255 3476 5325 φησί,
3543 5250 3801 5305 κάκεῖθεν

2214 5343 2430 5398 ἅπαντα
2462 5341 2779 5409 ἐφθέγγετο.
2821 5338 2979 5391 Ἀλλὰ
3009 5337 3105 5390 καὶ
3134 5338 3239 5408 πρὸ
3268 5335 3364 5406 τῆς
3389 5337 3611 5406 χάριτος
3648 5340 3801 5405 παρά

2213 5426 2338 5488 τοὺς
2369 5425 2537 5488 πόδας
2589 5422 2935 5494 Γαμαλιήλου
2977 5416 3068 5491 ἦν·
3118 5420 3212 5472 καὶ
3261 5419 3363 5487 τὴν
3414 5421 3576 5488 χάριν
3612 5418 3667 5470 δὲ
3708 5417 3801 5471 διὰ.

2214 5509 2371 5562 τοῦτο
2406 5508 2623 5568 ἔλαϐεν,
2650 5505 2838 5575 ἐπειδὴ
2863 5502 3089 5573 γνώμην
3115 5501 3274 5567 ἀξίαν
3319 5501 3418 5571 τῆς
3447 5502 3666 5571 χάριτος
3702 5502 3804 5554 ἐπ-

2216 5591 2476 5658 εδείξατο,
2508 5590 2602 5644 καὶ
2633 5588 2772 5660 μετὰ
2800 5586 2975 5640 ταῦτα
3002 5585 3163 5638 πάλιν
3198 5584 3298 5654 τὴν
3326 5584 3520 5653 τέχνην
3552 5583 3803 5653 μετεχεί-

2281 5785 2308 5823 d
2333 5786 2415 5845 Sig
2454 5784 2600 5845 Reg.,
2626 5779 2831 5845 optima:
2851 5840 2860 5845 _
2880 5777 3030 5838 ΕιΙὶιί,
3057 5779 3228 5845 χειρῶν
3256 5778 3796 5845 καταδουλωσαμένων,

2281 5794 2308 5823 η
2333 5794 2415 5831 διο
2459 5794 2600 5845 Heg.,
2626 5794 2831 5841 Opllme.
2882 5794 3030 5838 num,
3057 5794 3124 5839 γει
3161 5795 3228 5825 ων
3273 5794 3706 5839 καταδουλωσαμεν

2231 5861 2250 5886 ο
2278 5843 2538 5907 Leqcbalur
2564 5849 2617 5892 αν
2642 5849 2749 5906 post
2787 5840 2997 5890 ἐδόκουν.
3075 5830 3092 5877 ί
3128 5794 3391 5903 ἷθθείιαιιιι·
3428 5840 3708 5897 ὑπαγόντων
