  <div class='ocr_page' id='page_1' title='image "/cluster/home/n/w/nwhite01/storage/ocr_20150623/61:no.10/coo.31924054869619/052.png"; bbox 0 0 4086 6440; ppageno 0'>
   <div class='ocr_carea' id='block_1_1' title="bbox 360 249 3633 320">
    <p class='ocr_par' dir='ltr' id='par_1_1' title="bbox 360 249 3633 320">
     <span class='ocr_line' id='line_1_1' title="bbox 360 249 3633 320; baseline 0.006 -21"><span class='ocrx_word' id='word_1_1' title='bbox 360 258 432 317; x_wconf 68' lang='grc' dir='ltr'><strong>ιε,</strong></span> <span class='ocrx_word' id='word_1_2' title='bbox 1471 252 1535 306; x_wconf 86' lang='lat' dir='ltr'><strong>lN</strong></span> <span class='ocrx_word' id='word_1_3' title='bbox 1573 249 1828 307; x_wconf 73' lang='lat' dir='ltr'><strong>EPISTJ</strong></span> <span class='ocrx_word' id='word_1_4' title='bbox 1879 252 1971 308; x_wconf 69' lang='lat' dir='ltr'><strong>ao</strong></span> <span class='ocrx_word' id='word_1_5' title='bbox 2008 252 2161 311; x_wconf 84' lang='lat' dir='ltr'><strong>con.</strong></span> <span class='ocrx_word' id='word_1_6' title='bbox 2194 250 2509 311; x_wconf 62' lang='lat' dir='ltr'><strong>nonum.</strong></span> <span class='ocrx_word' id='word_1_7' title='bbox 3567 263 3633 320; x_wconf 71' lang='lat' dir='ltr'><strong>to</strong></span> 
     </span>
    </p>
   </div>
   <div class='ocr_carea' id='block_1_2' title="bbox 367 366 1947 446">
    <p class='ocr_par' dir='ltr' id='par_1_2' title="bbox 367 366 1947 446">
     <span class='ocr_line' id='line_1_2' title="bbox 367 366 1947 446; baseline -0.006 -16"><span class='ocrx_word' id='word_1_8' title='bbox 367 381 741 446; x_wconf 71' lang='lat' dir='ltr'><strong>exspectarent</strong></span> <span class='ocrx_word' id='word_1_9' title='bbox 785 385 850 426; x_wconf 81' lang='lat' dir='ltr'><strong>se</strong></span> <span class='ocrx_word' id='word_1_10' title='bbox 894 386 990 439; x_wconf 85' lang='lat' dir='ltr'><strong>per</strong></span> <span class='ocrx_word' id='word_1_11' title='bbox 1031 369 1179 426; x_wconf 84' lang='lat' dir='ltr'><strong>illum</strong></span> <span class='ocrx_word' id='word_1_12' title='bbox 1219 376 1561 437; x_wconf 78' lang='lat' dir='ltr'><strong>superaturos</strong></span> <span class='ocrx_word' id='word_1_13' title='bbox 1598 366 1756 421; x_wconf 87' lang='lat' dir='ltr'><strong>esse?</strong></span> <span class='ocrx_word' id='word_1_14' title='bbox 1786 367 1947 434; x_wconf 74' lang='lat' dir='ltr'><strong>Atqui</strong></span> 
     </span>
    </p>
   </div>
   <div class='ocr_carea' id='block_1_3' title="bbox 373 450 1955 535">
    <p class='ocr_par' dir='ltr' id='par_1_3' title="bbox 373 450 1955 535">
     <span class='ocr_line' id='line_1_3' title="bbox 373 450 1955 535; baseline -0.008 -11"><span class='ocrx_word' id='word_1_15' title='bbox 373 466 694 525; x_wconf 81' lang='lat' dir='ltr'><strong>contrarium</strong></span> <span class='ocrx_word' id='word_1_16' title='bbox 724 464 1144 535; x_wconf 79' lang='lat' dir='ltr'><strong>exspectandum</strong></span> <span class='ocrx_word' id='word_1_17' title='bbox 1170 469 1305 529; x_wconf 86' lang='lat' dir='ltr'><strong>erat,</strong></span> <span class='ocrx_word' id='word_1_18' title='bbox 1333 460 1690 530; x_wconf 73' lang='lat' dir='ltr'><strong>quia,etiamsi</strong></span> <span class='ocrx_word' id='word_1_19' title='bbox 1735 450 1955 526; x_wconf 76' lang='lat' dir='ltr'><strong>superii-</strong></span> 
     </span>
    </p>
   </div>
   <div class='ocr_carea' id='block_1_4' title="bbox 384 548 1953 624">
    <p class='ocr_par' dir='ltr' id='par_1_4' title="bbox 384 548 1953 624">
     <span class='ocr_line' id='line_1_4' title="bbox 384 548 1953 624; baseline -0.008 -10"><span class='ocrx_word' id='word_1_20' title='bbox 384 560 479 614; x_wconf 88' lang='lat' dir='ltr'><strong>turi</strong></span> <span class='ocrx_word' id='word_1_21' title='bbox 525 567 704 613; x_wconf 84' lang='lat' dir='ltr'><strong>essent</strong></span> <span class='ocrx_word' id='word_1_22' title='bbox 726 597 741 619; x_wconf 93' lang='lat'><strong>,</strong></span> <span class='ocrx_word' id='word_1_23' title='bbox 777 556 1064 624; x_wconf 77' lang='lat' dir='ltr'><strong>periissem</strong></span> <span class='ocrx_word' id='word_1_24' title='bbox 1090 552 1388 620; x_wconf 88' lang='lat' dir='ltr'><strong>deceptoris</strong></span> <span class='ocrx_word' id='word_1_25' title='bbox 1414 565 1606 605; x_wconf 83' lang='lat' dir='ltr'><strong>nomen</strong></span> <span class='ocrx_word' id='word_1_26' title='bbox 1641 550 1690 603; x_wconf 91' lang='lat' dir='ltr'><strong>in</strong></span> <span class='ocrx_word' id='word_1_27' title='bbox 1720 548 1953 603; x_wconf 89' lang='lat' dir='ltr'><strong>medium</strong></span> 
     </span>
    </p>
   </div>
   <div class='ocr_carea' id='block_1_5' title="bbox 378 642 1954 711">
    <p class='ocr_par' dir='ltr' id='par_1_5' title="bbox 378 642 1954 711">
     <span class='ocr_line' id='line_1_5' title="bbox 378 642 1954 711; baseline -0.011 -4"><span class='ocrx_word' id='word_1_28' title='bbox 378 650 678 707; x_wconf 75' lang='lat' dir='ltr'><strong>aﬂerentes.</strong></span> <span class='ocrx_word' id='word_1_29' title='bbox 724 645 819 701; x_wconf 86' lang='lat' dir='ltr'><strong>Sin</strong></span> <span class='ocrx_word' id='word_1_30' title='bbox 849 653 1026 699; x_wconf 88' lang='lat' dir='ltr'><strong>autem</strong></span> <span class='ocrx_word' id='word_1_31' title='bbox 1056 643 1301 697; x_wconf 88' lang='lat' dir='ltr'><strong>volebant</strong></span> <span class='ocrx_word' id='word_1_32' title='bbox 1323 642 1500 711; x_wconf 81' lang='lat' dir='ltr'><strong>priora</strong></span> <span class='ocrx_word' id='word_1_33' title='bbox 1530 642 1800 695; x_wconf 87' lang='lat' dir='ltr'><strong>occultare</strong></span> <span class='ocrx_word' id='word_1_34' title='bbox 1822 677 1840 703; x_wconf 92' lang='lat'><strong>,</strong></span> <span class='ocrx_word' id='word_1_35' title='bbox 1874 648 1954 691; x_wconf 80' lang='lat' dir='ltr'><strong>ta-</strong></span> 
     </span>
    </p>
   </div>
   <div class='ocr_carea' id='block_1_6' title="bbox 379 733 1956 813">
    <p class='ocr_par' dir='ltr' id='par_1_6' title="bbox 379 733 1956 813">
     <span class='ocr_line' id='line_1_6' title="bbox 379 733 1956 813; baseline -0.01 -14"><span class='ocrx_word' id='word_1_36' title='bbox 379 757 509 800; x_wconf 77' lang='lat' dir='ltr'><strong>cere</strong></span> <span class='ocrx_word' id='word_1_37' title='bbox 546 738 828 813; x_wconf 74' lang='lat' dir='ltr'><strong>oportebat</strong></span> <span class='ocrx_word' id='word_1_38' title='bbox 856 753 870 790; x_wconf 90' lang='lat'><strong>:</strong></span> <span class='ocrx_word' id='word_1_39' title='bbox 902 751 1022 791; x_wconf 90' lang='lat' dir='ltr'><strong>nam</strong></span> <span class='ocrx_word' id='word_1_40' title='bbox 1068 735 1345 789; x_wconf 75' lang='lat' dir='ltr'><strong>decertare</strong></span> <span class='ocrx_word' id='word_1_41' title='bbox 1380 733 1549 802; x_wconf 88' lang='lat' dir='ltr'><strong>magis</strong></span> <span class='ocrx_word' id='word_1_42' title='bbox 1577 733 1862 787; x_wconf 78' lang='lat' dir='ltr'><strong>excitasset</strong></span> <span class='ocrx_word' id='word_1_43' title='bbox 1901 738 1956 784; x_wconf 89' lang='lat' dir='ltr'><strong>et</strong></span> 
     </span>
    </p>
   </div>
   <div class='ocr_carea' id='block_1_7' title="bbox 380 824 1956 896">
    <p class='ocr_par' dir='ltr' id='par_1_7' title="bbox 380 824 1956 896">
     <span class='ocr_line' id='line_1_7' title="bbox 380 824 1956 896; baseline -0.011 -5"><span class='ocrx_word' id='word_1_44' title='bbox 380 836 581 891; x_wconf 83' lang='lat' dir='ltr'><strong>bellum</strong></span> <span class='ocrx_word' id='word_1_45' title='bbox 607 842 660 888; x_wconf 90' lang='lat' dir='ltr'><strong>ct</strong></span> <span class='ocrx_word' id='word_1_46' title='bbox 690 833 878 886; x_wconf 90' lang='lat' dir='ltr'><strong>risum.</strong></span> <span class='ocrx_word' id='word_1_47' title='bbox 911 828 1063 883; x_wconf 91' lang='lat' dir='ltr'><strong>Unde</strong></span> <span class='ocrx_word' id='word_1_48' title='bbox 1089 840 1219 896; x_wconf 85' lang='lat' dir='ltr'><strong>ergo</strong></span> <span class='ocrx_word' id='word_1_49' title='bbox 1252 825 1398 878; x_wconf 91' lang='lat' dir='ltr'><strong>venit</strong></span> <span class='ocrx_word' id='word_1_50' title='bbox 1426 824 1531 878; x_wconf 88' lang='lat' dir='ltr'><strong>illis</strong></span> <span class='ocrx_word' id='word_1_51' title='bbox 1557 825 1609 877; x_wconf 91' lang='lat' dir='ltr'><strong>in</strong></span> <span class='ocrx_word' id='word_1_52' title='bbox 1640 832 1870 875; x_wconf 89' lang='lat' dir='ltr'><strong>tuentem</strong></span> <span class='ocrx_word' id='word_1_53' title='bbox 1900 829 1956 874; x_wconf 92' lang='lat' dir='ltr'><strong>ut</strong></span> 
     </span>
    </p>
   </div>
   <div class='ocr_carea' id='block_1_8' title="bbox 382 913 1960 992">
    <p class='ocr_par' dir='ltr' id='par_1_8' title="bbox 382 913 1960 992">
     <span class='ocr_line' id='line_1_8' title="bbox 382 913 1960 992; baseline -0.011 -10"><span class='ocrx_word' id='word_1_54' title='bbox 382 928 498 982; x_wconf 60' lang='lat' dir='ltr'><strong>haec</strong></span> <span class='ocrx_word' id='word_1_55' title='bbox 533 920 932 992; x_wconf 85' lang='lat' dir='ltr'><strong>contingerent?</strong></span> <span class='ocrx_word' id='word_1_56' title='bbox 962 935 1083 976; x_wconf 88' lang='lat' dir='ltr'><strong>nam</strong></span> <span class='ocrx_word' id='word_1_57' title='bbox 1114 918 1200 973; x_wconf 89' lang='lat' dir='ltr'><strong>illa</strong></span> <span class='ocrx_word' id='word_1_58' title='bbox 1244 934 1362 986; x_wconf 68' lang='lat' dir='ltr'><strong>qua:</strong></span> <span class='ocrx_word' id='word_1_59' title='bbox 1400 917 1497 987; x_wconf 85' lang='lat' dir='ltr'><strong>ipsi</strong></span> <span class='ocrx_word' id='word_1_60' title='bbox 1528 913 1825 977; x_wconf 91' lang='lat' dir='ltr'><strong>audierant,</strong></span> <span class='ocrx_word' id='word_1_61' title='bbox 1857 929 1960 967; x_wconf 77' lang='lat' dir='ltr'><strong>ex-</strong></span> 
     </span>
    </p>
   </div>
   <div class='ocr_carea' id='block_1_9' title="bbox 379 1004 1954 1082">
    <p class='ocr_par' dir='ltr' id='par_1_9' title="bbox 379 1004 1954 1082">
     <span class='ocr_line' id='line_1_9' title="bbox 379 1004 1954 1082; baseline -0.01 -10"><span class='ocrx_word' id='word_1_62' title='bbox 379 1018 643 1073; x_wconf 87' lang='lat' dir='ltr'><strong>ciderant.</strong></span> <span class='ocrx_word' id='word_1_63' title='bbox 693 1012 846 1082; x_wconf 84' lang='lat' dir='ltr'><strong>Quod</strong></span> <span class='ocrx_word' id='word_1_64' title='bbox 896 1012 942 1067; x_wconf 92' lang='lat' dir='ltr'><strong>si</strong></span> <span class='ocrx_word' id='word_1_65' title='bbox 978 1026 1097 1066; x_wconf 91' lang='lat' dir='ltr'><strong>cum</strong></span> <span class='ocrx_word' id='word_1_66' title='bbox 1144 1009 1322 1064; x_wconf 89' lang='lat' dir='ltr'><strong>nullus</strong></span> <span class='ocrx_word' id='word_1_67' title='bbox 1364 1015 1509 1063; x_wconf 86' lang='lat' dir='ltr'><strong>esset</strong></span> <span class='ocrx_word' id='word_1_68' title='bbox 1548 1006 1728 1071; x_wconf 88' lang='lat' dir='ltr'><strong>timor,</strong></span> <span class='ocrx_word' id='word_1_69' title='bbox 1759 1004 1954 1059; x_wconf 89' lang='lat' dir='ltr'><strong>multo-</strong></span> 
     </span>
    </p>
   </div>
   <div class='ocr_carea' id='block_1_10' title="bbox 383 1095 1953 1170">
    <p class='ocr_par' dir='ltr' id='par_1_10' title="bbox 383 1095 1953 1170">
     <span class='ocr_line' id='line_1_10' title="bbox 383 1095 1953 1170; baseline -0.012 -5"><span class='ocrx_word' id='word_1_70' title='bbox 383 1126 501 1166; x_wconf 89' lang='lat' dir='ltr'><strong>rum</strong></span> <span class='ocrx_word' id='word_1_71' title='bbox 529 1104 993 1168; x_wconf 84' lang='lat' dir='ltr'><strong>obliviscebantur,</strong></span> <span class='ocrx_word' id='word_1_72' title='bbox 1020 1110 1076 1156; x_wconf 88' lang='lat' dir='ltr'><strong>et</strong></span> <span class='ocrx_word' id='word_1_73' title='bbox 1105 1100 1346 1170; x_wconf 73' lang='lat' dir='ltr'><strong>quanlam</strong></span> <span class='ocrx_word' id='word_1_74' title='bbox 1399 1113 1504 1151; x_wconf 93' lang='lat' dir='ltr'><strong>non</strong></span> <span class='ocrx_word' id='word_1_75' title='bbox 1552 1095 1913 1165; x_wconf 88' lang='lat' dir='ltr'><strong>intelligebaut</strong></span> <span class='ocrx_word' id='word_1_76' title='bbox 1935 1134 1953 1159; x_wconf 90' lang='lat'><strong>,</strong></span> 
     </span>
    </p>
   </div>
   <div class='ocr_carea' id='block_1_11' title="bbox 380 1189 1958 1268">
    <p class='ocr_par' dir='ltr' id='par_1_11' title="bbox 380 1189 1958 1268">
     <span class='ocr_line' id='line_1_11' title="bbox 380 1189 1958 1268; baseline -0.011 -10"><span class='ocrx_word' id='word_1_77' title='bbox 380 1204 459 1258; x_wconf 90' lang='lat' dir='ltr'><strong>ait</strong></span> <span class='ocrx_word' id='word_1_78' title='bbox 507 1199 871 1268; x_wconf 74' lang='lat' dir='ltr'><strong>evangelista,</strong></span> <span class='ocrx_word' id='word_1_79' title='bbox 920 1205 1068 1248; x_wconf 87' lang='lat' dir='ltr'><strong>tanto</strong></span> <span class='ocrx_word' id='word_1_80' title='bbox 1127 1194 1438 1248; x_wconf 86' lang='lat' dir='ltr'><strong>imminente</strong></span> <span class='ocrx_word' id='word_1_81' title='bbox 1502 1189 1777 1258; x_wconf 89' lang='lat' dir='ltr'><strong>periculo,</strong></span> <span class='ocrx_word' id='word_1_82' title='bbox 1827 1203 1958 1257; x_wconf 84' lang='lat' dir='ltr'><strong>quo-</strong></span> 
     </span>
    </p>
   </div>
   <div class='ocr_carea' id='block_1_12' title="bbox 380 1280 1958 1351">
    <p class='ocr_par' dir='ltr' id='par_1_12' title="bbox 380 1280 1958 1351">
     <span class='ocr_line' id='line_1_12' title="bbox 380 1280 1958 1351; baseline -0.009 -1"><span class='ocrx_word' id='word_1_83' title='bbox 380 1294 547 1351; x_wconf 84' lang='lat' dir='ltr'><strong>modo</strong></span> <span class='ocrx_word' id='word_1_84' title='bbox 594 1308 698 1347; x_wconf 84' lang='lat' dir='ltr'><strong>non</strong></span> <span class='ocrx_word' id='word_1_85' title='bbox 731 1290 907 1346; x_wconf 88' lang='lat' dir='ltr'><strong>omnia</strong></span> <span class='ocrx_word' id='word_1_86' title='bbox 938 1288 1007 1341; x_wconf 89' lang='lat' dir='ltr'><strong>ab</strong></span> <span class='ocrx_word' id='word_1_87' title='bbox 1050 1288 1153 1340; x_wconf 87' lang='lat' dir='ltr'><strong>illis</strong></span> <span class='ocrx_word' id='word_1_88' title='bbox 1197 1283 1543 1340; x_wconf 79' lang='lat' dir='ltr'><strong>avolasscut?</strong></span> <span class='ocrx_word' id='word_1_89' title='bbox 1573 1284 1635 1337; x_wconf 80' lang='lat' dir='ltr'><strong>Et</strong></span> <span class='ocrx_word' id='word_1_90' title='bbox 1664 1282 1788 1351; x_wconf 88' lang='lat' dir='ltr'><strong>quid</strong></span> <span class='ocrx_word' id='word_1_91' title='bbox 1837 1280 1958 1336; x_wconf 87' lang='lat' dir='ltr'><strong>dico</strong></span> 
     </span>
    </p>
   </div>
   <div class='ocr_carea' id='block_1_13' title="bbox 380 1371 1957 1447">
    <p class='ocr_par' dir='ltr' id='par_1_13' title="bbox 380 1371 1957 1447">
     <span class='ocr_line' id='line_1_13' title="bbox 380 1371 1957 1447; baseline -0.01 -9"><span class='ocrx_word' id='word_1_92' title='bbox 380 1385 571 1447; x_wconf 82' lang='lat' dir='ltr'><strong>verba,</strong></span> <span class='ocrx_word' id='word_1_93' title='bbox 600 1399 721 1438; x_wconf 90' lang='lat' dir='ltr'><strong>cum</strong></span> <span class='ocrx_word' id='word_1_94' title='bbox 752 1381 984 1436; x_wconf 90' lang='lat' dir='ltr'><strong>futurum</strong></span> <span class='ocrx_word' id='word_1_95' title='bbox 1034 1385 1195 1440; x_wconf 87' lang='lat' dir='ltr'><strong>esset,</strong></span> <span class='ocrx_word' id='word_1_96' title='bbox 1229 1385 1285 1428; x_wconf 89' lang='lat' dir='ltr'><strong>ut</strong></span> <span class='ocrx_word' id='word_1_97' title='bbox 1336 1371 1575 1442; x_wconf 81' lang='lat' dir='ltr'><strong>magistri</strong></span> <span class='ocrx_word' id='word_1_98' title='bbox 1617 1387 1771 1426; x_wconf 88' lang='lat' dir='ltr'><strong>amor</strong></span> <span class='ocrx_word' id='word_1_99' title='bbox 1813 1381 1957 1424; x_wconf 90' lang='lat' dir='ltr'><strong>metu</strong></span> 
     </span>
    </p>
   </div>
   <div class='ocr_carea' id='block_1_14' title="bbox 381 1461 1960 1533">
    <p class='ocr_par' dir='ltr' id='par_1_14' title="bbox 381 1461 1960 1533">
     <span class='ocr_line' id='line_1_14' title="bbox 381 1461 1960 1533; baseline -0.011 -1"><span class='ocrx_word' id='word_1_100' title='bbox 381 1479 687 1533; x_wconf 85' lang='lat' dir='ltr'><strong>futurorum</strong></span> <span class='ocrx_word' id='word_1_101' title='bbox 717 1473 914 1527; x_wconf 87' lang='lat' dir='ltr'><strong>sensim</strong></span> <span class='ocrx_word' id='word_1_102' title='bbox 937 1466 1322 1524; x_wconf 81' lang='lat' dir='ltr'><strong>marcesceret?</strong></span> <span class='ocrx_word' id='word_1_103' title='bbox 1350 1463 1491 1533; x_wconf 90' lang='lat' dir='ltr'><strong>quod</strong></span> <span class='ocrx_word' id='word_1_104' title='bbox 1526 1463 1684 1518; x_wconf 89' lang='lat' dir='ltr'><strong>etiam</strong></span> <span class='ocrx_word' id='word_1_105' title='bbox 1715 1461 1842 1530; x_wconf 85' lang='lat' dir='ltr'><strong>ipsis</strong></span> <span class='ocrx_word' id='word_1_106' title='bbox 1860 1475 1960 1515; x_wconf 81' lang='lat' dir='ltr'><strong>ex-</strong></span> 
     </span>
    </p>
   </div>
   <div class='ocr_carea' id='block_1_15' title="bbox 380 1551 1961 1639">
    <p class='ocr_par' dir='ltr' id='par_1_15' title="bbox 380 1551 1961 1639">
     <span class='ocr_line' id='line_1_15' title="bbox 380 1551 1961 1639; baseline -0.013 -15"><span class='ocrx_word' id='word_1_107' title='bbox 380 1568 684 1639; x_wconf 83' lang='lat' dir='ltr'><strong>probravit.</strong></span> <span class='ocrx_word' id='word_1_108' title='bbox 714 1564 846 1619; x_wconf 83' lang='lat' dir='ltr'><strong>Nam</strong></span> <span class='ocrx_word' id='word_1_109' title='bbox 881 1577 1001 1616; x_wconf 91' lang='lat' dir='ltr'><strong>cum</strong></span> <span class='ocrx_word' id='word_1_110' title='bbox 1030 1568 1184 1613; x_wconf 82' lang='lat' dir='ltr'><strong>antea</strong></span> <span class='ocrx_word' id='word_1_111' title='bbox 1212 1557 1423 1627; x_wconf 72' lang='lat' dir='ltr'><strong>quidem</strong></span> <span class='ocrx_word' id='word_1_112' title='bbox 1449 1554 1515 1608; x_wconf 88' lang='lat' dir='ltr'><strong>ab</strong></span> <span class='ocrx_word' id='word_1_113' title='bbox 1546 1553 1638 1607; x_wconf 89' lang='lat' dir='ltr'><strong>illo</strong></span> <span class='ocrx_word' id='word_1_114' title='bbox 1669 1551 1961 1623; x_wconf 72' lang='lat' dir='ltr'><strong>pendentes</strong></span> 
     </span>
    </p>
   </div>
   <div class='ocr_carea' id='block_1_16' title="bbox 385 1646 1958 1730">
    <p class='ocr_par' dir='ltr' id='par_1_16' title="bbox 385 1646 1958 1730">
     <span class='ocr_line' id='line_1_16' title="bbox 385 1646 1958 1730; baseline -0.012 -15"><span class='ocrx_word' id='word_1_115' title='bbox 385 1662 699 1730; x_wconf 83' lang='lat' dir='ltr'><strong>frequenter</strong></span> <span class='ocrx_word' id='word_1_116' title='bbox 747 1657 1155 1722; x_wconf 85' lang='lat' dir='ltr'><strong>interrogarent,</strong></span> <span class='ocrx_word' id='word_1_117' title='bbox 1185 1650 1300 1715; x_wconf 84' lang='lat' dir='ltr'><strong>Quo</strong></span> <span class='ocrx_word' id='word_1_118' title='bbox 1330 1646 1516 1701; x_wconf 84' lang='lat' dir='ltr'><strong>vadis?</strong></span> <span class='ocrx_word' id='word_1_119' title='bbox 1547 1655 1727 1715; x_wconf 88' lang='lat' dir='ltr'><strong>postea</strong></span> <span class='ocrx_word' id='word_1_120' title='bbox 1756 1651 1958 1707; x_wconf 89' lang='lat' dir='ltr'><strong>autem,</strong></span> 
     </span>
    </p>
   </div>
   <div class='ocr_carea' id='block_1_17' title="bbox 380 1739 1961 1818">
    <p class='ocr_par' dir='ltr' id='par_1_17' title="bbox 380 1739 1961 1818">
     <span class='ocr_line' id='line_1_17' title="bbox 380 1739 1961 1818; baseline -0.013 -12"><span class='ocrx_word' id='word_1_121' title='bbox 380 1767 508 1806; x_wconf 86' lang='lat' dir='ltr'><strong>cum</strong></span> <span class='ocrx_word' id='word_1_122' title='bbox 541 1750 725 1818; x_wconf 82' lang='lat' dir='ltr'><strong>longus</strong></span> <span class='ocrx_word' id='word_1_123' title='bbox 747 1745 913 1800; x_wconf 81' lang='lat' dir='ltr'><strong>texuit</strong></span> <span class='ocrx_word' id='word_1_124' title='bbox 927 1756 1227 1806; x_wconf 84' lang='lat' dir='ltr'><strong>sermones,</strong></span> <span class='ocrx_word' id='word_1_125' title='bbox 1254 1739 1390 1794; x_wconf 88' lang='lat' dir='ltr'><strong>mala</strong></span> <span class='ocrx_word' id='word_1_126' title='bbox 1410 1749 1667 1792; x_wconf 82' lang='lat' dir='ltr'><strong>enarratis</strong></span> <span class='ocrx_word' id='word_1_127' title='bbox 1692 1750 1810 1805; x_wconf 71' lang='lat' dir='ltr'><strong>qua:</strong></span> <span class='ocrx_word' id='word_1_128' title='bbox 1829 1741 1961 1788; x_wconf 79' lang='lat' dir='ltr'><strong>tent-</strong></span> 
     </span>
    </p>
   </div>
   <div class='ocr_carea' id='block_1_18' title="bbox 387 1823 1960 1911">
    <p class='ocr_par' dir='ltr' id='par_1_18' title="bbox 387 1823 1960 1911">
     <span class='ocr_line' id='line_1_18' title="bbox 387 1823 1960 1911; baseline -0.01 -19"><span class='ocrx_word' id='word_1_129' title='bbox 387 1857 519 1911; x_wconf 89' lang='lat' dir='ltr'><strong>pore</strong></span> <span class='ocrx_word' id='word_1_130' title='bbox 547 1838 722 1893; x_wconf 80' lang='lat' dir='ltr'><strong>crucis</strong></span> <span class='ocrx_word' id='word_1_131' title='bbox 741 1837 884 1904; x_wconf 89' lang='lat' dir='ltr'><strong>ipsos</strong></span> <span class='ocrx_word' id='word_1_132' title='bbox 902 1836 1145 1888; x_wconf 86' lang='lat' dir='ltr'><strong>invasura</strong></span> <span class='ocrx_word' id='word_1_133' title='bbox 1172 1839 1346 1895; x_wconf 89' lang='lat' dir='ltr'><strong>erant,</strong></span> <span class='ocrx_word' id='word_1_134' title='bbox 1369 1828 1666 1897; x_wconf 90' lang='lat' dir='ltr'><strong>deindequc</strong></span> <span class='ocrx_word' id='word_1_135' title='bbox 1692 1834 1835 1880; x_wconf 91' lang='lat' dir='ltr'><strong>metu</strong></span> <span class='ocrx_word' id='word_1_136' title='bbox 1861 1823 1960 1878; x_wconf 82' lang='lat' dir='ltr'><strong>de-</strong></span> 
     </span>
    </p>
   </div>
   <div class='ocr_carea' id='block_1_19' title="bbox 384 1915 1964 1989">
    <p class='ocr_par' dir='ltr' id='par_1_19' title="bbox 384 1915 1964 1989">
     <span class='ocr_line' id='line_1_19' title="bbox 384 1915 1964 1989; baseline -0.009 -4"><span class='ocrx_word' id='word_1_137' title='bbox 384 1933 474 1986; x_wconf 75' lang='lat' dir='ltr'><strong>fixi</strong></span> <span class='ocrx_word' id='word_1_138' title='bbox 504 1946 625 1984; x_wconf 92' lang='lat' dir='ltr'><strong>cum</strong></span> <span class='ocrx_word' id='word_1_139' title='bbox 648 1928 856 1981; x_wconf 87' lang='lat' dir='ltr'><strong>hiantes</strong></span> <span class='ocrx_word' id='word_1_140' title='bbox 881 1924 957 1979; x_wconf 90' lang='lat' dir='ltr'><strong>illi</strong></span> <span class='ocrx_word' id='word_1_141' title='bbox 984 1930 1279 1985; x_wconf 88' lang='lat' dir='ltr'><strong>manerent,</strong></span> <span class='ocrx_word' id='word_1_142' title='bbox 1309 1920 1434 1975; x_wconf 87' lang='lat' dir='ltr'><strong>audi</strong></span> <span class='ocrx_word' id='word_1_143' title='bbox 1461 1917 1726 1989; x_wconf 90' lang='lat' dir='ltr'><strong>quomodo</strong></span> <span class='ocrx_word' id='word_1_144' title='bbox 1753 1918 1832 1972; x_wconf 86' lang='lat' dir='ltr'><strong>eis</strong></span> <span class='ocrx_word' id='word_1_145' title='bbox 1860 1915 1964 1970; x_wconf 87' lang='lat' dir='ltr'><strong>hoc</strong></span> 
     </span>
    </p>
   </div>
   <div class='ocr_carea' id='block_1_20' title="bbox 382 2007 1964 2090">
    <p class='ocr_par' dir='ltr' id='par_1_20' title="bbox 382 2007 1964 2090">
     <span class='ocr_line' id='line_1_20' title="bbox 382 2007 1964 2090; baseline -0.01 -14"><span class='ocrx_word' id='word_1_146' title='bbox 382 2022 623 2090; x_wconf 82' lang='lat' dir='ltr'><strong>proferat</strong></span> <span class='ocrx_word' id='word_1_147' title='bbox 650 2018 834 2073; x_wconf 89' lang='lat' dir='ltr'><strong>dicens</strong></span> <span class='ocrx_word' id='word_1_148' title='bbox 866 2035 880 2071; x_wconf 89' lang='lat'><strong>:</strong></span> <span class='ocrx_word' id='word_1_149' title='bbox 918 2013 1084 2068; x_wconf 78' lang='lat' dir='ltr'><strong>Nemo</strong></span> <span class='ocrx_word' id='word_1_150' title='bbox 1108 2029 1170 2068; x_wconf 81' lang='lat' dir='ltr'><strong>ea:</strong></span> <span class='ocrx_word' id='word_1_151' title='bbox 1210 2011 1347 2066; x_wconf 74' lang='lat' dir='ltr'><strong>vobis</strong></span> <span class='ocrx_word' id='word_1_152' title='bbox 1376 2011 1652 2079; x_wconf 80' lang='lat' dir='ltr'><strong>interrogat</strong></span> <span class='ocrx_word' id='word_1_153' title='bbox 1684 2024 1795 2073; x_wconf 88' lang='lat' dir='ltr'><strong>me,</strong></span> <span class='ocrx_word' id='word_1_154' title='bbox 1852 2007 1964 2074; x_wconf 82' lang='lat' dir='ltr'><strong>Quo</strong></span> 
     </span>
    </p>
   </div>
   <div class='ocr_carea' id='block_1_21' title="bbox 378 2099 1963 2180">
    <p class='ocr_par' dir='ltr' id='par_1_21' title="bbox 378 2099 1963 2180">
     <span class='ocr_line' id='line_1_21' title="bbox 378 2099 1963 2180; baseline -0.011 -12"><span class='ocrx_word' id='word_1_155' title='bbox 378 2111 661 2169; x_wconf 66' lang='lat' dir='ltr'><strong>endished</strong></span> <span class='ocrx_word' id='word_1_156' title='bbox 683 2110 801 2180; x_wconf 82' lang='lat' dir='ltr'><strong>quia</strong></span> <span class='ocrx_word' id='word_1_157' title='bbox 827 2109 933 2162; x_wconf 68' lang='lat' dir='ltr'><strong>hac</strong></span> <span class='ocrx_word' id='word_1_158' title='bbox 958 2108 1190 2177; x_wconf 77' lang='lat' dir='ltr'><strong>loquutus</strong></span> <span class='ocrx_word' id='word_1_159' title='bbox 1217 2121 1330 2160; x_wconf 73' lang='lat' dir='ltr'><strong>sum</strong></span> <span class='ocrx_word' id='word_1_160' title='bbox 1348 2103 1503 2168; x_wconf 77' lang='lat' dir='ltr'><strong>vobis,</strong></span> <span class='ocrx_word' id='word_1_161' title='bbox 1523 2102 1724 2157; x_wconf 73' lang='lat' dir='ltr'><strong>tristitia</strong></span> <span class='ocrx_word' id='word_1_162' title='bbox 1740 2099 1963 2168; x_wconf 76' lang='lat' dir='ltr'><strong>implevit</strong></span> 
     </span>
    </p>
   </div>
   <div class='ocr_carea' id='block_1_22' title="bbox 376 2186 1963 2271">
    <p class='ocr_par' dir='ltr' id='par_1_22' title="bbox 376 2186 1963 2271">
     <span class='ocr_line' id='line_1_22' title="bbox 376 2186 1963 2271; baseline -0.008 -13"><span class='ocrx_word' id='word_1_163' title='bbox 376 2222 471 2258; x_wconf 77' lang='lat' dir='ltr'><strong>cor</strong></span> <span class='ocrx_word' id='word_1_164' title='bbox 497 2215 710 2257; x_wconf 78' lang='lat' dir='ltr'><strong>uestrum</strong></span> <span class='ocrx_word' id='word_1_165' title='bbox 730 2199 909 2271; x_wconf 79' lang='lat' dir='ltr'><strong>(Joatt.</strong></span> <span class='ocrx_word' id='word_1_166' title='bbox 931 2197 1015 2252; x_wconf 84' lang='grc' dir='ltr'><strong>ιϐ.</strong></span> <span class='ocrx_word' id='word_1_167' title='bbox 1038 2186 1090 2253; x_wconf 80' lang='lat'><strong>5.</strong></span> <span class='ocrx_word' id='word_1_168' title='bbox 1108 2196 1253 2267; x_wconf 84' lang='lat' dir='ltr'><strong>6).Si</strong></span> <span class='ocrx_word' id='word_1_169' title='bbox 1277 2211 1408 2265; x_wconf 86' lang='lat' dir='ltr'><strong>ergo</strong></span> <span class='ocrx_word' id='word_1_170' title='bbox 1428 2202 1796 2261; x_wconf 74' lang='lat' dir='ltr'><strong>exspectantes</strong></span> <span class='ocrx_word' id='word_1_171' title='bbox 1814 2191 1963 2245; x_wconf 91' lang='lat' dir='ltr'><strong>illum</strong></span> 
     </span>
    </p>
   </div>
   <div class='ocr_carea' id='block_1_23' title="bbox 381 2282 1966 2350">
    <p class='ocr_par' dir='ltr' id='par_1_23' title="bbox 381 2282 1966 2350">
     <span class='ocr_line' id='line_1_23' title="bbox 381 2282 1966 2350; baseline -0.01 0"><span class='ocrx_word' id='word_1_172' title='bbox 381 2295 694 2350; x_wconf 78' lang='grc' dir='ltr'>ιιιιιι·ἰιιιιίιιιι</span> <span class='ocrx_word' id='word_1_173' title='bbox 712 2301 765 2345; x_wconf 90' lang='lat' dir='ltr'><strong>et</strong></span> <span class='ocrx_word' id='word_1_174' title='bbox 780 2296 1200 2344; x_wconf 83' lang='lat' dir='ltr'><strong>resurrecturum</strong></span> <span class='ocrx_word' id='word_1_175' title='bbox 1212 2300 1349 2349; x_wconf 88' lang='lat' dir='ltr'><strong>esse,</strong></span> <span class='ocrx_word' id='word_1_176' title='bbox 1371 2286 1439 2338; x_wconf 90' lang='lat' dir='ltr'><strong>ita</strong></span> <span class='ocrx_word' id='word_1_177' title='bbox 1452 2283 1721 2346; x_wconf 86' lang='lat' dir='ltr'><strong>dolebant;</strong></span> <span class='ocrx_word' id='word_1_178' title='bbox 1735 2282 1779 2336; x_wconf 92' lang='lat' dir='ltr'><strong>si</strong></span> <span class='ocrx_word' id='word_1_179' title='bbox 1795 2296 1966 2335; x_wconf 87' lang='lat' dir='ltr'><strong>resur-</strong></span> 
     </span>
    </p>
   </div>
   <div class='ocr_carea' id='block_1_24' title="bbox 377 2373 1961 2456">
    <p class='ocr_par' dir='ltr' id='par_1_24' title="bbox 377 2373 1961 2456">
     <span class='ocr_line' id='line_1_24' title="bbox 377 2373 1961 2456; baseline -0.008 -17"><span class='ocrx_word' id='word_1_180' title='bbox 377 2394 591 2456; x_wconf 80' lang='lat' dir='ltr'><strong>gentem</strong></span> <span class='ocrx_word' id='word_1_181' title='bbox 620 2383 766 2437; x_wconf 90' lang='lat' dir='ltr'><strong>illum</strong></span> <span class='ocrx_word' id='word_1_182' title='bbox 791 2396 893 2434; x_wconf 90' lang='lat' dir='ltr'><strong>non</strong></span> <span class='ocrx_word' id='word_1_183' title='bbox 920 2379 1195 2443; x_wconf 78' lang='lat' dir='ltr'><strong>vidissent,</strong></span> <span class='ocrx_word' id='word_1_184' title='bbox 1225 2375 1493 2447; x_wconf 89' lang='lat' dir='ltr'><strong>quomodo</strong></span> <span class='ocrx_word' id='word_1_185' title='bbox 1520 2391 1626 2429; x_wconf 91' lang='lat' dir='ltr'><strong>non</strong></span> <span class='ocrx_word' id='word_1_186' title='bbox 1659 2373 1961 2444; x_wconf 84' lang='lat' dir='ltr'><strong>periissent,</strong></span> 
     </span>
    </p>
   </div>
   <div class='ocr_carea' id='block_1_25' title="bbox 379 2466 1960 2545">
    <p class='ocr_par' dir='ltr' id='par_1_25' title="bbox 379 2466 1960 2545">
     <span class='ocr_line' id='line_1_25' title="bbox 379 2466 1960 2545; baseline -0.008 -15"><span class='ocrx_word' id='word_1_187' title='bbox 379 2488 435 2530; x_wconf 76' lang='lat' dir='ltr'><strong>et</strong></span> <span class='ocrx_word' id='word_1_188' title='bbox 460 2476 513 2529; x_wconf 90' lang='lat' dir='ltr'><strong>in</strong></span> <span class='ocrx_word' id='word_1_189' title='bbox 545 2476 710 2545; x_wconf 74' lang='lat' dir='ltr'><strong>ip.~am</strong></span> <span class='ocrx_word' id='word_1_190' title='bbox 756 2483 952 2527; x_wconf 87' lang='lat' dir='ltr'><strong>terram</strong></span> <span class='ocrx_word' id='word_1_191' title='bbox 985 2468 1173 2524; x_wconf 83' lang='lat' dir='ltr'><strong>suﬂ&#39;odi</strong></span> <span class='ocrx_word' id='word_1_192' title='bbox 1205 2485 1308 2522; x_wconf 88' lang='lat' dir='ltr'><strong>non</strong></span> <span class='ocrx_word' id='word_1_193' title='bbox 1346 2466 1714 2531; x_wconf 81' lang='lat' dir='ltr'><strong>studuissent,</strong></span> <span class='ocrx_word' id='word_1_194' title='bbox 1749 2474 1857 2518; x_wconf 91' lang='lat' dir='ltr'><strong>tum</strong></span> <span class='ocrx_word' id='word_1_195' title='bbox 1897 2481 1960 2518; x_wconf 74' lang='lat' dir='ltr'><strong>ex</strong></span> 
     </span>
    </p>
   </div>
   <div class='ocr_carea' id='block_1_26' title="bbox 380 2558 1965 2631">
    <p class='ocr_par' dir='ltr' id='par_1_26' title="bbox 380 2558 1965 2631">
     <span class='ocr_line' id='line_1_26' title="bbox 380 2558 1965 2631; baseline -0.009 -7"><span class='ocrx_word' id='word_1_196' title='bbox 380 2584 616 2624; x_wconf 73' lang='lat' dir='ltr'><strong>maerore</strong></span> <span class='ocrx_word' id='word_1_197' title='bbox 657 2563 874 2631; x_wconf 81' lang='lat' dir='ltr'><strong>fraudis,</strong></span> <span class='ocrx_word' id='word_1_198' title='bbox 910 2572 1019 2617; x_wconf 87' lang='lat' dir='ltr'><strong>tttm</strong></span> <span class='ocrx_word' id='word_1_199' title='bbox 1057 2578 1121 2617; x_wconf 75' lang='lat' dir='ltr'><strong>ex</strong></span> <span class='ocrx_word' id='word_1_200' title='bbox 1150 2563 1342 2616; x_wconf 87' lang='lat' dir='ltr'><strong>timore</strong></span> <span class='ocrx_word' id='word_1_201' title='bbox 1387 2558 1683 2613; x_wconf 84' lang='lat' dir='ltr'><strong>futurorum</strong></span> <span class='ocrx_word' id='word_1_202' title='bbox 1716 2558 1965 2612; x_wconf 78' lang='lat' dir='ltr'><strong>obsessi?</strong></span> 
     </span>
    </p>
   </div>
   <div class='ocr_carea' id='block_1_27' title="bbox 451 2647 1962 2720">
    <p class='ocr_par' dir='ltr' id='par_1_27' title="bbox 451 2647 1962 2720">
     <span class='ocr_line' id='line_1_27' title="bbox 451 2647 1962 2720; baseline -0.009 -6"><span class='ocrx_word' id='word_1_203' title='bbox 451 2660 507 2714; x_wconf 87' lang='lat'><strong>5.</strong></span> <span class='ocrx_word' id='word_1_204' title='bbox 537 2656 686 2713; x_wconf 84' lang='lat' dir='ltr'><strong>Unde</strong></span> <span class='ocrx_word' id='word_1_205' title='bbox 703 2664 879 2710; x_wconf 84' lang='lat' dir='ltr'><strong>autem</strong></span> <span class='ocrx_word' id='word_1_206' title='bbox 895 2663 950 2708; x_wconf 89' lang='lat' dir='ltr'><strong>et</strong></span> <span class='ocrx_word' id='word_1_207' title='bbox 969 2652 1213 2707; x_wconf 77' lang='lat' dir='ltr'><strong>sublimia</strong></span> <span class='ocrx_word' id='word_1_208' title='bbox 1237 2651 1343 2705; x_wconf 85' lang='lat' dir='ltr'><strong>illis</strong></span> <span class='ocrx_word' id='word_1_209' title='bbox 1358 2650 1601 2720; x_wconf 79' lang='lat' dir='ltr'><strong>dogmata</strong></span> <span class='ocrx_word' id='word_1_210' title='bbox 1614 2651 1637 2703; x_wconf 72' lang='lat' dir='ltr'><strong>&#39;Z</strong></span> <span class='ocrx_word' id='word_1_211' title='bbox 1654 2647 1962 2704; x_wconf 82' lang='lat' dir='ltr'><strong>sublimiora</strong></span> 
     </span>
    </p>
   </div>
   <div class='ocr_carea' id='block_1_28' title="bbox 378 2739 1965 2817">
    <p class='ocr_par' dir='ltr' id='par_1_28' title="bbox 378 2739 1965 2817">
     <span class='ocr_line' id='line_1_28' title="bbox 378 2739 1965 2817; baseline -0.007 -14"><span class='ocrx_word' id='word_1_212' title='bbox 378 2750 525 2805; x_wconf 85' lang='lat' dir='ltr'><strong>enim</strong></span> <span class='ocrx_word' id='word_1_213' title='bbox 547 2749 691 2817; x_wconf 73' lang='lat' dir='ltr'><strong>ipso.-</strong></span> <span class='ocrx_word' id='word_1_214' title='bbox 711 2755 892 2817; x_wconf 86' lang='lat' dir='ltr'><strong>postea</strong></span> <span class='ocrx_word' id='word_1_215' title='bbox 917 2745 1192 2798; x_wconf 88' lang='lat' dir='ltr'><strong>audituros</strong></span> <span class='ocrx_word' id='word_1_216' title='bbox 1211 2757 1333 2798; x_wconf 91' lang='lat' dir='ltr'><strong>esse</strong></span> <span class='ocrx_word' id='word_1_217' title='bbox 1355 2741 1517 2796; x_wconf 81' lang='lat' dir='ltr'><strong>dixit:</strong></span> <span class='ocrx_word' id='word_1_218' title='bbox 1538 2755 1661 2795; x_wconf 89' lang='lat' dir='ltr'><strong>nam</strong></span> <span class='ocrx_word' id='word_1_219' title='bbox 1681 2739 1865 2805; x_wconf 79' lang='lat' dir='ltr'><strong>.llulta,</strong></span> <span class='ocrx_word' id='word_1_220' title='bbox 1887 2739 1965 2793; x_wconf 84' lang='lat' dir='ltr'><strong>in-</strong></span> 
     </span>
    </p>
   </div>
   <div class='ocr_carea' id='block_1_29' title="bbox 380 2830 1960 2912">
    <p class='ocr_par' dir='ltr' id='par_1_29' title="bbox 380 2830 1960 2912">
     <span class='ocr_line' id='line_1_29' title="bbox 380 2830 1960 2912; baseline -0.004 -18"><span class='ocrx_word' id='word_1_221' title='bbox 380 2841 518 2912; x_wconf 90' lang='lat' dir='ltr'><strong>quit,</strong></span> <span class='ocrx_word' id='word_1_222' title='bbox 534 2840 689 2893; x_wconf 81' lang='lat' dir='ltr'><strong>ltubeo</strong></span> <span class='ocrx_word' id='word_1_223' title='bbox 702 2839 835 2893; x_wconf 79' lang='lat' dir='ltr'><strong>vobis</strong></span> <span class='ocrx_word' id='word_1_224' title='bbox 847 2839 1028 2903; x_wconf 85' lang='lat' dir='ltr'><strong>dicere,</strong></span> <span class='ocrx_word' id='word_1_225' title='bbox 1046 2836 1134 2891; x_wconf 76' lang='lat' dir='ltr'><strong>sed</strong></span> <span class='ocrx_word' id='word_1_226' title='bbox 1146 2853 1245 2889; x_wconf 81' lang='lat' dir='ltr'><strong>non</strong></span> <span class='ocrx_word' id='word_1_227' title='bbox 1260 2836 1462 2906; x_wconf 64' lang='lat' dir='ltr'><strong>potestis</strong></span> <span class='ocrx_word' id='word_1_228' title='bbox 1475 2846 1678 2905; x_wconf 77' lang='lat' dir='ltr'><strong>portare</strong></span> <span class='ocrx_word' id='word_1_229' title='bbox 1694 2833 1841 2886; x_wconf 81' lang='lat' dir='ltr'><strong>modo</strong></span> <span class='ocrx_word' id='word_1_230' title='bbox 1855 2830 1960 2904; x_wconf 91' lang='lat' dir='ltr'><strong>(Ib.</strong></span> 
     </span>
    </p>
   </div>
   <div class='ocr_carea' id='block_1_30' title="bbox 382 2927 1962 3005">
    <p class='ocr_par' dir='ltr' id='par_1_30' title="bbox 382 2927 1962 3005">
     <span class='ocr_line' id='line_1_30' title="bbox 382 2927 1962 3005; baseline -0.004 -18"><span class='ocrx_word' id='word_1_231' title='bbox 382 2934 557 3005; x_wconf 71' lang='lat' dir='ltr'><strong>v.12).</strong></span> <span class='ocrx_word' id='word_1_232' title='bbox 572 2933 659 2986; x_wconf 90' lang='lat' dir='ltr'><strong>Illa</strong></span> <span class='ocrx_word' id='word_1_233' title='bbox 672 2930 833 3001; x_wconf 88' lang='lat' dir='ltr'><strong>igitur</strong></span> <span class='ocrx_word' id='word_1_234' title='bbox 846 2948 915 3000; x_wconf 89' lang='lat' dir='ltr'><strong>qu</strong></span> <span class='ocrx_word' id='word_1_235' title='bbox 933 2950 962 2981; x_wconf 74' lang='grc' dir='ltr'>ιε</span> <span class='ocrx_word' id='word_1_236' title='bbox 983 2946 1084 2984; x_wconf 89' lang='lat' dir='ltr'><strong>non</strong></span> <span class='ocrx_word' id='word_1_237' title='bbox 1105 2929 1440 2996; x_wconf 82' lang='lat' dir='ltr'><strong>dicebantur,</strong></span> <span class='ocrx_word' id='word_1_238' title='bbox 1461 2927 1769 2981; x_wconf 83' lang='lat' dir='ltr'><strong>sublimiora</strong></span> <span class='ocrx_word' id='word_1_239' title='bbox 1788 2935 1962 2982; x_wconf 89' lang='lat' dir='ltr'><strong>erant.</strong></span> 
     </span>
    </p>
   </div>
   <div class='ocr_carea' id='block_1_31' title="bbox 385 3016 1964 3090">
    <p class='ocr_par' dir='ltr' id='par_1_31' title="bbox 385 3016 1964 3090">
     <span class='ocr_line' id='line_1_31' title="bbox 385 3016 1964 3090; baseline -0.006 -10"><span class='ocrx_word' id='word_1_240' title='bbox 385 3025 537 3080; x_wconf 73' lang='lat' dir='ltr'><strong>linus</strong></span> <span class='ocrx_word' id='word_1_241' title='bbox 580 3034 756 3077; x_wconf 88' lang='lat' dir='ltr'><strong>autem</strong></span> <span class='ocrx_word' id='word_1_242' title='bbox 799 3037 866 3076; x_wconf 82' lang='lat' dir='ltr'><strong>ex</strong></span> <span class='ocrx_word' id='word_1_243' title='bbox 893 3019 1173 3090; x_wconf 78' lang='lat' dir='ltr'><strong>discipulis</strong></span> <span class='ocrx_word' id='word_1_244' title='bbox 1220 3034 1318 3072; x_wconf 89' lang='lat' dir='ltr'><strong>nec</strong></span> <span class='ocrx_word' id='word_1_245' title='bbox 1359 3019 1412 3073; x_wconf 90' lang='lat' dir='ltr'><strong>in</strong></span> <span class='ocrx_word' id='word_1_246' title='bbox 1455 3017 1690 3073; x_wconf 64' lang='lat' dir='ltr'><strong>ledaeam</strong></span> <span class='ocrx_word' id='word_1_247' title='bbox 1722 3032 1842 3071; x_wconf 91' lang='lat' dir='ltr'><strong>cum</strong></span> <span class='ocrx_word' id='word_1_248' title='bbox 1872 3016 1964 3070; x_wconf 89' lang='lat' dir='ltr'><strong>illo</strong></span> 
     </span>
    </p>
   </div>
   <div class='ocr_carea' id='block_1_32' title="bbox 381 3107 1962 3182">
    <p class='ocr_par' dir='ltr' id='par_1_32' title="bbox 381 3107 1962 3182">
     <span class='ocr_line' id='line_1_32' title="bbox 381 3107 1962 3182; baseline -0.005 -13"><span class='ocrx_word' id='word_1_249' title='bbox 381 3117 535 3171; x_wconf 84' lang='lat' dir='ltr'><strong>abire</strong></span> <span class='ocrx_word' id='word_1_250' title='bbox 561 3114 809 3180; x_wconf 87' lang='lat' dir='ltr'><strong>volebat,</strong></span> <span class='ocrx_word' id='word_1_251' title='bbox 854 3120 1130 3182; x_wconf 84' lang='lat' dir='ltr'><strong>postquam</strong></span> <span class='ocrx_word' id='word_1_252' title='bbox 1163 3111 1396 3179; x_wconf 86' lang='lat' dir='ltr'><strong>pericula</strong></span> <span class='ocrx_word' id='word_1_253' title='bbox 1419 3109 1658 3173; x_wconf 82' lang='lat' dir='ltr'><strong>audivit;</strong></span> <span class='ocrx_word' id='word_1_254' title='bbox 1688 3107 1782 3163; x_wconf 88' lang='lat' dir='ltr'><strong>sed</strong></span> <span class='ocrx_word' id='word_1_255' title='bbox 1813 3107 1962 3162; x_wconf 85' lang='lat' dir='ltr'><strong>dice-</strong></span> 
     </span>
    </p>
   </div>
   <div class='ocr_carea' id='block_1_33' title="bbox 384 3196 1961 3271">
    <p class='ocr_par' dir='ltr' id='par_1_33' title="bbox 384 3196 1961 3271">
     <span class='ocr_line' id='line_1_33' title="bbox 384 3196 1961 3271; baseline -0.006 -11"><span class='ocrx_word' id='word_1_256' title='bbox 384 3208 494 3271; x_wconf 82' lang='lat' dir='ltr'><strong>bat,</strong></span> <span class='ocrx_word' id='word_1_257' title='bbox 530 3205 772 3259; x_wconf 79' lang='lat' dir='ltr'><strong>Abeamus</strong></span> <span class='ocrx_word' id='word_1_258' title='bbox 800 3212 847 3256; x_wconf 84' lang='lat' dir='ltr'><strong>et</strong></span> <span class='ocrx_word' id='word_1_259' title='bbox 872 3218 994 3268; x_wconf 75' lang='lat' dir='ltr'><strong>nos,</strong></span> <span class='ocrx_word' id='word_1_260' title='bbox 1035 3211 1088 3255; x_wconf 85' lang='lat' dir='ltr'><strong>ut</strong></span> <span class='ocrx_word' id='word_1_261' title='bbox 1133 3202 1407 3253; x_wconf 75' lang='lat' dir='ltr'><strong>moriuntur</strong></span> <span class='ocrx_word' id='word_1_262' title='bbox 1450 3216 1564 3252; x_wconf 82' lang='lat' dir='ltr'><strong>cum</strong></span> <span class='ocrx_word' id='word_1_263' title='bbox 1610 3200 1700 3253; x_wconf 83' lang='lat' dir='ltr'><strong>illo</strong></span> <span class='ocrx_word' id='word_1_264' title='bbox 1728 3196 1837 3271; x_wconf 83' lang='lat' dir='ltr'><strong>(Id.</strong></span> <span class='ocrx_word' id='word_1_265' title='bbox 1871 3198 1961 3253; x_wconf 80' lang='grc' dir='ltr'><strong>Η.</strong></span> 
     </span>
    </p>
   </div>
   <div class='ocr_carea' id='block_1_34' title="bbox 391 3291 1961 3368">
    <p class='ocr_par' dir='ltr' id='par_1_34' title="bbox 391 3291 1961 3368">
     <span class='ocr_line' id='line_1_34' title="bbox 391 3291 1961 3368; baseline -0.008 -15"><span class='ocrx_word' id='word_1_266' title='bbox 391 3299 532 3368; x_wconf 76' lang='grc'><strong>16);</strong></span> <span class='ocrx_word' id='word_1_267' title='bbox 577 3312 718 3365; x_wconf 74' lang='lat' dir='ltr'><strong>:egre</strong></span> <span class='ocrx_word' id='word_1_268' title='bbox 757 3293 933 3350; x_wconf 86' lang='lat' dir='ltr'><strong>ferens</strong></span> <span class='ocrx_word' id='word_1_269' title='bbox 972 3293 1114 3362; x_wconf 84' lang='lat' dir='ltr'><strong>quod</strong></span> <span class='ocrx_word' id='word_1_270' title='bbox 1156 3308 1217 3346; x_wconf 90' lang='lat' dir='ltr'><strong>se</strong></span> <span class='ocrx_word' id='word_1_271' title='bbox 1255 3291 1573 3345; x_wconf 81' lang='lat' dir='ltr'><strong>moriturum</strong></span> <span class='ocrx_word' id='word_1_272' title='bbox 1605 3296 1961 3360; x_wconf 75' lang='lat' dir='ltr'><strong>exspectaret.</strong></span> 
     </span>
    </p>
   </div>
   <div class='ocr_carea' id='block_1_35' title="bbox 386 3380 1961 3457">
    <p class='ocr_par' dir='ltr' id='par_1_35' title="bbox 386 3380 1961 3457">
     <span class='ocr_line' id='line_1_35' title="bbox 386 3380 1961 3457; baseline -0.006 -14"><span class='ocrx_word' id='word_1_273' title='bbox 386 3390 540 3457; x_wconf 71' lang='lat' dir='ltr'><strong>Quod</strong></span> <span class='ocrx_word' id='word_1_274' title='bbox 567 3388 614 3444; x_wconf 89' lang='lat' dir='ltr'><strong>si</strong></span> <span class='ocrx_word' id='word_1_275' title='bbox 642 3403 762 3444; x_wconf 89' lang='lat' dir='ltr'><strong>cum</strong></span> <span class='ocrx_word' id='word_1_276' title='bbox 793 3387 887 3441; x_wconf 91' lang='lat' dir='ltr'><strong>illo</strong></span> <span class='ocrx_word' id='word_1_277' title='bbox 914 3400 1135 3440; x_wconf 88' lang='lat' dir='ltr'><strong>versans</strong></span> <span class='ocrx_word' id='word_1_278' title='bbox 1156 3400 1215 3440; x_wconf 91' lang='lat' dir='ltr'><strong>se</strong></span> <span class='ocrx_word' id='word_1_279' title='bbox 1238 3383 1554 3438; x_wconf 80' lang='lat' dir='ltr'><strong>inuriturmn</strong></span> <span class='ocrx_word' id='word_1_280' title='bbox 1583 3380 1927 3451; x_wconf 61' lang='lat' dir='ltr'><strong>exsilectabat</strong></span> <span class='ocrx_word' id='word_1_281' title='bbox 1945 3421 1961 3445; x_wconf 92' lang='lat'><strong>,</strong></span> 
     </span>
    </p>
   </div>
   <div class='ocr_carea' id='block_1_36' title="bbox 386 3475 1962 3553">
    <p class='ocr_par' dir='ltr' id='par_1_36' title="bbox 386 3475 1962 3553">
     <span class='ocr_line' id='line_1_36' title="bbox 386 3475 1962 3553; baseline -0.006 -15"><span class='ocrx_word' id='word_1_282' title='bbox 386 3484 615 3553; x_wconf 86' lang='lat' dir='ltr'><strong>ideoque</strong></span> <span class='ocrx_word' id='word_1_283' title='bbox 658 3480 984 3551; x_wconf 81' lang='lat' dir='ltr'><strong>refugiebat;</strong></span> <span class='ocrx_word' id='word_1_284' title='bbox 1023 3479 1225 3548; x_wconf 84' lang='lat' dir='ltr'><strong>absque</strong></span> <span class='ocrx_word' id='word_1_285' title='bbox 1265 3493 1331 3531; x_wconf 91' lang='lat' dir='ltr'><strong>eo</strong></span> <span class='ocrx_word' id='word_1_286' title='bbox 1371 3488 1423 3531; x_wconf 90' lang='lat' dir='ltr'><strong>et</strong></span> <span class='ocrx_word' id='word_1_287' title='bbox 1451 3480 1663 3532; x_wconf 66' lang='lat' dir='ltr'><strong>caeteris</strong></span> <span class='ocrx_word' id='word_1_288' title='bbox 1688 3475 1962 3545; x_wconf 84' lang='lat' dir='ltr'><strong>discipulis</strong></span> 
     </span>
    </p>
   </div>
   <div class='ocr_carea' id='block_1_37' title="bbox 387 3570 1966 3646">
    <p class='ocr_par' dir='ltr' id='par_1_37' title="bbox 387 3570 1966 3646">
     <span class='ocr_line' id='line_1_37' title="bbox 387 3570 1966 3646; baseline -0.004 -17"><span class='ocrx_word' id='word_1_289' title='bbox 387 3578 515 3646; x_wconf 82' lang='lat' dir='ltr'><strong>quid</strong></span> <span class='ocrx_word' id='word_1_290' title='bbox 560 3594 662 3630; x_wconf 90' lang='lat' dir='ltr'><strong>non</strong></span> <span class='ocrx_word' id='word_1_291' title='bbox 703 3586 828 3630; x_wconf 91' lang='lat' dir='ltr'><strong>tunc</strong></span> <span class='ocrx_word' id='word_1_292' title='bbox 867 3590 927 3629; x_wconf 91' lang='lat' dir='ltr'><strong>se</strong></span> <span class='ocrx_word' id='word_1_293' title='bbox 982 3589 1257 3644; x_wconf 88' lang='lat' dir='ltr'><strong>passurum</strong></span> <span class='ocrx_word' id='word_1_294' title='bbox 1296 3572 1693 3642; x_wconf 77' lang='lat' dir='ltr'><strong>exspectasset?</strong></span> <span class='ocrx_word' id='word_1_295' title='bbox 1736 3570 1804 3625; x_wconf 86' lang='lat' dir='ltr'><strong>Et</strong></span> <span class='ocrx_word' id='word_1_296' title='bbox 1849 3585 1966 3624; x_wconf 87' lang='lat' dir='ltr'><strong>ma-</strong></span> 
     </span>
    </p>
   </div>
   <div class='ocr_carea' id='block_1_38' title="bbox 384 3661 1965 3741">
    <p class='ocr_par' dir='ltr' id='par_1_38' title="bbox 384 3661 1965 3741">
     <span class='ocr_line' id='line_1_38' title="bbox 384 3661 1965 3741; baseline -0.005 -17"><span class='ocrx_word' id='word_1_297' title='bbox 384 3686 549 3741; x_wconf 86' lang='lat' dir='ltr'><strong>gnum</strong></span> <span class='ocrx_word' id='word_1_298' title='bbox 603 3671 704 3726; x_wconf 82' lang='lat' dir='ltr'><strong>huc</strong></span> <span class='ocrx_word' id='word_1_299' title='bbox 758 3668 949 3723; x_wconf 78' lang='lat' dir='ltr'><strong>fuisset</strong></span> <span class='ocrx_word' id='word_1_300' title='bbox 997 3665 1338 3737; x_wconf 78' lang='lat' dir='ltr'><strong>impudentia:</strong></span> <span class='ocrx_word' id='word_1_301' title='bbox 1388 3673 1780 3734; x_wconf 74' lang='lat' dir='ltr'><strong>argumentum.</strong></span> <span class='ocrx_word' id='word_1_302' title='bbox 1827 3661 1965 3730; x_wconf 85' lang='lat' dir='ltr'><strong>Quid</strong></span> 
     </span>
    </p>
   </div>
   <div class='ocr_carea' id='block_1_39' title="bbox 383 3754 1965 3832">
    <p class='ocr_par' dir='ltr' id='par_1_39' title="bbox 383 3754 1965 3832">
     <span class='ocr_line' id='line_1_39' title="bbox 383 3754 1965 3832; baseline -0.004 -17"><span class='ocrx_word' id='word_1_303' title='bbox 383 3777 516 3832; x_wconf 83' lang='lat' dir='ltr'><strong>ergo</strong></span> <span class='ocrx_word' id='word_1_304' title='bbox 567 3760 726 3815; x_wconf 87' lang='lat' dir='ltr'><strong>etiam</strong></span> <span class='ocrx_word' id='word_1_305' title='bbox 787 3758 1071 3813; x_wconf 81' lang='lat' dir='ltr'><strong>dicendum</strong></span> <span class='ocrx_word' id='word_1_306' title='bbox 1125 3756 1394 3811; x_wconf 85' lang='lat' dir='ltr'><strong>habebant</strong></span> <span class='ocrx_word' id='word_1_307' title='bbox 1452 3754 1765 3811; x_wconf 81' lang='lat' dir='ltr'><strong>exeuntes?</strong></span> <span class='ocrx_word' id='word_1_308' title='bbox 1832 3754 1965 3809; x_wconf 85' lang='lat' dir='ltr'><strong>Nam</strong></span> 
     </span>
    </p>
   </div>
   <div class='ocr_carea' id='block_1_40' title="bbox 390 3843 1964 3919">
    <p class='ocr_par' dir='ltr' id='par_1_40' title="bbox 390 3843 1964 3919">
     <span class='ocr_line' id='line_1_40' title="bbox 390 3843 1964 3919; baseline -0.005 -15"><span class='ocrx_word' id='word_1_309' title='bbox 390 3855 689 3919; x_wconf 73' lang='lat' dir='ltr'><strong>passionem</strong></span> <span class='ocrx_word' id='word_1_310' title='bbox 744 3848 959 3918; x_wconf 79' lang='lat' dir='ltr'><strong>quidem</strong></span> <span class='ocrx_word' id='word_1_311' title='bbox 1028 3846 1229 3901; x_wconf 85' lang='lat' dir='ltr'><strong>sciebat</strong></span> <span class='ocrx_word' id='word_1_312' title='bbox 1289 3846 1570 3900; x_wconf 87' lang='lat' dir='ltr'><strong>universus</strong></span> <span class='ocrx_word' id='word_1_313' title='bbox 1640 3843 1788 3899; x_wconf 85' lang='lat' dir='ltr'><strong>orbis</strong></span> <span class='ocrx_word' id='word_1_314' title='bbox 1842 3860 1857 3896; x_wconf 73' lang='grc' dir='ltr'><strong>ε</strong></span> <span class='ocrx_word' id='word_1_315' title='bbox 1913 3844 1964 3897; x_wconf 88' lang='lat' dir='ltr'><strong>in</strong></span> 
     </span>
    </p>
   </div>
   <div class='ocr_carea' id='block_1_41' title="bbox 385 3934 1962 4013">
    <p class='ocr_par' dir='ltr' id='par_1_41' title="bbox 385 3934 1962 4013">
     <span class='ocr_line' id='line_1_41' title="bbox 385 3934 1962 4013; baseline -0.006 -17"><span class='ocrx_word' id='word_1_316' title='bbox 385 3945 499 3998; x_wconf 89' lang='lat' dir='ltr'><strong>alto</strong></span> <span class='ocrx_word' id='word_1_317' title='bbox 537 3942 734 4013; x_wconf 78' lang='lat' dir='ltr'><strong>quippe</strong></span> <span class='ocrx_word' id='word_1_318' title='bbox 786 3940 1021 4010; x_wconf 82' lang='lat' dir='ltr'><strong>patibulo</strong></span> <span class='ocrx_word' id='word_1_319' title='bbox 1066 3954 1358 4007; x_wconf 83' lang='lat' dir='ltr'><strong>suspensus</strong></span> <span class='ocrx_word' id='word_1_320' title='bbox 1402 3941 1591 4002; x_wconf 72' lang='lat' dir='ltr'><strong>fuerat,</strong></span> <span class='ocrx_word' id='word_1_321' title='bbox 1624 3936 1676 3990; x_wconf 86' lang='lat' dir='ltr'><strong>in</strong></span> <span class='ocrx_word' id='word_1_322' title='bbox 1721 3934 1962 4000; x_wconf 86' lang='lat' dir='ltr'><strong>meridie,</strong></span> 
     </span>
    </p>
   </div>
   <div class='ocr_carea' id='block_1_42' title="bbox 388 4027 1967 4100">
    <p class='ocr_par' dir='ltr' id='par_1_42' title="bbox 388 4027 1967 4100">
     <span class='ocr_line' id='line_1_42' title="bbox 388 4027 1967 4100; baseline -0.005 -12"><span class='ocrx_word' id='word_1_323' title='bbox 388 4036 441 4088; x_wconf 92' lang='lat' dir='ltr'><strong>in</strong></span> <span class='ocrx_word' id='word_1_324' title='bbox 500 4033 820 4100; x_wconf 88' lang='lat' dir='ltr'><strong>metropoli,</strong></span> <span class='ocrx_word' id='word_1_325' title='bbox 852 4040 909 4086; x_wconf 91' lang='lat' dir='ltr'><strong>et</strong></span> <span class='ocrx_word' id='word_1_326' title='bbox 952 4032 1005 4084; x_wconf 92' lang='lat' dir='ltr'><strong>in</strong></span> <span class='ocrx_word' id='word_1_327' title='bbox 1051 4030 1283 4084; x_wconf 75' lang='lat' dir='ltr'><strong>anaximo</strong></span> <span class='ocrx_word' id='word_1_328' title='bbox 1329 4028 1416 4083; x_wconf 91' lang='lat' dir='ltr'><strong>die</strong></span> <span class='ocrx_word' id='word_1_329' title='bbox 1475 4027 1632 4093; x_wconf 86' lang='lat' dir='ltr'><strong>festo,</strong></span> <span class='ocrx_word' id='word_1_330' title='bbox 1683 4036 1738 4082; x_wconf 92' lang='lat' dir='ltr'><strong>et</strong></span> <span class='ocrx_word' id='word_1_331' title='bbox 1784 4041 1812 4079; x_wconf 93' lang='lat' dir='ltr'><strong>a</strong></span> <span class='ocrx_word' id='word_1_332' title='bbox 1861 4042 1967 4096; x_wconf 87' lang='lat' dir='ltr'><strong>quo</strong></span> 
     </span>
    </p>
   </div>
   <div class='ocr_carea' id='block_1_43' title="bbox 390 4120 1967 4190">
    <p class='ocr_par' dir='ltr' id='par_1_43' title="bbox 390 4120 1967 4190">
     <span class='ocr_line' id='line_1_43' title="bbox 390 4120 1967 4190; baseline -0.004 -12"><span class='ocrx_word' id='word_1_333' title='bbox 390 4123 624 4178; x_wconf 71' lang='lat' dir='ltr'><strong>maxime</strong></span> <span class='ocrx_word' id='word_1_334' title='bbox 654 4138 756 4176; x_wconf 91' lang='lat' dir='ltr'><strong>non</strong></span> <span class='ocrx_word' id='word_1_335' title='bbox 798 4123 992 4177; x_wconf 84' lang='lat' dir='ltr'><strong>licebat</strong></span> <span class='ocrx_word' id='word_1_336' title='bbox 1030 4121 1331 4190; x_wconf 86' lang='lat' dir='ltr'><strong>quempiam</strong></span> <span class='ocrx_word' id='word_1_337' title='bbox 1355 4121 1545 4175; x_wconf 88' lang='lat' dir='ltr'><strong>abesse</strong></span> <span class='ocrx_word' id='word_1_338' title='bbox 1575 4137 1588 4174; x_wconf 91' lang='lat'><strong>:</strong></span> <span class='ocrx_word' id='word_1_339' title='bbox 1619 4120 1967 4174; x_wconf 89' lang='lat' dir='ltr'><strong>resurrectio-</strong></span> 
     </span>
    </p>
   </div>
   <div class='ocr_carea' id='block_1_44' title="bbox 390 4210 1966 4281">
    <p class='ocr_par' dir='ltr' id='par_1_44' title="bbox 390 4210 1966 4281">
     <span class='ocr_line' id='line_1_44' title="bbox 390 4210 1966 4281; baseline -0.003 -12"><span class='ocrx_word' id='word_1_340' title='bbox 390 4231 514 4269; x_wconf 91' lang='lat' dir='ltr'><strong>nem</strong></span> <span class='ocrx_word' id='word_1_341' title='bbox 538 4230 663 4270; x_wconf 87' lang='lat' dir='ltr'><strong>vero</strong></span> <span class='ocrx_word' id='word_1_342' title='bbox 686 4213 861 4268; x_wconf 90' lang='lat' dir='ltr'><strong>nullus</strong></span> <span class='ocrx_word' id='word_1_343' title='bbox 887 4212 1088 4268; x_wconf 88' lang='lat' dir='ltr'><strong>sciebat</strong></span> <span class='ocrx_word' id='word_1_344' title='bbox 1108 4221 1431 4273; x_wconf 76' lang='lat' dir='ltr'><strong>exterorum,</strong></span> <span class='ocrx_word' id='word_1_345' title='bbox 1456 4210 1597 4281; x_wconf 90' lang='lat' dir='ltr'><strong>quod</strong></span> <span class='ocrx_word' id='word_1_346' title='bbox 1620 4225 1723 4265; x_wconf 92' lang='lat' dir='ltr'><strong>non</strong></span> <span class='ocrx_word' id='word_1_347' title='bbox 1748 4226 1966 4279; x_wconf 82' lang='lat' dir='ltr'><strong>parvum</strong></span> 
     </span>
    </p>
   </div>
   <div class='ocr_carea' id='block_1_45' title="bbox 388 4303 1968 4376">
    <p class='ocr_par' dir='ltr' id='par_1_45' title="bbox 388 4303 1968 4376">
     <span class='ocr_line' id='line_1_45' title="bbox 388 4303 1968 4376; baseline -0.004 -12"><span class='ocrx_word' id='word_1_348' title='bbox 388 4309 501 4364; x_wconf 85' lang='lat' dir='ltr'><strong>illis</strong></span> <span class='ocrx_word' id='word_1_349' title='bbox 522 4317 639 4363; x_wconf 89' lang='lat' dir='ltr'><strong>erat</strong></span> <span class='ocrx_word' id='word_1_350' title='bbox 655 4307 1116 4376; x_wconf 87' lang='lat' dir='ltr'><strong>impedimentum,</strong></span> <span class='ocrx_word' id='word_1_351' title='bbox 1141 4313 1197 4358; x_wconf 84' lang='grc' dir='ltr'><strong>ιιι</strong></span> <span class='ocrx_word' id='word_1_352' title='bbox 1214 4320 1280 4359; x_wconf 90' lang='lat' dir='ltr'><strong>ne</strong></span> <span class='ocrx_word' id='word_1_353' title='bbox 1304 4306 1704 4373; x_wconf 84' lang='lat' dir='ltr'><strong>persuaderent.</strong></span> <span class='ocrx_word' id='word_1_354' title='bbox 1730 4304 1801 4357; x_wconf 84' lang='lat' dir='ltr'><strong>Et</strong></span> <span class='ocrx_word' id='word_1_355' title='bbox 1826 4303 1968 4373; x_wconf 88' lang='lat' dir='ltr'><strong>quod</strong></span> 
     </span>
    </p>
   </div>
   <div class='ocr_carea' id='block_1_46' title="bbox 386 4396 1970 4469">
    <p class='ocr_par' dir='ltr' id='par_1_46' title="bbox 386 4396 1970 4469">
     <span class='ocr_line' id='line_1_46' title="bbox 386 4396 1970 4469; baseline -0.003 -14"><span class='ocrx_word' id='word_1_356' title='bbox 386 4409 537 4455; x_wconf 80' lang='lat' dir='ltr'><strong>esset</strong></span> <span class='ocrx_word' id='word_1_357' title='bbox 568 4399 810 4469; x_wconf 84' lang='lat' dir='ltr'><strong>sepultus</strong></span> <span class='ocrx_word' id='word_1_358' title='bbox 844 4396 1080 4450; x_wconf 90' lang='lat' dir='ltr'><strong>omnium</strong></span> <span class='ocrx_word' id='word_1_359' title='bbox 1121 4412 1337 4452; x_wconf 90' lang='lat' dir='ltr'><strong>rumore</strong></span> <span class='ocrx_word' id='word_1_360' title='bbox 1379 4396 1682 4459; x_wconf 74' lang='lat' dir='ltr'><strong>ferebatur;</strong></span> <span class='ocrx_word' id='word_1_361' title='bbox 1724 4396 1970 4464; x_wconf 80' lang='lat' dir='ltr'><strong>quodque</strong></span> 
     </span>
    </p>
   </div>
   <div class='ocr_carea' id='block_1_47' title="bbox 387 4486 1969 4559">
    <p class='ocr_par' dir='ltr' id='par_1_47' title="bbox 387 4486 1969 4559">
     <span class='ocr_line' id='line_1_47' title="bbox 387 4486 1969 4559; baseline -0.002 -14"><span class='ocrx_word' id='word_1_362' title='bbox 387 4490 639 4559; x_wconf 84' lang='lat' dir='ltr'><strong>discipuli</strong></span> <span class='ocrx_word' id='word_1_363' title='bbox 682 4505 877 4557; x_wconf 89' lang='lat' dir='ltr'><strong>corpus</strong></span> <span class='ocrx_word' id='word_1_364' title='bbox 918 4487 1074 4542; x_wconf 85' lang='lat' dir='ltr'><strong>furati</strong></span> <span class='ocrx_word' id='word_1_365' title='bbox 1116 4497 1316 4554; x_wconf 88' lang='lat' dir='ltr'><strong>essent,</strong></span> <span class='ocrx_word' id='word_1_366' title='bbox 1367 4486 1564 4542; x_wconf 81' lang='lat' dir='ltr'><strong>milites</strong></span> <span class='ocrx_word' id='word_1_367' title='bbox 1610 4501 1731 4540; x_wconf 89' lang='lat' dir='ltr'><strong>cum</strong></span> <span class='ocrx_word' id='word_1_368' title='bbox 1769 4486 1969 4542; x_wconf 71' lang='lat' dir='ltr'><strong>Judacis</strong></span> 
     </span>
    </p>
   </div>
   <div class='ocr_carea' id='block_1_48' title="bbox 387 4580 1971 4650">
    <p class='ocr_par' dir='ltr' id='par_1_48' title="bbox 387 4580 1971 4650">
     <span class='ocr_line' id='line_1_48' title="bbox 387 4580 1971 4650; baseline -0.002 -11"><span class='ocrx_word' id='word_1_369' title='bbox 387 4583 639 4639; x_wconf 76' lang='lat' dir='ltr'><strong>otiinibus</strong></span> <span class='ocrx_word' id='word_1_370' title='bbox 664 4583 913 4636; x_wconf 82' lang='lat' dir='ltr'><strong>dicebant</strong></span> <span class='ocrx_word' id='word_1_371' title='bbox 943 4599 956 4634; x_wconf 91' lang='lat'><strong>:</strong></span> <span class='ocrx_word' id='word_1_372' title='bbox 988 4580 1127 4650; x_wconf 87' lang='lat' dir='ltr'><strong>quod</strong></span> <span class='ocrx_word' id='word_1_373' title='bbox 1168 4589 1348 4635; x_wconf 88' lang='lat' dir='ltr'><strong>autem</strong></span> <span class='ocrx_word' id='word_1_374' title='bbox 1377 4581 1790 4643; x_wconf 83' lang='lat' dir='ltr'><strong>resurrexisset,</strong></span> <span class='ocrx_word' id='word_1_375' title='bbox 1822 4590 1971 4636; x_wconf 81' lang='lat' dir='ltr'><strong>exte-</strong></span> 
     </span>
    </p>
   </div>
   <div class='ocr_carea' id='block_1_49' title="bbox 389 4670 1969 4740">
    <p class='ocr_par' dir='ltr' id='par_1_49' title="bbox 389 4670 1969 4740">
     <span class='ocr_line' id='line_1_49' title="bbox 389 4670 1969 4740; baseline -0.002 -12"><span class='ocrx_word' id='word_1_376' title='bbox 389 4688 573 4728; x_wconf 86' lang='lat' dir='ltr'><strong>rorum</strong></span> <span class='ocrx_word' id='word_1_377' title='bbox 622 4687 778 4726; x_wconf 84' lang='lat' dir='ltr'><strong>nemo</strong></span> <span class='ocrx_word' id='word_1_378' title='bbox 807 4670 1336 4727; x_wconf 72' lang='lat' dir='ltr'><strong>sciebat.-Undenam</strong></span> <span class='ocrx_word' id='word_1_379' title='bbox 1377 4670 1795 4740; x_wconf 79' lang='lat' dir='ltr'><strong>exspectabant,</strong></span> <span class='ocrx_word' id='word_1_380' title='bbox 1827 4686 1888 4725; x_wconf 89' lang='lat' dir='ltr'><strong>se</strong></span> <span class='ocrx_word' id='word_1_381' title='bbox 1914 4671 1969 4725; x_wconf 91' lang='lat' dir='ltr'><strong>id</strong></span> 
     </span>
    </p>
   </div>
   <div class='ocr_carea' id='block_1_50' title="bbox 389 4760 1969 4832">
    <p class='ocr_par' dir='ltr' id='par_1_50' title="bbox 389 4760 1969 4832">
     <span class='ocr_line' id='line_1_50' title="bbox 389 4760 1969 4832; baseline -0.001 -15"><span class='ocrx_word' id='word_1_382' title='bbox 389 4765 487 4818; x_wconf 88' lang='lat' dir='ltr'><strong>toti</strong></span> <span class='ocrx_word' id='word_1_383' title='bbox 518 4763 632 4817; x_wconf 90' lang='lat' dir='ltr'><strong>orbi</strong></span> <span class='ocrx_word' id='word_1_384' title='bbox 664 4776 1008 4832; x_wconf 84' lang='lat' dir='ltr'><strong>persuasuros</strong></span> <span class='ocrx_word' id='word_1_385' title='bbox 1033 4761 1187 4816; x_wconf 87' lang='lat' dir='ltr'><strong>esse?</strong></span> <span class='ocrx_word' id='word_1_386' title='bbox 1216 4760 1275 4817; x_wconf 78' lang='lat' dir='ltr'><strong>Si</strong></span> <span class='ocrx_word' id='word_1_387' title='bbox 1303 4761 1444 4816; x_wconf 87' lang='lat' dir='ltr'><strong>enim</strong></span> <span class='ocrx_word' id='word_1_388' title='bbox 1477 4772 1593 4829; x_wconf 90' lang='lat' dir='ltr'><strong>post</strong></span> <span class='ocrx_word' id='word_1_389' title='bbox 1635 4761 1776 4816; x_wconf 86' lang='lat' dir='ltr'><strong>edita</strong></span> <span class='ocrx_word' id='word_1_390' title='bbox 1802 4762 1969 4816; x_wconf 88' lang='lat' dir='ltr'><strong>mira-</strong></span> 
     </span>
    </p>
   </div>
   <div class='ocr_carea' id='block_1_51' title="bbox 388 4852 1968 4922">
    <p class='ocr_par' dir='ltr' id='par_1_51' title="bbox 388 4852 1968 4922">
     <span class='ocr_line' id='line_1_51' title="bbox 388 4852 1968 4922; baseline 0 -15"><span class='ocrx_word' id='word_1_391' title='bbox 388 4855 514 4908; x_wconf 84' lang='lat' dir='ltr'><strong>cuia</strong></span> <span class='ocrx_word' id='word_1_392' title='bbox 538 4854 775 4922; x_wconf 85' lang='lat' dir='ltr'><strong>persuasi</strong></span> <span class='ocrx_word' id='word_1_393' title='bbox 796 4852 1008 4907; x_wconf 87' lang='lat' dir='ltr'><strong>fuerunt</strong></span> <span class='ocrx_word' id='word_1_394' title='bbox 1025 4852 1244 4920; x_wconf 91' lang='lat' dir='ltr'><strong>milites,</strong></span> <span class='ocrx_word' id='word_1_395' title='bbox 1261 4860 1320 4908; x_wconf 92' lang='lat' dir='ltr'><strong>ut</strong></span> <span class='ocrx_word' id='word_1_396' title='bbox 1338 4854 1606 4907; x_wconf 85' lang='lat' dir='ltr'><strong>contraria</strong></span> <span class='ocrx_word' id='word_1_397' title='bbox 1627 4861 1968 4920; x_wconf 86' lang='lat' dir='ltr'><strong>testarentur,</strong></span> 
     </span>
    </p>
   </div>
   <div class='ocr_carea' id='block_1_52' title="bbox 390 4941 1972 5012">
    <p class='ocr_par' dir='ltr' id='par_1_52' title="bbox 390 4941 1972 5012">
     <span class='ocr_line' id='line_1_52' title="bbox 390 4941 1972 5012; baseline 0 -15"><span class='ocrx_word' id='word_1_398' title='bbox 390 4943 657 4997; x_wconf 90' lang='lat' dir='ltr'><strong>undenam</strong></span> <span class='ocrx_word' id='word_1_399' title='bbox 710 4950 1019 5012; x_wconf 88' lang='lat' dir='ltr'><strong>sperassent</strong></span> <span class='ocrx_word' id='word_1_400' title='bbox 1060 4941 1111 4995; x_wconf 92' lang='lat' dir='ltr'><strong>hi</strong></span> <span class='ocrx_word' id='word_1_401' title='bbox 1158 4956 1220 4997; x_wconf 86' lang='lat' dir='ltr'><strong>se</strong></span> <span class='ocrx_word' id='word_1_402' title='bbox 1262 4942 1380 4997; x_wconf 91' lang='lat' dir='ltr'><strong>sine</strong></span> <span class='ocrx_word' id='word_1_403' title='bbox 1411 4942 1680 4996; x_wconf 86' lang='lat' dir='ltr'><strong>miraculis</strong></span> <span class='ocrx_word' id='word_1_404' title='bbox 1710 4942 1972 5010; x_wconf 72' lang='lat' dir='ltr'><strong>praedica-</strong></span> 
     </span>
    </p>
   </div>
   <div class='ocr_carea' id='block_1_53' title="bbox 390 5033 1973 5104">
    <p class='ocr_par' dir='ltr' id='par_1_53' title="bbox 390 5033 1973 5104">
     <span class='ocr_line' id='line_1_53' title="bbox 390 5033 1973 5104; baseline 0.001 -15"><span class='ocrx_word' id='word_1_405' title='bbox 390 5046 544 5089; x_wconf 87' lang='lat' dir='ltr'><strong>turos</strong></span> <span class='ocrx_word' id='word_1_406' title='bbox 572 5050 708 5096; x_wconf 88' lang='lat' dir='ltr'><strong>esse,</strong></span> <span class='ocrx_word' id='word_1_407' title='bbox 737 5049 802 5088; x_wconf 89' lang='lat' dir='ltr'><strong>ac</strong></span> <span class='ocrx_word' id='word_1_408' title='bbox 831 5049 897 5088; x_wconf 91' lang='lat' dir='ltr'><strong>ne</strong></span> <span class='ocrx_word' id='word_1_409' title='bbox 926 5033 1142 5088; x_wconf 90' lang='lat' dir='ltr'><strong>obolum</strong></span> <span class='ocrx_word' id='word_1_410' title='bbox 1173 5034 1390 5104; x_wconf 88' lang='lat' dir='ltr'><strong>quidem</strong></span> <span class='ocrx_word' id='word_1_411' title='bbox 1421 5035 1703 5099; x_wconf 78' lang='lat' dir='ltr'><strong>habentes,</strong></span> <span class='ocrx_word' id='word_1_412' title='bbox 1734 5045 1891 5090; x_wconf 64' lang='lat' dir='ltr'><strong>terrae</strong></span> <span class='ocrx_word' id='word_1_413' title='bbox 1917 5045 1973 5091; x_wconf 90' lang='lat' dir='ltr'><strong>et</strong></span> 
     </span>
    </p>
   </div>
   <div class='ocr_carea' id='block_1_54' title="bbox 388 5123 1971 5192">
    <p class='ocr_par' dir='ltr' id='par_1_54' title="bbox 388 5123 1971 5192">
     <span class='ocr_line' id='line_1_54' title="bbox 388 5123 1971 5192; baseline 0.001 -14"><span class='ocrx_word' id='word_1_414' title='bbox 388 5125 525 5178; x_wconf 83' lang='lat' dir='ltr'><strong>mari</strong></span> <span class='ocrx_word' id='word_1_415' title='bbox 559 5123 627 5179; x_wconf 89' lang='lat' dir='ltr'><strong>de</strong></span> <span class='ocrx_word' id='word_1_416' title='bbox 678 5124 1073 5178; x_wconf 88' lang='lat' dir='ltr'><strong>resurrectione</strong></span> <span class='ocrx_word' id='word_1_417' title='bbox 1123 5138 1478 5192; x_wconf 86' lang='lat' dir='ltr'><strong>persuasuros</strong></span> <span class='ocrx_word' id='word_1_418' title='bbox 1521 5125 1682 5179; x_wconf 84' lang='lat' dir='ltr'><strong>esse?</strong></span> <span class='ocrx_word' id='word_1_419' title='bbox 1723 5125 1876 5191; x_wconf 80' lang='lat' dir='ltr'><strong>Quod</strong></span> <span class='ocrx_word' id='word_1_420' title='bbox 1925 5125 1971 5179; x_wconf 80' lang='lat' dir='ltr'><strong>si</strong></span> 
     </span>
    </p>
   </div>
   <div class='ocr_carea' id='block_1_55' title="bbox 388 5212 1974 5285">
    <p class='ocr_par' dir='ltr' id='par_1_55' title="bbox 388 5212 1974 5285">
     <span class='ocr_line' id='line_1_55' title="bbox 388 5212 1974 5285; baseline 0.002 -17"><span class='ocrx_word' id='word_1_421' title='bbox 388 5230 458 5268; x_wconf 76' lang='lat' dir='ltr'><strong>ex</strong></span> <span class='ocrx_word' id='word_1_422' title='bbox 509 5214 693 5282; x_wconf 79' lang='lat' dir='ltr'><strong>gloria:</strong></span> <span class='ocrx_word' id='word_1_423' title='bbox 738 5228 923 5268; x_wconf 88' lang='lat' dir='ltr'><strong>amore</strong></span> <span class='ocrx_word' id='word_1_424' title='bbox 952 5212 1053 5268; x_wconf 92' lang='lat' dir='ltr'><strong>hoc</strong></span> <span class='ocrx_word' id='word_1_425' title='bbox 1082 5212 1373 5281; x_wconf 88' lang='lat' dir='ltr'><strong>fecissent,</strong></span> <span class='ocrx_word' id='word_1_426' title='bbox 1414 5214 1584 5268; x_wconf 88' lang='lat' dir='ltr'><strong>multo</strong></span> <span class='ocrx_word' id='word_1_427' title='bbox 1614 5216 1779 5285; x_wconf 86' lang='lat' dir='ltr'><strong>magis</strong></span> <span class='ocrx_word' id='word_1_428' title='bbox 1806 5231 1974 5270; x_wconf 89' lang='lat' dir='ltr'><strong>unus-</strong></span> 
     </span>
    </p>
   </div>
   <div class='ocr_carea' id='block_1_56' title="bbox 387 5304 1973 5376">
    <p class='ocr_par' dir='ltr' id='par_1_56' title="bbox 387 5304 1973 5376">
     <span class='ocr_line' id='line_1_56' title="bbox 387 5304 1973 5376; baseline 0.001 -16"><span class='ocrx_word' id='word_1_429' title='bbox 387 5306 617 5376; x_wconf 83' lang='lat' dir='ltr'><strong>quisque</strong></span> <span class='ocrx_word' id='word_1_430' title='bbox 642 5305 834 5376; x_wconf 80' lang='lat' dir='ltr'><strong>dogma</strong></span> <span class='ocrx_word' id='word_1_431' title='bbox 863 5304 961 5358; x_wconf 87' lang='lat' dir='ltr'><strong>sibi</strong></span> <span class='ocrx_word' id='word_1_432' title='bbox 990 5305 1339 5367; x_wconf 83' lang='lat' dir='ltr'><strong>attribuisset.</strong></span> <span class='ocrx_word' id='word_1_433' title='bbox 1383 5322 1489 5360; x_wconf 64' lang='lat' dir='ltr'><strong>non</strong></span> <span class='ocrx_word' id='word_1_434' title='bbox 1514 5306 1564 5360; x_wconf 88' lang='lat' dir='ltr'><strong>ei</strong></span> <span class='ocrx_word' id='word_1_435' title='bbox 1593 5306 1682 5375; x_wconf 89' lang='lat' dir='ltr'><strong>qui</strong></span> <span class='ocrx_word' id='word_1_436' title='bbox 1721 5306 1973 5362; x_wconf 85' lang='lat' dir='ltr'><strong>decesse-</strong></span> 
     </span>
    </p>
   </div>
   <div class='ocr_carea' id='block_1_57' title="bbox 391 5394 1974 5466">
    <p class='ocr_par' dir='ltr' id='par_1_57' title="bbox 391 5394 1974 5466">
     <span class='ocr_line' id='line_1_57' title="bbox 391 5394 1974 5466; baseline 0.002 -18"><span class='ocrx_word' id='word_1_437' title='bbox 391 5406 497 5449; x_wconf 83' lang='lat' dir='ltr'><strong>rat.</strong></span> <span class='ocrx_word' id='word_1_438' title='bbox 539 5401 609 5449; x_wconf 85' lang='lat' dir='ltr'><strong>At</strong></span> <span class='ocrx_word' id='word_1_439' title='bbox 659 5410 764 5451; x_wconf 91' lang='lat' dir='ltr'><strong>non</strong></span> <span class='ocrx_word' id='word_1_440' title='bbox 807 5395 1162 5450; x_wconf 84' lang='lat' dir='ltr'><strong>credidissent</strong></span> <span class='ocrx_word' id='word_1_441' title='bbox 1201 5394 1306 5449; x_wconf 90' lang='lat' dir='ltr'><strong>illis</strong></span> <span class='ocrx_word' id='word_1_442' title='bbox 1340 5395 1623 5451; x_wconf 86' lang='lat' dir='ltr'><strong>homines?</strong></span> <span class='ocrx_word' id='word_1_443' title='bbox 1649 5395 1720 5450; x_wconf 85' lang='lat' dir='ltr'><strong>Et</strong></span> <span class='ocrx_word' id='word_1_444' title='bbox 1742 5396 1811 5451; x_wconf 92' lang='lat' dir='ltr'><strong>de</strong></span> <span class='ocrx_word' id='word_1_445' title='bbox 1833 5412 1974 5466; x_wconf 86' lang='lat' dir='ltr'><strong>quo-</strong></span> 
     </span>
    </p>
   </div>
   <div class='ocr_carea' id='block_1_58' title="bbox 387 5484 1970 5558">
    <p class='ocr_par' dir='ltr' id='par_1_58' title="bbox 387 5484 1970 5558">
     <span class='ocr_line' id='line_1_58' title="bbox 387 5484 1970 5558; baseline 0.003 -19"><span class='ocrx_word' id='word_1_446' title='bbox 387 5501 514 5539; x_wconf 85' lang='lat' dir='ltr'><strong>nam</strong></span> <span class='ocrx_word' id='word_1_447' title='bbox 559 5487 726 5555; x_wconf 78' lang='lat' dir='ltr'><strong>magis</strong></span> <span class='ocrx_word' id='word_1_448' title='bbox 779 5484 1135 5541; x_wconf 88' lang='lat' dir='ltr'><strong>credidissent</strong></span> <span class='ocrx_word' id='word_1_449' title='bbox 1185 5485 1506 5541; x_wconf 86' lang='lat' dir='ltr'><strong>audientes?</strong></span> <span class='ocrx_word' id='word_1_450' title='bbox 1545 5485 1612 5540; x_wconf 92' lang='lat' dir='ltr'><strong>de</strong></span> <span class='ocrx_word' id='word_1_451' title='bbox 1660 5486 1824 5543; x_wconf 82' lang='lat' dir='ltr'><strong>ilione</strong></span> <span class='ocrx_word' id='word_1_452' title='bbox 1879 5489 1970 5558; x_wconf 90' lang='lat' dir='ltr'><strong>qui</strong></span> 
     </span>
    </p>
   </div>
   <div class='ocr_carea' id='block_1_59' title="bbox 386 5575 1974 5649">
    <p class='ocr_par' dir='ltr' id='par_1_59' title="bbox 386 5575 1974 5649">
     <span class='ocr_line' id='line_1_59' title="bbox 386 5575 1974 5649; baseline 0.002 -19"><span class='ocrx_word' id='word_1_453' title='bbox 386 5576 811 5644; x_wconf 81' lang='lat' dir='ltr'><strong>comprehensus</strong></span> <span class='ocrx_word' id='word_1_454' title='bbox 860 5585 913 5631; x_wconf 90' lang='lat' dir='ltr'><strong>et</strong></span> <span class='ocrx_word' id='word_1_455' title='bbox 957 5576 1244 5630; x_wconf 82' lang='lat' dir='ltr'><strong>cruciﬁxus</strong></span> <span class='ocrx_word' id='word_1_456' title='bbox 1291 5575 1484 5643; x_wconf 85' lang='lat' dir='ltr'><strong>fuerat,</strong></span> <span class='ocrx_word' id='word_1_457' title='bbox 1540 5592 1606 5630; x_wconf 87' lang='lat' dir='ltr'><strong>an</strong></span> <span class='ocrx_word' id='word_1_458' title='bbox 1636 5576 1703 5631; x_wconf 91' lang='lat' dir='ltr'><strong>de</strong></span> <span class='ocrx_word' id='word_1_459' title='bbox 1733 5577 1839 5631; x_wconf 90' lang='lat' dir='ltr'><strong>illis</strong></span> <span class='ocrx_word' id='word_1_460' title='bbox 1882 5579 1974 5649; x_wconf 84' lang='lat' dir='ltr'><strong>qui</strong></span> 
     </span>
    </p>
   </div>
   <div class='ocr_carea' id='block_1_60' title="bbox 386 5667 1972 5743">
    <p class='ocr_par' dir='ltr' id='par_1_60' title="bbox 386 5667 1972 5743">
     <span class='ocr_line' id='line_1_60' title="bbox 386 5667 1972 5743; baseline 0.001 -17"><span class='ocrx_word' id='word_1_461' title='bbox 386 5670 698 5726; x_wconf 64' lang='lat' dir='ltr'><strong>Iudaeorum</strong></span> <span class='ocrx_word' id='word_1_462' title='bbox 750 5685 944 5725; x_wconf 84' lang='lat' dir='ltr'><strong>manus</strong></span> <span class='ocrx_word' id='word_1_463' title='bbox 989 5667 1318 5741; x_wconf 59' lang='grc' dir='ltr'><strong>θαμίζω-ωιιῖ</strong></span> <span class='ocrx_word' id='word_1_464' title='bbox 1371 5671 1479 5726; x_wconf 71' lang='lat' dir='ltr'><strong>Cur</strong></span> <span class='ocrx_word' id='word_1_465' title='bbox 1529 5678 1728 5740; x_wconf 83' lang='lat' dir='ltr'><strong>autem,</strong></span> <span class='ocrx_word' id='word_1_466' title='bbox 1765 5689 1972 5743; x_wconf 77' lang='lat' dir='ltr'><strong>qurso,</strong></span> 
     </span>
    </p>
   </div>
   <div class='ocr_carea' id='block_1_61' title="bbox 2064 367 3639 435">
    <p class='ocr_par' dir='ltr' id='par_1_61' title="bbox 2064 367 3639 435">
     <span class='ocr_line' id='line_1_61' title="bbox 2064 367 3639 435; baseline 0.008 -13"><span class='ocrx_word' id='word_1_467' title='bbox 2064 367 2167 422; x_wconf 82' lang='lat' dir='ltr'><strong>hoc</strong></span> <span class='ocrx_word' id='word_1_468' title='bbox 2203 370 2390 424; x_wconf 86' lang='lat' dir='ltr'><strong>facturi</strong></span> <span class='ocrx_word' id='word_1_469' title='bbox 2435 370 2626 425; x_wconf 87' lang='lat' dir='ltr'><strong>erant?</strong></span> <span class='ocrx_word' id='word_1_470' title='bbox 2679 385 2786 426; x_wconf 89' lang='lat' dir='ltr'><strong>non</strong></span> <span class='ocrx_word' id='word_1_471' title='bbox 2830 373 3010 427; x_wconf 88' lang='lat' dir='ltr'><strong>statim</strong></span> <span class='ocrx_word' id='word_1_472' title='bbox 3038 374 3276 429; x_wconf 66' lang='lat' dir='ltr'><strong>Iudaeam</strong></span> <span class='ocrx_word' id='word_1_473' title='bbox 3305 376 3639 435; x_wconf 68' lang='lat' dir='ltr'><strong>dimitte-otes</strong></span> 
     </span>
    </p>
   </div>
   <div class='ocr_carea' id='block_1_62' title="bbox 2061 464 3638 529">
    <p class='ocr_par' dir='ltr' id='par_1_62' title="bbox 2061 464 3638 529">
     <span class='ocr_line' id='line_1_62' title="bbox 2061 464 3638 529; baseline 0.008 -14"><span class='ocrx_word' id='word_1_474' title='bbox 2061 473 2325 517; x_wconf 87' lang='lat' dir='ltr'><strong>venerunt</strong></span> <span class='ocrx_word' id='word_1_475' title='bbox 2340 464 2391 516; x_wconf 92' lang='lat' dir='ltr'><strong>in</strong></span> <span class='ocrx_word' id='word_1_476' title='bbox 2409 472 2658 518; x_wconf 75' lang='lat' dir='ltr'><strong>externas</strong></span> <span class='ocrx_word' id='word_1_477' title='bbox 2674 465 2939 529; x_wconf 80' lang='lat' dir='ltr'><strong>civitates,</strong></span> <span class='ocrx_word' id='word_1_478' title='bbox 2963 467 3057 521; x_wconf 86' lang='lat' dir='ltr'><strong>sed</strong></span> <span class='ocrx_word' id='word_1_479' title='bbox 3079 469 3218 524; x_wconf 89' lang='lat' dir='ltr'><strong>intus</strong></span> <span class='ocrx_word' id='word_1_480' title='bbox 3246 472 3589 524; x_wconf 74' lang='lat' dir='ltr'><strong>versabantur</strong></span> <span class='ocrx_word' id='word_1_481' title='bbox 3615 473 3638 527; x_wconf 68' lang='grc' dir='ltr'><strong><em>τ</em></strong></span> 
     </span>
    </p>
   </div>
   <div class='ocr_carea' id='block_1_63' title="bbox 2063 552 3638 630">
    <p class='ocr_par' dir='ltr' id='par_1_63' title="bbox 2063 552 3638 630">
     <span class='ocr_line' id='line_1_63' title="bbox 2063 552 3638 630; baseline 0.006 -24"><span class='ocrx_word' id='word_1_482' title='bbox 2063 552 2341 621; x_wconf 87' lang='lat' dir='ltr'><strong>Quomodo</strong></span> <span class='ocrx_word' id='word_1_483' title='bbox 2388 564 2565 609; x_wconf 89' lang='lat' dir='ltr'><strong>autem</strong></span> <span class='ocrx_word' id='word_1_484' title='bbox 2614 557 3027 626; x_wconf 76' lang='lat' dir='ltr'><strong>persuasissent,</strong></span> <span class='ocrx_word' id='word_1_485' title='bbox 3083 560 3185 614; x_wconf 84' lang='lat' dir='ltr'><strong>nisi</strong></span> <span class='ocrx_word' id='word_1_486' title='bbox 3238 560 3386 630; x_wconf 84' lang='lat' dir='ltr'><strong>signa</strong></span> <span class='ocrx_word' id='word_1_487' title='bbox 3433 561 3638 616; x_wconf 89' lang='lat' dir='ltr'><strong>edidis—</strong></span> 
     </span>
    </p>
   </div>
   <div class='ocr_carea' id='block_1_64' title="bbox 2061 645 3634 719">
    <p class='ocr_par' dir='ltr' id='par_1_64' title="bbox 2061 645 3634 719">
     <span class='ocr_line' id='line_1_64' title="bbox 2061 645 3634 719; baseline 0.005 -19"><span class='ocrx_word' id='word_1_488' title='bbox 2061 646 2224 700; x_wconf 84' lang='lat' dir='ltr'><strong>sent?</strong></span> <span class='ocrx_word' id='word_1_489' title='bbox 2272 645 2327 702; x_wconf 88' lang='lat' dir='ltr'><strong>Si</strong></span> <span class='ocrx_word' id='word_1_490' title='bbox 2359 646 2626 702; x_wconf 85' lang='lat' dir='ltr'><strong>faciebant</strong></span> <span class='ocrx_word' id='word_1_491' title='bbox 2654 648 2892 718; x_wconf 87' lang='lat' dir='ltr'><strong>quidem,</strong></span> <span class='ocrx_word' id='word_1_492' title='bbox 2924 658 2979 704; x_wconf 90' lang='lat' dir='ltr'><strong>ct</strong></span> <span class='ocrx_word' id='word_1_493' title='bbox 3007 651 3189 719; x_wconf 81' lang='lat' dir='ltr'><strong>utique</strong></span> <span class='ocrx_word' id='word_1_494' title='bbox 3218 651 3501 717; x_wconf 85' lang='lat' dir='ltr'><strong>faciebant,</strong></span> <span class='ocrx_word' id='word_1_495' title='bbox 3539 654 3634 708; x_wconf 68' lang='grc' dir='ltr'><strong>Ι).ξί</strong></span> 
     </span>
    </p>
   </div>
   <div class='ocr_carea' id='block_1_65' title="bbox 2060 739 3638 813">
    <p class='ocr_par' dir='ltr' id='par_1_65' title="bbox 2060 739 3638 813">
     <span class='ocr_line' id='line_1_65' title="bbox 2060 739 3638 813; baseline 0.004 -20"><span class='ocrx_word' id='word_1_496' title='bbox 2060 739 2234 793; x_wconf 91' lang='lat' dir='ltr'><strong>virtus</strong></span> <span class='ocrx_word' id='word_1_497' title='bbox 2262 749 2376 796; x_wconf 92' lang='lat' dir='ltr'><strong>erat</strong></span> <span class='ocrx_word' id='word_1_498' title='bbox 2408 741 2458 795; x_wconf 94' lang='lat' dir='ltr'><strong>id</strong></span> <span class='ocrx_word' id='word_1_499' title='bbox 2503 740 2643 811; x_wconf 91' lang='lat' dir='ltr'><strong>quod</strong></span> <span class='ocrx_word' id='word_1_500' title='bbox 2669 741 2861 796; x_wconf 81' lang='lat' dir='ltr'><strong>fiebat:</strong></span> <span class='ocrx_word' id='word_1_501' title='bbox 2892 743 2935 796; x_wconf 93' lang='lat' dir='ltr'><strong>si</strong></span> <span class='ocrx_word' id='word_1_502' title='bbox 2975 755 3154 798; x_wconf 85' lang='lat' dir='ltr'><strong>autem</strong></span> <span class='ocrx_word' id='word_1_503' title='bbox 3202 759 3306 798; x_wconf 90' lang='lat' dir='ltr'><strong>non</strong></span> <span class='ocrx_word' id='word_1_504' title='bbox 3349 744 3638 813; x_wconf 85' lang='lat' dir='ltr'><strong>faciebant,</strong></span> 
     </span>
    </p>
   </div>
   <div class='ocr_carea' id='block_1_66' title="bbox 2062 832 3637 902">
    <p class='ocr_par' dir='ltr' id='par_1_66' title="bbox 2062 832 3637 902">
     <span class='ocr_line' id='line_1_66' title="bbox 2062 832 3637 902; baseline 0.002 -15"><span class='ocrx_word' id='word_1_505' title='bbox 2062 841 2117 887; x_wconf 89' lang='lat' dir='ltr'><strong>et</strong></span> <span class='ocrx_word' id='word_1_506' title='bbox 2139 840 2313 885; x_wconf 88' lang='lat' dir='ltr'><strong>tamen</strong></span> <span class='ocrx_word' id='word_1_507' title='bbox 2346 832 2645 898; x_wconf 82' lang='lat' dir='ltr'><strong>vincebant,</strong></span> <span class='ocrx_word' id='word_1_508' title='bbox 2693 833 2850 902; x_wconf 87' lang='lat' dir='ltr'><strong>longe</strong></span> <span class='ocrx_word' id='word_1_509' title='bbox 2880 834 3174 889; x_wconf 85' lang='lat' dir='ltr'><strong>mirabilius</strong></span> <span class='ocrx_word' id='word_1_510' title='bbox 3198 844 3315 890; x_wconf 92' lang='lat' dir='ltr'><strong>erat</strong></span> <span class='ocrx_word' id='word_1_511' title='bbox 3342 835 3493 890; x_wconf 90' lang='lat' dir='ltr'><strong>illud.</strong></span> <span class='ocrx_word' id='word_1_512' title='bbox 3528 837 3637 891; x_wconf 84' lang='lat' dir='ltr'><strong>An-</strong></span> 
     </span>
    </p>
   </div>
   <div class='ocr_carea' id='block_1_67' title="bbox 2063 921 3637 995">
    <p class='ocr_par' dir='ltr' id='par_1_67' title="bbox 2063 921 3637 995">
     <span class='ocr_line' id='line_1_67' title="bbox 2063 921 3637 995; baseline 0.003 -19"><span class='ocrx_word' id='word_1_513' title='bbox 2063 937 2168 976; x_wconf 88' lang='lat' dir='ltr'><strong>non</strong></span> <span class='ocrx_word' id='word_1_514' title='bbox 2193 921 2405 977; x_wconf 68' lang='lat' dir='ltr'><strong>Judaeos</strong></span> <span class='ocrx_word' id='word_1_515' title='bbox 2432 934 2711 989; x_wconf 86' lang='lat' dir='ltr'><strong>noverant,</strong></span> <span class='ocrx_word' id='word_1_516' title='bbox 2759 939 2941 994; x_wconf 80' lang='lat' dir='ltr'><strong>qna-so</strong></span> <span class='ocrx_word' id='word_1_517' title='bbox 2973 936 3043 989; x_wconf 88' lang='lat' dir='ltr'><strong>te,</strong></span> <span class='ocrx_word' id='word_1_518' title='bbox 3090 936 3144 979; x_wconf 90' lang='lat' dir='ltr'><strong>et</strong></span> <span class='ocrx_word' id='word_1_519' title='bbox 3181 927 3372 979; x_wconf 88' lang='lat' dir='ltr'><strong>malam</strong></span> <span class='ocrx_word' id='word_1_520' title='bbox 3400 927 3637 995; x_wconf 75' lang='grc' dir='ltr'>ἰρεωι-ιιιιι</span> 
     </span>
    </p>
   </div>
   <div class='ocr_carea' id='block_1_68' title="bbox 2065 1014 3635 1089">
    <p class='ocr_par' dir='ltr' id='par_1_68' title="bbox 2065 1014 3635 1089">
     <span class='ocr_line' id='line_1_68' title="bbox 2065 1014 3635 1089; baseline 0.004 -24"><span class='ocrx_word' id='word_1_521' title='bbox 2065 1022 2319 1077; x_wconf 82' lang='lat' dir='ltr'><strong>mentem,</strong></span> <span class='ocrx_word' id='word_1_522' title='bbox 2349 1014 2651 1083; x_wconf 79' lang='lat' dir='ltr'><strong>invidiaque</strong></span> <span class='ocrx_word' id='word_1_523' title='bbox 2681 1014 2891 1083; x_wconf 87' lang='lat' dir='ltr'><strong>plenum</strong></span> <span class='ocrx_word' id='word_1_524' title='bbox 2918 1015 3195 1070; x_wconf 89' lang='lat' dir='ltr'><strong>animum?</strong></span> <span class='ocrx_word' id='word_1_525' title='bbox 3229 1015 3442 1070; x_wconf 88' lang='lat' dir='ltr'><strong>Etenim</strong></span> <span class='ocrx_word' id='word_1_526' title='bbox 3485 1017 3635 1089; x_wconf 64' lang='lat' dir='ltr'><strong>Moyo</strong></span> 
     </span>
    </p>
   </div>
   <div class='ocr_carea' id='block_1_69' title="bbox 2063 1105 3632 1177">
    <p class='ocr_par' dir='ltr' id='par_1_69' title="bbox 2063 1105 3632 1177">
     <span class='ocr_line' id='line_1_69' title="bbox 2063 1105 3632 1177; baseline 0.003 -18"><span class='ocrx_word' id='word_1_527' title='bbox 2063 1119 2156 1159; x_wconf 86' lang='lat' dir='ltr'><strong>seu</strong></span> <span class='ocrx_word' id='word_1_528' title='bbox 2192 1105 2512 1174; x_wconf 85' lang='lat' dir='ltr'><strong>lapidarunt,</strong></span> <span class='ocrx_word' id='word_1_529' title='bbox 2543 1115 2824 1176; x_wconf 89' lang='lat' dir='ltr'><strong>postquam</strong></span> <span class='ocrx_word' id='word_1_530' title='bbox 2856 1123 3004 1161; x_wconf 91' lang='lat' dir='ltr'><strong>mare</strong></span> <span class='ocrx_word' id='word_1_531' title='bbox 3031 1108 3249 1175; x_wconf 85' lang='lat' dir='ltr'><strong>pedibus</strong></span> <span class='ocrx_word' id='word_1_532' title='bbox 3276 1110 3632 1177; x_wconf 73' lang='lat' dir='ltr'><strong>transierant,</strong></span> 
     </span>
    </p>
   </div>
   <div class='ocr_carea' id='block_1_70' title="bbox 2066 1197 3630 1268">
    <p class='ocr_par' dir='ltr' id='par_1_70' title="bbox 2066 1197 3630 1268">
     <span class='ocr_line' id='line_1_70' title="bbox 2066 1197 3630 1268; baseline 0.004 -19"><span class='ocrx_word' id='word_1_533' title='bbox 2066 1207 2184 1265; x_wconf 81' lang='lat' dir='ltr'><strong>pOSt</strong></span> <span class='ocrx_word' id='word_1_534' title='bbox 2211 1197 2485 1251; x_wconf 87' lang='lat' dir='ltr'><strong>victoriam</strong></span> <span class='ocrx_word' id='word_1_535' title='bbox 2514 1207 2569 1253; x_wconf 90' lang='lat' dir='ltr'><strong>et</strong></span> <span class='ocrx_word' id='word_1_536' title='bbox 2597 1207 2854 1267; x_wconf 72' lang='lat' dir='ltr'><strong>trepzeum</strong></span> <span class='ocrx_word' id='word_1_537' title='bbox 2885 1198 3009 1252; x_wconf 90' lang='lat' dir='ltr'><strong>illud</strong></span> <span class='ocrx_word' id='word_1_538' title='bbox 3045 1199 3305 1265; x_wconf 91' lang='lat' dir='ltr'><strong>mirabile,</strong></span> <span class='ocrx_word' id='word_1_539' title='bbox 3337 1198 3478 1268; x_wconf 92' lang='lat' dir='ltr'><strong>quod</strong></span> <span class='ocrx_word' id='word_1_540' title='bbox 3506 1201 3630 1255; x_wconf 89' lang='lat' dir='ltr'><strong>abs-</strong></span> 
     </span>
    </p>
   </div>
   <div class='ocr_carea' id='block_1_71' title="bbox 2063 1288 3640 1361">
    <p class='ocr_par' dir='ltr' id='par_1_71' title="bbox 2063 1288 3640 1361">
     <span class='ocr_line' id='line_1_71' title="bbox 2063 1288 3640 1361; baseline 0.003 -21"><span class='ocrx_word' id='word_1_541' title='bbox 2063 1303 2168 1357; x_wconf 90' lang='lat' dir='ltr'><strong>que</strong></span> <span class='ocrx_word' id='word_1_542' title='bbox 2197 1289 2455 1357; x_wconf 86' lang='lat' dir='ltr'><strong>sanguine</strong></span> <span class='ocrx_word' id='word_1_543' title='bbox 2472 1304 2566 1358; x_wconf 90' lang='lat' dir='ltr'><strong>per</strong></span> <span class='ocrx_word' id='word_1_544' title='bbox 2595 1303 2783 1343; x_wconf 88' lang='lat' dir='ltr'><strong>manus</strong></span> <span class='ocrx_word' id='word_1_545' title='bbox 2797 1288 2913 1358; x_wconf 88' lang='lat' dir='ltr'><strong>ejus</strong></span> <span class='ocrx_word' id='word_1_546' title='bbox 2936 1298 3224 1345; x_wconf 80' lang='lat' dir='ltr'><strong>erexerunt</strong></span> <span class='ocrx_word' id='word_1_547' title='bbox 3250 1289 3319 1346; x_wconf 88' lang='lat' dir='ltr'><strong>de</strong></span> <span class='ocrx_word' id='word_1_548' title='bbox 3350 1289 3640 1361; x_wconf 66' lang='lat' dir='ltr'><strong>Egyptiis,</strong></span> 
     </span>
    </p>
   </div>
   <div class='ocr_carea' id='block_1_72' title="bbox 2063 1378 3640 1451">
    <p class='ocr_par' dir='ltr' id='par_1_72' title="bbox 2063 1378 3640 1451">
     <span class='ocr_line' id='line_1_72' title="bbox 2063 1378 3640 1451; baseline 0.002 -21"><span class='ocrx_word' id='word_1_549' title='bbox 2063 1378 2152 1448; x_wconf 93' lang='lat' dir='ltr'><strong>qui</strong></span> <span class='ocrx_word' id='word_1_550' title='bbox 2185 1378 2303 1432; x_wconf 89' lang='lat' dir='ltr'><strong>illos</strong></span> <span class='ocrx_word' id='word_1_551' title='bbox 2330 1378 2381 1431; x_wconf 92' lang='lat' dir='ltr'><strong>in</strong></span> <span class='ocrx_word' id='word_1_552' title='bbox 2410 1380 2719 1433; x_wconf 78' lang='lat' dir='ltr'><strong>servitutem</strong></span> <span class='ocrx_word' id='word_1_553' title='bbox 2756 1379 3096 1448; x_wconf 78' lang='lat' dir='ltr'><strong>redegerunt,</strong></span> <span class='ocrx_word' id='word_1_554' title='bbox 3130 1388 3249 1448; x_wconf 87' lang='lat' dir='ltr'><strong>post</strong></span> <span class='ocrx_word' id='word_1_555' title='bbox 3280 1394 3495 1445; x_wconf 87' lang='lat' dir='ltr'><strong>manna,</strong></span> <span class='ocrx_word' id='word_1_556' title='bbox 3517 1390 3640 1451; x_wconf 87' lang='lat' dir='ltr'><strong>post</strong></span> 
     </span>
    </p>
   </div>
   <div class='ocr_carea' id='block_1_73' title="bbox 2066 1467 3643 1540">
    <p class='ocr_par' dir='ltr' id='par_1_73' title="bbox 2066 1467 3643 1540">
     <span class='ocr_line' id='line_1_73' title="bbox 2066 1467 3643 1540; baseline 0.002 -17"><span class='ocrx_word' id='word_1_557' title='bbox 2066 1477 2244 1538; x_wconf 87' lang='lat' dir='ltr'><strong>petras</strong></span> <span class='ocrx_word' id='word_1_558' title='bbox 2273 1477 2326 1523; x_wconf 90' lang='lat' dir='ltr'><strong>et</strong></span> <span class='ocrx_word' id='word_1_559' title='bbox 2354 1469 2632 1523; x_wconf 84' lang='lat' dir='ltr'><strong>ﬂuviorum</strong></span> <span class='ocrx_word' id='word_1_560' title='bbox 2661 1467 2836 1524; x_wconf 88' lang='lat' dir='ltr'><strong>fontes</strong></span> <span class='ocrx_word' id='word_1_561' title='bbox 2867 1469 2987 1524; x_wconf 90' lang='lat' dir='ltr'><strong>inde</strong></span> <span class='ocrx_word' id='word_1_562' title='bbox 3015 1478 3313 1535; x_wconf 86' lang='lat' dir='ltr'><strong>manantes,</strong></span> <span class='ocrx_word' id='word_1_563' title='bbox 3351 1481 3469 1540; x_wconf 87' lang='lat' dir='ltr'><strong>post</strong></span> <span class='ocrx_word' id='word_1_564' title='bbox 3496 1471 3643 1527; x_wconf 85' lang='lat' dir='ltr'><strong>mille</strong></span> 
     </span>
    </p>
   </div>
   <div class='ocr_carea' id='block_1_74' title="bbox 2066 1558 3643 1630">
    <p class='ocr_par' dir='ltr' id='par_1_74' title="bbox 2066 1558 3643 1630">
     <span class='ocr_line' id='line_1_74' title="bbox 2066 1558 3643 1630; baseline 0.002 -16"><span class='ocrx_word' id='word_1_565' title='bbox 2066 1559 2318 1614; x_wconf 88' lang='lat' dir='ltr'><strong>miracula</strong></span> <span class='ocrx_word' id='word_1_566' title='bbox 2349 1560 2400 1612; x_wconf 91' lang='lat' dir='ltr'><strong>in</strong></span> <span class='ocrx_word' id='word_1_567' title='bbox 2424 1558 2679 1630; x_wconf 65' lang='lat' dir='ltr'><strong>Egypto,</strong></span> <span class='ocrx_word' id='word_1_568' title='bbox 2704 1559 2755 1612; x_wconf 92' lang='lat' dir='ltr'><strong>in</strong></span> <span class='ocrx_word' id='word_1_569' title='bbox 2781 1559 2913 1612; x_wconf 84' lang='lat' dir='ltr'><strong>mari</strong></span> <span class='ocrx_word' id='word_1_570' title='bbox 2947 1559 3148 1622; x_wconf 82' lang='lat' dir='ltr'><strong>Rubro,</strong></span> <span class='ocrx_word' id='word_1_571' title='bbox 3175 1558 3228 1613; x_wconf 89' lang='lat' dir='ltr'><strong>in</strong></span> <span class='ocrx_word' id='word_1_572' title='bbox 3259 1559 3473 1615; x_wconf 86' lang='lat' dir='ltr'><strong>deserto</strong></span> <span class='ocrx_word' id='word_1_573' title='bbox 3501 1578 3515 1614; x_wconf 90' lang='lat'><strong>:</strong></span> <span class='ocrx_word' id='word_1_574' title='bbox 3549 1560 3643 1617; x_wconf 81' lang='lat' dir='ltr'><strong>Je-</strong></span> 
     </span>
    </p>
   </div>
   <div class='ocr_carea' id='block_1_75' title="bbox 2066 1649 3645 1721">
    <p class='ocr_par' dir='ltr' id='par_1_75' title="bbox 2066 1649 3645 1721">
     <span class='ocr_line' id='line_1_75' title="bbox 2066 1649 3645 1721; baseline 0.003 -18"><span class='ocrx_word' id='word_1_575' title='bbox 2066 1649 2288 1703; x_wconf 87' lang='lat' dir='ltr'><strong>remiam</strong></span> <span class='ocrx_word' id='word_1_576' title='bbox 2332 1649 2387 1703; x_wconf 91' lang='lat' dir='ltr'><strong>in</strong></span> <span class='ocrx_word' id='word_1_577' title='bbox 2425 1650 2597 1703; x_wconf 89' lang='lat' dir='ltr'><strong>lacum</strong></span> <span class='ocrx_word' id='word_1_578' title='bbox 2645 1649 2964 1718; x_wconf 87' lang='lat' dir='ltr'><strong>injecerunt,</strong></span> <span class='ocrx_word' id='word_1_579' title='bbox 3012 1660 3067 1705; x_wconf 89' lang='lat' dir='ltr'><strong>et</strong></span> <span class='ocrx_word' id='word_1_580' title='bbox 3113 1649 3310 1704; x_wconf 88' lang='lat' dir='ltr'><strong>multos</strong></span> <span class='ocrx_word' id='word_1_581' title='bbox 3355 1650 3645 1721; x_wconf 86' lang='lat' dir='ltr'><strong>prophetas</strong></span> 
     </span>
    </p>
   </div>
   <div class='ocr_carea' id='block_1_76' title="bbox 2067 1739 3645 1811">
    <p class='ocr_par' dir='ltr' id='par_1_76' title="bbox 2067 1739 3645 1811">
     <span class='ocr_line' id='line_1_76' title="bbox 2067 1739 3645 1811; baseline 0.003 -17"><span class='ocrx_word' id='word_1_582' title='bbox 2067 1739 2469 1795; x_wconf 88' lang='lat' dir='ltr'><strong>interfecerunt.</strong></span> <span class='ocrx_word' id='word_1_583' title='bbox 2522 1740 2658 1795; x_wconf 84' lang='lat' dir='ltr'><strong>Audi</strong></span> <span class='ocrx_word' id='word_1_584' title='bbox 2708 1741 2833 1811; x_wconf 90' lang='lat' dir='ltr'><strong>quid</strong></span> <span class='ocrx_word' id='word_1_585' title='bbox 2884 1740 3027 1797; x_wconf 76' lang='lat' dir='ltr'><strong>dicat</strong></span> <span class='ocrx_word' id='word_1_586' title='bbox 3076 1742 3254 1797; x_wconf 83' lang='lat' dir='ltr'><strong>Helias</strong></span> <span class='ocrx_word' id='word_1_587' title='bbox 3287 1752 3405 1811; x_wconf 92' lang='lat' dir='ltr'><strong>post</strong></span> <span class='ocrx_word' id='word_1_588' title='bbox 3450 1742 3645 1799; x_wconf 87' lang='lat' dir='ltr'><strong>famem</strong></span> 
     </span>
    </p>
   </div>
   <div class='ocr_carea' id='block_1_77' title="bbox 2069 1832 3647 1903">
    <p class='ocr_par' dir='ltr' id='par_1_77' title="bbox 2069 1832 3647 1903">
     <span class='ocr_line' id='line_1_77' title="bbox 2069 1832 3647 1903; baseline 0 -15"><span class='ocrx_word' id='word_1_589' title='bbox 2069 1832 2211 1888; x_wconf 88' lang='lat' dir='ltr'><strong>illatn</strong></span> <span class='ocrx_word' id='word_1_590' title='bbox 2257 1833 2574 1897; x_wconf 87' lang='lat' dir='ltr'><strong>terribilem,</strong></span> <span class='ocrx_word' id='word_1_591' title='bbox 2626 1842 2683 1888; x_wconf 89' lang='lat' dir='ltr'><strong>et</strong></span> <span class='ocrx_word' id='word_1_592' title='bbox 2727 1833 3025 1888; x_wconf 86' lang='lat' dir='ltr'><strong>mirabilem</strong></span> <span class='ocrx_word' id='word_1_593' title='bbox 3057 1834 3313 1903; x_wconf 84' lang='lat' dir='ltr'><strong>pluviam,</strong></span> <span class='ocrx_word' id='word_1_594' title='bbox 3359 1843 3413 1889; x_wconf 91' lang='lat' dir='ltr'><strong>et</strong></span> <span class='ocrx_word' id='word_1_595' title='bbox 3441 1834 3647 1903; x_wconf 86' lang='lat' dir='ltr'><strong>lampa-</strong></span> 
     </span>
    </p>
   </div>
   <div class='ocr_carea' id='block_1_78' title="bbox 2067 1926 3646 1995">
    <p class='ocr_par' dir='ltr' id='par_1_78' title="bbox 2067 1926 3646 1995">
     <span class='ocr_line' id='line_1_78' title="bbox 2067 1926 3646 1995; baseline 0.003 -16"><span class='ocrx_word' id='word_1_596' title='bbox 2067 1926 2187 1980; x_wconf 89' lang='lat' dir='ltr'><strong>dem</strong></span> <span class='ocrx_word' id='word_1_597' title='bbox 2216 1926 2382 1991; x_wconf 79' lang='lat' dir='ltr'><strong>illam,</strong></span> <span class='ocrx_word' id='word_1_598' title='bbox 2418 1942 2574 1995; x_wconf 85' lang='lat' dir='ltr'><strong>quam</strong></span> <span class='ocrx_word' id='word_1_599' title='bbox 2597 1929 2663 1982; x_wconf 84' lang='lat' dir='ltr'><strong>de.</strong></span> <span class='ocrx_word' id='word_1_600' title='bbox 2684 1927 2827 1981; x_wconf 62' lang='lat' dir='ltr'><strong>callis</strong></span> <span class='ocrx_word' id='word_1_601' title='bbox 2852 1926 3181 1982; x_wconf 76' lang='lat' dir='ltr'><strong>descendere</strong></span> <span class='ocrx_word' id='word_1_602' title='bbox 3202 1927 3426 1994; x_wconf 86' lang='lat' dir='ltr'><strong>curavit,</strong></span> <span class='ocrx_word' id='word_1_603' title='bbox 3454 1937 3507 1982; x_wconf 86' lang='lat' dir='ltr'><strong>et</strong></span> <span class='ocrx_word' id='word_1_604' title='bbox 3530 1937 3646 1984; x_wconf 88' lang='lat' dir='ltr'><strong>stu-</strong></span> 
     </span>
    </p>
   </div>
   <div class='ocr_carea' id='block_1_79' title="bbox 2070 2018 3646 2088">
    <p class='ocr_par' dir='ltr' id='par_1_79' title="bbox 2070 2018 3646 2088">
     <span class='ocr_line' id='line_1_79' title="bbox 2070 2018 3646 2088; baseline 0.002 -16"><span class='ocrx_word' id='word_1_605' title='bbox 2070 2019 2299 2088; x_wconf 90' lang='lat' dir='ltr'><strong>pendum</strong></span> <span class='ocrx_word' id='word_1_606' title='bbox 2323 2018 2448 2073; x_wconf 91' lang='lat' dir='ltr'><strong>illud</strong></span> <span class='ocrx_word' id='word_1_607' title='bbox 2472 2018 2873 2082; x_wconf 86' lang='lat' dir='ltr'><strong>holocaustum;</strong></span> <span class='ocrx_word' id='word_1_608' title='bbox 2906 2018 3087 2088; x_wconf 88' lang='lat' dir='ltr'><strong>procul</strong></span> <span class='ocrx_word' id='word_1_609' title='bbox 3113 2020 3180 2073; x_wconf 90' lang='lat' dir='ltr'><strong>ab</strong></span> <span class='ocrx_word' id='word_1_610' title='bbox 3211 2034 3394 2073; x_wconf 91' lang='lat' dir='ltr'><strong>eorum</strong></span> <span class='ocrx_word' id='word_1_611' title='bbox 3422 2019 3646 2088; x_wconf 85' lang='lat' dir='ltr'><strong>regione</strong></span> 
     </span>
    </p>
   </div>
   <div class='ocr_carea' id='block_1_80' title="bbox 2069 2107 3649 2178">
    <p class='ocr_par' dir='ltr' id='par_1_80' title="bbox 2069 2107 3649 2178">
     <span class='ocr_line' id='line_1_80' title="bbox 2069 2107 3649 2178; baseline -0.001 -14"><span class='ocrx_word' id='word_1_612' title='bbox 2069 2111 2271 2177; x_wconf 86' lang='lat' dir='ltr'><strong>cjcctus</strong></span> <span class='ocrx_word' id='word_1_613' title='bbox 2311 2107 2591 2173; x_wconf 82' lang='lat' dir='ltr'><strong>:Domine,</strong></span> <span class='ocrx_word' id='word_1_614' title='bbox 2620 2108 2893 2178; x_wconf 77' lang='lat' dir='ltr'><strong>prOphetas</strong></span> <span class='ocrx_word' id='word_1_615' title='bbox 2942 2118 3053 2163; x_wconf 82' lang='lat' dir='ltr'><strong>tuos</strong></span> <span class='ocrx_word' id='word_1_616' title='bbox 3099 2108 3414 2173; x_wconf 72' lang='lat' dir='ltr'><strong>occiderunt,</strong></span> <span class='ocrx_word' id='word_1_617' title='bbox 3462 2108 3649 2163; x_wconf 82' lang='lat' dir='ltr'><strong>altaria</strong></span> 
     </span>
    </p>
   </div>
   <div class='ocr_carea' id='block_1_81' title="bbox 2069 2198 3650 2270">
    <p class='ocr_par' dir='ltr' id='par_1_81' title="bbox 2069 2198 3650 2270">
     <span class='ocr_line' id='line_1_81' title="bbox 2069 2198 3650 2270; baseline 0.001 -18"><span class='ocrx_word' id='word_1_618' title='bbox 2069 2209 2156 2252; x_wconf 82' lang='lat' dir='ltr'><strong>tua</strong></span> <span class='ocrx_word' id='word_1_619' title='bbox 2195 2199 2498 2262; x_wconf 78' lang='lat' dir='ltr'><strong>diruerant,-</strong></span> <span class='ocrx_word' id='word_1_620' title='bbox 2543 2209 2588 2251; x_wconf 74' lang='grc' dir='ltr'>ει</span> <span class='ocrx_word' id='word_1_621' title='bbox 2632 2215 2723 2269; x_wconf 81' lang='lat' dir='ltr'><strong>ego</strong></span> <span class='ocrx_word' id='word_1_622' title='bbox 2760 2199 2971 2253; x_wconf 69' lang='lat' dir='ltr'><strong>relictus</strong></span> <span class='ocrx_word' id='word_1_623' title='bbox 3004 2216 3116 2253; x_wconf 80' lang='lat' dir='ltr'><strong>sum</strong></span> <span class='ocrx_word' id='word_1_624' title='bbox 3153 2198 3311 2264; x_wconf 73' lang='lat' dir='ltr'><strong>solus,</strong></span> <span class='ocrx_word' id='word_1_625' title='bbox 3343 2208 3391 2252; x_wconf 87' lang='lat' dir='ltr'><strong>et</strong></span> <span class='ocrx_word' id='word_1_626' title='bbox 3419 2209 3650 2270; x_wconf 63' lang='lat' dir='ltr'><strong>quierunt</strong></span> 
     </span>
    </p>
   </div>
   <div class='ocr_carea' id='block_1_82' title="bbox 2068 2287 3648 2361">
    <p class='ocr_par' dir='ltr' id='par_1_82' title="bbox 2068 2287 3648 2361">
     <span class='ocr_line' id='line_1_82' title="bbox 2068 2287 3648 2361; baseline -0.001 -19"><span class='ocrx_word' id='word_1_627' title='bbox 2068 2291 2289 2344; x_wconf 78' lang='lat' dir='ltr'><strong>animam</strong></span> <span class='ocrx_word' id='word_1_628' title='bbox 2315 2306 2475 2342; x_wconf 84' lang='lat' dir='ltr'><strong>meam</strong></span> <span class='ocrx_word' id='word_1_629' title='bbox 2496 2290 2571 2359; x_wconf 78' lang='lat'><strong>(&#39;5.</strong></span> <span class='ocrx_word' id='word_1_630' title='bbox 2598 2288 2722 2358; x_wconf 74' lang='lat' dir='ltr'><strong>Reg.</strong></span> <span class='ocrx_word' id='word_1_631' title='bbox 2746 2291 2829 2342; x_wconf 86' lang='lat' dir='ltr'><strong>l9.</strong></span> <span class='ocrx_word' id='word_1_632' title='bbox 2861 2287 2965 2361; x_wconf 82' lang='lat' dir='ltr'><strong>l0).</strong></span> <span class='ocrx_word' id='word_1_633' title='bbox 3002 2290 3157 2358; x_wconf 77' lang='lat' dir='ltr'><strong>Atqui</strong></span> <span class='ocrx_word' id='word_1_634' title='bbox 3187 2289 3219 2342; x_wconf 94' lang='lat' dir='ltr'><strong>ii</strong></span> <span class='ocrx_word' id='word_1_635' title='bbox 3251 2291 3395 2359; x_wconf 84' lang='lat' dir='ltr'><strong>leges</strong></span> <span class='ocrx_word' id='word_1_636' title='bbox 3412 2304 3517 2343; x_wconf 88' lang='lat' dir='ltr'><strong>non</strong></span> <span class='ocrx_word' id='word_1_637' title='bbox 3546 2289 3648 2343; x_wconf 86' lang='lat' dir='ltr'><strong>itu-</strong></span> 
     </span>
    </p>
   </div>
   <div class='ocr_carea' id='block_1_83' title="bbox 2071 2381 3650 2452">
    <p class='ocr_par' dir='ltr' id='par_1_83' title="bbox 2071 2381 3650 2452">
     <span class='ocr_line' id='line_1_83' title="bbox 2071 2381 3650 2452; baseline -0.001 -15"><span class='ocrx_word' id='word_1_638' title='bbox 2071 2383 2362 2437; x_wconf 90' lang='lat' dir='ltr'><strong>mutahant.</strong></span> <span class='ocrx_word' id='word_1_639' title='bbox 2388 2381 2542 2439; x_wconf 88' lang='lat' dir='ltr'><strong>Unde</strong></span> <span class='ocrx_word' id='word_1_640' title='bbox 2571 2396 2715 2452; x_wconf 87' lang='lat' dir='ltr'><strong>ergo,</strong></span> <span class='ocrx_word' id='word_1_641' title='bbox 2743 2397 2946 2451; x_wconf 84' lang='lat' dir='ltr'><strong>qna-so,</strong></span> <span class='ocrx_word' id='word_1_642' title='bbox 2979 2381 3061 2435; x_wconf 89' lang='lat' dir='ltr'><strong>his</strong></span> <span class='ocrx_word' id='word_1_643' title='bbox 3080 2381 3290 2435; x_wconf 88' lang='lat' dir='ltr'><strong>animus</strong></span> <span class='ocrx_word' id='word_1_644' title='bbox 3316 2381 3650 2436; x_wconf 84' lang='lat' dir='ltr'><strong>adhibendus</strong></span> 
     </span>
    </p>
   </div>
   <div class='ocr_carea' id='block_1_84' title="bbox 2068 2474 3646 2544">
    <p class='ocr_par' dir='ltr' id='par_1_84' title="bbox 2068 2474 3646 2544">
     <span class='ocr_line' id='line_1_84' title="bbox 2068 2474 3646 2544; baseline -0.003 -12"><span class='ocrx_word' id='word_1_645' title='bbox 2068 2477 2229 2532; x_wconf 83' lang='lat' dir='ltr'><strong>erat?</strong></span> <span class='ocrx_word' id='word_1_646' title='bbox 2276 2489 2398 2530; x_wconf 91' lang='lat' dir='ltr'><strong>nam</strong></span> <span class='ocrx_word' id='word_1_647' title='bbox 2434 2475 2671 2530; x_wconf 89' lang='lat' dir='ltr'><strong>omnium</strong></span> <span class='ocrx_word' id='word_1_648' title='bbox 2713 2474 2955 2528; x_wconf 85' lang='lat' dir='ltr'><strong>vilissimi</strong></span> <span class='ocrx_word' id='word_1_649' title='bbox 3001 2484 3190 2538; x_wconf 84' lang='lat' dir='ltr'><strong>erant;</strong></span> <span class='ocrx_word' id='word_1_650' title='bbox 3234 2483 3393 2544; x_wconf 86' lang='lat' dir='ltr'><strong>atque</strong></span> <span class='ocrx_word' id='word_1_651' title='bbox 3422 2489 3483 2528; x_wconf 89' lang='lat' dir='ltr'><strong>ea</strong></span> <span class='ocrx_word' id='word_1_652' title='bbox 3532 2474 3646 2542; x_wconf 76' lang='lat' dir='ltr'><strong>ipsa</strong></span> 
     </span>
    </p>
   </div>
   <div class='ocr_carea' id='block_1_85' title="bbox 2069 2564 3642 2635">
    <p class='ocr_par' dir='ltr' id='par_1_85' title="bbox 2069 2564 3642 2635">
     <span class='ocr_line' id='line_1_85' title="bbox 2069 2564 3642 2635; baseline -0.002 -15"><span class='ocrx_word' id='word_1_653' title='bbox 2069 2566 2419 2631; x_wconf 88' lang='lat' dir='ltr'><strong>innovabant,</strong></span> <span class='ocrx_word' id='word_1_654' title='bbox 2447 2565 2518 2620; x_wconf 88' lang='lat' dir='ltr'><strong>ob</strong></span> <span class='ocrx_word' id='word_1_655' title='bbox 2546 2581 2666 2635; x_wconf 71' lang='lat' dir='ltr'><strong>qua:</strong></span> <span class='ocrx_word' id='word_1_656' title='bbox 2693 2564 3003 2635; x_wconf 75' lang='lat' dir='ltr'><strong>Magistrum</strong></span> <span class='ocrx_word' id='word_1_657' title='bbox 3035 2564 3206 2618; x_wconf 65' lang='lat' dir='ltr'><strong>Judaei</strong></span> <span class='ocrx_word' id='word_1_658' title='bbox 3237 2565 3642 2619; x_wconf 76' lang='lat' dir='ltr'><strong>crucifixerant.</strong></span> 
     </span>
    </p>
   </div>
   <div class='ocr_carea' id='block_1_86' title="bbox 2068 2654 3645 2726">
    <p class='ocr_par' dir='ltr' id='par_1_86' title="bbox 2068 2654 3645 2726">
     <span class='ocr_line' id='line_1_86' title="bbox 2068 2654 3645 2726; baseline -0.001 -15"><span class='ocrx_word' id='word_1_659' title='bbox 2068 2658 2315 2726; x_wconf 85' lang='lat' dir='ltr'><strong>Alioquin</strong></span> <span class='ocrx_word' id='word_1_660' title='bbox 2347 2672 2475 2710; x_wconf 84' lang='lat' dir='ltr'><strong>vero</strong></span> <span class='ocrx_word' id='word_1_661' title='bbox 2514 2670 2620 2709; x_wconf 91' lang='lat' dir='ltr'><strong>non</strong></span> <span class='ocrx_word' id='word_1_662' title='bbox 2668 2665 2774 2708; x_wconf 88' lang='lat' dir='ltr'><strong>tam</strong></span> <span class='ocrx_word' id='word_1_663' title='bbox 2812 2671 2973 2725; x_wconf 83' lang='lat' dir='ltr'><strong>grave</strong></span> <span class='ocrx_word' id='word_1_664' title='bbox 3008 2656 3291 2710; x_wconf 83' lang='lat' dir='ltr'><strong>videbatur</strong></span> <span class='ocrx_word' id='word_1_665' title='bbox 3316 2669 3457 2723; x_wconf 91' lang='lat' dir='ltr'><strong>esse,</strong></span> <span class='ocrx_word' id='word_1_666' title='bbox 3503 2654 3645 2724; x_wconf 87' lang='lat' dir='ltr'><strong>quod</strong></span> 
     </span>
    </p>
   </div>
   <div class='ocr_carea' id='block_1_87' title="bbox 2068 2746 3646 2818">
    <p class='ocr_par' dir='ltr' id='par_1_87' title="bbox 2068 2746 3646 2818">
     <span class='ocr_line' id='line_1_87' title="bbox 2068 2746 3646 2818; baseline -0.001 -14"><span class='ocrx_word' id='word_1_667' title='bbox 2068 2749 2312 2804; x_wconf 82' lang='lat' dir='ltr'><strong>Christus</strong></span> <span class='ocrx_word' id='word_1_668' title='bbox 2352 2757 2407 2803; x_wconf 90' lang='lat' dir='ltr'><strong>et</strong></span> <span class='ocrx_word' id='word_1_669' title='bbox 2454 2748 2528 2802; x_wconf 92' lang='lat' dir='ltr'><strong>illi</strong></span> <span class='ocrx_word' id='word_1_670' title='bbox 2574 2747 2760 2802; x_wconf 88' lang='lat' dir='ltr'><strong>eadem</strong></span> <span class='ocrx_word' id='word_1_671' title='bbox 2802 2747 3067 2802; x_wconf 90' lang='lat' dir='ltr'><strong>dicerent.</strong></span> <span class='ocrx_word' id='word_1_672' title='bbox 3098 2746 3231 2802; x_wconf 84' lang='lat' dir='ltr'><strong>Nam</strong></span> <span class='ocrx_word' id='word_1_673' title='bbox 3255 2747 3404 2801; x_wconf 85' lang='lat' dir='ltr'><strong>illum</strong></span> <span class='ocrx_word' id='word_1_674' title='bbox 3432 2747 3646 2818; x_wconf 89' lang='lat' dir='ltr'><strong>quidem</strong></span> 
     </span>
    </p>
   </div>
   <div class='ocr_carea' id='block_1_88' title="bbox 2069 2837 3651 2908">
    <p class='ocr_par' dir='ltr' id='par_1_88' title="bbox 2069 2837 3651 2908">
     <span class='ocr_line' id='line_1_88' title="bbox 2069 2837 3651 2908; baseline -0.001 -15"><span class='ocrx_word' id='word_1_675' title='bbox 2069 2839 2206 2894; x_wconf 87' lang='lat' dir='ltr'><strong>forte</strong></span> <span class='ocrx_word' id='word_1_676' title='bbox 2226 2839 2478 2908; x_wconf 88' lang='lat' dir='ltr'><strong>putabant</strong></span> <span class='ocrx_word' id='word_1_677' title='bbox 2504 2838 2623 2892; x_wconf 89' lang='lat' dir='ltr'><strong>ideo</strong></span> <span class='ocrx_word' id='word_1_678' title='bbox 2645 2838 2693 2890; x_wconf 91' lang='lat' dir='ltr'><strong>id</strong></span> <span class='ocrx_word' id='word_1_679' title='bbox 2724 2837 2931 2900; x_wconf 76' lang='lat' dir='ltr'><strong>fecisse,</strong></span> <span class='ocrx_word' id='word_1_680' title='bbox 2958 2849 3013 2890; x_wconf 91' lang='lat' dir='ltr'><strong>ut</strong></span> <span class='ocrx_word' id='word_1_681' title='bbox 3036 2839 3133 2891; x_wconf 90' lang='lat' dir='ltr'><strong>sibi</strong></span> <span class='ocrx_word' id='word_1_682' title='bbox 3153 2838 3375 2907; x_wconf 85' lang='lat' dir='ltr'><strong>gloriam</strong></span> <span class='ocrx_word' id='word_1_683' title='bbox 3404 2848 3651 2907; x_wconf 86' lang='lat' dir='ltr'><strong>pareret;</strong></span> 
     </span>
    </p>
   </div>
   <div class='ocr_carea' id='block_1_89' title="bbox 2071 2927 3651 2998">
    <p class='ocr_par' dir='ltr' id='par_1_89' title="bbox 2071 2927 3651 2998">
     <span class='ocr_line' id='line_1_89' title="bbox 2071 2927 3651 2998; baseline -0.002 -14"><span class='ocrx_word' id='word_1_684' title='bbox 2071 2931 2189 2984; x_wconf 90' lang='lat' dir='ltr'><strong>illos</strong></span> <span class='ocrx_word' id='word_1_685' title='bbox 2214 2941 2392 2983; x_wconf 88' lang='lat' dir='ltr'><strong>autem</strong></span> <span class='ocrx_word' id='word_1_686' title='bbox 2424 2929 2584 2984; x_wconf 86' lang='lat' dir='ltr'><strong>etiam</strong></span> <span class='ocrx_word' id='word_1_687' title='bbox 2619 2930 2786 2998; x_wconf 82' lang='lat' dir='ltr'><strong>magis</strong></span> <span class='ocrx_word' id='word_1_688' title='bbox 2816 2927 3083 2991; x_wconf 89' lang='lat' dir='ltr'><strong>odissent,</strong></span> <span class='ocrx_word' id='word_1_689' title='bbox 3125 2944 3246 2982; x_wconf 90' lang='lat' dir='ltr'><strong>cum</strong></span> <span class='ocrx_word' id='word_1_690' title='bbox 3272 2943 3366 2997; x_wconf 84' lang='lat' dir='ltr'><strong>pro</strong></span> <span class='ocrx_word' id='word_1_691' title='bbox 3393 2928 3498 2982; x_wconf 85' lang='lat' dir='ltr'><strong>alio</strong></span> <span class='ocrx_word' id='word_1_692' title='bbox 3520 2944 3651 2982; x_wconf 84' lang='lat' dir='ltr'><strong>cm-</strong></span> 
     </span>
    </p>
   </div>
   <div class='ocr_carea' id='block_1_90' title="bbox 2072 3018 3647 3090">
    <p class='ocr_par' dir='ltr' id='par_1_90' title="bbox 2072 3018 3647 3090">
     <span class='ocr_line' id='line_1_90' title="bbox 2072 3018 3647 3090; baseline 0 -15"><span class='ocrx_word' id='word_1_693' title='bbox 2072 3031 2149 3075; x_wconf 88' lang='lat' dir='ltr'><strong>tra</strong></span> <span class='ocrx_word' id='word_1_694' title='bbox 2178 3035 2237 3076; x_wconf 87' lang='lat' dir='ltr'><strong>se</strong></span> <span class='ocrx_word' id='word_1_695' title='bbox 2267 3019 2462 3074; x_wconf 86' lang='lat' dir='ltr'><strong>bellum</strong></span> <span class='ocrx_word' id='word_1_696' title='bbox 2486 3030 2754 3088; x_wconf 77' lang='lat' dir='ltr'><strong>gererent.</strong></span> <span class='ocrx_word' id='word_1_697' title='bbox 2787 3018 2890 3072; x_wconf 91' lang='lat' dir='ltr'><strong>Sed</strong></span> <span class='ocrx_word' id='word_1_698' title='bbox 2916 3034 3074 3087; x_wconf 79' lang='lat' dir='ltr'><strong>apem</strong></span> <span class='ocrx_word' id='word_1_699' title='bbox 3108 3019 3211 3073; x_wconf 86' lang='lat' dir='ltr'><strong>illis</strong></span> <span class='ocrx_word' id='word_1_700' title='bbox 3238 3018 3482 3073; x_wconf 86' lang='lat' dir='ltr'><strong>ferebant</strong></span> <span class='ocrx_word' id='word_1_701' title='bbox 3502 3020 3647 3090; x_wconf 82' lang='lat' dir='ltr'><strong>leges</strong></span> 
     </span>
    </p>
   </div>
   <div class='ocr_carea' id='block_1_91' title="bbox 2069 3111 3648 3180">
    <p class='ocr_par' dir='ltr' id='par_1_91' title="bbox 2069 3111 3648 3180">
     <span class='ocr_line' id='line_1_91' title="bbox 2069 3111 3648 3180; baseline -0.001 -13"><span class='ocrx_word' id='word_1_702' title='bbox 2069 3113 2474 3169; x_wconf 80' lang='lat' dir='ltr'><strong>Romanorum?</strong></span> <span class='ocrx_word' id='word_1_703' title='bbox 2500 3111 2607 3164; x_wconf 85' lang='lat' dir='ltr'><strong>into</strong></span> <span class='ocrx_word' id='word_1_704' title='bbox 2636 3112 2702 3163; x_wconf 86' lang='lat' dir='ltr'><strong>ab</strong></span> <span class='ocrx_word' id='word_1_705' title='bbox 2731 3111 2835 3164; x_wconf 87' lang='lat' dir='ltr'><strong>illis</strong></span> <span class='ocrx_word' id='word_1_706' title='bbox 2862 3111 3028 3180; x_wconf 78' lang='lat' dir='ltr'><strong>magis</strong></span> <span class='ocrx_word' id='word_1_707' title='bbox 3064 3111 3491 3179; x_wconf 84' lang='lat' dir='ltr'><strong>impediebantur</strong></span> <span class='ocrx_word' id='word_1_708' title='bbox 3519 3129 3534 3166; x_wconf 90' lang='lat'><strong>:</strong></span> <span class='ocrx_word' id='word_1_709' title='bbox 3563 3112 3648 3166; x_wconf 82' lang='lat' dir='ltr'><strong>di-</strong></span> 
     </span>
    </p>
   </div>
   <div class='ocr_carea' id='block_1_92' title="bbox 2067 3202 3652 3273">
    <p class='ocr_par' dir='ltr' id='par_1_92' title="bbox 2067 3202 3652 3273">
     <span class='ocr_line' id='line_1_92' title="bbox 2067 3202 3652 3273; baseline 0 -14"><span class='ocrx_word' id='word_1_710' title='bbox 2067 3206 2261 3260; x_wconf 86' lang='lat' dir='ltr'><strong>cebant</strong></span> <span class='ocrx_word' id='word_1_711' title='bbox 2280 3204 2446 3269; x_wconf 87' lang='lat' dir='ltr'><strong>enim,</strong></span> <span class='ocrx_word' id='word_1_712' title='bbox 2481 3202 2682 3266; x_wconf 81' lang='lat' dir='ltr'><strong>Oomis,</strong></span> <span class='ocrx_word' id='word_1_713' title='bbox 2712 3203 2798 3269; x_wconf 80' lang='lat' dir='ltr'><strong>qui</strong></span> <span class='ocrx_word' id='word_1_714' title='bbox 2825 3218 2880 3254; x_wconf 74' lang='lat' dir='ltr'><strong>se</strong></span> <span class='ocrx_word' id='word_1_715' title='bbox 2902 3203 3065 3271; x_wconf 77' lang='lat' dir='ltr'><strong>ipsum</strong></span> <span class='ocrx_word' id='word_1_716' title='bbox 3090 3219 3257 3273; x_wconf 84' lang='lat' dir='ltr'><strong>regem</strong></span> <span class='ocrx_word' id='word_1_717' title='bbox 3274 3202 3420 3271; x_wconf 73' lang='lat' dir='ltr'><strong>facit,</strong></span> <span class='ocrx_word' id='word_1_718' title='bbox 3451 3219 3550 3258; x_wconf 87' lang='lat' dir='ltr'><strong>non</strong></span> <span class='ocrx_word' id='word_1_719' title='bbox 3576 3214 3652 3258; x_wconf 78' lang='lat' dir='ltr'><strong>est</strong></span> 
     </span>
    </p>
   </div>
   <div class='ocr_carea' id='block_1_93' title="bbox 2068 3293 3650 3363">
    <p class='ocr_par' dir='ltr' id='par_1_93' title="bbox 2068 3293 3650 3363">
     <span class='ocr_line' id='line_1_93' title="bbox 2068 3293 3650 3363; baseline -0.001 -13"><span class='ocrx_word' id='word_1_720' title='bbox 2068 3300 2262 3351; x_wconf 76' lang='lat' dir='ltr'><strong>anticus</strong></span> <span class='ocrx_word' id='word_1_721' title='bbox 2284 3294 2496 3348; x_wconf 63' lang='lat' dir='ltr'><strong>Cit-saris</strong></span> <span class='ocrx_word' id='word_1_722' title='bbox 2528 3294 2703 3363; x_wconf 78' lang='lat' dir='ltr'><strong>(Joan.</strong></span> <span class='ocrx_word' id='word_1_723' title='bbox 2740 3293 2823 3348; x_wconf 88' lang='lat' dir='ltr'><strong>l9.</strong></span> <span class='ocrx_word' id='word_1_724' title='bbox 2857 3293 2965 3363; x_wconf 71' lang='lat'><strong>12).</strong></span> <span class='ocrx_word' id='word_1_725' title='bbox 2995 3293 3330 3363; x_wconf 86' lang='lat' dir='ltr'><strong>Quapropter</strong></span> <span class='ocrx_word' id='word_1_726' title='bbox 3356 3294 3456 3349; x_wconf 90' lang='lat' dir='ltr'><strong>hoc</strong></span> <span class='ocrx_word' id='word_1_727' title='bbox 3477 3295 3650 3349; x_wconf 87' lang='lat' dir='ltr'><strong>suluut</strong></span> 
     </span>
    </p>
   </div>
   <div class='ocr_carea' id='block_1_94' title="bbox 2070 3386 3647 3460">
    <p class='ocr_par' dir='ltr' id='par_1_94' title="bbox 2070 3386 3647 3460">
     <span class='ocr_line' id='line_1_94' title="bbox 2070 3386 3647 3460; baseline -0.003 -16"><span class='ocrx_word' id='word_1_728' title='bbox 2070 3390 2328 3460; x_wconf 87' lang='lat' dir='ltr'><strong>impedire</strong></span> <span class='ocrx_word' id='word_1_729' title='bbox 2352 3396 2581 3458; x_wconf 89' lang='lat' dir='ltr'><strong>poterat,</strong></span> <span class='ocrx_word' id='word_1_730' title='bbox 2609 3402 2691 3455; x_wconf 84' lang='lat' dir='ltr'><strong>qu</strong></span> <span class='ocrx_word' id='word_1_731' title='bbox 2719 3387 2858 3440; x_wconf 89' lang='lat' dir='ltr'><strong>niam</strong></span> <span class='ocrx_word' id='word_1_732' title='bbox 2885 3386 3024 3454; x_wconf 88' lang='lat' dir='ltr'><strong>ejus,</strong></span> <span class='ocrx_word' id='word_1_733' title='bbox 3053 3387 3145 3457; x_wconf 90' lang='lat' dir='ltr'><strong>qui</strong></span> <span class='ocrx_word' id='word_1_734' title='bbox 3179 3398 3433 3458; x_wconf 80' lang='lat' dir='ltr'><strong>tyrannus</strong></span> <span class='ocrx_word' id='word_1_735' title='bbox 3458 3387 3647 3442; x_wconf 80' lang='lat' dir='ltr'><strong>existi-</strong></span> 
     </span>
    </p>
   </div>
   <div class='ocr_carea' id='block_1_95' title="bbox 2071 3478 3653 3547">
    <p class='ocr_par' dir='ltr' id='par_1_95' title="bbox 2071 3478 3653 3547">
     <span class='ocr_line' id='line_1_95' title="bbox 2071 3478 3653 3547; baseline -0.001 -12"><span class='ocrx_word' id='word_1_736' title='bbox 2071 3491 2243 3535; x_wconf 88' lang='lat' dir='ltr'><strong>matus</strong></span> <span class='ocrx_word' id='word_1_737' title='bbox 2285 3479 2473 3544; x_wconf 86' lang='lat' dir='ltr'><strong>fuerat,</strong></span> <span class='ocrx_word' id='word_1_738' title='bbox 2517 3478 2763 3547; x_wconf 80' lang='lat' dir='ltr'><strong>discipuli</strong></span> <span class='ocrx_word' id='word_1_739' title='bbox 2811 3487 2994 3543; x_wconf 84' lang='lat' dir='ltr'><strong>erant,</strong></span> <span class='ocrx_word' id='word_1_740' title='bbox 3026 3486 3081 3533; x_wconf 88' lang='lat' dir='ltr'><strong>ct</strong></span> <span class='ocrx_word' id='word_1_741' title='bbox 3126 3494 3214 3532; x_wconf 87' lang='lat' dir='ltr'><strong>res</strong></span> <span class='ocrx_word' id='word_1_742' title='bbox 3246 3478 3363 3547; x_wconf 87' lang='lat' dir='ltr'><strong>ejus</strong></span> <span class='ocrx_word' id='word_1_743' title='bbox 3396 3479 3653 3534; x_wconf 87' lang='lat' dir='ltr'><strong>volebant</strong></span> 
     </span>
    </p>
   </div>
   <div class='ocr_carea' id='block_1_96' title="bbox 2073 3567 3652 3639">
    <p class='ocr_par' dir='ltr' id='par_1_96' title="bbox 2073 3567 3652 3639">
     <span class='ocr_line' id='line_1_96' title="bbox 2073 3567 3652 3639; baseline 0.001 -15"><span class='ocrx_word' id='word_1_744' title='bbox 2073 3572 2306 3625; x_wconf 83' lang='lat' dir='ltr'><strong>firmare.</strong></span> <span class='ocrx_word' id='word_1_745' title='bbox 2357 3568 2493 3637; x_wconf 83' lang='lat' dir='ltr'><strong>Quid</strong></span> <span class='ocrx_word' id='word_1_746' title='bbox 2526 3584 2654 3639; x_wconf 85' lang='lat' dir='ltr'><strong>ergo</strong></span> <span class='ocrx_word' id='word_1_747' title='bbox 2684 3567 2896 3623; x_wconf 83' lang='lat' dir='ltr'><strong>tandem</strong></span> <span class='ocrx_word' id='word_1_748' title='bbox 2927 3568 3045 3623; x_wconf 91' lang='lat' dir='ltr'><strong>illos</strong></span> <span class='ocrx_word' id='word_1_749' title='bbox 3076 3570 3248 3623; x_wconf 75' lang='lat' dir='ltr'><strong>erexit</strong></span> <span class='ocrx_word' id='word_1_750' title='bbox 3275 3571 3476 3632; x_wconf 89' lang='lat' dir='ltr'><strong>animo,</strong></span> <span class='ocrx_word' id='word_1_751' title='bbox 3516 3579 3574 3624; x_wconf 82' lang='grc' dir='ltr'><strong>ιιι</strong></span> <span class='ocrx_word' id='word_1_752' title='bbox 3599 3570 3652 3625; x_wconf 91' lang='lat' dir='ltr'><strong>in</strong></span> 
     </span>
    </p>
   </div>
   <div class='ocr_carea' id='block_1_97' title="bbox 2072 3660 3650 3733">
    <p class='ocr_par' dir='ltr' id='par_1_97' title="bbox 2072 3660 3650 3733">
     <span class='ocr_line' id='line_1_97' title="bbox 2072 3660 3650 3733; baseline -0.002 -14"><span class='ocrx_word' id='word_1_753' title='bbox 2072 3674 2215 3719; x_wconf 85' lang='lat' dir='ltr'><strong>tanta</strong></span> <span class='ocrx_word' id='word_1_754' title='bbox 2247 3662 2481 3733; x_wconf 89' lang='lat' dir='ltr'><strong>pericula</strong></span> <span class='ocrx_word' id='word_1_755' title='bbox 2511 3661 2845 3716; x_wconf 83' lang='lat' dir='ltr'><strong>inciderent?</strong></span> <span class='ocrx_word' id='word_1_756' title='bbox 2876 3660 3000 3732; x_wconf 88' lang='lat' dir='ltr'><strong>quid</strong></span> <span class='ocrx_word' id='word_1_757' title='bbox 3030 3670 3207 3716; x_wconf 85' lang='lat' dir='ltr'><strong>autem</strong></span> <span class='ocrx_word' id='word_1_758' title='bbox 3236 3662 3303 3716; x_wconf 90' lang='lat' dir='ltr'><strong>dc</strong></span> <span class='ocrx_word' id='word_1_759' title='bbox 3331 3663 3420 3716; x_wconf 78' lang='lat' dir='ltr'><strong>illo</strong></span> <span class='ocrx_word' id='word_1_760' title='bbox 3464 3663 3650 3720; x_wconf 88' lang='lat' dir='ltr'><strong>dicen-</strong></span> 
     </span>
    </p>
   </div>
   <div class='ocr_carea' id='block_1_98' title="bbox 2071 3753 3655 3823">
    <p class='ocr_par' dir='ltr' id='par_1_98' title="bbox 2071 3753 3655 3823">
     <span class='ocr_line' id='line_1_98' title="bbox 2071 3753 3655 3823; baseline -0.001 -13"><span class='ocrx_word' id='word_1_761' title='bbox 2071 3765 2171 3822; x_wconf 88' lang='lat' dir='ltr'><strong>tes,</strong></span> <span class='ocrx_word' id='word_1_762' title='bbox 2212 3755 2533 3810; x_wconf 87' lang='lat' dir='ltr'><strong>videbantur</strong></span> <span class='ocrx_word' id='word_1_763' title='bbox 2584 3753 2689 3808; x_wconf 91' lang='lat' dir='ltr'><strong>lide</strong></span> <span class='ocrx_word' id='word_1_764' title='bbox 2726 3753 2909 3823; x_wconf 82' lang='lat' dir='ltr'><strong>digni?</strong></span> <span class='ocrx_word' id='word_1_765' title='bbox 2953 3753 3092 3822; x_wconf 86' lang='lat' dir='ltr'><strong>quod</strong></span> <span class='ocrx_word' id='word_1_766' title='bbox 3139 3753 3426 3809; x_wconf 80' lang='lat' dir='ltr'><strong>crucifixus</strong></span> <span class='ocrx_word' id='word_1_767' title='bbox 3464 3755 3655 3809; x_wconf 80' lang='lat' dir='ltr'><strong>esset?</strong></span> 
     </span>
    </p>
   </div>
   <div class='ocr_carea' id='block_1_99' title="bbox 2071 3844 3656 3917">
    <p class='ocr_par' dir='ltr' id='par_1_99' title="bbox 2071 3844 3656 3917">
     <span class='ocr_line' id='line_1_99' title="bbox 2071 3844 3656 3917; baseline 0.003 -19"><span class='ocrx_word' id='word_1_768' title='bbox 2071 3847 2211 3916; x_wconf 90' lang='lat' dir='ltr'><strong>quod</strong></span> <span class='ocrx_word' id='word_1_769' title='bbox 2241 3863 2305 3901; x_wconf 78' lang='lat' dir='ltr'><strong>ex</strong></span> <span class='ocrx_word' id='word_1_770' title='bbox 2335 3846 2558 3900; x_wconf 70' lang='lat' dir='ltr'><strong>muliere</strong></span> <span class='ocrx_word' id='word_1_771' title='bbox 2584 3860 2815 3914; x_wconf 85' lang='lat' dir='ltr'><strong>paupere</strong></span> <span class='ocrx_word' id='word_1_772' title='bbox 2837 3844 3021 3898; x_wconf 73' lang='lat' dir='ltr'><strong>luda-a</strong></span> <span class='ocrx_word' id='word_1_773' title='bbox 3045 3855 3198 3899; x_wconf 86' lang='lat' dir='ltr'><strong>natus</strong></span> <span class='ocrx_word' id='word_1_774' title='bbox 3224 3855 3389 3913; x_wconf 87' lang='lat' dir='ltr'><strong>esset,</strong></span> <span class='ocrx_word' id='word_1_775' title='bbox 3417 3863 3536 3917; x_wconf 70' lang='lat' dir='ltr'><strong>qtae</strong></span> <span class='ocrx_word' id='word_1_776' title='bbox 3560 3848 3656 3903; x_wconf 45' lang='lat' dir='ltr'><strong>de.</strong></span> 
     </span>
    </p>
   </div>
   <div class='ocr_carea' id='block_1_100' title="bbox 2071 3934 3657 4008">
    <p class='ocr_par' dir='ltr' id='par_1_100' title="bbox 2071 3934 3657 4008">
     <span class='ocr_line' id='line_1_100' title="bbox 2071 3934 3657 4008; baseline 0.003 -17"><span class='ocrx_word' id='word_1_777' title='bbox 2071 3947 2322 4005; x_wconf 82' lang='lat' dir='ltr'><strong>sponsata</strong></span> <span class='ocrx_word' id='word_1_778' title='bbox 2365 3936 2539 3989; x_wconf 76' lang='lat' dir='ltr'><strong>funerat</strong></span> <span class='ocrx_word' id='word_1_779' title='bbox 2581 3935 2768 3989; x_wconf 74' lang='lat' dir='ltr'><strong>Judzco</strong></span> <span class='ocrx_word' id='word_1_780' title='bbox 2817 3934 3009 3989; x_wconf 87' lang='lat' dir='ltr'><strong>fabro?</strong></span> <span class='ocrx_word' id='word_1_781' title='bbox 3047 3938 3186 4003; x_wconf 90' lang='lat' dir='ltr'><strong>quod</strong></span> <span class='ocrx_word' id='word_1_782' title='bbox 3212 3954 3279 3993; x_wconf 83' lang='lat' dir='ltr'><strong>ex</strong></span> <span class='ocrx_word' id='word_1_783' title='bbox 3321 3949 3478 4008; x_wconf 85' lang='lat' dir='ltr'><strong>gente</strong></span> <span class='ocrx_word' id='word_1_784' title='bbox 3512 3951 3657 3995; x_wconf 87' lang='lat' dir='ltr'><strong>esset</strong></span> 
     </span>
    </p>
   </div>
   <div class='ocr_carea' id='block_1_101' title="bbox 2073 4026 3649 4099">
    <p class='ocr_par' dir='ltr' id='par_1_101' title="bbox 2073 4026 3649 4099">
     <span class='ocr_line' id='line_1_101' title="bbox 2073 4026 3649 4099; baseline 0.001 -14"><span class='ocrx_word' id='word_1_785' title='bbox 2073 4030 2188 4085; x_wconf 87' lang='lat' dir='ltr'><strong>Orbi</strong></span> <span class='ocrx_word' id='word_1_786' title='bbox 2217 4027 2442 4081; x_wconf 85' lang='lat' dir='ltr'><strong>odiosa?</strong></span> <span class='ocrx_word' id='word_1_787' title='bbox 2477 4027 2670 4080; x_wconf 82' lang='lat' dir='ltr'><strong>Verum</strong></span> <span class='ocrx_word' id='word_1_788' title='bbox 2713 4026 2827 4080; x_wconf 76' lang='lat' dir='ltr'><strong>bzrc</strong></span> <span class='ocrx_word' id='word_1_789' title='bbox 2855 4027 3033 4081; x_wconf 88' lang='lat' dir='ltr'><strong>omnia</strong></span> <span class='ocrx_word' id='word_1_790' title='bbox 3068 4044 3172 4081; x_wconf 90' lang='lat' dir='ltr'><strong>non</strong></span> <span class='ocrx_word' id='word_1_791' title='bbox 3206 4029 3366 4083; x_wconf 82' lang='lat' dir='ltr'><strong>modo</strong></span> <span class='ocrx_word' id='word_1_792' title='bbox 3394 4045 3500 4084; x_wconf 91' lang='lat' dir='ltr'><strong>non</strong></span> <span class='ocrx_word' id='word_1_793' title='bbox 3528 4041 3649 4099; x_wconf 85' lang='lat' dir='ltr'><strong>apta</strong></span> 
     </span>
    </p>
   </div>
   <div class='ocr_carea' id='block_1_102' title="bbox 2073 4119 3655 4190">
    <p class='ocr_par' dir='ltr' id='par_1_102' title="bbox 2073 4119 3655 4190">
     <span class='ocr_line' id='line_1_102' title="bbox 2073 4119 3655 4190; baseline 0.002 -13"><span class='ocrx_word' id='word_1_794' title='bbox 2073 4131 2227 4177; x_wconf 88' lang='lat' dir='ltr'><strong>erant</strong></span> <span class='ocrx_word' id='word_1_795' title='bbox 2254 4120 2320 4174; x_wconf 90' lang='lat' dir='ltr'><strong>ad</strong></span> <span class='ocrx_word' id='word_1_796' title='bbox 2342 4119 2752 4189; x_wconf 84' lang='lat' dir='ltr'><strong>persuadendos</strong></span> <span class='ocrx_word' id='word_1_797' title='bbox 2785 4129 2837 4172; x_wconf 90' lang='lat' dir='ltr'><strong>et</strong></span> <span class='ocrx_word' id='word_1_798' title='bbox 2877 4120 3190 4175; x_wconf 89' lang='lat' dir='ltr'><strong>alliciendos</strong></span> <span class='ocrx_word' id='word_1_799' title='bbox 3235 4122 3530 4190; x_wconf 86' lang='lat' dir='ltr'><strong>auditores,</strong></span> <span class='ocrx_word' id='word_1_800' title='bbox 3561 4125 3655 4180; x_wconf 73' lang='lat' dir='ltr'><strong>Sed</strong></span> 
     </span>
    </p>
   </div>
   <div class='ocr_carea' id='block_1_103' title="bbox 2073 4211 3655 4280">
    <p class='ocr_par' dir='ltr' id='par_1_103' title="bbox 2073 4211 3655 4280">
     <span class='ocr_line' id='line_1_103' title="bbox 2073 4211 3655 4280; baseline 0.002 -12"><span class='ocrx_word' id='word_1_801' title='bbox 2073 4214 2138 4269; x_wconf 92' lang='lat' dir='ltr'><strong>ad</strong></span> <span class='ocrx_word' id='word_1_802' title='bbox 2178 4228 2367 4267; x_wconf 83' lang='lat' dir='ltr'><strong>omnes</strong></span> <span class='ocrx_word' id='word_1_803' title='bbox 2413 4211 2700 4264; x_wconf 82' lang='lat' dir='ltr'><strong>adversum</strong></span> <span class='ocrx_word' id='word_1_804' title='bbox 2744 4211 3094 4267; x_wconf 89' lang='lat' dir='ltr'><strong>concitandos</strong></span> <span class='ocrx_word' id='word_1_805' title='bbox 3135 4212 3366 4280; x_wconf 88' lang='lat' dir='ltr'><strong>idonea;</strong></span> <span class='ocrx_word' id='word_1_806' title='bbox 3422 4216 3655 4273; x_wconf 74' lang='lat' dir='ltr'><strong>maxime</strong></span> 
     </span>
    </p>
   </div>
   <div class='ocr_carea' id='block_1_104' title="bbox 2073 4303 3653 4374">
    <p class='ocr_par' dir='ltr' id='par_1_104' title="bbox 2073 4303 3653 4374">
     <span class='ocr_line' id='line_1_104' title="bbox 2073 4303 3653 4374; baseline 0.003 -16"><span class='ocrx_word' id='word_1_807' title='bbox 2073 4314 2251 4358; x_wconf 85' lang='lat' dir='ltr'><strong>autem</strong></span> <span class='ocrx_word' id='word_1_808' title='bbox 2281 4319 2310 4357; x_wconf 89' lang='lat' dir='ltr'><strong>a</strong></span> <span class='ocrx_word' id='word_1_809' title='bbox 2351 4303 2702 4358; x_wconf 90' lang='lat' dir='ltr'><strong>tentoriorum</strong></span> <span class='ocrx_word' id='word_1_810' title='bbox 2742 4304 2949 4358; x_wconf 88' lang='lat' dir='ltr'><strong>artilice</strong></span> <span class='ocrx_word' id='word_1_811' title='bbox 3000 4312 3057 4358; x_wconf 90' lang='lat' dir='ltr'><strong>et</strong></span> <span class='ocrx_word' id='word_1_812' title='bbox 3101 4319 3130 4357; x_wconf 90' lang='lat' dir='ltr'><strong>a</strong></span> <span class='ocrx_word' id='word_1_813' title='bbox 3183 4305 3448 4374; x_wconf 80' lang='lat' dir='ltr'><strong>piscatore</strong></span> <span class='ocrx_word' id='word_1_814' title='bbox 3489 4307 3653 4363; x_wconf 86' lang='lat' dir='ltr'><strong>dicta.</strong></span> 
     </span>
    </p>
   </div>
   <div class='ocr_carea' id='block_1_105' title="bbox 2075 4393 3659 4469">
    <p class='ocr_par' dir='ltr' id='par_1_105' title="bbox 2075 4393 3659 4469">
     <span class='ocr_line' id='line_1_105' title="bbox 2075 4393 3659 4469; baseline 0.003 -19"><span class='ocrx_word' id='word_1_815' title='bbox 2075 4398 2267 4450; x_wconf 83' lang='lat' dir='ltr'><strong>Annon</strong></span> <span class='ocrx_word' id='word_1_816' title='bbox 2316 4393 2432 4447; x_wconf 65' lang='lat' dir='ltr'><strong>haec</strong></span> <span class='ocrx_word' id='word_1_817' title='bbox 2472 4394 2648 4446; x_wconf 90' lang='lat' dir='ltr'><strong>omnia</strong></span> <span class='ocrx_word' id='word_1_818' title='bbox 2692 4393 2745 4446; x_wconf 92' lang='lat' dir='ltr'><strong>in</strong></span> <span class='ocrx_word' id='word_1_819' title='bbox 2790 4404 3022 4448; x_wconf 86' lang='lat' dir='ltr'><strong>mentem</strong></span> <span class='ocrx_word' id='word_1_820' title='bbox 3059 4407 3315 4450; x_wconf 88' lang='lat' dir='ltr'><strong>venerunt</strong></span> <span class='ocrx_word' id='word_1_821' title='bbox 3344 4397 3659 4469; x_wconf 81' lang='lat' dir='ltr'><strong>discipulis?</strong></span> 
     </span>
    </p>
   </div>
   <div class='ocr_carea' id='block_1_106' title="bbox 2075 4484 3657 4557">
    <p class='ocr_par' dir='ltr' id='par_1_106' title="bbox 2075 4484 3657 4557">
     <span class='ocr_line' id='line_1_106' title="bbox 2075 4484 3657 4557; baseline 0.002 -16"><span class='ocrx_word' id='word_1_822' title='bbox 2075 4502 2198 4542; x_wconf 89' lang='lat' dir='ltr'><strong>nam</strong></span> <span class='ocrx_word' id='word_1_823' title='bbox 2229 4484 2428 4539; x_wconf 82' lang='lat' dir='ltr'><strong>timida:</strong></span> <span class='ocrx_word' id='word_1_824' title='bbox 2458 4494 2662 4538; x_wconf 70' lang='lat' dir='ltr'><strong>natum</strong></span> <span class='ocrx_word' id='word_1_825' title='bbox 2695 4484 2845 4553; x_wconf 86' lang='lat' dir='ltr'><strong>plura</strong></span> <span class='ocrx_word' id='word_1_826' title='bbox 2872 4501 3029 4553; x_wconf 79' lang='lat' dir='ltr'><strong>quam</strong></span> <span class='ocrx_word' id='word_1_827' title='bbox 3056 4487 3164 4540; x_wconf 87' lang='lat' dir='ltr'><strong>sint</strong></span> <span class='ocrx_word' id='word_1_828' title='bbox 3194 4499 3416 4557; x_wconf 84' lang='lat' dir='ltr'><strong>possunt</strong></span> <span class='ocrx_word' id='word_1_829' title='bbox 3445 4490 3657 4545; x_wconf 81' lang='lat' dir='ltr'><strong>conlin-</strong></span> 
     </span>
    </p>
   </div>
   <div class='ocr_carea' id='block_1_107' title="bbox 2074 4575 3662 4650">
    <p class='ocr_par' dir='ltr' id='par_1_107' title="bbox 2074 4575 3662 4650">
     <span class='ocr_line' id='line_1_107' title="bbox 2074 4575 3662 4650; baseline 0.004 -23"><span class='ocrx_word' id='word_1_830' title='bbox 2074 4594 2203 4648; x_wconf 62' lang='lat' dir='ltr'><strong>gt-re</strong></span> <span class='ocrx_word' id='word_1_831' title='bbox 2235 4596 2251 4630; x_wconf 89' lang='lat'><strong>:</strong></span> <span class='ocrx_word' id='word_1_832' title='bbox 2284 4576 2417 4630; x_wconf 88' lang='lat' dir='ltr'><strong>tales</strong></span> <span class='ocrx_word' id='word_1_833' title='bbox 2442 4585 2595 4629; x_wconf 88' lang='lat' dir='ltr'><strong>erant</strong></span> <span class='ocrx_word' id='word_1_834' title='bbox 2622 4575 2835 4629; x_wconf 90' lang='lat' dir='ltr'><strong>illorum</strong></span> <span class='ocrx_word' id='word_1_835' title='bbox 2868 4588 3090 4631; x_wconf 75' lang='lat' dir='ltr'><strong>natum.</strong></span> <span class='ocrx_word' id='word_1_836' title='bbox 3135 4577 3411 4635; x_wconf 86' lang='lat' dir='ltr'><strong>Undeuam</strong></span> <span class='ocrx_word' id='word_1_837' title='bbox 3439 4594 3568 4650; x_wconf 82' lang='lat' dir='ltr'><strong>ergo</strong></span> <span class='ocrx_word' id='word_1_838' title='bbox 3602 4599 3662 4650; x_wconf 77' lang='lat' dir='ltr'><strong>so</strong></span> 
     </span>
    </p>
   </div>
   <div class='ocr_carea' id='block_1_108' title="bbox 2076 4646 3664 4739">
    <p class='ocr_par' dir='ltr' id='par_1_108' title="bbox 2076 4646 3664 4739">
     <span class='ocr_line' id='line_1_108' title="bbox 2076 4646 3664 4739; baseline 0.003 -16"><span class='ocrx_word' id='word_1_839' title='bbox 2076 4679 2223 4723; x_wconf 82' lang='lat' dir='ltr'><strong>recte</strong></span> <span class='ocrx_word' id='word_1_840' title='bbox 2243 4677 2458 4722; x_wconf 87' lang='lat' dir='ltr'><strong>acturos</strong></span> <span class='ocrx_word' id='word_1_841' title='bbox 2480 4666 2796 4736; x_wconf 80' lang='lat' dir='ltr'><strong>sperarunt?</strong></span> <span class='ocrx_word' id='word_1_842' title='bbox 2821 4666 3060 4723; x_wconf 22' lang='lat' dir='ltr'><strong>lmoinon</strong></span> <span class='ocrx_word' id='word_1_843' title='bbox 3081 4681 3406 4739; x_wconf 85' lang='lat' dir='ltr'><strong>sperassent,</strong></span> <span class='ocrx_word' id='word_1_844' title='bbox 3429 4688 3549 4726; x_wconf 88' lang='lat' dir='ltr'><strong>cum</strong></span> <span class='ocrx_word' id='word_1_845' title='bbox 3581 4646 3664 4728; x_wconf 82' lang='lat' dir='ltr'><strong>iit-</strong></span> 
     </span>
    </p>
   </div>
   <div class='ocr_carea' id='block_1_109' title="bbox 2077 4758 3719 4833">
    <p class='ocr_par' dir='ltr' id='par_1_109' title="bbox 2077 4758 3719 4833">
     <span class='ocr_line' id='line_1_109' title="bbox 2077 4758 3719 4833; baseline 0.005 -19"><span class='ocrx_word' id='word_1_846' title='bbox 2077 4773 2298 4815; x_wconf 82' lang='lat' dir='ltr'><strong>numera</strong></span> <span class='ocrx_word' id='word_1_847' title='bbox 2318 4766 2502 4813; x_wconf 85' lang='lat' dir='ltr'><strong>essent</strong></span> <span class='ocrx_word' id='word_1_848' title='bbox 2522 4773 2641 4827; x_wconf 77' lang='lat' dir='ltr'><strong>quae</strong></span> <span class='ocrx_word' id='word_1_849' title='bbox 2665 4758 2784 4815; x_wconf 86' lang='lat' dir='ltr'><strong>illos</strong></span> <span class='ocrx_word' id='word_1_850' title='bbox 2815 4758 3166 4830; x_wconf 88' lang='lat' dir='ltr'><strong>abducerent,</strong></span> <span class='ocrx_word' id='word_1_851' title='bbox 3198 4762 3296 4817; x_wconf 87' lang='lat' dir='ltr'><strong>nisi</strong></span> <span class='ocrx_word' id='word_1_852' title='bbox 3329 4766 3660 4822; x_wconf 67' lang='lat' dir='ltr'><strong>resurreais-</strong></span> 
     </span>
    </p>
   </div>
   <div class='ocr_carea' id='block_1_110' title="bbox 2076 4849 2442 4906">
    <p class='ocr_par' dir='ltr' id='par_1_110' title="bbox 2076 4849 2442 4906">
     <span class='ocr_line' id='line_1_110' title="bbox 2076 4849 2442 4906; baseline -0.008 0"><span class='ocrx_word' id='word_1_853' title='bbox 2076 4861 2160 4906; x_wconf 89' lang='lat' dir='ltr'><strong>set</strong></span> <span class='ocrx_word' id='word_1_854' title='bbox 2181 4849 2442 4906; x_wconf 78' lang='lat' dir='ltr'><strong>Christus.</strong></span> 
     </span>
    </p>
   </div>
   <div class='ocr_carea' id='block_1_111' title="bbox 2148 4942 3661 5016">
    <p class='ocr_par' dir='ltr' id='par_1_111' title="bbox 2148 4942 3661 5016">
     <span class='ocr_line' id='line_1_111' title="bbox 2148 4942 3661 5016; baseline 0.005 -17"><span class='ocrx_word' id='word_1_855' title='bbox 2148 4943 2203 4999; x_wconf 82' lang='grc' dir='ltr'><strong>ϐ.</strong></span> <span class='ocrx_word' id='word_1_856' title='bbox 2245 4944 2436 4997; x_wconf 90' lang='lat' dir='ltr'><strong>Annon</strong></span> <span class='ocrx_word' id='word_1_857' title='bbox 2485 4942 2660 5012; x_wconf 89' lang='lat' dir='ltr'><strong>palam</strong></span> <span class='ocrx_word' id='word_1_858' title='bbox 2706 4950 2794 4998; x_wconf 88' lang='lat' dir='ltr'><strong>cst</strong></span> <span class='ocrx_word' id='word_1_859' title='bbox 2839 4943 2924 4998; x_wconf 86' lang='lat' dir='ltr'><strong>vel</strong></span> <span class='ocrx_word' id='word_1_860' title='bbox 2969 4945 3321 5015; x_wconf 88' lang='lat' dir='ltr'><strong>stultissimis,</strong></span> <span class='ocrx_word' id='word_1_861' title='bbox 3374 4949 3514 5016; x_wconf 85' lang='lat' dir='ltr'><strong>quod</strong></span> <span class='ocrx_word' id='word_1_862' title='bbox 3557 4950 3661 5007; x_wconf 66' lang='lat' dir='ltr'><strong>nisi</strong></span> 
     </span>
    </p>
   </div>
   <div class='ocr_carea' id='block_1_112' title="bbox 2080 5033 3663 5110">
    <p class='ocr_par' dir='ltr' id='par_1_112' title="bbox 2080 5033 3663 5110">
     <span class='ocr_line' id='line_1_112' title="bbox 2080 5033 3663 5110; baseline 0.006 -23"><span class='ocrx_word' id='word_1_863' title='bbox 2080 5033 2301 5088; x_wconf 88' lang='lat' dir='ltr'><strong>uberem</strong></span> <span class='ocrx_word' id='word_1_864' title='bbox 2339 5040 2395 5087; x_wconf 91' lang='lat' dir='ltr'><strong>et</strong></span> <span class='ocrx_word' id='word_1_865' title='bbox 2440 5046 2687 5102; x_wconf 86' lang='lat' dir='ltr'><strong>magnam</strong></span> <span class='ocrx_word' id='word_1_866' title='bbox 2729 5037 3044 5105; x_wconf 87' lang='lat' dir='ltr'><strong>consequuti</strong></span> <span class='ocrx_word' id='word_1_867' title='bbox 3089 5046 3275 5092; x_wconf 83' lang='lat' dir='ltr'><strong>essent</strong></span> <span class='ocrx_word' id='word_1_868' title='bbox 3321 5041 3568 5110; x_wconf 88' lang='lat' dir='ltr'><strong>gratiam,</strong></span> <span class='ocrx_word' id='word_1_869' title='bbox 3607 5051 3663 5096; x_wconf 91' lang='lat' dir='ltr'><strong>et</strong></span> 
     </span>
    </p>
   </div>
   <div class='ocr_carea' id='block_1_113' title="bbox 2078 5123 3665 5194">
    <p class='ocr_par' dir='ltr' id='par_1_113' title="bbox 2078 5123 3665 5194">
     <span class='ocr_line' id='line_1_113' title="bbox 2078 5123 3665 5194; baseline 0.008 -17"><span class='ocrx_word' id='word_1_870' title='bbox 2078 5124 2300 5193; x_wconf 82' lang='lat' dir='ltr'><strong>pignora</strong></span> <span class='ocrx_word' id='word_1_871' title='bbox 2341 5123 2674 5194; x_wconf 87' lang='lat' dir='ltr'><strong>accepissent</strong></span> <span class='ocrx_word' id='word_1_872' title='bbox 2725 5129 3153 5193; x_wconf 88' lang='lat' dir='ltr'><strong>resurrectionis,</strong></span> <span class='ocrx_word' id='word_1_873' title='bbox 3199 5146 3303 5185; x_wconf 90' lang='lat' dir='ltr'><strong>non</strong></span> <span class='ocrx_word' id='word_1_874' title='bbox 3345 5133 3504 5187; x_wconf 90' lang='lat' dir='ltr'><strong>modo</strong></span> <span class='ocrx_word' id='word_1_875' title='bbox 3546 5133 3665 5190; x_wconf 63' lang='lat' dir='ltr'><strong>haec</strong></span> 
     </span>
    </p>
   </div>
   <div class='ocr_carea' id='block_1_114' title="bbox 2081 5216 3658 5295">
    <p class='ocr_par' dir='ltr' id='par_1_114' title="bbox 2081 5216 3658 5295">
     <span class='ocr_line' id='line_1_114' title="bbox 2081 5216 3658 5295; baseline 0.006 -25"><span class='ocrx_word' id='word_1_876' title='bbox 2081 5231 2190 5270; x_wconf 90' lang='lat' dir='ltr'><strong>non</strong></span> <span class='ocrx_word' id='word_1_877' title='bbox 2238 5230 2398 5285; x_wconf 85' lang='lat' dir='ltr'><strong>agere</strong></span> <span class='ocrx_word' id='word_1_878' title='bbox 2424 5223 2479 5270; x_wconf 89' lang='lat' dir='ltr'><strong>et</strong></span> <span class='ocrx_word' id='word_1_879' title='bbox 2503 5216 2801 5286; x_wconf 89' lang='lat' dir='ltr'><strong>suscipere,</strong></span> <span class='ocrx_word' id='word_1_880' title='bbox 2830 5218 2926 5273; x_wconf 87' lang='lat' dir='ltr'><strong>sed</strong></span> <span class='ocrx_word' id='word_1_881' title='bbox 2958 5235 3026 5275; x_wconf 88' lang='lat' dir='ltr'><strong>ne</strong></span> <span class='ocrx_word' id='word_1_882' title='bbox 3051 5222 3293 5291; x_wconf 83' lang='lat' dir='ltr'><strong>cogitare</strong></span> <span class='ocrx_word' id='word_1_883' title='bbox 3317 5224 3528 5294; x_wconf 88' lang='lat' dir='ltr'><strong>quidem</strong></span> <span class='ocrx_word' id='word_1_884' title='bbox 3561 5240 3658 5295; x_wconf 81' lang='lat' dir='ltr'><strong>po-</strong></span> 
     </span>
    </p>
   </div>
   <div class='ocr_carea' id='block_1_115' title="bbox 2082 5305 3666 5380">
    <p class='ocr_par' dir='ltr' id='par_1_115' title="bbox 2082 5305 3666 5380">
     <span class='ocr_line' id='line_1_115' title="bbox 2082 5305 3666 5380; baseline 0.007 -19"><span class='ocrx_word' id='word_1_885' title='bbox 2082 5306 2350 5361; x_wconf 85' lang='lat' dir='ltr'><strong>tuissent?</strong></span> <span class='ocrx_word' id='word_1_886' title='bbox 2376 5305 2432 5363; x_wconf 87' lang='lat' dir='ltr'><strong>Si</strong></span> <span class='ocrx_word' id='word_1_887' title='bbox 2461 5309 2604 5363; x_wconf 90' lang='lat' dir='ltr'><strong>enim</strong></span> <span class='ocrx_word' id='word_1_888' title='bbox 2637 5316 2716 5361; x_wconf 91' lang='lat' dir='ltr'><strong>tot</strong></span> <span class='ocrx_word' id='word_1_889' title='bbox 2740 5308 3115 5378; x_wconf 89' lang='lat' dir='ltr'><strong>impedimenta</strong></span> <span class='ocrx_word' id='word_1_890' title='bbox 3161 5324 3362 5380; x_wconf 88' lang='lat' dir='ltr'><strong>essent,</strong></span> <span class='ocrx_word' id='word_1_891' title='bbox 3397 5331 3501 5371; x_wconf 92' lang='lat' dir='ltr'><strong>non</strong></span> <span class='ocrx_word' id='word_1_892' title='bbox 3543 5317 3666 5372; x_wconf 88' lang='lat' dir='ltr'><strong>dico</strong></span> 
     </span>
    </p>
   </div>
   <div class='ocr_carea' id='block_1_116' title="bbox 2080 5397 3658 5471">
    <p class='ocr_par' dir='ltr' id='par_1_116' title="bbox 2080 5397 3658 5471">
     <span class='ocr_line' id='line_1_116' title="bbox 2080 5397 3658 5471; baseline 0.006 -18"><span class='ocrx_word' id='word_1_893' title='bbox 2080 5397 2146 5454; x_wconf 89' lang='lat' dir='ltr'><strong>ad</strong></span> <span class='ocrx_word' id='word_1_894' title='bbox 2167 5409 2309 5453; x_wconf 88' lang='lat' dir='ltr'><strong>recte</strong></span> <span class='ocrx_word' id='word_1_895' title='bbox 2338 5398 2624 5467; x_wconf 71' lang='lat' dir='ltr'><strong>agendum,</strong></span> <span class='ocrx_word' id='word_1_896' title='bbox 2647 5399 2742 5454; x_wconf 87' lang='lat' dir='ltr'><strong>sed</strong></span> <span class='ocrx_word' id='word_1_897' title='bbox 2772 5400 2839 5455; x_wconf 92' lang='lat' dir='ltr'><strong>ad</strong></span> <span class='ocrx_word' id='word_1_898' title='bbox 2867 5403 3296 5471; x_wconf 85' lang='lat' dir='ltr'><strong>consultandum,</strong></span> <span class='ocrx_word' id='word_1_899' title='bbox 3318 5415 3373 5460; x_wconf 90' lang='lat' dir='ltr'><strong>et</strong></span> <span class='ocrx_word' id='word_1_900' title='bbox 3398 5408 3658 5462; x_wconf 83' lang='lat' dir='ltr'><strong>consulta-</strong></span> 
     </span>
    </p>
   </div>
   <div class='ocr_carea' id='block_1_117' title="bbox 2080 5491 3663 5570">
    <p class='ocr_par' dir='ltr' id='par_1_117' title="bbox 2080 5491 3663 5570">
     <span class='ocr_line' id='line_1_117' title="bbox 2080 5491 3663 5570; baseline 0.005 -24"><span class='ocrx_word' id='word_1_901' title='bbox 2080 5499 2206 5546; x_wconf 88' lang='lat' dir='ltr'><strong>runt</strong></span> <span class='ocrx_word' id='word_1_902' title='bbox 2226 5499 2283 5545; x_wconf 89' lang='lat' dir='ltr'><strong>et</strong></span> <span class='ocrx_word' id='word_1_903' title='bbox 2312 5491 2565 5561; x_wconf 68' lang='lat' dir='ltr'><strong>praeclara</strong></span> <span class='ocrx_word' id='word_1_904' title='bbox 2591 5501 2850 5562; x_wconf 83' lang='lat' dir='ltr'><strong>egerunt,</strong></span> <span class='ocrx_word' id='word_1_905' title='bbox 2882 5503 2937 5549; x_wconf 92' lang='lat' dir='ltr'><strong>et</strong></span> <span class='ocrx_word' id='word_1_906' title='bbox 2967 5510 3086 5565; x_wconf 65' lang='lat' dir='ltr'><strong>qua;</strong></span> <span class='ocrx_word' id='word_1_907' title='bbox 3130 5498 3277 5552; x_wconf 92' lang='lat' dir='ltr'><strong>omni</strong></span> <span class='ocrx_word' id='word_1_908' title='bbox 3322 5513 3420 5569; x_wconf 89' lang='lat' dir='ltr'><strong>spe</strong></span> <span class='ocrx_word' id='word_1_909' title='bbox 3465 5500 3663 5570; x_wconf 76' lang='lat' dir='ltr'><strong>majora</strong></span> 
     </span>
    </p>
   </div>
   <div class='ocr_carea' id='block_1_118' title="bbox 2082 5581 3668 5658">
    <p class='ocr_par' dir='ltr' id='par_1_118' title="bbox 2082 5581 3668 5658">
     <span class='ocr_line' id='line_1_118' title="bbox 2082 5581 3668 5658; baseline 0.004 -18"><span class='ocrx_word' id='word_1_910' title='bbox 2082 5592 2237 5640; x_wconf 82' lang='lat' dir='ltr'><strong>erant</strong></span> <span class='ocrx_word' id='word_1_911' title='bbox 2267 5582 2331 5637; x_wconf 86' lang='lat' dir='ltr'><strong>ad</strong></span> <span class='ocrx_word' id='word_1_912' title='bbox 2357 5581 2607 5638; x_wconf 74' lang='lat' dir='ltr'><strong>effectum</strong></span> <span class='ocrx_word' id='word_1_913' title='bbox 2645 5583 2985 5640; x_wconf 80' lang='lat' dir='ltr'><strong>deduxerunt</strong></span> <span class='ocrx_word' id='word_1_914' title='bbox 3014 5605 3029 5642; x_wconf 88' lang='lat'><strong>:</strong></span> <span class='ocrx_word' id='word_1_915' title='bbox 3064 5588 3234 5642; x_wconf 89' lang='lat' dir='ltr'><strong>cuivis</strong></span> <span class='ocrx_word' id='word_1_916' title='bbox 3262 5589 3438 5658; x_wconf 85' lang='lat' dir='ltr'><strong>palam</strong></span> <span class='ocrx_word' id='word_1_917' title='bbox 3465 5599 3550 5643; x_wconf 89' lang='lat' dir='ltr'><strong>est</strong></span> <span class='ocrx_word' id='word_1_918' title='bbox 3575 5604 3668 5649; x_wconf 72' lang='lat' dir='ltr'><strong>eos</strong></span> 
     </span>
    </p>
   </div>
   <div class='ocr_carea' id='block_1_119' title="bbox 2087 5675 3664 5751">
    <p class='ocr_par' dir='ltr' id='par_1_119' title="bbox 2087 5675 3664 5751">
     <span class='ocr_line' id='line_1_119' title="bbox 2087 5675 3664 5751; baseline 0.006 -20"><span class='ocrx_word' id='word_1_919' title='bbox 2087 5692 2193 5733; x_wconf 91' lang='lat' dir='ltr'><strong>non</strong></span> <span class='ocrx_word' id='word_1_920' title='bbox 2226 5675 2456 5731; x_wconf 84' lang='lat' dir='ltr'><strong>lnnnana</strong></span> <span class='ocrx_word' id='word_1_921' title='bbox 2483 5677 2698 5744; x_wconf 85' lang='lat' dir='ltr'><strong>virtute,</strong></span> <span class='ocrx_word' id='word_1_922' title='bbox 2731 5676 2825 5735; x_wconf 84' lang='lat' dir='ltr'><strong>sed</strong></span> <span class='ocrx_word' id='word_1_923' title='bbox 2847 5678 3023 5736; x_wconf 83' lang='lat' dir='ltr'><strong>divina</strong></span> <span class='ocrx_word' id='word_1_924' title='bbox 3047 5680 3220 5751; x_wconf 84' lang='lat' dir='ltr'><strong>gratia</strong></span> <span class='ocrx_word' id='word_1_925' title='bbox 3248 5680 3426 5738; x_wconf 82' lang='lat' dir='ltr'><strong>omnia</strong></span> <span class='ocrx_word' id='word_1_926' title='bbox 3452 5679 3664 5739; x_wconf 64' lang='lat' dir='ltr'><strong>fecisse</strong></span> 
     </span>
    </p>
   </div>
  </div>
