4086 6464
447 277 514 329 47
1163 272 1221 330 s.
1260 269 1537 329 JOANNIS
1576 261 2046 322 cunvsosrom
2085 259 2405 317 ARCIIIEP.
2445 260 2980 320 CONSTANTINOP.
3649 263 3722 320 ιθ

446 399 500 452 In
531 397 615 451 his
651 408 780 465 ergo
806 389 1146 448 sermonibus
1190 401 1288 441 nos
1335 395 1710 446 exerceamus,
1759 395 1864 432 non
1891 374 2030 446 apud

449 507 548 544 nos
598 496 828 551 tatttum,
882 482 978 538 sed
1022 495 1143 535 cum
1187 476 1344 531 aliis:
1392 474 1470 528 sic
1508 471 1662 526 nobis
1693 469 1897 524 facilior
1931 470 2034 522 erit

446 590 765 634 cwtcrorum
791 574 1046 629 inventio.
1070 570 1250 638 Neque
1268 566 1390 636 quia
1418 578 1576 618 manu
1603 569 1771 614 artem
1792 571 2031 622 exerces,

449 673 680 726 alienum
722 667 825 721 hoc
852 663 1083 719 studium
1109 674 1228 714 esse
1263 665 1437 726 putes.
1465 653 1597 707 Nam
1627 650 1821 706 Paulus
1864 656 2034 702 tento-

453 765 658 818 riorum
684 757 859 829 opifex
891 765 1039 819 erat;
1071 751 1165 806 sed
1213 760 1338 802 tunc
1382 759 1597 816 quoque
1636 747 1799 797 multa
1846 737 2037 808 plenus

451 865 569 908 erat
597 852 788 922 gratia,
817 859 975 918 atque
1025 843 1149 898 inde
1187 840 1366 897 omnia
1398 836 1734 907 loquebatur.
1787 831 1898 886 lmo
1941 845 2041 882 an-

456 957 508 1001 te
550 945 777 1016 gratiam
817 940 885 994 ad
930 937 1092 1007 pedes
1122 931 1435 990 Gamalielis
1480 938 1596 983 erat
1628 945 1642 981 :
1669 934 1719 979 et
1766 922 1885 978 ideo
1917 935 2038 988 gra-

457 1040 586 1092 tiam
617 1034 845 1104 accepit,
877 1033 1000 1102 quia
1029 1038 1262 1084 mentem
1295 1024 1464 1096 gratia
1493 1021 1708 1090 dignam
1731 1016 2036 1079 exhibebat,

453 1146 500 1185 et
537 1139 721 1202 postea
757 1139 944 1181 rursus
967 1134 1138 1178 artem
1170 1119 1475 1176 exercebat.
1519 1115 1689 1170 Nemo
1720 1112 1878 1181 igitur
1905 1107 2038 1202 arti:

454 1197 551 1274 fex.
588 1218 890 1278 erubescat,
945 1213 1040 1268 sed
1072 1211 1130 1276 ii,
1176 1211 1267 1280 qui
1311 1207 1512 1262 frustra
1540 1203 1757 1258 aluntur
1790 1209 1844 1255 et
1880 1197 2036 1252 otiosi

455 1319 598 1374 sunt,
631 1313 719 1378 qui
753 1307 934 1362 multis
965 1313 1186 1358 utuntur
1224 1299 1484 1354 ministris
1528 1306 1583 1351 et
1629 1292 1830 1364 ingenti
1874 1292 2042 1344 famu-

456 1405 562 1458 latu
599 1403 864 1454 fruuntur.
895 1397 1026 1451 Nam
1064 1409 1276 1464 semper
1313 1391 1642 1446 laborantem
1673 1387 1765 1453 ali,
1809 1384 2043 1455 philoso-

456 1495 597 1565 phi.e
626 1509 794 1563 genus
818 1501 901 1546 est
932 1508 946 1544 :
978 1488 1168 1543 horum
1198 1485 1392 1540 anima:
1420 1482 1663 1552 puriores
1684 1487 1830 1543 sunt,
1852 1476 2040 1530 horum

457 1595 665 1641 mentes
697 1582 984 1638 firmiores.
1016 1579 1146 1634 Natu
1175 1577 1264 1647 qui
1291 1577 1496 1630 otiosus
1536 1580 1639 1637 est,
1675 1569 1835 1624 tnulta
1868 1567 2044 1636 potius

459 1685 662 1732 temere
701 1674 956 1744 loquitur,
987 1679 1041 1726 et
1070 1670 1234 1724 multa
1274 1666 1468 1721 frustra
1515 1664 1645 1733 agit,
1695 1674 1758 1714 ac
1788 1657 1920 1713 nihil
1950 1672 2044 1726 per

459 1776 623 1822 totam
667 1763 808 1820 diem
856 1771 1128 1833 operatur,
1177 1757 1346 1812 multo
1389 1756 1579 1826 plenus
1632 1762 1851 1820 torpore
1894 1765 1907 1802 :
1951 1747 2043 1816 qui

456 1867 636 1912 autem
668 1864 944 1926 operatur,
999 1851 1130 1906 nihil
1177 1847 1504 1919 superﬂuum
1534 1845 1644 1899 cito
1672 1841 1930 1913 percipiet
1954 1854 2049 1893 ne-

457 1964 563 2018 que
606 1948 658 2000 itt
707 1945 959 2015 operibus
1001 1957 1100 1997 nec
1149 1941 1198 1994 in
1245 1939 1423 1994 verbis
1467 1951 1566 1990 nec
1601 1935 1654 1989 in
1695 1941 1902 1996 tuente;
1939 1938 2046 1983 tota

459 2040 601 2094 enim
631 2037 806 2091 anima
833 2050 1046 2104 semper
1073 2032 1364 2087 intenditur
1397 2029 1462 2083 ad
1498 2027 1660 2081 vitam
1702 2023 2045 2078 laboriosam.

460 2132 537 2186 Ne
565 2147 692 2200 ergo
713 2128 1070 2198 despiciamus
1095 2139 1190 2180 eos
1214 2123 1304 2194 qui
1332 2121 1515 2175 labore
1541 2132 1791 2173 manuum
1812 2115 2043 2176 aluntur,

460 2223 558 2279 sed
601 2223 775 2293 potius
807 2221 926 2275 illos
965 2218 1088 2273 ideo
1130 2217 1318 2272 beatos
1360 2211 1732 2284 prtedicemus.
1768 2207 2046 2276 Quaenam,

459 2328 663 2383 qua-so,
711 2320 794 2367 est
824 2311 918 2364 tibi
947 2309 1137 2378 gratia,
1166 2311 1534 2371 cum.accepta
1573 2317 1602 2354 a
1632 2311 1782 2370 patre
1815 2294 2048 2350 Incredi-

462 2415 592 2471 tate,
640 2413 900 2472 perpetuo
946 2399 1079 2454 nihil
1111 2398 1224 2468 agis
1245 2438 1260 2462 ,
1317 2395 1411 2451 sed
1444 2395 1527 2448 illa
1560 2393 1740 2447 omnia
1769 2391 1907 2446 bona
1936 2390 2048 2442 fru-

462 2507 571 2549 stra
593 2494 855 2548 insumis?
878 2494 955 2547 An
985 2491 1161 2545 nescis
1192 2503 1498 2543 nonomues
1524 2485 1765 2540 eamdem
1788 2484 2050 2537 rationem

465 2588 770 2642 reddituros
795 2600 893 2638 nos
925 2599 1080 2646 esse;
1111 2581 1206 2636 sed
1227 2596 1321 2635 eos
1361 2579 1452 2650 qui
1477 2580 1561 2632 hic
1585 2579 1634 2630 in
1665 2575 1852 2645 majori
1883 2574 2018 2626 licen
2039 2600 2051 2610 -

461 2681 532 2733 tia
555 2689 608 2732 et
639 2693 815 2732 rerum
843 2675 996 2744 copia
1029 2675 1308 2734 vixerunt,
1341 2671 1588 2740 gravius;
1637 2683 1731 2723 eos
1755 2676 1932 2719 autem
1961 2664 2050 2733 qui

467 2772 519 2826 in
565 2769 854 2828 laboribus,
887 2767 939 2819 in
969 2773 1284 2835 paupertate
1314 2770 1370 2816 et
1401 2760 1654 2814 asrttmnis
1684 2759 1846 2811 vitam
1875 2756 2042 2808 duxe-

509 2888 2088 2913 ________________________

2137 390 2197 429 re
2216 415 2230 437 ,
2260 375 2440 432 mitius
2469 390 2589 431 esse
2619 375 2947 431 tractandos.
2981 373 3107 430 limo
3141 382 3320 430 autem
3347 387 3410 430 ex
3435 373 3638 430 Lazaro
3663 390 3718 432 et

2134 466 2298 522 divite
2326 468 2602 522 manifesta
2631 479 2776 522 sunt.
2809 469 2888 523 Tu
2918 481 3088 533 certe,
3119 469 3207 535 qui
3239 468 3304 522 ad
3335 467 3512 524 debita
3535 470 3715 525 officia

2138 559 2249 611 otio
2273 574 2377 611 ttott
2421 573 2480 613 es
2523 574 2674 622 usus,
2713 560 2833 629 jure
2862 560 3162 624 accusaris;
3214 575 3415 629 pauper
3458 577 3586 616 vero
3627 565 3720 632 qui

2137 648 2401 718 reliquum
2429 650 2687 719 temporis
2709 650 2776 705 ad
2807 649 2985 706 debita
3015 651 3190 705 officia
3218 651 3482 720 adhibuit,
3511 654 3722 724 magnis

2137 739 2340 794 fruetur
2365 742 2596 794 coronis.

2209 833 2397 888 Contra
2423 835 2729 887 theatrorum
2752 835 3057 904 spectacula.
3081 864 3154 876 —
3175 837 3243 890 At
3275 845 3328 890 tu
3359 837 3598 892 militiam
3625 838 3726 892 ob-

2139 924 2336 988 tendis,
2377 933 2432 978 ct
2471 925 2612 994 quod
2644 925 2728 978 illa
2751 925 3055 979 distincaris
3085 927 3323 996 allegas?
3348 928 3450 982 Sed
3481 929 3601 983 talis
3629 946 3726 984 ex—

2139 1016 2344 1068 cusatio
2372 1030 2476 1068 non
2508 1024 2589 1068 est
2613 1016 2803 1069 rationi
2832 1032 3088 1071 consona.
3127 1017 3259 1071 Nam
3303 1017 3582 1074 Cornelius
3608 1031 3728 1076 erat

2140 1105 2407 1167 centurio,
2459 1115 2511 1160 et
2561 1106 2768 1160 balteus
2796 1107 3238 1160 vitzeiustitutum
3278 1109 3409 1162 nihil
3445 1109 3602 1165 lzesit.
3642 1111 3731 1165 Tu

2142 1211 2270 1250 vero
2313 1212 2433 1251 cmn
2479 1197 2826 1251 saltatorihus
2851 1209 2903 1252 et
2935 1199 3113 1252 mimis
3140 1200 3237 1254 das
3261 1215 3505 1269 operam,
3549 1211 3606 1257 et
3640 1212 3724 1256 Io-

2143 1299 2254 1343 tum
2290 1291 2410 1344 vita:
2447 1301 2656 1360 tempus
2685 1292 2736 1344 itt
2764 1306 2924 1344 set-na
2949 1293 3246 1358 consumis,
3275 1308 3380 1347 non
3411 1296 3493 1348 vel
3523 1295 3732 1349 militia:

2144 1383 2522 1436 necessitatem
2595 1383 2676 1436 vel
2740 1394 2938 1437 metunt
2990 1385 3391 1454 magistratuum
3439 1385 3730 1453 obtendis;

2143 1475 2357 1544 quando
2384 1484 2562 1528 autem
2597 1485 2649 1529 te
2675 1475 2740 1529 ad
2772 1476 3055 1530 ecclesiam
3094 1493 3367 1540 vocamus,
3421 1489 3548 1533 tunc
3569 1480 3732 1534 innu-

2145 1584 2295 1622 mera
2323 1567 2482 1621 aﬂ’ers
2515 1567 2912 1636 impedimenta.
2949 1568 3012 1621 Et
3051 1567 3176 1637 qttid
3207 1569 3356 1622 dices
3386 1570 3437 1623 itt
3481 1571 3566 1624 illa
3598 1571 3686 1625 die
3715 1614 3734 1638 ,

2145 1676 2265 1714 cum
2304 1660 2498 1715 videris
2522 1659 2786 1713 flammma
2818 1670 2874 1714 et
2900 1661 3087 1714 fluvios
3115 1661 3298 1730 igneos
3323 1671 3378 1716 et
3406 1663 3614 1716 vincula
3647 1665 3735 1717 itt-

2146 1750 2413 1813 Solubilia,
2467 1760 2521 1803 et
2564 1750 2848 1804 stridorem
2879 1751 3119 1805 dentium
3149 1753 3382 1806 audieris
3405 1754 3429 1794 ν
3466 1756 3587 1822 quis
3637 1756 3735 1808 tibi

2148 1851 2275 1896 tunc
2320 1842 2754 1911 patrocinabitur,
2785 1858 2906 1896 etnn
2940 1842 3141 1896 videris
3167 1845 3557 1915 artiﬁcem,qui
3587 1857 3741 1901 recte

2148 1933 2366 1996 vixi-rit,
2419 1933 2564 1986 omni
2611 1933 2777 2003 gloria
2809 1933 3116 1998 fruentem;
3167 1945 3219 1989 te
3259 1951 3410 2003 vero,
3465 1940 3552 2006 qui
3586 1954 3736 1993 nunc

2149 2023 2336 2077 sericis
2391 2024 2605 2078 indutus
2665 2039 2727 2080 es
2786 2025 3115 2079 vestimentis
3157 2035 3210 2081 et
3265 2028 3379 2081 oles
3423 2040 3740 2098 unguenta,

2151 2114 2506 2170 intolerabilia
2555 2116 2886 2185 patientem?
2930 2117 3056 2185 quid
3087 2117 3177 2172 tibi
3212 2119 3506 2188 proderunt
3536 2121 3746 2176 divititn

2151 2217 2206 2262 et
2248 2224 2424 2262 rerum
2471 2209 2712 2262 omnium
2771 2209 2966 2277 c0pia?
3009 2209 3137 2278 quid
3192 2211 3500 2267 detrimenti
3543 2215 3742 2267 artilici

2152 2297 2305 2352 affert
2348 2298 2677 2366 paupertas?
2723 2297 2801 2352 Ne
2844 2313 2974 2368 ergo
3018 2308 3142 2352 tunc
3186 2302 3467 2368 patiamur,
3510 2318 3571 2356 ea
3618 2321 3749 2371 qua:

2153 2404 2294 2442 nunc
2319 2389 2570 2442 dicttntur
2598 2389 2900 2454 timeamus,
2949 2398 3004 2445 et
3033 2401 3204 2444 totum
3234 2392 3469 2447 laborem
3499 2405 3745 2449 nostrum

2157 2482 2208 2535 in
2241 2483 2668 2536 necessariarum
2703 2497 2881 2536 rerum
2912 2484 3166 2550 operibus
3205 2499 3601 2540 cousumamus.
3667 2486 3747 2539 Ita

2155 2573 2296 2627 enim
2330 2575 2538 2644 placato
2566 2575 2674 2628 Deo
2704 2589 2800 2642 pro
2830 2576 3063 2644 peccatis
3095 2578 3398 2644 prwteritis,
3443 2579 3753 2649 additisque

2156 2662 2312 2717 bonis
2359 2664 2613 2732 operibus
2659 2664 2887 2731 futuris,
2931 2682 3153 2734 regnum
3188 2668 3441 2724 etelorum
3489 2673 3750 2740 consequi

2157 2755 2452 2824 poterimus
2474 2798 2488 2821 ,
2521 2755 2686 2825 gratia
2716 2768 2768 2810 et
2797 2757 3140 2825 benignitate,
3173 2767 3286 2812 etc.
3359 2809 3370 2818 ,

1827 2963 2172 3024 IlOMlLlA
2225 2963 2328 3021 Vl.

478 3121 607 3177 CAP.
637 3118 692 3172 2.
721 3134 774 3172 v.
806 3118 856 3172 i.
899 3115 960 3169 Et
988 3131 1102 3186 ego,
1129 3117 1332 3184 fratres,
1354 3129 1469 3166 cum
1513 3113 1622 3165 veni
1659 3110 1729 3162 ad
1775 3125 1860 3162 vos
1882 3149 1894 3171 ,
1941 3111 2052 3161 veni

540 3229 642 3266 non
670 3213 721 3264 in
753 3209 1061 3264 sublimitate
1087 3207 1332 3260 sermonis
1373 3213 1460 3257 aut
1505 3203 1768 3271 sapientia:
1787 3243 1802 3264 ,
1852 3217 2057 3254 annun-

543 3307 676 3359 tians
700 3303 838 3357 vobis
868 3301 1205 3357 testimonium
1234 3297 1348 3352 Dei.
1390 3297 1442 3350 2.
1481 3295 1605 3349 Non
1655 3295 1787 3349 enim
1827 3293 2058 3364 jndicavi

545 3413 625 3451 me
650 3397 778 3450 scire
802 3392 998 3464 aliquid
1027 3393 1079 3446 in
1107 3390 1242 3446 vobis
1266 3430 1283 3457 ,
1310 3389 1408 3443 nisi
1449 3386 1629 3442 Jesum
1672 3384 1969 3452 Christum,
2009 3392 2058 3438 et

544 3489 677 3539 hunc
701 3485 1021 3552 cruciﬁxum.

548 3579 601 3632 1.
629 3577 769 3631 Nihil
797 3584 880 3630 est
905 3573 1054 3629 Pauli
1081 3571 1259 3628 anima
1307 3569 1374 3625 ad
1421 3566 1802 3624 decertandum
1846 3565 2059 3632 acrius;

476 3669 585 3723 imo
616 3668 787 3738 potius
813 3682 919 3722 non
943 3665 1084 3719 illius
1113 3663 1292 3718 anima
1323 3679 1337 3714 :
1366 3678 1472 3716 non
1504 3662 1650 3714 enim
1691 3661 1803 3728 ipse
1847 3659 1950 3712 hoc
1981 3659 2063 3712 in-

475 3760 651 3824 venit;
699 3757 796 3812 sed
839 3755 974 3810 nihil
1021 3769 1118 3825 par
1164 3753 1352 3823 gratia:
1401 3753 1453 3807 in
1503 3753 1597 3806 illo
1627 3751 1902 3820 operanti,
1943 3765 2064 3819 qua:

479 3849 659 3905 omnia
689 3848 873 3902 vincit.
903 3847 1046 3902 Satis
1070 3844 1214 3900 enim
1244 3853 1404 3899 erunt
1447 3858 1545 3910 ea,
1585 3859 1703 3912 qtttc
1739 3843 1888 3912 prius
1921 3842 2063 3897 dicta

481 3949 640 4004 sunt,
673 3937 738 3992 ad
766 3936 1124 4006 dejicicndum
1152 3935 1360 3990 illorum
1395 3933 1586 3988 fastum
1611 3975 1627 4000 ,
1660 3933 1751 4003 qui
1781 3935 1831 3988 in
1853 3935 2068 4003 Sapien-

484 4031 554 4083 tia
584 4029 952 4097 gloriabantur
977 4043 990 4092 ;
1023 4027 1130 4081 imo
1160 4026 1239 4080 vel
1269 4041 1391 4094 pars
1435 4025 1698 4080 dictorum
1743 4025 2065 4080 suflieiebat.

485 4120 553 4174 Ut
579 4129 756 4174 autem
787 4119 1094 4189 pratclarior
1123 4117 1193 4171 sit
1222 4117 1440 4172 victoria
1468 4158 1484 4183 ,
1527 4117 1590 4171 iis
1619 4134 1738 4187 (pne
1764 4119 1903 4171 dicta
1943 4126 2070 4171 sunt

481 4213 778 4266 certamina
833 4210 1015 4275 addit,
1072 4209 1352 4279 prostratis
1412 4208 1674 4262 insultans
1723 4209 2066 4263 adversariis.

486 4303 719 4358 Attende
765 4311 944 4356 autem
973 4319 986 4354 :
1019 4301 1316 4354 adduxerat
1358 4301 1696 4370 prophetiam
1745 4301 2012 4355 dicentem
2051 4314 2066 4351 :

489 4392 713 4446 Perdant
760 4391 1062 4462 sapientiam
1099 4391 1405 4461 sapientium
1439 4405 1458 4444 :
1487 4390 1797 4446 ostenderat
1844 4391 1938 4445 Dei
1988 4406 2076 4445 sa—

493 4485 788 4554 pientiam,
818 4483 941 4552 quia
996 4497 1090 4550 per
1139 4497 1295 4545 eam,
1350 4496 1471 4550 quae
1518 4482 1745 4534 stultitia
1797 4481 2075 4537 videbatur

490 4589 631 4638 esse,
653 4583 930 4629 externam
961 4573 1353 4643 philoSophiam
1381 4571 1708 4640 prostravit;
1737 4572 2070 4638 ostenderat,

494 4667 638 4736 quod
670 4667 890 4720 stultum
923 4674 1006 4720 est
1053 4665 1187 4731 Dei,
1237 4664 1534 4735 sapientius
1571 4678 1693 4718 esse
1735 4663 2077 4730 hominibus;

493 4757 802 4812 ostenderat
824 4757 965 4827 quod
995 4772 1100 4811 non
1127 4757 1302 4811 solum
1335 4772 1428 4826 per
1459 4757 1670 4825 ignaros
1691 4755 1956 4824 docuerit,
1984 4757 2078 4812 sed

500 4849 660 4902 etiam
695 4849 910 4919 ignaros
937 4859 991 4902 et
1024 4847 1216 4902 idiotas
1242 4848 1531 4902 vocaverit.
1562 4847 1712 4901 Nune
1748 4849 1984 4903 ostendit
2025 4858 2083 4904 et

497 4941 669 5007 ipsum
699 4940 840 5011 quod
871 4939 1260 5008 pra‘dicabatur
1280 4980 1294 5004 ,
1337 4948 1395 4994 et
1422 4939 1637 4993 modum
1685 4939 2080 5009 prtedicaliuuis

497 5033 627 5086 satis
657 5033 819 5086 fuisse
842 5032 907 5085 ad
937 5029 1352 5101 perturbandum
1375 5069 1390 5094 ,
1435 5038 1489 5085 et
1519 5046 1623 5086 non
1661 5032 2079 5100 petturbavisse.

502 5123 614 5180 Non
639 5134 842 5178 tantum
866 5125 1006 5178 enim
1035 5123 1278 5193 discipuli
1310 5122 1489 5178 idiota:
1527 5133 1688 5187 sunt,
1736 5124 1936 5194 inquit;
1989 5126 2082 5182 sed

502 5218 663 5270 etiam
694 5231 794 5284 ego
835 5216 926 5285 qui
971 5215 1222 5285 praedico.
1255 5215 1400 5280 Ideo,
1425 5215 1615 5284 inquit,
1649 5215 1712 5268 Et
1734 5232 1824 5285 ego
1847 5258 1862 5282 ,
1903 5221 2085 5288 fratres

501 5307 728 5379 (rursus
758 5306 949 5360 fratres
981 5317 1169 5370 vocat,
1196 5308 1534 5361 utscrmonis
1555 5309 1899 5376 asperitatem
1925 5313 2082 5366 emol—

503 5400 592 5453 tiat
622 5399 641 5468 )
666 5440 681 5463 ,
710 5399 821 5452 veni
841 5442 856 5458 .
880 5416 979 5452 non
1009 5401 1060 5453 in
1093 5399 1398 5454 sublimitate
1442 5400 1689 5454 sermonis
1713 5441 1729 5467 ,
1777 5405 2088 5456 annuntians

505 5491 641 5544 vobis
670 5492 1009 5544 testimonium
1044 5491 1156 5546 Dei.
1186 5492 1323 5558 Quid
1345 5492 1513 5557 enim,
1542 5491 1628 5546 dic
1657 5509 1838 5562 quatso
1863 5535 1878 5559 ,
1909 5496 1952 5549 si
1989 5510 2086 5548 vo-

505 5583 696 5637 luisscs
715 5584 766 5638 in
794 5583 1120 5639 sublimitate
1143 5586 1363 5640 venire?
1395 5586 1717 5654 poterasne?
1741 5587 1854 5656 Ego
1875 5588 2089 5656 quidem

505 5676 554 5728 si
582 5675 867 5730 voluissem
889 5718 902 5740 ,
937 5692 1041 5730 non
1070 5677 1395 5745 potuissem;
1427 5675 1670 5732 Christus
1693 5689 1870 5733 autem
1903 5679 1950 5734 si
1993 5695 2088 5735 vo-

2163 3107 2373 3173 luisset,
2403 3109 2685 3178 p0tuisset.
2719 3109 2822 3166 Sed
2851 3112 3042 3175 noluit,
3073 3114 3476 3184 utSplendidius
3500 3119 3751 3174 redderet

2166 3210 2451 3269 tt-opzeum.
2480 3201 2709 3272 Ideoque
2734 3204 2982 3272 superius
3007 3206 3295 3260 ostendens
3321 3207 3422 3262 hoc
3452 3209 3592 3262 illius
3614 3227 3752 3277 opus

2167 3291 2350 3356 fuisse,
2375 3292 2649 3362 ipsiusque
2674 3295 3000 3350 voluntatem
3027 3311 3178 3362 esse,
3209 3309 3263 3351 ut
3291 3298 3370 3352 sic
3396 3298 3609 3353 indocte
3633 3301 3754 3369 ejus

2165 3383 2386 3437 verbum
2438 3385 2789 3455 praedicetur,
2837 3386 3048 3440 dicebat
3091 3403 3103 3439 :
3149 3387 3273 3441 Non
3311 3390 3446 3442 enim
3493 3392 3626 3442 misit
3674 3409 3757 3445 me

2167 3476 2397 3530 Christus
2420 3477 2676 3544 baptizare
2695 3517 2709 3540 ,
2741 3476 2829 3530 sed
2850 3477 3193 3545 evangelisare
3217 3520 3229 3536 .
3260 3495 3360 3532 non
3407 3481 3460 3532 in
3503 3483 3758 3551 sapientia

2167 3570 2428 3622 sermonis.
2461 3567 2556 3620 Est
2583 3577 2762 3620 autem
2791 3568 2956 3622 multo
2977 3570 3167 3638 majus,
3199 3570 3308 3624 imo
3330 3570 3536 3627 infinite
3557 3574 3756 3640 majus,

2169 3659 2308 3728 quod
2335 3659 2436 3714 hoc
2461 3659 2692 3712 voluerit
2717 3658 2983 3725 Christus,
3014 3676 3172 3729 quam
3201 3662 3342 3730 qttod
3368 3663 3595 3718 voluerit
3630 3665 3765 3718 l’att-

2171 3753 2271 3805 lus.
2321 3751 2436 3806 Noti
2473 3767 2601 3822 ergo
2642 3751 2942 3805 facundiam
2982 3762 3294 3818 ostentans,
3326 3753 3532 3824 inquit,
3582 3771 3763 3825 neque

2171 3844 2407 3898 externis
2429 3852 2668 3897 armatus
2694 3844 3036 3899 sermonibus
3055 3885 3069 3908 ,
3096 3846 3356 3899 annuntio
3389 3847 3760 3904 testimonium

2176 3935 2288 3989 Dei.
2317 3934 2424 3990 Nec
2443 3934 2598 4000 dixit,
2624 3934 3085 4003 pratdicationcm,
3111 3935 3227 4002 sed,
3259 3937 3614 3992 Testimonium
3637 3940 3760 4008 Dei,

2171 4026 2314 4096 quod
2340 4029 2511 4095 ipsum
2542 4025 2674 4080 satis
2702 4035 2817 4080 erat
2841 4027 2906 4080 ad
2933 4030 3304 4084 avertendum.
3351 4031 3574 4086 Mortem
3614 4034 3762 4088 enint

2175 4119 2503 4171 annuntians
2523 4118 2782 4171 circuibat
2809 4136 2821 4171 :
2849 4117 2966 4171 ideo
2989 4120 3297 4188 subjuttxit:
3325 4121 3447 4176 Non
3463 4125 3598 4177 enim
3621 4127 3768 4191 iudi-

2176 4211 2284 4260 cavi
2312 4225 2388 4262 nte
2409 4209 2536 4262 scire
2561 4208 2758 4277 aliquid
2784 4210 2835 4261 in
2873 4209 3040 4276 vobis,
3089 4211 3188 4264 nisi
3231 4211 3409 4266 Jesunt
3455 4213 3710 4268 Christum
3744 4256 3762 4282 ,

2178 4300 2406 4361 hancque
2433 4301 2758 4368 cruciﬁxum.
2789 4299 2900 4353 Hoc
2919 4310 3095 4354 autem
3118 4301 3349 4370 dicebat,
3376 4305 3498 4373 quia
3523 4315 3768 4361 externa:

2178 4391 2458 4460 sapientiae
2481 4393 2701 4447 omnino
2728 4407 2923 4460 expers
2950 4402 3064 4447 erat
3084 4434 3101 4460 ,
3133 4403 3189 4448 ut
3213 4396 3372 4449 etiam
3403 4399 3651 4466 superius
3677 4399 3770 4453 di-

2180 4485 2376 4540 cebat:
2413 4483 2535 4539 Veni
2568 4485 2751 4538 nonin
2789 4487 3096 4540 sublimitate
3137 4491 3402 4545 sermonis.
3451 4492 3582 4547 Nam
3622 4496 3767 4564 quod

2184 4576 2299 4644 ipse
2328 4575 2428 4629 hoc
2455 4583 2637 4646 posset
2665 4575 2864 4631 ltabere
2893 4577 3066 4646 palam
3095 4589 3198 4632 est.
3226 4579 3391 4650 Cujus
3424 4583 3568 4638 enim
3600 4587 3770 4640 vesti-

2185 4676 2364 4721 menta
2399 4676 2638 4719 mortuos
2667 4667 3013 4734 suscitarunt,
3037 4679 3090 4722 et
3117 4670 3317 4725 umbra:
3345 4674 3560 4728 morbos
3595 4689 3771 4744 expu-

2185 4758 2390 4820 lerunt,
2417 4757 2584 4812 multo
2613 4757 2782 4828 magis
2823 4759 3012 4827 linguae
3034 4759 3332 4814 facundiam
3360 4773 3568 4832 poterat
3589 4766 3771 4823 anima

2186 4851 2480 4918 suscipere.
2506 4849 2636 4905 Nam
2663 4849 2765 4904 hoc
2791 4851 3007 4919 quidem
3052 4861 3135 4906 est
3168 4852 3594 4926 discipulorum,
3637 4859 3772 4916 illud

2186 4953 2364 4997 autem
2387 4952 2556 4996 artem
2583 4958 2799 4998 omnem
2825 4953 3059 5012 superat.
3084 4945 3185 5011 Qui
3230 4963 3361 5017 ergo
3398 4951 3530 5004 artis
3570 4953 3773 5021 majora

2189 5036 2358 5099 novit,
2383 5035 2552 5089 multo
2576 5036 2743 5105 magis
2765 5036 2971 5092 minora
2991 5039 3242 5106 potuerit.
3268 5040 3374 5095 Sed
3399 5057 3503 5095 non
3531 5045 3776 5111 permisit

2189 5126 2475 5191 Christus;
2530 5142 2702 5196 neque
2749 5127 2893 5181 enim
2938 5138 3359 5185 consentaneum
3407 5143 3544 5188 erat.
3586 5134 3780 5190 Merito

2191 5218 2353 5288 igitur
2377 5217 2482 5284 ait,
2512 5217 2633 5272 Non
2659 5219 2792 5272 enint
2806 5219 3040 5288 judicavi
3061 5236 3138 5274 me
3159 5222 3356 5292 aliquid
3375 5225 3538 5289 scire;
3567 5241 3688 5280 nam
3725 5238 3783 5283 et

2191 5328 2291 5379 ego
2314 5311 2414 5367 hoc
2435 5313 2556 5366 volo
2568 5312 2708 5381 quod
2730 5323 2782 5366 et
2803 5313 3047 5368 Christus
3069 5315 3198 5368 vult.
3223 5315 3349 5369 Mihi
3371 5325 3546 5371 autem
3569 5319 3781 5374 videtur

2195 5405 2449 5458 humilius
2473 5404 2616 5474 loqui
2645 5419 2765 5458 cum
2791 5406 2928 5472 illis,
2961 5421 3120 5475 quam
3143 5422 3262 5460 cum
3299 5409 3419 5463 aliis
3439 5449 3454 5472 ,
3488 5419 3546 5463 ut
3584 5410 3777 5465 fa~tum

2195 5497 2405 5552 illorum
2435 5497 2833 5567 comprimeret.
2878 5498 3010 5552 Illud
3050 5513 3212 5568 ergo,
3251 5499 3494 5554 Jndicavi
3537 5518 3618 5555 me
3654 5501 3783 5556 nihil

2194 5588 2353 5654 scire,
2401 5586 2468 5642 ad
2523 5587 2880 5642 diﬂ'erenliam
2929 5598 3167 5643 externae
3222 5591 3502 5659 sapientia:
3561 5591 3776 5647 dicitur.

2199 5679 2314 5736 Non
2341 5695 2485 5735 entm
2500 5679 2618 5736 veni
2645 5680 2985 5752 syllogismos
3007 5691 3228 5739 nectens
3241 5699 3414 5756 neque
3427 5685 3782 5756 sophismata,
