4086 6418
254 471 313 527 ω
1373 461 1438 516 IN
1481 461 1696 517 EPIST.
1729 465 1744 518 ι
1799 467 1885 521 Mt

1995 465 2077 517 ill.
2127 462 2351 516 IiOl'IIIh
2397 460 2481 514 VI.

259 591 416 649 neque
443 575 585 631 aliud
608 576 807 634 dicens
840 579 1026 646 vobis,
1049 594 1202 649 quam
1237 576 1376 642 quod
1403 575 1646 630 Christus
1671 573 1845 631 eruci-

262 675 388 727 ﬁxus
407 672 475 724 sit
522 670 598 724 IlIi
624 687 868 742 namque
892 673 1168 726 innumera
1203 669 1428 738 dicunt,
1471 676 1529 724 et
1561 668 1631 722 de
1674 667 1845 721 inuu-

263 763 414 819 meris
439 763 599 832 lottga
630 764 926 818 verborum
963 763 1132 816 stadia
1159 763 1451 830 explicant,
1476 758 1752 814 ratiocinia
1793 766 1847 811 et

265 856 595 928 syllogismos
656 865 1021 924 apparantes,
1067 854 1229 908 millia
1279 852 1604 905 adorttantes
1661 848 1846 917 SOphi-

267 957 428 1002 smata
462 964 476 999 :
509 961 611 1016 ego
643 957 825 1000 autem
866 947 985 1000 veni
1026 945 1090 998 ad
1142 958 1238 997 vos
1282 942 1416 997 nihil
1459 940 1602 994 aliud
1641 939 1844 1002 dicens,

266 1053 417 1109 quain
457 1037 606 1107 quod
652 1036 902 1091 Christus
949 1034 1242 1089 cruciﬁxus
1285 1035 1393 1097 sit,
1432 1041 1486 1087 et
1515 1032 1635 1086 illos
1663 1044 1851 1085 omnes

269 1129 515 1198 propulsa
528 1127 601 1192 vi,
625 1127 769 1196 quod
802 1126 1012 1181 virtutis
1037 1130 1154 1196 ejus
1177 1143 1264 1196 qut
1293 1124 1614 1195 praedicatur
1641 1123 1850 1192 signum

267 1230 347 1275 cst
367 1220 662 1274 ineﬂ’altile.
691 1221 743 1275 '5.
777 1218 845 1272 Et
871 1237 960 1287 ego
985 1220 1037 1271 in
1067 1219 1364 1286 inﬁrmitate
1385 1227 1431 1269 et
1459 1218 1511 1268 in
1540 1217 1717 1269 timore
1733 1225 1778 1268 et
1800 1216 1852 1267 in

271 1324 483 1367 tremore
512 1311 672 1366 multo
696 1315 772 1384 fui
795 1312 937 1380 apud
964 1328 1066 1366 vos.
1099 1312 1208 1365 lloc
1252 1321 1333 1366 est
1369 1325 1554 1364 rursus
1579 1307 1722 1362 aliud
1761 1323 1852 1362 ca-

271 1414 380 1474 put.
413 1404 532 1459 Non
565 1406 739 1458 solum
768 1406 910 1458 enim
948 1405 1034 1472 qui
1072 1403 1361 1457 credebant
1405 1401 1637 1467 indocti,
1683 1414 1856 1468 neque

271 1499 444 1551 solum
477 1497 522 1551 is
557 1498 644 1566 qui
676 1497 909 1566 loquitur
949 1496 1106 1549 idiota
1129 1536 1144 1559 ,
1190 1509 1360 1564 neque
1406 1501 1610 1547 tantum
1665 1490 1857 1546 modus

272 1589 534 1644 doctrina:
563 1601 644 1644 est
676 1587 974 1658 ignorantia
1006 1587 1194 1656 plenus
1214 1629 1228 1652 ,
1274 1599 1449 1654 neque
1497 1593 1700 1638 tantum
1746 1583 1857 1652 ipsa

275 1680 586 1751 pra~dieatio
631 1681 761 1734 Satis
803 1689 886 1734 est
937 1678 1002 1732 ad
1049 1677 1507 1742 conturbandum;
1550 1692 1680 1730 crux
1714 1677 1858 1731 enim

277 1783 331 1827 et
356 1786 505 1825 mors
535 1781 649 1825 erat
677 1769 819 1840 quod
849 1769 1270 1825 arnuntiabatur
1304 1787 1317 1823 :
1350 1767 1444 1822 sed
1470 1782 1589 1821 cum
1632 1767 1713 1821 his
1759 1766 1858 1819 alia

281 1879 496 1934 quoque
525 1863 906 1932 impedimenta
936 1871 1108 1925 erant,
1141 1861 1375 1931 pericula
1397 1903 1413 1924 ,
1461 1860 1665 1914 insidiae
1690 1900 1705 1924 ,
1734 1875 1866 1929 quo-

283 1957 519 2011 tidianus
565 1957 752 2020 timor,
799 1963 854 2009 et
900 1953 1040 2023 quod
1098 1953 1443 2024 pellerentur.
1501 1951 1864 2006 Inﬁrmitatem

286 2063 520 2116 namque
569 2046 730 2099 etiam
778 2060 920 2114 sa‘pe
967 2053 1120 2098 vocat
1158 2042 1664 2113 persequutionem,
1711 2049 1767 2095 ut
1815 2049 1870 2096 ct

282 2141 408 2194 alibi
441 2158 454 2192 :
489 2137 876 2201 Inﬁrmitatem,
900 2152 1017 2205 quae
1045 2145 1127 2190 est
1154 2136 1206 2189 in
1225 2148 1385 2189 carne
1401 2149 1540 2199 mea,
1562 2149 1665 2186 non
1683 2147 1869 2201 asper—

287 2232 396 2286 nati
448 2231 581 2286 estis
630 2228 781 2298 (Gal.
815 2229 869 2284 4.
912 2230 997 2283 15.
1032 2227 1163 2298 M);
1205 2235 1258 2281 et
1301 2240 1520 2288 rursus,
1559 2225 1618 2280 Si
1664 2223 1873 2294 gloriari

288 2332 518 2390 Oportet,
547 2321 597 2372 in
622 2319 917 2388 inﬁrmitate
943 2334 1052 2371 mea
1075 2315 1354 2388 gloriabor.
1400 2315 1682 2381 Quanam?
1722 2313 1870 2368 Prte-

294 2413 487 2482 positus
509 2411 670 2480 gentis
712 2411 877 2463 Areto:
924 2409 1055 2478 regis
1086 2394 1514 2461 Damascenorum
1560 2406 1734 2460 urbem
1786 2422 1877 2458 cu-

293 2502 562 2566 stodiebat,
592 2501 760 2554 uolens
784 2516 861 2552 me
881 2499 1303 2569 comprehendere
1323 2498 1410 2568 (2.
1439 2497 1558 2554 Cor.
1601 2500 1688 2552 II.
1728 2497 1798 2552 50
1833 2508 1878 2551 et

297 2595 367 2648 5!.
389 2598 428 2661 ).
465 2593 530 2646 Et
559 2607 767 2646 l'IJl'SIIlII
801 2609 814 2645 :
844 2591 970 2644 Ideo
997 2591 1120 2644 mihi
1157 2591 1332 2660 placeo
1375 2592 1430 2643 in
1473 2590 1876 2658 inﬁrmitatibus.

300 2685 508 2747 Deinde
535 2685 719 2738 dicens
750 2682 1089 2752 quibusnam,
1110 2681 1384 2751 sultjunxit
1413 2699 1426 2736 :
1451 2680 1516 2734 In
1545 2681 1880 2744 contumeliis,

299 2779 355 2834 iu
400 2776 773 2830 necessitatibus
836 2785 882 2830 et
936 2775 988 2826 in
1034 2775 1278 2845 angustiis
1328 2772 1466 2844 (Id.
1512 2774 1594 2827 1‘2.
1627 2773 1692 2826 10
1820 2771 1886 2825 Et

304 2887 446 2926 nunc
497 2870 597 2925 hoc
641 2869 812 2938 ipsmn
857 2867 1106 2939 profert:
1145 2883 1267 2922 cum
1313 2867 1537 2921 dixisset
1587 2867 1770 2930 enim,
1819 2862 1886 2917 Et

303 2979 398 3033 ego
445 2964 500 3016 in
545 2961 873 3030 inﬁrmitate;
911 2975 1017 3014 non
1071 2960 1158 3014 hic
1207 2959 1476 3023 substitit,
1514 2957 1609 3012 sed
1664 2956 1889 3010 inﬁrmi-

306 3063 472 3108 tatem
516 3053 792 3122 eXplieans
813 3094 827 3118 ,
856 3051 1088 3120 pericula
1120 3061 1271 3105 vocat
1299 3068 1311 3102 :
1345 3065 1530 3104 rursus
1565 3047 1786 3118 adjicit,
1825 3045 1890 3099 In

308 3146 490 3198 timore
512 3153 556 3197 et
581 3152 792 3196 tremore
817 3143 976 3197 multo
1004 3143 1081 3214 fui
1107 3141 1246 3211 apud
1262 3159 1364 3196 vos.
1398 3141 1534 3208 Quid
1557 3139 1730 3194 dicis?
1761 3140 1895 3192 Pau-

310 3236 396 3291 lus
422 3251 633 3305 quoque
662 3235 879 3290 timebat
909 3234 1179 3304 pericula?
1204 3234 1449 3288 Tiutebat
1478 3243 1531 3288 et
1559 3231 1712 3286 valde
1741 3232 1898 3284 time-

311 3330 402 3384 bat
429 3347 444 3383 :
474 3329 678 3382 etiamsi
713 3329 855 3382 enim
890 3327 1080 3382 Paulus
1109 3336 1288 3391 esset,
1320 3336 1372 3380 at
1399 3325 1559 3380 homo
1603 3333 1736 3380 erat.
1784 3324 1896 3378 Hoc

313 3432 492 3476 autem
518 3436 623 3474 non
650 3429 766 3474 erat
790 3419 935 3473 Pauli
964 3420 1188 3485 crimen,
1221 3419 1314 3473 sed
1361 3417 1642 3472 inﬁrmitas
1671 3425 1896 3481 naturae,

317 3523 370 3567 et
398 3513 974 3582 prapositieneomium
999 3553 1012 3575 ,
1045 3512 1184 3582 quod
1226 3521 1452 3565 mortem
1493 3520 1548 3566 et
1597 3495 1776 3581 plagas
1829 3511 1898 3565 ti-

317 3620 506 3670 mens,
545 3604 677 3659 nihil
723 3613 897 3658 tamen
949 3603 1218 3674 indignum
1251 3619 1314 3658 ex
1346 3603 1539 3658 timore
1568 3601 1753 3658 fecerit
1785 3618 1797 3654 :
1829 3601 1898 3655 ita

319 3696 487 3767 utqui
516 3697 697 3750 dicunt
725 3686 873 3750 illum
905 3711 1009 3751 non
1041 3696 1284 3749 timuisse
1326 3695 1542 3764 plagas,
1590 3709 1696 3748 non
1742 3694 1902 3747 modo

319 3789 472 3843 illum
504 3804 606 3842 non
641 3787 943 3852 honorent,
973 3785 1066 3840 sed
1095 3794 1151 3840 et
1179 3786 1399 3840 multum
1427 3801 1493 3839 ex
1520 3783 1767 3838 laudibus
1809 3783 1903 3838 de-

320 3888 492 3934 mant.
521 3878 651 3932 Nam
675 3878 717 3932 si
750 3894 852 3931 non
885 3877 1141 3940 timebat,
1170 3892 1290 3946 qua:
1320 3875 1743 3945 perseverantia,
1784 3889 1905 3943 qua:

321 3971 658 4042 philosophia
685 3970 736 4025 in
769 3969 1000 4025 ferendis
1026 3969 1306 4038 periculis?
1331 3969 1438 4038 ligo
1461 3983 1588 4023 vero
1613 3968 1730 4021 ideo
1758 3967 1905 4020 illum

323 4063 583 4129 admiror,
615 4063 752 4134 quod
787 4065 980 4117 timens
1002 4103 1017 4126 ,
1047 4076 1145 4118 nec
1173 4062 1333 4116 modo
1381 4063 1605 4124 timens,
1651 4059 1746 4114 sed
1801 4068 1910 4114 tre-

323 4172 482 4211 mens
533 4157 588 4210 in
638 4157 922 4225 periculis,
953 4169 1166 4224 semper
1209 4154 1447 4209 cucurrit
1493 4165 1818 4218 coronatus,
1852 4163 1908 4207 et

327 4247 460 4301 nulli
504 4246 669 4301 cessit
711 4245 983 4315 periculo,
1023 4260 1322 4314 expurgans
1357 4244 1574 4308 orbem,
1623 4255 1679 4298 et
1717 4244 1910 4310 ubique

329 4347 592 4393 terrarum
621 4347 673 4390 ct
701 4337 924 4390 marium
955 4337 1386 4406 praedicationem
1411 4336 1701 4392 seminans.
1747 4336 1800 4389 4.
1846 4333 1912 4388 Ει

329 4447 494 4486 sermo
521 4446 656 4482 meus
686 4438 730 4482 et
757 4429 1049 4498 prwdicalio
1081 4445 1191 4483 mea
1239 4445 1338 4482 non
1383 4428 1793 4498 persuasibilibus
1821 4427 1916 4480 hu-

331 4538 497 4576 manae
534 4522 796 4592 sapientia:
854 4522 1037 4582 verbis,
1065 4519 1114 4576 id
1142 4530 1245 4588 est,
1271 4520 1375 4576 non
1406 4523 1614 4578 habens
1641 4533 1913 4577 externam

330 4613 671 4684 sapientiam.
701 4613 756 4668 Si
783 4614 943 4682 igitur
967 4622 1020 4666 et
1064 4613 1371 4682 prtedicatio
1423 4613 1552 4667 nihil
1595 4614 1780 4668 habuit
1829 4628 1917 4667 so-

331 4704 576 4775 phisticae
601 4704 747 4766 artis,
775 4713 826 4757 et
852 4704 940 4773 (ιιιί
992 4703 1319 4757 vocabantur
1371 4704 1584 4768 idiotre,
1637 4714 1692 4759 et
1739 4704 1783 4757 is
1828 4703 1918 4773 qui

334 4794 658 4867 przedieabat
687 4794 805 4849 talis
836 4803 982 4857 erat,
1013 4794 1304 4864 aderatque
1333 4795 1672 4864 pcrsequutio
1697 4837 1711 4860 ,
1753 4804 1807 4849 et
1855 4794 1920 4847 ti-

334 4901 456 4942 mor
479 4895 532 4940 et
563 4894 782 4952 tremor,
813 4885 1084 4955 quomodo
1111 4889 1472 4956 superarunt?
1504 4886 1592 4942 die
1623 4887 1770 4942 mihi.
1819 4887 1920 4942 Per

339 4978 578 5033 divinam
630 4979 903 5033 virtutem.
951 4977 1077 5033 Ideo
1123 4995 1245 5033 cum
1297 4978 1551 5042 dixisset,
1613 4977 1828 5034 Verbum
1872 4991 1920 5034 et

337 5071 634 5140 praedicatio
686 5087 797 5125 mea
843 5089 943 5125 non
985 5073 1037 5125 in
1094 5072 1505 5140 persuasibilibus
1551 5074 1786 5127 humana?
1832 5090 1920 5128 sa-

338 5165 544 5234 pientia
568 5163 996 5234 verbis;adjccit,
1031 5164 1136 5220 Sed
1176 5166 1228 5219 in
1271 5165 1554 5219 ostensione
1600 5166 1826 5235 Spiritus
1874 5174 1920 5218 et

338 5257 559 5312 virtutis.

408 5347 669 5405 2.Viden'
691 5348 956 5420 quomodo
969 5349 1109 5420 quod
1134 5351 1351 5405 stultum
1380 5360 1462 5406 est
1489 5351 1602 5417 Dei,
1630 5352 1921 5420 sapientius

338 5443 412 5496 sit
462 5441 799 5507 hominibus;
848 5453 901 5497 et
945 5443 1086 5512 quod
1141 5444 1444 5510 inﬁrmum,
1485 5443 1710 5498 fortius?
1741 5444 1922 5498 ldiota:

341 5533 458 5588 haec
489 5533 873 5604 praedicantes,
904 5536 1064 5589 vincti
1097 5545 1150 5590 et
1179 5537 1351 5604 pulsi,
1397 5537 1658 5607 pollentes
1704 5553 1762 5592 se
1803 5537 1922 5590 vin-

338 5624 571 5682 cebant?
603 5624 919 5680 Undenam?
946 5627 1140 5682 Annon
1173 5643 1237 5683 ex
1265 5644 1351 5692 eo,
1384 5629 1526 5699 quod
1560 5629 1920 5699 perSpirittttn

339 5716 501 5772 ﬁdem
531 5717 872 5786 prmbcrent?
905 5734 1024 5771 natu
1055 5718 1107 5772 in
1138 5719 1388 5776 eonfesso
1428 5735 1510 5776 est
1558 5722 1659 5778 hoc
1703 5728 1926 5779 demon-

335 5809 654 5864 strationem
678 5824 819 5863 esse.
843 5808 972 5876 Quis
993 5811 1132 5864 enini
1161 5853 1174 5873 ,
1201 5828 1384 5880 qumso
1407 5854 1424 5867 .
1453 5815 1638 5869 videns
1685 5827 1924 5871 mortuos

339 5909 674 5971 resurgentes
701 5910 756 5959 et
787 5899 1061 5958 daemonas
1088 5902 1298 5974 pulsos,
1329 5920 1435 5962 non
1465 5906 1778 5964 admiserit?
1812 5909 1917 5966 Sed

176 6357 425 6409 »Λλκέιίιᾩ
437 6377 446 6396 ’.

3465 464 3536 521 ΒΟ

1949 575 2072 642 quia
2105 584 2228 628 sunt
2249 564 2415 628 etiam.
2441 573 2660 628 fallaces
2693 568 2914 626 virtutes
2937 613 2952 637 ,
2992 573 3176 642 quales
3235 582 3535 648 prmstigia-

1952 674 2124 718 toruut
2149 706 2162 726 ,
2194 663 2331 719 hanc
2358 679 2570 734 quoque
2592 665 2806 718 sustulit
2833 667 3214 736 suspicionem.
3245 670 3363 725 Non
3390 669 3539 726 enim

1952 757 2202 809 virtutem
2235 755 2368 809 dixit
2407 755 2580 809 solum
2605 797 2620 820 ,
2652 755 2746 810 sed
2779 758 2955 826 prius,
2987 758 3217 829 Spiritus
3242 804 3257 829 ,
3289 772 3344 816 et
3373 772 3498 817 ttntc
3520 807 3536 821 .

1963 847 2177 903 Virtutis
2207 864 2223 902 :
2248 847 2537 903 ostendens
2566 864 2626 904 ea
2651 866 2770 920 qua:
2811 850 3009 906 ﬁebant
3049 855 3342 923 spiritualia
3395 872 3537 910 esse.

1953 935 2071 992 Non
2100 955 2228 1009 ergo
2258 940 2558 996 imminutio
2585 951 2704 1008 est,
2746 943 2886 1011 quod
2938 946 3246 1013 prtedicatio
3291 963 3393 1002 nou
3444 963 3542 1017 per

1955 1033 2270 1100 sapientiam
2297 1035 2610 1087 aununtiata
2646 1037 2748 1099 sit,
2780 1035 2873 1089 sed
2917 1037 3205 1091 maximum
3251 1053 3542 1095 ornamen-

1958 1133 2090 1178 tttttt.
2125 1124 2238 1178 lloc
2264 1141 2392 1194 ergo
2423 1126 2656 1181 maxime
2683 1127 3053 1188 demonstrat.
3085 1145 3202 1183 eam
3244 1146 3364 1185 esse
3406 1131 3544 1186 divi-

1960 1231 2114 1281 nam,
2144 1225 2196 1268 et
2226 1216 2433 1270 radices
2461 1232 2581 1270 esse
2612 1232 2875 1287 supernas
2905 1233 2968 1272 ex
2997 1221 3142 1274 ezelis
3171 1237 3184 1273 :
3217 1231 3550 1291 quapropter

1958 1309 2232 1376 Sttbjttnxit
2263 1327 2274 1363 :
2305 1309 2357 1364 5.
2393 1309 2458 1363 Ut
2480 1309 2606 1377 ﬁdes
2629 1321 2793 1364 vestra
2819 1327 2920 1364 non
2952 1313 3018 1365 sit
3053 1313 3107 1367 in
3152 1315 3404 1384 sapientia
3451 1316 3548 1369 Ito-

1960 1403 2152 1456 minum
2172 1444 2186 1466 ,
2217 1403 2306 1456 sed
2327 1403 2380 1456 in
2399 1404 2581 1458 uirtute
2612 1402 2721 1456 Dei.
2760 1404 2944 1457 Viden’
2969 1406 3240 1474 quomodo
3280 1409 3424 1463 clare
3453 1423 3549 1478 per

1960 1495 2140 1548 omnia
2170 1493 2456 1558 ostendat,
2487 1508 2738 1562 magnum
2779 1509 2899 1548 esse
2939 1495 3144 1549 lucrum
3193 1496 3546 1566 ignoranthe,

1963 1595 2018 1640 et
2066 1602 2315 1656 magnum
2360 1586 2638 1656 sapientiae
2683 1587 2959 1641 damnttm.
3012 1587 3143 1643 Nam
3187 1590 3300 1644 lure
3340 1591 3553 1659 quidem

1967 1678 2134 1746 ipsius
2160 1693 2375 1732 crucem
2403 1720 2418 1745 ,
2449 1678 2536 1732 illa
2566 1695 2693 1732 vero
2742 1680 2834 1734 Dei
2889 1681 3140 1734 virtutem
3195 1681 3552 1750 pratdicahat;

1969 1767 2083 1822 Ittec
2107 1769 2410 1835 efﬁciebat,
2439 1781 2497 1823 ut
2521 1770 2650 1823 nihil
2681 1771 2983 1826 invenirent
3005 1787 3193 1827 eormn
3237 1790 3356 1841 qua:
3391 1789 3550 1842 opor-

1969 1861 2189 1926 tuisset,
2215 1873 2267 1915 et
2299 1863 2349 1915 itt
2374 1862 2567 1932 seipsis
2595 1863 2989 1932 gloriarentur;
3038 1864 3128 1918 illa
3173 1875 3231 1918 ut
3270 1865 3555 1920 veritatem

1971 1954 2307 2022 susciperent
2336 1963 2389 2008 et
2421 1955 2472 2008 in
2503 1954 2614 2008 Deo
2641 1955 3020 2023 gloriarentur.
3050 1956 3254 2010 Rursus
3292 1958 3557 2026 sapientia

1973 2048 2157 2102 multis
2178 2048 2563 2116 persuasisset,
2596 2057 2654 2102 ut
2675 2048 2966 2103 humanum
2997 2065 3117 2104 esse
3145 2049 3339 2118 dogma
3382 2050 3559 2120 suspi-

1973 2153 2263 2206 carentur;
2299 2141 2409 2195 hmo
2430 2157 2561 2196 vero
2584 2143 2727 2196 clare
2748 2142 3098 2208 ostendebat,
3141 2142 3375 2196 divinam
3418 2144 3561 2196 illam

1977 2247 2098 2286 esse
2127 2242 2181 2287 et
2207 2247 2272 2288 ex
2303 2234 2435 2287 caelo
2461 2233 2826 2288 descendisse.
2858 2234 2994 2288 Cum
3038 2249 3166 2303 ergo
3213 2236 3264 2288 itt
3306 2236 3563 2302 sapientia

1980 2324 2267 2378 verborum
2299 2325 2354 2378 lit
2377 2324 2799 2392 demonstratio,
2828 2340 2972 2394 saepe
2998 2326 3354 2380 modestiores
3399 2340 3567 2394 supe-

1983 2425 2221 2468 rantura
2253 2414 2559 2484 pejoribus,
2592 2416 2714 2484 quia
2759 2415 2945 2484 majori
2993 2415 3207 2470 dicendi
3252 2417 3304 2469 vi
3361 2415 3567 2485 prmtliti

1982 2505 2194 2576 pejores
2233 2516 2390 2567 sunt,
2437 2517 2491 2560 et
2541 2506 2877 2560 mendacium
2920 2508 3068 2576 pellit
3115 2508 3416 2560 veritatem.
3475 2507 3571 2560 llic

1983 2607 2159 2653 autem
2190 2614 2296 2653 non
2327 2601 2405 2652 sic
2443 2616 2455 2650 :
2491 2614 2664 2668 neque
2691 2599 2832 2652 enim
2877 2599 2928 2652 itt
2966 2599 3292 2653 immundam
3339 2600 3569 2652 animant

1987 2691 2281 2761 ingreditur
2308 2691 2540 2759 Spiritus
2566 2701 2781 2745 Sanctus
2806 2732 2820 2755 ,
2871 2700 2924 2744 et
2968 2690 3242 2758 ingressus
3283 2705 3572 2759 numquam

1991 2792 2166 2851 potest
2193 2784 2471 2853 superari,
2505 2784 2714 2837 etiarnsi
2757 2783 2965 2837 invadat
2999 2785 3172 2837 omnis
3213 2783 3425 2838 dicendi
3472 2783 3572 2836 vis.

1992 2875 2122 2929 Nam
2153 2875 2543 2930 demonstratio
2573 2890 2667 2943 per
2694 2890 2853 2944 opera
2883 2885 2938 2929 et
2962 2889 3059 2942 per
3087 2874 3235 2941 signa
3275 2874 3430 2943 longe
3471 2873 3578 2927 ela-

1994 2969 2104 3023 rior
2131 2976 2214 3022 est
2242 2967 2329 3020 illa
2355 3008 2370 3031 ,
2401 2983 2520 3035 qum
2551 2967 2609 3019 lit
2637 2983 2732 3034 per
2763 2965 2946 3019 verba.
2978 2968 3046 3018 At
3093 2966 3306 3020 illorum
3352 2964 3580 3018 fortasse

1991 3058 2256 3128 quipiam
2287 3057 2503 3123 dixerit,
2533 3058 2577 3111 si
2612 3057 3042 3126 prtetlicationetn
3074 3057 3288 3111 vincere
3313 3065 3578 3126 Oporteat,

1996 3162 2044 3205 cI
2077 3152 2383 3219 eloquentia
2403 3166 2538 3220 opus
2568 3165 2674 3204 non
2705 3149 2865 3204 habet
2893 3158 2948 3202 ttt
2977 3165 3042 3202 ne
3067 3165 3194 3203 crux
3224 3148 3582 3209 exinaniatur.

1997 3256 2164 3311 quare
2201 3241 2349 3310 signa
2396 3256 2535 3294 nunc
2582 3240 2896 3294 cessarunt?
2941 3239 3160 3306 Quare?
3211 3238 3587 3292 Incredulusne

2003 3333 2105 3388 hoc
2133 3331 2303 3396 dicis,
2336 3346 2432 3386 nec
2457 3331 2696 3384 admittis
2729 3331 2817 3383 illa
2851 3329 2985 3383 facta
3019 3329 3182 3384 fuisse
3225 3329 3587 3398 apostolorum

2003 3433 2244 3493 tempore
2268 3464 2283 3488 ,
2313 3439 2379 3477 an
2409 3438 2536 3477 vere
2564 3421 2667 3477 hoc
2700 3421 2942 3476 ediscere
2984 3420 3270 3488 quatrens?
3318 3419 3374 3473 Si
3419 3421 3592 3472 incre-

2003 3518 2161 3573 dulus
2187 3514 2334 3568 dicas
2357 3554 2372 3579 ,
2405 3513 2458 3567 in
2487 3528 2553 3567 eo
2579 3512 2809 3582 primum
2841 3511 3188 3565 immorabor.
3218 3510 3273 3571 Si
3297 3511 3439 3564 enim
3467 3521 3592 3564 tunc

2005 3625 2112 3664 non
2155 3607 2287 3662 facta
2330 3614 2456 3661 sunt
2483 3606 2633 3676 signa
2659 3647 2674 3671 ,
2700 3604 2966 3675 quomodo
2991 3603 3162 3671 pulsi,
3217 3603 3425 3668 vexati,
3480 3612 3591 3656 tre-

2007 3710 2214 3756 mentes
2237 3740 2254 3767 ,
2285 3700 2552 3766 vincti,~et
2581 3712 2893 3754 communes
2916 3698 3063 3752 orbis
3093 3697 3274 3751 hostes
3304 3697 3448 3762 facti,
3477 3712 3595 3750 om-

2008 3795 2271 3863 nibusque
2296 3792 2361 3847 ad
2388 3792 2527 3847 male
2555 3791 2862 3862 patiendum
2887 3792 3137 3860 expositi,
3170 3790 3299 3845 nihil
3329 3806 3393 3844 ex
3419 3805 3476 3844 se
3504 3789 3598 3842 ha-

2009 3885 2198 3940 bentes
2225 3886 2366 3954 quod
2396 3884 2667 3950 alliceret,
2698 3898 2801 3937 non
2829 3882 3188 3951 eloquentiam
3207 3924 3220 3946 ,
3268 3897 3374 3935 non
3419 3880 3597 3948 splen-

2009 3975 2195 4030 dorem
2220 4015 2233 4039 ,
2265 3988 2370 4027 non
2401 3974 2612 4028 divitias
2632 4013 2647 4037 ,
2678 3989 2786 4026 non
2816 3973 3000 4026 urbem
3023 4013 3038 4038 ,
3070 3988 3178 4026 non
3204 3981 3418 4041 gentem
3444 4013 3456 4032 ,
3488 3986 3595 4023 non

2012 4079 2202 4137 genus,
2227 4079 2332 4119 non
2363 4063 2698 4126 exercitium,
2729 4078 2834 4117 non
2860 4062 3106 4132 gloriam,
3138 4077 3242 4115 non
3271 4061 3414 4115 aliud
3440 4061 3600 4131 quid-

2017 4159 2155 4228 piam
2193 4156 2406 4221 simile;
2437 4154 2529 4208 sed
2557 4155 2735 4208 omnia
2763 4154 3054 4219 contraria,
3086 4151 3460 4218 ignorantiam,
3485 4152 3602 4205 vili-

2018 4259 2202 4312 tatent,
2233 4257 2627 4319 paupertatem,
2653 4246 2834 4301 odium
2857 4289 2872 4311 ,
2907 4245 3236 4304 inimicitiam
3258 4286 3272 4310 ,
3319 4255 3374 4300 et
3416 4257 3599 4299 eontra

2018 4341 2244 4412 pepulos
2273 4340 2508 4409 integros
2539 4347 2762 4404 stantes,
2795 4339 3027 4410 taliaque
3050 4339 3458 4402 anuuutiantcs,
3485 4352 3604 4406 per-

2017 4434 2351 4491 suadebant?
2376 4433 2506 4488 Nam
2527 4443 2793 4504 praecepta
2821 4432 3044 4488 multum
3071 4431 3306 4487 laborem
3337 4431 3605 4486 habebant

2019 4536 2075 4583 et
2095 4527 2340 4597 dogmata
2368 4526 2620 4597 periculis
2640 4526 2796 4596 plena
2819 4537 2973 4582 erant
3002 4545 3015 4580 :
3046 4539 3108 4578 ac
3132 4523 3218 4592 qtti
3245 4525 3527 4579 audiebant
3551 4533 3605 4579 et

2022 4617 2379 4689 persuadendi
2433 4625 2628 4682 erant,
2683 4616 2737 4670 in
2785 4616 3024 4683 deliciis,
3057 4615 3319 4670 ebrietate
3345 4626 3398 4670 et
3425 4616 3607 4669 multis

2023 4712 2166 4765 vitiis
2189 4718 2344 4765 erant
2391 4709 2626 4764 educati.
2673 4708 2864 4776 Unde,
2913 4723 3134 4778 quatso,
3184 4706 3608 4777 persuaserunt?

2025 4801 2168 4858 unde
2194 4801 2298 4856 ﬁde
2323 4801 2467 4870 digni
2497 4786 2692 4855 erant?
2721 4800 2851 4854 Nam
2879 4840 2893 4863 ,
2924 4809 2981 4854 ut
3016 4799 3123 4868 jam
3157 4799 3264 4854 dixi
3291 4841 3304 4862 ,
3334 4800 3377 4852 si
3407 4799 3610 4868 alisque

2024 4892 2190 4962 signis
2209 4898 2608 4960 persuaserunt,
2641 4889 2808 4943 ntulto
2837 4889 3007 4958 majus
3036 4889 3242 4943 videtur
3271 4889 3610 4943 miraculum;

2025 4983 2102 5040 Ne
2133 4985 2310 5054 itaque
2340 5000 2402 5039 ex
2433 4999 2529 5048 eo,
2563 4984 2703 5053 quod
2732 4998 2872 5036 nunc
2895 4982 3042 5052 signa
3087 4999 3194 5036 non
3246 4982 3406 5048 ﬁant,
3456 4997 3615 5053 argu-

2026 5079 2264 5132 mentum
2295 5076 2460 5131 ducas
2493 5087 2618 5130 tunc
2644 5076 2806 5129 etiam
2848 5091 2951 5128 non
2995 5074 3180 5131 fuisse.
3226 5074 3438 5129 Etenim
3484 5084 3613 5128 tunc

2028 5172 2228 5225 utiliter
2257 5170 2485 5231 ﬁebant,
2520 5177 2573 5221 et
2600 5168 2970 5223 nuuetttiliter
2998 5184 3106 5222 non
3152 5168 3304 5226 ﬁunt.
3353 5169 3470 5223 Non
3521 5185 3618 5223 ne-

2027 5264 2268 5315 cessario.
2312 5263 2551 5330 sequitur
2574 5269 2748 5314 autem
2776 5275 2842 5313 ex
2871 5275 2934 5314 eo
2965 5261 3104 5330 quod
3140 5276 3279 5316 nunc
3302 5262 3466 5316 verbo
3498 5270 3618 5315 tan-

2029 5365 2140 5409 tum
2171 5355 2444 5420 suadetur,
2475 5369 2614 5409 nunc
2641 5354 2690 5406 in
2715 5353 2974 5423 sapientia
3006 5354 3441 5423 praedicationem
3474 5369 3616 5408 esse.

2031 5449 2160 5502 Nam
2211 5449 2299 5518 qui
2346 5449 2414 5503 ab
2463 5447 2614 5502 initio
2659 5448 2878 5501 verbum
2934 5449 3304 5514 scminabant,
3348 5447 3527 5501 idiota:
3567 5455 3620 5499 et

2032 5542 2232 5597 inducti
2261 5550 2443 5604 erant,
2476 5551 2529 5596 et
2561 5541 2689 5594 nihil
2719 5557 2781 5594 ex
2811 5555 2868 5594 se
2897 5540 3178 5605 dicebant,
3201 5541 3294 5594 sed
3319 5554 3437 5609 qua:
3457 5553 3616 5591 acce-

2033 5645 2219 5704 perant
2245 5650 2272 5684 a
2307 5635 2414 5700 Deo
2435 5675 2447 5696 ,
2481 5634 2592 5687 haec
2619 5634 2732 5687 orbi
2766 5644 3026 5686 terrarum
3057 5631 3320 5685 dederunt
3364 5644 3378 5682 :
3419 5637 3474 5684 et
3519 5642 3618 5683 nos

2032 5726 2130 5794 ipsi
2161 5739 2332 5785 nunc.
2367 5740 2470 5780 non
2499 5739 2618 5792 qua:
2648 5739 2676 5776 a
2705 5724 2860 5778 nobis
2887 5732 3007 5776 sunt
3041 5722 3298 5775 tradimus
3322 5759 3340 5786 ,
3370 5721 3462 5774 sed
3495 5735 3616 5790 qua:

2031 5819 2100 5871 ab
2145 5817 2272 5886 ipsis
2313 5817 2651 5886 accepimus,
2697 5816 2810 5871 huic
2858 5817 3109 5870 omnibus
3153 5814 3401 5868 dicimus.
3435 5812 3622 5882 Neque

2037 5925 2180 5966 nunc
2208 5909 2532 5981 syllogismis
2559 5907 2978 5978 persuademus;
3017 5908 3111 5963 sed
3154 5922 3220 5964 ex
3247 5905 3442 5963 divinis
3472 5897 3618 5956 Scri-
