4086 6452
493 487 550 541 δι
1215 487 1272 540 S.
1311 484 1588 540 .lOAN-NIS
1625 481 2096 538 CIIRYSOS'I‘OMI
2134 479 2448 535 ARCIIIEP.
2487 477 3019 534 CONSTANTINOP.
3716 484 3792 540 5‘2

493 604 663 666 ptnris
689 611 744 657 et
768 618 834 659 ex
867 604 952 666 iis,
983 619 1103 673 qua:
1130 613 1253 656 tunc
1279 601 1412 655 facta
1441 613 1565 654 sunt
1592 597 1778 670 signis,
1814 597 1970 651 Iidem
1994 595 2073 649 I'a-

495 696 668 750 rimus
694 696 757 752 iis
782 713 900 766 qua:
929 697 1174 750 dicimus.
1206 696 1267 748 Et
1291 694 1364 748 illi
1391 707 1603 762 quoque
1626 701 1752 744 tunc
1779 705 1883 743 non
1913 685 2079 757 signis

498 795 702 842 tantum
733 789 1121 859 persuadebunt
1143 829 1158 851 ,
1188 787 1282 841 sed
1310 786 1471 840 etiam
1516 783 1852 838 disserendo.
1910 780 2080 834 Verba

502 888 676 932 autem
723 879 1019 934 efﬁcaciora
1062 893 1092 931 a
1137 878 1303 947 signis
1350 875 1746 938 reddebantur,
1798 886 2007 928 necnon
2049 885 2079 924 a

500 970 821 1024 testimoniis
853 969 1061 1023 Veteris
1087 969 1416 1024 Testamenti
1445 1009 1459 1031 ,
1493 983 1598 1021 non
1628 977 1803 1021 autem
1831 981 1860 1018 a
1908 964 2082 1035 gravi-

497 1067 609 1113 tate
637 1069 691 1112 et
713 1059 1018 1128 eloquentia
1041 1061 1331 1115 dictorum.
1357 1059 1467 1114 Cur
1490 1074 1646 1129 ergo,
1681 1058 1890 1127 inquies
1909 1099 1925 1122 ,
1955 1067 2082 1110 tunc

500 1149 647 1203 utilia
700 1149 848 1218 signa
896 1160 1085 1213 erant,
1139 1165 1281 1204 nunc
1329 1165 1436 1205 non
1493 1150 1663 1205 item?
1709 1149 2082 1219 Supponamus

498 1238 652 1310 (cum
680 1240 867 1295 (Στωςο
895 1242 1038 1296 enim
1067 1241 1317 1311 disputo,
1359 1251 1414 1297 et
1452 1242 1572 1297 ideo
1615 1257 1710 1312 per
1755 1240 2080 1312 hypotbesin

502 1328 625 1384 dico
665 1331 714 1385 id
765 1332 908 1401 quod
952 1334 1172 1387 omnino
1219 1332 1451 1388 futurum
1506 1334 1662 1404 est),
1717 1347 2084 1403 supponamus

501 1420 662 1488 igitur
682 1461 699 1487 ,
728 1432 785 1476 et
813 1426 1042 1491 patiatur
1069 1423 1376 1478 incredulus
1397 1426 1585 1480 saltem
1613 1424 1678 1478 ad
1705 1424 2085 1494 disputationis

504 1521 718 1583 tempus
742 1516 989 1576 assentiri
1019 1516 1210 1582 dictis,
1241 1517 1388 1571 verbi
1428 1517 1600 1588 gratia
1625 1558 1639 1582 ,
1669 1517 1808 1587 quod
1840 1517 2086 1570 Christus

504 1621 761 1662 venturus
787 1608 859 1663 sit
892 1626 905 1662 :
935 1624 1055 1663 cum
1087 1626 1214 1680 ergo
1252 1610 1498 1666 Christus
1545 1612 1754 1683 venerit
1799 1620 1852 1665 et
1897 1624 2086 1664 omnes

503 1700 676 1769 angeli
705 1714 827 1754 cum
856 1716 955 1765 eo,
987 1710 1044 1755 et
1074 1701 1214 1756 Deus
1237 1716 1357 1756 esse
1380 1712 1627 1756 ostensus
1655 1701 1846 1766 fuerit,
1876 1699 2086 1754 omnia-

503 1803 609 1858 que
637 1790 734 1860 ipsi
759 1789 996 1859 subjecta
1038 1805 1196 1856 esse,
1238 1806 1414 1846 annon
1456 1791 1573 1860 ipse
1612 1790 1830 1846 Grmcus
1869 1789 2089 1844 credet?

504 1877 702 1934 Credet
752 1881 935 1951 utique
979 1890 1034 1936 et
1081 1881 1365 1946 adorabit,
1413 1897 1477 1936 ac
1530 1882 1699 1936 Deum
1743 1895 1864 1936 esse
1907 1880 2087 1944 dicet,

505 1972 716 2026 etiamsi
742 1972 1030 2028 admodum
1068 1975 1311 2042 pertinax
1341 1973 1522 2028 fuerit.

577 2064 632 2118 5.
660 2065 788 2130 Quis
813 2065 955 2120 enim
988 2065 1173 2120 videns
1194 2066 1357 2120 eteius
1387 2073 1621 2134 apertos,
1651 2065 1820 2134 ipsum
1851 2063 1903 2117 in
1933 2061 2091 2116 nubi-

507 2155 606 2211 bus
617 2161 1233 2227 venientem,totnmque
1248 2166 1448 2213 emtum
1467 2171 1818 2226 supernarum
1850 2155 2092 2210 Potesta-

507 2257 622 2302 tum
662 2249 1074 2314 circumfusum,
1105 2247 1296 2303 ﬁuvios
1339 2248 1524 2318 igneos
1567 2255 1881 2311 manantes,
1907 2260 2095 2300 omnes

507 2340 778 2395 adstantes
802 2356 866 2395 ac
887 2349 1195 2407 trementes,
1218 2355 1324 2396 non
1351 2340 1614 2404 adorabit,
1639 2351 1692 2393 et
1721 2339 1886 2393 Deum
1913 2337 2098 2392 existi-

509 2436 710 2490 mabit?
736 2435 870 2490 Nunt
892 2451 1038 2505 ergo.
1068 2436 1155 2490 dic
1174 2450 1374 2504 quaeso.
1399 2434 1640 2488 adoratio
1668 2442 1722 2488 et
1747 2432 1978 2502 cognitio
2009 2431 2095 2485 illa

507 2528 695 2581 Gneco
727 2529 779 2580 in
809 2527 964 2580 ﬁdem
1008 2526 1375 2596 reputabitur?
1417 2525 1654 2580 Minime.
1703 2523 1922 2591 Quare?
1964 2521 2098 2588 Quia

511 2617 611 2670 hoc
640 2617 772 2671 ﬁdes
803 2631 908 2670 non
937 2625 1020 2671 est
1049 2633 1063 2670 :
1098 2617 1387 2670 necessitas
1416 2616 1614 2684 quippe
1634 2655 1648 2678 ,
1681 2625 1734 2668 ct
1764 2629 1950 2668 eorum
1981 2627 2100 2681 qua:

508 2722 762 2780 apparent
791 2708 1054 2764 evidentia
1081 2707 1133 2763 id
1164 2707 1361 2772 eITecit,
1392 2723 1495 2761 non
1531 2705 1822 2760 voluntatis
1850 2718 2096 2774 proposi-

512 2813 655 2864 tum;
686 2802 778 2856 sed
800 2818 828 2854 a
853 2799 1213 2871 magnitudine
1235 2815 1411 2855 rerum
1429 2815 1548 2868 qua:
1567 2798 1811 2854 videntur
1834 2806 2099 2866 pertracta

512 2907 665 2949 mens
691 2892 806 2946 fuit.
838 2891 1019 2961 Itaque
1048 2904 1248 2961 quanto
1294 2892 1461 2960 magis
1498 2891 1640 2944 clara
1671 2901 1726 2944 et
1752 2889 1818 2942 ad
1847 2888 2099 2944 credendi

513 2981 886 3038 necessitatem
931 2980 1248 3036 adducentia
1289 2991 1412 3034 sunt
1449 2979 1574 3044 illa,
1600 2989 1746 3032 tanto
1772 2979 1938 3048 magis
1969 2979 2108 3034 ﬁdes

515 3077 787 3132 minuitur.
821 3075 942 3130 Ideo
973 3090 1113 3129 nunc
1148 3076 1294 3144 signa
1333 3089 1438 3128 non
1472 3073 1624 3127 ﬁunt.
1656 3073 1722 3126 Et
1748 3071 1890 3142 quod
1918 3087 2005 3126 res
2030 3071 2100 3126 ita

513 3182 573 3221 se
597 3165 809 3230 habeat,
831 3165 956 3219 audi
987 3165 1112 3233 quid
1138 3165 1278 3218 dicat
1300 3164 1365 3217 ad
1390 3163 1650 3218 Thomam
1681 3179 1695 3216 :
1723 3161 1870 3216 Beati
1893 3164 1980 3233 qui
2001 3179 2103 3216 non

513 3257 764 3320 ride-runt,
789 3266 834 3308 et
860 3255 1178 3309 crediderunt
1201 3253 1220 3325 (
1241 3253 1400 3308 Joan.
1429 3254 1519 3308 ‘20.
1549 3252 1620 3306 29
1646 3253 1686 3321 ).
1720 3251 1882 3322 Igitur
1901 3261 2103 3322 quanto

512 3347 710 3403 clarius
747 3357 1023 3404 ostensum
1072 3346 1281 3415 signum
1336 3345 1530 3411 fuerit,
1563 3353 1709 3398 tanto
1755 3343 1925 3414 magis
1979 3343 2102 3398 ﬁdei

515 3456 723 3496 merces
752 3441 1026 3496 minuitur.
1062 3440 1241 3509 Itaque
1273 3438 1317 3493 si
1347 3438 1508 3493 etiam
1536 3452 1677 3492 nunc
1710 3437 1860 3506 signa
1891 3437 2100 3500 ﬁerent.

517 3533 619 3588 hoc
655 3532 829 3602 ipsum
859 3532 1124 3588 eveniret.
1167 3530 1322 3599 Quod
1350 3540 1526 3583 autem
1555 3539 1678 3582 tunc
1707 3545 1811 3582 non
1842 3529 1977 3582 ultra
2009 3543 2104 3598 per

517 3625 674 3679 ﬁdem
706 3626 854 3680 illum
883 3622 1151 3694 cognituri
1183 3622 1373 3687 simus,
1407 3620 1726 3690 signiﬁcavit
1772 3620 1968 3674 I‘aulus
2019 3620 2104 3673 di-

513 3731 642 3770 cens
670 3735 684 3770 :
720 3715 871 3769 Nunc
905 3716 1041 3772 enim
1068 3731 1154 3783 per
1181 3713 1334 3783 [idem
1373 3712 1711 3777 ambulamus,
1743 3728 1845 3764 non
1874 3728 1964 3781 per
1987 3727 2103 3780 spe-

515 3807 640 3859 ciem
687 3805 916 3874 (2.Cor.
947 3807 998 3862 5-
1024 3805 1114 3876 7).
1156 3804 1224 3860 Ut
1268 3813 1393 3857 tunc
1438 3802 1533 3858 tibi
1571 3801 1849 3866 credenti,
1882 3816 1969 3856 res
2011 3801 2102 3856 illa

519 3911 623 3950 non
669 3895 1043 3964 imputabitur,
1078 3893 1219 3965 quod
1250 3895 1390 3947 clara
1424 3903 1477 3946 et
1501 3892 1778 3946 manifesta
1808 3891 1874 3946 sit
1905 3909 1919 3945 ε
1950 3892 2017 3946 ita
2049 3901 2105 3947 et

517 4001 657 4040 nunc
677 4028 692 4047 .
721 3987 765 4040 si
794 3987 914 4041 talia
942 3988 1090 4057 s?gna
1121 3986 1331 4049 ﬁerent,
1377 3983 1553 4054 qualia
1583 3984 1832 4037 antehac.
1878 3984 2102 4050 Quando

515 4078 658 4132 etiim
692 4077 776 4132 illa
808 4077 1201 4140 admiserinms,
1231 4091 1349 4146 quae
1377 4075 1522 4129 nullo
1551 4074 1710 4129 modo
1737 4074 1858 4128 ullis
1885 4074 2099 4128 ratioci-

519 4168 621 4221 niis
652 4167 876 4222 inveniri
907 4175 1150 4236 possnnt,
1194 4174 1319 4220 tunc
1348 4164 1479 4220 ﬁdes
1513 4173 1618 4219 est.
1653 4163 1775 4219 Ideo
1800 4163 2100 4233 gehennam

513 4262 871 4314 comminatur
916 4259 1129 4329 quidem
1152 4298 1168 4324 ,
1212 4258 1305 4313 sed
1337 4258 1422 4312 illa
1454 4271 1560 4311 non
1590 4265 1810 4326 apparet
1840 4275 1854 4310 :
1886 4271 2005 4310 nam
2055 4255 2100 4310 si

515 4363 817 4424 appareret,
852 4353 1078 4424 idipsum
1111 4366 1297 4407 rursus
1335 4351 1594 4405 eveniret.
1629 4350 1875 4420 Alioquin
1903 4364 2031 4405 vero
2056 4349 2099 4405 si

517 4447 664 4515 signa
697 4447 914 4517 qmrris,
945 4460 1084 4499 nunc
1119 4445 1281 4499 etiam
1311 4442 1460 4512 signa
1493 4441 1718 4507 videbis,
1757 4441 1962 4496 etiamsi
1996 4456 2101 4496 non

513 4538 774 4607 ejusmodi
803 4538 939 4600 sint,
975 4534 1348 4606 pratdictiones
1399 4533 1706 4586 innumeras
1733 4532 1799 4585 de
1830 4532 1988 4586 relms
2015 4531 2099 4586 in-

515 4625 1119 4691 numerabilibus,orbis
1143 4623 1569 4684 conversionem,
1601 4622 1948 4676 barbarorum
1980 4620 2102 4690 phi-

516 4717 850 4788 losophiam,
885 4717 1175 4786 agrestium
1227 4728 1436 4768 morum
1490 4713 1860 4774 mutationem,
1888 4713 2102 4782 pietatis

514 4811 905 4866 extensioncm.
929 4809 1135 4877 Ecquas
1160 4803 1561 4878 przedictiones?
1579 4805 1810 4875 inquies:
1838 4821 1958 4858 nam
1983 4814 2102 4874 post

516 4919 601 4959 res
622 4903 786 4957 factas
808 4900 1060 4971 prtedieta
1082 4909 1206 4953 sunt
1230 4897 1408 4952 omnia
1449 4912 1569 4968 qua:
1590 4911 1746 4966 supra
1773 4910 2102 4950 commemo-

513 5006 625 5050 rata
649 5006 792 5050 sunt.
813 4993 1178 5060 Qnandonam,
1206 4991 1292 5045 ubi
1322 4999 1375 5044 et
1400 5003 1428 5040 a
1454 4987 1687 5057 quo?dic
1709 4985 1837 5040 mihi
1859 5002 1875 5052 ;
1898 4993 1952 5040 et
1979 4995 2101 5041 ante

514 5089 643 5149 quot
667 5078 874 5132 annos?
899 5077 976 5130 vis
1000 5086 1124 5130 ante
1151 5073 1553 5143 quinquaginta,
1575 5079 1894 5125 autcenlum
1915 5069 1937 5122 ?
1962 5072 2101 5124 Ante

513 5181 726 5226 centum
754 5182 884 5238 ergo
908 5181 1078 5221 annos
1110 5165 1238 5220 nihil
1270 5163 1535 5219 habebant
1578 5161 1836 5230 scriptum
1865 5161 2096 5229 penitus.

511 5258 792 5328 Quomodo
819 5271 948 5328 ergo
977 5257 1222 5326 dogmati
1249 5253 1469 5309 retinuit
1496 5252 1659 5314 orbis,
1683 5259 1740 5306 et
1763 5251 1864 5322 alia
1893 5251 2095 5316 omnia,

510 5367 631 5406 cmn
674 5348 933 5404 memoria
963 5347 1028 5401 ad
1058 5347 1108 5401 id
1139 5362 1242 5400 non
1275 5343 1544 5400 sufﬁciat?
1568 5341 1832 5396 undenam
1860 5344 2100 5398 scierunt

513 5445 730 5500 Petrum
760 5441 924 5497 fuisse
950 5441 1070 5511 palo
1093 5438 1352 5494 afﬁxum?
1401 5437 1670 5507 quomodo
1697 5437 1843 5490 venit
1870 5437 1920 5490 in
1951 5453 2100 5490 men-

511 5548 636 5606 tem,
671 5550 726 5594 ut
753 5535 982 5609 posteris
1019 5533 1396 5604 pra2diccrent;
1425 5531 1571 5586 verbi
1596 5532 1762 5602 gratia
1785 5530 1926 5600 quod
1941 5529 2110 5585 Evan-

507 5633 704 5700 gelium
735 5629 1135 5703 praedicandum
1163 5627 1232 5681 sit
1256 5641 1350 5697 per
1377 5625 1685 5679 universum
1715 5623 1922 5686 orbem,
1953 5621 2096 5691 quod

508 5723 725 5777 .Iudaica
777 5732 1050 5777 cessatura
1098 5719 1241 5783 sint,
1287 5731 1388 5770 nec
1429 5715 1568 5769 ultra
1601 5712 1966 5768 restituenda?
1995 5713 2096 5779 Qui

514 5828 640 5865 vero
669 5814 874 5865 animas
903 5825 1028 5865 snas
1055 5823 1151 5879 pro
1179 5806 1556 5877 pnedicattone
1582 5803 1932 5865 tradiderunt,
1966 5818 2098 5872 quo—

515 5902 675 5957 modo
715 5903 1096 5958 sustinuissent
1137 5897 1572 5972 praedicationem
1619 5895 1968 5950 adulteratam
2019 5895 2104 5949 vi-

2195 593 2364 647 dere?
2389 592 2660 661 quomodo
2684 593 2947 646 creditum
2999 591 3182 647 luisset
3217 593 3588 663 scriptoribus,
3616 595 3790 664 signis

2187 684 2558 738 cessantibus?
2587 683 2856 752 quomodo
2902 694 3079 738 autem
3110 683 3308 753 scripta
3339 693 3394 739 et
3424 684 3475 738 in
3507 684 3776 748 barbaro-

2189 793 2305 829 rmn
2324 787 2378 832 et
2407 777 2456 830 in
2484 775 2731 830 Indorum
2761 777 2911 838 ﬁnes.
2943 788 2997 830 et
3032 777 3083 830 in
3117 778 3262 845 ipsos
3284 775 3482 832 Oceani
3515 778 3790 832 terminos

2189 871 2480 932 venissent,
2512 869 2554 923 si
2589 871 2622 924 ii
2648 870 2737 939 qui
2767 868 3294 938 dicebantﬁdedigni
3318 883 3423 923 non
3449 869 3637 923 erant?
3656 869 3787 936 Qui-

2191 978 2312 1017 nam
2339 973 2516 1016 autem
2549 973 2700 1016 erant
2727 963 3038 1031 scriptores,
3072 972 3127 1016 et
3157 962 3372 1030 quando
3395 1003 3411 1028 ,
3445 972 3497 1017 et
3525 962 3653 1018 ubi?
3678 980 3789 1033 qua

2189 1055 2257 1110 de
2285 1070 2443 1109 causa
2474 1055 2843 1125 scripserunt?
2871 1071 2997 1109 num
3041 1065 3098 1109 ut
3136 1056 3360 1126 gloriam
3391 1055 3495 1111 sibi
3523 1057 3786 1112 concilia-

2191 1148 2351 1204 rent?
2378 1164 2474 1202 cur
2502 1164 2630 1219 ergo
2658 1149 2822 1203 libros
2863 1149 2982 1203 aliis
3022 1149 3323 1204 nominibus
3354 1150 3790 1219 inscripserunt?

2191 1241 2261 1294 At
2290 1239 2389 1294 hoc
2418 1241 2656 1295 fecerunt
2683 1249 2739 1294 ut
2767 1239 2959 1310 dogma
2983 1241 3448 1294 commendarent.
3493 1243 3573 1295 An
3606 1248 3665 1295 ut
3693 1257 3792 1294 ve-

2191 1331 2348 1384 rum?
2373 1347 2438 1384 an
2472 1340 2528 1384 ttt
2557 1331 2790 1385 falsum?
2833 1346 2953 1385 nam
2983 1331 3027 1384 si
3057 1340 3114 1384 ut
3142 1331 3332 1384 falsum
3362 1331 3648 1399 habebant,
3679 1347 3792 1385 non

2191 1421 2458 1474 acccssuri
2493 1436 2611 1475 esse
2646 1421 2990 1487 videbantur;
3017 1422 3060 1476 si
3097 1430 3150 1476 ut
3179 1433 3387 1486 verum,
3418 1421 3631 1476 ﬁctione
3651 1438 3796 1489 Opus

2195 1527 2301 1564 non
2341 1524 2457 1565 erat
2495 1512 2631 1564 sicut
2672 1522 2724 1564 tu
2765 1512 2920 1566 dicis.
2971 1513 3221 1581 Alioquin
3256 1528 3386 1567 vero
3413 1513 3794 1582 prtcdictiones

2196 1604 2330 1657 tales
2354 1613 2496 1668 sunt,
2528 1617 2578 1658 ut
2610 1605 2674 1658 ad
2709 1620 2944 1674 prmsens
2975 1620 3142 1674 usque
3172 1616 3381 1674 tempus
3414 1621 3519 1658 non
3547 1607 3794 1676 potuerit

2194 1695 2350 1750 dictis
2379 1697 2459 1750 vis
2485 1697 2687 1750 inferri.
2733 1697 2864 1751 Nam
2909 1697 3085 1752 diruta
3121 1709 3247 1752 sunt
3284 1697 3618 1770 .Ierosolyma
3661 1709 3796 1754 ante

2197 1787 2393 1842 multos
2417 1802 2605 1842 annos.
2637 1787 2770 1843 Sunt
2796 1799 2849 1842 et
2876 1789 2996 1842 aliae
3027 1789 3427 1859 praedictiones,
3454 1806 3572 1859 quae
3601 1791 3669 1846 ab
3695 1791 3796 1844 illo

2198 1887 2439 1948 tempore
2478 1881 2543 1933 ad
2585 1894 2750 1949 uSque
2777 1880 3060 1934 adventum
3091 1881 3208 1950 ejus
3231 1882 3623 1948 extenduntur,
3655 1898 3798 1953 quas

2197 1980 2254 2022 ut
2299 1971 2380 2025 vis
2406 1973 2686 2038 examina;
2718 1983 2774 2026 ut
2803 1983 2886 2028 est
2915 1973 3045 2028 illud
3069 2016 3084 2040 ,
3116 1974 3330 2043 Semper
3381 1975 3634 2030 vobiscum
3672 1993 3799 2030 sum

2198 2077 2354 2132 usque
2399 2064 2467 2117 ad
2513 2067 2990 2120 consummationem
3038 2065 3213 2120 siccati
3260 2065 3472 2136 (Matth.
3499 2065 3592 2122 98.
3643 2067 3797 2136 20);

2197 2165 2270 2217 et,
2306 2155 2474 2221 Super
2502 2157 2633 2209 hanc
2662 2169 2858 2225 petram
2898 2157 3160 2224 a'diﬁcabo
3207 2155 3488 2212 Ecclesium
3516 2175 3678 2212 nteant
3698 2201 3715 2222 ,
3743 2170 3799 2213 et

2201 2257 2361 2315 porta:
2399 2247 2548 2316 inferi
2578 2265 2678 2300 non
2723 2248 3062 2317 pra'vulebunt
3107 2249 3348 2303 adversus
3388 2266 3498 2303 eam
3546 2249 3671 2318 (Id.
3699 2251 3797 2304 16.

2203 2336 2340 2404 18);
2387 2349 2462 2401 et,
2519 2336 2887 2394 Prwdicabitur
2933 2341 3028 2394 hoc
3075 2343 3386 2411 evangelium
3433 2343 3485 2394 in
3532 2343 3802 2397 universas

2201 2440 2371 2498 gentes
2395 2429 2414 2501 (
2446 2429 2532 2482 Id.
2558 2430 2652 2487 ‘24.
2681 2431 2747 2485 Η
2779 2433 2796 2500 >
2823 2448 2838 2497 ;
2868 2443 2922 2486 et
2943 2474 2955 2490 .
2979 2431 3189 2486 Dicetur
3213 2474 3228 2498 ,
3257 2433 3555 2503 ubicumque
3599 2436 3798 2501 pra'dio

2203 2531 2369 2574 catum
2397 2524 2548 2594 fuerit
2595 2524 2688 2578 hoc
2733 2527 3044 2595 evangelium
3067 2567 3082 2589 ,
3111 2537 3158 2579 et
3199 2528 3334 2596 quod
3378 2529 3496 2598 fecit
3527 2530 3543 2600 (
3573 2527 3660 2581 Id.
3692 2528 3796 2584 26.

2207 2613 2308 2684 I3)
2356 2614 2470 2670 ham
2514 2617 2742 2682 mulier;
2777 2629 2830 2672 et
2856 2619 2976 2673 alia:
3024 2621 3288 2690 plurimas.
3341 2620 3615 2678 Undenam
3661 2639 3803 2692 ergo

2205 2706 2403 2761 veritas
2433 2706 2589 2776 hujus
2633 2710 3011 2776 praedictionis,
3045 2712 3088 2764 si
3134 2721 3248 2766 erat
3279 2712 3623 2780 ﬁgmentum?
3652 2731 3800 2782 quo-

2207 2797 2366 2853 modo
2405 2808 2571 2868 porta:
2621 2799 2773 2854 inferi
2815 2817 2918 2855 non
2962 2804 3355 2870 pnevaluerunt
3394 2805 3648 2860 adversus
3686 2807 3797 2862 Ec-

2205 2888 2466 2943 clesium?
2513 2891 2784 2959 quomodo
2831 2907 3046 2962 semper
3091 2893 3368 2948 nobiscum
3400 2905 3482 2950 est
3511 2896 3801 2952 Christus?

2206 2979 2390 3050 Neque
2437 2981 2603 3048 enim,
2656 2983 2700 3036 si
2753 2985 3029 3038 nobiscum
3078 3001 3182 3038 non
3229 2995 3392 3050 esset,
3443 2987 3678 3042 Ecclesia
3709 2991 3799 3041 vi-

2207 3069 2386 3124 cisset.
2429 3069 2710 3138 Quomodo
2741 3069 3087 3139 Evangelium
3127 3075 3320 3145 ubique
3375 3087 3635 3131 terrarum
3670 3095 3800 3148 pro—

2209 3173 2458 3232 pagatum
2503 3165 2624 3219 est?
2668 3163 2952 3219 Sufﬁciunt
2996 3177 3173 3221 autem
3222 3175 3277 3221 et
3321 3167 3409 3237 qui
3464 3180 3647 3223 contra
3695 3187 3801 3225 nos

2206 3254 2544 3325 disputarunt
2597 3258 2670 3310 ad
2716 3260 3073 3313 testimonimn
3140 3262 3468 3331 antiquitatis
3536 3263 3800 3320 librarum

2209 3358 2511 3400 nostrorum
2553 3346 2862 3416 ferendum,
2896 3366 3088 3420 nempe
3119 3351 3308 3406 Celsus
3342 3353 3419 3424 (a)
3444 3363 3498 3407 et
3531 3353 3799 3410 Bataneo-

2209 3445 2289 3492 tes
2315 3441 2401 3508 qui
2432 3449 2550 3508 post
2577 3441 2724 3496 illum
2759 3441 2886 3500 fuit:
2918 3460 3026 3498 non
3055 3445 3196 3497 enim
3238 3446 3675 3501 contradicebant
3706 3450 3798 3515 iis,

2207 3546 2327 3600 qua:
2352 3542 2470 3599 post
2499 3532 2615 3586 illos
2639 3533 2780 3587 edita
2807 3533 3017 3589 fuerant
3045 3555 3058 3590 :
3091 3536 3325 3606 alioquin
3352 3538 3512 3592 etiam
3547 3548 3686 3594 totus
3706 3557 3804 3594 or-

2208 3621 2310 3684 bis,
2343 3623 2429 3691 qui
2461 3639 2566 3676 uno
2591 3639 2858 3680 consensu
2888 3625 2939 3679 id
2965 3628 3222 3697 suscepit.
3268 3627 3452 3698 Neque
3482 3640 3625 3684 certe
3645 3673 3659 3695 ,
3693 3633 3800 3685 nisi

2207 3716 2376 3786 gratia
2403 3716 2632 3787 Spiritus
2662 3729 2841 3782 esset,
2871 3727 3048 3773 tantus
3081 3720 3266 3775 fuisset
3293 3737 3588 3778 consensus
3615 3739 3643 3775 a
3677 3725 3804 3778 ﬁni-

2209 3807 2309 3862 bus
2331 3808 2396 3862 ad
2430 3807 2564 3864 ﬁnes
2609 3825 2778 3879 usque
2826 3820 3018 3876 terrze;
3052 3811 3144 3864 sed
3175 3811 3284 3867 cito
3309 3812 3630 3882 deprehensi
3660 3813 3798 3868 Inis-

2208 3907 2329 3953 sent
2368 3899 2442 3953 illi
2491 3899 2829 3970 dceeptores,
2863 3917 3034 3971 neque
3089 3911 3192 3956 tam
3249 3904 3501 3972 praeclara
3544 3916 3689 3974 gesta
3727 3922 3797 3959 ex

2210 3992 2473 4060 ﬁgmentis
2497 4002 2550 4046 et
2575 3993 2864 4047 mendaciis
2895 4003 3041 4061 parta
3071 3995 3460 4050 constitissent.
3491 3997 3681 4050 Annon
3711 3998 3800 4051 vi-

2205 4083 2302 4137 des
2335 4093 2498 4138 totum
2527 4085 2711 4138 orbem
2742 4085 3122 4139 accedentem?
3147 4087 3467 4141 exstinctum
3511 4091 3800 4143 errorem?

2208 4179 2592 4234 monachorum
2625 4178 3019 4249 philosophiam
3052 4180 3168 4249 plus
3197 4197 3357 4250 quam
3386 4181 3553 4236 solem
3584 4181 3796 4251 fulgeti-

2209 4269 2360 4322 tem?
2391 4268 2652 4338 virginmu
2685 4269 2879 4324 choros
2899 4269 2922 4321 ?
2946 4269 3083 4338 piam
3111 4271 3419 4340 religionem
3442 4273 3579 4341 apud
3606 4274 3800 4326 barba-

2208 4364 2330 4415 τοςϊ
2351 4361 2449 4414 sub
2479 4376 2585 4414 uno
2605 4360 2734 4429 jugo
2763 4361 3059 4416 servientes
3103 4362 3336 4416 omnes?
3382 4362 3564 4433 Neque
3590 4365 3732 4418 enim
3763 4381 3796 4418 a

2207 4455 2361 4509 nobis
2402 4463 2605 4508 tantum
2652 4453 2765 4505 haec
2813 4453 3065 4523 prsedicta
3111 4453 3288 4520 fuere,
3316 4455 3409 4510 sed
3452 4457 3560 4525 jam
3600 4457 3726 4510 olim
3764 4477 3794 4510 a

2205 4545 2620 4616 prophetisNon
2643 4546 2785 4599 enim
2804 4544 2922 4598 illas
2942 4560 3154 4614 quoque
3174 4545 3475 4601 confutabis
3495 4547 3796 4617 praedictio-

2209 4653 2335 4692 nes:
2360 4637 2476 4690 libri
2505 4652 2732 4704 namque
2749 4643 2875 4690 sunt
2895 4635 3032 4705 apud
3057 4635 3303 4690 inimicos
3327 4645 3572 4700 nostros;
3597 4637 3760 4691 etiam
3779 4670 3790 4679 ο

2207 4743 2312 4798 que
2340 4726 2477 4796 apud
2501 4726 2941 4794 Gr:rcos,quibus
2969 4726 3279 4779 cnmntibus
3331 4726 3382 4780 in
3423 4725 3664 4781 Grtccam
3693 4727 3797 4781 lin-

2205 4835 2362 4890 guam
2387 4818 2629 4873 translati
2657 4829 2801 4871 sunt.
2834 4817 2994 4871 Multa
3024 4831 3240 4886 quoque
3277 4817 3353 4871 illi
3391 4817 3458 4872 de
3488 4818 3569 4873 bis
3597 4819 3791 4888 praedi-

2205 4923 2354 4976 cunt,
2387 4911 2731 4966 ostendentes
2761 4911 2926 4965 Deum
2959 4924 3078 4963 esse
3110 4911 3256 4964 illum
3282 4911 3369 4979 qni
3404 4920 3658 4966 venturus
3687 4921 3788 4965 est.

2277 5007 2330 5060 4.
2359 5005 2458 5058 Cur
2479 5019 2579 5056 non
2601 5018 2770 5056 omnes
2788 5002 3011 5054 homines
3033 5001 3258 5053 credant.
3279 5031 3346 5040 -—
3363 5001 3643 5068 Quomodo
3661 5018 3796 5072 ergo

2206 5111 2312 5151 non
2341 5109 2528 5150 omnes
2566 5110 2706 5149 nunc
2742 5092 3002 5147 credunt?
3040 5092 3171 5158 Quia
3223 5092 3274 5145 in
3316 5093 3468 5163 pejus
3507 5107 3595 5147 res
3625 5108 3795 5148 versa:

2205 5197 2351 5253 sunt,
2392 5196 2449 5244 et
2488 5201 2586 5242 nos
2629 5186 2682 5240 in
2722 5200 2880 5240 causa
2923 5197 3146 5240 sumus:
3172 5199 3294 5237 nam
3334 5183 3548 5238 demum
3587 5182 3654 5239 ad
3695 5199 3793 5238 nos

2205 5284 2429 5337 vertitur
2457 5280 2650 5333 oratio.
2679 5277 2794 5334 Non
2821 5277 2963 5332 enim
2987 5291 3050 5330 ex
3073 5275 3238 5345 signis
3261 5286 3385 5329 tunc
3405 5276 3578 5330 solum
3604 5275 3793 5330 crede-

2205 5378 2361 5440 bant;
2389 5373 2480 5430 sed
2504 5374 2665 5429 etiam
2689 5389 2752 5426 ex
2778 5373 2880 5425 vita
2905 5370 3054 5424 multi
3087 5369 3154 5423 ad
3179 5367 3539 5423 accedendum
3570 5367 3793 5423 induce.

2205 5471 2416 5524 bantur.
2446 5466 2576 5522 Nam
2607 5467 2681 5520 ait
2711 5465 2798 5518 ille
2823 5482 2837 5517 :
2864 5464 3052 5516 Luceat
3077 5463 3167 5516 lux
3186 5471 3348 5514 vestra
3377 5478 3551 5516 coram
3572 5462 3791 5514 homini-

2203 5562 2313 5622 bus.
2344 5570 2399 5613 ut
2429 5559 2626 5612 videant
2654 5572 2808 5623 opera
2837 5564 2999 5608 vestra
3020 5554 3170 5618 bona,
3197 5562 3244 5606 et
3268 5553 3552 5622 glori/irent
3585 5553 3791 5606 Patrem

2203 5662 2450 5717 vestrum,
2495 5650 2581 5721 qui
2625 5665 2676 5701 ιιι
2714 5647 2851 5700 ειινίὶε
2897 5655 2969 5698 ρει
3019 5647 3036 5714 (
3067 5643 3156 5697 Id.
3209 5645 3261 5698 5.
3296 5645 3358 5698 ιδ
3393 5645 3434 5713 ).
3473 5643 3625 5698 Tunc
3660 5642 3788 5698 Erat

2204 5747 2428 5800 omnium
2459 5760 2544 5797 cor
2569 5751 2616 5796 et
2643 5742 2813 5794 anima
2847 5757 2947 5792 una
2968 5780 2982 5804 ,
3027 5749 3074 5792 et
3113 5739 3283 5793 nullus
3315 5738 3578 5808 quidpiam
3608 5756 3785 5794 eorum

2269 5903 2342 5964 (a)
2365 5902 2447 5952 Hic
2467 5897 2639 5951 Celsus
2660 5904 2752 5958 est,
2777 5905 2942 5949 contra
2966 5910 3113 5962 quem
3138 5897 3327 5961 scripsit
3358 5898 3615 5960 Origenes.
