4086 6420
830 290 907 299 ρο-

300 353 363 415 53
1358 352 1424 413 IN
1463 350 1681 412 EPIST.
1725 352 1743 405 l
1809 350 1903 407 AD
1941 348 2097 406 con.
2141 348 2373 405 llOMlL.
2419 350 2528 407 vn.
3520 358 3594 418 ss

297 495 404 553 qua:
421 476 657 543 habebat,
682 476 889 531 dicebat
905 492 1010 531 esse
1026 473 1321 560 proprium;
1344 473 1431 528 sed
1452 471 1700 525 habebant
1722 469 1894 523 omnia

301 569 618 633 communia,
653 577 702 621 et
741 568 1062 623 diuidebatur
1100 567 1317 637 singulis
1364 574 1510 635 prout
1547 564 1727 631 cuique
1767 578 1895 633 Opus

301 669 405 712 erat
437 659 572 729 (Act.
606 660 666 714 4.
693 660 789 716 32.
820 661 949 730 35};
980 668 1033 714 et
1060 660 1221 714 vitam
1250 660 1480 730 agebant
1499 657 1815 727 angelicam.
1838 654 1896 711 Si

307 764 441 803 nunc
477 752 546 802 ita
586 748 718 816 fiat,
762 760 933 804 totum
960 750 1143 804 orbem
1173 752 1376 819 absque
1416 749 1582 818 signis
1609 757 1865 802 converte

305 856 439 896 mus.
486 840 706 896 Interim
754 858 924 909 vero,
965 844 1055 913 qui
1099 844 1287 897 volunt
1329 842 1559 897 salutem
1600 841 1892 911 consequi,

304 932 583 986 attendant
630 932 921 1003 Scripturis
945 951 958 986 :
984 934 1094 988 illic
1131 935 1276 989 enim
1321 933 1436 988 lucc
1466 934 1722 1003 prznrlare
1750 942 1894 1002 gesta

303 1025 614 1090 invenient,
661 1034 823 1096 atque
868 1025 950 1081 bis
980 1026 1139 1097 longe
1171 1027 1341 1095 plura.
1373 1025 1501 1080 Nam
1532 1026 1631 1095 ipsi
1660 1022 1897 1094 magistri

306 1118 462 1187 longe
507 1118 594 1170 illa
625 1109 980 1187 superabant,
1013 1118 1227 1172 infame
1253 1128 1306 1172 et
1338 1117 1427 1171 siti
1454 1125 1508 1169 et
1535 1115 1775 1169 nuditate
1801 1115 1895 1169 de—

304 1221 511 1279 gentes.
547 1211 654 1265 Nos
684 1220 859 1265 autem
888 1210 1137 1265 volumus
1164 1212 1345 1265 multis
1378 1210 1478 1263 frui
1506 1210 1733 1273 deliciis,
1759 1207 1895 1261 otio-

300 1318 407 1373 que
431 1318 495 1357 ac
526 1301 761 1357 licentia.
794 1304 863 1356 At
891 1319 995 1357 non
1026 1302 1137 1361 illi;
1168 1301 1276 1356 imo
1300 1301 1637 1355 clamabant:
1661 1300 1741 1352 Ad
1766 1300 1897 1352 hunc

300 1410 462 1459 usque
492 1395 670 1445 horam
696 1394 945 1446 esurimus
974 1402 1021 1447 et
1048 1393 1267 1458 sitimus,
1300 1402 1345 1445 ct
1376 1390 1501 1443 nudi
1533 1406 1709 1443 sumus
1742 1398 1788 1441 et
1813 1404 1896 1440 co-

303 1487 476 1555 laphis
506 1486 771 1551 credimur,
800 1495 847 1538 et
878 1484 1135 1538 instabiles
1163 1500 1335 1538 sumus
1359 1483 1438 1553 (1.
1463 1481 1579 1537 Cor.
1605 1481 1660 1535 4.
1688 1480 1796 1551 11).
1834 1481 1897 1534 ΕΙ.

301 1580 438 1632 alius
468 1576 687 1648 quidem
716 1592 744 1629 a
772 1576 1104 1647 Jerosolyma
1136 1592 1305 1645 usque
1329 1576 1395 1628 ad
1425 1558 1690 1644 Illyricum
1712 1588 1896 1627 curre-

303 1672 425 1729 hat;
473 1668 612 1722 alius
642 1668 694 1722 in
722 1667 1003 1734 Indorum,
1045 1667 1183 1721 alius
1229 1667 1282 1720 in
1326 1665 1629 1720 Maurorum
1662 1672 1892 1726 terram,

301 1761 445 1814 alius
467 1758 532 1814 ad
562 1760 691 1814 alias
714 1768 891 1829 partes
915 1760 1061 1814 orbis
1086 1778 1100 1814 :
1126 1774 1223 1813 nos
1246 1768 1425 1814 autem
1450 1773 1517 1813 ne
1537 1772 1564 1811 a
1591 1759 1757 1826 patria
1780 1756 1898 1825 qui-

301 1855 423 1909 dem
452 1852 634 1923 egredi
660 1851 942 1918 audemus,
972 1852 1065 1908 sed
1092 1851 1314 1907 delicias
1339 1850 1628 1920 quaerimus
1651 1850 1898 1919 milesque

300 1943 634 2007 splendidas.
659 1951 714 1999 et
734 1943 889 1996 aliam
913 1957 1125 1997 omnem
1150 1957 1327 1997 rerum
1350 1939 1581 2010 copiam.
1605 1940 1735 2006 Quis
1755 1940 1897 1993 enim

303 2045 546 2089 nostrum
579 2035 801 2089 esurivit
830 2050 1078 2105 umquam
1113 2043 1330 2104 propter
1356 2034 1576 2088 verbum
1609 2031 1739 2087 Dei?
1778 2033 1898 2101 quis

306 2127 358 2180 in
399 2126 692 2181 solitudine
722 2125 854 2179 fuit?
883 2126 1003 2195 quis
1048 2126 1205 2196 longe
1238 2124 1610 2194 peregrinatus
1637 2123 1752 2176 est?
1779 2123 1899 2191 quis

301 2234 368 2273 ex
396 2216 711 2271 doctoribus
749 2231 816 2271 ex
844 2216 1029 2271 labore
1058 2232 1313 2271 manuum
1349 2215 1555 2275 vivens,
1588 2214 1710 2269 aliis
1740 2228 1895 2283 ονε-ιιι

305 2309 422 2364 tulit
444 2309 470 2362 ?
516 2308 638 2379 quis
669 2317 895 2363 mortem
924 2307 1177 2363 sustinuit
1220 2305 1620 2378 quotidianam?
1649 2306 1781 2360 llinc
1805 2305 1897 2374 qui

307 2403 590 2456 nobiscum
608 2412 754 2465 sunt,
775 2400 1075 2473 ignaviores
1092 2400 1245 2455 fiunt.
1268 2401 1476 2455 Etenim
1500 2401 1545 2455 si
1567 2401 1686 2470 quis
1708 2400 1896 2455 viderit

306 2494 509 2547 milites
538 2501 596 2547 et
620 2492 806 2557 duces,
838 2508 960 2546 cum
992 2491 1152 2559 fame,
1198 2492 1288 2546 siti
1334 2503 1388 2547 et
1427 2502 1599 2545 morte
1641 2492 1899 2561 malisque

304 2584 560 2638 omnibus
587 2592 963 2637 concertantes
984 2624 997 2648 ,
1047 2581 1214 2653 frigus
1256 2591 1310 2636 et
1347 2582 1581 2651 pericula
1614 2581 1899 2652 omniaque

306 2675 545 2730 ferentes
572 2676 786 2729 leonum
814 2676 981 2729 instar
1001 2682 1057 2729 et
1078 2684 1297 2730 strenue
1318 2683 1572 2746 agentes;
1599 2674 1899 2745 deindcque

303 2768 706 2840 philoSopbiam
737 2766 883 2822 illam
913 2766 1184 2822 solventes
1210 2809 1224 2833 ,
1255 2775 1310 2822 et
1338 2766 1612 2822 molliores
1638 2767 1858 2823 effectos
1880 2806 1897 2832 ,

305 2860 550 2930 pecunia:
581 2859 804 2929 cupidos
828 2901 840 2924 ,
885 2858 1332 2930 negotiationibus
1362 2868 1417 2915 et
1456 2860 1533 2915 rei
1561 2858 1899 2930 cauponarize

305 2954 628 3019 studentes,
671 2962 727 3009 et
764 2952 833 3007 ab
875 2952 1121 3008 hostibus
1160 2951 1432 3016 devictos;
1476 2962 1730 3008 extrema:
1757 2962 1902 3007 esset

304 3048 560 3103 amentia:
591 3048 778 3101 barum
819 3061 997 3100 rerum
1039 3060 1253 3101 causam
1281 3061 1550 3117 quaarere.
1584 3047 1696 3101 Hoc
1720 3054 1901 3101 autem

306 3140 373 3194 de
417 3139 575 3193 nobis
624 3148 679 3193 et
726 3136 793 3191 de
837 3136 1131 3206 majoribus
1176 3138 1376 3192 nostris
1419 3136 1902 3207 cogitemusznam

307 3232 549 3284 omnium
583 3227 913 3283 imbecillimi
935 3228 1058 3283 facti
1087 3241 1293 3294 sumus,
1317 3236 1371 3282 et
1395 3228 1517 3283 vitae
1541 3229 1789 3298 prmsenti
1806 3227 1903 3283 ad.

308 3324 459 3378 dicti.
490 3323 642 3390 Quod
666 3323 710 3378 si
744 3323 992 3377 inventus
1022 3323 1285 3393 quispiam
1318 3322 1477 3376 fuerit
1502 3322 1781 3392 vestigium
1811 3322 1905 3376 ba-

314 3417 449 3470 bens
491 3414 691 3469 veteris
730 3414 1043 3484 sapientiae,
1081 3415 1124 3468 is
1154 3413 1286 3468 foris
1324 3422 1379 3468 et
1414 3413 1635 3469 urbibus
1667 3414 1905 3475 relictis,

319 3518 481 3578 atque
522 3508 574 3561 in
620 3507 897 3562 hominum
944 3506 1121 3561 medio
1160 3507 1361 3560 versari
1394 3516 1449 3561 et
1476 3507 1610 3561 alios
1640 3506 1908 3561 moderari

317 3613 557 3664 cessans,
587 3596 653 3651 ad
682 3608 893 3652 montes
921 3612 980 3652 se
1004 3594 1250 3652 confert:
1274 3596 1319 3650 si
1346 3597 1466 3666 quis
1495 3612 1622 3652 vero
1658 3611 1909 3653 secessus

2002 452 2217 521 causam
2249 466 2571 532 sciscitetur,
2600 480 2818 521 causam
2867 466 2959 523 ille
3006 469 3210 538 prdert
3242 468 3455 525 veniam
3493 486 3599 523 non

2002 566 2321 613 merentem.
2347 558 2425 613 Ne
2448 574 2684 628 peream,
2714 558 2905 629 inquit,
2936 574 3000 615 ac
3026 577 3093 615 ne
3120 561 3368 617 hebetior
3392 563 3457 616 ad
3488 562 3601 617 vir-

2005 661 2171 707 tutem
2200 652 2322 706 liam
2345 695 2359 716 ,
2388 652 2589 707 resilio.
2622 652 2689 705 Et
2716 660 2917 722 quanto
2942 654 3131 709 melius
3160 663 3327 717 esset,
3357 654 3604 709 hebetio-

2003 759 2119 798 rem
2146 754 2197 799 te
2228 744 2341 799 ﬁeri
2370 753 2425 799 et
2450 745 2587 799 alios
2614 745 2841 809 lucrari,
2877 762 3038 816 quam
3073 747 3122 800 in
3153 747 3264 801 alto
3289 757 3600 801 manentem

2004 837 2198 892 fratres
2226 837 2508 908 despicere
2537 840 2872 908 pereuntes?
2910 838 3136 905 Quando
3168 840 3329 909 igitur
3369 840 3462 895 alii
3492 840 3602 895 vir-

2004 936 2169 983 tutem
2197 944 2303 982 non
2331 938 2541 993 curant,
2574 928 2664 983 alii
2689 928 2779 999 qui
2804 943 2988 984 curam
3011 929 3128 998 ejus
3152 929 3371 998 habent,
3394 932 3462 987 ab
3484 933 3602 987 acie

2001 1021 2185 1090 procul
2225 1021 2519 1087 recedunt,
2565 1022 2835 1091 quomodo
2862 1023 3285 1093 expugnabimus
3315 1024 3602 1079 inimicos?

2001 1111 2134 1166 Nam
2163 1113 2372 1167 etiamsi
2403 1130 2544 1168 nunc
2569 1114 2721 1184 signa
2747 1124 2947 1178 essent,
2980 1116 3224 1186 quisnam
3250 1116 3602 1185 persuadere-

2005 1206 2130 1260 tur?
2173 1215 2267 1260 aut
2296 1207 2415 1276 quis
2445 1222 2510 1261 ex
2541 1208 2779 1261 externis
2810 1206 2966 1261 nobis
2993 1209 3230 1261 animum
3278 1208 3597 1275 adhiberet,

2003 1297 2237 1367 nequitia
2258 1298 2335 1352 sic
2354 1298 2812 1369 supergrediente.
2833 1298 2967 1353 Nam
2985 1300 3090 1353 vita
3114 1312 3258 1354 recte
3280 1309 3397 1355 acta
3418 1302 3600 1355 mul:is

2001 1389 2215 1443 videtur
2240 1404 2362 1443 esse
2393 1391 2559 1460 magis
2588 1390 2693 1446 fide
2718 1391 2901 1461 digna.
2933 1391 3091 1460 Signa
3137 1392 3281 1446 enim
3326 1394 3465 1461 apud
3497 1395 3599 1446 im-

2002 1479 2267 1550 pudentes
2293 1489 2347 1535 et
2375 1481 2546 1534 malos
2573 1481 2820 1536 homines
2841 1480 2893 1535 in
2922 1497 3139 1551 pravam
3167 1482 3394 1551 aliquam
3418 1485 3599 1551 διιερὶ-

2001 1573 2211 1629 cionem
2252 1573 2508 1638 venient;
2554 1572 2658 1628 vita
2704 1584 2882 1630 autem
2926 1592 3057 1644 pura
3106 1576 3278 1644 ipsum
3311 1590 3372 1629 os
3399 1576 3601 1630 diaboli

2001 1664 2213 1721 abunde
2239 1664 2521 1720 obstruere
2565 1666 2783 1735 poterit.
2834 1666 2961 1721 llzcc
2991 1676 3170 1720 autem
3201 1666 3323 1721 dico
3350 1678 3404 1722 et
3433 1668 3603 1735 impc-

2002 1760 2243 1815 rantibus
2274 1768 2327 1815 et
2358 1759 2584 1830 imperio
2610 1760 2925 1830 parentibus
2949 1798 2964 1825 ,
2996 1770 3050 1815 et
3082 1776 3190 1829 prre
3219 1761 3434 1814 eteteris
3462 1760 3593 1814 mihi

2003 1851 2125 1920 ipsi,
2172 1862 2231 1906 ut
2274 1852 2434 1905 vitam
2474 1851 2824 1907 exhibeamus
2864 1851 3186 1910 mirabilem.
3227 1862 3281 1905 et
3328 1866 3449 1905 cum
3498 1866 3597 1904 nos

2007 1943 2152 2011 ipsos
2183 1943 2673 2013 composuerimus,
2696 1943 2981 2013 prtesentia
3007 1944 3185 1997 omnia
3216 1943 3599 2012 dcspiciamus.

2002 2036 2421 2093 Contemnamus
2445 2039 2745 2109 pecuniam,
2768 2048 2823 2094 et
2843 2054 2948 2094 non
2970 2050 3378 2093 contemnamus
3396 2037 3601 2107 gehen-

2005 2145 2126 2183 nam
2153 2147 2167 2184 :
2194 2130 2555 2200 dcspiciamus
2579 2131 2802 2201 gloriam
2830 2171 2846 2197 ,
2880 2139 2935 2186 et
2965 2147 3030 2184 ne
3070 2130 3432 2200 deSpit-lamus
3459 2129 3603 2183 salu-

2006 2231 2112 2276 tem
2142 2238 2156 2275 :
2183 2221 2270 2275 hic
2293 2222 2582 2277 subeamus
2608 2222 2861 2277 sudorem
2891 2230 2947 2277 et
2976 2222 3238 2288 laborem,
3272 2230 3330 2275 ut
3359 2236 3463 2275 non
3495 2221 3604 2273 illic

2006 2312 2301 2367 incidamus
2331 2313 2382 2366 in
2418 2314 2763 2383 supplicium.
2812 2314 2903 2369 Sic
2933 2328 3056 2368 cum
3087 2312 3372 2381 gentilibus
3402 2312 3601 2367 bellum

2003 2417 2271 2472 geramus,
2296 2402 2375 2475 sic
2394 2403 2512 2457 illos
2534 2403 2864 2458 abducamus
2888 2404 2939 2457 in
2963 2405 3329 2473 captivitatem
3358 2403 3603 2457 libertate

2003 2497 2453 2567 praestantiorem.
2501 2496 2705 2551 Verum
2753 2497 2868 2553 hare
2912 2513 3057 2565 srepe
3111 2506 3167 2551 et
3214 2495 3524 2566 frequenter
3571 2510 3601 2546 a

2006 2590 2161 2644 nobis
2182 2589 2456 2655 dicuntur,
2489 2605 2613 2642 raro
2641 2598 2821 2645 autem
2855 2589 3008 2643 llunt.
3036 2588 3304 2643 (Laterum
3347 2586 3462 2641 sive
3490 2585 3605 2640 lucc

2007 2680 2136 2735 fiant
2158 2721 2172 2745 ,
2203 2681 2314 2734 sive
2341 2696 2450 2733 non
2484 2681 2643 2735 fiant.
2673 2696 2885 2751 aequum
2916 2691 2998 2736 est
3042 2694 3138 2750 per
3177 2694 3237 2732 ea
3268 2694 3365 2733 vos
3391 2677 3606 2732 assidue

2007 2787 2250 2827 monere.
2303 2772 2359 2827 Si
2409 2772 2551 2826 enim
2604 2772 2757 2826 bonis
2807 2771 2989 2827 verbis
3042 2770 3257 2841 quidam
3305 2768 3603 2838 decipiunt,

2008 2864 2177 2917 multo
2207 2864 2376 2933 magis
2401 2879 2497 2934 par
2525 2873 2609 2919 est
2649 2879 2745 2919 eos
2768 2904 2784 2928 ,
2834 2863 2927 2934 qui
2955 2863 3022 2917 ad
3055 2863 3334 2917 veritatem
3370 2861 3603 2926 ducunt,

2008 2970 2113 3008 non
2144 2954 2421 3025 defatigari
2454 2956 2507 3009 in
2536 2954 2767 3009 dicendo
2796 2969 2858 3009 ea
2885 2970 3005 3025 qua:
3038 2963 3161 3009 sunt
3190 2953 3364 3007 utilia.
3395 2953 3527 3007 Nam
3559 2953 3606 3006 si

2008 3046 2331 3116 di-ccptores
2360 3056 2435 3101 tot
2463 3047 2726 3101 machinis
2769 3055 2990 3101 utuntur
3018 3064 3030 3099 :
3055 3044 3313 3115 pecunias
3338 3043 3480 3098 enim
3510 3044 3609 3097 im-

2012 3139 2278 3209 pendunt,
2313 3141 2474 3195 verba
2505 3139 2802 3205 adhibent,
2830 3138 3064 3210 pericula
3090 3126 3345 3202 subeunt,
3374 3144 3430 3191 et
3471 3150 3609 3205 pra:-

2013 3232 2244 3286 ferturas
2272 3233 2776 3287 ostentant:multo
2816 3231 2986 3301 magis
3025 3246 3123 3285 nos
3148 3270 3163 3294 ,
3194 3231 3284 3301 qui
3327 3244 3357 3283 a
3402 3228 3609 3282 fallacia

2011 3325 2348 3389 abducimus,
2378 3335 2433 3380 et
2466 3326 2707 3396 pericula
2737 3334 2793 3380 et
2818 3334 3022 3379 mortes
3047 3334 3101 3378 et
3126 3323 3305 3378 omnia
3335 3321 3605 3376 sustinere

2013 3426 2227 3487 oportet
2252 3459 2267 3483 ,
2312 3426 2372 3472 ut
2398 3427 2453 3474 et
2482 3434 2580 3472 nos
2608 3419 2755 3489 ipsos
2782 3428 2837 3474 et
2863 3418 3001 3473 alios
3031 3416 3220 3472 lucrati
3245 3458 3261 3481 ,
3292 3424 3347 3471 et
3375 3413 3607 3469 inimicis

2017 3510 2458 3580 inexpugnabiles
2502 3512 2645 3577 facti,
2686 3509 2950 3580 promissa
3000 3509 3141 3564 bona
3186 3521 3605 3577 consequamur,

2021 3604 2191 3670 gratia
2220 3610 2275 3657 et
2304 3603 2655 3675 benignitate,
2687 3612 2795 3658 etc.

1697 3808 2045 3872 HOMILIA
2089 3812 2227 3875 VII.

319 3963 444 4020 Car.
480 3961 539 4018 2.
566 3978 619 4017 v.
653 3961 706 4017 6.
740 3960 1059 4031 Sapientiam
1088 3968 1253 4014 autent
1282 3960 1532 4029 loquimur
1571 3958 1703 4012 inter
1732 3956 1906 4028 perfe-

387 4066 526 4118 ctos;
556 4054 859 4122 sapientiam
886 4068 1001 4107 vero
1026 4067 1128 4105 non
1156 4051 1310 4121 hujus
1340 4051 1517 4105 δαναιιί
1537 4091 1551 4113 ,
1584 4065 1741 4119 neque
1764 4048 1909 4117 prin-

387 4148 559 4215 cipum
590 4146 742 4214 hujus
766 4145 968 4209 staculi,
1004 4145 1091 4215 qui
1130 4146 1497 4209 destruuntur;
1532 4144 1586 4197 7.
1616 4141 1704 4196 sed
1745 4141 1910 4211 loqui-

389 4255 503 4290 mur
528 4236 626 4290 Dei
654 4237 954 4304 sapientium
980 4237 1032 4289 in
1058 4235 1317 4306 mysterio,
1345 4250 1460 4303 qua:
1484 4234 1777 4288 abscondita
1804 4242 1910 4295 est,

387 4349 542 4403 quam
592 4330 965 4401 praedestinavit
1008 4328 1152 4385 Deus
1196 4338 1314 4383 aute
1361 4329 1549 4383 swcula
1592 4327 1646 4381 in
1696 4325 1915 4398 gloriam

389 4433 638 4479 nostram.

390 4519 441 4572 1.
475 4515 736 4571 Tenebrm
785 4513 1034 4569 videntur
1077 4528 1199 4569 esse
1238 4514 1357 4569 luce
1386 4511 1805 4581 opportuniores
1851 4510 1917 4564 iis

316 4608 406 4677 qui
440 4606 690 4660 laborant
725 4605 938 4671 oculis;
980 4605 1210 4677 ideoque
1251 4604 1420 4674 magis
1447 4604 1513 4657 ad
1545 4602 1914 4658 adumbratam

317 4698 599 4751 aediculam
627 4695 959 4766 confugiunt.
989 4695 1101 4751 lloc
1142 4696 1303 4751 etiam
1339 4710 1435 4749 usu
1474 4696 1618 4750 venit
1663 4695 1717 4748 in
1762 4693 1919 4764 spiri-

320 4790 448 4843 tuali
496 4788 778 4858 Sapientia.
812 4788 906 4843 Dei
952 4787 1169 4858 quidem
1197 4787 1458 4857 sapientia
1492 4787 1733 4843 externis
1762 4784 1914 4839 vide-

318 4882 481 4936 batur
508 4895 630 4935 esse
659 4880 879 4935 stultitia
910 4887 924 4945 ξ
952 4894 1141 4935 eorum
1173 4894 1303 4935 vero
1328 4879 1615 4950 sapientia,
1645 4892 1766 4948 qute
1794 4892 1919 4931 vere

318 4974 553 5029 stultitia
590 4981 725 5039 erat,
754 4974 820 5027 ab
850 4973 983 5043 ipsis
1011 4972 1271 5043 sapientia
1300 4980 1542 5041 reputata
1577 4970 1695 5025 fuit.
1730 4969 1797 5024 Et
1822 4984 1915 5038 pe-

320 5066 481 5121 rinde
506 5065 868 5134 contingebat,
893 5079 957 5119 ac
985 5064 1028 5118 si
1058 5064 1177 5134 quis
1204 5064 1466 5133 sapientia
1493 5074 1548 5116 et
1577 5070 1693 5116 arte
1722 5061 1919 5131 guber-

322 5156 489 5210 nandi
517 5164 693 5218 utens,
724 5154 1064 5224 polliceretur
1079 5168 1138 5209 se
1159 5154 1278 5208 sine
1302 5168 1437 5207 nave
1463 5162 1519 5207 et
1542 5151 1674 5206 velis
1702 5151 1921 5222 pelagus

324 5248 652 5301 immensum
680 5260 801 5300 esse
828 5245 1305 5312 transmissurum;
1351 5244 1656 5315 deimleque
1691 5251 1923 5298 tentaret

325 5337 625 5392 ratiociniis
669 5338 895 5407 probare
932 5338 1034 5392 hoc
1062 5337 1174 5392 fieri
1212 5351 1413 5407 posse;
1444 5336 1583 5391 alius
1610 5351 1739 5391 vero
1772 5336 1918 5405 quis-

324 5432 468 5501 piam
500 5430 740 5485 omnium
772 5430 1073 5500 imperitus,
1108 5431 1248 5496 navi,
1282 5430 1629 5500 gubernatori
1658 5441 1712 5484 et
1741 5428 1919 5483 nautis

325 5540 448 5580 sese
481 5524 849 5589 committens,
895 5524 974 5579 sic
1003 5538 1123 5578 cum
1166 5529 1455 5580 securitate
1487 5522 1780 5593 navigaret.
1813 5520 1925 5575 llu-

322 5620 412 5688 jus
427 5617 576 5674 enim
603 5632 664 5672 ea
687 5632 806 5688 quze
824 5616 1033 5672 videtur
1052 5631 1173 5671 esse
1194 5617 1479 5686 Imperitia,
1502 5616 1641 5670 illius
1663 5614 1925 5684 sapientia

328 5712 627 5782 sapientior
650 5718 815 5765 esset.
848 5709 991 5763 Bona
1014 5708 1212 5779 quippe
1233 5717 1315 5764 est
1344 5722 1433 5763 ars
1448 5706 1804 5780 gubernandi,
1827 5702 1925 5760 sed

331 5818 449 5860 cum
477 5802 685 5875 majora
702 5817 860 5874 quam
882 5816 979 5871 par
995 5801 1065 5855 sit
1090 5800 1395 5871 pollicetur,
1426 5801 1649 5859 stultitia
1677 5798 1921 5873 qtucdam

676 5902 948 5959 l'ATROL.
994 5898 1115 5959 Gtt.
1162 5899 1322 5961 LXI.

2018 3969 2135 4025 est;
2165 3970 2222 4015 ut
2250 3970 2306 4016 et
2340 3962 2517 4016 omnis
2542 3977 2653 4027 ars,
2682 3975 2802 4031 quae
2830 3977 2937 4018 non
2964 3960 3077 4017 suis
3112 3967 3365 4015 contenta
3394 3966 3475 4013 est
3508 3968 3619 4013 ter-

2017 4052 2197 4108 minis.

2091 4144 2357 4215 Sapientia
2392 4144 2813 4215 pltilosOpltorum
2840 4154 3128 4199 exterarum
3157 4141 3370 4197 stultitia
3398 4150 3524 4194 erat.
3550 4168 3618 4181 ~—

2020 4236 2112 4293 Sic
2151 4238 2312 4293 etiam
2352 4248 2577 4293 evterna
2608 4238 2869 4307 sapientia
2908 4235 3098 4290 fuisset
3140 4236 3421 4305 sapientia,
3454 4235 3497 4288 si
3524 4248 3617 4288 usa

2022 4339 2167 4386 esset
2192 4330 2393 4401 Spiritu
2426 4329 2573 4384 :-sed
2599 4329 2721 4399 quia
2752 4329 2851 4383 sibi
2897 4328 3075 4382 omnia
3122 4326 3387 4396 permisit,
3434 4341 3532 4380 nec
3562 4340 3618 4381 se

2022 4421 2222 4476 auxilio
2265 4422 2372 4476 ullo
2410 4436 2546 4491 opus
2595 4420 2793 4475 habere
2819 4419 3043 4491 putavit,
3086 4417 3310 4473 stultitia
3352 4418 3485 4472 facta
3516 4428 3619 4482 est,

2023 4516 2124 4570 etsi
2166 4514 2437 4570 videretur
2480 4514 2742 4583 sapientia
2780 4529 2923 4569 esse.
2960 4513 3300 4582 Quapropter
3328 4525 3447 4565 cum
3478 4510 3621 4580 prius

2025 4607 2170 4662 illam
2192 4622 2256 4662 ex
2286 4607 2447 4661 rebus
2474 4605 2603 4677 ipsis
2630 4605 2981 4671 confutasset,
3016 4613 3143 4659 tunc
3174 4604 3316 4658 illam
3345 4602 3622 4657 stultitiam

2025 4700 2233 4755 vocavit
2257 4714 2271 4762 ;
2300 4707 2501 4754 etcum
2529 4698 2676 4767 prius
2701 4697 2799 4753 Dei
2831 4695 3149 4767 sapientiam
3172 4709 3236 4749 ex
3268 4695 3480 4749 illorum
3505 4708 3622 4748 sen-

2027 4790 2190 4846 tcntia
2240 4789 2518 4844 stultitiam
2550 4797 2838 4854 vocasset,
2884 4798 3012 4842 tunc
3050 4786 3288 4842 ostendit
3328 4785 3475 4840 illam
3506 4799 3625 4839 esse

2026 4883 2342 4954 sapientiam
2372 4880 2392 4955 (
2421 4897 2545 4936 nam
2572 4881 3064 4952 postprohationes
3094 4889 3219 4933 tunc
3244 4878 3479 4933 maxime
3508 4891 3625 4946 pos-

2028 4983 2152 5030 sunt
2170 4973 2601 5028 contradicentes
2625 4972 2829 5043 pudore
2855 4971 3118 5038 sull'undi)
3144 4988 3157 5023 :
3189 4980 3245 5025 et
3265 4968 3340 5023 ait
3366 4986 3380 5023 ε
3405 4968 3627 5036 Sapien-

2030 5066 2152 5119 tiam
2166 5074 2335 5119 autem
2354 5065 2609 5135 loquimur
2633 5065 2763 5119 inter
2786 5069 3053 5135 perfectos.
3079 5062 3210 5118 Nam
3238 5076 3361 5116 cum
3389 5074 3512 5130 ego,
3540 5057 3629 5129 qui

2028 5158 2223 5213 stultus
2244 5170 2365 5212 esse
2390 5164 2447 5211 et
2471 5156 2631 5211 stulta
2672 5153 2969 5225 praedicare
2994 5154 3275 5209 existimor
3292 5193 3306 5217 ,
3330 5150 3632 5221 sapientem

2030 5263 2379 5321 superavere,
2406 5262 2515 5303 non
2559 5263 2655 5318 per
2690 5246 2972 5301 stultitiam
3005 5244 3254 5316 superavi
3292 5242 3633 5313 sapientiam,

2030 5342 2125 5398 sed
2157 5358 2253 5412 per
2278 5341 2595 5411 sapientiam
2624 5339 3000 5411 perfectiorem
3019 5381 3034 5405 ,
3063 5347 3121 5395 et
3148 5345 3350 5393 tantam
3379 5344 3637 5405 tantoque

2032 5434 2123 5487 illa
2156 5432 2438 5502 majorem,
2469 5442 2529 5486 ut
2551 5432 2639 5485 illa
2669 5431 2891 5486 stultitia
2918 5445 3039 5486 esse
3065 5429 3330 5485 videatur.
3357 5427 3484 5482 Ideo
3511 5436 3635 5478 cum

2031 5526 2180 5595 prius
2221 5524 2366 5579 illam
2401 5524 2473 5579 ita
2504 5532 2784 5589 vocasset,
2817 5532 2876 5578 ut
2904 5522 2982 5577 illi
3012 5531 3140 5577 tunc
3170 5518 3556 5581 nominabant,
3583 5523 3645 5569 et

2032 5633 2098 5671 ex
2127 5615 2289 5671 rebus
2316 5615 2447 5684 ipsis
2473 5615 2753 5669 victoriam
2790 5612 3155 5678 exhibuisset,
3188 5612 3415 5678 illosque
3443 5604 3635 5660 admo-

2032 5708 2159 5763 dum
2201 5708 2394 5762 stultos
2429 5722 2551 5763 esse
2583 5706 2865 5776 probasset
2906 5723 2921 5761 :
2963 5704 3034 5761 de
3061 5712 3261 5759 caetero
3302 5713 3497 5755 nomen
3529 5698 3636 5767 ipsi

2037 5798 2330 5871 dat,quod
2370 5798 2422 5855 ei
2450 5798 2736 5855 conveniat
2757 5839 2774 5867 ,
2814 5797 3035 5852 dicens:
3065 5792 3386 5866 Sapientiam
3414 5804 3533 5845 vero
3561 5789 3637 5842 lo-

3235 5884 3279 5945 ιι
