4086 6420
483 367 556 426 55
1242 353 1294 409 S.
1328 346 1606 407 JOANNIS
1642 343 2119 406 CIIRYSOSTOMI
2160 345 2471 407 ARCHIEP.
2513 346 3045 415 CONSTANTINOP.
3704 362 3775 419 56

474 472 678 541 quimur
704 468 836 524 inter
865 471 1130 537 perfectos.
1157 463 1484 534 Sapientiam
1508 470 1689 518 autem
1716 461 1845 519 dicit
1874 462 2065 533 praedi-

483 563 746 617 cationem
781 569 838 616 et
861 559 1077 615 modum
1120 556 1338 623 salutis,
1373 570 1567 624 nempe
1595 555 1801 609 salvum
1832 554 1946 609 ﬁeri
1978 569 2073 622 per

478 668 732 717 crucem;
768 650 1032 719 perfectos
1058 658 1266 717 autem,
1300 661 1396 702 eos
1432 647 1524 717 qui
1576 646 1939 702 crediderunt.
1973 645 2069 700 Et-

476 745 625 799 enim
649 743 722 798 illi
747 743 963 813 perfecti
986 751 1129 807 sunt,
1150 746 1240 812 qut
1266 741 1497 795 humana
1517 738 1758 793 videntes
1774 752 1896 793 esse
1922 738 2074 793 valde

480 835 715 901 inﬁrma,
749 835 943 905 illaque
971 832 1348 902 despicientes,
1396 844 1713 901 persuasum
1746 828 1943 884 habent
1984 830 2070 883 illa

481 928 612 985 nihil
640 928 739 984 sibi
758 926 1032 990 conferre,
1052 925 1350 996 cujnsmodi
1378 924 1595 979 fuerunt
1625 923 1832 981 ﬁdeles.
1853 923 2074 991 Sapien-

481 1022 602 1075 tiam
639 1028 806 1073 autem
832 1034 935 1072 non
975 1017 1130 1088 hujus
1168 1017 1362 1072 surculi.
1411 1015 1509 1071 Ubi
1552 1029 1783 1085 namque
1812 1014 1955 1068 utilis
1992 1021 2075 1068 est

479 1118 699 1164 externa
727 1108 1010 1178 sapientia,
1039 1123 1160 1179 qua:
1187 1107 1274 1162 hic
1300 1106 1519 1177 quidem
1545 1105 1743 1161 desinit
1766 1113 1822 1161 et
1847 1105 2073 1161 ulterius

479 1215 587 1256 non
616 1200 977 1271 progreditur,
1018 1214 1191 1268 neque
1229 1197 1318 1253 hie
1360 1196 1618 1267 prodesse
1646 1206 1820 1266 potest
1850 1196 1937 1263 iis,
1981 1196 2071 1265 qui

478 1291 564 1346 illa
591 1301 716 1346 sunt
742 1291 989 1361 prmditi?
1019 1291 1296 1360 Principes
1315 1297 1493 1343 autem
1520 1287 1703 1342 sreculi
1727 1286 1813 1341 hic
1838 1301 1943 1341 non
1967 1286 2078 1341 dte-

481 1397 668 1437 moncs
704 1382 970 1453 quosdam
1011 1381 1164 1446 dicit,
1199 1391 1255 1434 ut
1283 1379 1501 1450 quidam
1550 1378 1927 1449 suspicantur;
1978 1376 2072 1432 sed

479 1490 597 1541 eos,
644 1475 735 1544 qui
769 1475 819 1528 in
859 1473 1206 1543 dignitatibus
1234 1481 1289 1526 et
1333 1472 1387 1525 in
1432 1470 1769 1540 magistratu,
1817 1469 1907 1540 qui
1958 1484 2072 1525 rem

481 1566 625 1621 illam
668 1566 977 1625 existimant
1020 1563 1365 1633 prmclaram,
1399 1560 1771 1632 phi1050phos,
1803 1567 2071 1625 oratores,

480 1658 775 1726 scriptores
806 1672 819 1711 :
866 1672 989 1711 nam
1033 1657 1087 1710 hi
1120 1670 1266 1725 smpe
1297 1655 1633 1724 imperabant
1669 1662 1724 1707 ct
1763 1653 2076 1723 plerumque

481 1747 665 1817 p0puli
697 1746 945 1803 ductores
985 1756 1161 1802 erant.
1190 1745 1360 1816 llujns
1387 1755 1565 1800 autem
1591 1743 1773 1798 saeculi
1807 1742 2076 1813 principes

485 1839 731 1901 vocavit,
762 1839 885 1909 quia
919 1837 1156 1909 ipsorum
1199 1837 1481 1907 imperium
1525 1850 1634 1890 non
1665 1835 1801 1890 ultra
1840 1847 2077 1905 praesens

484 1930 739 1985 sarculum
781 1928 1066 2000 procedit:
1099 1928 1449 1998 quamobrem
1495 1925 1811 1998 subjunxit:
1848 1924 1949 1992 Qui
1992 1925 2078 1977 de-

481 2030 774 2085 struantur;
805 2036 869 2075 ex
898 2036 956 2076 re
981 2020 1093 2090 ipsa
1120 2020 1264 2074 illam
1287 2016 1574 2074 confutans
1600 2024 1654 2073 et
1680 2031 1744 2071 ex
1774 2015 1839 2069 iis
1866 2014 1956 2084 qni
1988 2014 2077 2069 illa

484 2122 728 2169 utuntur.
770 2112 904 2169 Cum
935 2110 1264 2166 ostendisset
1298 2110 1441 2164 enim
1473 2108 1618 2163 illam
1651 2106 1836 2162 falsam
1874 2119 1996 2161 esse
2023 2114 2078 2160 et

485 2208 701 2262 stultam
723 2248 739 2272 ,
769 2216 826 2262 et
857 2205 990 2261 nihil
1020 2204 1261 2260 invenire
1292 2217 1447 2272 posse
1470 2243 1485 2267 ,
1518 2200 1891 2268 inﬁrmamqne
1917 2212 2038 2254 esse
2063 2215 2076 2252 :

484 2301 722 2355 ostendit
755 2301 918 2356 etiam
964 2314 1131 2370 parvo
1158 2306 1403 2367 tempore
1430 2296 1748 2352 consistere.
1783 2294 1891 2349 Sed
1915 2292 2081 2363 loqui-

485 2407 601 2444 mur
630 2391 723 2445 Dei
750 2391 1056 2459 sapientiam
1085 2390 1138 2443 iu
1164 2388 1421 2460 mysterio.
1449 2385 1507 2441 In
1535 2400 1643 2456 quo
1665 2382 1963 2456 mysterio?
1989 2382 2082 2436 At-

484 2485 572 2552 qui
609 2484 737 2538 dicit
768 2483 1016 2539 Christus
1047 2500 1060 2536 :
1097 2482 1249 2550 Quod
1281 2480 1335 2535 in
1373 2495 1497 2534 aure
1529 2478 1778 2542 audistis,
1812 2476 2084 2546 praedicata

485 2592 636 2644 super
664 2583 791 2629 tecta
821 2571 1035 2646 (Matth.
1062 2573 1148 2629 l0.
1173 2572 1285 2643 27).
1309 2569 1593 2638 Quomodo
1615 2583 1745 2639 ergo
1767 2567 1911 2622 illam
1927 2574 2084 2621 vocat

487 2666 840 2738 mysterium?
867 2664 1000 2733 Quia
1033 2679 1208 2735 neque
1234 2662 1459 2733 angelus
1488 2676 1663 2732 neque
1692 2657 2046 2730 archangelus
2064 2698 2080 2724 ,

486 2774 661 2829 neque
683 2758 787 2812 ulla
811 2766 989 2811 creata
1014 2763 1251 2826 potestas
1276 2754 1328 2809 id
1351 2763 1572 2809 noverat
1597 2760 1884 2823 antequam
1909 2749 2079 2805 ﬁeret.

489 2849 614 2904 Ideo
644 2849 738 2913 ait,
774 2847 841 2902 Ut
870 2848 1154 2902 innotescat
1181 2863 1314 2900 nunc
1344 2845 1714 2917 principatibus
1742 2852 1788 2899 et
1818 2842 2083 2914 potestati-

489 2944 582 2998 bus
621 2945 673 2997 in
701 2942 985 2998 cwlestibus
1024 2959 1113 3012 per
1155 2940 1438 2997 Ecclesium
1481 2939 1805 3011 multiformis
1836 2937 2085 3006 sapientia

495 3034 593 3089 Dei
622 3032 842 3105 (Ephes.
875 3032 930 3087 ὅ.
960 3031 1073 3102 l0).
1107 3031 1219 3086 Hoc
1245 3038 1423 3086 autem
1454 3028 1582 3086 fecit
1612 3029 1752 3084 Deus
1782 3042 1878 3083 nos
1910 3026 2084 3083 hono-

493 3140 644 3189 rans,
672 3134 733 3179 ut
758 3124 1039 3179 nobiscum
1069 3123 1319 3178 audirent
1351 3121 1628 3193 mysteria.
1660 3120 1792 3175 Nam
1827 3133 1926 3174 nos
1953 3132 2085 3189 quo-

493 3233 600 3286 que
628 3217 725 3281 eis,
761 3229 895 3287 quos
927 3215 1079 3271 nobis
1108 3214 1392 3270 fecerimus
1421 3213 1655 3279 amicos,
1678 3213 1781 3268 hoc
1804 3225 2088 3282 argumen-

491 3318 608 3364 tum
632 3309 863 3365 dicimus
882 3322 1004 3364 esse
1023 3307 1273 3363 amicitia:
1298 3315 1519 3371 nostrae,
1548 3303 1692 3377 quod
1714 3302 1917 3360 nemini
1943 3304 2090 3374 prius

491 3417 654 3472 quam
681 3402 811 3472 ipsis
837 3408 1042 3456 secreta
1074 3399 1399 3455 revelemus.
1429 3396 1665 3454 Audiant
1694 3397 1729 3452 ii
1757 3398 1847 3469 qui
1893 3395 2089 3466 praedi-

492 3494 764 3549 cationem
817 3492 1146 3558 traducunt,
1214 3490 1569 3562 omnibusque
1626 3488 2089 3545 indiscriminatim

495 3584 813 3655 margaritas
846 3593 902 3639 et
942 3582 1134 3654 dogma
1162 3582 1441 3639 enuntiant
1470 3589 1526 3637 et
1565 3588 1748 3636 sancta
1789 3579 2011 3634 canibus
2037 3587 2093 3633 et

495 3678 674 3748 porcis
702 3675 1095 3748 superﬂuisque
1124 3674 1418 3730 ratiociniis
1450 3672 1757 3744 projiciunt.
1783 3671 2091 3742 Mysterium

501 3786 731 3841 namque
778 3769 1097 3840 probatione
1140 3784 1277 3839 opus
1324 3783 1432 3822 non
1479 3766 1678 3833 habet;
1710 3766 1804 3821 sed
1848 3766 1898 3820 id
1952 3763 2092 3836 quod

502 3872 586 3916 est
635 3867 1004 3917 annuntiatur.
1061 3860 1274 3916 Etenim
1329 3876 1436 3917 non
1489 3860 1594 3916 erit
1646 3867 1817 3914 totum
1889 3866 2092 3928 myste-

499 3952 640 4008 rium
692 3952 975 4017 divinum,
1019 3966 1139 4007 cum
1192 3966 1222 4006 a
1270 3959 1320 4006 te
1381 3950 1498 4021 ipso
1551 3949 1751 4020 aliquid
1801 3948 2090 4004 addideris.

500 4044 749 4113 Alioquin
778 4058 908 4099 vero
937 4043 1254 4116 mysterium
1290 4052 1534 4107 vocatur,
1563 4042 1687 4112 quia
1724 4056 1829 4097 non
1871 4057 1989 4112 qua:
2020 4042 2097 4096 vi-

500 4133 713 4201 demus,
741 4135 1014 4190 credimus
1034 4177 1049 4203 ,
1073 4133 1169 4190 sed
1211 4134 1316 4189 alia
1356 4133 1623 4198 videmus,
1645 4133 1750 4188 alia
1798 4133 2093 4189 credimus.

502 4224 647 4279 Talis
690 4239 924 4296 namque
967 4233 1053 4281 est
1093 4226 1475 4297 mysteriorum
1525 4234 1835 4280 nostrorum
1884 4233 2096 4279 natura.

505 4316 625 4371 Alio
655 4317 815 4389 igitur
844 4317 1005 4373 modo
1032 4333 1161 4389 ego,
1204 4327 1260 4375 et
1295 4318 1402 4373 alio
1439 4318 1675 4374 inﬁdelis
1705 4319 1848 4374 circa
1879 4318 1996 4374 htcc
2022 4317 2099 4373 af-

505 4403 628 4462 iecti
657 4422 863 4464 sumus.
897 4404 1073 4463 Atidio
1099 4423 1219 4479 ego,
1249 4406 1395 4478 quod
1420 4407 1708 4465 cruciﬁxus
1732 4409 1804 4464 sit
1827 4408 2095 4475 Christus,

505 4509 563 4558 et
592 4502 708 4571 ejus
734 4516 859 4571 erga
888 4499 1135 4556 homines
1170 4514 1409 4555 amorem
1440 4500 1619 4554 statim
1656 4499 1926 4564 admiror;
1954 4501 2101 4556 audit

506 4594 634 4658 ille,
666 4599 723 4646 et
760 4592 1183 4647 imbecillitatem
1198 4600 1362 4662 putat
1390 4608 1403 4644 :
1437 4591 1596 4647 audio
1624 4593 1767 4663 quod
1798 4607 1986 4648 servus
2025 4593 2101 4647 fa-

507 4690 629 4737 ctus
654 4682 744 4749 sit,
771 4690 827 4737 et
858 4682 1246 4752 providentiam
1275 4681 1545 4749 admiror;
1572 4683 1720 4738 audit
1749 4682 1840 4739 ille
1859 4692 1915 4738 et
1937 4683 2102 4739 dede-

505 4790 604 4831 cus
626 4789 746 4831 esse
763 4785 919 4847 putat
941 4793 956 4830 :
979 4776 1140 4830 audio
1159 4775 1302 4847 quod
1326 4783 1570 4832 mortuus
1590 4777 1679 4842 sit,
1703 4785 1757 4832 et
1776 4777 1843 4834 de
1865 4778 2099 4847 potentia

508 4869 626 4936 ejus
669 4869 1026 4939 obstupesco,
1076 4869 1220 4939 quod
1257 4885 1285 4923 a
1325 4879 1500 4926 morte
1531 4887 1638 4926 non
1669 4881 1953 4942 superatus
1994 4871 2099 4940 sit,

507 4961 618 5015 imo
644 4962 803 5017 etiam
832 4970 1060 5017 mortem
1087 4960 1420 5029 dissolverit;
1450 4963 1599 5019 audit
1625 4965 1717 5020 ille
1736 5007 1749 5031 ,
1779 4974 1832 5021 et
1858 4965 2100 5022 imbecil-

511 5052 715 5107 litatem
761 5053 1083 5122 suSpicatur.
1130 5053 1260 5109 Cum
1301 5055 1450 5109 audit
1487 5056 1576 5111 ille
1604 5058 2059 5112 resurrectionem
2082 5100 2097 5123 ,

509 5143 745 5199 fabulam
776 5159 898 5201 esse
926 5156 1075 5215 putat
1100 5164 1116 5213 ;
1146 5163 1247 5216 ego
1279 5163 1409 5202 vero
1434 5157 1549 5217 post
1577 5158 1827 5219 acceptas
1854 5165 1919 5205 ex
1942 5150 2103 5205 rebus

510 5233 639 5304 ipsis
666 5234 1170 5302 demonstrationes,
1205 5240 1297 5293 Dei
1334 5240 1690 5295 teconomiam
1717 5240 1905 5297 adoro.
1937 5240 2105 5295 Lava-

511 5341 663 5380 crum
706 5327 931 5383 andicns
974 5328 1100 5397 ille,
1145 5345 1337 5399 aquam
1384 5340 1586 5386 tantum
1633 5348 1754 5388 esse
1794 5341 1971 5403 putat;
2005 5349 2105 5404 ego

511 5431 640 5472 vero
671 5433 775 5472 non
801 5418 942 5487 quod
972 5419 1180 5475 videtur
1204 5422 1376 5477 solum
1403 5423 1627 5493 aspicio,
1660 5425 1754 5480 sed
1775 5425 1936 5480 etiam
1962 5426 2107 5495 puri-

513 5508 817 5564 ﬁcationem
847 5510 1040 5565 anima:
1065 5526 1163 5579 per
1189 5512 1467 5581 Spiritum.
1497 5514 1780 5571 Existimat
1804 5517 1893 5572 ille
1930 5518 2103 5572 solum

513 5598 645 5653 mihi
668 5600 909 5655 ablutum
940 5613 1061 5656 esse
1083 5614 1313 5670 corpus;
1345 5618 1446 5675 ego
1472 5614 1650 5660 autem
1677 5607 1840 5662 credo
1870 5609 2105 5663 animam

513 5702 726 5757 quoque
752 5705 939 5760 puram
969 5701 1024 5747 et
1049 5700 1287 5747 sanctam
1317 5692 1511 5751 factam
1551 5712 1706 5765 esse,
1737 5707 1792 5755 et
1817 5702 1994 5771 cogito
2021 5715 2108 5755 se-

517 5777 782 5849 pulcrum,
801 5782 1271 5854 resurrectionem,
1295 5787 1796 5862 sanctiﬁcationem,
1818 5793 2098 5863 jusﬁtiam,

2185 454 2611 535 redemptionem
2634 511 2651 536 ,
2699 470 3041 542 adoptionem
3064 514 3078 538 ,
3112 472 3467 548 hereditatem
3487 516 3503 543 ,
3549 493 3771 548 regnum

2178 555 2434 611 caelorum
2455 600 2469 623 ,
2497 557 2680 614 datum
2711 561 2990 632 Spiritum.
3022 562 3137 619 Non
3164 566 3307 620 enim
3348 582 3413 621 ex
3448 543 3563 623 visu
3590 543 3778 638 judico

2178 647 2268 703 illa
2296 664 2415 719 quae
2442 663 2733 722 apparent,
2775 655 2872 711 sed
2909 658 3104 712 mentis
3138 660 3328 715 oculis.
3375 661 3546 715 Audio
3576 678 3775 732 corpus

2177 738 2414 807 Christi;
2449 743 2609 799 aliter
2636 759 2737 815 ego
2778 745 2978 802 dictum
3012 748 3283 820 intelligo,
3330 751 3486 806 aliter
3516 752 3776 809 inﬁdelis.

2249 833 2305 887 2.
2335 835 2413 889 Ac
2443 836 2898 906 quemadmodum
2937 842 3087 909 pueri
3132 842 3299 897 libros
3328 843 3603 909 videntes,
3654 844 3766 901 lite-

2181 938 2361 978 rarum
2396 925 2504 979 vim
2537 941 2644 982 non
2672 929 2884 995 sciunt,
2917 944 3017 987 nec
3056 946 3118 987 ea
3163 942 3363 988 norunt
3399 950 3518 1005 qua:
3549 936 3778 1001 vident;

2181 1015 2289 1071 imo
2315 1031 2444 1073 vero
2466 1017 2510 1072 si
2535 1018 2620 1073 vir
2643 1018 2917 1075 literarum
2948 1023 3227 1094 imperitus
3247 1025 3349 1090 sit,
3382 1025 3485 1081 hoc
3516 1025 3643 1080 item
3673 1027 3777 1095 ipsi

2181 1111 2433 1176 eveniet;
2467 1112 2557 1180 qui
2580 1127 2708 1167 vero
2735 1117 2940 1184 peritus
2968 1125 3072 1183 est,
3107 1118 3326 1171 multam
3356 1118 3529 1173 literis
3558 1119 3776 1174 insitam

2180 1200 2288 1256 vim
2321 1202 2586 1269 inveniet,
2620 1205 2760 1260 vitas
2790 1206 3026 1278 integras
3070 1219 3125 1264 et
3168 1206 3456 1265 historias:
3488 1220 3540 1266 et
3569 1214 3779 1281 episto-

2183 1293 2287 1348 lam
2335 1295 2614 1365 imperitns
2661 1299 2967 1369 accipiens,
3016 1301 3258 1357 chartam
3305 1318 3425 1358 esse
3472 1305 3679 1373 putabit
3723 1314 3781 1361 et

2179 1396 2576 1457 atramentum;
2610 1394 2814 1462 peritus
2846 1410 2977 1449 vero
3006 1406 3059 1452 et
3099 1412 3289 1453 vocem
3318 1398 3535 1467 audiet,
3568 1409 3622 1454 et
3650 1417 3781 1457 cum

2179 1480 2402 1537 absente
2431 1483 2691 1550 disseret,
2724 1495 2780 1541 et
2804 1487 2943 1557 quod
2974 1489 3202 1544 voluerit
3231 1506 3416 1544 rursus
3456 1506 3552 1560 per
3592 1493 3784 1549 literas

2180 1570 2324 1627 dicet
2349 1591 2362 1627 z
2391 1573 2462 1628 ita
2488 1575 2649 1630 etiam
2683 1576 2734 1631 in
2763 1579 3018 1649 mysterio
3040 1582 3219 1634 evenit
3247 1598 3260 1633 :
3294 1581 3533 1638 inﬁdeles
3558 1584 3782 1654 quidem

2180 1665 2391 1721 etiamsi
2430 1666 2679 1734 audiant,
2711 1670 2897 1726 audire
2942 1687 3049 1727 non
3077 1672 3354 1740 videntur;
3388 1676 3573 1731 ﬁdeles
3596 1686 3783 1731 autem

2180 1757 2271 1826 qui
2311 1771 2408 1827 per
2435 1756 2694 1827 Spiritum
2725 1761 2974 1830 peritiam
3015 1762 3250 1828 habent,
3293 1764 3399 1818 vim
3442 1766 3784 1821 reconditam

2182 1848 2386 1905 vident.
2420 1850 2533 1906 Hoc
2577 1852 2736 1923 igitur
2779 1854 3061 1910 declamas
3103 1856 3295 1911 Paulus
3336 1856 3577 1925 dicebat,
3628 1859 3786 1927 Quod

2183 1956 2317 1995 nunc
2338 1959 2537 2013 quoque
2561 1947 2628 1999 sit
2655 1947 3007 2001 absconditum
3031 1948 3168 2015 quod
3194 1950 3541 2017 prtcdicatur:
3567 1967 3790 2019 pereun-

2182 2035 2312 2088 tibus
2354 2038 2520 2104 enim,
2566 2032 2769 2109 inquit,
2816 2050 2886 2094 est
2926 2040 3274 2096 absconditum
3317 2041 3406 2115 (2.
3439 2041 3557 2097 Cor.
3598 2044 3651 2099 4.
3687 2046 3781 2113 '5).

2184 2125 2435 2196 Alioquin
2457 2136 2637 2184 autem
2664 2131 3097 2199 prmdicationem
3125 2134 3494 2190 admirabilem
3519 2136 3783 2194 ostendit.

2186 2215 2259 2271 lta
2289 2218 2427 2273 solet
2465 2234 2660 2275 vocare
2687 2221 2958 2291 Scriptura
3004 2224 3122 2287 illa,
3169 2240 3287 2295 qua:
3330 2235 3521 2294 praeter
3546 2241 3693 2295 spem
3726 2236 3789 2283 et

2186 2322 2350 2379 supra
2378 2319 2613 2365 mentem
2649 2312 2933 2367 humanam
2962 2325 3103 2369 sunt.
3141 2315 3266 2371 ldeo
3292 2316 3420 2371 alibi
3462 2331 3674 2387 quoque
3699 2318 3791 2373 di-

2185 2400 2278 2465 cit,
2311 2400 2609 2471 Mysterium
2637 2419 2801 2457 meum
2827 2405 2953 2457 mihi
2979 2415 3025 2459 et
3052 2408 3175 2459 meis
3202 2405 3303 2477 (Is.
3332 2407 3423 2462 24.
3456 2408 3545 2477 7);
3577 2419 3631 2463 et
3656 2423 3790 2463 rur-

2187 2504 2303 2544 sum
2334 2491 2527 2545 Paulus
2557 2510 2570 2545 :
2605 2490 2736 2547 Ecce
2763 2496 3053 2565 mysterium
3095 2497 3231 2551 vobis
3274 2497 3388 2551 dico
3418 2514 3437 2551 .'
3465 2514 3635 2552 omnes
3662 2499 3787 2569 qui-

2188 2571 2301 2635 dem
2323 2599 2423 2636 non
2446 2584 2770 2652 durmiemus,
2795 2604 2965 2641 onmes
2985 2596 3151 2641 autem
3172 2588 3548 2642 immutabimur
3564 2589 3613 2659 (l
3627 2629 3638 2641 .
3657 2588 3784 2644 Cor.

2189 2674 2276 2730 15.
2309 2675 2423 2745 51).
2456 2675 2565 2730 Etsi
2596 2691 2757 2746 porro
2785 2678 2980 2749 ubique
3010 2680 3347 2748 praedicatur,
3377 2680 3536 2735 etiam
3560 2681 3638 2736 sic
3665 2696 3790 2752 my-

2189 2764 2411 2819 sterium
2458 2777 2560 2820 est.
2597 2766 2808 2821 Etenim
2856 2768 3069 2837 tttjussi
3117 2784 3336 2834 sumus,
3379 2769 3522 2839 quod
3562 2771 3612 2825 in
3652 2785 3790 2827 aure

2188 2856 2491 2912 audivimus
2535 2858 2829 2928 przedicare
2870 2876 3032 2930 super
3073 2868 3208 2916 tecta
3245 2879 3258 2915 :
3301 2861 3380 2916 sic
3416 2861 3551 2931 jussl
3597 2877 3790 2918 Stltnus

2191 2959 2375 3003 saneta
2407 2964 2511 3003 non
2540 2950 2671 3004 dare
2699 2951 2940 3015 canibus,
2974 2967 3146 3020 neque
3179 2953 3439 3022 projicere
3467 2954 3790 3023 margaritas

2191 3049 2317 3096 ante
2364 3056 2580 3110 porcos.
2610 3041 2743 3096 Nam
2772 3043 2859 3097 alii
2902 3053 3024 3097 sunt
3051 3043 3345 3107 animales,
3375 3055 3430 3099 et
3456 3059 3561 3099 non
3592 3044 3792 3100 intelli-

2191 3141 2349 3202 gum;
2379 3132 2469 3186 alii
2502 3133 2741 3188 velamen
2770 3132 2968 3189 habent
2992 3149 3085 3190 cor
3110 3150 3266 3190 suum
3294 3135 3571 3206 obtegens,
3601 3146 3654 3192 et
3677 3152 3790 3192 non

2192 3223 2394 3278 vident.
2427 3225 2567 3295 Ergo
2594 3228 2905 3297 mysterium
2939 3226 3068 3281 illud
3105 3237 3187 3282 est
3213 3228 3468 3295 maxime,
3497 3228 3636 3298 quod
3665 3229 3793 3299 qui-

2194 3308 2316 3369 dem
2359 3314 2555 3385 ubique
2599 3316 2939 3385 praedicatur,
2972 3331 3077 3372 non
3123 3318 3465 3388 cognoscitur
3499 3326 3676 3373 autem
3717 3319 3796 3375 ab

2196 3404 2261 3458 iis
2289 3405 2379 3474 qui
2420 3414 2620 3460 rectam
2651 3423 2756 3460 non
2786 3406 2984 3462 habent
3013 3418 3283 3473 mentem;
3321 3407 3585 3465 revelatur
3609 3417 3794 3466 autem

2198 3509 2303 3549 non
2330 3511 2361 3550 a
2389 3496 2646 3566 sapientia
2670 3538 2685 3561 ,
2725 3498 2819 3553 sed
2847 3513 2879 3553 a
2905 3496 3106 3568 Spiritu
3150 3508 3369 3567 sancto,
3402 3508 3657 3569 quantum
3689 3515 3797 3555 nos

2198 3601 2481 3657 possunms
2504 3590 2770 3659 accipere.
2801 3590 3163 3658 Quamobrem
3190 3606 3300 3645 non
3334 3591 3665 3648 aberraverit
3685 3631 3701 3656 ,
3745 3593 3797 3647 si

2198 3681 2318 3750 quis
2343 3682 2506 3736 etiam
2535 3682 2833 3737 secundum
2866 3682 2967 3737 hoc
2995 3683 3310 3754 mysterium
3333 3683 3679 3754 appellaverit
3698 3699 3800 3740 ar-

2197 3785 2429 3838 canum;
2462 3788 2633 3843 neque
2663 3775 2808 3828 enim
2838 3775 2993 3829 nobis
3023 3774 3268 3831 ﬁdelibus
3293 3775 3488 3831 tradita
3515 3776 3611 3830 l‘uit
3637 3775 3799 3845 plena

2199 3866 2316 3933 ejus
2343 3866 2615 3935 perceptio
2639 3876 2693 3921 ct
2713 3878 2960 3922 accurata
2990 3868 3200 3922 notitia.
3224 3868 3561 3939 Quapropter
3585 3867 3802 3925 diccbat

2202 3958 2433 4023 Paulus,
2478 3958 2563 4014 Ea:
2593 3971 2736 4030 parte
2775 3961 3123 4030 cognoscimus
3162 3970 3207 4014 et
3247 3976 3310 4014 ea:
3347 3971 3491 4032 parte
3517 3961 3801 4031 propheta-a

2201 4067 2333 4105 mus.
2371 4050 2612 4105 Videmus
2638 4042 2772 4106 enim
2798 4068 2931 4106 nunc
2970 4069 3060 4122 per
3086 4052 3345 4121 speculum
3368 4052 3513 4122 quasi
3558 4052 3610 4105 in
3635 4051 3804 4122 amig-

2202 4152 2354 4205 mate,
2404 4151 2521 4196 tunc
2566 4152 2735 4195 autem
2766 4142 2897 4211 {acie
2920 4144 2988 4197 ad
3018 4143 3198 4211 faciem
3226 4144 3305 4214 (l.
3326 4143 3444 4197 Car.
3477 4143 3564 4197 l3.
3592 4143 3645 4199 9.
3680 4142 3798 4211 l2).

2203 4231 2327 4288 Ideo
2360 4231 2524 4298 dicit,
2557 4230 2837 4302 Loquimur
2864 4234 3167 4303 sapientiam
3193 4234 3245 4287 in
3273 4232 3664 4304 mystcrio,quaz
3679 4230 3801 4283 abs-

2204 4322 2442 4401 condita.
2473 4333 2583 4391 est,
2615 4340 2769 4393 quant
2797 4325 3171 4393 prtedestinavit
3208 4323 3348 4379 Deus
3389 4333 3506 4377 ante
3532 4323 3720 4377 stecula
3742 4322 3802 4375 in
3870 4360 3881 4368 .

2218 4425 2448 4495 gloriam
2469 4429 2725 4477 nostram.
2757 4418 3151 4479 Absconditam,
3175 4415 3225 4468 id
3242 4424 3344 4475 est,
3368 4411 3511 4464 nulla
3533 4422 3599 4464 ex
3622 4420 3813 4476 super-

2221 4514 2307 4571 nis
2325 4513 2682 4587 potestatibus
2698 4520 2826 4569 ante
2839 4526 2942 4568 nos
2961 4507 3179 4572 didicit;
3204 4506 3284 4559 vel
3301 4501 3444 4573 quod
3469 4514 3645 4570 neque
3666 4496 3812 4551 mul-

2206 4600 2243 4653 ti
2275 4614 2417 4654 nunc
2442 4609 2676 4657 norunt:
2707 4598 2813 4655 hoc
2855 4600 2998 4654 enim
3038 4599 3344 4654 declaratur
3378 4613 3446 4654 ex
3487 4597 3604 4664 illo,
3637 4595 3807 4663 Quam

2206 4692 2586 4764 prwdestinavit
2632 4692 2686 4746 in
2732 4692 2950 4763 gloriam
2992 4699 3262 4745 nostram:
3302 4705 3626 4760 quamquam
3674 4688 3813 4749 alibi

2205 4785 2369 4852 dicat,
2394 4785 2462 4840 1η
2488 4785 2706 4856 gloriam
2732 4784 3122 4857 suam.(Ephes.
3148 4785 3199 4839 l.
3227 4783 3339 4854 12).
3364 4783 3526 4840 Suam
3545 4784 3687 4839 enim
3718 4797 3808 4836 re-

2208 4885 2353 4946 putat
2382 4878 2609 4948 gloriam
2630 4877 2857 4933 salutem
2876 4888 3149 4941 nostram;
3180 4877 3422 4932 utetiam
3448 4875 3657 4931 divitias
3678 4888 3808 4929 suas

2209 4974 2398 5033 vocat,
2435 4967 2645 5022 etiamsi
2670 4968 2785 5038 ipse
2815 4968 2884 5022 sit
2910 4968 3171 5022 bonorum
3198 4965 3427 5029 divitiae,
3456 4974 3511 5020 et
3541 4964 3688 5019 nullo
3717 4964 3805 5017 in-

2208 5058 2388 5128 digeat
2427 5068 2482 5113 ttt
2508 5059 2576 5114 sit
2605 5058 2774 5113 dives.
2812 5057 3230 5123 Prwdestinavit,
3264 5056 3465 5127 inquit,
3497 5069 3649 5111 suam
3678 5068 3808 5124 erga

2210 5164 2309 5204 nos
2337 5150 2728 5219 providentiam
2757 5149 3018 5206 indicans.
3044 5149 3121 5204 llli
3148 5149 3290 5204 enim
3321 5149 3557 5202 maxime
3582 5161 3680 5201 nos
3709 5145 3809 5200 lto-

2211 5260 2403 5300 norare
2427 5252 2482 5300 et
2500 5258 2684 5300 amare
2705 5244 3102 5311 existimantur,
3132 5244 3221 5315 qui
3250 5242 3403 5298 nobis
3423 5257 3454 5297 a
3483 5242 3643 5312 longo
3673 5250 3812 5295 tem-

2213 5350 2340 5405 pore
2369 5337 2507 5391 bona
2550 5334 2797 5391 conferre
2826 5335 2997 5405 parati
3035 5343 3194 5400 sunt,
3226 5334 3279 5388 id
3305 5334 3448 5404 quod
3480 5332 3680 5387 iaciunt
3710 5347 3811 5403 pa-

2212 5437 2393 5482 rentes
2423 5427 2585 5482 ﬁliis:
2619 5427 2819 5483 etenim
2861 5428 2906 5481 si
2938 5434 3212 5497 postremo
3256 5425 3386 5480 dant
3424 5425 3721 5495 pecunias,
3755 5422 3810 5478 id

2208 5519 2414 5590 jamdiu
2456 5528 2511 5575 et
2538 5519 2609 5575 ab
2634 5519 2786 5574 initio
2827 5518 3178 5589 prtemeditati
3209 5517 3439 5572 fuerant.
3468 5516 3582 5571 Hoc
3611 5515 3812 5570 Paulus

2213 5627 2355 5669 nunc
2391 5621 2619 5670 conatur
2650 5611 2938 5668 ostendere
2960 5652 2974 5677 ,
3007 5611 3147 5681 quod
3191 5611 3335 5668 Deus
3367 5623 3467 5665 nos
3510 5624 3726 5677 semper
3753 5617 3813 5664 et

2144 5756 2149 5760 .
2210 5706 2321 5776 jam
2347 5707 2476 5762 olim
2503 5706 2793 5771 amaverit,
2824 5720 2947 5761 cum
2984 5703 3224 5759 nondum
3267 5704 3373 5759 nati
3403 5716 3665 5757 essemus.
3695 5700 3814 5757 Nisi

2219 5797 2364 5854 enim
2399 5807 2668 5868 amasset,
2714 5797 2925 5853 divitias
2965 5797 3117 5854 nobis
3158 5811 3265 5854 non
3294 5792 3810 5868 praedestinavisset.
