4086 6424
349 349 420 408 55
1392 348 1461 406 IN
1509 348 1732 408 EPIST.
1783 343 1928 404 IAD

2052 342 2148 400 )R.
2185 343 2418 402 HOMIL.
2463 347 2570 403 νιι,
3567 359 3637 414 56

357 473 452 540 τὴν
477 466 642 537 νίκην
695 464 908 532 δείξας,
961 468 1054 526 καὶ
1100 467 1346 533 ἐκείνους
1403 471 1694 542 ἀποφήνας
1748 465 1954 537 σφόδρα

365 549 602 620 μωροὺς,
641 550 707 605 τὸ
746 551 1026 622 προσῆκον
1067 554 1205 624 αὐτῇ
1259 553 1446 608 λοιπὸν
1477 555 1756 608 ἀπέδωκεν
1783 553 1956 623 ὄνομα

357 634 561 705 λέγων·
620 637 862 704 Σοφίαν
899 635 969 690 δὲ
1017 637 1330 707 λαλοῦμεν
1375 640 1444 692 ἐν
1491 639 1619 704 τοῖς
1671 637 1950 714 τελείοις.

363 717 563 788 Σοφίαν
601 717 659 778 δὲ
682 719 840 787 λέγει
867 722 930 776 τὺ
951 721 1214 792 κήρυγμα
1239 721 1334 774 καὶ
1373 720 1465 774 τὸν
1491 721 1694 792 τρόπον
1724 721 1826 790 τῆς
1851 736 1955 772 σω-

362 801 576 872 τηρίας.
626 803 690 856 τὸ
739 804 832 858 διά
885 804 1122 875 σταυροῦ
1158 803 1422 874 σωθῆναι·
1473 805 1712 868 τελείους
1739 802 1796 856 δέ
1825 803 1952 865 τοὺς

365 886 824 951 πεπιστευκότας.
880 889 992 942 Καὶ
1047 886 1157 959 γὰρ
1189 889 1388 942 ἐκεῖνοι
1437 888 1635 941 τέλειοι
1667 887 1718 940 οί
1755 886 1824 940 τὰ
1854 887 1949 940 ἀν-

365 965 612 1037 θρώπινα
639 970 842 1034 εἰδότες
865 971 946 1024 ὅτι
983 971 1189 1044 σφόδρα
1219 971 1444 1040 ἀσθενῆ,
1475 971 1572 1024 καὶ
1605 969 1953 1042 ὑπεριδόντες

363 1049 567 1113 αὐτῶν,
597 1053 680 1106 ὅτι
717 1053 882 1124 μηδὲν
919 1053 1104 1118 αὑτοῖς
1139 1054 1512 1126 συμϐάλλεται
1565 1053 1949 1122 πεπεισμένοι,

362 1127 468 1185 οἷοι
500 1135 793 1203 γεγόνασιν
818 1137 870 1188 ot
895 1138 1099 1192 πιστοί.
1145 1139 1376 1206 Σοφίαν
1395 1135 1465 1191 δὲ
1495 1138 1570 1192 οὐ
1597 1137 1706 1190 τοῦ
1734 1135 1952 1200 αἰῶνος

363 1219 604 1274 τούτου.
637 1219 748 1273 Ποῦ
779 1220 889 1292 γὰρ
919 1223 1186 1293 χρήσιμος
1213 1221 1467 1294 ήέξωθεν
1501 1222 1683 1290 σοφία,
1715 1220 1951 1275 ἐνταῦθα

364 1303 820 1374 καταστρέφουσα
875 1305 972 1358 καὶ
1023 1306 1339 1376 περαιτέρω
1394 1304 1468 1376 μὴ
1525 1304 1814 1376 προϊοῦσα,
1854 1303 1952 1356 καὶ

363 1387 488 1439 οὐδὲ
533 1387 768 1441 ἐνταῦθα
813 1387 1090 1458 δυναμένη
1129 1405 1182 1442 τι
1231 1389 1358 1452 τοὺς
1414 1387 1640 1459 ἔχοντας
1681 1387 1949 1456 ὠφελεῖν;

367 1471 678 1541 Ἀρχοντας
704 1471 760 1524 δὲ
792 1470 991 1534 αἰῶνος
1021 1471 1256 1526 ἐνταῦθα
1286 1474 1346 1526 οὑ
1381 1471 1642 1542 δαίμονάς
1681 1487 1836 1534 τινας
1857 1469 1948 1522 λέα

361 1569 473 1620 γει,
500 1552 688 1617 καθὼς
710 1571 854 1618 τινες
883 1553 1286 1609 ὑποπτεύουσιν
1307 1573 1320 1587 ·
1376 1554 1512 1609 ἀλλά
1539 1556 1667 1618 τοὺς
1693 1555 1752 1608 ὲν
1780 1552 1950 1619 ἀξιῶ-

365 1654 526 1706 μασι,
554 1639 685 1702 τοὺς
711 1639 767 1690 ἐν
793 1638 1158 1706 δυναστείαις,
1187 1641 1314 1703 τοὺς
1343 1639 1404 1694 τὸ
1435 1641 1670 1712 πρᾶγμα
1708 1639 1950 1710 περιμά-

361 1739 532 1790 χητον
561 1717 702 1776 εἶναι
725 1723 1066 1793 νομίζοντας,
1102 1723 1432 1794 φιλοσόφους
1461 1723 1558 1778 καὶ
1583 1724 1822 1796 ῥήτορας
1856 1723 1952 1778 καὶ

283 1836 292 1842 -
361 1803 772 1876 λογογράφους·
814 1807 907 1860 καὶ
957 1806 1066 1877 γὰρ
1099 1807 1252 1860 αὐτοὶ
1302 1807 1594 1878 ἐκράτουν,
1643 1809 1738 1862 καὶ
1769 1807 1950 1877 δημα-

361 1889 540 1956 γωγοὶ
567 1889 829 1953 πολλάκις
861 1889 1121 1959 ἐγίνοντο.
1149 1889 1258 1944 Τοῦ
1287 1889 1345 1944 δὲ
1371 1889 1568 1955 αἰῶνος
1597 1889 1792 1944 τούτου
1821 1890 1952 1944 ἐκά-

360 1971 522 2024 λεσεν
589 1971 882 2042 ἄρχοντας,
927 1972 1118 2044 ἐπειδὴ
1173 1973 1490 2046 περαιτέρω
1535 1973 1630 2027 τοῦ
1683 1973 1952 2044 παρόντος

360 2055 560 2120 αἰῶνος
607 2057 666 2110 ού
712 2057 962 2128 πρόεισιν
989 2058 1172 2112 αὑτῶν
1201 2060 1234 2128 ή
1270 2059 1452 2130 ἀρχή·
1489 2058 1572 2112 διὸ
1617 2059 1710 2112 καὶ
1739 2060 1950 2132 ἐπήγα-

361 2154 447 2205 γε·
490 2139 614 2195 Τῶν
637 2140 1152 2211 καταργουμένων·
1186 2135 1400 2196 οἴκοθέν
1430 2160 1490 2196 τε
1527 2143 1699 2214 αὐτὴν
1730 2142 1952 2196 διαϐάλ-

359 2223 469 2278 λων
502 2225 601 2279 καὶ
630 2225 738 2278 ἀπὸ
766 2226 876 2278 τῶν
912 2226 1232 2298 χ-ρωμένων.
1261 2225 1459 2292 Δείξας
1487 2227 1597 2297 γάρ
1633 2228 1716 2281 ὅτι
1745 2226 1950 2296 ψευδής

360 2310 535 2374 ἐστιν,
566 2310 649 2364 ὅτι
691 2309 874 2382 μωρά,
899 2311 982 2364 ὅτι
1007 2311 1161 2364 οὐδὲν
1193 2311 1416 2366 δύναται
1443 2312 1643 2382 εὑρεῖν,
1671 2311 1752 2365 ὅτι
1791 2310 1953 2364 ἀσθε-

365 2397 488 2466 νὴς,
529 2394 802 2448 δείκνυσιν
829 2396 912 2449 ὅτι
959 2396 1054 2450 καὶ
1086 2395 1470 2468 ὀλιγοχρόνιος.
1520 2397 1696 2450 Ἀλλὰ
1723 2395 1950 2450 λαλοῦ-

353 2497 474 2549 μεν
509 2480 658 2534 Θεοῦ
686 2481 914 2550 σοφίαν
948 2483 1018 2534 ἐν
1063 2482 1402 2550 μυστηρίῳ.
1445 2480 1594 2552 Ποίῳ
1626 2481 1948 2552 μυστηρίῳ;

361 2566 476 2618 Καὶ
507 2565 615 2637 μὴν
639 2566 806 2637 φησὶν
835 2567 865 2619 6
896 2565 1148 2636 Χριστός·
1177 2568 1247 2620 Ὃ
1265 2567 1573 2636 ἠκούσατε
1603 2568 1690 2632 είς
1721 2565 1788 2620 τὸ
1819 2561 1948 2633 οὖς,

359 2649 479 2723 [5|]
497 2650 796 2718 κηρύξατε
815 2650 913 2704 ἐπὶ
937 2650 1053 2704 τῶν
1073 2649 1376 2719 δωμάτων.
1393 2650 1517 2713 Πῶς
1537 2645 1629 2704 οὗν
1655 2651 1951 2720 μυστήριον

359 2734 533 2805 αὐτὴν
565 2734 758 2801 καλεῖς
792 2733 1015 2804 Ἐπειδὴ
1037 2733 1161 2788 οὔτε
1190 2734 1422 2803 ἄγγελος
1453 2731 1577 2786 οὔτε
1610 2732 1952 2804 ἀρχάγγελος

357 2816 483 2870 οὔτε
523 2817 658 2890 ἄλλη
691 2835 777 2882 τις
802 2817 933 2871 αὐτὸ
963 2817 1154 2888 κτιστή
1183 2816 1416 2888 δύναμις
1457 2817 1602 2888 ᾔδει,
1631 2819 1762 2889 πρὶν
1795 2817 1951 2886 γενέ-

361 2900 512 2957 σθαι.
543 2901 636 2954 Διό
675 2918 861 2972 φησιν,
905 2901 1031 2956 Ἵνα
1064 2898 1373 2971 γνωρισθῇ
1409 2900 1528 2954 νῦν
1564 2900 1696 2966 ταῖς
1735 2900 1952 2970 ἀρχαῖς

356 2987 460 3041 καὶ
489 2986 621 3052 ταῖς
658 2986 973 3052 ἐξουσίαις
1001 2985 1072 3040 ἐν
1103 2985 1232 3052 τοῖς
1277 2986 1664 3055 ἐπουρανίοις
1701 2986 1802 3040 διὰ
1841 2984 1952 3054 τῆς

371 3071 737 3136 Ἐκκλησίας
791 3073 830 3140 ἡ
889 3071 1328 3136 πολυποίκιλος
1383 3073 1572 3141 σοφία
1621 3070 1726 3125 τοῦ
1777 3069 1946 3124 Θεοῦ.

356 3155 533 3210 Τοῦτο
578 3155 636 3209 δὲ
689 3155 964 3226 ἐποίησεν,
1011 3157 1158 3226 ἡμᾶς
1188 3155 1364 3227 τιμῶν
1397 3158 1426 3210 6
1471 3155 1624 3220 Θεὸς,
1653 3155 1795 3209 ὥστε
1828 3155 1950 3226 μεθ’

355 3241 520 3311 ήμῶν
551 3238 787 3295 ἀκοῦσαι
818 3239 927 3293 τῶν
961 3240 1298 3311 μυστηρίων.
1335 3240 1446 3293 Καὶ
1491 3239 1602 3310 γὰρ
1639 3240 1733 3293 καὶ
1761 3242 1948 3310 ἡμεῖς.

356 3323 453 3388 οὓς
487 3323 554 3378 ἂν
594 3321 960 3396 ποιησώμεθα
1015 3323 1225 3392 φίλους,
1263 3322 1425 3376 τοῦτο
1484 3325 1786 3396 τεκμήριον
1814 3323 1950 3395 πρὸς

358 3409 558 3472 αὐτοὺς
591 3403 736 3461 εἷναί
779 3423 961 3476 φαμεν
1001 3405 1102 3477 τῆς
1147 3406 1354 3475 φιλίας,
1387 3406 1448 3460 τὺ
1485 3406 1677 3478 μηδενὶ
1711 3406 1817 3476 πρὸ
1849 3407 1948 3460 αὑ-

357 3493 465 3546 τῶν
490 3494 668 3546 εἰπεῖν
690 3491 758 3544 τὰ
785 3491 1092 3562 ἀπόρρητα.
1125 3491 1498 3544 Ἀκουέτωσαν
1523 3491 1573 3543 οί
1599 3489 1662 3543 τὸ
1692 3491 1950 3562 κήρυγμα

358 3575 830 3646 ἐκπομπεύοντες.
869 3574 963 3628 καὶ
1001 3575 1169 3628 πᾶσιν
1209 3573 1399 3638 ἀπλῶς
1437 3575 1792 3642 ἐκφαίνοντες
1822 3575 1950 3638 τοὺς

360 3658 716 3730 μαργαρίτας
767 3659 862 3713 καί⁵
895 3657 957 3711 τὸ
1005 3659 1204 3729 δόγμα,
1259 3658 1354 3712 καὶ
1389 3656 1455 3710 τά
1490 3657 1622 3724 ἀγια
1675 3657 1804 3710 κυσὶ
1855 3657 1950 3710 καὶ

357 3743 562 3814 χοίροις
605 3741 924 3812 ῥιπτοῦντες
957 3741 1054 3796 καὶ
1085 3741 1366 3811 λογισμοῖς
1406 3743 1702 3811 περιττοῖς.
1739 3739 1812 3793 Τὸ
1841 3739 1966 3810 γὰρ·

361 3828 665 3896 μυστήριον
707 3825 1056 3895 κατασκευῆς
1093 3825 1153 3877 οὐ
1214 3824 1409 3887 δεῖται,
1465 3823 1582 3878 ἀλλ’
1635 3825 1774 3893 ὅπερ
1809 3822 1947 3888 ἐστὶ,

359 3909 521 3964 τοῦτο
558 3910 721 3980 μόνον
746 3909 807 3963 ὃν
851 3907 1316 3978 καταγγέλλεται·
1372 3909 1500 3961 ἐπεὶ
1528 3909 1629 3960 οὐκ
1661 3907 1816 3960 ἔσται
1847 3925 1949 3977 μυο

361 3996 584 4066 στήριον
620 3994 763 4048 θεῖον
797 3994 892 4048 καὶ
918 3992 1231 4063 ὁλόκληρον,
1257 3993 1386 4046 ὅταν
1415 3993 1512 4046 καὶ
1553 3990 1706 4063 παρὰ
1748 3989 1948 4045 σαυτοῦ

357 4095 412 4132 τι
441 4078 714 4148 προσθῇς.
750 4077 862 4131 Καὶ
907 4077 1082 4140 ἄλλως
1131 4076 1188 4130 δὲ
1232 4077 1534 4148 μυστήριον
1567 4074 1833 4138 καλεῖται,
1866 4075 1950 4127 ὅτι

358 4161 456 4233 οὐχ
477 4161 627 4232 άπερ
648 4160 866 4232 ὁρῶμεν
906 4159 1241 4232 πιστεύομεν
1271 4173 1322 4223 ι,
1365 4160 1482 4214 ἀλλ’
1505 4160 1672 4231 ἕτερα
1705 4158 1948 4230 ὁρῶμεν,

359 4246 454 4299 καὶ
493 4245 661 4316 ἕτερα
696 4245 1052 4314 πιστεύομεν.
1087 4242 1325 4313 Τοιαύτη
1359 4243 1471 4313 γὰρ
1515 4247 1548 4314 ή
1595 4241 1706 4297 τῶν
1740 4258 1954 4312 μυστη-

363 4332 492 4401 ρίων
514 4330 677 4402 ἡμῶν
711 4329 890 4399 φύσις.
935 4329 1175 4400 Ἑτέρως
1221 4329 1349 4398 γοῦν
1390 4329 1520 4398 ἐγὼ,
1550 4330 1644 4383 καὶ
1674 4330 1882 4400 ἑτέρως
1924 4329 1953 4380 6

359 4418 592 4478 ἄπιστος
641 4417 769 4486 περὶ
810 4413 1020 4468 τούτων
1069 4413 1413 4482 διακείμεθα.
1452 4413 1662 4467 Ἀκούω
1705 4413 1840 4482 ἐγὼ,
1867 4413 1952 4465 ὄτι

359 4499 686 4572 ἐσταυρώθη
721 4502 750 4553 6
773 4498 1028 4570 Χριστὸς,
1048 4500 1145 4552 καὶ
1173 4499 1272 4569 τὴν
1301 4497 1716 4570 φιλανθρωπίαν
1747 4497 1951 4564 εὐθέως

361 4583 665 4651 θαυμάζω·
721 4580 910 4636 ἀκούει
948 4583 1177 4648 ἐκεῖνος,
1242 4582 1336 4634 καὶ¹
1383 4581 1672 4635 ἀσθένειαν
1716 4581 1948 4652 νομίζει.

373 4667 587 4722 Ἀκούω
613 4666 693 4719 ὅτι
719 4665 904 4729 δοῦλος
948 4665 1159 4734 γέγονε,
1193 4666 1290 4720 καὶ
1321 4665 1420 4736 τὴν
1462 4663 1793 4736 κηδεμονίαν
1818 4665 1952 4717 θαυ-

363 4751 525 4818 μάξω
543 4767 556 4778 ·
595 4748 783 4803 ἀκούει
809 4751 1036 4814 ἐκεῖνος,
1061 4749 1156 4802 καὶ
1181 4748 1406 4818 ἀτιμίαν
1429 4747 1724 4816 λογίζεται.
1745 4747 1954 4802 Ἀκούω

361 4835 444 4888 ὃτι
475 4833 739 4897 ἀπέθανε,
790 4823 888 4886 καί.
929 4833 1028 4904 τὴν
1073 4831 1306 4903 δύναμιν
1342 4832 1744 4904 ἐκπλήττομαι,
1783 4833 1864 4886 ὅτι
1894 4833 1953 4885 ἐν

362 4917 588 4989 θανάτῳ
618 4917 909 4988 γενόμενος
951 4917 1052 4970 οὐκ
1099 4916 1402 4988 ἐκρατήθη,
1433 4916 1570 4970 ἀλλά
1598 4917 1695 4969 καὶ
1735 4917 1954 4981 ἐξέλυσε

363 5001 600 5056 θάνατον
622 5019 636 5032 ·
686 5001 874 5055 ἀκούει
900 5002 1128 5064 ἐκεῖνος,
1166 5001 1261 5054 καὶ
1289 5001 1595 5070 ἀδυναμίαν
1629 5000 1948 5054 ὑποπτεύει.

373 5084 620 5139 ’Δκούων
641 5085 938 5139 ἀνάστασιν
967 5087 1193 5151 ἐκεῖνος,
1231 5081 1398 5155 μῦθον
1422 5085 1482 5137 τὸ
1507 5085 1743 5156 πρᾶγμά
1765 5101 1950 5154 φησιν·

361 5170 476 5239 ἐγὼ
499 5169 556 5223 δὲ
590 5167 688 5232 τάς
724 5168 810 5222 διά
851 5169 963 5222 τῶν
1001 5167 1345 5238 πραγμάτων
1397 5168 1693 5234 δεξάμενος
1733 5168 1953 5222 ἀποδεί-

363 5253 499 5320 ξεις,
538 5251 834 5322 προσκυνῶ
861 5251 956 5304 τοῦ
992 5251 1128 5305 Θεοῦ
1181 5252 1280 5322 τὴν
1327 5253 1670 5322 οἰκονομίαν.
1711 5251 1956 5306 Ἀκούων

362 5335 592 5407 λουτρδν
620 5338 848 5401 ἐκεῖνος,
877 5334 1065 5399 ἁπλῶς
1097 5335 1244 5407 ὕδωρ
1273 5337 1490 5407 νομίζει
1518 5355 1530 5366 ·
1565 5335 1676 5406 ἐγὼ
1709 5337 1766 5389 δὲ
1793 5337 1853 5390 ού
1893 5337 1954 5390 τὸ

361 5420 647 5490 δρώμενον
680 5419 869 5482 ἁπλῶς
905 5419 1110 5490 βλέπω,
1157 5419 1296 5472 ἀλλὰ
1349 5420 1438 5472 τὸν
1477 5421 1576 5490 τῆς
1620 5419 1799 5490 ψυχῆς
1851 5438 1953 5474 κα-

339 5503 576 5574 ¹θαρμδν
619 5502 712 5556 τὸν
759 5502 849 5556 διὰ
883 5502 978 5555 τοῦ
1021 5503 1356 5573 Πνεύματος.
1396 5505 1633 5567 Ἐκεῖνος
1670 5503 1954 5558 λελοῦσθαί

365 5603 460 5656 μοι
489 5587 552 5640 τὸ
587 5587 749 5658 σῶμα
774 5585 992 5655 νομίζει
1025 5586 1214 5658 μόνον·
1255 5586 1366 5656 ἐγὼ
1400 5588 1456 5640 δὲ
1484 5587 1848 5649 πεπίστευκα.
1871 5590 1954 5644 ὅτι

364 5671 460 5726 καὶ
493 5673 526 5744 ή
555 5671 705 5744 ψυχὴ
737 5671 932 5742 γέγονε
969 5671 1188 5744 καθαρά
1218 5690 1277 5726 τε
1309 5674 1404 5727 καὶ
1431 5673 1585 5740 ἁγία,
1621 5675 1716 5728 καὶ
1742 5672 1956 5744 λογίζοο

429 5877 450 5902 ⁸
490 5877 792 5952 Duo_cod{l._
814 5879 998 5952 Βριξςη
1064 5881 1250 5952 δρῶμεν
1321 5881 1574 5952 βλέπρμεν,
1651 5881 1802 5950 Ιεοιὶο
1849 5895 1952 5952 μοι]

365 5941 671 6004 spernenda;
707 5943 820 6013 όρᾷν
847 5941 1002 6010 enim,
1025 5941 1236 6013 agicfujus
1261 5941 1334 6013 re;
1365 5941 1763 6013 υἱάεῖε-ερεείευι
1779 5955 1796 6004 ;
1845 5945 1954 6006 βὶέ-

366 6017 474 6051 sm
495 6014 630 6064 vero,
675 6005 898 6066 ejusdem
919 6005 1018 6053 vim
1055 6005 1291 6056 iule‘rnam
1312 6005 1506 6056 intueri.
1533 6005 1668 6054 Ευίτ.

2067 481 2166 534 μαι
2193 465 2286 523 τὸν
2317 468 2508 538 τάφον,
2556 469 2656 540 τὴν
2702 469 3021 536 ἀνάστασιν,
3075 469 3166 524 τὸν
3207 471 3503 545 άγιασμδν,
3541 477 3647 544 τὴν

2057 545 2426 622 δικαιοσύνην,
2461 552 2560 624 τὴν
2597 551 2994 623 ἀπρλύτρωσιν,
3048 551 3150 624 τὴν
3195 553 3491 620 υἱοθεσίαν,
3540 545 3643 630 τήν

2059 630 2448 705 κληρονομίαν,
2477 637 2576 706 τὴν
2603 635 2882 706 βασιλείαν
2905 638 3016 692 τῶν
3043 637 3313 709 οὐρανῶν,
3345 640 3441 692 τοῦ
3473 641 3642 696 Πνεύο

2059 731 2226 785 ματος
2257 715 2356 788 τὴν
2383 718 2663 790 χορηγίαν.
2700 719 2775 773 Οὐ
2811 719 2920 791 γὰρ
2953 723 3019 792 τῇ
3054 720 3176 790 ὄψει
3213 721 3386 792 κρίνω
3413 723 3482 776 τά
3517 741 3642 793 φαι-

2055 799 2276 870 νόμενα,
2305 802 2442 856 ἀλλά
2493 805 2607 867 τοῖς
2653 801 2954 874 ὀφθαλμοῖς
2997 805 3097 874 τῆς
3125 803 3386 869 διανοίας.
3431 807 3643 861 Ἀκούω

2057 883 2218 954 σῶμα
2248 885 2520 956 Χριστοῦ·
2568 885 2772 957 ἑτέρως
2798 884 2909 954 ἐγὼ
2941 885 3050 939 νοῶ
3077 887 3138 939 τὸ
3175 887 3488 960 εἰρημένον,
3525 890 3642 944 ἐτέ-

2064 985 2172 1038 ρως
2201 969 2230 1021 6
2255 970 2502 1034 ἄπιστος.

2125 1051 2190 1121 β’.
2225 1053 2334 1106 Καὶ
2360 1053 2615 1124 καθάπερ
2638 1053 2707 1108 τά
2719 1053 3178 1124 παιδίατάβιϐλία
3199 1053 3640 1127 δρῶνταοῦκοῐδε

2050 1134 2162 1188 τῶν
2189 1136 2537 1207 γραμμάτων
2569 1137 2668 1208 τὴν
2703 1137 2956 1214 δύναμιν,
2991 1138 3113 1192 οὐδέ
3148 1133 3290 1192 οἶδεν
3338 1138 3486 1214 ἀπερ
3513 1143 3638 1212 ὁρᾷ,

2053 1218 2256 1289 μᾶλλον
2295 1220 2352 1274 δὲ
2397 1221 2502 1275 κάν
2542 1221 2684 1292 ἀνὴρ
2713 1221 2942 1294 ἄπειρος
3053 1223 3424 1294 γραμμάτων,
3466 1224 3642 1279 ταυτά

2051 1303 2332 1358 πείσεται·
2352 1307 2394 1359 -ὁ
2427 1305 2486 1358 δὲ
2526 1305 2788 1377 ἔμπειρος
2813 1307 3016 1378 πολλὴν
3051 1307 3276 1378 εὑρήσει
3307 1309 3420 1371 τοῖς
3460 1307 3644 1378 γράμ-

2053 1403 2220 1467 μασιν
2266 1389 2701 1460 ἐναποκειμένην
2756 1391 2858 1460 τὴν
2901 1389 3156 1460 δύναμιν,
3199 1391 3293 1444 καὶ
3341 1389 3487 1462 βίους
3520 1390 3640 1444 ὀλο-

2051 1473 2311 1542 κλήρους,
2349 1475 2443 1528 καὶ
2469 1475 2710 1547 ἱστορίας
2734 1491 2748 1506 ·
2775 1476 2870 1529 καὶ
2900 1474 3194 1543 ἐπιστολὴν
3227 1477 3256 1528 6
3287 1475 3386 1546 μὲν
3416 1475 3644 1546 ἄπειρος

2049 1555 2252 1621 λαϐὼν,
2282 1557 2492 1629 χάρτην
2514 1560 2787 1630 ἡγήσεται
2807 1560 2902 1614 καὶ
2923 1559 3092 1630 μέλαν
3121 1553 3263 1612 εἶναι
3278 1575 3290 1588 ·
3319 1559 3348 1611 6
3369 1558 3426 1610 δὲ
3449 1557 3646 1628 ἔμπει-

2052 1656 2146 1710 ρος
2173 1640 2268 1694 καὶ
2302 1641 2490 1712 φωνῆς
2516 1642 2832 1706 ἀκούσεται,
2876 1645 2972 1698 καὶ
2993 1643 3294 1708 διαλέξεται
3321 1639 3402 1712 τῷ
3424 1641 3638 1705 ἀπόντι,

2051 1724 2146 1776 καὶ
2200 1724 2338 1796 ὅπερ
2387 1725 2454 1780 ἀν
2488 1725 2750 1799 βούληται
2799 1727 2887 1782 διά
2933 1727 3044 1780 τῶν
3095 1725 3444 1798 γραμμάτων
3483 1725 3647 1780 πάλιν

2051 1809 2202 1880 ἐρεῖ·
2234 1809 2378 1864 οὕτω
2413 1812 2509 1865 καὶ
2536 1812 2630 1866 ἐπὶ
2661 1811 2756 1866 τοῦ
2793 1811 3097 1884 μυστηρίου
3145 1812 3393 1882 γίνεται·
3445 1811 3494 1863 οί
3547 1811 3646 1880 μὲν

2050 1892 2290 1957 ἄπιστοι,
2317 1893 2578 1964 καίτοι-γε
2601 1895 2914 1960 ἀκούοντες,
2939 1895 3001 1948 οὐ
3031 1893 3282 1948 δοκοῦσιν
3316 1891 3538 1948 ἀκούειν
3556 1909 3570 1923 ·
3597 1895 3648 1946 of.

2051 1975 2109 2028 δὲ
2143 1976 2327 2030 πιστοὶ
2351 1975 2452 2048 τὴν
2485 1978 2574 2032 διὰ
2598 1979 2692 2032 τοῦ
2729 1977 3050 2050 Πνεύματος
3078 1977 3296 2048 ἔχοντες
3327 1975 3647 2048 ἐμπειρίαν,

2049 2059 2219 2130 ὁρῶσι
2248 2061 2360 2114 τῶν
2403 2062 2853 2132 ὲναποκειμένων
2887 2056 2988 2133 τὴν
3020 2061 3272 2134 δύναμιν.
3310 2060 3483 2114 Τοῦτο
3515 2059 3648 2128 γοῦν

2051 2145 2183 2198 αὐτὸ
2215 2145 2394 2217 δηλῶν
2430 2147 2459 2200 6
2488 2147 2704 2212 Παῦλος
2741 2148 2931 2217 ἔλεγεν
2953 2165 2967 2181 ο
3007 2149 3132 2202 Ὅτι
3158 2147 3260 2204 καὶ
3296 2147 3416 2202 νῦν
3445 2147 3512 2200 τὸ
3541 2163 3650 2212 2m-

2044 2230 2418 2298 ρυττόμενον
2457 2231 2942 2300 ἀποκέκρυπται·
2979 2229 3098 2303 [52]
3133 2231 3258 2296 τοῖς
3308 2229 3418 2300 γὰρ
3457 2230 3650 2284 ἀπονί-

2051 2311 2359 2378 λυμένοις,
2394 2313 2581 2384 φησὶν,
2629 2312 2764 2367 ἐστὶ
2815 2311 3295 2384 κεκαλυμμένον.
3341 2311 3554 2375 ’Ἄλλως
3591 2311 3651 2365 δὲ

2053 2393 2147 2446 καὶ
2183 2393 2245 2447 τὺ
2279 2394 2585 2466 παράδοξον
2631 2397 2890 2468 ἐμφαίνει
2940 2397 3037 2451 τοῦ
3073 2396 3452 2468 κηρύγματος.
3492 2395 3651 2450 Οὕτω

2049 2475 2115 2548 δὴ
2141 2475 2300 2530 εἴωθε
2328 2479 2521 2534 καλεῖν
2566 2481 2600 2550 ή
2634 2479 2829 2552 Γραφὴ
2871 2481 2940 2534 τά
2977 2480 3108 2551 παρ’
3139 2479 3362 2542 ἐλπίδας
3389 2479 3484 2532 καὶ
3507 2477 3650 2549 ὑπὲρ

2049 2559 2290 2615 διάνοιαν
2329 2561 2680 2634 ἀνθρωπίνην
2712 2563 2996 2632 γινόμενα.
3032 2563 3126 2616 Διδ
3152 2561 3248 2615 καὶ
3279 2559 3536 2632 ἀλλαχοῦ,
3576 2561 3649 2615 Τὸ

2045 2644 2390 2712 μυστήριόν
2426 2663 2546 2715 μου
2592 2645 2724 2715 ἐμοὶ
2763 2646 2867 2699 καὶ
2917 2645 3042 2712 τοῖς
3073 2645 3272 2716 ἐμοῖς·
3309 2644 3401 2699 καὶ
3431 2645 3594 2700 πάλιν
3621 2647 3650 2699 6

2054 2728 2286 2792 Παῦλος,
2339 2729 2486 2783 Ἰδοὺ
2513 2729 2858 2800 μυστήριον
2883 2727 3028 2796 ὑμῖν
3055 2728 3211 2798 λέγω
3231 2742 3246 2758 ·
3279 2728 3506 2792 πάντες
3529 2728 3650 2796 μὲν

2052 2813 2124 2864 οὐ
2148 2813 2660 2880 κοιμηθησόμεθα,
2701 2811 2928 2876 πάντες
2955 2811 3024 2865 δέ
3057 2812 3547 2879 ἀλλαγησόμεθα.
3585 2808 3651 2862 Et

2051 2893 2106 2947 δὲ
2139 2895 2416 2966 πανταχοῦ
2462 2897 2820 2968 κηρύττεται,
2875 2895 2972 2949 καὶ
2998 2893 3141 2948 οὕτω
3173 2893 3475 2966 μυστήριόν
3511 2895 3646 2947 ἐστι.

2051 2979 2164 3032 Καὶ
2203 2979 2311 3050 γὰρ
2367 2978 2554 3050 ὥσπερ
2595 2977 3000 3048 ἐκελεύσθημεν
3033 2978 3177 3050 άπερ
3219 2976 3538 3048 ἠκούσαμεν
3569 2977 3649 3039 εἰς

2049 3062 2113 3116 τὸ
2143 3057 2236 3124 οῦς
2261 3064 2440 3118 εἰπεῖν
2469 3064 2563 3118 ἐπὶ¹
2592 3063 2702 3117 τῶν
2724 3064 3016 3135 δωμάτων,
3044 3063 3190 3116 οὕτω
3226 3061 3650 3133 προσετάγημεν

2055 3147 2130 3218 μὴ
2170 3147 2357 3202 δοῦναι
2399 3148 2467 3202 τὰ
2499 3149 2632 3217 ἆγια
2666 3151 2779 3212 τοῖς
2809 3148 2957 3211 κυσὶ,
2995 3147 3130 3219 μηδὲ
3157 3147 3312 3218 ῥῖψαι
3347 3147 3472 3212 τοὺς
3505 3163 3649 3218 μαρ-

2053 3230 2282 3300 γαρίτας
2315 3231 2629 3302 ἔμπροσθεν
2683 3232 2791 3284 τῶν
2847 3232 3070 3302 χοίρων.
3124 3231 3188 3282 Ui
3249 3231 3348 3300 μὲν
3379 3230 3488 3301 γάρ
3537 3231 3649 3282 είσι

2051 3315 2297 3387 ψυχικοὶ,
2335 3319 2430 3371 καὶ
2460 3319 2521 3370 οὐ
2558 3317 2772 3370 νοοῦσιν
2794 3335 2805 3346 ·
2839 3319 2888 3371 οί
2923 3316 2980 3370 δὲ
3011 3316 3281 3388 κάλυμμα
3312 3315 3525 3386 ἔχουσιν
3557 3315 3651 3368 ἐπὶ

2051 3401 2150 3470 τῆς
2185 3401 2414 3473 καρδίας
2439 3402 2640 3467 αὐτῶν,
2672 3401 2766 3456 καὶ
2811 3402 2872 3454 οὐ
2909 3400 3220 3472 βλέπουσιν.
3253 3399 3401 3470 ’Ἄρα
3433 3399 3652 3468 μυστήτ-

2054 3496 2169 3556 ριον
2214 3484 2374 3538 τοῦτο
2425 3485 2661 3556 μάλιστά
2693 3486 2862 3548 ἐστιν,
2900 3484 2928 3538 ὃ
2979 3483 3258 3553 πανταχοῦ
3311 3481 3408 3552 μὲν
3437 3480 3648 3552 κηρύτ-

2050 3584 2224 3632 τεται,
2250 3569 2312 3622 οὑ
2339 3569 2666 3640 γνωρίζεται
2697 3568 2754 3622 δὲ
2777 3567 2930 3639 παρά
2953 3566 3062 3620 τῶν
3091 3567 3192 3620 οὑκ
3219 3563 3388 3636 ὀρθὴν
3416 3565 3650 3634 ἐχόντων

2051 3651 2312 3724 γνώμην·
2350 3653 2757 3708 ἐκκαλύπτεται
2791 3653 2848 3706 δὲ
2877 3652 2978 3706 οὐκ
3011 3652 3118 3705 ἀπὸ
3149 3650 3364 3719 σοφίας,
3396 3649 3510 3701 ἀλλ’
3543 3647 3650 3700 ἀπὺ

2054 3735 2371 3808 Πνεύματος
2416 3737 2596 3807 ἁγίου,
2653 3736 2884 3790 καθόσον
2917 3737 3050 3806 ἡμῖν
3085 3732 3346 3798 δέξασθαι
3400 3731 3644 3785 δυνατόν.

2053 3819 2257 3890 Διόπερ
2286 3821 2387 3874 οὐκ
2415 3820 2481 3874 ἄν
2514 3837 2600 3885 τις
2631 3819 2868 3890 ἁμάρτοι
2897 3820 2991 3872 καὶ
3023 3819 3166 3889 μετὰ
3195 3815 3356 3871 τοῦτο
3389 3814 3523 3870 αὐτὸ
3549 3831 3651 3884 μυ-

2053 3907 2274 3976 στήριον
2312 3905 2446 3956 αὐτὸ
2494 3901 2810 3972 προσειπὼν
2843 3903 3186 3974 ἀπόρρητον·
3218 3899 3338 3953 οὐδὲ
3384 3898 3491 3968 γὰρ
3517 3898 3650 3968 ήμϊν

2052 3989 2164 4050 τοῖς
2196 3989 2410 4050 πιστοῖς
2451 3988 2605 4040 πᾶσα
2649 3985 2994 4055 ἐνεχειρίσθη
3045 3985 3318 4052 σαφήνεια
3357 3981 3452 4033 καὶ
3490 3979 3650 4048 ἀκρί·
3755 4013 3760 4015 -

2052 4071 2196 4125 ϐεια.
2217 4071 2310 4125 Διὸ
2334 4071 2427 4124 καὶ
2451 4072 2478 4124 6
2504 4069 2716 4132 Παῦλος
2745 4068 2948 4136 ἔλεγεν·
2992 4066 3095 4120 Ἐκ
3109 4065 3338 4135 μέρους
3365 4061 3650 4132 γινώσκοι

2047 4173 2182 4227 μεν,
2217 4155 2314 4208 καί
2341 4155 2408 4208 ἐκ
2433 4152 2656 4222 μέρους
2682 4151 3160 4220 προφητεύομεν.
3198 4148 3512 4216 Βλέπομεν
3541 4144 3649 4214 γὰρ

2053 4240 2183 4309 ἄρτι
2217 4239 2291 4292 δι’
2325 4239 2627 4306 ἐσόπτρου
2647 4235 2728 4302 ὡς
2760 4237 2830 4290 ἐν
2859 4235 3182 4304 αἰνίγματι,
3213 4232 3348 4284 τότε
3368 4229 3436 4283 δὲ
3463 4227 3648 4295 πρόσ-

2052 4339 2220 4376 ωπον
2263 4321 2414 4389 πρὸς
2463 4320 2812 4389 πρόσωπον.
2851 4317 2950 4370 Διά
2985 4315 3143 4369 τοῦτο
3203 4313 3381 4382 ἔλεγε,
3413 4309 3649 4367 Λαλοῦ-

2047 4424 2166 4476 μεν
2199 4405 2428 4475 σοφίαν
2472 4406 2543 4458 ἐν
2565 4403 2880 4473 μυστηρίῳ
2929 4399 3044 4466 τὴν
3083 4394 3646 4466 ἀποκεκρυμμένην,

2055 4490 2136 4557 ἣν
2160 4489 2496 4560 προώρισεν
2529 4491 2562 4542 ὁ
2605 4487 2750 4553 Θεὸς
2777 4487 2892 4555 πρὸ
2923 4483 3040 4538 τῶν
3077 4482 3310 4536 αἰώνων
3341 4483 3429 4545 είς
3457 4479 3648 4560 δόξαν

2054 4559 2242 4644 ἡμῶν.
2285 4570 2861 4642 Ἀποκεκρυμμένην,
2889 4567 3192 4629 τουτέστιν,
3219 4567 3302 4618 ὅτι
3330 4565 3506 4626 οὐδεὶς
3541 4559 3648 4633 πρὸ

2054 4657 2214 4729 ήμῶν
2261 4655 2434 4727 ἔμαθε
2487 4654 2600 4708 τῶν
2634 4653 2748 4708 ἅνω
2797 4652 3104 4722 δυνάμεων,
3159 4650 3190 4718 ἦ
3243 4648 3371 4702 ὃτιδ
3423 4647 3545 4700 οὑδέ
3597 4647 3646 4698 οἱ

2058 4741 2244 4794 πολλοὶ
2279 4739 2374 4794 νῦν
2425 4738 2626 4792 ἴσασιν.
2661 4737 2832 4790 Τοῦτο
2858 4734 2968 4807 γὰρ
2999 4735 3152 4804 δηλοῖ
3189 4732 3270 4795 τὸ,
3311 4731 3650 4799 Πριιὼρισεν

2053 4829 2143 4892 εὶς
2187 4823 2376 4890 δόξαν
2422 4822 2624 4893 ἡμῶν·
2671 4822 2850 4876 καίτοι
2897 4837 2960 4887 γε
3011 4817 3247 4888 ἀλλαχοῦ
3305 4831 3510 4885 φησιν·
3545 4817 3648 4878 Είς

2056 4909 2247 4973 δόξαν
2284 4907 2524 4962 ἑαυτοῦ.
2562 4905 2792 4959 Ἑαυτοῦ
2831 4905 2938 4974 γάρ
2967 4905 3180 4972 ἡγεῖται
3205 4899 3362 4965 δόξαν
3386 4898 3484 4966 τὴν
3513 4898 3648 4968 ήμε-

2055 4993 2221 5062 τέραν
2256 4989 2550 5062 σωτηρίαν,
2589 4988 2782 5059 ὥσπερ
2808 4983 2901 5040 οὖν
2935 4987 3027 5038 καὶ
3061 4983 3288 5037 πλοῦτον
3321 4979 3514 5034 ἑαυτοῦ
3550 4996 3648 5031 κα-

2056 5077 2168 5140 λεῖ,
2204 5075 2384 5130 καίτοι
2414 5091 2478 5142 γε
2515 5073 2677 5136 αὐτὸς
2725 5071 2955 5134 πλοῦτος
3007 5069 3084 5121 ὢν
3129 5064 3374 5135 ἀγαθῶν,
3432 5062 3528 5118 καὶ
3560 5063 3647 5116 ού·-

2053 5159 2205 5222 δενὸς
2247 5157 2501 5229 δεόμενος
2547 5158 2628 5220 είς
2677 5155 2740 5208 τὸ
2793 5150 2934 5208 εἶναι
2991 5149 3266 5212 πλούσιος.
3323 5145 3646 5216 Προώρισε,

2057 5245 2214 5315 φησὶ,
2241 5243 2342 5315 τὴν
2369 5243 2496 5313 περὶ
2525 5241 2678 5312 ἡμᾶς
2711 5237 3041 5309 κηδεμονίαν
3073 5233 3504 5303 ἐνδεικνύμενος.
3539 5229 3651 5315 καὶ

2057 5313 2165 5400 γάρ
2193 5313 2390 5380 ἐκεῖνοι
2423 5323 2658 5397 μάλιστα
2687 5324 2780 5376 καὶ
2811 5323 2977 5392 τιμᾷν
3005 5321 3100 5374 καὶ
3122 5318 3296 5388 φιλεῖν
3320 5316 3468 5386 ἡμᾶς
3494 5313 3620 5400 νομί
3631 5341 3646 5354 ο

2056 5396 2263 5476 ξονται,
2293 5396 2518 5480 ὅσοιπερ
2543 5405 2750 5462 ἀνωθεν
2786 5400 2918 5458 ὦσιν
2949 5405 3099 5475 ἡμᾶς
3131 5396 3647 5480 παρεσκευασμένοι

2055 5496 2230 5547 ποιεῖν
2261 5491 2318 5546 εὖ
2342 5511 2354 5522 ·
2383 5479 2520 5563 ὅπερ
2549 5491 2642 5544 καὶ
2669 5493 2716 5542 οί
2755 5489 2990 5558 πατέρες
3025 5487 3118 5540 ἐπὶ
3153 5485 3361 5538 παίδων
3394 5479 3646 5563 ποιοῦσι·

2057 5580 2151 5633 καὶ
2182 5577 2292 5650 γὰρ
2311 5580 2360 5630 εί
2390 5561 2620 5648 ὕστερον
2648 5574 2853 5628 διδόασι
2887 5572 2956 5626 τά
2979 5571 3262 5642 χρήματα,
3295 5565 3409 5650 ἀλλ’
3435 5561 3646 5650 ἀνωθεν

2056 5665 2152 5718 καὶ
2184 5645 2244 5727 ἐξ
2264 5645 2462 5734 ’ἀρχῆς
2511 5645 2617 5714 εἰσι
2647 5659 2806 5712 τοῦτο
2839 5654 3238 5728 προῃρημένοι.
3286 5647 3458 5734 Τοῦτο
3495 5645 3648 5734 καὶὺ

2055 5746 2270 5810 Παῦλος
2295 5728 2587 5809 σπουδάζει
2609 5741 2776 5806 δείξαι
2799 5740 2916 5803 νῦν,
2948 5741 3031 5792 ὄτι
3064 5737 3150 5790 ἀεὶ
3175 5735 3322 5806 ἡμᾶς
3351 5729 3528 5801 ἐφίλει
3549 5728 3646 5810 καὶ

2053 5807 2264 5889 ἄνωθεν
2297 5833 2325 5884 ό
2365 5829 2498 5885 Θεὸς
2516 5807 2632 5880 καὶ
2664 5825 2892 5896 μηδέπω
2923 5819 3273 5892 γενομένους.
3309 5813 3384 5868 Οὐ
3411 5811 3520 5884 γὰρ
3553 5807 3642 5876 ἂν,

2118 6005 2148 6046 b
2175 6001 2386 6054 Aberanl
2424 5997 2570 6050 verba
2596 5997 2627 6055 ἢ
2673 5995 2764 6043 ὅτι.
