4086 6464
472 374 540 431 57
1163 372 1228 428 S.
1271 369 1558 428 JOALVNIS
1595 363 2080 425 CIIIHSOSTOMI
2122 360 2445 423 ARCIIIEF.
2487 360 3034 420 CONSTANTINOP.
3672 360 3744 421 58

464 491 515 544 εἰ
552 487 629 560 μὴ
661 486 859 557 ἐφίλει,
891 487 981 541 τὸν
1010 486 1239 540 πλοῦτον
1264 488 1396 557 ἡμῖν
1426 485 1720 557 προώρισε.
1751 484 1844 555 Μὴ
1870 481 2051 537 τοίνυν

459 580 723 652 ἐννοήσῃς
771 579 871 651 τὴν
923 580 981 632 ἐν
1011 577 1161 649 μέσῳ
1191 576 1493 646 γενομένην
1540 576 1772 647 ἐχθραν’
1812 575 2047 647 πρεσϐυ-

454 671 596 744 τέρα
626 670 737 742 γάρ
764 666 833 740 ἦν
858 670 1028 741 αὐτῆς
1056 671 1089 740 ή
1113 668 1279 738 φιλία.
1308 667 1381 720 Τὸ
1400 667 1478 734 δὲ,
1501 668 1623 736 Πρὸ
1644 666 1764 721 τῶν
1793 668 2044 735 αἰώνων,

459 760 521 814 τὸ
561 761 732 815 ἀΐδιόν
772 777 938 831 φησι·
997 760 1091 812 καὶ
1146 756 1254 829 γὰρ
1306 756 1542 828 ἀλλαχοῦ
1577 756 1721 811 οὕτω
1747 755 1938 826 λέγει·
1987 757 2052 811 '0

459 852 754 921 ὑπάρχων
781 851 899 921 πρὸ
923 850 1043 905 τῶν
1068 848 1319 903 αἰώνων.
1349 848 1721 921 Εὑρεθήσεται
1747 850 1929 906 τοίνυν
1954 848 2051 904 καί

459 946 490 997 6
516 946 645 1011 Υίὸς
672 945 845 1008 οὓτως
876 943 1045 1008 ἀίδιος
1073 942 1168 996 ὧν.
1210 943 1320 996 Καὶ
1354 942 1464 1014 γὰρ
1493 942 1622 1015 περί
1654 942 1822 997 αὐτοῦ
1857 959 2049 1013 φησιν,

459 1033 543 1087 δτι
589 1033 659 1086 δι’
705 1031 871 1085 αὐτοῦ
912 1031 1041 1095 τοὺς
1073 1029 1279 1096 αἰῶνας
1308 1030 1584 1105 ἐποίησεν,
1627 1032 1766 1105 ὅπερ
1794 1033 1914 1088 ἐστί
1941 1031 2051 1103 πρὸ

344 1124 347 1127 λ
457 1124 569 1180 τῶν
613 1122 826 1179 αἰώνων
878 1124 1169 1196 ὑπάρχειν.
1241 1124 1302 1178 '0
1350 1124 1463 1197 γὰρ
1498 1125 1730 1196 ποιητὴς
1783 1124 1892 1196 πρὸ
1938 1124 2051 1179 τῶν

457 1218 783 1291 ποιημάτων
819 1217 1045 1290 εὔδηλον
1073 1219 1177 1272 ὅτι.
1219 1219 1327 1274 Ἦν
1358 1216 1555 1285 οὐδεὶς
1585 1216 1707 1271 τῶν
1736 1218 2051 1288 ἀρχόντων

457 1311 566 1365 τοῦ
591 1311 811 1377 αἰῶνος
837 1310 1055 1365 τούτου
1080 1310 1372 1379 ἔγνωκεν·
1399 1311 1450 1364 εἰ
1473 1308 1583 1380 γὰρ
1606 1309 1906 1379 ἔγνωσαν,
1934 1311 2047 1364 οὐκ

456 1402 537 1457 ἂν
576 1403 679 1457 τὸν
721 1405 942 1472 Κύριον
981 1400 1093 1470 τῆς
1140 1402 1328 1470 δόξης
1366 1403 1781 1471 ἐσταύρωσαν.
1834 1401 2047 1457 Οὐκοῦν

455 1495 576 1548 οὐδέ
606 1495 970 1565 ἐγκλημάτων
996 1493 1136 1548 εἰσίν
1166 1491 1327 1560 ἄξιοι,
1363 1494 1416 1546 εἰ
1440 1510 1500 1562 γε
1529 1493 1603 1565 μή
1643 1492 1913 1562 ἔγνωσαν,
1950 1494 2047 1548 καί

456 1587 813 1660 ἐσταύρωσαν
836 1598 886 1639 ι.
932 1584 1046 1640 Kal
1072 1587 1120 1640 εἰ
1168 1583 1244 1656 μή
1276 1584 1495 1657 ᾔδεσαν,
1542 1583 1660 1648 πῶς
1708 1583 1897 1652 ἔλεγεν
1945 1584 2044 1637 αύ-

454 1680 591 1743 τοίς,
621 1677 730 1733 Καὶ
759 1677 864 1747 ἐμὲ
892 1676 1116 1740 οῖδατε,
1140 1676 1240 1731 καί
1269 1675 1469 1730 οἴδατε
1508 1676 1697 1732 πόθεν
1731 1677 1851 1746 εἰμί
1869 1692 1887 1738 ;
1908 1676 2046 1746 Περὶ

455 1768 566 1840 γὰρ
590 1768 685 1822 τοῦ
714 1768 949 1824 Πιλάτου
986 1769 1152 1839 φησὶν
1174 1769 1208 1839 ἡ
1236 1765 1448 1839 Γραφὴ,
1473 1768 1556 1822 ὅτι
1592 1768 1694 1822 οὐκ
1722 1768 1838 1840 ᾔδει
1862 1787 1874 1799 ·
1898 1769 2044 1832 εἰκὸς

455 1860 512 1916 δὲ
538 1860 673 1933 μηδέ
715 1860 807 1914 τὸν
837 1857 953 1932 [55]
1002 1858 1252 1931 Ἡρώδην
1281 1860 1498 1914 εἰδέναι.
1533 1860 1770 1925 Τούτους
1807 1860 1875 1915 ἂν
1900 1861 2043 1915 εἴποι

453 1971 539 2018 τις
573 1955 858 2009 καλεῖσθαι
880 1954 1149 2025 ἄρχοντας
1178 1952 1271 2007 τοῦ
1300 1952 1499 2016 αἰῶνος
1522 1952 1735 2007 τούτου.
1768 1953 1833 2007 Εἰ
1859 1953 1915 2006 δὲ
1947 1954 2044 2007 καὶ

456 2049 586 2119 περί
619 2046 727 2100 τῶν
788 2044 1058 2100 Ἰουδαίων
1100 2044 1195 2099 καί
1228 2046 1357 2117 περὶ
1402 2045 1512 2098 τῶν
1550 2043 1743 2117 ἱερέων
1783 2045 1928 2099 είποι
1957 2062 2043 2107 τις

453 2136 522 2191 ἂν
538 2136 698 2190 τοῦτο
722 2134 999 2205 λέγεσθαι,
1029 2134 1130 2189 οὐκ
1151 2135 1218 2190 ἂν
1244 2133 1484 2206 ἁμάρτοι
1504 2150 1518 2165 ⁸
1552 2135 1645 2188 καὶ
1674 2132 1785 2205 γάρ
1812 2134 2044 2199 ἐκείνοις

455 2229 642 2296 φησιν,
685 2228 836 2282 Οὔτε
879 2228 986 2298 ἐμὲ
1035 2227 1256 2292 οῖδατε,
1293 2229 1435 2283 οὔτε
1472 2228 1581 2283 τὸν
1620 2228 1855 2297 Πατέρα
1897 2246 2038 2298 μου.

454 2319 580 2383 Πῶς
604 2315 698 2374 οὖν
732 2319 993 2393 ἀνωτέρω
1022 2322 1176 2391 φησὶ,
1209 2320 1319 2376 Καὶ
1340 2320 1444 2391 ἐμὲ
1462 2320 1685 2387 οἴδατε,
1710 2320 1809 2375 καί
1841 2320 2042 2375 οἴδατε

450 2412 639 2466 πόθεν
687 2414 807 2483 εἰμί
825 2428 844 2478 ;
903 2411 1063 2467 Ἀλλά
1099 2412 1185 2477 τίς
1235 2414 1265 2467 6
1304 2413 1504 2484 τρόπος
1536 2412 1637 2484 τῆς
1674 2412 2042 2483 ἀναγνώσεως

448 2503 655 2575 ταύτης
709 2506 804 2559 καὶ
853 2504 936 2568 τίς
984 2505 1225 2575 ἐκείνης,
1279 2504 1337 2558 ἐν
1377 2506 1491 2569 τοῖς
1543 2505 1901 2575 Εὐαγγελίοις
1937 2506 2038 2578 ήδη

449 2597 695 2668 εῐρηταιο
750 2594 867 2663 καὶ,
915 2594 1059 2650 ὥστε
1094 2595 1170 2668 μή
1202 2596 1444 2668 συνεχῶς
1475 2597 1537 2651 τὸ
1586 2597 1721 2652 αὐτὸ
1759 2597 2038 2671 στρέφειν,

448 2685 571 2741 ἐκεῖ
594 2685 1044 2759 παραπέμπομεν
1068 2686 1197 2751 τοὺς
1227 2687 1679 2758 ἐντυγχάνοντας.

519 2776 592 2846 γ’.
620 2777 688 2830 Τί
716 2774 844 2844 οῦν;
876 2777 1300 2848 ἀφείθη,φησίν,
1327 2779 1786 2843 αὐτοῖςτὸέπίτοῦ
1802 2782 2039 2855 σταυροῦ

448 2868 783 2941 ἀμάρτημα;
823 2869 918 2923 καί
950 2867 1061 2939 γάρ
1085 2863 1274 2923 εἶπενο
1310 2870 1487 2939 Ἄφες
1538 2872 1762 2940 αὐτοῖς.
1809 2874 1873 2928 Εἰ
1911 2892 2040 2946 μετ.

445 2960 697 3030 ενόησαν,
722 2959 940 3030 ἀφείθη.
987 2958 1099 3014 Καὶ
1121 2959 1231 3032 γάρ
1250 2962 1280 3014 6
1311 2961 1534 3033 μυρίαις
1559 2960 1738 3033 βαλὼν
1767 2966 1925 3036 χερσὶ
1948 2967 2039 3020 τὸν

446 3051 738 3120 Στέφανον,
789 3051 883 3104 καὶ
914 3049 1113 3115 διώξας
1158 3052 1257 3124 τὴν
1302 3053 1632 3124 Ἐκκλησίαν
1662 3053 1898 3120 Παῦλος,
1936 3056 2038 3127 τῆς

460 3142 789 3215 Ἐκκλησίας
810 3143 1125 3215 προστάτης
1152 3143 1393 3213 ἐγένετο.
1426 3144 1614 3210 Οὕτως
1640 3142 1736 3201 οὖν
1764 3147 2043 3213 κάκείνοις

446 3214 789 3307 ἀφείθητοῖς
820 3214 1128 3306 βουληθεῖσι
1153 3238 1526 3307 μεταγνῶναι’
1559 3237 1588 3291 6
1611 3237 1676 3310 δή
1708 3238 1801 3292 καὶ
1827 3240 1857 3292 6
1886 3239 2037 3294 Παῦ-

444 3327 536 3391 λος
569 3327 709 3400 βοῶν
737 3326 893 3398 ἔλεγε
914 3342 928 3357 ’
961 3328 1127 3398 Λέγω
1162 3322 1306 3383 οὖν·
1335 3328 1432 3399 Μὴ
1463 3328 1763 3384 ἔπταισαν
1787 3331 1889 3385 ἵνα
1928 3331 2037 3386 πέ-

444 3434 635 3486 σωσι;
682 3419 782 3489 Μὴ
828 3418 1077 3490 γένοιτο.
1129 3421 1239 3474 Kal
1273 3420 1457 3486 πάλιν,
1511 3421 1654 3490 Μὴδ
1687 3420 1977 3479 ἀπώσατο
2003 3425 2037 3478 ὁ

446 3511 592 3577 Θεὸς
619 3511 728 3565 τὸν
768 3510 926 3566 λαὸν
962 3511 1152 3566 αὑτοῦ
1198 3511 1273 3566 ὸν
1308 3511 1618 3584 προέγνωξ
1648 3514 1746 3584 Μὴ
1777 3514 2033 3585 γένοιτο.

444 3601 581 3657 Εἶτα
604 3602 818 3668 δεικνὺς
856 3603 937 3658 ὅτι
967 3602 1069 3658 οὐκ
1109 3602 1446 3677 ἀπεκλείσθη
1485 3606 1666 3661 αὐτῶν
1694 3608 1728 3679 ή
1753 3607 2033 3679 μετάνοια,

442 3695 745 3766 τεκμήριον
785 3694 887 3765 τὴν
942 3695 1280 3766 ἐπιστροφὴν
1330 3694 1431 3769 τὴν
1483 3697 1681 3751 ἐαυτοῦ
1738 3700 2036 3772 παρήγαγε

443 3787 619 3857 λέγων
640 3804 654 3821 ο
686 3787 799 3843 Καὶ
826 3786 939 3859 γὰρ
971 3787 1085 3858 ἐγὼ
1124 3789 1500 3861 ἰσραηλίτης
1529 3791 1667 3861 εἰμί.
1698 3792 1773 3846 Τὸ
1795 3792 1874 3855 δέ,
1912 3794 2036 3851 οὐκ

442 3877 740 3946 ἔγνωσαν,
772 3878 894 3949 ἐμοὶ
920 3877 1067 3932 δοκεῖ
1091 3879 1154 3933 οὐ
1184 3880 1314 3952 περί
1344 3880 1585 3952 Χριστοῦ
1613 3880 1847 3936 ἐνταῦθα
1876 3884 2034 3956 εἰρῆ-

444 3966 589 4033 σθαι,
623 3968 760 4023 ἀλλὰ
794 3969 925 4041 περί
967 3969 1139 4042 αὐτῆς
1171 3970 1268 4026 τοῦ
1317 3971 1645 4045 πράγματος
1678 3974 1778 4047 τῆς
1824 3976 2035 4030 οἰκονο-

447 4060 605 4133 μίας·
637 4054 771 4129 οἷον,
802 4060 856 4116 τί
882 4060 1136 4116 ἐϐούλετο
1164 4064 1194 4118 6
1216 4064 1446 4128 θάνατος
1467 4065 1562 4120 καὶ
1582 4066 1612 4119 6
1640 4066 1897 4139 σταυρὸς,
1930 4069 2033 4124 οὐκ

441 4152 684 4225 ᾔδεισαν.
730 4153 842 4208 Kal
871 4154 981 4226 γὰρ
1011 4155 1105 4209 καὶ
1133 4156 1252 4210 ἐκεῖ
1281 4157 1383 4211 οὐκ
1428 4154 1602 4225 εἶπεν,
1648 4158 1733 4213 ὃτι
1776 4152 2034 4232 Ἐμέοὐκ

440 4242 667 4310 οἴδασιν,
702 4243 841 4309 ἀλλ’,
875 4245 1000 4299 Οὐκ
1027 4244 1231 4300 οῖδασι
1259 4246 1319 4300 τί
1334 4246 1600 4315 ποιοῦσι,
1629 4249 1898 4319 τουτέστι,
1928 4251 2031 4324 τὴν

440 4333 755 4406 οἰκονομίαν
780 4334 880 4407 τὴν
907 4335 1244 4408 τελουμένην
1269 4337 1364 4390 καὶ
1393 4336 1456 4391 τὸ
1480 4339 1782 4410 μυστήριον
1806 4339 2031 4411 ἀγνοοῦ-

441 4442 549 4482 σιν.
574 4424 654 4483 Οὑ
682 4425 794 4499 γάρ
819 4426 1040 4499 ᾔδεσαν,
1064 4428 1147 4481 ὅτι
1166 4426 1314 4481 οὕτω
1340 4427 1553 4499 λάμψαι
1577 4428 1691 4501 ἔχει
1715 4432 1744 4484 6
1771 4434 2027 4506 σταυρὸς,

437 4518 523 4573 ὃτι
572 4519 677 4591 τῆς
723 4517 1052 4590 οἰκουμένης
1089 4518 1303 4588 γίνεται
1338 4520 1581 4593 σωτηρία
1626 4523 1723 4576 καὶ
1749 4522 1847 4576 τοῦ
1891 4523 2029 4580 Θεοῦ

440 4612 579 4684 πρὸς
603 4613 732 4676 τοὺς
756 4610 854 4665 ἀνθ
864 4612 1081 4692 ρώπους
1113 4611 1452 4685 καταλλαγὴ,
1483 4614 1580 4667 καὶ
1607 4614 1641 4685 ή
1672 4615 1826 4680 πόλις
1848 4617 2029 4673 αὐτῶν

439 4702 734 4767 ἁλώσεται,
757 4701 852 4755 καὶ
870 4700 1022 4756 δεινά
1050 4701 1449 4773 ὑποστήσονται
1482 4702 1553 4757 τὰ
1575 4702 1802 4775 ἔσχατα.
1826 4707 2029 4776 Σοφίαν

437 4798 496 4852 δὲ
518 4798 614 4851 καὶ
639 4795 733 4851 τὸν
762 4793 1000 4868 Χριστὸν
1021 4794 1179 4849 καλεῖ
1203 4794 1299 4850 καὶ
1326 4794 1418 4849 τὸν
1452 4796 1687 4868 σταυρὸν
1713 4800 1809 4853 καὶ
1842 4798 1903 4853 τὸ
1924 4801 2025 4872 κή-

404 4882 407 4883 ⁷
443 4904 650 4961 ρυγμα.
675 4885 963 4957 Εὑκαίρως
987 4885 1045 4940 δὲ
1071 4885 1277 4958 Κύριον
1297 4886 1458 4959 δόξης
1482 4888 1765 4944 ἐκάλεσεν.
1805 4891 2024 4963 Ἐπειδὴ

438 4983 549 5051 γὰρ
588 4979 619 5031 6
672 4978 907 5051 σταυρὸς
955 4977 1174 5044 ἀδοξίας
1223 4974 1365 5034 εῖναι
1400 4980 1570 5047 δοκεῖ,
1619 4980 1893 5037 δείκνυσιν
1941 4984 2026 5039 ὅτι

441 5071 653 5143 μεγάλη
684 5067 753 5142 ἦν
783 5070 912 5137 δόξα
937 5073 967 5126 6
1013 5070 1266 5143 σταυρὸς.
1317 5071 1478 5126 Ἀλλά
1514 5072 1761 5146 μεγάλης
1791 5074 1900 5130 ἔδει
1932 5093 2025 5132 σο-

438 5163 589 5231 φίας,
620 5163 681 5216 οὐ
712 5162 872 5234 μόνον
894 5163 956 5217 τὸ
984 5163 1076 5217 τὸν
1109 5163 1243 5217 Θεὸν
1270 5164 1494 5230 εἰδέναι,
1523 5164 1664 5219 ἀλλά
1690 5166 1786 5220 καὶ
1830 5166 2025 5238 μαθεῖν

435 5255 530 5310 τοῦ
561 5254 695 5309 Θεοῦ
722 5256 822 5327 τὴν
851 5256 1167 5327 οἰκονομίαν
1194 5255 1399 5328 ταύτην
1419 5275 1433 5289 ·
1466 5259 1501 5328 ή
1537 5258 1595 5312 δὲ
1625 5256 1825 5325 ἔξωθεν
1858 5262 2024 5332 σοφία

436 5346 560 5420 ούχί
603 5345 700 5401 τοῦ
741 5345 1013 5418 προτέρου
1067 5348 1249 5418 μόνον,
1287 5348 1424 5403 ἀλλὰ
1460 5349 1558 5403 καὶ
1605 5349 1797 5405 τούτου
1828 5351 2024 5423 γέγονε

438 5440 691 5511 κώλυμα.
740 5438 952 5506 Ἀλλὰ,
1009 5439 1203 5507 καθὼς
1257 5443 1603 5512 γέγραπται.
1641 5442 1681 5498 ᾱ
1712 5445 2024 5516 ὀφθαλμὸς

436 5533 549 5588 οὐκ
582 5530 766 5598 εἶδεν,
811 5531 913 5586 καὶ
939 5526 1049 5599 οὖς
1087 5534 1200 5588 οὐκ
1229 5532 1480 5603 ἤκουσε,
1507 5535 1606 5589 καὶ
1637 5536 1735 5591 ἐπὶ
1769 5538 2025 5606 καρδίαν

437 5624 755 5692 ἁνθρόκτου
805 5625 918 5679 οὐκ
964 5623 1170 5692 ἀνέϐη,
1216 5623 1253 5679 ᾶ
1292 5627 1622 5698 ἡτοίμασεν
1657 5630 1689 5682 ό
1725 5628 1872 5696 Θεὸς
1898 5630 2024 5697 τοῖς

439 5714 756 5783 ἀγαπῶσιν
791 5718 996 5772 αὐτόν.

508 5943 535 5969 ⁸
591 5941 766 5995 Deerat
805 5958 1025 6000 comma:
1073 5947 1319 6001 Οὐκοῦν...

591 5946 766 5995 Πειναί
805 5958 1025 6000 comma:
1073 5947 1319 6001 Οὐκοῦν...
1412 5948 1442 5993 δ
1467 5946 1735 6015 Legebatur
1758 5950 1897 6019 Λέγω
1923 5954 2023 6019 οὖν,

2229 480 2340 534 Kal
2359 479 2462 535 ποῦ
2484 479 2798 552 γέγραπται
2817 478 2920 534 ταῦ
2929 495 3021 545 τας
3040 477 3271 549 Λέγεται
3282 478 3392 550 γάρ
3406 481 3741 555 γεγράφθαι,

2156 570 2252 624 καὶ
2280 571 2413 625 ὅταν
2443 570 2519 644 μή
2563 571 2656 625 διὰ
2682 570 2792 624 τῶν
2826 571 3109 643 ῥημάτων,
3156 570 3294 626 ἀλλὰ
3326 571 3395 625 δι’
3426 572 3608 628 αὐτῶν
3630 574 3746 630 τῶν

2157 663 2503 734 πραγμάτων
2534 663 2765 732 κείμενα
2785 658 2844 736 ᾗ,
2876 662 2953 727 ώς
2978 662 3071 717 ἐπὶ
3094 662 3201 718 τῶν
3236 661 3488 736 ἰστοριῶν
3507 678 3523 695 ⁸
3549 663 3583 736 ἢ
3610 666 3745 720 ὅταν

2150 754 2212 809 τὸ
2242 754 2377 810 αὐτὸ
2410 756 2510 829 μὲν
2539 756 2718 828 νόημα
2749 756 3001 829 κείμενον
3029 751 3086 829 ᾖ,
3121 757 3197 828 μὴ
3221 752 3308 811 ἐπ’
3342 757 3598 813 αὐτῶνδέ
3632 758 3748 814 τῶν

2154 847 2440 918 ῥημάτων,
2482 847 2558 911 ώς
2583 847 2842 903 ἐνταῦθα.
2869 846 2944 901 T6
2974 846 3105 918 γὰρ,
3150 843 3252 914 Οἷς
3288 848 3401 902 οὐκ
3432 847 3746 920 ἀνηγγέλη

2153 939 2287 1008 περὶ
2320 939 2532 1006 αὐτοῦ,
2558 940 2833 1009 ὄψονται,
2869 940 2969 994 καί
3010 939 3069 995 οι
3112 941 3225 996 οὐκ
3262 940 3560 1011 ἀκηκόασι
3591 958 3746 997 συνι-

2147 1030 2397 1099 ήσουσι·
2416 1028 2575 1085 τοῦτο
2594 1031 2792 1086 ταυτὸν
2813 1033 2932 1086 ἐστι
2951 1032 3125 1104 τῷ,Ἀ
3141 1033 3451 1104 ὀφθαλμὸς
3468 1036 3579 1090 οὐκ
3589 1024 3740 1099 εἶδε.

2149 1122 2253 1177 καί
2297 1117 2407 1191 οὖς
2448 1124 2561 1179 οὐκ
2592 1122 2881 1192 ἤκουσεν.
2933 1126 3005 1179 Ἦ
3043 1124 3201 1180 τοῦτο
3235 1126 3416 1180 τοίνυν
3454 1126 3642 1198 φησὶν,
3698 1126 3738 1199 ἦ

2147 1213 2297 1278 εἰκὸς
2320 1215 2416 1269 καὶ
2435 1215 2748 1287 γεγράφθαι
2768 1217 2828 1270 ἐν
2860 1215 3084 1287 βίϐλοις,
3116 1218 3213 1273 καί
3237 1217 3534 1288 ἠφανίσθαι
3552 1218 3625 1272 τά
3654 1218 3740 1289 βι-

2147 1304 2294 1361 ϐλία.
2331 1307 2442 1361 Kal
2487 1306 2598 1379 γὰρ
2646 1307 2819 1362 πολλὰ.
2862 1308 3129 1382 διεφθάρη
3184 1308 3388 1381 βιϐλία,
3430 1311 3528 1365 καὶ
3578 1310 3745 1380 ὸλίγα

2145 1398 2399 1470 διεσώθη,
2448 1401 2544 1455 καί
2585 1401 2677 1455 ἐπὶ
2725 1404 2826 1473 τῆς
2860 1402 3135 1474 προτέρας
3185 1404 3587 1475 αἰχμαλωσίας.
3623 1404 3745 1459 Kal

2145 1489 2305 1543 τοῦτο
2336 1488 2494 1562 δῆλον
2521 1492 2580 1545 ἐν
2613 1493 2735 1557 ταῖς
2765 1490 2885 1565 [54]
2916 1493 3429 1566 Παραλείπομένπῖ
3449 1512 3463 1526 ⁸
3502 1495 3597 1550 καὶ
3625 1498 3774 1567 τάρχ

2145 1597 2310 1651 φησιν
2328 1582 2359 1635 6
2383 1581 2827 1651 Ἀπόστολος,ὅτι
2852 1584 3001 1639 Ἀπὸ
3020 1585 3307 1655 Σαμουὴλ
3327 1586 3424 1640 καί
3450 1585 3570 1640 τῶν
3585 1586 3746 1657 ἑξῆς

2144 1672 2474 1741 προφητῶν
2505 1671 2731 1741 πάντες
2761 1673 3039 1743 εἰρήκασι
3088 1676 3224 1745 περί
3260 1677 3470 1733 αὐτοῦ.
3515 1678 3629 1733 Kal
3671 1680 3744 1733 οὐ

2144 1760 2365 1825 πάντως
2392 1760 2620 1832 φέρεται
2648 1760 2822 1816 ταῦτα
2841 1779 2855 1793 ·
2886 1762 2981 1817 τὸν
3000 1764 3056 1819 δέ
3080 1763 3293 1820 Παῦλον
3318 1766 3415 1820 am
3449 1768 3746 1842 νομομαθῆ

2145 1850 2275 1906 δντα
2301 1852 2395 1906 καὶ
2426 1853 2707 1924 Πνεύματι
2737 1853 3109 1928 φθεγγόμενον
3135 1857 3282 1922 εἰκὸς
3314 1857 3514 1912 εἰδέναι
3554 1860 3748 1918 πάντα

2147 1945 2287 2017 μετὰ
2316 1944 2624 2018 ἀκριϐείας.
2656 1946 2771 2001 Kal
2795 1947 2848 2001 τί
2873 1946 3019 2018 λέγω
3049 1949 3177 2020 περί
3200 1950 3300 2023 τῆς
3321 1951 3741 2024 αἰχμαλωσίαςς

2144 2037 2257 2092 Kal
2292 2037 2404 2108 γάρ
2437 2037 2547 2110 πρὸ
2592 2038 2695 2108 τῆς
2720 2039 3106 2112 αἰχμαλωσίας
3144 2042 3317 2097 πολλὰ
3346 2043 3616 2114 ἠφάνιστο
3649 2044 3746 2117 βι-

2144 2128 2290 2195 ϐλία,
2317 2127 2430 2183 τῶν
2467 2129 2742 2184 Ἰουδαίων
2768 2132 2850 2196 εἰς
2877 2131 3119 2203 ἐσχάτην
3145 2134 3401 2189 ἀσέϐειαν
3429 2133 3751 2201 ἐξοκειλάνο

2142 2237 2271 2276 των.
2304 2221 2414 2275 Καὶ
2438 2220 2599 2292 δῆλον
2623 2222 2689 2275 ἐκ
2716 2221 2810 2276 τοῦ
2854 2222 3046 2288 τέλους
3069 2224 3169 2295 τῆς
3198 2224 3465 2298 τετάρτης
3494 2226 3603 2280 τῶν
3632 2227 3748 2282 Βα-

2144 2311 2393 2366 σιλειῶψ
2443 2313 2506 2367 τὸ
2542 2312 2652 2387 γὰρ
2703 2313 3126 2387 Δευτερονόμιον
3160 2316 3317 2387 μόλις
3362 2334 3466 2370 που
3505 2316 3745 2390 εὕρηται

2143 2406 2202 2458 ἐν
2232 2403 2439 2477 κοπρίᾳ
2467 2405 2982 2477 κατακεχωσμένον.
3037 2405 3249 2472 Ἄλλως
3292 2408 3350 2461 δὲ
3383 2408 3491 2462 εἰσί
3533 2409 3629 2463 καὶ
3653 2409 3747 2463 δι-

2145 2494 2280 2550 πλαῖ
2322 2495 2595 2569 πολλαχοῦ
2637 2500 2967 2570 προφητεῖαι
2999 2500 3112 2563 τοῖς
3152 2505 3543 2573 συνετωτέροις
3568 2503 3746 2556 εὐκαο

2142 2588 2430 2661 τάληπτοι,
2466 2588 2528 2655 ἐξ
2566 2583 2643 2644 ὧν
2668 2590 2842 2645 πολλὰ
2866 2591 2977 2646 τῶν
3000 2591 3229 2661 ἀσαφῶν
3258 2593 3406 2647 ἐστιν
3435 2594 3640 2665 εὑρεῖν.
3665 2593 3743 2647 Τί

2141 2677 2266 2749 οῦν;
2297 2681 2397 2737 οὒκ
2423 2678 2562 2737 εἶδεν
2587 2683 2889 2756 ὀφθαλμὸς,
2919 2685 2957 2739 ἀ
2984 2686 3286 2757 ἡτοίμασεν
3313 2688 3342 2741 6
3370 2686 3503 2751 Θεός
3523 2704 3538 2753 ;
3561 2686 3697 2759 Οὐχί
3717 2703 3739 2719 ο

2140 2774 2226 2840 τίς
2256 2774 2366 2847 γὰρ
2409 2774 2519 2829 τῶν
2552 2774 2859 2847 ἀνθρώπων
2897 2772 3006 2830 εἶδε
3044 2780 3111 2832 τά
3154 2778 3559 2850 οἰκονομεῖσθαι
3600 2778 3743 2848 μέλ-

2139 2866 2331 2933 λοντα;
2376 2862 2525 2938 *Αρα
2551 2862 2645 2922 οῦν
2669 2866 2792 2922 ούδέ
2832 2864 2926 2933 οῦς
2958 2868 3213 2938 ήκουσεν,
3237 2869 3359 2923 ούδέ
3389 2871 3482 2924 ἐπὶ
3504 2869 3743 2942 καρδίαν

2139 2958 2430 3030 ἀνθρώπου
2454 2959 2625 3031 ἀνέϐη
2642 2977 2657 3026 ;
2672 2960 2766 3015 καὶ
2785 2960 2903 3026 πῶς
2920 2977 2935 3028 ;
2955 2962 3018 3016 Εἰ
3042 2961 3153 3033 γάρ
3172 2963 3222 3015 οἰ
3253 2963 3533 3035 προφῆται
3554 2958 3739 3030 εἷπον,

2139 3051 2282 3118 πῶς,
2311 3050 2495 3125 φησὶν,
2529 3049 2625 3118 οῦς
2668 3054 2770 3108 οὐκ
2795 3054 3049 3125 ἤκουσεν.
3085 3056 3207 3111 οὐδὲ
3241 3057 3335 3111 ἐπὶ
3364 3056 3594 3128 καρδίαν
3633 3057 3741 3112 άν-

2139 3142 2361 3215 θρώπου
2396 3144 2603 3216 ἀνέϐη;
2638 3147 2754 3201 Οὐκ
2791 3146 2995 3219 ἀνέϐη·
3028 3147 3092 3201 οὐ
3120 3147 3232 3220 γάρ
3263 3149 3392 3218 περί
3424 3149 3606 3204 αὐτῶν
3634 3149 3739 3220 μό-

2137 3251 2229 3288 νον
2252 3236 2441 3306 φησίν,
2462 3237 2600 3292 ἀλλά
2628 3237 2758 3309 περὶ
2782 3237 2967 3310 πάσης
2991 3242 3091 3310 τῆς
3112 3239 3466 3311 ἀνθρωπίνης
3489 3239 3735 3310 φύσεως.

2138 3326 2206 3380 Τί
2242 3322 2370 3395 οῦν;
2405 3329 2455 3382 οἰ
2491 3328 2769 3400 προφῆται
2808 3330 2910 3385 οὐκ
2956 3331 3236 3402 ήκουσανς
3282 3333 3564 3387 Ἤκουσαν
3609 3333 3738 3404 μιν,

2137 3416 2256 3473 ἀλλ’
2275 3418 2378 3473 οὐκ
2402 3414 2472 3491 ἦν
2504 3419 2797 3491 ἀνθρώπου
2823 3416 2918 3485 οῦς
2953 3421 3015 3476 τὸ
3039 3417 3136 3486 οῦς
3169 3422 3233 3476 τὸ
3271 3423 3640 3495 προφητικόν·
3667 3425 3739 3479 οὐ

2136 3506 2249 3580 γάρ
2287 3506 2364 3573 ὡς
2411 3507 2690 3580 ἄνθρωποι
2722 3509 2984 3581 ήκουσαν,
3018 3510 3136 3566 ἀλλ’
3173 3511 3250 3576 ὡς
3296 3513 3597 3585 προφῆται.
3637 3512 3741 3567 Διό

2137 3609 2294 3665 φησι,
2337 3593 2680 3664 Προσέθηκέ
2730 3613 2837 3666 μοι
2884 3596 3064 3654 ὠτίον
3099 3599 3369 3666 ἀκούειν,
3404 3600 3505 3672 τὴν
3555 3617 3738 3674 προσ-

2136 3683 2312 3759 θήκην
2346 3684 2447 3757 τὴν
2484 3685 2595 3740 ἀπὸ
2635 3685 2733 3740 τοῦ
2768 3688 3090 3759 Πνεύματος
3117 3689 3316 3760 λέγων.
3346 3690 3509 3745 Ὅθεν
3546 3691 3734 3764 δῆλον,

2134 3775 2219 3830 ὅτι
2237 3776 2368 3848 πρὶν
2387 3776 2421 3847 ἢ
2441 3776 2694 3845 ἀκοῦσαι,
2715 3778 2838 3832 οὐδέ
2860 3781 2955 3834 ἐπὶ
2973 3781 3204 3852 καρδίαν
3224 3780 3515 3854 ἀνθρώπου
3537 3783 3731 3856 ἀνέϐη.

2134 3870 2293 3925 Μετά
2319 3870 2431 3942 γάρ
2452 3870 2553 3943 τήν
2578 3870 2676 3925 τοῦ
2718 3870 3038 3945 Πνεύματος
3080 3872 3227 3929 δόσιν
3274 3875 3376 3929 οὐκ
3416 3871 3487 3950 ἦν
3529 3878 3735 3950 καρδία

2133 3960 2448 4035 ἀνθρώπου,
2500 3962 2640 4018 ἀλλὰ
2671 3963 2872 4036 καρδία
2910 3965 3262 4039 πνευματικὴ
3292 3969 3328 4040 ἡ
3361 3966 3470 4023 τῶν
3516 3986 3735 4042 προφη-

2132 4052 2264 4117 τῶν,
2305 4053 2562 4125 καθάπερ
2592 4055 2688 4109 καὶ
2716 4056 2877 4121 αὐτός
2904 4073 3036 4129 φησι
3056 4074 3068 4089 ·
3104 4056 3276 4113 Νοῦν
3303 4060 3569 4129 Χριστοῦ
3594 4062 3736 4132 ἔκο-

2128 4161 2265 4216 μεν.
2314 4146 2384 4200 Ὃ
2431 4146 2490 4200 δέ
2534 4146 2707 4216 λέγει,
2757 4147 2920 4203 τοῦτό
2961 4150 3111 4204 ἐστι·
3146 4150 3301 4223 Πρὶν.
3334 4151 3370 4223 ἢ
3406 4151 3732 4225 Πνεύματος

2132 4236 2443 4293 ἀπολαῦσαι
2483 4238 2581 4293 καί
2623 4239 2818 4311 μαθεῖν
2844 4241 2914 4295 τὰ
2952 4240 3264 4314 ἀπόρρητα,
3303 4242 3427 4297 οὐδὲ
3453 4243 3613 4315 ήμῶν
3641 4260 3732 4310 τις

2132 4330 2255 4385 οὐδὲ
2294 4330 2403 4385 τῶν
2432 4331 2732 4405 προφητῶν
2772 4333 2913 4388 αὐτὰ
2953 4334 3226 4406 ἐνενόησε.
3263 4335 3389 4401 Πῶς
3417 4334 3549 4408 γάρ,
3588 4337 3730 4391 ὅπου

2130 4422 2256 4478 οὐδὲ
2278 4422 2500 4493 ἄγγελοι
2531 4423 2674 4478 αὐτά
2700 4423 2937 4497 ᾔδεσαν;
2965 4425 3032 4479 Τί
3059 4425 3168 4499 γὰρ
3196 4427 3305 4500 χρὴ
3337 4427 3540 4497 λέγειν,
3565 4428 3723 4500 φησί,

2132 4516 2264 4588 περί
2292 4515 2402 4570 τῶν
2429 4516 2713 4589 ἀρχόντων
2755 4516 2854 4571 τοῦ
2880 4516 3078 4582 αἰῶνος
3102 4519 3322 4586 τούτου,
3361 4521 3498 4576 ὅπου
3530 4537 3596 4591 γε
3626 4521 3726 4575 οὐ-

2129 4609 2241 4674 δεὶς
2293 4606 2601 4682 ἀνθρώπων
2627 4607 2805 4663 ταῦτα
2832 4609 3124 4680 ἠπίστατο,
3150 4610 3272 4665 οὐδὲ
3314 4612 3373 4666 αἰ
3419 4611 3534 4666 ἀνω
3565 4612 3728 4669 δυνά-

2131 4717 2286 4773 μεις;
2319 4702 2458 4755 Ποῖα
2486 4700 2553 4774 δὴ
2586 4699 2791 4768 ταῦτα;
2825 4702 2948 4755 Ὅτι
2984 4702 3075 4756 διά
3104 4705 3205 4775 τῆς
3265 4702 3532 4776 δοκούσης
3580 4699 3721 4759 εἶναι

2133 4792 2346 4866 μωρίας
2376 4794 2473 4849 τοῦ
2518 4794 2880 4867 κηρύγματος
2915 4797 3185 4870 κρατήσει
3220 4795 3323 4868 τῆς
3348 4796 3719 4870 .οἰκουμένης,

2129 4886 2225 4939 καὶ
2249 4885 2321 4940 τὰ
2352 4884 2482 4958 ἔθνη
2511 4886 2973 4959 εἰσενεχθήσεται,
3021 4888 3118 4941 καὶ
3141 4888 3228 4942 ὅτι
3254 4888 3576 4961 καταλλαγὴ
3620 4888 3722 4944 τοῦ

2126 4978 2265 5033 Θεοῦ
2300 4978 2785 5052 πρὸςηὸωθρώπους
2817 4979 2990 5045 ἔσται,
3039 4981 3133 5035 καὶ
3161 4980 3404 5037 τοσαῦτα
3435 4983 3571 5054 ἡμῖν
3596 4981 3724 5053 ἥξει

2125 5070 2197 5127 τὰ
2241 5071 2445 5142 ἀγαθά.
2489 5071 2619 5137 Πῶς
2667 5066 2763 5126 οῦν
2803 5072 3086 5143 ἔγνωμενς
3126 5071 3301 5142 Ἦμῒν
3336 5073 3429 5139 δὲ,
3461 5074 3650 5144 φησὶν,
3682 5076 3722 5131 ὁ

2129 5163 2276 5230 Θεὸς
2325 5163 2690 5233 dauci/Iw:
2723 5162 2822 5218 διὰ
2864 5163 2973 5218 τοῦ
3004 5164 3355 5232 Πνεύματος
3386 5164 3597 5220 αὐτοῦ.
3635 5163 3716 5218 οὔ

2123 5256 2212 5311 διὰ
2234 5256 2337 5327 τῆς
2358 5255 2558 5324 ἔξωθεν
2585 5256 2778 5326 σοφίας
2799 5273 2813 5287 ⁸
2838 5254 2980 5327 αὕτη
3006 5255 3138 5327 γάρ,
3167 5255 3423 5329 καθάπερ
3440 5273 3526 5321 τις
3557 5256 3719 5327 θερα-

2125 5347 2313 5413 παινὶς
2358 5347 2704 5419 ἠτιμωμένη,
2733 5348 2837 5401 οὐκ
2875 5346 3076 5419 ἀφείθη
3108 5346 3257 5401 ἔνδον
3292 5347 3576 5414 εἰσελθεῖν,
3618 5349 3715 5404 καὶ

2126 5436 2450 5510 παρακύψαι
2482 5439 2564 5501 εἰς
2592 5438 2662 5492 τά
2691 5436 2990 5492 δεσποτικά
3022 5438 3319 5510 μυστήρια.

2193 5529 2256 5585 6'.
2283 5531 2446 5602 Ὁρᾷς
2478 5531 2603 5585 ὅσον
2613 5529 2672 5585 τὸ
2687 5529 2752 5600 μέ
2762 5547 2850 5583 σον
2861 5532 2959 5600 τῆς
2970 5531 3163 5601 σοφίας
3188 5531 3358 5602 ταύτη
3367 5542 3407 5596 ς
3419 5531 3681 5604 κάκείνης
3692 5547 3713 5600 ;

2126 5622 2308 5694 Ἀπερ
2341 5622 2564 5692 ἄγγελοι
2589 5624 2691 5676 οὐκ
2715 5622 2981 5692 ἔγνωσαν,
3006 5623 3181 5678 ταῦτα
3213 5625 3361 5696 ήμᾶς
3387 5624 3714 5679 ἐπαίδευσεν

2124 5713 2288 5785 αῦτη.
2341 5714 2405 5768 Ἥ
2434 5716 2492 5769 δὲ
2533 5713 2734 5781 ἔξωθεν
2771 5715 3083 5771 τούναντίον
3118 5716 3409 5787 ἐποίησενο
3438 5716 3501 5770 ού
3551 5716 3714 5788 μόνον

2190 5953 2213 5985 ε
2235 5952 2327 6017 Sic_
2368 5950 2557 6017 Begjus
2607 5950 2783 6017 codex,
2820 5951 2960 6017 ,Εῶιί
2993 5965 3149 6017 jam,
3170 5954 3229 6017 τὸ
3266 5953 3447 6017 μαθεῖν,
3490 5958 3544 6005 εἰ
3574 5966 3705 6014 mox.

2127 6014 2183 6063 τὸ
2224 6014 2344 6079 μετὰ
2366 6013 2599 6080 ἀγγέλων,
2632 6021 2687 6067 el
2722 6014 2778 6065 τὸ
2813 6015 2893 6065 διὰ
2933 6014 3022 6065 τοῦ
3056 6013 3351 6079 Πνεύματος.
