4086 6420
334 348 399 403 57
1403 332 1471 389 IN
1508 329 1724 392 EPIST.
1767 331 1786 386 l
1850 330 1942 388 an
1980 328 2133 387 con.
2176 330 2403 394 ηοω-ιε.
2431 338 2539 398 vn.
3116 354 3117 361 ι
3569 368 3646 423 53

334 461 407 519 Ne
428 472 555 530 ergo
572 457 782 528 cogites
803 470 921 513 eam
942 468 1060 527 qua:
1085 450 1388 508 intercchit
1411 446 1747 505 inimicitiam
1768 461 1783 513 ;
1813 452 1931 500 erat

336 554 475 610 enim
519 550 609 605 illa
638 551 917 620 antiquior
944 545 1201 601 amicitia.
1234 542 1364 599 Illud
1403 550 1582 597 autem
1603 580 1619 606 ,
1661 540 1791 593 Ante
1828 552 1928 592 sw-

334 647 479 711 cula,
510 651 774 699 aeternum
812 641 913 695 sibi
956 640 1069 695 vult
1097 655 1111 693 :
1142 653 1263 693 nam
1300 645 1354 692 et
1383 633 1511 691 alibi
1540 634 1610 688 ita
1649 632 1925 702 loquitur:

340 734 439 802 Qui
464 744 536 790 est
561 742 683 787 ante
711 731 919 786 swcula.
959 728 1263 785 Invenietur
1292 740 1421 798 ergo
1459 724 1621 781 etiam
1658 721 1824 777 Filius
1853 721 1933 776 sic

336 836 570 883 aeternus
598 839 743 880 esse.
773 821 908 878 Nam
940 820 1006 876 de
1034 821 1151 890 ipso
1175 819 1326 885 dicit,
1359 816 1501 890 quod
1524 830 1620 886 per
1648 815 1821 885 ipsum
1850 812 1930 868 fe-

336 922 470 977 cerit
493 919 689 973 saecula
718 915 907 988 (Hebr.
937 916 987 971 1.
1017 913 1098 985 2),
1126 912 1268 985 quod
1293 919 1376 966 est
1401 919 1526 966 ante
1548 909 1743 964 Stecula
1769 921 1888 963 csse
1913 923 1927 959 :

334 1013 425 1083 qui
454 1010 579 1067 fecit
603 1009 773 1077 enim,
800 1016 922 1062 ante
949 1006 1036 1062 illa
1060 1020 1181 1077 qua:
1209 1005 1343 1060 facta
1363 1009 1490 1059 sunt
1515 1010 1651 1058 crat.
1676 1000 1729 1056 8.
1765 998 1944 1067 Quam.

336 1121 482 1160 nemo
527 1103 819 1173 principum
860 1100 1013 1171 hujus
1059 1098 1234 1167 strculi
1271 1094 1549 1168 cognovit:
1576 1094 1621 1149 si
1661 1094 1797 1149 enim
1840 1109 1929 1147 co-

334 1195 643 1270 gnovissent,
684 1208 959 1265 numquam
1004 1190 1282 1246 Dominum
1322 1188 1500 1261 gloria:
1537 1186 1927 1249 cruciﬁxisscnt.

335 1289 497 1356 Atqui
537 1302 607 1342 ne
642 1284 970 1341 accusationi
1014 1281 1232 1353 quidem
1275 1288 1428 1336 erant
1456 1277 1713 1344 obnoxii,
1757 1274 1928 1347 siqui-

335 1374 459 1428 dem
496 1390 564 1427 ex
610 1372 919 1445 ignorantia
955 1371 1367 1426 cruciﬂxerunt.
1402 1368 1458 1424 Si
1483 1377 1663 1424 autem
1687 1381 1795 1424 non
1823 1383 1922 1424 co-

334 1463 957 1537 gnoverunt,quomodo
985 1463 1201 1518 dicebat
1234 1480 1247 1517 :
1279 1461 1347 1515 Et
1377 1478 1456 1516 me
1485 1462 1672 1528 nostis,
1704 1469 1751 1515 et
1782 1460 1918 1515 unde

328 1564 429 1618 sim
459 1563 617 1617 nostis
653 1560 841 1633 (Joan.
874 1561 927 1615 7.
959 1558 1097 1633 28)?
1129 1559 1203 1614 De
1239 1558 1408 1613 Pilato
1434 1556 1578 1612 enim
1614 1555 1743 1610 dicit
1784 1554 1929 1610 Scri-

330 1664 488 1723 ptura
511 1695 526 1718 ,
558 1653 699 1723 quod
740 1667 849 1706 non
891 1650 1133 1715 noverit;
1168 1647 1459 1703 verisimile
1498 1655 1679 1701 autem
1718 1652 1801 1701 est
1827 1658 1928 1700 nec

330 1743 603 1800 Herodem
643 1744 880 1799 novisse.
912 1742 1018 1797 llos
1046 1740 1245 1796 dixerit
1274 1739 1541 1810 quispiam
1574 1738 1751 1793 vocari
1776 1739 1923 1809 prino

329 1840 481 1907 cipes
506 1835 664 1907 hujus
684 1834 891 1891 saeculi.
925 1833 1077 1901 Quod
1103 1832 1148 1888 si
1178 1832 1245 1887 de
1270 1829 1469 1886 .Iudaeis
1496 1839 1550 1885 et
1578 1829 1645 1884 de
1667 1828 1926 1885 sacerdo-

332 1934 477 1988 tibus
505 1931 703 1985 dixerit
725 1928 991 2000 quispiam
1017 1928 1134 1983 haec
1155 1926 1402 1996 intelligi,
1427 1940 1534 1980 non
1557 1924 1884 1980 aberraverit
1908 1938 1923 1988 ;

330 2040 456 2079 nam
485 2025 591 2080 illis
615 2039 829 2095 quoque
857 2022 987 2078 dicit
1012 2039 1026 2075 :
1060 2020 1175 2077 Nec
1201 2037 1279 2074 me
1305 2020 1493 2084 nostis,
1526 2035 1685 2089 neque
1716 2017 1923 2072 Patrem

326 2136 495 2172 meum
527 2117 548 2189 (
576 2116 667 2171 1d.
697 2116 751 2172 8.
785 2115 855 2172 19
880 2116 922 2186 ).
960 2113 1240 2184 Quomodo
1273 2127 1403 2182 ergo
1442 2112 1690 2181 superius
1750 2110 1919 2179 dixit,

325 2212 394 2266 Et
423 2229 502 2265 me
538 2212 715 2277 nostis,
742 2218 791 2265 et
829 2209 963 2264 unde
997 2209 1093 2263 sim
1122 2204 1325 2262 nostis?
1349 2205 1453 2261 Sed
1484 2205 1605 2275 quis
1634 2204 1704 2259 sit
1730 2203 1921 2259 modus

325 2302 487 2371 hujus
512 2313 569 2358 et
603 2300 743 2355 illius
768 2299 1035 2366 lectionis,
1071 2299 1122 2353 in
1154 2296 1460 2367 Evangeliis
1486 2295 1688 2350 dictum
1722 2303 1838 2360 est;
1867 2302 1920 2350 et

327 2409 395 2446 ne
441 2390 574 2446 illud
617 2389 950 2461 frequentius
992 2401 1301 2451 versemus,
1353 2401 1419 2441 eo
1467 2385 1793 2441 remittimus
1837 2385 1917 2440 le-

321 2493 524 2540 ClOl'BS.

390 2576 449 2630 5.
472 2574 610 2640 Quid
628 2574 781 2645 ergo?
802 2573 1083 2629 remissum
1113 2580 1195 2626 est
1216 2571 1343 2636 illis,
1369 2570 1511 2641 quod
1534 2568 1677 2625 circa
1699 2584 1913 2628 crucem

318 2667 651 2723 admiserunt
672 2666 973 2737 peccatum?
990 2681 1109 2719 nam
1127 2663 1283 2727 dixit,
1306 2662 1519 2718 Remitte
1535 2662 1661 2716 illis.
1678 2660 1737 2718 Si
1752 2660 1917 2733 paeni-

320 2760 544 2816 tentiam
569 2769 792 2830 egerunt
816 2800 833 2825 ,
859 2757 1141 2813 remissum
1187 2766 1290 2812 est.
1333 2755 1467 2810 Nam
1494 2755 1585 2826 qui
1615 2754 1914 2810 innumeris

318 2851 568 2907 manibus
584 2850 911 2919 Stephanum
930 2849 1000 2904 im
1009 2848 1161 2919 petiit
1174 2857 1228 2903 et
1242 2848 1538 2903 Ecclesiam
1556 2856 1912 2918 persequutus

314 2954 401 3000 est
423 2987 439 3011 ,
469 2944 686 3010 Paulus,
720 2943 976 2999 Ecclesia:
1007 2951 1263 3013 patronus
1292 2940 1466 2997 factus
1489 2951 1590 2997 est.
1633 2941 1722 2997 Sic
1748 2940 1913 3012 igitur

320 3035 487 3092 etiam
515 3034 623 3090 illis
666 3034 952 3091 remissum
992 3045 1095 3098 est,
1128 3033 1220 3104 qui
1244 3033 1515 3089 voluerint
1539 3033 1910 3104 paenitentiam

309 3144 506 3199 agere:
528 3129 671 3199 quod
693 3128 855 3184 etiam
880 3127 1076 3183 Paulus
1095 3128 1334 3182 clamans
1347 3126 1560 3182 dicebat
1582 3143 1595 3179 :
1615 3125 1745 3181 Dico
1765 3142 1907 3198 ergo,

312 3220 461 3276 Num
487 3222 609 3291 quid
636 3220 991 3288 oﬁ'enderunt,
1027 3231 1080 3274 ut
1107 3219 1393 3274 caderent?
1421 3218 1563 3272 Absit
1591 3220 1609 3288 (
1632 3219 1783 3272 Rom.
1816 3220 1904 3274 11.

312 3315 374 3371 il
404 3315 449 3384 ).
471 3315 532 3369 Et
559 3314 775 3381 iterum,
800 3312 944 3366 Num
974 3312 1163 3383 repulit
1180 3310 1436 3366 Dominus
1466 3312 1713 3383 papulum
1732 3326 1902 3377 suum,

309 3423 458 3481 quem
489 3406 738 3475 praesciuit
760 3406 785 3460 .9
811 3405 955 3459 Absit
980 3403 1140 3478 (Ibid.
1172 3420 1219 3459 υ.
1246 3402 1325 3476 1),
1358 3402 1562 3460 Deinde
1584 3402 1901 3469 ostendens,

309 3500 451 3569 quod
500 3514 605 3553 non
650 3497 759 3553 sint
801 3495 1005 3553 exclusi
1046 3511 1076 3551 a
1120 3495 1472 3568 poenitentia,
1520 3505 1895 3568 argumentum

308 3591 527 3648 adducit
556 3590 921 3661 paenitentiam
943 3603 1091 3643 suam
1120 3588 1308 3645 dicens
1334 3604 1347 3641 :
1376 3586 1514 3641 Nam
1538 3597 1587 3641 et
1604 3603 1695 3658 ego
1722 3586 1903 3642 Israe-

307 3685 400 3740 lita
424 3700 559 3738 sum.
598 3681 736 3737 Illud
758 3690 959 3747 autem,
993 3678 1114 3734 Non
1143 3688 1502 3751 cognoverunt,
1535 3677 1745 3733 videtur
1769 3678 1905 3735 mihi

305 3790 412 3830 non
436 3774 505 3829 de
525 3772 737 3829 Christo
760 3772 963 3828 dictum
990 3771 1076 3826 hic
1104 3770 1286 3838 fuisse,
1306 3772 1399 3827 sed
1427 3770 1495 3827 de
1520 3770 1600 3826 rei
1622 3771 1904 3841 dispensa-

307 3865 456 3921 tione
486 3882 497 3919 :
531 3863 681 3920 verbi
718 3862 925 3933 gratia,
959 3861 1087 3933 quid
1116 3861 1218 3918 sibi
1256 3861 1454 3917 vellent
1482 3875 1631 3916 mors
1667 3868 1724 3917 et
1766 3875 1897 3916 crux

305 3955 638 4013 nesciebant.
666 3955 876 4010 Etenim
904 3967 1010 4008 non
1036 3952 1165 4008 dicit
1209 3952 1284 4009 ibi
1304 3993 1320 4019 ,
1350 3952 1434 4009 Me
1461 3968 1567 4008 non
1595 3960 1897 4019 noverunt;

304 4049 399 4105 sed
423 4090 439 4114 ,
491 4044 737 4101 Nesciunt
779 4044 904 4116 quid
944 4045 1139 4115 faciunt
1166 4042 1336 4117 (Luc.
1380 4044 1473 4099 9.3.
1506 4044 1576 4101 δι
1600 4043 1656 4116 );
1689 4043 1742 4099 id
1773 4054 1856 4101 est
1881 4088 1896 4113 ,

302 4137 662 4195 meonomiam
687 4152 806 4207 qua:
828 4135 1101 4207 peragitur
1121 4144 1174 4189 et
1203 4138 1517 4207 mysterium
1545 4152 1650 4189 non
1680 4146 1897 4193 norunt.

303 4229 418 4286 Non
450 4229 597 4284 enim
641 4227 923 4295 sciebant,
973 4226 1205 4283 futurum
1252 4241 1373 4283 esse
1434 4236 1492 4282 ut
1538 4242 1671 4283 crux
1697 4227 1767 4282 ita
1813 4244 1899 4284 re-

304 4321 619 4391 Splenderet
642 4361 655 4384 ,
689 4334 789 4375 nec
814 4317 956 4388 quod
985 4317 1136 4374 ﬁeret
1165 4319 1310 4374 salus
1349 4319 1496 4375 orbis
1524 4359 1539 4385 ,
1562 4329 1617 4375 et
1647 4319 1746 4375 Dei
1772 4335 1894 4375 cum

305 4414 615 4471 hominibus
642 4410 1005 4468 reconciliatio
1031 4450 1047 4477 ,
1079 4426 1251 4482 neque
1281 4412 1520 4467 futurum
1562 4411 1709 4467 urbis
1748 4412 1896 4467 exci-

300 4507 452 4563 dium
477 4546 492 4570 ,
520 4520 620 4561 nec
645 4504 787 4576 quod
811 4512 1053 4561 extrema
1079 4503 1155 4562 illi
1189 4504 1401 4575 passuri
1429 4513 1633 4562 essent.
1665 4504 1897 4576 Sapien-

299 4599 429 4653 tiam
458 4605 635 4652 autem
663 4604 818 4652 vocat
845 4603 901 4653 et
924 4596 1197 4652 Christum
1226 4606 1280 4651 ct
1308 4611 1522 4653 crucem
1556 4605 1611 4653 et
1629 4597 1895 4669 praedica-

298 4692 525 4745 tionem.
567 4687 877 4759 Opportune
903 4702 1031 4743 vero
1053 4696 1110 4743 et
1139 4689 1426 4742 Dominum
1450 4688 1635 4759 gloriae
1658 4688 1893 4745 vocavit.

298 4780 435 4847 Quia
466 4781 609 4833 enim
636 4794 770 4834 crux
812 4777 1169 4850 ignominiosa
1212 4779 1427 4834 videtur
1457 4794 1575 4834 esse
1596 4823 1612 4848 ,
1658 4779 1898 4836 ostendit

296 4885 517 4927 crucem
545 4885 665 4927 esse
688 4884 933 4941 magnam
960 4870 1212 4941 gloriam.
1254 4870 1359 4927 Sed
1389 4886 1580 4942 magna
1606 4887 1755 4944 opus.
1777 4881 1895 4929 erat

295 4963 561 5034 sapientia
590 4978 695 5018 non
724 4963 883 5020 modo
907 4963 975 5019 ad
1007 4964 1171 5019 Deum
1199 4966 1634 5035 cognoscendum
1662 5006 1678 5030 ,
1712 4965 1807 5022 sed
1836 4974 1893 5022 et

293 5048 362 5103 ad
389 5047 703 5103 discendam
748 5048 886 5102 hanc
914 5047 1007 5103 Dei
1034 5051 1390 5104 oeconomiam
1421 5066 1436 5104 :
1462 5060 1683 5105 externa
1712 5059 1891 5106 autem

296 5139 564 5209 sapientia
594 5156 698 5195 non
730 5138 897 5209 priori
923 5148 1127 5194 tantum
1153 5180 1168 5205 ,
1197 5138 1294 5194 sed
1323 5139 1446 5195 huic
1472 5140 1634 5195 etiam
1663 5141 1890 5212 impedi-

296 5241 482 5287 mento
506 5232 622 5287 fuit.
656 5231 711 5288 9.
741 5231 870 5300 Sed,
922 5242 977 5285 ut
1002 5232 1245 5303 scriptum
1269 5240 1360 5299 est,
1399 5231 1591 5286 Oculus
1620 5249 1721 5287 non
1747 5233 1891 5297 vidit,

297 5341 387 5378 nec
410 5326 553 5380 auris
578 5325 771 5378 audivit
792 5366 809 5389 ,
854 5341 945 5379 nec
970 5330 1022 5378 in
1049 5342 1137 5379 cor
1162 5325 1383 5380 hominis
1411 5326 1744 5381 ascenderunt
1771 5342 1886 5397 qut:

302 5416 602 5487 pra'paravit
636 5414 776 5469 Deus
802 5415 1125 5486 diligentibus
1150 5432 1221 5469 se.

367 5504 525 5560 Multi
566 5505 857 5576 Scriptum
895 5522 1055 5561 sacrae
1097 5506 1214 5560 libri
1254 5507 1459 5577 perditi.
1484 5506 1645 5562 —Et
1674 5507 1889 5563 ubinam

295 5602 488 5671 scripta
515 5610 644 5655 sunt
674 5600 793 5656 haec
818 5598 893 5669 (a)
915 5601 937 5652 Υ
962 5599 1164 5655 Dicitur
1188 5640 1205 5668 ,
1255 5599 1522 5671 Scriptum
1543 5609 1654 5668 est,
1680 5601 1893 5658 etiamsi

354 5754 437 5821 (a)_
471 5755 565 5821 llic
605 5761 748 5804 notat
782 5752 1279 5821 andreastunaeus
1300 5790 1315 5814 ,
1348 5755 1741 5821 Chrysostomum
1760 5796 1774 5821 ,
1808 5760 1893 5821 qui

294 5818 461 5878 quasi!
477 5818 681 5869 ubinam
705 5815 986 5879 reperiatur
1004 5815 1052 5867 in
1065 5814 1265 5868 Veteris
1281 5814 1579 5871 't‘estau'tenti
1599 5820 1734 5873 libris
1757 5814 1894 5874 locus

2039 460 2143 551 non
2158 453 2367 551 verbis,
2385 456 2481 551 sed
2496 457 2551 515 in
2578 461 2740 520 rebus
2761 464 2893 538 ipsis
2911 467 3026 527 haec
3055 476 3227 544 posita
3250 476 3380 546 sint,
3405 488 3461 534 ut
3480 479 3533 535 in
3554 481 3634 537 bi-

2036 546 2243 639 storiis;
2266 547 2348 639 vel
2367 547 2415 603 si
2434 550 2547 620 ipse
2574 555 2789 623 quidem
2812 562 3004 618 sensus
3024 568 3348 636 reperiatur,
3375 570 3501 626 licet
3525 588 3630 627 non

2036 636 2167 698 ipsis
2187 636 2361 693 verbis
2379 642 2521 698 sicut
2549 643 2657 701 hic.
2681 648 2817 705 Illud
2835 652 3003 724 enim,
3030 656 3225 723 Quibus
3246 677 3346 716 non
3361 667 3630 719 annumin,

2037 726 2143 827 tum
2164 734 2236 777 est
2252 726 2441 798 deillo,
2464 734 2724 806 videbunt;
2737 751 2784 796 et
2802 747 2895 815 qui
2906 762 3006 801 non
3027 750 3322 817 audierunt,
3348 754 3632 827 intelligent

2037 819 2235 893 (Rom.
2262 826 2466 899 15.21)
2490 848 2506 897 ς
2541 829 2642 887 hoc
2671 834 2902 904 idipsum
2929 848 3012 895 est
3035 850 3196 911 atque
3231 845 3361 901 illud
3390 888 3405 914 ,
3438 819 3630 905 οεῖιιαε

2036 932 2139 971 non
2165 919 2291 973 vidit
2314 961 2330 987 ,
2362 937 2453 976 nec
2478 924 2619 978 auris
2643 928 2858 984 audit-it.
2907 931 3016 986 Aut
3040 931 3142 990 hoc
3167 933 3329 1006 igitur
3358 938 3509 1005 dicit;
3538 950 3629 994 aut

2035 1007 2329 1099 verisimile
2369 1021 2453 1068 est
2483 1014 2742 1086 scriptum
2788 1019 2953 1077 fuisse
2998 1022 3050 1078 in
3109 1024 3283 1093 libris,
3329 1030 3420 1097 qui
3455 1031 3629 1099 peric-

2034 1098 2162 1154 rint.
2214 1100 2347 1157 Nam
2408 1106 2563 1163 multi
2621 1108 2747 1165 libri
2809 1112 3005 1182 perditi
3051 1116 3296 1182 fuerunt,
3354 1129 3409 1175 et
3473 1123 3627 1191 pauci

2033 1192 2232 1294 servati
2257 1204 2402 1263 sunt,
2433 1198 2594 1254 etiam
2622 1200 2674 1255 in
2706 1202 2875 1273 prima
2908 1207 3235 1277 captivitate.
3272 1212 3338 1266 Et
3362 1213 3463 1268 hoc
3504 1230 3629 1284 per-

2033 1288 2276 1374 spicuum
2302 1288 2461 1343 estin
2492 1291 2913 1364 Paralipomcnis
2941 1316 2953 1351 :
2985 1299 3275 1355 dicitcnim
3296 1305 3584 1373 Apostolus
3607 1348 3624 1374 ,

2034 1372 2077 1428 Α
2109 1376 2351 1434 Samuele
2374 1390 2422 1436 et
2467 1384 2530 1439 iis
2557 1387 2646 1453 qui
2674 1398 2849 1459 postea
2876 1391 3083 1460 fuerunt
3110 1372 3406 1465 prophetis,
3452 1372 3628 1457 omnes

2032 1469 2097 1523 de
2123 1469 2214 1525 illo
2244 1472 2483 1529 dixerunt
2509 1479 2527 1548 (
2552 1478 2664 1534 Act.
2707 1483 2758 1537 5.
2785 1481 2899 1555 24).
2934 1486 3005 1539 At
3030 1502 3136 1541 non
3161 1489 3380 1544 omnino
3410 1492 3525 1548 haec
3552 1494 3624 1548 ita

2032 1557 2283 1619 feruntur
2312 1584 2326 1620 :
2361 1566 2587 1624 Paulum
2628 1582 2809 1629 autem
2842 1584 3113 1647 tamquam
3145 1580 3277 1652 li-gis
3308 1583 3534 1652 petitum
3566 1595 3622 1641 et

2029 1667 2094 1707 ex
2123 1653 2325 1724 Spiritu
2371 1657 2678 1730 loquentem
2725 1666 3018 1724 verisimile
3044 1680 3125 1725 est
3151 1674 3329 1727 omnia
3372 1686 3623 1732 accurate

2028 1744 2273 1803 scivisse.
2299 1747 2363 1803 Et
2385 1751 2511 1821 quid
2536 1753 2658 1810 dico
2683 1756 2751 1812 de
2777 1759 3126 1828 captivitate?
3156 1779 3283 1818 nam
3309 1765 3469 1819 etiam
3496 1779 3622 1822 ante

2028 1838 2390 1908 captivitatem
2420 1846 2571 1901 multi
2601 1848 2809 1917 periere
2839 1850 2984 1917 libri,
3014 1852 3213 1909 JUdiL‘iS
3244 1856 3293 1908 in
3322 1866 3618 1913 extremam

2028 1930 2358 2001 impietatem
2384 1936 2617 2009 delapsis
2662 1958 2677 1996 :
2727 1942 2867 2013 quod
2902 1946 3075 2014 palam
3106 1959 3185 2002 εει
3216 1964 3279 2003 ex
3312 1950 3419 2006 line
3445 1954 3621 2020 quarti

2028 2023 2151 2079 libri
2178 2025 2508 2097 Regnorum.
2550 2033 3029 2091 Deuteronomium
3059 2041 3201 2093 enim
3235 2040 3321 2095 vix
3347 2052 3618 2112 repertum

2027 2114 2127 2171 fuit
2174 2117 2229 2172 in
2268 2123 2608 2193 sterquilinio
2649 2125 2947 2184 defossum.
2992 2130 3241 2201 Alioquin
3286 2141 3465 2189 autem
3497 2145 3623 2191 sunt

2024 2219 2171 2277 Stepe
2196 2209 2357 2264 etiam
2383 2211 2624 2283 duplices
2650 2219 2947 2288 prophetia:
2971 2262 2986 2287 ,
3015 2221 3433 2291 sapientiwibus
3463 2225 3619 2282 facile

2023 2300 2271 2369 cognitae,
2306 2317 2372 2357 ex
2419 2305 2613 2375 quibus
2662 2310 2871 2364 occulta
2926 2314 3089 2367 multa
3128 2326 3348 2383 possunt
3390 2319 3614 2388 percipi.

2022 2388 2159 2458 Quid
2187 2394 2356 2463 ergo?
2398 2412 2506 2451 non
2538 2398 2671 2453 vidit
2696 2402 2887 2457 oculos
2918 2420 3037 2474 quae
3079 2408 3403 2477 pracparatit
3436 2410 3617 2465 Deus?

2019 2482 2136 2539 Non
2162 2501 2176 2537 :
2209 2487 2329 2556 quis
2354 2488 2496 2544 enim
2522 2489 2801 2548 hominum
2834 2495 2963 2550 vidit
2989 2512 3073 2560 ea,
3106 2514 3224 2567 qua:
3252 2498 3616 2570 dispensanda

2020 2578 2357 2634 eranl?Nutn
2376 2596 2507 2652 ergo
2531 2599 2706 2655 neque
2729 2587 2873 2641 auris
2897 2589 3120 2657 audivit,
3143 2606 3238 2645 nec
3256 2591 3309 2645 in
3329 2608 3423 2648 cor
3444 2593 3618 2648 ltomi-

2018 2668 2101 2723 nis
2120 2671 2514 2728 ascenderunt?
2539 2684 2593 2730 et
2613 2678 2910 2746 quomodo?
2930 2680 2974 2733 si
2997 2680 3139 2734 enim
3168 2684 3442 2753 prophettc
3464 2684 3614 2740 dixe-

2019 2771 2162 2830 runt,
2195 2764 2424 2834 inquies,
2451 2770 2723 2838 quomodo
2749 2772 2897 2826 auris
2930 2788 3035 2826 non
3066 2774 3286 2841 audivit,
3316 2792 3413 2830 nec
3437 2776 3489 2830 in
3514 2792 3613 2831 cor

2018 2855 2251 2915 hominis
2291 2861 2691 2918 ascenderunt?
2736 2864 2853 2921 Non
2896 2868 3257 2923 ascenderunt
3290 2887 3303 2924 :
3332 2885 3437 2924 non
3465 2870 3608 2924 cnim

2015 2945 2081 3002 de
2100 2947 2231 3019 ipsis
2260 2953 2392 3007 solis
2429 2953 2685 3023 loquitur,
2714 2956 2811 3012 sed
2847 2958 3006 3013 etiam
3033 2958 3101 3015 de
3131 2960 3380 3016 universa
3424 2971 3611 3017 natura

2018 3042 2271 3098 humana.
2315 3046 2453 3114 Quid
2479 3049 2646 3119 ergo?
2681 3053 2959 3121 propheta}
2991 3068 3095 3107 non
3125 3054 3454 3109 audierunt?
3500 3060 3610 3109 Au-

2015 3135 2233 3192 dicrunt
2258 3140 2496 3209 quidem;
2526 3152 2579 3197 at
2606 3159 2713 3199 non
2742 3154 2857 3199 erat
2886 3148 3032 3201 auris
3060 3146 3317 3213 hominis,
3347 3149 3442 3205 sed
3466 3150 3611 3205 auris

2014 3231 2327 3301 prophetica
2360 3253 2373 3288 :
2405 3251 2509 3289 non
2539 3237 2683 3291 enim
2713 3247 2768 3293 ut
2795 3237 3044 3295 homines
3070 3242 3358 3295 audierunt
3381 3283 3397 3310 ,
3427 3243 3521 3298 sed
3554 3254 3611 3298 ut

2012 3323 2311 3405 prophetae.
2351 3326 2693 3399 Quapropter
2718 3330 2887 3387 dicit:
2923 3333 3117 3405 Adjecit
3158 3336 3283 3389 mihi
3326 3352 3500 3390 aurem
3538 3340 3607 3390 ad

2010 3419 2329 3474 audiendum
2377 3421 2551 3492 (Isai.
2619 3425 2711 3480 50.
2759 3426 2877 3497 4);
2919 3427 3281 3497 adjectioncm
3326 3444 3355 3483 a
3402 3428 3605 3499 Spiritu

2009 3510 2205 3567 factam
2254 3514 2460 3570 dicens.
2522 3514 2676 3572 Unde
2723 3518 3062 3574 manifestum
3118 3529 3240 3587 est,
3287 3521 3429 3590 quod
3459 3522 3605 3590 prius

2006 3619 2167 3674 quam
2194 3607 2445 3676 audiret,
2478 3625 2577 3665 nec
2600 3609 2653 3664 in
2686 3625 2780 3666 cor
2817 3613 3034 3683 quidem
3064 3614 3297 3669 hominis
3341 3615 3603 3671 ascende-

2008 3706 2151 3753 rant.
2192 3698 2325 3753 Nam
2354 3711 2634 3771 postquam
2662 3703 2819 3759 datus
2846 3706 3076 3775 Spiritus
3102 3705 3276 3763 fuerat
3297 3748 3313 3774 ,
3355 3722 3449 3762 cor
3477 3724 3600 3778 pro-

2006 3792 2289 3860 phetarum
2319 3808 2425 3848 non
2452 3804 2569 3849 erat
2595 3810 2688 3850 cor
2720 3795 2955 3852 hominis
2984 3840 2999 3865 ,
3034 3798 3127 3853 sed
3154 3814 3249 3853 cor
3279 3799 3556 3869 Spirituale
3585 3843 3599 3865 ,

2004 3884 2456 3953 quemadmodum
2498 3896 2554 3942 et
2580 3889 2694 3958 ipse
2720 3891 2833 3953 ait,
2869 3890 3092 3945 Mentem
3138 3891 3329 3948 Christi
3358 3894 3599 3948 habemus

2005 3974 2024 4047 (
2052 3976 2101 4029 i.
2123 3975 2241 4031 Cor.
2271 3976 2328 4031 2.
2371 3979 2437 4033 16
2459 3978 2503 4049 ).
2546 3979 2698 4048 Quod
2744 3981 2873 4035 dicit
2898 3992 3097 4046 autem,
3135 3984 3441 4054 hujusmodi
3469 3995 3552 4040 est
3585 4005 3601 4041 :

2002 4074 2291 4138 antequam
2320 4067 2520 4138 Spiritu
2559 4070 2863 4125 l'rueremur
2889 4084 2943 4127 et
2980 4089 3173 4128 arcana
3207 4075 3597 4145 edisceremus,

2006 4174 2105 4214 nec
2132 4175 2197 4214 ex
2226 4160 2384 4215 nobis
2407 4176 2507 4217 nec
2529 4177 2592 4217 ex
2618 4163 2895 4234 prophetis
2917 4166 3187 4237 quispiam
3212 4183 3273 4221 ea
3307 4168 3590 4224 intellexit.

2003 4251 2285 4320 Quomodo
2306 4254 2471 4322 enim,
2499 4269 2617 4310 cum
2645 4270 2745 4311 nec
2774 4259 2949 4329 angeli
2972 4260 3188 4330 quidem
3215 4261 3327 4331 ipsa
3356 4267 3600 4317 nossem?

2004 4344 2141 4413 Quid
2163 4345 2330 4412 cnim,
2358 4346 2552 4417 inquit,
2581 4348 2868 4405 dicendum
2892 4360 2974 4405 est
2999 4352 3065 4406 de
3091 4353 3418 4423 principibus
3440 4354 3598 4424 hujus

2002 4439 2184 4495 saeculi
2208 4481 2223 4505 ,
2252 4454 2374 4495 cum
2414 4441 2595 4497 nullus
2621 4441 2782 4497 homo
2808 4458 2871 4498 ea
2901 4444 3101 4511 sciret,
3151 4462 3325 4516 neque
3349 4462 3599 4518 superna:

2004 4532 2347 4603 potestates?
2378 4532 2636 4602 Quaenam
2665 4544 2845 4593 autem
2881 4548 3010 4593 sunt
3040 4540 3130 4595 ea?
3155 4539 3305 4607 Quod
3338 4557 3431 4611 per
3458 4555 3604 4612 prae-

2002 4622 2291 4678 diettionis
2336 4624 2638 4693 stultitiam,
2692 4643 2813 4698 quae
2859 4629 2984 4685 talis
3029 4645 3148 4687 esse
3198 4632 3499 4700 ridebatur,
3545 4644 3602 4691 et

2001 4724 2190 4785 gentes
2238 4715 2594 4785 inducentur,
2642 4728 2697 4774 et
2746 4720 2838 4775 Dei
2886 4736 3005 4777 cum
3052 4715 3362 4779 hominibus
3407 4741 3598 4781 recon-

2001 4811 2200 4866 ciliatio
2221 4812 2323 4866 erit
2342 4852 2359 4879 ,
2380 4822 2435 4868 et
2465 4821 2543 4867 tot
2563 4822 2815 4885 tantaque
2848 4816 3001 4871 nobis
3028 4827 3252 4872 ventura
3281 4824 3404 4873 suttt
3432 4819 3587 4876 bona.

2002 4904 2288 4971 Quomodo
2315 4920 2443 4977 ergo
2473 4906 2845 4977 cognovimus?
2876 4908 2963 4964 10.
2996 4909 3158 4965 Nobis
3182 4922 3368 4979 autem,
3403 4913 3594 4982 inquit,

2001 4997 2236 5050 revelavit
2270 4995 2405 5050 Deus
2435 5014 2523 5069 per
2556 4998 2812 5068 Spiritum
2838 5016 3007 5054 suum.
3051 5001 3169 5057 Non
3197 5018 3289 5071 per
3314 5015 3603 5061 eXIcrnant

2002 5087 2321 5158 sapientiam
2348 5106 2362 5142 ε
2386 5089 2487 5158 ipsi
2512 5088 2656 5144 enim
2687 5099 2951 5160 tamquam
2975 5092 3169 5150 ancilla
3195 5095 3439 5165 qumdam
3463 5112 3596 5151 con-

2006 5186 2222 5248 tempta:
2240 5194 2347 5233 non
2376 5180 2695 5249 permissum
2718 5182 2815 5236 fuit
2840 5183 2981 5239 intus
3008 5184 3240 5255 ingredi,
3265 5196 3316 5241 et
3341 5189 3597 5258 mysteria

2006 5271 2281 5327 Dominica
2310 5273 2596 5342 inSpicere.

2077 5367 2129 5420 4.
2174 5364 2365 5421 Viden’
2390 5374 2649 5436 quantum
2676 5365 2970 5425 discrimen
3003 5370 3150 5427 inter
3175 5372 3313 5428 hanc
3353 5384 3408 5428 et
3451 5374 3597 5428 illam

2005 5503 2109 5560 ille,
2133 5514 2245 5571 cum
2268 5500 2458 5571 Paulus
2476 5500 2594 5571 inde
2616 5512 2864 5571 summum
2904 5506 3113 5571 indicat,
3138 5510 3317 5561 Oculus
3340 5509 3597 5571 nonyidit,

2003 5544 2252 5635 aequarit;
2275 5562 2622 5635 audivitnetc"
2660 5544 2758 5615 noii
2786 5544 3597 5635 E_EL-éiii§§'é_"

2006 5630 2090 5677 ubi
2122 5626 2229 5675 bare
2261 5638 2358 5674 non
2390 5624 2448 5673 ad
2482 5624 2676 5691 literam
2706 5630 2907 5691 quidem
2928 5667 2943 5690 ,
2990 5632 3080 5681 sed
3114 5634 3290 5682 eodem
3324 5646 3476 5682 sensu
3522 5624 3595 5681 fel

2005 5696 2198 5761 runtur,
2224 5700 2403 5748 nempe
2426 5699 2529 5761 cap.
2556 5687 2635 5761 94.
2659 5698 2698 5761 ,4
2717 5687 2901 5761 steculo
2918 5687 3013 5761 non
3045 5693 3321 5761 audierunt,
3339 5707 3493 5757 neque
3513 5707 3601 5745 att.-

2005 5753 2143 5803 n‘bus
2158 5754 2481 5827 perceperunt
2506 5760 2525 5827 _:
2548 5754 2724 5827 Oculus
2737 5765 2833 5827 non
2856 5755 2996 5817 cidit,
3024 5764 3171 5817 Deus,
3208 5760 3379 5823 abst/uc
3401 5753 3597 5827 tahqtta:

2003 5832 2096 5880 pra
2110 5816 2297 5881 parasti
2322 5830 2377 5868 ea
2387 5817 2707 5885 spectantibus
2729 5824 2790 5870 te,
2980 5816 2986 5817 ί
3162 5816 3165 5817 ν
3302 5816 3312 5823 -
3424 5816 3433 5817 κ
3453 5816 3481 5827 ..
3497 5816 3517 5826 ,η
