4086 6464
491 378 559 437 59
1220 374 1281 436 8.
1319 372 1596 437 JOANNIS
1631 362 2109 433 CHRYSOSTOMI
2143 369 2464 428 ARCHIEP.
2498 372 3033 437 CONSTANTINOP.
3709 378 3778 436 ω

489 492 855 564 sapientiam?
882 493 1014 561 Qua:
1043 493 1216 565 angeli
1246 508 1353 547 non
1384 501 1650 547 noverunt
1676 530 1689 555 ,
1725 505 1789 546 ea
1829 504 1928 546 nos
1959 488 2077 544 haec

444 610 449 615 -
489 583 691 640 docuit.
734 585 966 641 Externa
1015 599 1145 640 vero
1192 584 1517 640 contrarium
1559 582 1686 638 fecit
1735 598 1749 636 :
1792 595 1899 638 non
1919 580 2081 636 modo

489 690 599 732 non
629 675 844 742 docuit,
896 675 989 732 sed
1016 676 1178 731 etiam
1209 674 1485 745 impedivit
1513 683 1569 729 et
1597 673 1769 728 arcuit
1799 690 1813 727 :
1845 681 1900 728 et
1928 681 2079 742 post-

489 780 651 836 quam
682 766 769 822 illa
818 768 953 822 facta
1001 766 1249 831 fuerunt,
1282 765 1370 820 illa
1415 766 1722 821 obscuravit
1764 772 1819 819 et
1865 778 2078 819 crucem

413 902 419 910 .
492 858 773 913 exiuaniit.
811 857 926 912 Non
957 873 1086 928 ergo
1107 873 1173 912 ex
1199 872 1266 912 eo
1286 900 1300 922 ,
1333 858 1475 927 quod
1497 855 1864 923 didicerimus,
1896 863 2079 909 osten-

489 947 637 1002 ditur
663 949 832 1003 honor
862 948 1015 1004 nobis
1040 961 1330 1005 concessus
1348 988 1365 1016 ,
1410 963 1513 1003 nec
1539 963 1605 1002 ex
1634 962 1701 1003 eo
1723 989 1737 1015 ,
1781 946 1925 1019 quod
1955 962 2079 1002 cum

490 1040 695 1111 angelis
722 1039 1108 1107 didicerimus;
1159 1040 1255 1096 sed
1280 1057 1346 1096 ex
1378 1055 1443 1096 eo
1469 1082 1484 1106 ,
1515 1041 1656 1111 quod
1686 1055 1781 1111 per
1809 1039 2072 1110 Spiritum

490 1128 608 1198 ejus
657 1128 1022 1185 didicerimus.
1072 1130 1273 1187 Deinde
1316 1140 1596 1201 postquam
1647 1131 2072 1201 magnitudinem

487 1219 764 1285 ostendit,
814 1222 889 1275 ait
942 1240 955 1275 :
1006 1220 1116 1275 Nisi
1148 1220 1417 1291 Spiritus,
1468 1222 1559 1292 qui
1584 1221 1688 1275 scit
1714 1235 1909 1275 arcana
1943 1220 2075 1285 Dei,

492 1310 784 1367 revelasset
806 1354 820 1379 ,
874 1326 982 1366 non
1009 1312 1405 1369 didicissemus.
1446 1311 1521 1366 Ita
1550 1312 1776 1368 curabat
1806 1311 1945 1367 Deus
1974 1352 1989 1376 .
2021 1320 2080 1365 ut

490 1403 544 1456 in
600 1404 811 1459 arcanis
861 1413 1028 1460 esset.
1086 1404 1426 1474 Quapropter
1468 1404 1563 1460 illo
1613 1417 1748 1474 opus
1793 1402 2079 1459 habuimus

490 1493 709 1550 doctore
734 1537 748 1561 ,
798 1498 889 1567 qui
920 1482 1036 1552 hiec
1064 1498 1209 1554 clare
1235 1498 1415 1552 sciret.
1459 1497 1687 1568 Spiritus
1730 1498 1864 1552 enim
1907 1498 2078 1551 omnia

488 1596 766 1654 scrutatur,
795 1590 948 1643 etiam
969 1591 1227 1660 profunda
1256 1589 1366 1644 Dei.
1394 1590 1482 1644 ll.
1516 1590 1643 1657 Quis
1662 1590 1794 1644 enim
1816 1588 2079 1643 hominum

489 1680 582 1732 scit
609 1695 723 1750 qua:
767 1690 882 1734 sunt
912 1682 1131 1735 hominis
1153 1722 1169 1747 ,
1221 1682 1319 1736 nisi
1361 1683 1570 1753 spiritus
1599 1682 1817 1735 hominis
1840 1722 1855 1750 ,
1899 1681 1986 1750 qui
2023 1680 2075 1733 in

487 1774 601 1841 ipso
626 1772 742 1827 est?
769 1772 854 1827 Ita
880 1784 925 1827 ct
949 1790 1063 1845 qua:
1091 1773 1187 1828 Dei
1216 1785 1332 1829 sunt
1354 1792 1500 1830 nemo
1522 1776 1659 1829 novit
1679 1817 1694 1840 ,
1725 1775 1824 1829 nisi
1847 1773 2077 1844 Spiritus

487 1861 606 1918 Dei.
650 1863 738 1918 12.
782 1863 895 1918 Nos
921 1874 1087 1919 autem
1133 1882 1233 1920 non
1265 1868 1499 1937 spiritum
1528 1867 1706 1920 mundi
1749 1866 2035 1936 accepimus
2059 1909 2074 1929 ,

486 1956 576 2010 sed
606 1956 857 2028 Spiritum
882 1958 970 2029 qui
1014 1974 1077 2012 ea:
1104 1956 1214 2013 Deo
1244 1969 1346 2025 est,
1380 1968 1434 2012 ut
1481 1958 1700 2013 sciamus
1729 1973 1843 2028 quia
1886 1973 1918 2011 a
1963 1954 2076 2010 Deo

488 2050 677 2102 deitata
705 2058 823 2103 sunt
851 2048 1015 2103 nobis.
1044 2048 1143 2105 Hic
1172 2050 1314 2105 enim
1344 2049 1497 2115 illud,
1522 2050 1757 2112 scrutari,
1790 2063 1898 2102 non
1925 2048 2076 2118 igno-

487 2139 733 2205 rantiam,
762 2139 854 2195 sed
885 2149 1190 2196 accuratam
1222 2142 1498 2196 scientiam
1529 2140 1749 2197 indicat.
1773 2140 1883 2195 Hac
1913 2140 2076 2211 igitur

491 2231 728 2286 dictione
753 2234 914 2287 etiam
944 2232 1014 2289 de
1044 2233 1154 2288 Deo
1186 2234 1410 2303 loquens
1441 2248 1567 2287 usus
1595 2241 1679 2287 cst
1708 2232 1893 2287 dicens
1925 2250 1939 2286 :
1974 2230 2075 2298 Qui

486 2334 653 2379 autem
678 2336 937 2380 scrutatur
980 2328 1137 2382 corda
1161 2369 1174 2392 ,
1208 2328 1345 2382 novit
1383 2329 1496 2398 quis
1535 2328 1600 2380 sit
1625 2343 1803 2381 sensus
1845 2325 2074 2396 Spiritus

486 2419 505 2487 (
536 2418 683 2471 Rom.
726 2419 777 2474 8.
806 2418 875 2472 27
902 2422 942 2489 ).
990 2420 1190 2475 Deinde
1216 2435 1337 2475 cum
1368 2429 1623 2474 accurate
1656 2420 1911 2490 loquutus
1931 2427 2075 2475 esset

483 2512 552 2565 de
572 2512 875 2581 cognitione
902 2513 1149 2582 Spiritus,
1167 2522 1220 2567 et
1240 2513 1562 2568 ostendisset
1588 2528 1705 2567 eam
1732 2514 1803 2567 ita
1826 2527 2073 2581 exaiqua-

484 2604 526 2653 ri
568 2603 859 2672 cognitioni
891 2603 982 2657 Dei
1006 2645 1020 2670 ,
1057 2612 1113 2657 ut
1139 2604 1249 2674 ipsa
1281 2604 1515 2659 hominis
1541 2605 1777 2673 cognitio
1804 2604 1904 2658 sibi
1936 2604 2069 2673 ipsi;

480 2705 538 2750 et
563 2694 834 2751 docuisset
862 2710 961 2751 nos
989 2698 1167 2752 omnia
1199 2697 1324 2753 inde
1349 2697 1622 2764 didicisse,
1641 2707 1695 2753 et
1727 2696 1851 2753 inde
1879 2711 2069 2752 neces-

480 2789 624 2843 sario
649 2830 663 2856 ,
715 2789 992 2859 subjunxit
1020 2807 1035 2844 :
1064 2791 1151 2845 l5.
1196 2790 1323 2857 Qua:
1350 2793 1502 2845 etiam
1537 2792 1794 2863 loquimur
1816 2835 1831 2859 ,
1866 2808 1968 2846 non
2016 2793 2071 2845 in

479 2880 641 2934 doctis
679 2882 915 2936 humanm
957 2884 1220 2953 sapientia:
1245 2885 1443 2948 verbis;
1490 2885 1579 2939 sed
1601 2886 1654 2939 in
1684 2886 1913 2939 doctrina
1941 2884 2067 2956 Spi-

477 2973 604 3026 ritus
652 2975 852 3038 sancti,
914 2974 1265 3043 spiritualibus
1325 2975 1617 3046 spiritualia
1683 2989 2064 3045 comparantes.

480 3065 669 3120 Viden’
694 3080 801 3136 quo
846 3080 945 3123 nos
984 3066 1267 3121 deduxerit
1311 3067 1380 3122 ab
1420 3068 1740 3122 auctoritate
1780 3068 2067 3123 doctoris?

478 3158 653 3213 Tanto
670 3160 813 3214 enim
836 3160 939 3215 illis
961 3174 1146 3215 sumus
1163 3159 1536 3230 sapientiores,
1561 3169 1817 3231 quantum
1844 3162 2067 3216 interest

477 3250 618 3304 inter
633 3249 909 3305 Platonem
928 3263 976 3306 et
995 3248 1249 3321 Spiritum
1267 3259 1529 3306 sanctum.
1549 3251 1628 3307 llli
1651 3253 1793 3307 enim
1814 3261 2068 3308 externos

476 3350 719 3396 oratores
745 3341 941 3397 habent
971 3342 1273 3413 magistros,
1303 3359 1398 3396 nos
1424 3351 1600 3398 autem
1634 3342 1891 3415 Spiritum
1940 3359 2069 3400 san-

475 3442 639 3487 ctum.
680 3432 817 3501 Quid
845 3433 944 3489 sibi
990 3433 1103 3487 vult
1146 3444 1344 3499 autem,
1371 3434 1678 3504 Spirituatia
1721 3434 2069 3505 spiritualibus

477 3527 876 3596 comparantes?
903 3526 1130 3595 Quando
1168 3528 1446 3597 Spirituale
1484 3527 1718 3593 fueritet
1744 3530 1966 3585 dubium
1989 3571 2005 3598 ,
2034 3545 2065 3586 a

478 3618 844 3687 spiritualibus
870 3621 1173 3675 testimonia
1202 3621 1476 3676 ducimus:
1504 3630 1584 3686 ut,
1605 3623 1837 3693 exempli
1859 3638 2021 3678 causa
2045 3666 2061 3692 ,

442 3730 451 3739 ’
475 3711 1046 3780 resurrexitChristus,
1074 3713 1195 3783 quia
1217 3713 1288 3768 de
1311 3712 1528 3784 Virgine
1544 3723 1699 3769 natus
1720 3724 1822 3771 est.
1842 3715 2065 3773 Adduco

477 3804 802 3872 testimonia,
837 3805 1031 3875 figuras
1056 3816 1109 3861 et
1138 3805 1645 3875 demonstrationes,
1677 3808 1827 3864 Jonas
1859 3810 1911 3864 in
1943 3819 2064 3867 ceto

476 3911 690 3965 moras,
731 3907 786 3953 et
833 3898 1202 3955 liberationem
1241 3915 1361 3970 quae
1407 3909 1587 3970 postea
1618 3901 1747 3968 fuit,
1798 3902 2062 3958 sterilium

475 4000 677 4060 partus,
710 3990 858 4047 Sara:
884 4002 939 4048 et
966 3992 1228 4048 Rebecca:
1250 4004 1304 4047 et
1329 4001 1644 4049 caeterarum
1676 4010 1691 4047 :
1724 3995 1977 4050 arborum
2012 3997 2063 4050 in

473 4085 722 4155 paradiso
773 4085 1179 4156 productionem
1234 4100 1340 4140 non
1384 4085 1545 4155 jactis
1574 4087 1911 4155 seminibus,
1956 4101 2062 4142 non

473 4176 726 4232 demissis
771 4177 1066 4244 imbribus,
1114 4192 1221 4232 non
1269 4177 1420 4231 sulco
1469 4176 1629 4232 facto.
1672 4176 1870 4231 Futura
1917 4178 2061 4233 enim

474 4265 838 4337 ﬁgurabantur
879 4277 932 4323 et
970 4268 1415 4324 describebantur
1453 4275 1724 4336 tamquam
1767 4269 1821 4322 in
1874 4267 2062 4323 umbra

474 4356 783 4426 prioribus,
836 4368 891 4412 ut
940 4374 1000 4414 ea
1056 4358 1406 4412 crederentur
1455 4372 1578 4411 cum
1618 4356 1956 4414 advenirent.
1998 4360 2067 4414 Et

473 4448 702 4503 ostendo
722 4463 933 4503 rursum
954 4448 1225 4518 quomodo
1247 4449 1409 4502 homo
1434 4463 1500 4503 ex
1524 4456 1689 4516 terra,
1720 4459 1776 4504 et
1797 4451 2066 4520 quomodo

474 4552 543 4594 ex
587 4539 705 4593 solo
736 4539 852 4593 viro
895 4539 1088 4593 mulier
1116 4536 1234 4592 sine
1277 4539 1389 4593 ullo
1433 4540 1576 4593 coitu
1607 4557 1620 4593 :
1652 4542 1923 4611 quomodo
1953 4542 2064 4613 ipsa

476 4642 622 4686 terra
648 4648 710 4686 ex
740 4631 908 4686 nihilo
933 4673 949 4699 ,
991 4629 1267 4686 Creatoris
1298 4631 1535 4701 potentia
1569 4633 1767 4703 ubique
1792 4634 1859 4689 ad
1888 4638 2064 4691 omnia

475 4722 797 4778 sufﬁciente.
842 4722 914 4776 Ita
942 4721 1312 4793 spiritualibus
1342 4724 1641 4793 Spiritualia
1671 4741 1927 4797 comparo
1952 4768 1966 4795 ,
2013 4739 2068 4784 et

476 4831 741 4886 nusquam
767 4830 902 4884 opus
938 4814 1110 4871 habeo
1144 4824 1364 4871 externa
1395 4817 1657 4887 sapientia
1687 4834 1861 4889 neque
1899 4821 2065 4877 ratio-

475 4908 633 4962 ciniis
682 4921 859 4977 neque
915 4906 1338 4975 probationibus.
1382 4907 1464 4962 llli
1512 4923 1746 4978 namque
1798 4910 2065 4967 infirmam

476 5010 714 5054 mentem
743 4999 1058 5054 concutiunt
1086 5006 1138 5054 et
1164 5000 1504 5067 conturbant,
1529 5015 1629 5055 nec
1655 5001 1855 5071 aliquid
1878 5018 2062 5058 eorum

390 5134 408 5150 .
476 5106 599 5160 quae
625 5091 810 5146 dicunt
836 5091 1210 5147 demonsarare
1237 5101 1499 5163 possunt;
1532 5092 1625 5147 sed
1656 5101 1711 5147 et
1735 5094 2065 5148 contrarium

478 5183 711 5247 faciunt;
747 5182 960 5236 turbant
989 5181 1158 5252 magis
1181 5223 1197 5249 ,
1245 5183 1478 5252 caligine
1523 5183 1733 5252 replent
1762 5194 1817 5238 et
1860 5183 2070 5239 dubita-

478 5274 628 5328 tione
665 5273 856 5327 multa.
887 5272 1013 5328 ideo
1038 5273 1132 5326 ait
1155 5314 1170 5338 ,
1206 5273 1574 5343 Spiritunlibus
1610 5273 1902 5343 spirituatia
1927 5290 2069 5329 com-

478 5375 737 5435 parantes.
780 5364 971 5420 Viden‘
1010 5375 1065 5418 ut
1095 5380 1544 5434 supervacaneam
1573 5367 1888 5435 sapientiam
1922 5367 2066 5422 illam

478 5458 762 5515 ostendit?
789 5471 890 5513 nec
915 5458 1090 5512 solum
1121 5472 1607 5527 supervacaneam,
1641 5459 1735 5514 sed
1765 5470 1820 5514 et
1846 5469 2067 5515 contra-

478 5552 614 5606 riam
647 5561 702 5607 et
747 5552 983 5606 noxiam.
1024 5549 1157 5603 Nam
1193 5565 1312 5605 cum
1347 5550 1518 5615 dixit,
1567 5550 1632 5605 Ut
1672 5567 1773 5605 non
1808 5561 2075 5606 evacuatur

483 5644 847 5711 crux~CItristi,
879 5652 956 5708 et,
992 5640 1060 5696 Ut
1090 5658 1192 5695 non
1213 5643 1275 5697 sit
1300 5644 1354 5696 in
1385 5644 1638 5711 sapientia
1667 5646 1928 5701 hominum
1944 5646 2072 5714 ﬁdes

488 5742 678 5801 nostra,
707 5736 809 5792 hoc
833 5733 1171 5804 significavit.
1203 5734 1298 5789 llic
1321 5744 1501 5790 autem
1526 5737 1757 5790 ostendit
1783 5752 1888 5792 non
1920 5752 2080 5803 posse

489 5834 625 5892 eos,
671 5828 760 5896 qui
806 5826 909 5899 ipsi
952 5823 1231 5881 confidunt
1273 5835 1327 5883 et
1376 5835 1546 5881 totum
1591 5827 1689 5896 ipsi
1739 5828 2073 5899 permittunt,

2182 486 2380 558 aliquid
2408 488 2539 545 utile
2568 488 2794 548 discere.
2832 493 2921 548 ﬂ.
2952 492 3204 548 Animalis
3224 493 3358 548 enim
3387 493 3558 558 homo,
3578 493 3771 566 inquit,

2185 593 2287 631 non
2310 579 2525 649 percipit
2553 596 2613 634 ea
2663 597 2778 652 qui:
2801 593 2918 637 sunt
2940 582 3184 655 Spiritus.
3217 582 3442 654 Oportet
3468 585 3629 656 igitur
3654 599 3774 639 eam

2183 669 2332 738 prius
2351 669 2637 740 deponere.
2661 673 2797 741 Quid
2819 673 3011 744 igitur?
3033 676 3386 746 reprobatane
3407 686 3511 745 est,
3539 679 3771 747 inquies.

2183 767 2402 814 externa
2450 762 2754 830 sapientia?
2806 766 2967 835 Atqui
3016 780 3151 837 opus
3205 776 3288 823 est
3337 768 3452 823 Dei.
3511 767 3669 825 Unde
3718 768 3771 822 id

2183 853 2433 906 constat?
2476 853 2592 910 Non
2624 857 2766 910 enim
2797 857 2882 913 ille
2912 857 3040 913 fecit
3067 860 3235 930 ipsam
3260 902 3277 927 ,
3329 862 3423 917 sed
3455 871 3513 917 tu
3542 862 3770 916 adiuve-

2185 942 2309 995 nisti
2340 961 2353 996 :
2386 959 2508 999 nam
2547 946 2632 1001 hic
2661 948 2977 1017 sapientiam
3007 962 3163 1006 vocat
3201 952 3468 1008 curiosum
3501 954 3769 1024 perquisi-

2132 1057 2139 1066 -
2183 1032 2383 1088 tionem
2431 1043 2483 1089 et
2522 1039 2849 1105 superﬂuam
2878 1039 3200 1094 facundiam.
3262 1041 3320 1098 Si
3361 1043 3481 1113 quis
3508 1058 3636 1097 vero
3666 1043 3775 1097 hu-

2183 1136 2395 1177 manam
2441 1125 2778 1193 prudentiam
2808 1127 2892 1182 hic
2921 1129 3144 1200 intelligi
3172 1131 3348 1198 dicat,
3390 1133 3471 1188 sic
3509 1136 3671 1187 etiam
3718 1132 3774 1186 in

2181 1214 2336 1286 culpa
2357 1230 2437 1271 es.
2469 1216 2547 1272 Tu
2569 1218 2710 1273 enim
2735 1220 2879 1275 illam
2897 1222 3171 1293 deturpas,
3199 1225 3288 1295 qui
3311 1225 3400 1279 illa
3418 1226 3557 1281 male
3577 1226 3771 1292 uteris,

2181 1306 2273 1375 qui
2297 1306 2364 1361 ad
2395 1308 2485 1364 Dei
2513 1308 2767 1365 damnum
2797 1321 2851 1367 et
2890 1313 3244 1371 oﬁ‘ensionem
3287 1317 3356 1372 ab
3385 1317 3475 1371 illa
3518 1317 3685 1388 exigis
3717 1317 3774 1371 id

2180 1396 2322 1464 quod
2351 1411 2454 1452 non
2485 1398 2665 1455 habet.
2694 1401 2827 1469 Quia
2857 1403 3016 1475 igitur
3043 1406 3094 1459 in
3125 1406 3211 1459 illa
3239 1406 3490 1476 gloriaris
3517 1419 3570 1464 et
3599 1409 3772 1464 Deum

2182 1487 2324 1544 bello
2351 1490 2561 1561 impetis
2581 1534 2594 1555 .
2625 1493 2741 1563 ejus
2769 1496 2857 1551 ille
2887 1496 3306 1554 imbecillitatem
3334 1500 3589 1555 ostendit.
3633 1501 3771 1556 Nam

2182 1580 2318 1636 bona
2345 1598 2560 1654 quoque
2587 1600 2672 1641 res
2699 1597 2780 1642 est
2809 1590 3053 1659 corporis
3092 1590 3291 1656 robur;
3337 1591 3429 1646 sed
3467 1593 3591 1661 quia
3635 1591 3771 1648 Cain

2180 1671 2270 1726 illo
2300 1687 2406 1729 non
2452 1683 2509 1729 ut
2554 1678 2788 1745 oportuit
2818 1694 2945 1734 usus
2971 1691 3083 1747 est,
3115 1680 3361 1736 dissolvit
3391 1682 3542 1737 illum
3578 1684 3725 1737 Deus
3752 1724 3769 1749 ,

2178 1772 2231 1817 et
2259 1772 2318 1818 ut
2342 1772 2597 1821 tremeret
2625 1767 2819 1824 effecit.
2851 1769 3043 1824 Vinum
3068 1786 3278 1842 quoque
3306 1773 3506 1827 bonum
3526 1782 3642 1840 est;
3672 1774 3772 1829 sed

2179 1854 2300 1924 quia
2328 1856 2679 1913 immoderate
2705 1858 2798 1914 illo
2824 1861 2903 1915 usi
2931 1873 3058 1916 sunt
3077 1861 3270 1929 Judaei,
3297 1863 3415 1933 ejus
3444 1878 3597 1918 usum
3625 1863 3771 1920 Deus

2178 1947 2548 2004 sacerdotibus
2574 1951 2794 2005 omnino
2821 1952 3120 2008 interdixit.
3152 1954 3416 2022 Quoniam
3440 1969 3573 2024 ergo
3597 1966 3652 2009 tu
3675 1970 3766 2009 sa-

2179 2037 2375 2107 pientia
2403 2040 2470 2094 ad
2499 2040 2593 2096 Dei
2624 2041 2933 2112 despectum
2964 2059 3092 2099 usus
3122 2059 3183 2100 es
3208 2087 3223 2111 ,
3251 2055 3307 2099 et
3336 2045 3593 2116 majorem
3620 2046 3768 2101 illam

2178 2131 2401 2200 exegisti
2426 2171 2442 2199 ,
2472 2148 2631 2204 quam
2659 2134 2801 2189 vires
2829 2134 3053 2202 ferrent,
3082 2136 3152 2190 ab
3188 2151 3284 2206 Spe
3316 2137 3548 2191 humana
3581 2145 3635 2191 te
3664 2137 3764 2190 τοι).

2176 2221 2412 2291 ducens,
2464 2225 2580 2294 ejus
2608 2223 2973 2282 inﬁrmitatem
3004 2228 3262 2283 ostendit.
3303 2228 3572 2283 Animalis
3617 2229 3768 2283 enim

2177 2322 2258 2367 est
2282 2354 2297 2379 ,
2326 2314 2417 2384 qui
2446 2321 2613 2368 totum
2640 2313 2733 2369 dat
2764 2316 2972 2387 frigidis
3000 2317 3297 2373 ratiociniis
3321 2359 3334 2383 ,
3382 2327 3437 2374 et
3476 2332 3581 2372 non
3612 2327 3773 2387 putat

2176 2418 2235 2458 se
2283 2405 2393 2459 ullo
2418 2418 2652 2475 superno
2696 2406 2897 2461 auxilio
2943 2421 3079 2477 opus
3118 2408 3319 2463 habere
3350 2450 3365 2473 ,
3421 2408 3567 2478 quod
3615 2418 3774 2464 certe

2176 2499 2407 2553 amentia
2433 2507 2535 2552 est.
2563 2496 2694 2552 Nam
2723 2499 2871 2554 dedit
2897 2499 3042 2555 illam
3066 2501 3223 2567 Deus,
3256 2509 3316 2557 ut
3342 2501 3512 2555 discat
3537 2510 3590 2555 et
3605 2514 3773 2570 opem

2175 2603 2326 2644 suam
2364 2590 2622 2659 accipiat;
2673 2605 2782 2645 non
2810 2601 2867 2646 ut
2891 2607 3010 2647 eam
3038 2592 3141 2647 sibi
3167 2592 3269 2662 ipsi
3311 2591 3562 2648 sufﬁcere
3589 2600 3767 2662 putet.

2176 2680 2387 2736 Etenim
2418 2681 2557 2735 oculi
2589 2680 2801 2751 pulchri
2827 2690 2883 2737 et
2909 2682 3067 2737 utiles
3097 2691 3257 2749 sunt;
3289 2683 3385 2738 sed
3411 2684 3455 2738 si
3498 2682 3776 2738 voluerint

2173 2772 2291 2827 sine
2319 2771 2439 2827 luce
2475 2771 2660 2828 videre
2685 2813 2701 2840 ,
2750 2773 2886 2827 nihil
2914 2772 3065 2843 juvat
3093 2775 3213 2830 illos
3254 2775 3630 2845 pulchritudo,
3678 2776 3774 2831 vel

2173 2863 2388 2934 propria
2418 2864 2607 2928 virtus,
2641 2864 2752 2919 imo
2776 2865 2938 2919 etiam
2967 2865 3131 2921 laedit.
3163 2865 3254 2921 Sic
3283 2867 3462 2938 itaque
3487 2868 3689 2933 anima,
3717 2867 3770 2922 si

2175 2956 2402 3011 voluerit
2441 2955 2559 3011 sine
2585 2954 2784 3025 Spiritu
2828 2956 3011 3012 videre
3035 2998 3050 3023 ,
3097 2957 3200 3013 sibi
3230 2959 3328 3027 ipsi
3361 2957 3754 3027 impedimento

2172 3056 2275 3101 est.
2315 3046 2597 3113 Quomodo
2623 3047 2817 3117 igitur,
2870 3047 3113 3118 inquies,
3142 3048 3373 3104 antehac
3405 3064 3499 3119 per
3525 3050 3766 3119 seipsam

2173 3139 2350 3191 omnia
2376 3137 2637 3193 videbat?
2664 3137 2964 3209 Numquam
3003 3153 3034 3194 a
3074 3140 3271 3209 seipsa,
3302 3141 3396 3196 sed
3424 3140 3611 3195 habuit
3638 3156 3761 3196 rem

2171 3240 2406 3286 creatam
2437 3246 2539 3302 pro
2566 3231 2707 3286 libro
2732 3234 3065 3303 propositam
3098 3233 3153 3287 in
3182 3232 3362 3289 medio
3393 3252 3407 3287 :
3441 3234 3563 3304 quia
3593 3250 3724 3290 vero
3750 3277 3768 3302 ,

2171 3323 2392 3379 dimissa
2424 3325 2516 3378 via
2554 3339 2659 3395 qua
2707 3325 2847 3381 Deus
2885 3325 3051 3396 jussit
3085 3325 3334 3382 homines
3361 3327 3613 3383 incedere
3637 3367 3654 3396 ,
3708 3341 3773 3385 ut

2172 3430 2269 3485 per
2319 3416 2605 3471 visibilium
2652 3416 3101 3487 pulchritudinem
3148 3427 3370 3473 nossent
3412 3420 3767 3487 Creatorem,

2172 3507 2465 3562 ratiociniis
2491 3507 2730 3563 scientiae
2755 3519 2965 3579 sceptra
2990 3509 3417 3579 commiserunt,
3463 3512 3515 3565 in
3546 3511 3771 3581 pelagus

2170 3599 2459 3670 impietatis
2484 3600 2680 3655 infirmi
2725 3600 2900 3656 ell'ecti
2927 3600 3159 3656 demersi
3186 3610 3355 3668 sunt,
3398 3601 3577 3657 statim
3603 3603 3772 3672 abys-

2171 3706 2291 3747 sum
2331 3692 2596 3748 malorum
2641 3693 2957 3749 inducentes
2984 3735 3000 3761 ,
3029 3709 3093 3749 ac
3119 3694 3362 3751 dicentes
3391 3696 3525 3750 nihil
3554 3712 3622 3751 ex
3651 3711 3768 3754 non

2170 3783 2503 3840 exstantibus
2528 3782 2665 3851 ﬁeri,
2691 3782 2787 3840 sed
2808 3799 2872 3840 ex
2896 3785 3118 3840 materia
3144 3786 3401 3857 ingenita;
3431 3787 3573 3843 unde
3594 3789 3763 3844 etiam

2172 3876 2409 3932 haereses
2436 3876 2745 3932 innumeras
2788 3885 3118 3947 pepererunt
3146 3895 3159 3931 :
3190 3889 3246 3933 et
3276 3881 3327 3933 in
3357 3880 3422 3935 iis
3447 3895 3565 3951 quae
3606 3881 3767 3938 valde

2171 3966 2399 4023 absurda
2445 3976 2601 4022 erant
2627 3978 3035 4033 convenerunt;
3082 3969 3134 4023 in
3163 3969 3359 4039 quibus
3397 3980 3577 4025 autem
3607 3971 3767 4026 vide-

2172 4060 2367 4117 bantur
2393 4062 2591 4132 aliquid
2618 4076 2807 4117 sanum
2844 4065 2992 4132 quasi
3021 4061 3076 4115 in
3108 4060 3295 4116 umbra
3324 4063 3595 4118 somniare
3622 4105 3638 4131 ,
3670 4062 3766 4119 di-

2172 4154 2305 4210 vulsi
2332 4167 2396 4208 ac
2423 4154 2576 4209 divisi
2604 4163 2764 4220 sunt,
2794 4161 2852 4208 ut
2878 4154 3130 4224 utrinque
3167 4153 3564 4210 deriderentur.
3603 4154 3764 4222 Quod

2172 4246 2316 4302 enim
2343 4260 2414 4302 ex
2445 4243 2563 4300 non'
2583 4244 2918 4300 exstantibus
2947 4243 3081 4299 nihil
3109 4245 3200 4299 fiat
3223 4285 3238 4310 ,
3272 4260 3377 4299 una
3407 4260 3596 4300 omnes
3623 4262 3766 4316 pene

2171 4340 2422 4395 dixerunt
2461 4349 2517 4394 et
2559 4340 2758 4409 scripto
2807 4337 3180 4393 tradiderunt:
3209 4338 3369 4409 idque
3409 4354 3602 4409 magno
3637 4355 3767 4395 cum

2175 4432 2374 4489 studio.
2418 4433 2473 4487 lu
2517 4431 2749 4487 absurda
2778 4429 2959 4500 itaque
2986 4430 3107 4484 illos
3134 4430 3347 4500 impulit
3394 4429 3662 4486 diabolus.
3708 4432 3766 4488 In

2174 4526 2392 4582 utilibus
2436 4535 2614 4579 autem
2642 4565 2657 4591 ,
2706 4524 2795 4578 ubi
2844 4522 3165 4578 videbantur
3212 4538 3311 4577 ceu
3374 4523 3428 4577 in
3481 4525 3775 4593 amigmate

2174 4620 2370 4688 aliquid
2400 4634 2466 4674 ex
2493 4618 2735 4689 qumsitis
2760 4616 3001 4671 invenire
3021 4656 3036 4682 ,
3067 4617 3120 4670 in
3148 4616 3230 4670 his
3255 4656 3270 4680 ,
3300 4616 3542 4686 inquam,
3571 4628 3768 4673 contra

2174 4725 2233 4765 se
2261 4724 2561 4782 pugnavere
2610 4725 2623 4761 :
2670 4708 2816 4763 verbi
2862 4707 3032 4776 gratia
3062 4748 3077 4772 ,
3124 4707 3271 4777 quod
3323 4708 3647 4762 immortalis
3697 4710 3776 4764 sit

2174 4808 2372 4869 anima,
2396 4803 2539 4874 quod
2559 4802 2729 4857 virtus
2754 4800 2899 4856 nullo
2922 4808 3077 4870 egeat
3099 4809 3445 4854 externorum
3472 4814 3572 4853 :ac
3592 4816 3772 4870 neque

2175 4914 2239 4954 ex
2269 4896 2587 4951 necessitate
2610 4935 2626 4963 ,
2674 4907 2847 4964 neque
2872 4907 2939 4947 ex
2968 4891 3076 4946 fato
3103 4890 3276 4946 bonos
3321 4890 3438 4947 ﬁeri
3461 4931 3478 4958 ,
3531 4901 3625 4947 aut
3657 4909 3772 4947 non

2177 4989 2330 5043 tales.

2249 5081 2303 5137 5.
2332 5078 2583 5136 Vidistin’
2612 5074 2810 5133 diaboli
2849 5075 3149 5131 malitiam?
3187 5074 3369 5130 Sicubi
3407 5075 3530 5131 illos
3568 5076 3775 5146 aliquid

2178 5184 2489 5244 corruptum
2515 5172 2693 5226 dicere
2715 5169 2879 5234 vidit,
2912 5168 2965 5223 id
2995 5168 3174 5222 eﬂecit
3196 5177 3253 5222 ut
3274 5181 3465 5224 omnes
3492 5170 3774 5224 consenti-

2180 5276 2300 5322 rent
2324 5282 2339 5331 ;
2365 5262 2537 5319 sicubi
2560 5278 2687 5317 vero
2706 5259 2903 5329 aliquid
2926 5274 3114 5313 sanum
3144 5258 3404 5328 proferre,
3427 5259 3564 5313 alios
3583 5270 3775 5314 contra

2182 5359 2329 5428 ipsos
2350 5353 2671 5416 concitavit;
2700 5362 2759 5406 ut
2780 5350 3011 5405 absurda
3039 5366 3146 5405 non
3169 5349 3484 5404 exciderent
3504 5365 3777 5405 consensu

2183 5450 2518 5513 confirmata,
2542 5456 2595 5502 et
2625 5445 2771 5500 utilia
2802 5443 3107 5498 difﬂuerent
3136 5442 3284 5496 varie
3322 5442 3615 5497 intellecta.
3641 5442 3780 5500 Vide

2185 5539 2453 5612 quomodo
2479 5537 2656 5593 anima
2679 5534 2875 5604 ubique
2905 5533 2975 5589 sit
2999 5532 3289 5599 imbecilla,
3319 5547 3493 5603 neque
3518 5532 3622 5588 sibi
3660 5535 3778 5589 suf-

2187 5635 2348 5690 ﬁciat.
2378 5633 2591 5694 ldvero
2628 5629 2750 5698 jure
2787 5625 2980 5682 merito
3024 5625 3220 5680 factum
3251 5634 3352 5679 est.
3384 5624 3441 5680 Si
3480 5624 3621 5682 enim
3653 5640 3781 5682 cuni

2190 5731 2310 5786 talis
2335 5732 2469 5783 facta
2495 5728 2584 5794 sit,
2612 5724 2887 5780 contendit
2916 5739 2974 5778 se
3003 5723 3150 5777 nullo
3176 5738 3311 5793 opus
3338 5723 3555 5792 habere,
3586 5734 3639 5778 et
3664 5738 3724 5777 se
3748 5738 3783 5777 a

2192 5828 2300 5880 Deo
2319 5820 2566 5887 abducit;
2595 5818 2696 5874 nisi
2719 5817 2840 5872 talis
2866 5815 3001 5870 facta
3022 5824 3186 5884 esset,
3214 5815 3265 5869 in
3293 5830 3450 5887 quam
3474 5829 3580 5870 non
3605 5828 3801 5871 amen-
