4086 6420
340 332 409 390 59
1370 337 1435 393 IN
1474 338 1693 394 EPIST.
1737 335 1756 390 ι
1794 334 1885 390 AD
1915 332 1951 388 c

2060 374 2073 387 .
2113 333 2344 392 HOMIL.
2387 337 2497 394 VII,
3545 346 3616 399 σο

345 448 447 502 οὐκ
468 445 813 514 ἐπαίδευσεν,
836 447 973 504 ἀλλά
1000 450 1092 506 καὶ
1119 449 1361 505 ἐκώλυσε
1390 453 1483 506 καὶ
1502 422 1813 522 διετέίχισε,
1836 447 1929 501 καὶ
2033 448 2343 520 χρησίμων.
2388 451 2652 521 Ψυχικὸς
2676 451 2794 525 [56]
2823 451 2935 522 γὰρ
2969 451 3299 520 ἅνθρωπος,
3326 454 3510 523 φησὶν,
3539 452 3612 503 ού

346 529 484 601 μετά
509 529 571 583 τὸ
600 530 862 601 γενέσθαι
896 529 1194 597 ἐπεσκίαζε
1243 535 1355 598 τοῖς
1395 534 1806 605 γεγενημένοις,
1834 531 1927 584 τὸν
2034 531 2269 600 δέχεται
2293 532 2367 587 τὰ
2397 534 2504 589 τοῦ
2545 536 2909 605 Πνεύματος.
2942 535 3034 589 Δεῖ
3072 534 3250 589 τοίνυν
3287 535 3457 605 αὐτὴν
3483 538 3615 591 ἀπο-

227 644 232 649 -
343 613 572 685 σταυρὸν
620 613 878 671 κενοῦσα.
925 616 1000 669 Ού
1045 616 1223 670 τοίνυν
1262 616 1339 688 τῷ
1390 617 1583 687 μαθεῖν
1627 628 1651 656 ο
1681 616 1922 669 δείκνυσι

344 696 442 768 τὴν
477 698 553 761 εἰς
595 698 745 767 ἡμᾶς
784 697 970 769 τιμὴν,
1008 700 1104 753 καὶ
1137 699 1214 770 τῷ
1244 700 1385 770 μετὰ
1415 700 1661 770 ἀγγέλων
1702 697 1919 770 μαθεῖν,

344 780 480 834 ἀλλά
517 780 611 833 καὶ
637 780 716 851 τῷ
746 780 835 835 διὰ
1018 782 1112 835 τοῦ
1144 781 1468 853 Πνεύματος
1507 781 1674 835 αὑτοῦ
1708 780 1922 849 μαθεῖν.

346 860 479 916 Εἶτα
497 862 712 927 δεικνὺς
732 862 793 916 τὸ
827 863 1075 931 μέγεθος,
1103 866 1292 936 φησιν,
1315 867 1397 918 ὅτι
1419 866 1482 919 Et
1514 864 1590 936 μὴ
1618 864 1678 917 τὸ
1701 862 1925 932 Πνεῦμα

344 947 408 1000 τὸ
434 946 801 1016 ἐπιστάμενον
834 945 900 999 τά
928 947 1214 1019 ἀπόρρητα
1246 947 1339 1002 τοῦ
1368 947 1524 1013 Θεοῦ,
1556 946 1926 1014 ἀπεκάλυψεν,

346 1029 450 1083 οὐκ
479 1027 547 1083 ἀν
591 1028 887 1098 ἐμάθομεν.
922 1028 1077 1082 Οὕτω
1107 1029 1573 1101 περισπούδαστον
1602 1030 1681 1100 τῷ
1712 1027 1828 1099 Θεῷ
1867 1028 1929 1080 τὸ

350 1114 587 1185 πρᾶγμα
610 1108 699 1183 ἦν,
729 1111 869 1165 ὥστε
907 1114 965 1166 ἐν
1003 1116 1114 1177 τοῖς
1155 1115 1486 1186 ἀπορρήτοις
1521 1111 1679 1168 εἶναι.
1712 1112 1802 1167 Διὸ
1836 1113 1930 1167 καὶ

356 1197 569 1250 ἐκείνου
623 1194 919 1266 ἐδεήθημεν
981 1195 1302 1251 διδασκάλου
1360 1197 1455 1250 τοῦ
1511 1195 1685 1251 ταῦτα
1744 1194 1930 1263 σαφῶς

353 1280 582 1343 εἰδότος.
634 1279 703 1332 T6
749 1277 859 1348 γὰρ
898 1279 1141 1349 Πνεῦμα
1182 1280 1401 1346 πάντα,
1459 1281 1643 1348 φησὶν,
1693 1276 1928 1347 ἐρευνᾷ.

354 1364 458 1418 καὶ
486 1363 560 1417 τὰ
589 1362 749 1431 ,ϐάθη
792 1362 899 1416 τοῦ
938 1364 1106 1419 Θεοῦ.
1142 1367 1239 1428 Τίς
1267 1366 1377 1436 γὰρ
1414 1365 1577 1418 οἶδεν
1607 1362 1933 1432 ἀνθρώπων

356 1448 426 1502 τὰ
474 1446 580 1501 τοῦ
620 1446 955 1514 ἀνθρώπου,
991 1449 1042 1501 εί
1069 1447 1157 1516 μὴ
1197 1448 1265 1502 τὸ
1301 1449 1539 1517 πνεῦμα
1570 1448 1676 1502 τοῦ
1711 1445 1933 1514 ἀνθρώ-

352 1545 476 1585 που
506 1529 575 1583 τὸ
611 1528 682 1582 ἐν
717 1527 914 1595 αὺτῷ;
956 1530 1118 1583 Οὕτω
1156 1529 1256 1584 καί
1291 1530 1364 1584 τὰ
1391 1530 1498 1585 τοῦ
1540 1529 1690 1585 Θεοῦ
1732 1528 1934 1596 οὐδεὶς

352 1609 541 1675 οἶδεν,
573 1612 628 1664 εί
662 1610 747 1679 μὴ
787 1609 856 1664 τὸ
900 1611 1142 1681 Πνεῦμα
1185 1611 1293 1666 τοῦ
1322 1613 1493 1667 Θεοῦ.
1532 1612 1722 1683 Ἡμεῖς
1752 1613 1822 1666 δὲ
1860 1613 1933 1667 οὐ

356 1697 422 1750 τό
442 1695 687 1764 πνεῦμα
704 1694 810 1748 τοῦ
833 1695 1067 1762 κόσμου
1087 1695 1398 1765 ἐλάϐομεν,
1428 1695 1590 1751 ἀλλὰ
1609 1697 1675 1750 τὸ
1692 1696 1937 1765 Πνεῦμα

356 1779 421 1836 τὸ
460 1780 531 1833 ἐκ
569 1777 673 1832 τοῦ
719 1777 886 1842 Θεοῦ,
939 1778 1041 1832 ἵνα
1084 1778 1334 1849 εἰδῶμεν
1376 1780 1451 1835 τὰ
1484 1780 1605 1835 ὑπὸ
1645 1779 1752 1835 τοῦ
1787 1778 1935 1833 Θεοῦ

356 1861 724 1933 χαρισθέντα
763 1860 929 1930 ἡμῖν.
981 1861 1055 1915 Ού
1089 1861 1199 1932 γὰρ
1244 1862 1490 1931 ἀγνοίας,
1527 1862 1640 1916 ἀλλ’
1672 1860 1938 1934 ἀκριϐοῦς

356 1946 616 2014 γνώσεως
669 1943 903 1998 ἐνταῦθα
955 1943 1014 1996 τὸ
1057 1943 1314 2012 ἐρευνᾶν
1363 1944 1714 1999 ἐνδεικτικόν.
1751 1945 1938 2017 Ταύτῃ

357 2027 491 2096 γοῦν
521 2029 589 2099 τῇ
619 2026 761 2093 λέξει
790 2027 886 2080 καὶ
912 2026 1007 2080 ἐπὶ
1028 2026 1121 2080 τοῦ
1149 2025 1284 2080 Θεοῦ
1317 2026 1586 2098 κέχρηται
1618 2027 1790 2097 λέγων
1812 2044 1827 2058 ·
1875 2026 1939 2081 '0

356 2110 426 2165 δὲ
449 2108 716 2180 ἐρευνῶν
756 2109 861 2177 τὰς
904 2109 1173 2179 καρδίας,
1198 2106 1323 2165 οἵδε
1351 2110 1409 2164 τί
1428 2110 1495 2164 τὸ
1519 2112 1797 2181 φρόνημα
1830 2110 1939 2165 τοῦ

357 2194 727 2264 Πνεύματος.
767 2188 905 2246 Είτα
928 2192 1054 2263 περὶ
1078 2193 1178 2263 τῆς
1209 2191 1305 2246 τοῦ
1332 2192 1651 2263 Πνεύματος
1685 2191 1939 2262 γνώσεως

362 2277 503 2347 μετά
523 2275 810 2348 ἀκριϐείας
828 2274 1016 2343 είπὼν,
1040 2276 1136 2329 καὶ
1163 2274 1378 2339 διδάξας
1399 2276 1481 2329 ὅτι
1501 2275 1676 2339 οὕτως
1702 2273 1940 2340 ἐξισάζει

360 2360 499 2431 πρὸς
543 2360 647 2432 τὴν
674 2358 767 2412 τοῦ
811 2357 946 2412 Θεοῦ
993 2358 1217 2428 γνῶσιν,
1248 2358 1325 2423 ὡς
1352 2360 1386 2430 ή
1413 2358 1704 2430 ἀνθρώπου
1739 2357 1941 2428 γνῶσις

360 2445 505 2514 αὑτὴ
554 2443 691 2515 πρὸς
736 2442 957 2514 ἑαυτὴν,
1006 2442 1101 2496 καὶ
1149 2442 1329 2507 δείξας
1361 2443 1445 2496 ὅτι
1498 2442 1676 2497 πάντα
1728 2442 1941 2497 ἐκεῖθεν

360 2528 660 2599 ἐμάθομεν,
686 2527 780 2580 καὶ
807 2525 1119 2595 ἀναγκαίως
1147 2525 1377 2592 ἐκεῖθεν,
1409 2526 1688 2597 ἐπήγαγεν
1707 2542 1721 2557 ·
1752 2527 1815 2580 Ἀ
1842 2526 1941 2579 καί

360 2609 689 2679 λαλοῦμεν,
724 2610 836 2663 οὐκ
866 2608 938 2663 ἐν
974 2607 1275 2674 διδακτοῖς
1304 2608 1687 2677 ἀνθρωπίνης
1720 2609 1946 2677 σοφίας

359 2694 587 2763 λόγοις,
609 2691 747 2747 ἀλλ’
768 2691 836 2745 ἐν
860 2690 1160 2758 διδακτοῖς
1181 2692 1531 2761 Πνεύματος
1552 2693 1746 2763 ἁγίου,
1771 2705 1948 2748 πνευ-

358 2776 637 2847 ματικοῖς
681 2774 1054 2848 πνευματικὰ
1102 2776 1558 2845 συγκρίνοντες.
1625 2777 1788 2847 Ὀρᾷς
1840 2775 1944 2829 ποῦ

362 2863 515 2933 ἡμᾶς
543 2862 823 2931 ἀνήγαγεν
850 2862 959 2915 ἀπὸ
985 2859 1087 2929 τῆς
1112 2859 1272 2926 ἀξίας
1303 2857 1398 2912 τοῦ
1428 2858 1780 2925 διδασκάλου;
1812 2859 1948 2912 Τοσ-

361 2945 522 2999 οῦτον
562 2944 671 3015 γάρ
704 2946 865 3016 ἡμεῖς
906 2942 1130 2997 ἐκείνων
1174 2940 1493 3014 σοφώτεροι,
1527 2942 1652 2996 ὅσον
1685 2942 1745 2997 τὸ
1783 2941 1948 3013 μέσον

364 3028 655 3091 Πλάτωνός
685 3044 745 3080 τε
773 3025 868 3080 καὶ
914 3024 1233 3096 Πνεύματος
1257 3023 1436 3093 ἁγίου.
1464 3025 1528 3078 Οἱ
1559 3024 1659 3096 μὲν
1682 3024 1793 3093 γὰρ
1823 3025 1948 3089 τοὺς

364 3112 565 3179 ἔξωθεν
614 3111 850 3184 ῥήτορας
896 3108 1080 3180 ἔχουσι
1133 3109 1530 3175 διδασκάλους,
1584 3109 1747 3179 ἡμεῖς
1795 3108 1853 3163 δὲ
1890 3110 1952 3164 τὸ

365 3195 592 3265 Πνεῦμα
626 3194 688 3247 τὸ
733 3194 908 3262 ἅγιον.
944 3192 1009 3245 Τί
1040 3192 1097 3246 δέ
1136 3193 1275 3256 ἐστι,
1302 3192 1735 3262 Πνευματικοῖς
1767 3208 1952 3248 πνευ-

366 3279 585 3347 ματικά
641 3276 1107 3345 συγκρίνοντες;
1191 3275 1359 3329 Ὅταν
1415 3275 1790 3347 πνευματικὸν
1853 3277 1949 3330 καὶ

365 3365 616 3433 ἀπορονι
648 3355 704 3433 ᾖ,
744 3358 851 3412 ἀπὸ
886 3357 993 3412 τῶν
1044 3358 1435 3429 πνευματικῶν
1491 3358 1591 3423 τάς
1648 3358 1953 3430 μαρτυρίας

294 3432 299 3437 ’
368 3432 595 3517 ἄγομεν.
643 3432 770 3496 Οἷον
810 3442 976 3511 λέγω,
1023 3442 1105 3495 ὃτι
1131 3442 1332 3514 ἀνέστη
1382 3443 1410 3495 6
1437 3442 1693 3514 Χριστὸς,
1724 3443 1807 3497 ὅτι
1845 3443 1955 3497 ἀπὸ

372 3527 650 3596 Παρθένου
677 3525 961 3596 ἐγεννήθη.
1008 3524 1252 3595 Παράγω
1284 3525 1595 3597 μαρτυρίας
1623 3526 1719 3579 καὶ
1748 3526 1956 3590 τύπους

371 3613 466 3665 καὶ
486 3609 813 3674 ἀποδείξεις,
836 3607 932 3661 τοῦ
974 3609 1130 3663 Ἰωνᾶ
1155 3610 1255 3679 τὴν
1284 3609 1343 3664 ἐν
1366 3607 1445 3679 τῷ
1472 3609 1629 3678 κήτει
1649 3608 1952 3679 διατριϐὴν,

355 3698 469 3751 .xal
494 3694 594 3765 τὴν
649 3692 786 3766 μετά
820 3689 993 3747 ταῦτα
1040 3691 1385 3764 ἀπαλλαγὴν,
1416 3691 1525 3746 τῶν
1570 3692 1800 3765 στειρῶν
1829 3694 1957 3757 τοὺς

371 3780 649 3841 τοκετοὺς,
699 3778 799 3848 τῆς
828 3776 1065 3849 Σάρρας,
1100 3778 1200 3847 τῆς
1238 3775 1539 3840 Ῥεϐέκκας
1585 3776 1680 3830 καὶ
1710 3776 1820 3830 τῶν
1848 3776 1959 3830 λοι-

375 3863 516 3927 πῶν,
574 3861 675 3931 τὴν
720 3860 777 3914 ἐν
810 3858 892 3930 τῷ
940 3858 1258 3930 παραδείσῳ
1306 3858 1417 3912 τῶν
1460 3858 1692 3930 δένδρων
1721 3859 1958 3931 βλάστην

374 3944 771 4016 γεγενημένην,
816 3943 877 3996 οὐ
934 3943 1266 4014 σπερμάτων
1324 3941 1795 4014 καταϐληθέντων,
1865 3945 1961 4017 οὐχ

377 4029 552 4082 ὑετῶν
599 4024 1063 4095 κατενεχθέντων,
1109 4025 1211 4078 οὐκ
1256 4022 1493 4088 αὕλακος
1525 4025 1956 4098 άνατμηθείσης.

379 4113 462 4167 Τά
505 4113 619 4183 γάρ
677 4110 937 4182 μέλλοντα
969 4108 1317 4163 διεπλάττετο
1362 4108 1459 4163 καὶ
1507 4109 1851 4181 διεγράφετο,
1886 4112 1962 4175 ὡς

378 4201 437 4251 ἐν
472 4198 623 4266 σκιᾷ,
672 4196 785 4258 τοῖς
820 4192 1131 4265 προτέροις,
1166 4192 1255 4246 ἵνα
1286 4191 1555 4265 πιστευθῇ
1578 4192 1758 4247 ταῦτα
1788 4210 1964 4263 παρα-

380 4279 671 4349 γενόμενα.
726 4278 836 4330 Kal
895 4275 1147 4346 δείκνυμι
1194 4273 1381 4339 πάλιν,
1426 4275 1545 4339 πῶς
1575 4276 1685 4329 ἀπὸ
1738 4276 1842 4347 γῆς
1871 4277 1965 4331 άν-

381 4365 627 4435 θρωπος,
680 4361 773 4413 καὶ
829 4358 949 4422 πῶς
1000 4357 1109 4411 ἀπὸ
1159 4355 1450 4429 ἀνθρώπου
1510 4358 1675 4427 μόνου
1721 4360 1756 4429 ή
1802 4359 1962 4430 γυνὴ,

382 4448 478 4502 καὶ
507 4442 746 4515 οὐδαμοῦ
799 4442 1078 4507 συνουσία,
1107 4440 1224 4505 πῶς
1268 4440 1409 4513 αὑτὴ
1441 4443 1475 4512 ή
1501 4444 1573 4513 γῆ
1603 4442 1697 4496 ἀπ’
1729 4442 1963 4507 οὐδενὸς,

380 4531 481 4601 τῆς
507 4528 791 4598 δυνάμεως
815 4525 912 4580 τοῦ
940 4522 1287 4596 Δημιουργοῦ
1321 4525 1597 4595 πανταχοῦ
1625 4525 1761 4597 πρὸς
1789 4526 1965 4580 πάντα

379 4612 683 4687 ἀρκούσης.
706 4610 861 4664 Οὕτω
885 4609 1277 4680 πνευματικοῖς
1300 4607 1647 4676 πνευματικὰ.
1669 4608 1965 4681 συγκρίνω,

384 4700 482 4753 καὶ
520 4694 760 4767 οὐδαμοῦ
815 4694 1006 4766 χρείαν
1040 4692 1145 4763 ἔχω
1202 4691 1305 4762 τῆς
1344 4691 1543 4756 ἔξωθεν
1578 4691 1793 4760 σοφίας,
1845 4692 1968 4745 οὐδὲ

390 4779 672 4852 λογισμῶν
717 4778 837 4832 ούδὲ
894 4774 1279 4848 παρασκευῶν.
1329 4773 1557 4829 Ἐκεῖνοι
1591 4774 1700 4846 γὰρ
1735 4768 1830 4826 καὶ
1866 4789 1974 4827 πα-

393 4862 758 4937 ρασαλεύουσι
797 4860 896 4932 τὴν
944 4858 1145 4929 ἀσθενῆ
1207 4856 1450 4937 διάνοιαν
1512 4857 1606 4909 καὶ
1657 4854 1968 4926 θορυϐοῦσι,

389 4934 486 5002 καὶ
536 4944 811 5009 ἀποδεῖξαι
860 4942 1045 5013 σαφῶς
1093 4940 1242 4995 οὐδὲν
1297 4934 1373 4994 ὧν
1424 4939 1679 5008 λέγουσιν
1730 4938 1968 5010 ἔχουσιν,

386 5030 529 5085 ἀλλά
548 5029 643 5083 xal
664 5025 972 5081 τούναντίον
1001 5023 1245 5077 ποιοῦσι·
1270 5023 1597 5093 ταράττουσι
1626 5021 1848 5093 μᾶλλον,
1876 5021 1973 5077 καὶ

392 5113 559 5183 ζόφου
585 5110 855 5182 πληροῦσι
871 5108 966 5161 καὶ
986 5093 1465 5178 ἀπορίαίπολλῆς.
1487 5106 1578 5163 Διό
1603 5123 1757 5178 φησι.
1790 5110 1975 5161 Πνευ.

394 5194 669 5269 μαέικοῖς
713 5190 1086 5262 πνευματικά
1116 5190 1570 5261 συγκρίνοντες.
1616 5190 1801 5261 Ὁρᾷς,
1854 5190 1974 5255 πῶς

396 5276 659 5349 περιττὴν
677 5276 849 5347 αὐτὴν
867 5274 1137 5329 δείκνυσιν
1158 5290 1172 5339 ;
1195 5273 1257 5326 ού
1277 5272 1436 5342 μόνον
1459 5272 1518 5334 δὲ
1542 5289 1609 5327 πε
1618 5272 1820 5344 ριττὴν,
1839 5272 1976 5327 ἀλλὰ

394 5363 489 5415 καί
510 5359 763 5415 ἐναντίαν
787 5358 883 5412 καὶ⁵
908 5356 1197 5427 βλαϐεράν.
1227 5355 1337 5409 Kal
1361 5354 1469 5426 γὰρ
1497 5356 1558 5409 τὸ
1590 5358 1763 5410 εἰπεῖν
1790 5396 1807 5422 ,
1843 5356 1978 5414 Ἵνα

386 5446 475 5515 μὴ
503 5440 737 5509 κενωθῇ
768 5442 800 5496 6
829 5438 1093 5508 σταυρὸς
1116 5438 1224 5492 τοῦ
1251 5439 1511 5507 Χριστοῦ
1534 5479 1549 5503 ,
1578 5439 1696 5505 καὶ,
1733 5440 1868 5494 Ἵνα
1889 5438 1976 5508 μὴ

390 5522 432 5600 ᾗ
467 5527 541 5582 ἐν
565 5526 755 5595 σοφίᾳ
793 5520 1120 5590 ἀνθρώπων
1150 5522 1189 5591 ή
1222 5522 1428 5589 πίστις
1453 5521 1643 5590 ἡμῶν,
1668 5521 1828 5575 τοῦτο
1857 5522 1981 5593 ἐδή-

392 5610 586 5665 λωσεν.
632 5603 898 5660 Ἐνταῦθα
928 5603 983 5658 δὲ
1007 5603 1295 5670 δείκνυσιν,
1320 5605 1401 5659 ὅτι
1428 5605 1685 5660 ἀδύνατον
1717 5604 1982 5677 θαρροῦν-

394 5710 492 5758 τας
525 5691 620 5747 καὶ
657 5691 718 5745 τὸ
764 5689 874 5741 πᾶν
914 5687 1304 5757 ἐπιτρέποντας
1346 5688 1503 5761 αὐτῇ,
1555 5689 1744 5760 μαθεῖν
1783 5708 1833 5743 τι
1873 5689 1982 5743 τῶν

464 5978 492 6009 ⁸
515 5974 670 6031 Sam.
690 5974 743 6027 in
763 5983 950 6032 ωσι-8.,
996 5968 1273 6035 ἀπόρρητον.

2038 613 2224 668 θέσθαι
2280 616 2566 688 πρότερον.
2624 619 2690 671 Τί
2742 612 2871 685 οῦν;
2923 616 3294 687 διαϐέϐληται,
3348 619 3533 688 φησὶν,
3577 620 3609 688 ἡ

2044 698 2260 768 σοφίαὴ
2298 698 2533 766 ἐξωθεν;
2566 700 2759 754 Καίτοι
2788 700 2949 771 ἔργον
2989 700 3107 753 ἐστὶ
3132 700 3226 754 τοῦ
3254 699 3411 753 Θεοῦ.
3449 700 3618 755 Πόθεν

2039 776 2236 848 δῆλον;
2279 781 2355 833 Οὐ
2383 780 2493 854 γάρ
2529 782 2691 847 αὐτὸς
2728 783 2901 853 αὐτὴν
2941 782 3217 853 ἐποίησεν,
3250 782 3385 835 ἀλλὰ
3418 783 3483 837 σὺ
3519 783 3617 836 ἐπ-

2038 861 2290 933 εξεῦρεςσ
2328 865 2423 918 καὶ
2457 866 2566 937 γὰρ
2600 866 2791 936 σοφίαν
2835 865 3068 920 ἐνταῦθα
3088 866 3148 919 τὸ
3193 867 3485 938 περίεργον
3515 867 3618 935 τῆς

2040 945 2325 1018 ζητήσεως
2356 948 2528 1018 λέγει,
2551 950 2648 1003 καὶ
2671 948 2770 1019 τὴν
2799 948 3061 1019 περιττὴν
3086 948 3439 1017 εύγλωττίαν.
3476 950 3537 1003 Et
3559 951 3619 1004 δὲ

2039 1028 2139 1101 τὴν
2175 1029 2389 1085 σύνεσιν
2417 1033 2515 1102 τὴν
2551 1032 2904 1103 ἀνθρωπίνην
2932 1032 3065 1102 φαίη
3099 1049 3183 1095 τις
3218 1032 3381 1085 αὐτὸν
3416 1032 3618 1101 λέγειν,

2040 1112 2136 1167 καὶ
2171 1113 2313 1169 οὕτω
2343 1116 2406 1169 τὸ
2431 1116 2684 1187 ἔγκλημα
2713 1116 2824 1169 σόν.
2851 1116 2922 1168 Σὺ
2954 1116 3064 1186 γὰρ
3093 1115 3259 1186 αὐτὴν
3289 1115 3619 1183 διαϐάλλεις,

2041 1198 2070 1251 6
2093 1199 2280 1264 κακῶς
2315 1201 2674 1271 κεχρημένος,
2702 1201 2730 1252 6
2766 1200 2906 1263 πρὸς
2937 1199 3141 1270 βλάϐην
3172 1199 3269 1253 καὶ
3307 1199 3623 1253 ἐναντίωσιν

2042 1279 2202 1344 Θεοῦ,
2226 1284 2254 1335 6
2279 1282 2526 1336 ἀπαιτῶν
2556 1283 2727 1352 αὐτὴν
2751 1282 2897 1353 ἅπερ
2930 1283 3031 1336 οὐκ
3052 1278 3215 1351 εἶχεν.
3262 1282 3414 1335 Ἐπεὶ
3441 1279 3535 1336 οῦν
3566 1283 3623 1333 ἐν

2044 1364 2181 1435 αὐτῇ
2207 1366 2481 1436 καυχᾶσαι
2513 1366 2605 1419 καὶ
2632 1366 2752 1435 Θεῷ
2774 1365 3052 1436 πολεμεῖς,
3079 1365 3305 1436 ἤλεγξεν
3331 1364 3501 1434 αὐτῆς
3526 1365 3625 1432 την

2043 1446 2349 1503 ἀσθένειαν.
2390 1448 2542 1500 Ἐπεὶ
2564 1449 2656 1501 καὶ
2682 1441 3105 1517 ἰσχὺς’σὼματος
3129 1448 3317 1501 καλόν·
3342 1448 3455 1499 όιλλΡ
3476 1449 3627 1500 ἐπει-

2044 1528 2108 1598 δὴ
2139 1529 2241 1582 ούκ
2288 1532 2369 1593 εἰς
2403 1530 2522 1582 δέον
2564 1531 2834 1600 ἐχρήσατο
2872 1530 3009 1600 αὐτῇ
3053 1532 3081 1583 ὁ
3119 1529 3280 1592 Κάῖν,
3323 1529 3627 1601 παρέλυσεν

2045 1612 2207 1667 αὑτὸν
2229 1615 2258 1666 6
2281 1614 2436 1677 Θεὸς,
2459 1614 2551 1666 καὶ
2566 1614 2790 1685 τρέμειν
2818 1613 3062 1683 ἐποίησε.
3092 1612 3198 1666 Kal
3220 1609 3417 1677 δὀῐνος
3442 1612 3625 1666 καλόψ

2045 1696 2161 1749 ἀλλ’
2194 1696 2382 1766 ἐπειδὴ
2410 1697 2665 1768 ἀμέτρως
2694 1697 3006 1750 ἀπέλαυσαν
3028 1698 3078 1749 οί
3111 1696 3374 1761 Ἰουδαῖοι,
3398 1694 3628 1748 καθόλου

2046 1782 2160 1843 τοῖς
2207 1779 2444 1851 ἱερεῦσιν
2488 1781 2869 1850 ἀπηγόρευσεν
2895 1782 2925 1833 6
2964 1780 3110 1843 Θεὸς
3137 1778 3232 1833 τοῦ
3278 1778 3493 1849 καρποῦ
3531 1777 3630 1847 τὴν

2048 1863 2263 1934 χρῆσιν.
2314 1861 2471 1916 Ἐπεὶ
2516 1858 2610 1917 οῦν
2664 1864 2761 1917 καὶ
2813 1863 2879 1917 σὺ
2924 1864 2990 1933 τῇ
3036 1862 3198 1933 σοφίᾳ
3245 1863 3328 1925 εις
3374 1861 3631 1931 ἀθέτησιν

2049 1946 2353 2018 ἀπεχρήσω
2380 1945 2475 2000 τοῦ
2525 1945 2682 2011 Θεοῦ,
2715 1937 2811 1999 καὶ
2860 1944 3084 2017 μείζονα
3124 1945 3413 2015 άπῄτησας
3461 1943 3633 2012 αὐτὴν

2048 2030 2149 2102 τῆς
2182 2029 2390 2094 οἰκείας
2414 2030 2619 2101 ἰσχύος,
2646 2030 2877 2098 ἀπάγων
2910 2045 2971 2081 σε
2996 2027 3096 2098 τῆς
3122 2026 3468 2099 ἀνθρωπίνης
3489 2025 3636 2079 ἐλπί-

2048 2114 2160 2179 δος,
2188 2110 2390 2178 ἔδειξεν
2416 2114 2588 2184 αὐτῆς
2617 2113 2715 2184 τὴν
2746 2112 3050 2167 ἀσθένειαν.
3086 2112 3196 2166 Kal
3224 2110 3333 2181 γὰρ
3355 2111 3448 2163 καὶ
3471 2108 3631 2179 ψυχι⁴

2051 2196 2147 2260 κός
2176 2198 2331 2249 ἐστιν
2353 2198 2383 2251 6
2408 2196 2468 2250 τὸ
2495 2198 2604 2250 πᾶν
2645 2199 2758 2259 τοῖς
2787 2196 3069 2266 λογισμοῖς
3100 2196 3212 2258 τοῖς
3251 2192 3514 2263 ψυχροῖςι)
3555 2191 3636 2244 δι-

2050 2278 2197 2349 δοὺς,
2230 2279 2325 2334 καὶ
2353 2281 2428 2352 μὴ
2451 2280 2688 2351 νομίζων
2718 2278 2923 2334 ἄνωθέν
2955 2295 3100 2342 τινος
3124 2277 3330 2332 δεῖσθαι
3363 2274 3634 2345 βοηθείας,

2050 2364 2189 2436 ὅπερ
2218 2364 2369 2417 ἐστὶν
2396 2363 2604 2426 ἀνοίας.
2637 2364 2746 2416 Kal
2766 2362 2876 2433 γὰρ
2907 2362 3106 2415 ἔδωκεν
3129 2361 3297 2431 αὐτὴν
3324 2361 3353 2413 6
3370 2359 3526 2421 Θεὸς,
3550 2358 3637 2411 ἵνα

2057 2446 2305 2518 μανθάνῃ
2332 2446 2434 2500 καὶ
2451 2445 2673 2518 δέχηται
2711 2446 2772 2498 τὸ
2803 2447 2932 2517 παρ’
2964 2443 3151 2509 αὑτοῦ,
3203 2444 3303 2513 οὐχ
3338 2442 3424 2495 ἵνα
3468 2441 3637 2509 ἑαυτῇ

2054 2531 2195 2602 αὐτὴ
2224 2530 2418 2602 ἀρκεῖν
2445 2529 2665 2600 νομίζῃ.
2694 2530 2805 2581 Kal
2825 2529 2935 2597 γὰρ
2958 2530 3007 2581 οί
3049 2526 3319 2597 ὀφθαλμοὶ
3358 2524 3512 2578 καλοὶ
3545 2522 3640 2575 καὶ

2053 2615 2340 2686 χρήσιμοι,
2370 2612 2486 2666 ἀλλ’
2513 2611 2609 2664 ἐὰν
2632 2610 2932 2681 βούλωνται
2965 2611 3136 2680 χωρὶς
3165 2609 3341 2677 φωτὸς
3367 2608 3519 2677 ὸρᾷν,
3546 2605 3639 2656 οὐ..

1990 2757 1996 2762 ,
2054 2698 2141 2751 δὲν
2176 2696 2377 2759 αὐτοὺς
2413 2694 2474 2748 τὸ
2516 2694 2711 2757 κάλλος
2734 2692 2976 2765 ὀνίνησιν
3000 2692 3123 2746 ούδὲ
3171 2693 3205 2761 ἡ
3255 2689 3433 2744 οἰκεία
3465 2690 3641 2757 ἰσχὺς,

2057 2778 2192 2834 ἀλλὰ
2226 2780 2320 2833 καὶ
2360 2777 2761 2849 παραϐλάπτει.
2792 2776 2950 2831 Οὕτω
2991 2776 3171 2830 τοίνυν
3213 2772 3503 2842 καὶψυχὴ,
3546 2770 3642 2823 ἐὰν

2060 2860 2298 2934 βουληθῇ
2348 2861 2519 2933 χωρὶς
2579 2860 2900 2933 Πνεύματος
2945 2858 3186 2930 βλέπειν,
3226 2857 3323 2911 καὶ
3388 2854 3645 2926 ἐμπόδιον

2059 2948 2226 3018 ἑαυτῇ
2261 2947 2494 3015 γίνεται.
2524 2946 2650 3009 Πῶς
2676 2942 2772 3000 οὕν
2795 2945 2903 3016 πρὸ
2932 2944 3148 3006 τούτου,
3176 2941 3365 3011 φησιν,
3395 2940 3489 3018 ἀφ’
3519 2938 3645 3018 ἐαυ-

2059 3027 2157 3097 τῆς
2187 3013 2365 3080 πάντα
2391 3024 2572 3097 ἐώρας
2600 3013 2984 3092 Οὐδέποτεοάψ
3020 3023 3241 3091 ἑαυτῆς,
3268 3019 3383 3073 ἀλλ’
3414 3013 3525 3087 εἶχε
3546 3015 3645 3085 τὴν

2061 3109 2239 3164 κτίσιν
2268 3109 2389 3163 ἀντὶ
2415 3107 2621 3179 βιϐλίου
2650 3108 3020 3178 προκειμένην
3046 3106 3105 3158 ἐν
3128 3104 3280 3174 μέσῳ
3301 3119 3314 3133 ·
3349 3100 3535 3171 ἐπειδὴ
3563 3098 3643 3160 δὲ,

2061 3195 2293 3264 ἀφέντες
2318 3192 2532 3263 βαδίσαι
2556 3192 2653 3262 τὴν
2675 3192 2813 3256 ὁδὸν,
2845 3191 2913 3261 ἣν
2938 3190 3122 3253 αὐτοῖς
3158 3189 3187 3241 6
3206 3186 3337 3248 Θεὸς
3366 3183 3644 3264 ἐκέλευσε,

2062 3263 2159 3328 καὶ
2189 3272 2275 3327 διὰ
2312 3272 2406 3326 τοῦ
2445 3271 2676 3334 κάλλους
2716 3270 2826 3325 τῶν
2865 3269 3160 3341 ὁρωμένων
3193 3264 3397 3335 γνῶναι
3426 3263 3518 3316 τὸν
3543 3264 3646 3330 Δη-

2068 3355 2328 3428 μιουργὸν
2353 3396 2370 3423 ,
2407 3356 2690 3426 λογισμοῖς
2722 3353 2791 3407 τὰ
2831 3352 3089 3423 σκῆπτρα
3117 3350 3219 3419 τῆς
3269 3346 3527 3417 γνώσεως
3565 3347 3650 3398 ἐν·

2064 3435 2360 3507 εχείρισαν,
2396 3436 2475 3499 είς
2516 3434 2750 3501 πέλαγος
2780 3430 3037 3494 ἀσεϐείας
3080 3428 3481 3499 ἀσθενήσαντες
3516 3441 3651 3477 κατ-

2066 3518 2282 3583 έδυσαν,
2304 3517 2506 3582 εὐθέως
2538 3517 2637 3588 τὴν
2677 3515 2916 3570 ἀϐυσσον
2938 3511 3050 3568 τῶν
3088 3511 3276 3566 κακῶν
3309 3509 3647 3588 εἰσάγοντεςΣ

2066 3598 2162 3651 καὶ
2195 3597 2441 3660 εἰπόντες
2479 3583 2631 3649 οὐδὲν
2676 3593 2737 3659 ἐξ
2774 3594 2878 3647 ούκ
2917 3592 3087 3647 ὄντων
3119 3589 3390 3660 γίνεσθαι,
3426 3585 3543 3640 ἀλλ’
3592 3583 3655 3648 ἐξ

2069 3679 2203 3751 ὕλης
2223 3680 2543 3751 ἀγεννήτου,
2571 3678 2693 3733 ὅθεν
2714 3677 2809 3731 καὶ
2829 3674 3028 3747 μυρίας
3048 3673 3236 3727 ἔτεκον
3262 3669 3510 3751 αἱρέσεις
3519 3684 3534 3751 ς
3561 3668 3654 3751 καὶ

2069 3760 2128 3813 ἐν
2157 3740 2421 3831 ’μὲν-τοῖς
2441 3757 2648 3830 σφόδρα
2675 3740 3360 3825 ἀτόποις-συνηνέχθησαν,
3399 3749 3457 3801 ἐν
3488 3746 3542 3800 δὲ
3568 3740 3653 3831 οἷς

2070 3828 2288 3896 ἐδόκουν
2331 3841 2482 3911 ὑγιές
2520 3828 2711 3895 τιήκᾶν
2742 3839 2819 3917 ὡς
2856 3840 2914 3893 ἐν
2945 3840 3130 3917 σκιαῖς
3158 3831 3525 3917 ὀνειρώττειν,
3552 3828 3655 3917 άλ-

2069 3919 2251 3991 λήλοις
2283 3907 2720 3990 συνερράγησαν,
2758 3916 2825 3970 ἵν’
2858 3914 3200 3986 ἑκατέρωθεν
3237 3907 3652 3991 καταγελασθῶ.

2074 3989 2178 4058 σιν.
2207 4003 2328 4057 Ὅτι
2364 3989 2461 4073 μέν
2488 4002 2598 4072 γὰρ
2633 3999 2692 4065 ἐξ
2732 3999 2834 4053 οὐκ
2868 3999 3038 4052 ὄντων
3065 3997 3216 4050 οὐδὲν
3243 3995 3493 4061 γίνεται,
3515 3989 3657 4073 πάντ

2070 4103 2164 4148 τες
2191 4084 2325 4156 ὁμοῦ
2357 4071 2542 4156 σχεδὸν
2568 4071 2723 4136 εἷπον
2768 4084 2862 4135 καὶ
2905 4078 3172 4149 ἔγραψαν,
3209 4076 3305 4130 καὶ
3331 4073 3484 4156 οὕτω
3494 4151 3508 4156 _
3518 4071 3658 4142 μετὰ

2074 4148 2280 4235 πολλῆς
2314 4148 2423 4233 τῆς
2470 4161 2723 4232 σπουδῆς.
2774 4161 2863 4214 Ἐν
2902 4148 3017 4222 τοῖς
3058 4157 3283 4220 ἀτόποις
3324 4148 3418 4206 οῦν
3458 4151 3659 4235 ᾖλασεν

2076 4230 2275 4312 αὐτοὺ-ς
2307 4248 2337 4303 ὁ
2373 4230 2618 4310 διάϐολος
2650 4230 2669 4277 έ
2701 4247 2759 4300 ἐν
2796 4244 2855 4299 δὲ
2878 4246 2992 4307 τοῖς
3024 4240 3317 4312 χρησίμοις
3351 4237 3409 4290 ἐν
3437 4230 3517 4298 οἷς
3544 4232 3659 4288 ἕδος

2079 4333 2175 4396 ξαν
2218 4331 2319 4385 κᾶν
2351 4332 2409 4384 ὲν
2439 4328 2731 4399 αίνίγματί
2752 4346 2803 4382 τι
2824 4326 2933 4380 τῶν
2973 4322 3323 4399 ζητουμένων
3354 4318 3661 4399 εὑρίσκειν,

2078 4394 2136 4465 ἐν
2164 4410 2375 4473 τούτοις
2402 4394 2628 4471 ἐαυτοῦς
2653 4407 3000 4476 ἐπολέμησαν
3026 4394 3039 4431 ³
3074 4396 3206 4466 οἷον,
3229 4399 3311 4451 ὅτι
3341 4394 3660 4476 ἀθάνατοςή

2076 4489 2244 4561 ψυχὴ,
2272 4489 2365 4542 καὶ
2394 4490 2474 4542 ὅτι
2499 4489 2531 4559 ἡ
2556 4486 2725 4557 ἀρετὴ
2746 4473 2962 4547 οὐδενὸς
2987 4482 3155 4535 δεῖται
3188 4477 3296 4531 τῶν
3324 4473 3542 4561 ἐξωθεν,
3568 4473 3663 4561 καὶ

2078 4555 2288 4628 δτι-οὑκ
2309 4555 2553 4643 ἀνάγκης
2585 4555 3066 4642 οὐδὲ-εἱμαρμένης
3086 4565 3146 4619 τὸ
3166 4559 3416 4634 γενέσθαι
3442 4555 3659 4620 καλοὺς,

2078 4657 2113 4729 ἢ
2146 4657 2220 4729 μὴ
2249 4655 2541 4720 τοιούτους.

2150 4766 2212 4813 ε’.
2228 4755 2379 4823 Εἶδες
2399 4757 2492 4811 τοῦ
2504 4755 2747 4810 διαϐόλου
2761 4746 3095 4823 κακουργίαν
3117 4766 3132 4815 ;
3157 4750 3222 4803 Εἴ
3237 4766 3342 4801 που
3354 4765 3406 4801 τι
3417 4747 3666 4817 διεφθαρ-

2086 4843 2249 4915 μένον
2269 4837 2409 4894 εἷδεν
2437 4841 2708 4904 εἰπόντας,
2731 4838 3024 4908 ὁμονοῆσαι
3054 4834 3261 4896 πάντας
3289 4831 3544 4902 ἐποίησεν
3573 4829 3670 4915 ’ῌεῖ

2084 4911 2188 4980 που
2221 4925 2277 4980 δέ
2311 4941 2364 4977 τι
2414 4924 2565 4991 ὑγιὲς
2598 4920 3003 4991 φθεγξαμένους
3028 4957 3042 4981 ,
3079 4917 3300 4986 ἐτέρους
3335 4913 3453 4967 κατ’
3488 4911 3666 4965 αὐτῶν

2086 5008 2200 5082 [57]
2235 5007 2539 5078 διήγειρεν·
2587 5004 2729 5058 ὥστε
2777 5004 2912 5073 μήτε
2970 5000 3039 5056 τὰ
3076 4999 3255 5053 ἄτοπα
3293 4997 3567 5082 ἐκπεσεῖνῌ
3596 4995 3665 5062 τῇ

2087 5078 2378 5163 συμφωνίᾳ
2411 5088 2791 5159 βεϐαιούμενα,
2835 5086 2929 5138 καὶ
2966 5084 3030 5138 τά
3068 5083 3317 5154 χρήσιμα
3344 5078 3666 5163 διαρρυῆναι
3716 5140 3723 5147 _

2086 5160 2359 5238 ποικίλως
2388 5172 2691 5244 βαλλόμενα
2708 5182 2756 5225 ο.
2790 5170 2933 5239 Ὅρα
2971 5169 3088 5230 πῶς
3113 5163 3389 5232 πανταχοῦ
3417 5163 3605 5221 ἄτονος
3625 5160 3667 5244 μή

2085 5257 2256 5330 ψυχὴ,
2282 5241 2497 5312 καὶούκ
2528 5241 2685 5324 ἀρκεῖ
2711 5255 2900 5323 ἑαυτῇ.
2935 5250 3046 5304 Kal
3074 5248 3234 5302 τοῦτο
3259 5247 3485 5305 εἰκότως
3506 5241 3667 5330 γεγέ-

2088 5323 2269 5414 νηται.
2306 5341 2370 5393 Εἰ
2419 5339 2528 5411 γὰρ
2557 5323 2783 5404 τοιαύτη
2826 5336 3079 5403 γεγονυῖα
3114 5323 3671 5414 φιλονεικεῖῌμηδενὸς

2090 5404 2277 5501 χρείαν
2315 5404 2509 5496 Exul“-
2542 5423 2638 5478 καὶ
2685 5420 2888 5489 ἀπάγει
2931 5413 3263 5501 έαυτηνᾲτοῦ
3314 5409 3471 5501 Θεοῦ,
3508 5409 3556 5460 εί

2088 5488 2315 5580 τοιαύτη
2344 5488 2660 5577 ἐγεγένητο,
2687 5503 2789 5557 ποῦ
2818 5488 2916 5555 ούκ
2944 5500 3009 5555 ἂν
3040 5496 3294 5564 ὲξώλισθε
3329 5496 3559 5580 μανίας;

2091 5575 2333 5648 λαϐοῦσά
2362 5575 2520 5662 σῶμα
2552 5575 2764 5659 θνητὸν,
2794 5585 2901 5639 ἀπὸ
2944 5580 3172 5653 ψευδοῦς
3205 5575 3547 5662 ὑποσχέσεως
3577 5575 3673 5662 τοῦ

2093 5676 2339 5733 διαϐόλου
2368 5651 2734 5745 προσεδόκησε
2756 5667 2935 5737 πολλῷ
2960 5651 3185 5737 μείζονα
3206 5659 3514 5713 ’-Ἕσεσοε
3541 5651 3671 5723 γὰρ,

2160 5908 2188 5947 ιι
2218 5908 2297 5953 Sic
2319 5905 2520 5966 Regius.
2539 5902 2665 5951 lidili
2692 5914 2825 5963 vero,
2840 5897 3083 5961 λογισμοῖς
3102 5894 3366 5955 τῆιψνκῆς,
3393 5896 3681 5953 perperam.

2104 5972 2123 6002 ε
2153 5966 2412 6032 ιινθθίναίιιῒ
2442 5965 2686 6026 νοούμενα.
