4086 6442
252 387 300 447 6i

259 535 368 589 tiam
383 522 692 582 incidisset
706 520 733 575 ’ἒ
755 521 817 576 Si
843 533 967 575 cum
989 510 1219 570 mortale
1239 518 1434 576 corpus
1457 498 1770 570 accepisset,
1793 508 1866 589 ex

263 587 373 680 ialsa
398 615 611 674 diaboli
644 611 1024 685 promissione
1063 604 1232 661 multo
1269 600 1472 668 majora
1503 587 1873 685 exspectavit;-

269 679 409 771 Erilis
434 709 613 772 enim,
643 679 851 776 inquit,
880 702 1010 758 sicut
1036 697 1107 750 dii
1133 694 1281 767 (Gen.
1307 689 1360 746 '5.
1385 689 1440 758 5)
1465 703 1478 751 ;
1507 684 1552 740 si
1583 683 1684 736 hoc
1707 679 1868 776 etiam

271 807 326 862 ab
354 802 507 858 initio
537 768 858 867 accepi-sset
901 784 1230 848 immortale,
1258 794 1364 851 quo
1399 791 1506 832 non
1546 779 1688 829 esset
1720 768 1870 867 dela-

277 895 394 970 psa?
415 894 551 950 Nam
582 861 754 946 etiam
786 894 906 958 pust
939 879 1068 938 illud
1095 893 1153 934 se
1179 873 1611 970 ingenitamesse
1635 861 1874 970 dixitLet

280 951 606 1047 bsesseatia
639 981 767 1047 Dei,
789 951 893 1048 per
925 970 1190 1045 putridum
1215 979 1278 1020 os
1304 959 1736 1018 Manichaaorum.
1764 951 1870 1006 0c-

282 1045 490 1139 easione
511 1076 684 1131 etiam
705 1045 868 1139 hujus
888 1063 1060 1120 morbi
1082 1057 1328 1117 diabolus
1347 1054 1478 1109 deos
1496 1046 1638 1120 apud
1657 1045 1874 1102 Gratcos

281 1173 501 1230 effinxit.
533 1167 669 1222 Ideo
699 1163 909 1219 videtur
951 1156 1079 1214 mihi
1109 1154 1250 1209 Deus
1278 1146 1597 1204 laboriosam
1625 1141 1872 1196 virtutem

281 1267 497 1328 fecisse,
523 1262 763 1317 animam
791 1255 1065 1311 inflectens
1090 1255 1144 1303 et
1167 1243 1436 1300 deducens
1461 1237 1528 1292 ad
1555 1230 1874 1290 moderatio-

281 1323 426 1415 nem.
445 1323 520 1412 Ut
533 1362 717 1409 autem
733 1349 908 1405 discas
929 1345 1028 1399 hoc
1044 1353 1163 1396 esse
1178 1349 1384 1401 verum,
1398 1339 1456 1385 ut
1474 1329 1593 1401 quis
1606 1341 1673 1382 ex
1697 1323 1874 1415 parvis

279 1462 539 1520 magnum
571 1441 841 1512 conjiciat,
872 1435 1098 1505 idipsum
1123 1429 1392 1484 discamus
1415 1436 1482 1478 ex
1510 1414 1786 1519 Israelitis.
1811 1411 1874 1467 Hi

281 1504 426 1596 enim
457 1552 587 1592 cum
616 1535 777 1588 vitam
804 1535 1020 1599 agerent
1044 1537 1150 1577 non
1179 1516 1520 1578 laboriosam,
1546 1508 1674 1565 etin
1699 1504 1878 1576 quiete

280 1633 585 1702 degerent;
618 1598 921 1680 felicitatem
949 1617 1091 1672 illam
1124 1627 1228 1668 non
1265 1598 1880 1702 femineam-impieta-

284 1688 394 1779 teri)
420 1729 552 1774 sunt
581 1715 806 1785 delapsi.
834 1709 971 1779 Quid
1001 1722 1128 1776 ergo
1160 1703 1299 1758 Deus
1329 1693 1554 1771 postea?
1581 1691 1780 1785 Multas.
1801 1688 1878 1742 in-

284 1816 409 1872 tulit
431 1814 605 1881 leges,
641 1778 849 1860 illorum
867 1778 1063 1855 arcens
1085 1793 1374 1851 licentiam.
1397 1788 1465 1843 Et
1489 1795 1550 1841 ut
1571 1784 1743 1838 discas
1767 1778 1880 1833 haec

285 1876 578 1975 legalia'ad
614 1899 862 1952 virtutem
892 1906 998 1946 non
1027 1887 1291 1949 conferre,
1319 1879 1413 1936 sed
1444 1893 1551 1975 pro
1569 1876 1720 1930 freno
1747 1885 1882 1975 quo:

286 1962 432 2066 piam
460 1992 585 2046 data
616 1988 798 2047 fuiSse,
826 1998 946 2055 quae
980 1979 1072 2034 otii
1098 1975 1434 2031 occasionem
1463 1968 1730 2032 tollerent,
1757 1962 1880 2019 audi

285 2064 415 2156 quid
443 2083 515 2137 de
547 2081 656 2134 illis
677 2078 817 2132 dicat
854 2073 1150 2144 propheta:
1177 2066 1309 2120 Dedi
1351 2064 1454 2117 illis
1495 2067 1746 2156 prmcepttt
1779 2071 1882 2156 non

286 2145 420 2232 ἑοιυι
447 2173 667 2245 (Εκσιι.
693 2171 783 2225 eo.
811 2168 926 2237 es).
955 2163 1092 2230 Quid
1121 2159 1222 2216 sibi
1247 2157 1362 2212 vult
1388 2153 1536 2217 illud,
1561 2149 1681 2205 Non
1707 2145 1883 2245 bona?

285 2267 428 2322 Nihil
456 2239 715 2334 magnum
744 2259 810 2314 ad
841 2258 1083 2312 virtutem
1113 2248 1441 2307 conferentia
1471 2263 1485 2299 :
1513 2243 1634 2298 ideo
1659 2239 1884 2308 subjun-

286 2360 365 2429 git
393 2375 408 2410 :
433 2333 838 2423 Justiﬁcationes
866 2349 920 2403 in
958 2345 1137 2416 quibus
1165 2358 1266 2395 non
1301 2340 1481 2392 vivent.
1514 2333 1761 2389 Animalia
1786 2347 1879 2383 auo

289 2423 388 2503 itm
427 2449 584 2501 homo
631 2459 732 2497 non
776 2440 988 2514 percipit
1032 2453 1092 2490 ea
1132 2449 1245 2503 qua:
1283 2440 1400 2486 sunt
1430 2428 1674 2498 Spiritus.
1705 2423 1879 2480 Jure:

285 2535 745 2609 quemadmodum
770 2532 915 2588 enim
941 2528 1024 2583 his
1045 2525 1214 2583 oculis
1234 2539 1394 2579 neruo
1414 2517 1658 2575 didicerit
1677 2531 1737 2572 ea
1764 2528 1886 2585 quae

286 2605 341 2685 in
371 2629 528 2683 ca-lis
556 2633 718 2688 sunt,
747 2623 824 2677 sic
855 2635 952 2675 nec
979 2618 1154 2673 anima
1183 2614 1295 2670 sola
1324 2628 1386 2668 ea
1417 2625 1534 2681 quae
1563 2615 1689 2663 sunt
1717 2605 1888 2676 Spiri-

288 2731 395 2776 tus.
428 2721 498 2774 Et
528 2717 658 2788 quid
700 2716 821 2770 dico
857 2728 919 2767 ea
958 2726 1078 2780 qua:
1107 2709 1158 2761 in
1187 2705 1379 2761 caelis?
1405 2701 1588 2773 Neque
1617 2715 1678 2755 ea
1706 2697 1885 2753 omnia

287 2830 406 2882 qum
427 2814 482 2865 in
511 2820 678 2865 terra.
709 2807 838 2861 Nam
867 2804 1051 2876 procul
1079 2800 1317 2856 videntes
1340 2797 1526 2852 turrim
1551 2792 1883 2866 quadratam,

289 2903 581 2958 rotundam
626 2915 746 2955 eam
783 2912 904 2954 esse
950 2903 1196 2966 putamus
1225 2910 1238 2946 :
1267 2900 1347 2946 est
1385 2898 1564 2944 autem
1608 2885 1886 2942 oculorum

289 2996 543 3065 deceptio
565 2993 689 3048 talis
711 2991 911 3062 Opinio.
943 2990 1018 3044 Ita
1045 2988 1204 3043 etiam
1231 2983 1444 3055 quando
1470 2997 1557 3038 res
1589 2979 1770 3051 procul
1793 2993 1888 3049 po-

290 3087 419 3141 sitas
448 3102 552 3156 per
580 3093 815 3139 mentem
851 3081 1021 3136 solam
1047 3079 1166 3149 quis
1194 3075 1500 3138 examinat,
1525 3073 1727 3127 multus
1753 3085 1888 3126 con-

292 3187 557 3246 sequetur
587 3175 750 3229 risus.
792 3171 906 3226 Non
943 3171 1116 3226 solum
1148 3169 1292 3223 enim
1322 3165 1497 3237 qualia
1523 3164 1615 3218 illa
1650 3162 1758 3217 sint
1781 3176 1888 3217 non

294 3267 520 3332 videbit,
555 3263 652 3319 sed
680 3264 842 3319 etiam
867 3260 1136 3317 contraria
1161 3259 1226 3314 iis
1251 3271 1371 3313 esse
1395 3255 1635 3327 putabit:
1663 3253 1890 3324 ideoque

293 3357 575 3428 subjunxit
605 3372 621 3409 :
655 3355 888 3410 Stultitia
916 3354 1051 3408 enim
1082 3362 1153 3406 est
1179 3350 1277 3406 illi.
1317 3349 1431 3404 Hoc
1468 3356 1644 3404 autem
1688 3361 1793 3400 non
1824 3361 1892 3401 ex

295 3453 371 3505 rei
401 3459 597 3504 natura
629 3447 889 3518 provenit,
917 3445 1011 3500 sed
1038 3460 1103 3500 ex
1124 3442 1488 3498 imbecillitate
1515 3440 1650 3511 ejus,
1673 3439 1762 3510 qui
1785 3453 1890 3492 non

299 3551 474 3610 potest
499 3554 692 3594 eorum
719 3536 1136 3609 magnitudinem
1167 3550 1262 3606 per
1295 3533 1479 3588 oculos
1509 3532 1703 3587 anima:
1727 3530 1892 3585 attin-

300 3647 446 3703 gere.
475 3630 682 3686 Deinde
701 3629 816 3700 ejus
837 3628 913 3684 rei
933 3641 1148 3683 causam
1169 3641 1234 3682 ex
1259 3625 1485 3680 adverso
1507 3623 1655 3693 ponit
1673 3622 1856 3677 dicens
1877 3637 1904 3674 :-

307 3725 439 3792 Quia
479 3739 586 3776 non
623 3721 758 3775 novit
799 3719 934 3790 quod
976 3717 1307 3788 spirituafiter
1341 3717 1673 3770 examinetur.
1702 3712 1758 3768 Id
1782 3721 1894 3782 est,

305 3817 445 3887 quod
476 3831 544 3871 ea
569 3832 690 3887 qua:
717 3814 987 3880 dicuntur,
1014 3812 1118 3866 lide
1156 3809 1447 3881 indigeant,
1479 3824 1579 3864 nec
1604 3807 1899 3863 rationibus

307 3907 695 3980 comprehendi
719 3907 959 3978 possint:
987 3919 1171 3960 eorum
1199 3901 1394 3973 quippe
1419 3887 1726 3971 magnitudo
1751 3913 1901 3953 men-

311 4004 376 4056 tis
406 4012 609 4056 nostm
634 3999 888 4054 vilitatem
914 3998 1073 4066 longo
1100 3995 1272 4065 spatio
1299 4001 1534 4063 superat.
1561 3991 1903 4060 Quapropter

309 4094 420 4148 ait:
451 4095 541 4148 15.
576 4091 872 4162 Spiritualis
909 4097 1076 4143 autem
1094 4088 1295 4158 judicat
1321 4086 1532 4148 omnia;
1555 4084 1662 4155 ipse
1686 4090 1850 4136 autem
1871 4097 1905 4134 a

312 4186 513 4239 nemine
537 4183 824 4254 judicatur.
851 4181 985 4236 Nam
1014 4179 1103 4250 qui
1131 4179 1307 4244 videt,
1336 4177 1517 4232 omnia
1547 4174 1761 4245 quidem
1789 4174 1906 4244 ipse

310 4277 480 4345 videt,
503 4275 666 4332 etiam
691 4289 756 4330 ea
780 4290 898 4345 quae
926 4271 992 4326 ad
1021 4285 1128 4326 non
1154 4270 1425 4326 videntem
1450 4267 1759 4339 pertinent;
1785 4280 1906 4336 qua:

310 4377 495 4422 autem
525 4366 693 4434 ipsius
717 4405 732 4431 ,
761 4379 918 4420 neruo
944 4380 1049 4418 non
1077 4361 1369 4418 videntium
1398 4360 1610 4431 aspicit.
1638 4359 1714 4415 ita
1743 4359 1907 4413 etiam

313 4473 495 4525 nunc,
526 4465 709 4511 nostra
736 4454 952 4526 quidem
979 4463 1033 4509 et
1060 4468 1124 4508 ea
1152 4467 1271 4523 qua:
1311 4451 1603 4506 inﬁdelium
1637 4457 1763 4504 sunt
1789 4462 1909 4503 om-

314 4552 406 4606 nia
429 4565 534 4605 nos
563 4549 760 4603 scimus
783 4587 800 4613 ,
831 4556 1014 4601 nostra
1040 4554 1219 4601 autem
1250 4543 1324 4598 illi
1366 4557 1474 4597 non
1515 4542 1667 4596 item.
1697 4539 1910 4594 Etenim

313 4645 521 4699 scimus
549 4655 668 4713 quae
692 4641 759 4695 sit
789 4639 1130 4711 prtesentium
1162 4652 1342 4692 rerum
1368 4644 1579 4701 natura,
1601 4649 1721 4703 quae
1743 4633 1814 4688 sit
1832 4630 1913 4686 fu-

318 4745 570 4790 turorum
609 4732 838 4803 dignitas
857 4772 871 4796 ,
903 4730 1028 4801 quid
1069 4728 1301 4784 mundus
1330 4737 1450 4798 post
1477 4726 1593 4781 hare
1621 4724 1911 4791 efficietur,

317 4839 376 4884 et
405 4828 537 4900 quid
576 4828 842 4898 patientur
882 4834 1191 4896 peccatores
1215 4865 1228 4889 ,
1260 4822 1453 4893 quibus
1498 4836 1627 4877 vero
1673 4819 1916 4875 fruentur

316 4921 470 4991 justi,
493 4929 554 4974 et
578 4919 718 4990 quod
745 4918 942 4974 nullius
973 4917 1126 4988 pretii
1148 4916 1255 4971 sint
1279 4931 1366 4970 res
1391 4922 1706 4985 prmsentes,
1735 4921 1789 4968 et
1812 4912 1916 4967 sci-

323 5029 446 5068 mus
465 5055 481 5079 ,
517 5022 573 5066 et
599 5011 807 5066 illorum
834 5010 1092 5065 vilitatem
1132 5007 1404 5078 arguimns
1428 5005 1744 5079 (dijudicare
1772 5002 1916 5058 enim

321 5116 406 5160 est
434 5103 699 5175 arguere)
725 5120 738 5170 ;
769 5113 823 5158 et
859 5102 1003 5174 quod
1040 5102 1215 5156 futura
1245 5099 1353 5154 sint
1383 5096 1704 5153 immortalia
1729 5103 1784 5151 et
1811 5095 1917 5150 im-

324 5197 571 5252 mobilia.
599 5195 724 5250 lime
751 5195 928 5250 omnia
953 5193 1100 5248 novit
1123 5190 1436 5263 Spiritualis,
1457 5199 1512 5246 et
1537 5189 1663 5262 quid
1689 5188 1922 5260 patietur

324 5287 578 5343 animalis
621 5301 741 5341 cum
781 5285 910 5341 illuc
953 5284 1227 5355 migrarit,
1260 5293 1316 5338 et
1365 5297 1596 5353 quonam
1623 5279 1831 5336 fruetur
1859 5278 1921 5334 iis

325 5381 464 5435 delis
487 5396 609 5434 cum
635 5379 761 5434 hinc
779 5377 1125 5444 abscesserit,
1153 5392 1379 5448 quarum
1410 5391 1589 5432 rerum
1613 5375 1748 5431 nihil
1775 5375 1924 5430 novit

329 5475 597 5529 animalis.
641 5473 1000 5541 Quamobrem
1033 5470 1232 5526 claram
1273 5469 1536 5526 dictorum
1579 5469 1921 5524 demonstra-

332 5568 531 5621 tionem
568 5566 901 5636 subjungens
945 5561 1158 5618 dicebat
1188 5578 1202 5614 :
1232 5562 1320 5617 i6.
1359 5563 1484 5626 Quis
1522 5560 1656 5614 enim
1693 5557 1924 5630 cognouit

335 5675 527 5713 sensum
557 5657 804 5723 Domini,
839 5655 923 5725 qui
948 5654 1161 5708 instruet
1189 5653 1344 5708 eum?
1377 5649 1484 5706 Nos
1513 5660 1683 5705 autem
1710 5658 1924 5704 mentem
1958 5654 1976 5672 ‘

335 5750 515 5807 Christi
543 5751 814 5806 habemus.
843 5746 905 5801 1d
931 5755 1034 5810 est,
1065 5761 1127 5800 ea
1153 5761 1272 5815 quae
1299 5746 1351 5800 in
1377 5753 1558 5802 mente
1580 5743 1776 5800 Christi
1803 5751 1928 5799 sunt

337 5863 425 5904 nos
461 5849 702 5915 scimus,
733 5857 948 5900 necnon
988 5854 1051 5895 ea
1089 5855 1209 5909 qua:
1251 5841 1364 5916 ipse
1401 5840 1513 5896 vult
1554 5851 1608 5896 et
1645 5839 1921 5897 rchlavit.

1345 365 1410 421 IN
1451 359 1664 420 EPlST.
1699 359 1718 414 ι
1781 357 1874 415 AD
1908 352 2066 413 C08.
2109 349 2338 410 HOMIL.
2379 345 2497 408 VII.
3503 373 3572 428 62

1974 489 2107 557 Quia
2138 491 2280 545 enim
2311 490 2445 547 dixit
2487 493 2740 562 Spiritum
2773 498 3071 568 reveiasse;
3106 517 3174 560 ne
3211 504 3330 572 quis
3371 505 3565 563 Filium

1976 583 2222 652 repellat,
2249 583 2544 653 subjunxit,
2572 585 2731 641 etiam
2755 584 3024 646 Christum
3055 591 3170 650 ham
3197 596 3354 651 nobis
3386 607 3567 653 osten-

1977 672 2121 730 disse
2151 691 2166 728 :
2193 690 2298 728 non
2342 674 2445 730 hoc
2488 676 2706 744 dicens,
2737 694 2834 734 nos
2877 683 3055 738 omnia
3097 700 3216 754 qua:
3260 687 3374 757 ipse
3420 690 3567 743 novit

1977 769 2153 832 scire;
2182 766 2275 822 sed
2306 768 2480 822 omnia
2510 785 2629 838 quae
2668 774 2867 827 scimus
2909 789 3013 828 non
3048 775 3276 832 humana
3315 794 3436 835 esse
3461 822 3475 847 ,
3509 789 3570 836 ut

1976 859 2084 911 sint
2112 867 2381 927 suspecta,
2405 859 2498 915 sed
2530 862 2725 918 mentis
2753 863 2894 919 illius
2919 875 2974 920 et
2997 869 3310 936 Spirituaiia.

2047 949 2101 1003 6.
2131 948 2360 1004 Mentem
2389 951 2532 1006 enim
2559 968 2718 1024 quam
2747 955 2814 1013 de
2853 955 2937 1014 his
2964 957 3220 1015 habemus
3239 1003 3254 1029 ,
3284 971 3342 1016 ut
3367 962 3565 1020 Christi

1975 1052 2210 1096 mentem
2239 1042 2530 1111 habemus;
2555 1045 2606 1102 id
2628 1056 2730 1114 est,
2755 1051 3112 1122 cognitionem
3137 1069 3294 1123 quam
3316 1054 3385 1110 de
3406 1056 3567 1112 rebus

1977 1134 2100 1190 fidei
2146 1130 2404 1191 habemus
2428 1179 2444 1203 ,
2483 1138 2812 1208 spiritualem
2851 1141 3147 1208 habemus;
3187 1145 3258 1200 ita
3294 1155 3350 1201 ut
3383 1148 3507 1216 jure
3535 1164 3567 1205 a

1977 1228 2191 1282 nemine
2217 1228 2589 1299 dijudicemur.
2613 1231 2797 1302 Neque
2825 1236 2968 1291 enim
2998 1247 3173 1305 potest
3199 1239 3443 1296 animalis
3470 1241 3572 1298 ho-

1979 1332 2068 1372 mo
2095 1319 2274 1374 divina
2302 1335 2647 1391 cognoscere.
2673 1322 2798 1380 ideo
2819 1326 3049 1396 dicebat,
3084 1330 3208 1397 Quis
3229 1333 3362 1387 enim
3381 1352 3571 1407 cogno-

1977 1411 2047 1466 uit
2083 1421 2296 1467 mentem
2328 1412 2571 1469 Domini?
2597 1427 2831 1474 mentem
2860 1430 3096 1477 nostram
3127 1425 3265 1480 circa
3299 1442 3383 1483 res
3414 1429 3565 1496 istas,

1979 1500 2120 1555 illius
2144 1516 2266 1557 esse
2295 1511 2527 1558 mentem
2554 1505 2758 1563 dicens.
2794 1509 2858 1563 Et
2888 1509 3036 1577 illud,
3067 1512 3166 1578 Qui
3191 1515 3402 1569 instruet
3429 1535 3565 1586 eum,

1981 1608 2084 1647 non
2117 1593 2233 1649 sine
2261 1610 2419 1650 causa
2447 1597 2660 1667 adjecit,
2691 1599 2784 1655 sed
2811 1603 3103 1672 reSpiciens
3129 1605 3194 1660 ad
3223 1607 3274 1662 id
3295 1609 3434 1678 quod
3457 1610 3570 1679 jam

1980 1684 2134 1752 dixit,
2157 1684 2489 1756 Spiritualem
2510 1706 2655 1744 nemo
2677 1691 2942 1762 dijudicat.
2967 1695 3022 1751 Si
3044 1698 3186 1752 enim
3211 1716 3370 1756 nemo
3397 1712 3572 1772 potest

1981 1790 2141 1830 nosse
2169 1786 2400 1833 mentem
2435 1780 2664 1847 Domini,
2692 1784 2862 1839 multo
2892 1787 3070 1842 minus
3095 1798 3269 1858 potest
3296 1791 3445 1847 illum
3475 1793 3573 1848 do-

1981 1881 2105 1922 cere
2129 1875 2185 1923 et
2209 1869 2480 1940 corrigere
2511 1890 2524 1926 :
2556 1872 2659 1928 hoc
2686 1875 2826 1930 enim
2867 1877 2969 1933 sibi
3008 1881 3120 1934 vult
3150 1880 3278 1936 illud
3300 1925 3314 1948 ,
3351 1882 3449 1950 Qui
3488 1886 3573 1941 inc

1980 1971 2138 2015 struet
2161 1978 2290 2016 eum.
2322 1962 2510 2019 Viden’
2536 1969 2808 2037 quomodo
2836 1971 3071 2043 undique
3105 1975 3327 2046 repellat
3355 1979 3572 2050 sapien-

1985 2054 2110 2108 tiam
2142 2065 2416 2113 externam
2438 2099 2452 2123 ,
2483 2069 2538 2113 et
2568 2061 2896 2130 spiritualem
2931 2066 3080 2135 plura
3111 2077 3165 2124 et
3199 2072 3402 2140 majora
3433 2074 3575 2130 scire

1983 2147 2269 2201 ostendat?
2295 2148 2426 2217 Quia
2457 2151 2600 2206 enim
2630 2167 2808 2210 causa:
2837 2155 2942 2210 illa:
2966 2157 3204 2228 (nempe,
3237 2160 3305 2216 Ut
3335 2179 3436 2217 non
3462 2164 3576 2235 glo-

1983 2236 2139 2290 rietur
2162 2239 2324 2292 omnis
2353 2257 2514 2308 caro;
2543 2252 2596 2298 et
2622 2245 2763 2314 quod
2796 2245 2919 2302 ideo
2951 2248 3124 2304 Stulta
3155 2251 3332 2324 elegit,
3366 2265 3419 2309 ut
3447 2273 3576 2311 con-

1984 2328 2218 2398 funderet
2245 2331 2534 2401 sapientes;
2563 2346 2637 2399 et,
2671 2335 2736 2390 Ut
2763 2354 2864 2392 non
2894 2351 3158 2396 evacuelttr
3185 2359 3314 2399 emta:
3339 2346 3574 2418 Christi),

1985 2422 2290 2480 inﬁdelibus
2315 2442 2420 2480 non
2451 2427 2740 2500 admodum
2777 2429 2882 2486 ﬁde
2908 2433 3082 2503 digna:
3113 2451 3286 2506 neque
3317 2439 3576 2496 inducens

1988 2525 2086 2576 tes.
2122 2516 2205 2571 vel
2236 2519 2556 2575 necessariae
2582 2529 2637 2576 et
2665 2522 2818 2578 utiles
2849 2525 3166 2581 videbantur
3193 2543 3335 2596 esse,
3357 2530 3577 2588 demum

1985 2607 2207 2674 apponit
2247 2607 2540 2676 principem
2577 2625 2830 2679 causam;
2861 2614 2985 2683 quia
3025 2615 3127 2670 hoc
3156 2619 3388 2675 maxime
3416 2621 3578 2678 modo

1990 2696 2173 2750 videre
2208 2712 2492 2766 possumus
2513 2742 2526 2766 ,
2558 2717 2624 2756 ex
2654 2717 2760 2772 quo
2796 2703 3043 2760 sublimia
3075 2715 3131 2762 et
3157 2724 3351 2765 arcana
3378 2722 3427 2767 et
3459 2729 3580 2784 qua:

1986 2803 2146 2858 Supra
2177 2806 2274 2843 nos
2301 2801 2424 2845 sunt
2450 2792 2591 2848 scire
2619 2795 2907 2864 possimus.
2938 2797 3072 2853 Nam
3103 2801 3463 2858 evacuabatur
3490 2821 3579 2860 ra-

1991 2881 2084 2946 tio,
2115 2882 2256 2951 qund
2284 2897 2370 2947 ea,
2402 2900 2521 2953 quae
2551 2900 2712 2956 supra
2742 2902 2840 2942 nos
2868 2900 3014 2958 sunt,
3046 2906 3144 2961 per
3183 2901 3458 2949 externam
3489 2911 3580 2951 sa-

1991 2975 2246 3043 pientiam
2273 2976 2732 3046 comprehendere
2761 2995 2865 3034 non
2899 2996 3198 3051 possemus.
3235 2985 3416 3040 Viden’
3438 2988 3581 3059 quod

1988 3068 2067 3122 sic
2111 3068 2280 3138 magis
2319 3068 2635 3126 conferebat
2675 3072 2919 3129 ediscere
2958 3089 2988 3129 a
3032 3076 3279 3146 Spiritu?
3320 3087 3401 3132 cst
3437 3081 3580 3135 enim

1995 3158 2112 3213 hmc
2148 3159 2392 3214 doctrina
2436 3171 2490 3216 et
2527 3161 2777 3218 facillima
2817 3174 2871 3221 ct
2907 3166 3225 3226 clarissima.
3267 3167 3380 3224 Nos
3417 3181 3583 3226 autem

1990 3263 2204 3307 mentem
2234 3253 2421 3309 Christi
2449 3254 2706 3311 habemus.
2751 3257 2861 3313 Hoc
2900 3267 3015 3326 est,
3047 3261 3382 3330 spiritualem
3401 3303 3416 3327 ,
3446 3263 3584 3318 divi-

1997 3363 2119 3401 nam
2143 3387 2158 3413 ,
2192 3347 2482 3402 humanum
2513 3349 2645 3403 nihil
2685 3349 2996 3408 habentem.
3027 3352 3144 3408 Non
3176 3355 3319 3409 enim
3349 3355 3586 3412 Platonis

1994 3455 2094 3494 nec
2120 3439 2434 3510 Pythagorae
2456 3455 2636 3509 sensa,
2663 3442 2758 3497 sed
2786 3442 3033 3500 Christus
3061 3460 3157 3500 sua
3187 3448 3354 3501 menti
3387 3458 3588 3503 nostrae.

1995 3531 2203 3587 indidit.
2235 3531 2357 3586 Ideo
2378 3531 2537 3603 igitur
2561 3533 2765 3602 pudore
2785 3534 3100 3603 afﬁciamur,
3124 3536 3324 3602 dilecti,
3350 3547 3404 3593 et
3426 3539 3586 3593 vitam

1994 3625 2348 3680 exbibeamus
2377 3627 2634 3696 Optimam
2664 3645 2676 3681 :
2705 3629 2921 3698 quando
2945 3638 2999 3684 et
3030 3631 3143 3700 ipse
3178 3629 3281 3686 hoc
3309 3631 3432 3687 facit
3478 3650 3593 3687 ma-

1997 3734 2114 3788 gnae
2136 3717 2386 3773 amicitiae
2409 3728 2806 3789 argumentum,
2829 3736 2952 3776 cum
2975 3721 3128 3776 nobis
3148 3737 3340 3777 arcana
3367 3725 3589 3789 revelat,

1999 3810 2186 3866 dicens
2219 3829 2234 3865 :
2268 3809 2389 3865 Non
2427 3813 2541 3883 jam
2578 3829 2666 3867 vos
2702 3813 2870 3867 dicam
2909 3831 3077 3869 servos
3104 3830 3122 3869 :
3149 3832 3320 3870 onmes
3347 3816 3476 3869 enim
3507 3833 3594 3871 vos

2000 3904 2153 3957 amici
2190 3905 2288 3957 mei
2316 3905 2433 3957 estis
2460 3920 2478 3958 :
2513 3905 2632 3974 quia
2661 3905 2834 3958 omnia
2867 3921 2983 3974 quae
3019 3907 3192 3959 audivi
3228 3924 3258 3959 a
3297 3907 3456 3961 Patre
3485 3924 3594 3962 meo

2002 3994 2299 4048 annuntiavi
2323 3994 2460 4048 vobis
2488 3994 2684 4064 (Joan.
2729 3996 2815 4049 i5.
2850 3995 2991 4066 15);
3025 3995 3076 4050 id
3107 4005 3210 4063 est,
3243 4012 3362 4050 cum
3405 3997 3595 4051 liducia

2006 4085 2198 4141 tradidi
2225 4085 2396 4140 vobis.
2433 4085 2489 4141 Si
2514 4094 2692 4140 autem
2725 4085 2828 4141 hoc
2855 4087 3029 4141 solum
3057 4096 3140 4141 est
3164 4087 3414 4141 amicitiae
3440 4103 3600 4158 argu-

2005 4188 2244 4236 mentum
2265 4222 2279 4247 ,
2311 4178 2509 4246 ﬁdere;
2541 4194 2660 4234 cum
2703 4179 2874 4249 palam
2905 4179 2976 4234 sit
3001 4193 3123 4233 eum
3151 4195 3256 4235 non
3290 4179 3450 4234 modo
3475 4195 3600 4234 cum

2008 4273 2202 4329 ﬁducia
2224 4273 2505 4328 verborum
2533 4272 2789 4343 mysteria
2821 4271 3125 4339 tradidisse,
3154 4271 3248 4327 sed
3278 4271 3462 4327 eadem
3487 4272 3600 4342 ipsa

2007 4364 2262 4434 operibus
2291 4363 2444 4420 nobis
2472 4363 2717 4435 largitum
2747 4377 2868 4419 esse
2888 4404 2904 4428 ,
2934 4363 3106 4434 cogita
3133 4371 3348 4432 quantae
3378 4361 3506 4417 illud
3534 4363 3604 4416 sit

2010 4456 2281 4511 amicitim.
2332 4456 2442 4510 llac
2481 4470 2610 4525 ergo
2648 4455 2716 4511 de
2755 4471 2815 4510 re
2861 4454 3066 4527 pudore
3102 4454 3400 4509 afﬁciamur
3428 4472 3442 4508 :
3474 4461 3530 4509 et
3557 4454 3604 4508 si

2013 4550 2156 4604 nulla
2185 4549 2339 4604 nobis
2371 4560 2512 4603 tanta
2543 4549 2803 4604 habeatur
2824 4549 3088 4619 gehennre
3117 4547 3293 4613 ratio;
3321 4556 3377 4601 at
3413 4546 3482 4600 sit
3509 4560 3608 4600 no-

2013 4643 2096 4698 bis
2137 4641 2380 4712 gehenna
2420 4641 2743 4708 terribilius,
2775 4640 2917 4710 quod
2960 4655 3086 4711 erga
3121 4639 3257 4694 adeo
3294 4639 3524 4693 amicum
3555 4646 3610 4693 et

2015 4733 2314 4790 beneﬁcum
2337 4732 2528 4803 ingrati
2553 4733 2758 4788 simus:
2783 4748 2956 4802 neque
2981 4740 3039 4786 ut
3061 4731 3377 4787 mercenarii
3404 4730 3607 4798 famuli,

2016 4828 2110 4881 sed
2137 4834 2194 4881 ut
2221 4825 2312 4881 ﬁlii
2341 4833 2396 4880 et
2423 4824 2576 4879 liberi
2599 4826 2776 4879 omnia
2801 4823 3057 4880 faciamus
3081 4831 3303 4893 prepter
3321 4822 3612 4877 amicitiam

2018 4915 2228 4983 Patris;
2258 4923 2313 4971 et
2342 4914 2556 4970 tandem
2587 4929 2862 4970 cessemus
2891 4913 3091 4968 mundo
3131 4913 3328 4969 addicti
3370 4929 3492 4970 esse
3511 4956 3528 4981 ,
3557 4922 3616 4968 ut

2018 5006 2178 5061 ctiam
2205 5015 2392 5077 gentes
2421 5005 2624 5076 pudore
2648 5004 2960 5060 afficiamus.
2988 5003 3120 5058 Nam
3148 5019 3289 5059 nunc
3309 5019 3430 5060 cum
3455 5005 3614 5059 velim

2020 5108 2207 5175 contra
2238 5098 2361 5153 illos
2387 5097 2682 5168 disputare,
2705 5112 2896 5159 renuo,
2926 5111 2994 5152 nc
3020 5097 3147 5151 dum
3172 5095 3291 5150 illos
3317 5095 3623 5152 rationibus

2022 5201 2077 5247 et
2105 5190 2413 5261 dogmatum
2444 5189 2671 5244 veritate
2712 5189 3012 5255 vincimus,
3045 5188 3318 5258 ingentem
3355 5186 3511 5241 nobis
3542 5186 3624 5239 ri-

2024 5301 2144 5340 sum
2185 5300 2248 5340 ex
2288 5284 2409 5339 vita:-
2450 5283 2850 5354 comparatione
2890 5282 3180 5337 inferamus
3211 5299 3224 5335 :
3254 5279 3469 5350 quando
3513 5278 3621 5338 illi,

2029 5377 2119 5448 qui
2149 5375 2323 5431 errori
2352 5374 2551 5429 addicti
2590 5382 2752 5439 sunt,
2782 5381 2836 5428 et
2873 5373 2960 5443 qui
3001 5371 3133 5426 nihil
3161 5369 3465 5440 hujusmodi
3499 5384 3617 5438 pcr-

2028 5484 2244 5525 suasum
2273 5467 2491 5535 habent,
2515 5465 2864 5537 philosolihiaa
2887 5465 3015 5518 dant
3041 5478 3294 5533 Operam;
3322 5478 3419 5515 nos
3440 5468 3622 5514 autem

2031 5563 2191 5633 plane
2216 5559 2543 5616 contrarium
2577 5558 2821 5613 facimus.
2853 5556 3103 5612 Attamen
3131 5555 3304 5610 dicam
3340 5570 3354 5606 :
3385 5551 3627 5605 fortassis

2030 5655 2174 5710 enim
2199 5695 2213 5718 ,
2246 5652 2490 5708 fortassis
2527 5651 2784 5706 adversus
2828 5650 2950 5704 illos
2992 5662 3229 5718 pugnare
3265 5643 3620 5709 meditantes,

2030 5746 2136 5800 vita
2169 5744 2334 5800 etiam
2375 5743 2479 5797 illis
2521 5741 2769 5795 meliores
2808 5739 2949 5794 efﬁci
2994 5741 3399 5793 contendemus.
3444 5731 3627 5800 Nuper

2033 5840 2310 5908 dicebam,
2354 5835 2628 5906 apostolos
2669 5849 2732 5890 ea
2772 5847 2892 5904 qua:
2934 5829 3296 5902 prmdicarunt
3333 5835 3625 5894 numquam
