4086 6446
538 349 612 407 63
1272 343 1333 402 8.
1361 341 1640 402 JOANNIS
1675 335 2150 399 CHRYSOSTOMI
2186 333 2503 393 ARCHIEP.
2544 335 3075 395 CONSTANTINOP.
3762 342 3831 399 64

532 465 923 539 prmdicaturos
959 463 1160 521 fuisse.
1200 460 1302 515 nisi
1332 458 1510 514 divina
1550 463 1801 513 movente
1833 455 2040 527 gratia;
2068 463 2124 512 et

534 575 640 614 non
686 557 849 612 modo
889 555 942 611 id
981 571 1087 611 non
1116 551 1451 625 perfecturos
1473 592 1489 618 ,
1517 551 1613 606 sed
1648 564 1822 621 neque
1847 547 1949 605 hac
1972 546 2040 604 de
2068 562 2128 604 re

532 650 929 705 eonsultaturos
951 648 1132 701 fuisse.
1155 645 1264 714 Age
1286 658 1433 710 vero,
1458 640 1619 698 hodie
1640 656 1852 712 quoque
1871 656 1989 698 eam
2010 654 2126 696 rem

532 742 886 806 excutiamus,
913 738 1379 805 ostendamusque,
1411 750 1514 788 non
1546 734 1783 803 potuisse
1808 747 1903 787 eos
1931 732 1982 786 id
2009 745 2128 786 sus-

531 832 714 902 cipere
741 831 823 885 vel
849 830 1081 897 cogitare
1100 869 1114 892 ,
1142 827 1243 881 nisi
1284 824 1556 880 Christum
1578 838 1760 880 secum
1786 823 2125 887 habuissent;

532 941 640 979 non
682 924 804 995 quia
852 920 1102 975 imbecilli
1143 919 1406 974 adversus
1445 917 1646 983 fortes;
1672 931 1779 970 non
1807 915 1928 986 quia
1976 914 2127 984 pauci

532 1025 717 1070 contra
758 1013 994 1077 multos;
1043 1026 1149 1066 non
1189 1011 1311 1081 quia
1357 1022 1622 1080 pauperes
1662 1015 1852 1063 contra
1892 1006 2125 1066 divites;

532 1120 638 1158 non
666 1104 788 1174 quia
816 1101 1015 1157 indocti
1040 1110 1225 1156 contra
1254 1102 1527 1170 sapientes
1554 1099 1724 1155 aciem
1754 1097 2085 1153 instruebant
2109 1116 2124 1153 :

530 1196 625 1252 sed
652 1196 774 1267 quia
802 1195 1162 1266 praeiudicata:
1185 1194 1451 1265 opinionis
1478 1209 1671 1264 magna
1698 1193 1777 1246 vis
1802 1201 1938 1247 erat.
1967 1192 2127 1248 Scitis

531 1290 675 1345 enim
721 1288 854 1343 nihil
894 1289 1033 1358 apud
1077 1288 1323 1343 homines
1364 1287 1588 1341 validius
1624 1301 1746 1341 esse
1768 1285 1964 1341 veteris
1991 1299 2124 1339 con-

531 1380 828 1435 suetudinis
852 1378 1153 1452 tyrannide.
1177 1378 1535 1446 Quamobrem
1557 1377 1767 1433 etiamsi
1797 1392 1901 1432 non
1925 1376 2128 1433 duode-

530 1471 636 1526 cim
660 1479 865 1525 tantum
889 1485 1113 1525 numero
1139 1469 1385 1536 fuissent,
1409 1484 1583 1539 neque
1611 1468 1682 1522 ita
1710 1467 1840 1523 viles
1867 1475 1923 1523 et
1943 1468 2128 1538 quales

532 1572 715 1629 erant;
755 1562 849 1618 sed
887 1562 1027 1616 alius
1052 1562 1200 1616 orbis
1229 1560 1417 1616 fuisset
1442 1560 1568 1615 huic
1596 1575 1711 1629 par,
1736 1574 1800 1615 ac
1826 1559 2127 1614 multitudi-

534 1670 656 1709 nem
697 1654 1014 1709 habuissent
1053 1653 1293 1708 adversae
1328 1652 1429 1707 sibi
1472 1651 1768 1722 aequalem,
1811 1650 1918 1705 imo
1957 1647 2127 1705 multo

533 1747 793 1818 majorem
812 1786 829 1811 ,
857 1746 935 1800 sic
962 1759 1174 1815 quoque
1200 1743 1433 1799 difficilis
1462 1757 1550 1798 res
1578 1740 1787 1797 fuisset.
1827 1740 1937 1795 Illis
1974 1754 2128 1795 namâ€”

535 1853 640 1909 que
680 1853 836 1907 opem
882 1837 1084 1891 ferebat
1126 1834 1457 1891 consuetudo
1480 1874 1496 1900 ,
1523 1833 1607 1888 his
1634 1848 1764 1888 vero
1793 1831 2003 1887 novitas
2027 1829 2126 1885 ad-

535 1929 869 1984 versabatur.
906 1927 1052 1983 Nihil
1090 1928 1233 1983 enim
1276 1927 1346 1981 ita
1385 1926 1564 1982 turbat
1610 1926 1884 1991 animum,
1917 1923 2123 1977 etiamsi

535 2020 664 2075 utile
705 2019 975 2091 quidpiam
1015 2018 1374 2090 aggrediatur,
1406 2025 1465 2071 ut
1508 2017 1764 2071 innovare
1800 2023 1856 2070 et
1892 2013 2128 2084 peregri-

533 2129 661 2169 num
710 2112 837 2183 quid
880 2112 1172 2177 inducere,
1205 2111 1437 2167 maxime
1462 2125 1584 2166 cum
1613 2109 1681 2164 dc
1717 2108 1863 2163 cultu
1903 2107 2124 2178 religio-

531 2205 616 2258 nis
659 2213 714 2258 et
758 2202 826 2257 de
878 2202 973 2258 Dei
1020 2202 1186 2271 gloria
1214 2202 1406 2273 agitur.
1455 2202 1521 2256 Et
1540 2209 1739 2272 quanta
1766 2199 1836 2255 sit
1863 2199 2021 2269 hujus
2047 2200 2124 2255 rei

530 2293 632 2357 vis,
657 2295 767 2363 jam
798 2293 972 2363 palam
1005 2292 1216 2347 faciam.
1265 2292 1446 2347 Primo
1482 2291 1611 2346 illud
1640 2291 1816 2347 dicam
1838 2330 1859 2357 ,
1898 2291 2125 2346 alteram

530 2370 696 2442 fuisse
722 2387 1086 2443 difficultatem
1114 2388 1255 2442 circa
1291 2385 1526 2442 Judmos.
1556 2385 1689 2440 Nam
1717 2385 1859 2456 quod
1893 2385 1958 2439 ad
1995 2400 2125 2455 gen-

530 2482 651 2535 tiles
668 2489 893 2550 spectat,
912 2489 967 2536 et
986 2479 1114 2537 deos
1133 2489 1186 2535 et
1206 2480 1453 2550 dogmata
1475 2479 1687 2534 illorum
1716 2478 2127 2534 confutabantur

527 2573 708 2626 omnia
732 2588 747 2639 ;
777 2571 918 2642 apud
945 2571 1159 2627 Judaros
1189 2580 1368 2626 autem
1394 2586 1498 2626 non
1528 2570 1598 2625 ita
1626 2570 1967 2640 disputabant
1992 2586 2006 2623 :
2031 2569 2125 2625 sed

527 2680 595 2719 ex
625 2665 963 2735 dogmatibus
994 2664 1157 2719 multa
1186 2664 1535 2734 abrogabant,
1563 2663 1729 2719 Deum
1768 2677 1896 2718 vero
1922 2663 2012 2733 qui
2044 2661 2123 2718 le-

528 2771 650 2824 gem
697 2764 952 2824 posuerat
994 2755 1221 2810 adorare
1262 2755 1523 2824 jubebant
1562 2771 1578 2809 :
1620 2762 1675 2810 et
1716 2768 1837 2809 cum
1883 2753 2126 2809 dicerent

529 2853 783 2913 oportere
810 2844 1167 2915 legislatorem
1198 2845 1405 2911 colere,
1435 2844 1733 2913 addebant,
1764 2843 1841 2900 Ne
1868 2844 1922 2900 in
1949 2845 2123 2900 omni-

529 2934 631 2988 bus
671 2934 987 3005 obsequaris
1029 2935 1130 3005 legi
1173 2934 1242 2989 ab
1279 2935 1373 2989 illo
1400 2936 1625 3005 positae;
1655 2934 1806 2991 verbi
1833 2936 2004 3005 gratia
2026 2975 2040 2997 ,
2068 2934 2123 2989 in

528 3025 908 3081 observatione
935 3026 1161 3091 sabbati,
1190 3035 1281 3080 aut
1309 3026 1752 3093 circumcisionis,
1782 3034 1874 3080 aut
1917 3025 2124 3081 sacrifi-

529 3115 764 3181 ciorum,
793 3125 885 3172 aut
922 3117 1150 3171 aliorum
1194 3118 1469 3173 similium.
1498 3117 1681 3189 itaque
1706 3133 1814 3174 non
1845 3119 2004 3175 modo
2033 3133 2092 3173 sa

528 3209 790 3285 orificium
834 3209 1221 3280 impedimento
1258 3219 1410 3277 erat;
1447 3211 1542 3267 sed
1583 3213 1744 3268 etiam
1785 3212 1962 3283 quod,
2001 3228 2126 3268 cum

529 3303 699 3357 Deum
725 3302 978 3373 juberent
1006 3303 1253 3370 adorare,
1284 3304 1480 3359 multas
1506 3304 1672 3374 ipsius
1694 3305 1839 3375 leges
1864 3305 2126 3376 abrogare

528 3395 902 3464 praeciperent.
947 3395 1099 3466 Apud
1136 3395 1365 3465 gentiles
1401 3405 1577 3451 autem
1618 3411 1807 3467 magna
1848 3404 1967 3451 erat
1991 3411 2124 3453 con-

528 3486 828 3542 suetudinis
860 3488 1118 3560 tyrannis.

597 3582 651 3635 7.
697 3581 910 3637 Etenim
954 3582 1162 3638 etiamsi
1209 3583 1395 3638 decem
1432 3597 1695 3637 annorum
1747 3590 1977 3649 tantum,
2026 3595 2129 3637 nec

527 3670 649 3725 dico
679 3672 811 3726 tanti
856 3673 1145 3742 temporis;
1193 3674 1294 3728 etsi
1344 3688 1634 3743 paucorum
1682 3671 1983 3739 hominum,
2026 3686 2127 3727 nec

529 3761 650 3818 dico
674 3763 836 3816 totius
861 3762 1008 3817 orbis
1029 3762 1468 3818 consuetudinem
1494 3762 1729 3832 aggressi
1757 3761 1832 3815 illi
1860 3760 2121 3817 fuissent:

530 3856 610 3909 sic
649 3870 862 3925 quoque
908 3855 1131 3909 mutatio
1170 3854 1402 3910 difficilis
1434 3854 1641 3910 fuisset.
1682 3854 1838 3909 Nunc
1866 3863 2042 3909 autem
2074 3861 2128 3909 et

532 3943 791 4015 sephistae
821 3954 876 3998 et
900 3953 1143 4000 oratores
1164 3955 1218 4000 et
1246 3954 1420 4015 patres
1443 3954 1497 4000 et
1515 3944 1597 3999 avi
1622 3953 1675 3999 et
1695 3945 1870 4013 abavi,
1901 3953 1955 4000 et
1975 3944 2127 4000 multi

531 4035 898 4106 antiquiores,
943 4050 1129 4092 errore
1175 4044 1330 4090 erant
1377 4036 1731 4105 praeoccupati
1784 4052 1798 4091 :
1852 4044 1908 4090 et
1948 4042 2123 4104 terra,

534 4142 705 4193 mare,
746 4134 992 4193 montes,
1036 4126 1224 4190 saltus,
1273 4125 1626 4181 barbarorum
1678 4126 1859 4181 omnia
1903 4140 2124 4195 genera,

536 4217 845 4273 Griecorum
870 4216 1051 4287 populi
1073 4231 1280 4282 omnes,
1304 4216 1593 4285 sapientes,
1614 4214 1815 4283 idiotte,
1837 4214 2126 4286 principes,

537 4311 760 4374 subditi,
784 4310 1040 4364 mulieres
1058 4318 1111 4364 et
1128 4309 1249 4376 viri,
1266 4308 1499 4377 juvenes
1513 4312 1566 4362 e't
1582 4322 1760 4375 senes,
1778 4306 2132 4372 herietservi,

536 4403 790 4475 agricolae
812 4408 866 4457 et
887 4400 1141 4466 artifices,
1166 4400 1254 4470 qui
1280 4399 1440 4454 urbes
1461 4407 1514 4453 et
1539 4398 1631 4467 qui
1658 4398 1805 4452 vicos
1826 4395 2128 4451 incolebant

537 4511 744 4551 omnes.
780 4493 849 4548 Et
870 4509 964 4563 par
985 4500 1100 4548 erat
1122 4492 1240 4547 illos
1264 4506 1452 4545 omnes
1472 4488 1887 4544 catechumenos
1908 4487 2088 4541 dicere
2111 4501 2126 4541 :

535 4588 673 4656 Quid
702 4587 805 4641 hoc
827 4585 945 4640 est?
976 4598 1235 4639 omnesne
1263 4583 1351 4652 qui
1381 4581 1567 4636 orbem
1608 4580 1848 4635 incolunt
1878 4587 2003 4632 sunt
2028 4577 2128 4634 de-

536 4677 714 4749 cepti?
746 4675 1023 4746 sephistae,
1057 4684 1323 4741 oratores,
1367 4673 1696 4744 philosophi,
1732 4672 2046 4741 scriptores,
2074 4683 2130 4727 et

542 4770 628 4838 qui
673 4764 817 4823 nunc
842 4776 966 4822 sunt
1008 4774 1063 4822 et
1106 4765 1197 4836 qui
1240 4773 1366 4819 ante
1406 4762 1644 4832 fuerunt,
1698 4762 2031 4835 Pythagoras
2075 4770 2131 4818 et

541 4859 711 4926 lâ€˜lato,
738 4857 925 4925 duces,
970 4857 1242 4925 consules,
1279 4854 1653 4926 imperatores,
1683 4855 1895 4910 urbium
1926 4857 1993 4912 ab
2029 4856 2132 4912 ini-

537 4950 613 5004 tio
642 4949 787 5004 cives
817 4957 867 5002 et
897 4946 1227 5014 fundatores,
1262 4946 1475 5001 barbari
1502 4954 1558 5001 et
1592 4946 1810 5003 Graeci?
1843 4956 1897 5003 et
1922 4946 2133 5004 duode-

536 5043 642 5097 cim
669 5043 966 5113 piscatores
997 5055 1060 5095 ac
1087 5040 1438 5096 tentoriorum
1468 5040 1706 5095 artifices
1749 5048 1911 5111 atque
1950 5040 2130 5111 publi-

537 5133 681 5201 cani,
727 5133 835 5189 illis
880 5133 1130 5189 omnibus
1159 5140 1287 5188 sunt
1329 5132 1730 5203 sapientiores?
1767 5142 1821 5188 et
1858 5133 1979 5202 quis
2017 5134 2132 5189 haec

538 5224 680 5280 ferre
704 5223 979 5297 potuerit?
1005 5225 1252 5281 Attamen
1278 5224 1392 5279 haec
1415 5238 1535 5304 non.
1552 5222 1822 5293 dixerunt,
1852 5239 1953 5280 nec
1979 5224 2129 5297 cogi-

541 5326 741 5386 tarunt,
767 5318 861 5374 sed
888 5318 1053 5389 quieti
1091 5318 1427 5385 sustinuere;
1461 5326 1833 5388 noveruntque
1861 5317 1982 5372 illos
2009 5306 2133 5374 esse

542 5411 783 5466 omnium
831 5410 1255 5480 sapientissimos
1287 5427 1301 5463 :
1332 5409 1559 5481 ideoque
1601 5423 1792 5465 omnes
1838 5422 2130 5479 superave-

546 5511 690 5556 runt.
721 5501 787 5556 Et
814 5509 871 5555 ut
897 5500 1094 5569 discas,
1136 5508 1338 5571 quanta
1386 5501 1457 5556 sit
1493 5500 1576 5556 vis
1618 5500 2039 5569 consuetudinis,
2067 5515 2130 5557 ea

548 5590 639 5648 Dei
670 5602 934 5663 praecepta
961 5608 1105 5663 saepe
1130 5592 1421 5664 superavit.
1450 5593 1517 5648 Et
1538 5593 1664 5664 quid
1685 5593 1805 5650 dico
1828 5594 2133 5664 prmccpta?

544 5678 663 5749 Ipsa
693 5698 905 5753 quoque
940 5682 1222 5739 beneficia.
1249 5680 1420 5739 Judaei
1449 5683 1592 5740 enim
1622 5699 1816 5739 manna
1849 5684 2126 5754 habentes,

546 5775 854 5841 quaerebant
884 5772 1040 5842 allia;
1079 5782 1131 5831 et
1170 5775 1418 5844 libertate
1444 5778 1712 5845 fruentes,
1746 5776 2019 5834 servitutis
2046 5791 2130 5831 re.

2233 450 2595 507 cordabantur
2638 460 2692 508 et
2739 450 3031 523 Egyptum
3078 450 3390 523 frequenter
3442 453 3703 523 optabant
3757 458 3829 512 ob

2232 540 2713 610 consuetudinem;
2756 542 2893 599 adeo
2938 543 3217 615 tyrannica
3244 553 3327 601 est
3353 545 3714 602 consuetudo.
3761 544 3830 600 Et

2218 633 2287 689 ~si
2314 633 2444 689 velis
2480 634 2642 690 etiam
2672 635 2740 691 ab
2783 637 2985 691 exteris
3034 636 3087 691 id
3130 635 3363 704 discere,
3409 637 3609 693 dicitur
3648 636 3826 704 Plato,

2233 722 2441 780 etiamsi
2471 725 2635 795 probe
2662 726 2823 783 sciret
2847 742 3084 783 errorem
3108 743 3228 784 esse
3251 743 3337 797 ea,
3370 745 3488 799 qua:
3516 729 3586 785 de
3615 729 3723 785 diis
3748 730 3831 784 di-

2231 813 2512 881 cebantur,
2538 814 2605 869 ad
2636 814 2802 872 festos
2825 816 2941 872 dies
2965 818 3219 875 colendos
3247 829 3303 875 et
3328 820 3393 875 ad
3416 830 3612 875 caztera
3643 819 3826 877 omnia

2230 920 2289 961 se
2314 905 2616 974 demisisse,
2661 918 2719 963 ut
2748 911 2838 980 qui
2870 926 2977 967 non
3026 920 3210 982 posset
3245 914 3695 971 consuetudinem
3726 915 3825 967 imâ€”

2231 1012 2491 1068 pugnare,
2520 1014 2584 1055 ac
2614 1015 2674 1056 re
2702 1000 2815 1071 ipsa
2848 1017 2879 1056 a
2921 1004 3177 1074 magistro
3221 1003 3326 1060 hoc
3363 1004 3680 1061 edidicerat.
3726 1006 3827 1063 llic

2231 1090 2375 1146 enim
2405 1106 2526 1148 cum
2552 1093 2605 1149 in
2632 1095 2996 1166 suspicionem
3027 1097 3393 1156 innovationis
3423 1100 3680 1167 venisset,
3713 1111 3828 1156 tan-

2233 1191 2343 1238 tum
2369 1184 2539 1241 abfuit
2566 1196 2622 1242 ut
2647 1187 2792 1258 quod
2821 1189 3039 1258 optabat
3068 1192 3373 1261 perficeret,
3399 1201 3454 1247 ut
3472 1192 3634 1247 etiam
3658 1193 3822 1248 vitam

2231 1279 2494 1346 amiserit,
2523 1280 2731 1337 etiamsi
2755 1283 3001 1355 apologia
3022 1299 3143 1340 sese
3165 1293 3463 1356 purgasset.
3485 1284 3626 1352 Quot
3656 1286 3824 1342 etiam

2231 1386 2372 1428 nunc
2398 1372 2641 1429 videmus
2681 1374 2927 1432 homines
2953 1391 3018 1431 ex
3060 1376 3410 1448 prtejudicata
3461 1378 3720 1449 opinione
3767 1379 3823 1435 in

2232 1464 2502 1533 impietate
2529 1465 2796 1534 detentos,
2831 1467 2923 1537 qui
2954 1467 3084 1522 nihil
3129 1479 3355 1539 possunt
3396 1469 3591 1525 rationi
3622 1485 3822 1525 conso-

2232 1570 2356 1610 num
2384 1556 2586 1624 dicere,
2629 1573 2753 1613 cum
2799 1568 3121 1615 accusantur
3159 1561 3303 1631 quod
3340 1570 3395 1617 ut
3434 1562 3663 1633 gentiles
3692 1577 3822 1618 sen-

2232 1646 2384 1712 tiant,
2414 1647 2757 1719 allegautque
2791 1660 2993 1721 patres,
3025 1666 3155 1708 avos
3192 1660 3249 1707 et
3273 1654 3541 1723 proavos?
3569 1652 3696 1709 ideo
3722 1669 3822 1710 ex-

2231 1747 2466 1795 tcrorum
2508 1740 2725 1810 quidam
2763 1742 3206 1798 consuetudinem
3236 1743 3526 1800 secundam
3573 1753 3822 1801 naturam

2231 1840 2443 1885 vocant.
2472 1830 2604 1886 Cum
2631 1841 2811 1889 autem
2840 1834 2894 1889 in
2925 1834 3266 1906 dogmatibus
3287 1836 3624 1892 consuetudo
3643 1837 3820 1904 adest,

2230 1937 2292 1977 ea
2346 1922 2552 1980 firmior
2599 1933 2682 1980 est
2740 1942 2755 1980 :
2807 1926 2987 1981 omnia
3038 1926 3183 1983 enim
3234 1927 3444 1983 facilius
3493 1929 3826 1984 mutaverint

2229 2036 2386 2090 qnam
2418 2020 2639 2076 cultum.
2681 2022 2746 2077 Et
2788 2022 3110 2092 pudoruna
3155 2037 3279 2078 cum
3322 2023 3716 2079 consuetudine
3751 2022 3821 2079 ad

2230 2110 2630 2181 impediendum
2651 2113 2780 2169 satis
2801 2123 2936 2179 erat,
2962 2122 3018 2169 et
3036 2112 3177 2183 quod
3200 2113 3481 2169 videantur
3501 2115 3554 2169 in
3576 2123 3823 2171 extrema

2229 2213 2505 2261 senectute
2541 2205 2842 2270 dediscere,
2884 2205 3153 2275 etiamque
3187 2206 3255 2261 ab
3292 2206 3360 2262 iis
3399 2207 3489 2278 qui
3521 2208 3699 2262 minus
3740 2209 3824 2263 in-

2230 2294 2551 2365 telligerent.
2583 2295 2799 2364 thuid
2837 2294 3069 2359 miraris,
3109 2296 3153 2350 si
3186 2294 3239 2350 in
3281 2295 3460 2350 anima
3488 2297 3539 2350 id
3581 2298 3819 2365 eveniat,

2227 2386 2441 2456 quando
2467 2386 2627 2441 etiam
2678 2384 2733 2439 in
2771 2400 2999 2456 corpore
3030 2401 3279 2457 magnam
3324 2387 3431 2441 vim
3479 2388 3822 2443 consuetudo

2230 2477 2409 2532 habet.
2456 2478 2835 2546 Apostolorum
2867 2491 2996 2531 vero
3030 2485 3270 2548 tempore
3295 2477 3440 2532 aliud
3482 2487 3599 2533 erat
3642 2479 3821 2548 majus

2227 2568 2690 2639 impedimentum,
2724 2568 2866 2638 quod
2898 2584 3003 2624 non
3035 2569 3197 2624 modo
3222 2569 3555 2625 consuetudo
3583 2579 3688 2625 tam
3715 2587 3818 2626 an-

2228 2662 2371 2733 tiqua
2399 2671 2713 2726 mutaretur,
2742 2662 2835 2717 sed
2864 2661 3027 2717 etiam
3055 2662 3198 2733 quod
3224 2663 3451 2717 mutatio
3471 2663 3558 2717 illa
3581 2678 3703 2719 eum
3726 2680 3819 2733 pe-

2226 2754 2397 2810 riculo
2426 2752 2599 2809 fieret.
2631 2753 2748 2808 Non
2778 2753 2936 2808 modo
2962 2754 3106 2808 enim
3127 2769 3159 2807 a
3178 2754 3571 2810 consuetudine
3597 2756 3666 2809 ad
3686 2771 3821 2810 con-

2225 2845 2561 2901 suetudinem
2582 2844 2883 2909 trahebant,
2902 2845 2995 2901 sed
3011 2859 3042 2898 a
3062 2844 3454 2901 consuetudine
3471 2846 3817 2901 securitatem

2228 2938 2461 2994 habente
2500 2938 2567 2993 ad
2596 2954 2683 2993 res
2712 2938 2950 3008 pericula
2982 2938 3315 2997 minitantes.
3347 2936 3672 2994 Credentem
3699 2949 3817 2994 sta-

2227 3031 2321 3084 tim
2360 3028 2638 3084 accidebat
2678 3029 2961 3099 publicari,
3005 3030 3153 3100 pelli,
3176 3044 3208 3085 a
3233 3029 3403 3100 patria
3442 3029 3717 3098 excidere,
3749 3030 3820 3085 ab

2225 3120 2477 3176 omnibus
2502 3120 2626 3176 odio
2654 3120 2859 3186 haberi,
2890 3136 3229 3177 communem
3252 3121 3462 3177 hostem
3484 3136 3604 3177 esse
3623 3131 3679 3176 et
3702 3123 3821 3177 suis

2227 3222 2284 3268 et
2319 3212 2531 3269 alienis.
2583 3213 2767 3285 itaque
2814 3213 3027 3269 etiamsi
3067 3222 3354 3270 vocassent
3400 3230 3431 3269 a
3473 3214 3713 3269 novitate
3749 3214 3821 3270 ad

2227 3306 2692 3373 consuetudinem,
2720 3307 2882 3362 etiam
2911 3307 2992 3362 sic
3032 3305 3267 3362 difficilis
3300 3321 3390 3362 res
3434 3306 3621 3361 fuisset
3649 3323 3664 3360 :
3692 3321 3819 3360 cum

2227 3406 2405 3453 autem
2428 3413 2457 3452 a
2479 3397 2870 3453 consuetudine
2897 3397 2963 3453 ad
3001 3397 3293 3453 novitatem
3326 3407 3602 3464 vocarent,
3624 3407 3677 3453 et
3703 3397 3823 3452 haec

2227 3490 2479 3545 adessent
2508 3489 2668 3555 mala,
2694 3488 2866 3560 cogita
2888 3497 3147 3559 quantum
3174 3497 3292 3543 erat
3315 3488 3443 3544 illud
3471 3487 3827 3558 impedimen-

2226 3589 2362 3636 tum.
2398 3581 2601 3636 Praeter
2629 3594 2692 3635 ea
2721 3587 2901 3635 autem
2935 3594 3055 3650 quae
3083 3579 3227 3634 dicta
3255 3587 3401 3646 sunt,
3428 3577 3574 3632 aliud
3601 3592 3710 3633 non
3741 3578 3822 3632 le-

2227 3673 2345 3729 vius
2372 3680 2509 3740 erat,
2549 3671 2692 3742 quod
2721 3670 3074 3727 mutationem
3111 3669 3387 3726 difficilem
3427 3669 3698 3725 redderet.
3736 3669 3822 3724 Ad

2228 3764 2672 3821 consuetudinem
2702 3763 2847 3818 enim
2885 3773 2941 3819 et
2968 3763 3035 3818 ad
3082 3762 3317 3833 pericula
3361 3761 3418 3818 id
3455 3760 3643 3829 addas,
3674 3761 3822 3831 quod

2229 3858 2346 3914 haec
2371 3866 2635 3929 praecepta
2664 3857 2982 3913 onerosiora
3009 3864 3212 3924 essent,
3242 3863 3296 3911 et
3320 3870 3407 3920 ea,
3437 3868 3468 3909 a
3502 3855 3696 3924 quibus
3719 3854 3819 3909 ab-

2229 3950 2517 4019 ducebant,
2544 3950 2677 4005 levia
2707 3957 2762 4004 et
2788 3948 2982 4004 facilia.
3022 3946 3154 4003 Nam
3195 3962 3225 4001 a
3254 3945 3605 4002 fornicatione
3635 3944 3702 4000 ad
3731 3960 3824 4000 ca-

2230 4042 2463 4098 stitatem
2500 4040 2785 4106 vocabant,
2834 4040 2904 4095 ab
2952 4054 3136 4094 amore
3177 4038 3302 4093 vita:
3348 4037 3418 4093 ad
3464 4045 3720 4104 mortem,
3753 4036 3824 4091 ab

2231 4131 2492 4189 ebrietate
2509 4131 2575 4188 ad
2587 4130 2880 4202 jejunium,
2898 4147 2930 4187 a
2948 4130 3063 4185 risu
3077 4128 3144 4184 ad
3164 4129 3431 4201 lacrymas
3467 4136 3523 4184 et
3563 4143 3827 4197 compun-

2231 4220 2488 4289 etionem,
2517 4220 2585 4276 ab
2610 4220 2832 4276 avaritia
2857 4221 2925 4276 ad
2952 4228 3341 4291 paupertatem,
3372 4235 3402 4274 a
3437 4220 3724 4275 securitate
3753 4218 3823 4274 ad

2233 4312 2468 4383 pericula
2496 4330 2511 4367 :
2539 4321 2595 4368 et
2622 4327 2718 4383 per
2750 4314 2930 4369 omnia
2956 4322 3254 4368 extremam
3280 4312 3565 4383 exigebant
3596 4325 3826 4367 accura-

2232 4404 2433 4460 tionem
2456 4421 2472 4471 ;
2499 4420 2622 4460 nam
2647 4406 2724 4460 ait
2752 4422 2767 4459 :
2795 4404 3084 4474 Turpitudo
3123 4415 3171 4461 et
3200 4405 3567 4473 stultiloquium
3599 4413 3645 4459 et
3673 4419 3824 4458 scur-

2231 4494 2397 4548 rilitas
2424 4511 2487 4548 ne
2514 4503 2693 4549 exeant
2716 4495 2780 4549 ab
2815 4509 2904 4549 ore
2942 4502 3105 4549 oestro
3135 4494 3349 4564 (Epiros.
3394 4494 3448 4550 5.
3482 4493 3561 4566 4).
3604 4493 3673 4547 Et
3707 4493 3828 4549 haec

2232 4584 2484 4640 dicebant
2508 4584 2596 4652 iis,
2625 4584 2717 4654 qui
2748 4584 2882 4640 nihil
2908 4584 3055 4640 aliud
3083 4584 3327 4640 sciebant
3355 4597 3515 4655 quam
3542 4583 3821 4648 inebriari,

2233 4675 2405 4730 ventri
2438 4673 2736 4746 indulgere,
2767 4674 2833 4730 iis
2853 4675 2943 4745 qui
2968 4674 3084 4731 dies
3105 4674 3272 4731 festos
3300 4675 3548 4745 agebant,
3586 4687 3692 4728 non
3714 4674 3825 4730 alie

2235 4768 2396 4824 modo
2422 4768 2799 4833 consistentes,
2832 4782 2990 4838 quam
3021 4780 3091 4823 ex
3123 4766 3468 4838 turpitudine,
3498 4766 3608 4821 risu
3630 4774 3685 4820 et
3706 4765 3829 4821 uni-

2235 4873 2389 4914 versa
2418 4858 2703 4915 comtedia.
2732 4857 2917 4930 Itaque
2944 4873 3050 4914 non
3073 4858 3235 4914 modo
3260 4856 3404 4929 quod
3431 4856 3831 4928 philosophiam

2236 4952 2530 5022 exigerent,
2553 4965 2780 5007 onerosa
2811 4952 2900 5006 illa
2918 4960 3186 5022 praecepta
3213 4960 3403 5018 erant;
3432 4951 3528 5007 sed
3553 4950 3695 5020 quod
3725 4951 3830 5006 ho-

2237 5042 2474 5100 minibus
2500 5042 2889 5115 proferrentur,
2935 5044 3028 5116 qui
3065 5044 3118 5099 in
3168 5044 3383 5100 licentia
3407 5086 3423 5111 ,
3472 5043 3832 5114 turpitudine,

2236 5135 2603 5206 stnltiloquio,
2640 5136 2752 5190 risu
2794 5136 3059 5205 rebusque
3102 5136 3325 5190 comicis
3375 5133 3587 5191 educati
3622 5143 3829 5188 essent.

2235 5225 2365 5293 Quis
2388 5227 2533 5281 enim
2575 5226 2667 5297 qui
2712 5226 2767 5281 in
2800 5226 2996 5282 talibus
3023 5226 3184 5281 vitam
3228 5226 3461 5294 duxerit,
3491 5240 3614 5281 cum
3658 5224 3833 5288 audit,

2240 5316 2359 5371 Nisi
2385 5318 2496 5386 quis
2525 5316 2669 5371 tollat
2697 5335 2900 5373 crucem
2928 5334 3075 5374 suam
3116 5327 3166 5372 et
3202 5327 3441 5388 sequatur
3475 5333 3574 5383 me,
3612 5331 3715 5370 non
3757 5324 3835 5369 est

2237 5425 2317 5463 me
2342 5409 2525 5481 dignus
2558 5408 2770 5479 (Matth.
2801 5410 2893 5466 10.
2922 5410 3050 5483 38);
3081 5418 3155 5477 et,
3198 5409 3321 5464 Non
3359 5409 3471 5463 veni
3498 5423 3673 5481 pacem
3710 5406 3835 5460 mito

2237 5509 2355 5567 tere,
2386 5502 2475 5556 sed
2508 5501 2758 5572 gladium,
2801 5512 2848 5556 et
2886 5517 3130 5573 separare
3165 5502 3420 5555 hominem
3461 5516 3495 5553 a
3533 5508 3675 5570 patre
3706 5513 3831 5565 suo,

2239 5603 2285 5647 et
2314 5594 2476 5663 ï¬liam
2507 5611 2537 5648 a
2569 5605 2730 5650 matre
2771 5613 2863 5651 sua
2891 5596 2912 5668 (
2943 5595 2969 5649 l
2979 5597 3081 5650 bid.
3114 5611 3161 5651 Ï….
3210 5597 3279 5652 54
3310 5594 3351 5667 ),
3382 5610 3489 5650 non
3539 5593 3822 5661 obtorpue-

2238 5685 2342 5741 rit?
2366 5688 2486 5758 quis
2516 5699 2694 5743 autem
2720 5688 2968 5757 audiens,
3006 5690 3119 5744 Nisi
3158 5690 3276 5759 quis
3314 5685 3704 5743 renuntiaverit
3732 5682 3830 5737 do-

2244 5777 2376 5847 mui,
2405 5779 2588 5850 patriae
2617 5788 2670 5837 et
2697 5779 2917 5849 divitiis,
2954 5796 3057 5838 non
3089 5790 3171 5837 est
3200 5797 3286 5839 mc
3324 5779 3514 5852 dignus
3555 5776 3709 5848 (Luc.
3744 5771 3830 5835 14.
