4086 6442
310 373 377 434 83
1399 353 1464 414 IN
1495 353 1711 416 EPIST.
1746 355 1768 411 Ι
1806 352 1898 410 AD

2024 350 2087 407 R.
2124 349 2364 410 HOMIL.
2405 354 2522 414 VII.
2820 384 2838 402 ο
3551 367 3582 423 6
3596 360 3629 423 ι’

318 487 408 541 καὶ
435 485 686 557 σήμερον
731 482 878 537 αὐτὸ
914 479 1073 535 τοῦτο
1105 477 1484 549 ἐπεξέλθωμεν
1509 476 1588 547 τῷ
1628 475 1793 544 λόγῳ,
1824 470 1920 557 καί

320 556 602 641 δείξωμεν.
658 566 744 632 ὡς
797 564 1068 620 ἀδύνατον
1100 557 1171 634 ἦν
1224 560 1386 641 τοῦτο
1421 560 1528 615 κᾶν
1573 559 1793 613 ἑλέσθαι
1825 556 1922 641 καὶ

324 640 593 723 ἐννοῆσαι,
626 653 681 704 εί
715 650 796 721 μὴ
828 649 922 704 τὸν
958 647 1190 719 Χριστὸν
1229 640 1378 716 εἶχον
1401 643 1520 716 μεθ’
1543 643 1752 697 ἐαυτῶν
1776 658 1789 672 ·
1821 640 1923 723 οὐκ

325 722 508 806 ἐπειδὴ
538 733 799 796 ἀσθενεῖς
852 731 992 802 πρὸς
1046 729 1322 800 ἰσχυροὺς,
1377 727 1479 780 οὑκ
1515 724 1703 794 ἐπειδὴ
1752 722 1923 791 ὀλίγοι

326 820 459 891 πρὸς
492 818 755 883 πολλοὺς,
795 817 898 869 οὐκ
935 811 1123 884 ἐπειδὴ
1161 812 1394 882 πένητες
1429 809 1567 881 πρὸς
1612 806 1921 870 πλουσίους,

324 890 441 958 οὖδέ
498 903 697 974 ἐπειδὴ
761 900 997 972 ἀμαθεῖς
1053 897 1189 968 πρὸς
1252 896 1450 964 σοφοὺς
1499 890 1921 974 παρετάττοντο,

323 987 439 1041 ἀλλ’
472 970 815 1056 ἐπειδηκαί
856 982 954 1053 τῆς
996 978 1315 1052 προλήψεως
1344 976 1515 1046 πολλὴ
1548 970 1614 1045 ἦν
1658 975 1692 1044 ἡ
1747 972 1920 1042 ἰσχύς.

330 1073 474 1125 Ἴστε
505 1071 621 1141 γὰρ
648 1069 728 1133 ὡς
758 1067 912 1122 οὐδὲν
939 1064 1107 1128 οὕτως
1135 1062 1355 1133 ίσχυρὸν
1395 1060 1548 1130 παρά
1590 1056 1920 1141 ἀνθρώποις,

320 1155 399 1216 ὡς
444 1137 749 1224 συνηθείας
792 1149 1031 1211 παλαιᾶς
1067 1144 1346 1216 τυραννίς.
1397 1144 1557 1195 Ὥστε
1608 1142 1657 1192 εί
1695 1141 1806 1224 καὶ.
1848 1137 1922 1209 μὴ

318 1236 534 1289 δώδεκα
554 1221 703 1304 ἦσαν
726 1234 907 1305 μόνον,
934 1229 1066 1303 μηδέ
1087 1227 1263 1290 οὕτως
1286 1225 1525 1289 εὐτελεῖς
1551 1224 1646 1278 καὶ
1667 1221 1919 1285 τοιοῦτοι,

320 1318 440 1373 ἀλλ’
468 1319 643 1389 ἑτέρα
677 1315 970 1386 οἰκουμένη
1004 1311 1266 1381 τοσαύτην
1307 1311 1403 1364 καὶ
1443 1308 1648 1379 πλῆθος
1673 1306 1922 1389 ὰντίῤῥᾳῗ

319 1420 424 1456 πον
476 1386 633 1472 εἶχον
687 1401 805 1471 μεθ’
857 1396 1062 1451 ἐαυτῶν
1109 1393 1462 1464 τεταγμένον,
1510 1391 1544 1461 ἢ
1599 1391 1693 1444 καὶ
1743 1386 1923 1472 πολλῷ

321 1470 573 1550 πλείους,
616 1470 718 1536 καὶ
748 1480 891 1535 οὕτω
923 1478 1177 1532 δύσκολον
1204 1472 1273 1548 ἦν
1301 1475 1364 1528 τὸ
1398 1474 1700 1544 γινόμενον.
1745 1470 1920 1523 Ἐκεί-

321 1585 434 1630 νοις
483 1569 590 1637 μὲν
620 1565 733 1638 γὰρ
764 1566 800 1636 ἡ
835 1562 1093 1633 συνήθεια
1136 1559 1497 1629 συνέπραττε,
1546 1555 1757 1618 τούτοις
1786 1554 1845 1638 δέ
1887 1554 1921 1624 ή

322 1650 662 1720 καινοτομία
702 1637 1038 1718 ἠναντιοῦτο.
1070 1643 1233 1699 Οὐδὲν
1256 1641 1368 1713 γὰρ
1400 1641 1546 1697 οὕτω
1575 1638 1796 1711 θορυϐεῖ
1820 1637 1923 1707 ψυι-

324 1735 449 1805 χὴν,
478 1732 592 1786 κᾶν
622 1732 719 1785 ἐπὶ
759 1729 1012 1802 χρησίμῳ
1040 1727 1146 1781 τινὶ
1180 1726 1423 1795 γίνηται,
1467 1724 1543 1786 ὡς
1576 1722 1921 1805 καινοτομεῖν

324 1804 377 1870 τι
411 1817 510 1870 καὶ
540 1815 793 1881 ξενίζειν,
817 1815 911 1869 καί
949 1812 1180 1883 μάλιστα
1209 1810 1339 1863 ὅταν
1373 1809 1502 1878 περί⁵
1540 1805 1797 1876 λατρείας
1823 1804 1920 1858 καὶ

330 1899 586 1970 περὶτῆς
613 1898 708 1951 τοῦ
739 1895 875 1951 Θεοῦ
903 1896 1058 1962 δόξης
1079 1892 1238 1947 τοῦτο
1265 1893 1505 1962 γίνηται.
1537 1890 1647 1943 Καὶ
1673 1889 1772 1959 ὅση
1792 1887 1917 1970 τού-

325 1969 420 2036 του
458 1982 559 2036 τοῦ
600 1981 923 2053 πράγματος
961 1983 996 2050 ή
1042 1980 1215 2049 ἰσχὺς,
1273 1976 1376 2047 ήδη
1420 1974 1633 2045 ποιήσω
1662 1969 1915 2043 φανερὸν,

327 2066 600 2137 πρότερον
626 2067 801 2118 ἐκεῖνο
824 2063 1014 2129 εἰπὼν,
1039 2064 1119 2116 ὅτι
1144 2062 1238 2114 καὶ
1272 2059 1438 2130 ἐτέρα
1470 2055 1730 2110 δυσκολία
1749 2073 1917 2126 προσ-

325 2151 395 2219 ῆν
431 2149 574 2221 πρὸς
609 2147 915 2210 Ἰουδαίους.
962 2147 1085 2199 Ἐπὶ
1121 2144 1222 2216 μὲν
1245 2142 1353 2214 γάρ
1380 2140 1489 2196 τῶν
1528 2139 1798 2211 Ἑλλήνων
1823 2139 1919 2193 καὶ

325 2236 453 2296 τοὺς
484 2233 649 2294 θεοὺς
682 2233 777 2284 καί
801 2230 873 2284 τὰ
896 2230 1142 2302 δόγματα
1177 2227 1359 2282 αὐτῶν
1383 2224 1648 2280 κατέλυον
1676 2223 1913 2287 ἅπαντα,

338 2316 621 2380 Ἰουδαίοις
664 2315 723 2368 δὲ
766 2316 864 2386 οὐχ
897 2314 1039 2368 οὓτω
1078 2313 1382 2382 διελέγοντο
1408 2329 1423 2342 ·
1473 2309 1611 2364 ἀλλά
1654 2309 1767 2364 τῶν
1816 2310 1916 2380 μὲν

327 2401 620 2470 δογμάτων
657 2398 828 2452 πολλά
869 2398 1090 2464 ἔπαυον,
1123 2396 1214 2450 τὸν
1239 2396 1296 2449 δὲ
1322 2394 1459 2449 Θεὸν
1493 2393 1586 2447 τὸν
1619 2393 1918 2463 νομοθετή-

329 2502 501 2540 σαντα
528 2486 853 2554 προσκυνεῖν
880 2482 1129 2536 ἐκέλευον
1151 2499 1164 2512 ⁸
1193 2481 1287 2535 καὶ
1313 2480 1583 2549 λέγοντες,
1608 2479 1689 2532 ὅτι
1718 2478 1801 2532 δεῖ
1826 2477 1917 2531 θε-

330 2570 599 2640 ραπεύειν
629 2568 722 2621 τὸν
753 2565 1053 2637 νομοθέτην
1072 2608 1087 2630 ,
1121 2564 1307 2633 ἔλεγον
1333 2580 1347 2595 ·
1390 2563 1483 2634 Μὴ
1518 2563 1694 2618 πάντα
1724 2561 1915 2616 πείθου

323 2651 402 2723 τῷ
428 2651 587 2722 νόμῳ
608 2649 689 2720 τῷ
723 2651 853 2721 παρ’
881 2649 1089 2702 ἐκείνου
1117 2647 1349 2712 τεθέντι,
1374 2641 1486 2699 οἷον
1511 2647 1569 2698 ἐν
1606 2644 1686 2715 τῷ
1716 2644 1918 2714 φυλάτ-

323 2752 439 2789 τειν
460 2734 526 2788 τὸ
558 2732 827 2788 σάϐϐατον
852 2733 885 2803 ἢ
914 2731 1214 2803 περιτομὴν
1238 2731 1428 2801 τηρεῖν
1457 2729 1491 2798 ἢ
1526 2728 1718 2792 θυσίας
1749 2744 1919 2800 προσ·

324 2819 481 2886 άγειν
507 2817 543 2888 ἦ
581 2816 713 2871 ἄλλο
732 2833 786 2869 τι
816 2816 926 2869 τῶν
956 2814 1212 2868 τοιούτων
1234 2815 1430 2868 ποιεῖν.
1474 2812 1636 2865 Ὥστε
1669 2812 1729 2864 ού
1758 2811 1918 2881 μόνον

322 2907 354 2972 ἡ
387 2901 556 2955 θυσία
588 2900 848 2965 ἐμπόδιον
885 2895 974 2970 ἦν,
1006 2897 1143 2951 ἀλλά
1170 2895 1266 2949 καὶ
1296 2895 1357 2948 τὸ
1400 2895 1490 2949 τὸν
1518 2895 1649 2949 Θεὸν
1674 2912 1916 2967 προσκυ-

322 2987 433 3038 νεῖν
461 2984 590 3057 [60]
611 2982 936 3047 κελεύοντας
960 3023 976 3046 ,
1008 2980 1236 3043 πολλοὺς
1263 2979 1372 3033 τῶν
1406 2979 1618 3032 ἐκείνου
1644 2978 1792 3033 λύειν
1829 2997 1918 3032 κε-

323 3068 502 3121 λεύειν
534 3068 756 3139 νόμους.
774 3067 898 3120 Ἐπὶ
924 3065 981 3119 δὲ
998 3065 1106 3119 τῶν
1137 3063 1409 3134 Ἑλλήνων
1432 3061 1643 3134 μεγάλη
1665 3062 1763 3132 τῆς
1787 3079 1918 3115 συν-

325 3151 518 3222 ηθείας
548 3146 621 3221 ἦν
661 3152 696 3222 ὴ
729 3149 1008 3222 τυραννίς.

390 3236 457 3300 ζ’.
489 3237 609 3289 Καὶ
638 3236 752 3307 γὰρ
773 3235 821 3287 εί
840 3236 933 3288 καὶ
956 3235 1087 3288 δέκα
1104 3232 1240 3287 ἐτῶν
1271 3232 1450 3304 μόνον,
1478 3232 1540 3284 οὐ
1560 3230 1706 3299 λέγω
1725 3229 1917 3301 χρόνου

322 3320 589 3373 τοσούτου
608 3358 625 3383 ,
656 3320 753 3372 καὶ
786 3320 836 3372 εί
868 3316 1169 3388 ἀνθρώπων
1209 3316 1425 3386 ὀλίγων,
1449 3315 1510 3367 οὐ
1540 3314 1686 3382 λέγω
1714 3315 1811 3384 τῆς
1842 3315 1922 3366 0!-

325 3409 603 3479 κουμένης
626 3407 872 3479 ἀπάσης,
900 3408 1002 3461 ὑπὸ
1033 3404 1322 3477 συνηθείας
1355 3401 1919 3474 προκατειλημμένων

324 3492 567 3563 ἐπῆλθον
594 3485 767 3555 οὗτοι,
803 3492 899 3545 καὶ
931 3489 1073 3543 οὕτω
1099 3488 1356 3551 δύσκολος
1379 3483 1446 3558 ἦν
1478 3489 1510 3557 ἡ
1546 3484 1878 3557 μετάστασις
1902 3502 1915 3514 ·

323 3577 442 3629 νυνὶ
483 3575 548 3628 δὲ
587 3574 688 3629 καὶ
716 3573 971 3644 σοφισταὶ
1008 3572 1104 3626 καὶ
1149 3572 1376 3643 ῥήτορες
1413 3570 1510 3623 καὶ
1552 3568 1792 3640 πατέρες
1826 3569 1920 3622 καὶ

324 3660 549 3713 πάπποι
577 3659 676 3713 καὶ
710 3658 1041 3723 ἐπίπαπποι,
1069 3660 1163 3710 καὶ
1190 3655 1375 3709 πολλοὶ
1404 3655 1513 3708 τῶν
1539 3654 1749 3709 τούτων
1778 3656 1929 3708 ἀνω-κ

324 3744 490 3814 τὲρω,
522 3746 593 3814 τῇ
627 3742 809 3813 πλάνῃ
840 3737 980 3813 ἦσαν
1005 3739 1565 3812 προκατειλημμένοι,
1595 3742 1691 3793 καί
1720 3741 1792 3808 γῆ
1826 3740 1922 3792 καὶ

329 3826 574 3881 θάλαττα
606 3826 703 3879 καὶ
724 3826 826 3896 ὅρη
858 3826 952 3879 καὶ
983 3825 1172 3885 νάπαι,
1209 3823 1304 3877 καὶ
1331 3822 1621 3895 βαρϐάρων
1650 3823 1824 3876 πάντα
1853 3821 1923 3875 τά

331 3910 463 3983 γένη
491 3910 592 3963 καὶ
634 3909 902 3981 Ἐλλήνων
926 3909 1084 3980 δῆμοι
1109 3908 1329 3972 πάντες,
1355 3909 1451 3961 καὶ
1479 3908 1633 3976 σοφοὶ
1662 3908 1753 3961 καὶ
1780 3908 1923 3960 ἰδιῶ-

328 4011 443 4058 ται,
468 3995 573 4048 καὶ
603 3996 866 4065 ἄρχοντες
893 3995 987 4046 καὶ
1018 3993 1346 4064 ἀρχόμενοι,
1390 3993 1484 4045 καὶ
1533 3994 1790 4059 γυναῖκες
1829 3994 1921 4045 καὶ

331 4078 559 4149 ἄνδρες,
604 4079 702 4132 καὶ
728 4078 841 4130 νέοι
868 4076 965 4131 καὶ
993 4076 1269 4148 γέροντες,
1301 4076 1393 4129 καὶ
1431 4075 1688 4128 δεσπόται
1720 4077 1813 4128 καὶ
1844 4078 1921 4129 οἰ-

334 4163 513 4227 κέται,
538 4161 638 4213 καὶ
668 4160 893 4230 γηπόνοι
924 4162 1017 4212 καὶ
1038 4160 1103 4229 δη
1113 4158 1385 4230 μιοῦργοὶ,
1413 4161 1505 4212 καί
1534 4159 1583 4212 οί
1610 4160 1707 4222 τὰς
1737 4159 1921 4222 πόλεις

335 4246 433 4297 καὶ
468 4247 519 4297 οἰ
553 4242 654 4306 τὰς
687 4242 871 4315 χώρας
905 4242 1180 4306 οἰκοῦντες
1220 4243 1478 4306 ἀπαντες.
1526 4243 1638 4294 Kal
1667 4242 1815 4305 εἰκὸς
1852 4237 1921 4313 ἦν

333 4327 463 4389 τοὺς
496 4343 738 4397 κατηχου
748 4328 939 4397 μένους
958 4326 1158 4393 λέγειν·
1184 4326 1250 4378 Τί
1273 4342 1404 4379 ποτε
1429 4324 1588 4378 τοῦτό
1613 4328 1728 4379 ἐστι
1750 4344 1765 4393 ;
1791 4327 1922 4379 πάν-

332 4427 428 4473 τες
455 4412 507 4463 οἰ
536 4409 637 4481 τὴν
671 4410 993 4481 οἰκουμένην
1027 4408 1302 4472 οἰκοῦντες
1332 4408 1666 4481 ήπάτηνται,
1701 4411 1798 4463 καὶ
1833 4427 1921 4463 σο-

331 4495 529 4563 φισταὶ
574 4494 670 4547 καὶ
692 4495 920 4566 ῥήτορες
939 4534 954 4559 ,
983 4496 1077 4547 καὶ
1108 4493 1386 4563 φιλόσοφοι
1419 4494 1516 4548 καὶ
1548 4497 1918 4565 συγγραφεῖς,

331 4579 391 4630 οῖ
419 4596 478 4631 τε
512 4579 780 4649 παρόντες
810 4579 863 4632 οἵ
892 4595 952 4630 τε
991 4578 1097 4649 πρὸ
1123 4576 1317 4630 τούτου
1349 4577 1665 4648 γενόμενοι,
1707 4580 1756 4632 ot
1793 4580 1921 4651 περὶ

331 4662 671 4731 Πυθαγόραν
704 4662 797 4713 καὶ
822 4660 1118 4727 Πλάτωνα,
1147 4660 1244 4713 καὶ
1270 4661 1569 4731 στρατηγοὶ
1598 4661 1692 4714 καὶ
1725 4660 1921 4717 ὕπατοι

331 4746 434 4799 καὶ
478 4745 744 4816 βασιλεῖς,
777 4745 942 4798 καὶοί
974 4744 1086 4796 τῶν
1125 4742 1337 4797 πόλεων
1384 4743 1442 4808 ἐξ
1485 4744 1660 4816 ἀρχῆς
1704 4745 1922 4800 πολῖται

334 4830 435 4882 καὶ
455 4828 718 4895 οἰκισταὶ,
746 4829 839 4880 καὶ
870 4827 1136 4899 βάρϐαροι
1168 4827 1263 4881 καὶ
1295 4826 1586 4898 Ἔλληνες;
1622 4829 1717 4882 καὶ
1742 4831 1791 4884 οἰ
1818 4830 1922 4885 δώ-

332 4912 469 4967 δεκα
520 4913 692 4974 ἁλιεῖς
742 4912 836 4965 καὶ
894 4911 1209 4983 σκηνοποιοὶ
1263 4911 1353 4965 καὶ
1409 4910 1640 4965 τελῶναι
1701 4914 1922 4970 πάντων

334 4997 566 5049 ἐκείνων
591 4997 701 5049 εἰσὶ
731 4994 1059 5066 σοφώτεροι;
1087 4994 1180 5047 καί
1205 4993 1286 5060 τίς
1317 4994 1382 5046 ἂν
1412 4993 1583 5048 ταῦτα
1609 4996 1918 5067 ἀνάσχοιτο;

346 5079 488 5131 Ἀλλ’
536 5079 685 5149 ὅμως
726 5078 826 5130 ούκ
862 5073 1015 5130 εἷπον
1051 5076 1225 5131 ταῦτα
1249 5119 1263 5143 ,
1297 5078 1396 5131 οὐκ
1446 5079 1771 5150 ἐνενόησαν,
1805 5079 1919 5134 ἀλλ’

334 5163 655 5233 ἠνέσχοντο,
678 5162 770 5216 καί
795 5161 1040 5230 ἔγνωσαν
1061 5161 1142 5213 ὅτι
1182 5161 1398 5214 πάντων
1424 5157 1565 5233 ἦσαν
1596 5162 1915 5236 σοφώτερον

333 5246 416 5298 διὸ
448 5247 546 5299 καὶ
571 5245 790 5299 πάντων
820 5245 1155 5315 ἐκράτησαν.
1188 5245 1298 5297 Kal
1326 5245 1414 5299 ἵνα
1442 5244 1622 5316 μάθῃς
1644 5247 1789 5316 πόση
1821 5250 1920 5319 τῆς

337 5330 626 5400 συνηθείας
650 5330 799 5383 ἐστὶν
818 5331 854 5399 ή
878 5329 1050 5399 ἰσχὺς,
1072 5328 1182 5383 τῶν
1204 5327 1298 5381 τοῦ
1320 5328 1457 5381 Θεοῦ
1478 5331 1921 5401 προσταγμάτων

335 5414 595 5479 πολλάκις
638 5414 941 5485 ἐκράτησε.
988 5412 1100 5465 Kal
1131 5410 1184 5464 τί
1223 5411 1386 5480 λέγω,
1442 5416 1917 5485 προσταγμάτων;

332 5499 511 5553 αὐτῶν
544 5499 648 5569 μὲν
678 5492 774 5551 οὖν
806 5494 919 5547 τῶν
947 5493 1299 5565 εὐεργεσιῶν.
1328 5497 1436 5549 Καὶ
1466 5497 1573 5566 γὰρ
1596 5498 1646 5549 οἱ
1680 5497 1920 5553 Ἰουδαῖοι

339 5586 504 5654 μάννα
548 5584 814 5655 ἔχοντες,
865 5578 1096 5649 σκόροδα
1148 5578 1410 5649 ἐζήτουν,
1464 5581 1559 5633 καί⁸
1605 5581 1917 5652 ἐλευθερίας

335 5670 717 5732 ἀπολαύοντες,
747 5664 855 5733 τῆς
877 5661 1121 5725 δουλείας
1152 5662 1456 5732 ἐμέμνηντο
1475 5703 1489 5727 ,
1520 5665 1616 5717 καὶ
1643 5665 1919 5733 Αἴγυπτον

334 5755 555 5826 συνεχῶς
606 5748 932 5819 ἐπεζήτουν
989 5745 1076 5799 διά
1127 5746 1226 5818 τὴν
1281 5748 1589 5815 συνήθειαν.
1645 5749 1832 5814 Οὕτως
1886 5753 1920 5823 ή

323 5843 570 5917 συνήθεια
590 5833 972 5910 τυραννικόνί
1011 5829 1071 5883 Εί
1096 5831 1356 5917 δένβούλει
1382 5834 1473 5886 καὶ
1494 5835 1556 5886 ἐκ
1581 5834 1688 5887 τῶν
1718 5835 1917 5900 ἔξωθεν

311 5916 473 6005 αὐτήν
512 5927 748 6003 μαθεῖν,
792 5918 1021 6005 λέγεται
1064 5916 1523 6005 ῌλάτωνηκαίτοι
1566 5936 1629 5987 γε
1676 5920 1919 5991 ἀκριϐῶς

305 5993 452 6084 εἰδὼς
478 5993 567 6072 ὅτι
608 6006 814 6075 πλάνη
848 6019 929 6066 τις
962 5993 1031 6069 ἦν
1060 5999 1125 6055 τά
1156 6001 1283 6072 περὶ
1314 5998 1483 6071 θεῶν,
1527 6004 1620 6056 καὶ
1647 6006 1763 6067 ταῖς
1794 6005 1917 6075 ἐορ-

2028 468 2151 533 ταῖς
2190 468 2287 553 καὶ
2326 472 2441 536 τοῖς
2479 473 2663 539 ἄλλοις
2716 476 2892 531 ἅπασι
2938 479 3385 553 συγκαταϐῆναι,
3431 484 3526 537 ἆτε
3558 485 3622 537 ού

2004 552 2341 638 νκατισχύων
2375 557 2634 631 συνηθείᾳ
2663 560 2996 632 πολεμῆσαι,
3035 566 3132 618 καὶ
3160 552 3308 637 ἔργῳ
3343 567 3492 638 παρά
3523 566 3621 621 τοῦ

2029 633 2355 692 διδασκάλου
2382 640 2543 695 τοῦτο
2569 643 2778 713 μαθών.
2809 647 2921 700 Καὶ
2948 646 3056 718 γὰρ
3079 633 3623 715 οὗτοςύποπτευθεὶς

2028 719 2123 771 ἐπὶ
2167 725 2496 805 καινοτομίᾳ
2537 727 2646 780 τινὶ
2691 728 2916 802 τοιαύτῃ
2940 772 2954 797 ,
2996 732 3252 785 τοσοῦτον
3287 734 3492 805 ἀπέσχε
3523 734 3620 787 τοῦ

2028 804 2378 887 κατορθῶσαι
2407 809 2543 880 ὅπερ
2568 810 2842 877 ἐϐούλετο,
2865 814 2949 867 ὅτι
2974 816 3067 868 καὶ
3103 814 3200 867 τοῦ
3234 818 3332 887 ζῇν
3365 804 3620 882 ἐξέπεσε,
3714 860 3721 863 .

2029 885 2124 969 καί
2142 887 2318 942 ταῦτα
2335 890 2843 965 ἀπολογησάμενος.
2866 898 3072 962 Πόσους
3092 898 3147 952 δέ
3167 900 3262 952 καὶ
3276 885 3378 952 νῦν
3399 899 3620 969 ὁρῶμεν

2027 968 2351 1039 ἀνθρώπους
2373 975 2483 1029 ἀπὸ
2510 977 2832 1050 προλήψεως
2856 980 3257 1051 κατεχομένους
3284 983 3342 1035 ἐν
3368 968 3615 1053 ἀσεϐείᾳ,

2025 1053 2119 1105 καὶ
2149 1053 2373 1122 εὔλογον
2405 1058 2504 1128 μὲν
2534 1061 2687 1115 οὐδὲν
2719 1062 2945 1133 ἔχοντας
2968 1066 3166 1130 εἰπεῖν,
3195 1065 3416 1117 ἐπειδὰν
3443 1067 3616 1134 ἐγκα-

2023 1134 2200 1191 λοῖντο
2229 1138 2493 1209 ’Έλληνες
2527 1143 2701 1210 ὄντες,
2738 1147 2984 1217 πατέρας
3012 1146 3070 1200 δέ
3102 1147 3196 1200 καὶ
3227 1147 3486 1211 πάππους
3523 1147 3617 1202 καὶ

2025 1221 2383 1288 ἐπιπάππους
2412 1226 2915 1298 προϐαλλομένους;
2949 1232 3047 1284 Διά
3070 1229 3134 1300 δὴ
3165 1230 3322 1286 τοῦτο
3349 1231 3451 1297 καί
3469 1248 3618 1296 τινες

2024 1304 2135 1357 τῶν
2164 1303 2382 1373 ἔξωθεν,
2409 1308 2672 1381 δευτέραν
2701 1312 2864 1381 φύσιν
2884 1313 2982 1384 τὴν
3008 1314 3298 1385 συνήθειαν
3324 1313 3614 1368 ἐκάλεσαν.

2030 1387 2195 1443 Ὅταν
2223 1389 2279 1442 δὲ
2312 1393 2405 1445 καὶ
2438 1395 2497 1446 ἐν
2539 1395 2806 1469 δόγμασιν
2841 1398 2874 1467 ή
2908 1398 3165 1469 συνήθεια
3197 1395 3254 1471 ᾗ,
3294 1398 3616 1468 βεϐαιοτέρα

2024 1472 2256 1540 γίνεται·
2290 1475 2468 1529 πάντα
2501 1478 2612 1547 γάρ
2636 1496 2721 1543 τις
2749 1480 3118 1552 εὐκολώτερον
3146 1481 3452 1552 ἀμείψειεν,
3480 1482 3513 1552 ἢ
3547 1481 3617 1534 τὰ

2027 1556 2158 1627 περὶ
2208 1558 2526 1630 θρησκείας.
2562 1564 2673 1616 Kal
2710 1563 2772 1617 τὸ
2818 1564 3171 1636 αἰσχύνεσθαι
3216 1565 3272 1617 δέ
3325 1563 3463 1634 μετά
3515 1564 3616 1634 τῆς

2027 1639 2319 1711 συνηθείας
2371 1645 2557 1698 ίκανὸν
2608 1642 2675 1719 ἦν
2709 1648 3045 1718 ἐμποδίσαι,
3080 1648 3177 1702 καὶ
3221 1648 3283 1701 τὸ
3326 1646 3504 1702 δοκεῖν
3557 1649 3616 1701 ἐν

2024 1722 2238 1796 ἐσχάτῳ
2260 1727 2408 1797 γήρᾳ
2459 1730 2818 1801 μεταμαθεῖν,
2868 1732 2965 1785 καὶ
3000 1731 3153 1803 παρὰ
3194 1731 3304 1785 τῶν
3341 1732 3616 1784 ἀσυνετω-

2022 1807 2218 1879 τέρων·
2251 1811 2361 1864 Καὶ
2400 1812 2454 1865 τί
2489 1813 2825 1884 θαυμάζεις,
2854 1817 2902 1870 εί
2936 1816 3031 1870 ἐπὶ
3059 1817 3239 1888 ψυχῆς
3266 1815 3442 1869 ταῦτα
3477 1832 3616 1886 συμ-

2025 1890 2220 1958 ϐαίνει,
2254 1894 2388 1948 ὅπου
2424 1914 2487 1966 γε
2514 1899 2609 1951 καὶ
2647 1901 2740 1953 ἐπὶ
2772 1900 3025 1971 σώματος
3060 1900 3175 1974 [61]
3213 1900 3457 1972 μεγάλην
3498 1899 3614 1969 ἔχει

2023 1974 2123 2045 τὴν
2156 1977 2312 2047 ίσχῦν
2356 1980 2388 2050 ή
2431 1981 2714 2051 συνήθεια;
2760 1983 2885 2037 Ἐπὶ
2931 1984 2989 2037 δὲ
3018 1984 3127 2038 τῶν
3163 1983 3482 2038 ἀποστόλων
3518 1982 3616 2035 καί¹

2023 2058 2210 2131 ἕτερον
2230 2056 2298 2131 ἦν
2322 2062 2694 2136 δυνατώτερον
2721 2060 2925 2122 τούτων
2953 2068 3290 2139 ἐμπόδισμα,
3317 2066 3378 2120 τὸ
3408 2066 3482 2137 μὴ
3513 2065 3613 2135 μό-

2022 2158 2112 2195 νον
2150 2144 2444 2215 συνήθειαν
2482 2150 2733 2219 ἀμείϐειν
2771 2150 2914 2205 οὕτω
2951 2152 3190 2206 παλαιὰν
3224 2153 3317 2205 καί
3351 2150 3610 2223 ἀρχαίαν,

2021 2226 2159 2279 ἀλλὰ
2192 2229 2284 2282 καὶ
2318 2230 2459 2298 μετά
2489 2233 2752 2288 κινδύνων
2798 2236 2900 2306 τὴν
2934 2237 3271 2307 μετάστασιν
3313 2234 3610 2288 ποιεῖσθαι.

2023 2310 2099 2362 Οὐ
2128 2310 2237 2382 γὰρ
2275 2314 2466 2379 ἁπλῶς
2497 2315 2606 2369 ἀπὸ
2639 2318 2930 2388 συνηθείας
2963 2321 3042 2383 εἰς
3075 2319 3363 2382 συνήθειαν
3395 2311 3608 2383 εἷλκον,

2022 2393 2138 2447 ἀλλ’
2187 2395 2296 2449 ἀπὸ
2336 2397 2626 2469 συνηθείας
2667 2401 2851 2455 ἄδειαν
2899 2403 3132 2474 ἐχούσης
3179 2404 3259 2465 είς
3305 2402 3611 2471 πράγματα

2022 2477 2302 2542 κινδύνους
2330 2481 2722 2536 ἀποτελοῦντα.
2756 2485 2860 2539 Τὸν
2884 2486 2993 2555 γὰρ
3025 2485 3351 2539 πιστεύοντα
3380 2483 3487 2536 ἔδει
3516 2483 3610 2536 εὐ-

2024 2562 2162 2624 θέως
2196 2562 2559 2632 δημεύεσθαι,
2600 2566 2941 2632 ἐλαύνεσθαι,
2989 2569 3246 2639 πατρίδος
3285 2567 3610 2632 ἐκπίπτειν,

2020 2644 2091 2698 τὰ
2121 2644 2329 2715 ἔσχατα
2374 2649 2607 2719 πάσχειν
2636 2649 2815 2714 δεινά,
2846 2651 2999 2721 παρὰ
3033 2654 3252 2706 πάντων
3295 2649 3609 2721 μισεῖσθαι,

2021 2728 2201 2783 κοινὸν
2221 2725 2360 2783 εἶναι
2381 2729 2642 2801 πολέμιον
2669 2733 2763 2786 καὶ
2788 2733 2937 2797 ἰδίοις
2965 2734 3059 2787 καὶ¹
3090 2733 3417 2805 ἀλλοτρίοις.
3443 2733 3610 2783 Ὥστε

2021 2812 2071 2864 εί
2101 2812 2196 2867 καὶ
2228 2814 2321 2866 ἐπὶ⁴
2360 2816 2649 2886 συνήθειαν
2692 2816 2921 2872 ἐκάλουν
2952 2818 3060 2872 ἀπὸ
3093 2817 3476 2889 καινοτομίας,
3516 2815 3612 2869 καὶ

2021 2894 2164 2948 οὕτω
2187 2894 2444 2950 δύσκολον
2472 2897 2534 2951 τὸ
2559 2901 2794 2971 πρᾶγμα
2813 2897 2881 2972 ἧν
2902 2916 2916 2931 ο
2938 2902 3073 2954 ὅπου
3104 2901 3161 2954 δέ
3192 2900 3297 2955 ἀπὸ
3322 2899 3613 2968 συνηθείας

2022 2981 2114 3034 ἐπὶ
2137 2983 2520 3053 καινοτομίαν,
2547 2986 2643 3037 καὶ
2667 2986 2842 3039 ταῦτα
2872 2987 3083 3057 προσῆν
3113 2986 3181 3039 τά
3210 2985 3380 3051 δεινὰ,
3422 2984 3614 3054 ἐννόη-

2024 3083 2116 3120 σον
2147 3068 2314 3121 πόσον
2343 3064 2414 3140 ἦν
2443 3068 2504 3121 τὸ
2544 3070 2881 3141 ἐμπόδισμα.
2930 3071 3042 3124 Καὶ
3073 3072 3183 3123 τῶν
3213 3070 3524 3142 εἰρημένων
3557 3067 3614 3120 δὲ

2023 3150 2187 3204 πάλιν
2236 3151 2424 3223 ἕτερον
2469 3154 2572 3207 οὐκ
2630 3153 2852 3209 ἔλαττον
2911 3155 3240 3225 προσέκειτο
3294 3152 3504 3216 τούτοις
3552 3150 3616 3203 τὸ

2024 3234 2214 3289 ποιοῦν
2264 3236 2524 3293 δύσκολον
2581 3238 2680 3310 τὴν
2739 3238 3096 3309 μετάστασιν.
3145 3239 3301 3293 Μετά
3352 3238 3461 3308 γὰρ
3514 3237 3615 3305 τῆς

2026 3318 2317 3390 συνηθείας
2362 3321 2457 3375 καὶ
2507 3320 2615 3375 τῶν
2660 3321 2944 3387 κινδύνων,
3008 3326 3105 3376 καὶ
3155 3321 3330 3377 ταῦτα
3378 3321 3451 3374 τά
3500 3322 3617 3375 ἐπι·
3672 3386 3673 3391 η

2022 3405 2280 3481 τάγματα
2307 3405 2690 3479 φορτικώτερα
2731 3403 2800 3478 ἦν
2820 3449 2835 3474 ,
2870 3410 2966 3461 καὶ
2991 3401 3066 3461 ὧν
3095 3408 3328 3477 ἀπῆγον,
3364 3406 3523 3477 ῥᾴδιά
3554 3422 3615 3458 τε

2024 3488 2120 3542 καὶ
2167 3486 2387 3543 εὔκολα.
2461 3490 2594 3543 Ἀπὸ
2639 3490 2749 3561 γάρ
2802 3492 3063 3561 πορνείας
3112 3492 3205 3544 ἐπί
3256 3489 3616 3561 σωφροσύνην

2025 3572 2274 3638 ἐκάλουν,
2316 3573 2426 3628 ἀπὸ
2459 3573 2630 3645 μέθης
2660 3576 2755 3627 ἐπὶ
2788 3574 3043 3645 νηστείαν
3064 3616 3077 3638 ,
3111 3574 3221 3627 ἀπὸ
3253 3574 3489 3643 γέλωτος
3524 3575 3617 3626 ἐπὶ

2023 3654 2237 3726 δάκρυα
2270 3658 2363 3709 καὶ
2395 3657 2708 3723 κατάνυξιν,
2748 3658 2857 3711 ἀπὸ
2893 3658 3204 3723 πλεονεξίας
3244 3658 3336 3711 ἐπ)⁸
3369 3660 3617 3728 ἁκτημο-

2027 3738 2214 3810 σύνην,
2243 3740 2351 3794 ἀπὸ
2388 3741 2686 3811 φιλοζωΐας
2719 3743 2812 3795 ἐπὶ
2847 3741 3133 3809 θανάτους,
3171 3742 3280 3797 ἀπὸ
3311 3741 3497 3806 ἀδείας
3523 3740 3617 3794 ἐπὶ

2026 3823 2340 3887 κινδύνους*
2388 3826 2482 3878 καὶ
2528 3827 2625 3896 τὴν
2678 3827 2915 3896 ἐσχάτην
2951 3826 3040 3879 διὰ
3099 3827 3317 3881 πάντων
3370 3825 3616 3896 ἀπῄτουν

2024 3907 2309 3977 ἀκρίϐειαν
2332 3924 2347 3939 ’
2400 3911 2743 3976 Λὶσχρότης
2771 3911 2900 3979 γὰρ,
2938 3912 3071 3979 φησί
3092 3951 3105 3973 ,
3152 3910 3250 3964 καὶ
3275 3910 3618 3979 μωρολογία

2025 3990 2123 4045 καί
2153 3993 2516 4059 εὐτραπελία
2527 3992 2614 4061 μὴ
2636 3993 3056 4061 ἐκπορευέσθω
3080 3995 3149 4045 ὲκ
3179 3992 3288 4046 τοῦ
3317 3994 3618 4060 στόματος

2024 4072 2212 4144 ὑμῶν.
2246 4076 2356 4128 Kal
2390 4074 2563 4128 ταῦτα
2595 4076 2781 4143 ἔλεγον
2814 4079 2927 4138 τοῖς
2966 4074 3121 4128 οὐδὲν
3166 4074 3296 4128 ἄλλο
3328 4074 3548 4138 εἰδόσιν,
3579 4073 3614 4145 ἢ

2030 4157 2250 4227 μεθύειν
2279 4159 2375 4211 καὶ
2413 4158 2830 4228 γαστρίζεσθαι,
2875 4160 2991 4221 τοῖς
3032 4157 3225 4228 ἑορτάς
3271 4156 3617 4211 ἐπιτελοῦσιν

2026 4239 2322 4310 οὐδαμόθεν
2374 4240 2599 4294 ἄλλοθεν
2643 4240 2990 4306 συνεστώσας
3033 4240 3066 4311 ἢ
3106 4240 3214 4294 ἀπὸ
3254 4240 3616 4310 αίσχρότητος

2026 4324 2123 4377 καὶ
2157 4323 2392 4392 γέλωτος
2439 4324 2531 4377 καὶ
2570 4324 2866 4396 κωμῳδίας
2914 4325 3154 4395 ἀπάσης.
3207 4324 3371 4376 Ὥστε
3427 4324 3489 4376 οὐ
3536 4321 3616 4394 τῷ

2027 4407 2318 4477 φιλοσοφία
2361 4404 2503 4462 εἶναι
2533 4407 2608 4466 τὰ
2634 4410 2939 4480 πράγματα
2960 4449 2975 4473 ,
3008 4406 3240 4478 φορτικά
3268 4403 3336 4478 ἦν
3366 4406 3434 4460 τὰ
3462 4406 3616 4476 λεγόι-

2030 4509 2167 4563 μενα
2212 4492 2409 4564 μόνον,
2459 4493 2597 4547 ἀλλά
2631 4494 2725 4547 κα)⁵
2762 4492 2840 4563 τῷ
2897 4490 3208 4563 ἀνθρώποις
3253 4489 3511 4558 λέγεσθαι
3556 4491 3614 4542 ἐν

2025 4576 2179 4647 ἀδείᾳ
2216 4580 2473 4647 τραφεῖσι
2518 4579 2614 4631 καί
2659 4576 2980 4649 αίσχρότητι
3033 4576 3126 4630 καὶ
3165 4575 3477 4646 μωρολογία
3520 4574 3615 4627 καὶ

2026 4660 2225 4728 γέλωτι
2256 4661 2348 4713 καὶ
2382 4660 2614 4731 κώμοις.
2643 4659 2741 4725 Τίς
2767 4662 2876 4732 γάρ
2902 4660 3009 4714 τῶν
3052 4661 3111 4712 ἐν
3151 4659 3381 4720 ἐκείνοις
3418 4656 3607 4727 βεϐιωο

2027 4744 2200 4797 κότων
2249 4743 2485 4811 ἀκούων,
2534 4745 2617 4798 ὅτι
2661 4745 2807 4799 Ἐὰν
2829 4743 2914 4811 μή
2955 4762 3046 4810 τις
3095 4741 3207 4811 ἄρῃ
3242 4741 3465 4795 ἑαυτοῦ
3508 4740 3617 4794 τὸν

2026 4828 2322 4894 σταυρὸν,
2374 4828 2473 4881 καὶ
2532 4828 2926 4895 ἀκολουθήσῃ
2979 4844 3101 4897 μοι,
3159 4828 3270 4879 οὐκ
3310 4823 3441 4879 ἔστι
3493 4841 3615 4893 μου

2026 4909 2216 4976 ἀξιοςο
2251 4912 2367 4974 καί,
2412 4912 2493 4964 ὃτι
2518 4914 2641 4965 Οὐκ
2688 4907 2880 4981 ἦλθον
2898 4909 3122 4974 ,ϐαλεῖν
3148 4907 3420 4978 εἰρήνην,
3450 4907 3615 4963 ἀλλὰ

2019 4994 2341 5063 μάχαιραν,
2365 4994 2461 5048 καὶ
2487 4993 2733 5063 διχάσαι
2757 4993 3072 5061 ἄνθρωπον
3095 4993 3249 5047 κατὰ
3268 4992 3376 5047 τοῦ
3391 4993 3617 5061 πατρὸς

2026 5082 2236 5147 αὐτοῦ,
2268 5082 2365 5135 καὶ
2398 5079 2691 5150 θυγατέρα
2716 5081 2868 5135 κατὰ
2898 5079 3007 5148 τῆς
3028 5079 3254 5149 μητρὸς
3280 5078 3492 5147 αὐτῆς,
3514 5080 3617 5134 οὐκ

2026 5166 2091 5221 ἂν
2123 5166 2431 5236 ἐνάρκησε;
2463 5166 2560 5228 Τίς
2586 5165 2642 5217 δέ
2683 5164 2918 5231 ἀκούων,
2946 5165 3032 5217 ὅτι
3071 5164 3198 5218 Ἐὰν
3238 5164 3314 5237 μή
3355 5181 3439 5227 τις
3479 5165 3616 5218 ἀπο-

2024 5248 2257 5319 τάξηται
2302 5249 2398 5302 καὶ
2437 5248 2584 5320 οἰκίᾳ
2628 5249 2722 5302 καὶ
2766 5248 2989 5319 πατρίδι
3029 5248 3125 5303 καὶ⁷
3163 5250 3480 5319 χρήμασιν,
3513 5248 3617 5302 ούκ

2025 5333 2141 5387 ἔστι
2170 5349 2273 5404 μου
2305 5332 2475 5397 ἄξιος,
2512 5334 2613 5385 οὐκ
2642 5332 2708 5387 ἂν
2737 5330 2984 5401 ὤκνησεν
3006 5373 3020 5397 ,
3052 5333 3154 5385 οὐκ
3190 5330 3256 5385 ἂν
3295 5330 3614 5403 ἀπηγόρευ-

2027 5433 2153 5482 σεν;
2198 5415 2339 5469 Ἀλλ’
2368 5417 2518 5485 ὅμως
2551 5416 2611 5468 ού
2645 5416 2805 5486 μόνον
2835 5416 2935 5470 ούκ
2963 5415 3210 5486 ἐνάρκων
3230 5456 3245 5483 ,
3277 5414 3400 5468 οὐδὲ
3428 5414 3614 5467 ἀνεδύ-

2023 5521 2145 5558 οντο
2178 5501 2348 5555 ταῦτα
2375 5501 2688 5564 ἀκούοντες,
2723 5500 2860 5554 ἀλλά
2883 5499 3249 5571 προσέτρεχον
3279 5500 3374 5552 καὶ
3406 5500 3615 5568 ἐπεπήσ

2023 5588 2129 5642 δων
2154 5589 2264 5651 τοῖς
2298 5586 2512 5648 δεινοῖς,
2545 5585 2640 5639 καὶ
2677 5583 2924 5657 ἥρπαζον
2968 5584 3037 5637 τὰ
3087 5582 3506 5652 ἐπιττατόμενα.
3536 5580 3610 5632 Τὸ

2024 5671 2080 5724 δὲ
2110 5668 2353 5732 ἀκούειν,
2377 5670 2459 5721 ὅτι
2483 5668 2691 5730 Παντὸς
2730 5668 2975 5738 ῥήματος
3021 5664 3194 5737 ἀργοῦ
3236 5665 3482 5734 δώσομεν
3511 5661 3605 5713 εύο

2026 5753 2189 5817 θύνας
2208 5765 2253 5793 δι’
2285 5753 2399 5817 καί,
2444 5752 2505 5805 Ὀ
2537 5752 2840 5821 ἐμϐλέψας
2865 5750 3101 5821 γυναικὶ
3134 5748 3285 5817 πρὸς
3313 5747 3377 5801 τό
3407 5747 3610 5823 ἐπιθυι·

2087 6012 2102 6035 ⁸
2125 6006 2386 6076 ιεθὲὺαιω·
2411 6012 2558 6070 δίκας.
