4086 6420
598 297 670 363 65
1288 296 1349 356 S.
1390 299 1680 372 JOANNIS
1716 299 2213 359 CIIBYSOSTOMI
2244 304 2570 366 ARCHIEP.
2611 309 3170 376 CONSTANTINOP.
3823 344 3887 402 (,6

597 411 815 484 μῆσαι,
845 411 962 483 ἤδη
989 413 1351 488 ἐμοίχευσεν
1371 417 1571 489 αὐτὴν
1609 418 1924 490 ὀφθεῖσαν-ο
1972 420 2089 487 καὶ,
2142 420 2201 474 '0

600 503 881 576 ὀργισθεὶς
921 505 1086 578 εἰκῆ,
1130 509 1210 572 εἰς
1252 509 1478 579 γέενναν
1511 511 1794 577 πεσεῖται,
1821 510 1945 566 τίνα
1989 511 2092 565 οὑκ
2133 509 2203 567 ἂν

600 595 712 648 τῶν
731 595 852 650 τότε
873 598 1254 671 ἀπεσόϐησεν;
1289 600 1430 654 Ἀλλ’
1450 601 1603 673 ὅμως
1628 603 1842 667 πάντες
1866 603 2196 677 ἐπέδραμον,

605 687 699 740 καὶ
729 688 916 742 πολλοὶ
952 690 1046 744 καὶ
1089 690 1230 761 ὑπὲρ
1267 689 1336 744 τά
1379 693 1687 764 σκάμματα
1722 694 1969 764 ἥλλοντο.
2001 695 2068 750 Τί
2107 691 2203 750 οὖν

604 779 805 844 αὐτοὺς
860 783 1132 852 ἐπήγετο;
1190 783 1291 836 οὐκ
1347 783 1574 857 εὔδηλον
1621 786 1704 840 ὅτι
1739 788 1774 858 ἠ
1816 786 2048 859 δύναμις
2103 785 2201 841 τοῦ

603 870 1043 942 κηρυττομένους
1076 872 1140 925 Εἰ
1161 873 1292 946 ῖγάρ
1326 874 1402 946 μὴ
1429 875 1588 929 τοῦτο
1621 871 1690 948 ἦν
1712 915 1729 942 ,
1782 877 2101 932 τούναντίον
2144 878 2202 932 δὲ

599 952 692 1029 ἦν,
738 960 937 1012 ἐκεῖνοι
971 960 1070 1030 μὲν
1099 956 1280 1027 οὗτοι,
1313 956 1461 1018 οὗτοι
1491 963 1548 1017 δὲ
1577 960 1721 1037 ἦσαν
1748 966 1972 1032 ἐκεῖνοι,
2008 963 2097 1040 ἆρ’
2134 967 2201 1023 ἂν

602 1048 825 1102 εὔκολον
866 1045 934 1121 ἦν
962 1050 1108 1122 ἔχειν
1148 1053 1244 1108 καὶ
1277 1053 1507 1109 έλκῦσαι
1539 1055 1669 1122 τοὺς
1711 1058 2199 1131 ἐναντιουμένουςς

602 1141 718 1194 Οὐκ
752 1139 898 1196 ἐστιν
934 1143 1136 1198 εἰπεῖν.

666 1264 737 1328 η’.
768 1257 934 1312 Ὥστε
951 1257 1039 1314 διά
1056 1259 1277 1318 πάντων
1301 1260 1580 1318 δείκνυται
1599 1263 1722 1320 θεία
1750 1265 1980 1338 δύναμις
1997 1261 2134 1322 οὖσα
2159 1269 2195 1339 ἠ

601 1349 1023 1420 κατορθώσασα.
1073 1353 1227 1407 Ἐπεὶ
1261 1353 1426 1409 πόθεν
1466 1354 1713 1424 ἔπεισαν,
1754 1358 1879 1412 εἰπέ
1925 1376 2039 1430 μοι,
2069 1360 2199 1424 τοὺς

595 1439 831 1509 χαύνους
859 1439 975 1514 [62]
1009 1443 1104 1496 κα)⁸
1132 1445 1260 1508 τοὺς
1291 1443 1671 1516 διαρρέοντας,
1702 1449 1796 1501 ἐπὶ
1837 1449 1929 1504 τὸν
1961 1449 2196 1520 σκληρὸν

595 1531 695 1585 καί⁵
734 1534 946 1604 τραχὺν
975 1533 1236 1606 φέροντες
1263 1534 1415 1605 βίον;
1456 1535 1617 1592 Ἀλλά
1645 1540 1715 1592 τά
1747 1541 1848 1611 μὲν
1871 1541 2194 1613 παραγγέλ-

599 1641 745 1694 ματα
774 1625 1000 1680 τοιαῦτα
1018 1642 1034 1658 ο
1065 1626 1267 1697 ἴδωμεν
1287 1629 1347 1682 δὲ
1375 1631 1589 1702 μήποτε
1614 1630 1675 1684 rb
1699 1631 1880 1702 δόγμα
1901 1631 2196 1701 ἐπαγωγὸν

593 1711 684 1787 ἦν.
736 1717 848 1769 Καὶ
893 1717 1001 1788 μὴν
1056 1719 1152 1773 καὶ
1201 1720 1361 1775 τοῦτο
1408 1724 1595 1778 ἰκανὸν
1644 1719 1714 1795 ἦν
1746 1724 1876 1790 τοὺς
1929 1725 2196 1789 ἀπίστους

594 1807 962 1879 ἀποσοόῆσαι.
992 1809 1059 1862 Τί
1079 1809 1190 1881 γάρ
1219 1811 1408 1884 ἔλεγον
1435 1817 1484 1869 οἰ
1510 1814 1918 1887 κηρύσσοντες
1951 1815 2075 1869 Ὅτι
2100 1815 2195 1870 τὸν

593 1899 1015 1973 ἐσταυρωμένον
1063 1903 1148 1956 δεῖ
1179 1910 1531 1976 προσκυνεῖν,
1567 1907 1663 1960 καὶ
1699 1907 1889 1961 τοῦτον
1923 1907 2058 1962 Θεὸν
2105 1925 2195 1962 vo-

597 1991 780 2062 μίζειν
799 2034 815 2059 ,
841 1996 935 2048 τὸν
966 1998 1030 2048 ἐκ
1061 1998 1321 2065 γυναικὸς
1360 2001 1698 2071 γεννηθέντα
1739 2001 2026 2066 Ἰουδαίας.
2079 2001 2194 2056 Καὶ

591 2081 678 2145 τίς
705 2082 772 2136 ἂν
791 2084 1005 2150 τούτοις
1030 2086 1285 2160 ἐπείσθη,
1320 2090 1396 2160 μὴ
1425 2090 1578 2154 θείας
1607 2090 1896 2162 δυνάμεως
1917 2109 2191 2165 προηγου-

595 2174 800 2244 μένηςς
839 2175 962 2230 Ὅτι
993 2177 1093 2247 μὲν
1125 2178 1234 2252 γὰρ
1263 2181 1586 2253 ἐσταυρώθη
1617 2182 1714 2237 καὶ
1740 2183 1915 2255 ἐτάφη
1937 2226 1951 2249 ,
1989 2185 2193 2249 πάντες

592 2258 732 2320 εἶδον
750 2283 766 2299 ·
790 2267 872 2321 ὅτι
893 2268 952 2322 δὲ
977 2269 1177 2343 ἀνέστη
1203 2271 1298 2324 καὶ
1321 2272 1543 2345 ἀνῆλθε,
1571 2273 1713 2347 πλὴν
1737 2275 1848 2330 τῶν
1871 2275 2190 2331 ἀποστόλων

590 2356 769 2421 οὐδεὶς
811 2357 1097 2414 ἐθεάσατο.
1145 2363 1288 2416 Ἀλλ’
1322 2365 1684 2434 ἐπαγγελίαις
1717 2366 1919 2431 αὐτοὺς
1949 2368 2185 2439 ἐπῆραν,

590 2449 748 2519 φησὶ,
775 2450 871 2504 καὶ
907 2450 1065 2522 ψόφῳ
1101 2455 1368 2525 ῥημάτων
1394 2457 1708 2527 ἠπάτησαν.
1741 2458 1914 2512 Τοῦτο
1951 2461 2051 2530 μὲν
2093 2455 2188 2514 οὖν

587 2542 723 2595 αὐτὸ
775 2543 1015 2613 μάλιστα
1048 2544 1315 2613 δείκνυσι,
1363 2548 1458 2601 καὶ
1503 2550 1677 2620 χωρὶς
1725 2551 1833 2604 τῶν
1877 2550 2186 2621 εἰρημένων

587 2633 868 2700 ἀπάντων,
900 2635 982 2688 ὅτι
1011 2635 1112 2689 οὐκ
1152 2636 1302 2691 ἐστιν
1334 2639 1520 2711 ἀπάτη
1552 2639 1623 2694 τά
1667 2641 1936 2712 ἡμέτερα.
1969 2641 2052 2696 Τά
2085 2641 2186 2712 μὲν

585 2727 696 2800 γάρ
720 2727 962 2800 δυσχερῆ
985 2729 1166 2782 πάντα
1190 2730 1444 2786 ἐντεῦθεν
1470 2732 1777 2786 συνέϐαινε·
1805 2732 1874 2786 τὰ
1895 2733 1951 2787 δὲ
1972 2733 2187 2804 χρηστά

589 2819 731 2889 μετά
759 2821 856 2892 τὴν
901 2821 1199 2876 ἀνάστασιν
1249 2824 1689 2892 ἐπαγγείλασθαι
1732 2825 1862 2882 ἔδει.
1908 2827 2050 2880 Αὐτὸ
2084 2826 2188 2899 μὲν

584 2908 681 2965 οὖν
731 2913 890 2966 τοῦτο
938 2913 1125 2982 (πάλιν
1158 2914 1267 2986 γὰρ
1321 2914 1452 2986 ἐρῶ)
1506 2915 1748 2971 δείκνυσι
1806 2917 1949 2972 θεῖον
2000 2919 2061 2973 ὃν
2120 2920 2184 2974 rb

585 3003 855 3075 ἡμέτερον
885 3005 1173 3082 κήρυγμα.
1207 3004 1307 3059 Διά
1333 3005 1385 3060 τί
1409 3006 1521 3077 γάρ
1547 3009 1738 3078 μηδεὶς
1762 3009 1874 3063 τῶν
1897 3012 2184 3066 πιστευόν-

585 3113 694 3150 των
711 3091 887 3163 εἰπεν,
910 3098 994 3150 ὅτι
1013 3097 1088 3150 Οὐ
1117 3097 1376 3170 πρόσειμι
1391 3098 1513 3152 οὐδὲ
1542 3100 1829 3171 ἀνέχομαι·
1855 3101 1924 3155 τὰ
1940 3101 2181 3174 δυσχερῆ

588 3204 680 3258 μοι
710 3187 946 3241 ἐνταῦθα
972 3188 1238 3255 ἀπειλεῖς,
1265 3191 1366 3256 ,καὶ
1390 3190 1461 3244 τά
1493 3191 1710 3264 χρηστά
1750 3193 1893 3264 μετά
1917 3194 2016 3265 τὴν
2047 3195 2180 3248 ἀνά-

587 3296 780 3332 στασιν
810 3279 1166 3352 ἐπαγγέλλῃ;
1201 3281 1366 3335 πόθεν
1395 3282 1503 3354 γὰρ
1542 3283 1722 3356 δῆλον,
1767 3285 1852 3338 ὅτι
1883 3286 2182 3350 ἀνάστασις

585 3371 774 3440 Errat;
804 3372 889 3436 τίς
927 3372 1036 3428 τῶν
1071 3371 1418 3428 ἀπελθόντων
1446 3370 1620 3447 ῆλθε;
1654 3377 1738 3442 τίς
1771 3377 1882 3432 τῶν
1910 3379 2181 3450 κειμένων

585 3463 821 3535 ἀνέστη;
849 3464 934 3529 τίς
963 3464 1170 3518 τούτων
1195 3459 1319 3518 εἷπε
1345 3467 1399 3520 τί
1429 3467 1584 3522 ἔσται
1635 3469 1775 3540 μετὰ
1801 3469 1897 3542 τὴν
1927 3471 2180 3526 ἐντεῦθεν

583 3554 935 3626 ἀποδημίαν;
977 3555 1122 3609 Ἀλλ’
1149 3556 1302 3610 οὐδὲν
1328 3557 1535 3613 τούτων
1566 3560 1668 3614 οὐκ
1693 3562 2009 3633 ἐνενόησαν,
2043 3562 2179 3618 ἀλλά

585 3647 681 3699 καὶ
714 3647 814 3710 τάς
852 3645 1033 3718 ψυχὰς
1074 3647 1367 3702 ἀπέδωκαν
1416 3650 1557 3723 ὑπὲρ
1605 3651 1702 3705 τοῦ
1745 3654 2177 3724 σταυρωθέντος.

586 3738 750 3791 Ὥστε
779 3737 910 3790 αὐτὸ
937 3736 1100 3790 τοῦτο
1131 3738 1371 3808 μάλιστα
1409 3743 1656 3814 μεγάλης
1679 3743 1969 3815 δυνάμεως
1996 3743 2085 3816 ἦν,
2117 3747 2178 3800 rb

585 3828 858 3900 μηδέποτε
897 3829 1064 3900 μηδὲν
1093 3830 1336 3886 τοιοῦτον
1375 3832 1720 3899 ἀκούσαντας
1753 3835 1949 3907 ἀθρόον
1987 3838 2177 3890 πεῖσαι

583 3921 713 3991 περί
745 3920 998 3991 μεγάλων
1031 3921 1174 3975 οὕτω
1211 3925 1579 3995 πραγμάτων,
1619 3926 1712 3979 καὶ
1753 3929 2174 3999 παρασκευάσαι

578 4011 653 4065 τά
690 4011 790 4082 μὲν
819 4011 1056 4085 δυσχερῆ
1093 4014 1494 4082 καταδέξασθαι
1522 4018 1616 4071 ἐπὶ
1641 4019 1741 4089 τῆς
1774 4021 1991 4092 πείρας,
2017 4021 2086 4074 τὰ
2117 4019 2175 4076 δὲ

579 4104 796 4174 χρηστά
830 4105 888 4160 ἐν
915 4105 1128 4161 ἐλπίσιν
1158 4106 1324 4179 ἔχειν.
1373 4110 1439 4165 Εἰ
1469 4109 1526 4162 δὲ
1575 4112 1823 4180 ἠπάτων,
1862 4114 2174 4170 τούναντίον

578 4195 648 4250 ἂν
685 4197 950 4268 ἐποίησαν
978 4198 1202 4269 μᾶλλον·
1244 4200 1312 4254 τά
1345 4201 1446 4272 μὲν
1474 4203 1686 4273 χρηστά
1721 4203 1971 4258 ἐντεῦθεν
1997 4207 2175 4278 ἐπηγ-

579 4285 853 4355 γείλαντο,
883 4289 952 4342 τά
979 4288 1038 4342 δὲ
1062 4288 1273 4360 φοϐερὰ
1300 4291 1564 4361 ἐσίγησαν
1594 4291 1682 4356 ἂν,
1711 4293 1804 4346 καὶ
1832 4293 1899 4346 τά
1926 4294 2172 4365 παρόντα

580 4377 674 4430 καὶ
696 4378 767 4430 τά
798 4378 1084 4450 μέλλοντα.
1116 4379 1275 4434 Οὕτω
1299 4381 1408 4452 γὰρ
1441 4384 1490 4434 οἰ
1523 4383 1844 4447 ἀπατῶντες
1877 4385 1974 4438 καὶ
1999 4385 2049 4438 οἱ
2076 4401 2170 4438 κο-

577 4470 902 4535 λακεύοντες
941 4471 1211 4526 ποιοῦσινο
1247 4473 1401 4527 οὐδὲν
1429 4475 1607 4546 τραχὺ
1635 4475 1756 4528 οὐδὲ
1785 4477 2022 4548 ἐπαχθὲς
2049 4479 2172 4533 οὐδὲ

579 4561 838 4633 φορτικὸν
876 4563 1274 4632 προτείνουσιν,
1303 4563 1444 4618 ἀλλά
1470 4566 1784 4622 τούναντίον
1812 4569 1978 4624 ἆπαν·
2011 4570 2171 4625 τοῦτο

577 4650 687 4721 γάρ
719 4651 869 4706 ἐστιν
903 4651 1113 4724 ἀπάτη.
1160 4653 1301 4707 Ἀλλ’
1344 4655 1379 4726 ή
1409 4652 1587 4722 ἄνοια,
1617 4657 1772 4728 φησί,
1806 4657 1918 4713 τῶν
1956 4659 2170 4716 πολλῶν

578 4740 869 4812 πεισθῆναι
899 4739 1126 4812 ἐποίησε
1156 4744 1271 4808 τοῖς
1303 4743 1642 4816 λεγομένοις.
1676 4747 1743 4800 Τί
1771 4749 1912 4821 φής;
1943 4750 2032 4803 ὅτε
2063 4749 2170 4804 ὑπὸ

531 4832 840 4911 )”Ελλησιν
885 4827 1060 4905 ἦσαν,
1100 4835 1202 4889 οὐκ
1251 4831 1395 4908 ἦσαν
1433 4837 1677 4909 ἀνόητοι,
1732 4839 1848 4895 ἀλλ’
1892 4841 1981 4896 ὅτε
2030 4841 2168 4915 πρὸς

576 4927 726 4998 ἡμᾶς
757 4928 1122 4999 μετέστησαν,
1147 4929 1271 4982 τότε
1301 4930 1522 5004 ἀνόητοι
1555 4932 1812 5004 γεγόνασι
1841 4952 1856 5003 ;
1889 4935 2068 4990 καίτοι
2100 4954 2164 5007 γε

574 5019 677 5072 οὐκ
696 5019 888 5084 ἄλλους
929 5021 1271 5093 ἀνθρώπους,
1294 5021 1417 5076 οὐδὲ
1442 5021 1503 5088 ἐξ
1531 5023 1698 5096 ἄλλης
1721 5027 2046 5102 οἰκουμένης
2067 5029 2164 5084 λα-

575 5110 764 5177 ϐόντες
809 5113 1034 5167 έπεισαν
1068 5115 1117 5167 οἰ
1160 5113 1470 5170 ἀπόστολοι.
1502 5117 1698 5172 Καίτοι
1733 5119 1804 5173 τά
1837 5122 1937 5192 μὲν
1971 5125 2163 5195 Ἐλλή-

573 5219 682 5258 νων
721 5203 910 5268 ἁπλῶς
939 5208 1213 5276 κατεῖχον,
1252 5205 1325 5259 τά
1357 5207 1416 5260 δέ
1445 5207 1694 5281 ἡμέτερα
1724 5213 1866 5282 μετά
1897 5216 2161 5271 κινδύνων

574 5295 954 5363 κατεδέξαντω
1000 5296 1142 5350 ὥστε
1180 5298 1230 5350 εἰ
1266 5298 1409 5369 μετά
1454 5299 1615 5370 λόγου
1659 5305 1968 5374 κρείττονος
2019 5309 2162 5364 αύτά

572 5392 849 5460 κατεῖχον,
888 5388 1145 5445 τοσοῦτον
1173 5391 1358 5456 αὐτοῖς
1402 5394 1756 5473 ἐντραφέντες
1800 5400 1991 5468 χρόνον
2016 5443 2029 5466 ,
2061 5403 2162 5455 οὑκ

572 5473 642 5526 ἂν
684 5472 866 5526 αὐτῶν
898 5474 1258 5546 ἀπέστησαν,
1299 5475 1397 5530 καὶ
1439 5472 1677 5546 μάλιστα
1720 5481 1809 5533 ὅτε
1853 5482 1973 5535 οὑδέ
2001 5486 2160 5538 ἀκιν-

569 5562 744 5627 δύνως
778 5562 1083 5636 ἀποστῆναι
1117 5565 1267 5637 ἐνῆν.
1311 5564 1464 5619 Ἐπεὶ
1510 5566 1568 5620 δὲ
1606 5567 1854 5636 ἔγνωσαν
1898 5569 1958 5635 ἐξ
1987 5572 2161 5643 αὐτῆς

571 5657 681 5710 τῶν
716 5657 1060 5728 πραγμάτων
1091 5657 1190 5729 τῆς
1234 5659 1450 5729 φύσεως
1475 5700 1488 5726 ,
1520 5661 1601 5714 ὅτι
1631 5661 1804 5730 γέλως
1843 5665 2024 5718 ἐκεῖνα
2067 5667 2162 5720 καὶ

575 5747 770 5816 πλάνη,
802 5746 892 5800 διά
920 5746 1079 5800 τοῦτο
1127 5747 1224 5800 καὶ
1274 5747 1527 5803 θανάτων
1566 5752 2008 5823 ἀπειλουμένων,
2051 5756 2159 5808 τῶν

577 5836 677 5901 μὲν
707 5835 953 5906 συνήθων
975 5839 1360 5910 ἀπεπήδησαν,
1387 5843 1466 5906 εἰς
1489 5841 1547 5896 δὲ
1567 5843 1636 5896 τά
1667 5844 1830 5898 καινά
1857 5845 2160 5917 ηὐτομόλη-

571 5941 684 5990 σαν,
715 5925 808 5980 ἀτε
837 5928 1029 5984 τούτου
1070 5930 1172 6004 μὲν
1196 5931 1289 5987 τοῦ
1314 5933 1584 6006 δόγματος
1614 5926 1753 5993 κατὰ
1781 5937 1946 6007 φύσιν
1976 5938 2146 6008 ὄντος,

2309 421 2610 519 ἐσιείνουᾼδὲ
2640 427 2795 499 παρά
2833 429 3020 519 φύσιν.
3076 433 3215 488 Ἀλλ’
3255 435 3504 504 οἰκέται,
3533 440 3732 511 φησὶν,
3755 439 3887 519 ἦσαν

2307 511 2358 564 οἰ
2390 512 2726 582 πεισθέντες,
2756 518 2852 573 καὶ⁸
2875 524 3138 588 γυναῖκες
3160 526 3256 579 καὶ
3283 525 3463 581 τίτθαι
3489 530 3586 582 καὶ
3617 511 3885 600 μαῖαι-καὶ

2308 599 2575 672 εὐνοῦχοι.
2603 604 2856 660 Μάλιστα
2901 608 3002 679 μὲν
3036 610 3138 664 ούκ
3165 612 3274 667 ἀπὺ
3299 614 3508 669 τούτων
3538 599 3669 689 ἡμῖν
3697 622 3729 691 ἡ
3771 623 3882 679 Ἐκ-

2308 691 2512 763 κλησία
2539 697 2842 769 συνέστηκε
2878 701 3062 771 μόνον,
3087 705 3181 758 καὶ
3214 705 3376 760 τοῦτο
3403 708 3563 780 δῆλον
3588 710 3810 768 ἀπασινο
3839 719 3886 772 εἰ

2300 779 2357 835 δὲ
2406 783 2519 837 ἀπὸ
2554 786 2766 841 τούτων
2796 829 2812 856 ,
2859 790 3019 845 τοῦτο
3055 795 3297 864 μάλιστά
3333 779 3467 852 ἐστι
3496 801 3557 853 rb
3597 803 3785 860 ποιοῦν
3830 808 3887 861 rb

2301 873 2565 964 κήρυγμα
2597 875 2712 952 [63]
2745 879 3081 950 θαυμαστὸν,
3117 887 3201 941 ὅτι
3240 888 3468 944 τοιαῦτα
3500 892 3772 964 δόγματα,
3802 893 3885 953 οἷα

2300 963 2530 1021 Πλάτων
2566 968 2671 1020 ’καὶ
2717 970 2769 1024 οἰ
2807 975 2930 1027 κατ’
2963 976 3172 1030 ἐκεῖνον
3222 979 3324 1034 οὐκ
3368 963 3613 1053 ἴσχυσαν
3643 987 3884 1060 ἐννοῆσαι

2299 1051 2432 1150 δλως
2460 1064 2499 1122 ⁸,
2536 1055 2798 1132 ἐξαίφνης
2841 1062 3067 1134 ἴσχυσαν
3096 1070 3143 1122 οἰ
3176 1069 3370 1135 ἀλιεῖς,
3398 1051 3460 1126 rb
3499 1076 3721 1130 πάντων
3746 1051 3886 1150 ἀμα-

2299 1145 2558 1202 θέστατον
2584 1150 2764 1220 γένος,
2811 1155 3022 1211 πείθειν
3065 1160 3489 1226 καταδέξασθαι.
3521 1166 3657 1220 Οὐδὲ
3701 1145 3808 1243 γὰρ
3839 1173 3884 1226 εἰ

2298 1240 2598 1332 φρονίμους
2646 1244 2874 1302 ἔπεισαν
2936 1249 3129 1320 μόνον,
3165 1251 3308 1307 οὑτω
3359 1253 3672 1328 θαυμαστὸν
3711 1240 3790 1332 ἦν’
3827 1262 3885 1318 rb

2296 1328 2541 1396 γεγονός*
2573 1331 2765 1402 ἐπειδὴ
2793 1334 2851 1389 δὲ
2880 1338 3098 1403 οἰκέτας
3127 1341 3223 1393 καὶ
3251 1341 3443 1408 τίτθας
3475 1348 3570 1399 καὶ
3598 1328 3882 1420 εὐνούχους

2296 1421 2378 1514 εἰς
2403 1421 2658 1480 τοσοῦτον
2678 1427 2887 1498 ῆγαγον
2911 1431 3248 1503 φιλοσοφίας,
3277 1435 3353 1500 ὡς
3378 1438 3634 1506 ἀγγέλοις
3663 1443 3884 1514 ἐφαμίλ⁹

2294 1507 2420 1575 λους
2454 1515 2699 1585 ποιῆσαι,
2731 1521 3000 1594 μεγίστην
3021 1524 3120 1595 τῆς
3147 1525 3298 1590 θείας
3324 1528 3592 1598 ἐμπνοίας
3626 1507 3885 1604 παρεῖχον

2293 1603 2586 1690 ἀπόδειξιν.
2628 1610 2738 1664 Καὶ
2778 1613 2888 1686 γάρ
2933 1617 2983 1670 εἰ
3017 1617 3118 1687 μὲν
3157 1618 3353 1690 εὐτελῆ
3397 1637 3520 1688 τινα
3565 1603 3882 1690 ἐπέταττον,

2293 1689 2407 1766 εἶχε
2429 1695 2588 1768 λόγον
2611 1703 2741 1768 ἴσως
2760 1705 2821 1758 rb
2839 1705 2939 1778 τὴν
2961 1708 3167 1764 τούτων
3189 1689 3362 1764 πειθὼ
3380 1712 3462 1776 εἰς
3485 1712 3765 1779 ἀπόδειξιν
3787 1714 3883 1785 τῆς

2292 1785 2570 1855 εὐτελείας
2594 1790 2704 1846 τῶν
2729 1793 3041 1868 λεγομένων
3065 1800 3491 1871 προϐάλλεσθαι·
3516 1803 3643 1856 εἰδὲ
3669 1805 3882 1875 μεγάλα

2292 1879 2388 1933 καὶ
2418 1881 2600 1953 ὑψηλά
2627 1885 2720 1938 καὶ⁵
2745 1886 3099 1963 ἀνθρωπίνην
3127 1892 3314 1963 σχεδὸν
3343 1895 3749 1968 ὑπερϐαίνοντα
3779 1896 3882 1966 φύ-

2294 1986 2399 2038 σιν,
2435 1974 2530 2027 καὶ
2568 1975 2783 2047 ὑψηλῆς
2815 1978 3046 2052 δεόμενα
3075 1982 3317 2050 διανοίας
3355 1987 3712 2057 ἐφιλοσόφουν
3731 2025 3747 2052 ,
3774 1987 3884 2058 ὅσῳ

2292 2061 2360 2117 ἂν
2388 2064 2572 2139 δείξῃς
2591 2068 2858 2140 ἀνοήτους
2881 2071 3012 2136 τοὺς
3043 2075 3388 2141 πεισθέντας,
3414 2079 3655 2148 τοσούτῳ
3681 2079 3882 2150 μᾶλλον

2291 2155 2667 2223 ἀποδεικνύεις
2698 2161 2898 2228 σοφοὺς
2935 2163 3031 2217 καὶ
3074 2165 3226 2231 θείας
3255 2169 3480 2240 χάριτος
3511 2169 3883 2242 πεπληρωμέ-

2291 2261 2416 2310 νους
2444 2247 2571 2311 τοὺς
2607 2249 2924 2315 πείσαντας.
2965 2254 3130 2310 Ἀ).λά
3156 2260 3222 2329 τῇ
3254 2259 3530 2333 ὑπερϐολῇ
3560 2261 3672 2316 τῶν
3704 2264 3880 2333 ἐπαγ-

2285 2336 2506 2404 γελιῶν,
2532 2339 2719 2409 φησιν,
2745 2341 2991 2396 ἔπεισαν.
3025 2346 3169 2399 Αὐτὸ
3199 2348 3256 2401 δὲ
3285 2349 3444 2402 τοῦτο
3466 2352 3528 2404 ού
3553 2351 3878 2422 θαυμάζεις,

2288 2427 2409 2481 εἰπέ
2460 2446 2572 2500 μοι,
2626 2432 2742 2495 πῶς
2794 2431 3025 2490 ἔπεισαν
3083 2438 3229 2507 μετά
3284 2440 3514 2496 θάνατον
3568 2443 3880 2517 προσδοκᾷν

2288 2518 2500 2576 ἔπαθλα
2533 2524 2628 2576 καὶ
2658 2524 2927 2594 ἀμοιϐάς;
2974 2527 3115 2596 Ἐγὼ
3145 2530 3254 2602 γάρ
3283 2532 3415 2585 αὐτὸ
3446 2533 3606 2588 τοῦτο
3639 2535 3879 2608 ἐκπλήτ-

2286 2626 2476 2682 τομαι.
2539 2613 2700 2668 Ἀλλά
2751 2617 2848 2669 καὶ
2891 2617 3053 2672 τοῦτο
3087 2620 3193 2674 ὑπὸ
3227 2622 3446 2687 ἀνοίας,
3508 2625 3663 2696 φησί.
3708 2627 3879 2692 Ποίας

2287 2704 2494 2770 ἀνοίας,
2534 2707 2659 2759 εἰπέ
2693 2725 2806 2777 μοι,
2835 2707 3032 2776 ταῦτα,
3068 2711 3151 2765 ὅτι
3187 2713 3221 2784 ἡ
3263 2711 3408 2783 ψυχὴ
3440 2713 3732 2783 ἀθάνατος,
3762 2718 3880 2785 ,καί

2283 2793 2636 2868 δικαστήριον
2662 2798 2958 2853 ἀδέκαστον
2995 2801 3136 2872 μετά
3157 2803 3247 2856 τὸν
3275 2805 3511 2858 ἐνταῦθα
3535 2807 3681 2878 ἡμᾶς
3703 2808 3879 2880 λήψεο

2282 2900 2374 2937 ται
2407 2885 2542 2956 βίον,
2577 2891 2671 2942 καὶ
2701 2889 2936 2956 εὐθύνας
2970 2893 3066 2945 καὶ
3104 2893 3366 2964 ῥημάτων
3401 2896 3494 2948 καὶ
3527 2898 3878 2968 πραγμάτων

2283 2974 2377 3027 καὶ
2425 2976 2644 3030 ἐννοιῶν
2681 2978 2926 3051 δώσομεν
2968 2981 3046 3053 τῷ
3087 2983 3156 3036 τά
3189 2983 3484 3056 ἀπόρρητα
3528 2987 3692 3040 εἰδότι
3727 2989 3872 3062 Θεῷ,

2282 3068 2526 3131 καὶτοὺς
2562 3069 2663 3140 μὲν
2698 3073 2905 3135 κακοὺς
2933 3071 3182 3144 ὀψόμεθα
3213 3075 3636 3147 κολαζομένους,
3657 3079 3789 3145 τοὺς
3813 3081 3874 3136 δὲ

2281 3160 2521 3230 ἀγαθοὺς
2561 3165 3030 3234 στεφανουμένους
3052 3181 3068 3227 ;
3110 3164 3297 3219 Ταῦτα
3333 3169 3441 3239 γάρ
3477 3169 3601 3242 οὐχ).
3643 3171 3870 3241 ἀνοίας,

2280 3250 2418 3305 ἀλλά
2450 3255 2550 3323 τῆς
2580 3251 2850 3323 μεγίστης
2884 3253 3003 3306 ἐστί
3034 3253 3061 3292 ι)
3089 3253 3432 3325 φιλοσοφίας.

2352 3342 2418 3397 θ’.
2461 3342 2605 3396 Αὐτὸ
2620 3339 2713 3396 οὖν
2740 3343 2920 3410 τοῦτο,
2950 3345 3072 3399 εἰπέ
3111 3363 3222 3417 μοι,
3261 3347 3324 3402 rb
3362 3355 3722 3423 καταφρονεῖν
3761 3354 3876 3413 τῶν

2280 3434 2586 3506 παρόντων,
2623 3435 2682 3487 rb
2718 3436 2864 3506 μέγα
2895 3436 3143 3507 νομίζειν
3172 3439 3397 3511 ἀρετὴν,
3429 3437 3489 3496 rb
3522 3445 3598 3514 μὴ
3627 3445 3696 3498 τά
3732 3443 3876 3502 ἆθλα

2278 3526 2513 3581 ἐνταῦθα
2533 3526 2743 3599 ζητεῖν,
2759 3527 2899 3581 ἀλλά
2920 3530 3235 3600 περαιτέρω
3257 3534 3508 3604 προϊέναι
3527 3539 3649 3600 ταῖς
3665 3537 3874 3608 ἐλπίσι,

2278 3621 2374 3673 καὶ
2401 3620 2580 3691 ψυχὴν
2613 3619 2788 3685 οὔτως
2824 3620 3045 3676 εὔτονον
3080 3622 3228 3694 ἔχειν
3262 3626 3357 3679 καὶ
3388 3627 3616 3699 πιστὴν,
3650 3629 3729 3694 ὡς
3763 3649 3874 3705 μη-

2275 3711 2390 3767 δενὶ
2416 3712 2526 3766 τῶν
2556 3713 2844 3784 παρόντων
2875 3713 3066 3768 δεινῶν
3094 3715 3235 3788 πρὸς
3265 3717 3366 3779 τάς
3398 3719 3700 3789 μελλούσας
3729 3741 3875 3796 παρ-

2276 3803 2667 3874 εμποδίζεσθαι
2721 3805 2966 3870 ἐλπίδας,
3020 3807 3196 3878 πόσης
3243 3807 3310 3862 ἂν
3365 3811 3451 3881 εἴη
3510 3811 3870 3885 φιλοσοφίας;

2290 3897 2449 3951 Ἀλλά
2493 3897 2674 3968 βούλει
2717 3899 2812 3952 καὶ
2847 3899 3029 3954 αὐτῶν
3071 3899 3184 3954 τῶν
3232 3901 3578 3972 ἐπαγγελιῶν
3621 3907 3716 3962 καὶ
3762 3908 3872 3961 τῶν

2273 3991 2640 4062 προρρήσεων
2677 3991 2872 4062 μαθεῖν
2913 3992 3012 4064 τὴν
3051 3991 3282 4063 δύναμιν
3302 4033 3318 4060 ,
3350 3998 3444 4049 καὶ
3472 3998 3572 4069 τὴν
3603 3999 3870 4071 ἀλήθειαν

2272 4079 2384 4132 τῶν
2415 4079 2522 4149 πρὸ
2559 4079 2786 4144 τούτων,
2821 4079 2931 4134 τῶν
2962 4083 3103 4152 μετά
3151 4085 3358 4151 ταύτας
3403 4087 3512 4140 Θέα
3550 4105 3639 4159 μοι
3676 4091 3870 4162 σειράν

2272 4171 2481 4242 χρυσῆν
2530 4171 2873 4241 πλεκομένην
2909 4174 3171 4240 ποικίλως
3213 4175 3276 4241 ἐξ
3322 4177 3517 4250 ἀρχῆς,
3574 4176 3708 4234 Εῐπέ
3739 4199 3868 4241 τινα

2272 4262 2459 4325 αὐτοῖς
2497 4262 2628 4334 περὶ
2671 4264 2868 4318 ἐαυτοῦ
2915 4266 3013 4318 καὶ
3058 4267 3189 4339 περὶ
3235 4267 3342 4323 τῶν
3390 4269 3728 4342 Ἑκκλησιῶν
3768 4277 3866 4330 καὶ

2274 4347 2404 4418 περί
2451 4346 2563 4402 τῶν
2600 4347 2904 4419 μελλόντων
2947 4353 3317 4422 πραγμάτων,
3354 4355 3450 4408 καὶ
3483 4355 3657 4429 λέγων
3698 4360 3864 4417 ἐθαυ-

2274 4441 2450 4512 ματού
2460 4458 2602 4513 ργει.

2340 4534 2550 4589 Οὐκοῦν
2586 4533 2697 4589 ἀπὸ
2737 4534 2837 4606 τῆς
2869 4533 3150 4601 ἐκϐάσεως
3187 4535 3300 4592 τῶν
3347 4540 3654 4610 εἰρημένων
3699 4541 3863 4614 δῆλον

2269 4629 2352 4683 ὅτι
2387 4628 2482 4681 καὶ
2511 4628 2580 4681 τά
2610 4626 2866 4699 θαύματα
2896 4628 3072 4700 ἀληθῆ
3094 4670 3112 4699 ,
3147 4631 3242 4684 καὶ
3279 4629 3349 4684 τά
3388 4632 3655 4702 μέλλοντα
3685 4635 3861 4706 ἐπηγ-

2272 4722 2529 4793 γελμένα.
2567 4723 2686 4776 Ἵνα
2715 4721 2773 4776 δὲ
2798 4722 2893 4775 καὶ
2919 4721 3256 4794 σαφέστερον
3283 4723 3508 4794 γένηται
3536 4724 3597 4778 rb
3620 4725 3860 4799 λεγόμε-

2267 4830 2378 4882 νον,
2396 4815 2484 4866 ἐπ’
2513 4813 2694 4868 αὑτῶν
2715 4812 2850 4868 αὐτὸ
2870 4813 3085 4886 ποιήσω
3098 4812 3206 4868 τῶν
3231 4816 3573 4886 πραγμάτων
3594 4819 3853 4890 φανερόν.

2282 4907 2569 4979 Ἀνέστησε
2614 4906 2709 4960 τὸν
2747 4906 2998 4978 Λάζαρον
3058 4907 3268 4978 ῥήματι
3323 4907 3471 4978 μόνῳ
3523 4908 3698 4980 ψιλῷ,
3758 4913 3858 4966 καὶ

2267 5001 2450 5068 ζῶντα
2503 4999 2742 5066 ἔδειξεν·
2795 4995 2917 5052 εἷπε
2970 4999 3156 5066 πάλιν,
3206 5001 3288 5056 ὅτι
3333 5003 3530 5056 Πύλαι
3577 5001 3726 5071 ᾅδου
3777 5005 3856 5060 οὐ

2267 5092 2716 5161 κατισχύσουσι
2746 5091 2858 5160 τῆς
2897 5091 3280 5160 Ἐκκλησίαςσ
3307 5091 3425 5158 καὶ,
3453 5093 3537 5148 ὅτι
3577 5094 3640 5148 '0
3667 5111 3854 5150 κατα-

2263 5181 2460 5238 λιπὼν
2492 5180 2719 5249 πατέρα
2755 5181 2794 5249 ἢ
2827 5179 3058 5250 μητέρα
3103 5181 3703 5238 ἑκατονταπλασίονα
3733 5185 3850 5255 λή-

2263 5275 2440 5342 ψεται
2471 5271 2540 5326 ἐν
2571 5269 2649 5337 τῷ
2678 5269 2846 5325 αἰῶνι
2875 5273 3085 5336 τούτῳ,
3115 5272 3213 5325 καί
3247 5272 3400 5341 ζωὴν
3429 5273 3669 5330 αἰώνιον
3699 5281 3854 5348 κλη-

2255 5364 2608 5434 ρονομήσει.
2653 5363 2864 5418 Οὐκοῦν
2895 5364 2958 5416 rb
2990 5365 3088 5435 μὲν
3122 5363 3310 5437 θαῦμα
3339 5365 3417 5433 ἐν,
3451 5367 3512 5420 rb
3539 5369 3632 5422 τοῦ
3666 5368 3854 5435 Λαζά-

2264 5475 2360 5528 ρου
2385 5475 2397 5487 ·
2431 5458 2489 5509 αἱ
2522 5458 2581 5511 δὲ
2625 5456 2964 5527 προρρήσεις
2997 5455 3113 5520 δύο,
3147 5458 3181 5525 ἡ
3221 5458 3320 5528 μὲν
3363 5458 3600 5515 ἐνταῦθα
3630 5461 3848 5515 δεικνυο

2265 5548 2425 5619 μένη,
2455 5549 2488 5618 ἠ
2513 5547 2568 5600 δὲ
2593 5547 2650 5601 ἐν
2669 5546 2747 5616 τῷ
2771 5545 3043 5618 μέλλοντι.
3064 5547 3264 5600 Σκόπει
3283 5549 3462 5603 τοίνυν
3487 5549 3605 5613 πῶς
3627 5552 3851 5606 ἅπαντα

2261 5639 2329 5693 δι’
2347 5640 2595 5712 ἀλλήλων
2612 5639 3104 5703 κατασκευάζεται,
3133 5640 3196 5692 Εἰ
3215 5639 3314 5708 μὲν
3333 5641 3443 5711 γάρ
3461 5658 3545 5705 τις
3562 5641 3846 5710 ἀπιστοίη,

2260 5732 2342 5784 δτι
2373 5731 2624 5801 Λάζαρος
2655 5731 2854 5802 ἀνέστη
2875 5771 2890 5796 ,
2925 5731 3032 5784 ἀπὸ
3061 5735 3158 5803 τῆς
3193 5733 3552 5805 προρρήσεως
3583 5733 3684 5803 τῆς
3713 5733 3849 5803 περὶ

2326 5899 2345 5919 ι
2373 5889 2548 5952 Deerat
2569 5888 2710 5952 ὅλως.
2754 5885 2806 5952 μιν
2829 5889 2944 5936 Post
2968 5888 3095 5952 hanc
3119 5899 3290 5952 νοσοίη
3309 5886 3442 5937 addit
3463 5885 3654 5952 Regius
3683 5886 3844 5944 codex

2269 5951 2322 6001 τὸ
2350 5951 2400 6000 δὲ
2437 5951 2660 5998 τάναντία
2684 5950 2864 5999 τούτων
2889 5950 3092 6012 νομίζειν
3125 5948 3300 6006 ἀνοίας.
