4086 6434
218 349 282 404 05
1311 347 1371 402 IN
1413 345 1626 403 EPIST.
1660 346 1675 399 Ι

222 473 330 537 53},
356 485 466 525 non
486 469 853 537 dubitaverit,
879 483 984 525 non
1014 465 1411 538 repudiaverit?
1432 466 1681 519 Attamen
1711 479 1819 517 non

227 565 378 622 modo
419 578 527 617 non
560 563 991 633 obtorpuerunt,
1027 576 1132 614 non
1163 558 1321 612 modo
1365 571 1469 611 non
1500 564 1827 626 respuerunt

232 655 342 709 bare
370 653 692 717 audientes;
726 651 823 706 sed
850 651 1011 705 etiam
1040 648 1410 713 accurrebant,
1451 656 1505 701 et
1532 645 1599 699 ad
1646 646 1827 715 gravia

236 745 552 809 insiliebant,
592 759 658 798 ac
702 759 825 814 qua:
864 741 1310 812 przecipiebantur
1334 738 1680 808 arripiebant.
1716 740 1827 791 Au-

236 839 347 894 dire
372 848 548 891 autem
572 836 732 897 illud,
768 835 841 889 De
867 834 1009 888 omni
1036 833 1196 887 verbo
1218 832 1392 888 otioso
1418 831 1681 886 rationem
1708 830 1827 885 red-

235 929 391 985 dituri
419 943 605 982 sumus
634 925 853 997 (Matth.
889 924 973 980 12.
1001 923 1091 997 36)
1122 939 1137 988 ;
1167 933 1239 988 et,
1273 922 1375 989 Qui
1400 921 1607 991 respicit
1637 920 1825 977 mulie-

235 1037 339 1074 rem
367 1019 434 1072 ad
467 1017 925 1088 concupiscendum
962 1032 1091 1080 eam,
1120 1016 1237 1085 jam
1278 1014 1556 1068 machum;
1594 1021 1665 1068 est
1713 1008 1826 1067 eam

238 1113 465 1185 (Matth.
500 1114 554 1169 5.
600 1112 753 1183 28);
800 1120 888 1173 et,
935 1109 1036 1176 Qui
1073 1109 1321 1163 irascitur
1364 1116 1601 1174 temere,
1636 1107 1687 1160 in
1728 1121 1825 1176 ge-

233 1206 468 1262 hennam
498 1204 697 1259 incidet
720 1220 735 1269 ;
762 1217 921 1273 quem
944 1217 1049 1255 non
1079 1200 1345 1269 abegisset
1370 1212 1559 1253 eorum
1581 1196 1672 1265 qui
1702 1207 1827 1253 tunc

231 1296 427 1351 erant?
458 1299 708 1350 Attamen
749 1308 937 1349 omnes
982 1292 1355 1356 accurrebant,
1389 1299 1444 1346 et
1472 1290 1625 1343 multi
1662 1289 1823 1345 etiam

229 1399 384 1458 septa
417 1388 809 1443 transiliebant.
840 1386 973 1454 Quid
1000 1400 1129 1455 ergo
1152 1385 1272 1438 illos
1295 1374 1578 1436 inducebat
1599 1382 1623 1433 ἲ
1643 1395 1824 1436 annon

228 1480 403 1535 virtus
428 1481 548 1551 ejus
569 1480 658 1550 qui
691 1478 1094 1550 prmdicabatur,
1119 1485 1176 1530 ut
1202 1475 1375 1545 palam
1397 1482 1481 1529 est
1503 1475 1526 1525 Υ
1548 1472 1657 1527 Nisi
1680 1472 1822 1527 enim

232 1573 334 1627 hoc
356 1585 506 1628 esset
530 1583 587 1627 et
614 1571 940 1627 contrarium
969 1575 1132 1636 esset,
1157 1578 1211 1623 et
1240 1568 1313 1622 illi
1342 1566 1430 1621 isti
1463 1564 1708 1629 fuissent,
1733 1565 1821 1620 isti

229 1677 361 1719 vero
394 1664 473 1718 illi
500 1680 515 1729 ;
543 1679 610 1717 an
639 1662 826 1717 fuisset
852 1659 1005 1716 facile
1036 1669 1397 1730 repugnantes
1425 1655 1673 1711 trahere?
1708 1654 1822 1711 Dici

230 1766 379 1812 certe
404 1756 456 1811 id
486 1771 590 1810 non
620 1765 812 1825 peteSt.

298 1848 357 1903 8.
402 1847 588 1918 Itaque
624 1863 718 1917 per
758 1845 934 1901 omnia
975 1843 1278 1900 ostenditur
1304 1842 1539 1899 divinam
1567 1845 1819 1897 virtutem

229 1941 400 1997 fuisse
423 1956 547 2011 qua:
574 1942 687 1995 haec
714 1940 955 2010 perfecit.
986 1938 1119 1993 Nam
1148 1937 1308 2003 unde,
1349 1941 1551 2007 quaeso,
1596 1950 1822 2005 persua-

227 2042 419 2088 serunt
464 2032 715 2087 mollibus
743 2040 797 2087 et
820 2030 1206 2096 diffluentibus,
1249 2029 1316 2083 ad
1356 2032 1519 2082 vitam
1562 2028 1820 2083 ducentes

226 2126 421 2180 duram
445 2135 502 2181 et
529 2124 810 2193 asperam?
838 2122 943 2178 Sed
971 2132 1235 2193 praecepta
1261 2120 1477 2191 quidem
1515 2118 1819 2189 ltujusmodi

226 2230 386 2274 erant
415 2237 428 2272 :
461 2218 741 2274 videamus
770 2226 948 2272 autem
982 2232 1050 2270 an
1085 2216 1276 2286 dogma
1304 2220 1413 2268 vim
1458 2213 1680 2269 haberet
1706 2212 1824 2267 alli-

226 2309 430 2365 ciendi.
464 2310 623 2378 Atqui
649 2308 752 2363 hoc
782 2310 952 2377 ipsum
998 2308 1128 2361 satis
1156 2314 1271 2361 erat
1299 2306 1366 2360 ad
1405 2303 1699 2375 abigendos
1736 2304 1820 2357 in-

230 2402 441 2455 fideles.
504 2400 638 2467 Quid
685 2400 829 2454 enim
875 2398 1123 2453 dicebant
1168 2397 1225 2464 ii,
1275 2396 1365 2466 qui
1420 2395 1821 2466 przedicabant?

226 2494 559 2549 Crucilixum
590 2506 709 2547 esse
738 2491 1069 2546 adorandum
1099 2489 1358 2558 illumque
1388 2489 1554 2542 Deum
1582 2502 1703 2541 esse
1731 2503 1822 2556 pu-

229 2586 477 2649 tandum,
511 2585 598 2652 qui
630 2600 693 2639 ex
740 2582 924 2638 Judzea
972 2582 1196 2635 muliere
1226 2590 1380 2634 natus
1417 2588 1582 2634 esset.
1624 2579 1820 2649 Ecquis

228 2679 335 2733 illis
364 2677 705 2741 credidisset,
747 2675 847 2730 nisi
886 2682 1135 2728 movente
1163 2672 1341 2727 divina
1385 2672 1626 2727 virtute?
1665 2672 1819 2739 Quod

227 2771 372 2824 enim
406 2768 696 2823 crucifixus
732 2776 786 2821 et
815 2766 1055 2836 sepultus
1084 2765 1291 2833 luisset,
1320 2779 1511 2820 omnes
1540 2765 1816 2830 sciebant;

228 2861 373 2933 quod
390 2870 567 2916 autem
598 2858 982 2914 rcsurrexisset
1005 2866 1061 2912 et
1087 2856 1439 2923 ascendisset,
1474 2866 1669 2927 praeter
1692 2872 1822 2925 apo-

224 2956 398 3008 stolos
449 2968 609 3007 nemo
644 2952 870 3006 viderat.
914 2951 983 3004 At
1020 2948 1303 3020 promissis
1345 2947 1468 3004 illos
1519 2948 1817 3020 erigebant,

226 3048 457 3117 inquies,
494 3055 549 3101 et
587 3046 871 3100 verborum
914 3059 1049 3099 sono
1093 3042 1444 3114 dcceperunt.
1492 3042 1603 3098 Hoc
1642 3044 1817 3112 ipsum

226 3155 355 3195 vero
389 3138 621 3193 maxime
668 3136 905 3191 ostendit
947 3144 1146 3206 printer
1185 3150 1246 3190 ea
1292 3134 1471 3188 omnia
1519 3151 1638 3205 qua:
1678 3135 1818 3188 dicta

226 3240 372 3291 sunt,
418 3245 511 3283 res
538 3238 752 3282 nostras
793 3244 896 3281 non
928 3242 1051 3283 esse
1094 3226 1373 3281 fallaciam.
1411 3226 1541 3281 Nam
1578 3227 1816 3280 difﬁcilia

226 3322 403 3375 omnia
436 3321 565 3375 hinc
593 3319 944 3384 eveniebant;
984 3318 1134 3373 utilia
1164 3334 1293 3374 vero
1316 3327 1437 3388 post
1459 3320 1818 3373 resurrectio-

227 3431 347 3469 nem
389 3412 631 3483 promitti
661 3410 960 3480 oportebat.
1006 3409 1119 3465 [loc
1158 3410 1333 3480 ipsum
1376 3419 1577 3474 autem,
1624 3410 1816 3465 iterum

226 3508 423 3571 dicam,
444 3504 685 3561 ostendit
706 3503 1135 3573 praedicationem
1158 3511 1397 3558 nostram
1417 3503 1650 3557 divinam
1673 3518 1814 3559 esse.

223 3604 332 3657 Cur
359 3603 505 3657 enim
536 3614 694 3655 nemo
720 3597 1050 3653 credentium
1075 3594 1232 3661 dixit,
1254 3594 1371 3650 Non
1397 3596 1619 3661 accedo,
1645 3610 1818 3666 neque

226 3692 365 3748 ferre
388 3706 612 3759 possum
638 3706 653 3746 :
680 3686 917 3743 difficilia
946 3685 1075 3742 mibi
1096 3684 1184 3741 hic
1206 3684 1575 3753 comminaris,
1602 3693 1657 3741 et
1678 3685 1819 3740 bona

228 3782 347 3844 post
379 3773 832 3831 resurrectionem
876 3773 1179 3844 promittis?
1215 3773 1482 3828 undenam
1529 3772 1700 3841 liquet
1724 3786 1820 3826 reo

223 3864 621 3920 surreetionem
652 3861 881 3916 futuram
927 3863 1086 3918 85st}?
1119 3863 1240 3933 quis
1284 3878 1472 3917 eorum
1517 3862 1605 3931 qui
1635 3861 1821 3917 deces-

221 3962 413 4010 serunt
451 3952 641 4009 venit?
664 3955 784 4025 quis
826 3967 1159 4009 mortuorum
1207 3954 1545 4009 resurrexit?
1573 3953 1693 4023 quis
1724 3953 1824 4006 ho-

220 4062 340 4100 rum
365 4045 507 4100 dixit
528 4046 654 4116 quid
676 4046 908 4101 futurum
932 4047 1001 4101 sit
1026 4055 1148 4118 post
1172 4058 1411 4102 nostrum
1437 4047 1561 4101 hinc
1585 4044 1820 4101 exitum?

224 4138 290 4191 At
327 4137 464 4192 nihil
509 4136 701 4192 borum
744 4137 1079 4208 cogitarunt;
1111 4138 1205 4193 sed
1236 4148 1289 4193 et
1316 4140 1523 4193 animas
1554 4138 1823 4193 dederunt

221 4244 319 4299 pro
370 4228 667 4286 Cruciﬁxo.
718 4230 899 4301 Itaque
944 4231 1046 4288 hoc
1094 4232 1267 4302 ipsum
1312 4233 1562 4289 maxima:
1608 4233 1821 4290 virtutis

222 4331 359 4387 erat,
384 4321 531 4391 quod
559 4337 681 4377 cum
708 4324 837 4377 nihil
872 4323 1064 4379 horum
1095 4341 1347 4395 umquam
1376 4326 1679 4395 audissent,
1702 4335 1819 4383 sta-

224 4413 316 4466 tim
348 4413 419 4469 de
449 4415 611 4469 tantis
640 4414 800 4470 rebus
830 4417 1312 4486 persuaderentur,
1343 4425 1399 4474 et
1427 4432 1548 4475 sese
1591 4434 1821 4490 appara-

225 4515 345 4559 rent
377 4514 432 4558 ut
460 4505 699 4561 difﬁcilia
742 4508 794 4562 in
846 4509 1275 4577 experimentum
1321 4513 1650 4583 acciperent,
1678 4512 1822 4569 bona

225 4610 357 4650 vero
388 4596 441 4649 in
470 4609 565 4665 spe
593 4596 870 4653 haberent.
903 4598 959 4653 Si
993 4608 1169 4655 autem
1215 4599 1470 4672 decipere
1499 4602 1820 4673 voluissent,

225 4687 558 4742 contrarium
592 4688 783 4744 facturi
832 4699 1015 4757 erant;
1050 4692 1135 4746 hic
1165 4692 1304 4747 bona
1347 4694 1741 4766 promisissent,
1768 4704 1823 4751 et

229 4779 491 4833 terribilia
537 4782 861 4850 tacuissent,
912 4792 1020 4839 tam
1073 4786 1360 4855 praesentia
1407 4802 1565 4856 quam
1622 4788 1817 4845 futura.

229 4871 301 4928 ita
346 4877 491 4929 enim
539 4875 716 4933 facere
760 4878 937 4934 solent
977 4881 1067 4950 qui
1108 4879 1388 4951 decipiunt
1413 4890 1468 4937 et
1493 4883 1817 4938 adulantur:

228 4966 361 5020 nihil
392 4981 659 5034 asperum.
692 4968 886 5024 durum
918 4970 1003 5025 vel
1034 4986 1324 5027 onerosum
1371 4985 1697 5043 proponunt,
1726 4980 1820 5031 sed

224 5060 556 5113 contrarium
581 5069 747 5115 totum
770 5078 784 5126 ;
816 5061 932 5117 haec
959 5063 1159 5134 quippe
1186 5062 1395 5120 fallacia
1422 5078 1523 5121 εει.
1549 5065 1653 5122 Sed
1684 5069 1823 5122 mul-

225 5161 401 5203 torum
424 5154 680 5216 amentia,
697 5154 927 5222 inquies,
951 5154 1074 5211 fecit
1096 5165 1151 5211 ut
1171 5156 1328 5213 dictis
1351 5158 1509 5213 fidem
1535 5158 1816 5216 haberent.

223 5242 365 5305 Quid
415 5241 588 5298 dicis?
627 5246 841 5313 quando
892 5248 994 5303 sub
1044 5247 1252 5306 Grazcis
1299 5249 1469 5319 fuere,
1516 5267 1619 5309 non
1667 5263 1824 5310 erant

223 5334 406 5401 stulti;
438 5334 533 5392 sed
564 5339 782 5408 quando
810 5340 877 5393 ad
911 5355 1008 5395 nos
1039 5344 1281 5397 trans‘ati
1312 5353 1467 5409 sunt,
1501 5356 1627 5400 tunc
1671 5348 1821 5404 stulti

222 5431 549 5486 evaserunt?
580 5432 742 5503 Atqui
776 5449 882 5487 non
910 5434 1045 5489 alios
1079 5436 1347 5504 homines,
1384 5453 1559 5508 neque
1602 5456 1666 5495 ex
1715 5442 1825 5498 alio

224 5522 353 5576 orbe
368 5523 700 5593 accipientes
722 5527 951 5593 apostoli
973 5527 1037 5581 ad
1065 5527 1220 5581 fidem
1246 5529 1602 5587 deduxerunt.
1622 5534 1824 5600 Quam-

225 5632 376 5686 quam
404 5620 691 5690 gentilium
721 5622 965 5676 instituta
993 5621 1309 5693 simpliciter
1335 5625 1609 5693 tenebant,
1639 5638 1821 5685 nostra

226 5724 345 5764 vero
371 5725 494 5767 cum
520 5711 771 5783 periculo
797 5724 1151 5782 susceperunt
1178 5731 1193 5770 :
1219 5715 1397 5788 itaque
1420 5720 1465 5774 si
1488 5735 1608 5776 cum
1632 5723 1823 5793 majori

228 5802 418 5859 ratione
448 5804 537 5860 illa
574 5802 908 5868 tenuissent,
929 5818 1050 5860 cum
1082 5814 1231 5864 tanto
1263 5819 1501 5885 tempore
1524 5814 1575 5868 in
1600 5814 1704 5872 illis
1736 5816 1817 5872 vi-

1743 347 1830 400 AD
1871 346 2026 400 (20R.
2072 347 2283 403 ΙΙΟΜΙΙ.
2349 349 2459 405 νη.
3152 418 3155 419 ν
3467 360 3533 414 66

1939 461 2165 527 xissent,
2192 479 2301 517 non
2325 465 2390 517 ab
2416 464 2518 520 illis
2536 464 2947 532 abscessissent,
2979 476 3100 522 Cum
3141 471 3376 524 maxime
3422 490 3527 527 non

1936 555 2137 623 absque
2161 557 2399 626 periculo
2433 558 2727 612 abscedere
2754 568 2994 627 possent.
3029 560 3320 632 Postquam
3348 580 3527 619 autem

1933 664 2000 704 ex
2033 648 2146 718 ipsa
2174 666 2352 703 rerum
2390 659 2580 704 natura
2608 660 2998 721 cognoverunt,
3027 654 3252 710 ridicula
3294 658 3378 710 illa
3407 673 3530 713 esse

1934 749 1988 792 et
2017 753 2203 794 errore
2233 740 2425 807 plena;
2458 740 2600 807 ideo,
2624 757 2744 796 cum
2773 743 2936 797 etiam
2967 746 3158 800 mortis
3179 747 3337 801 mina:
3366 748 3533 804 inten-

1937 836 2197 897 tarentur,
2229 845 2259 884 a
2286 832 2558 887 consuetis
2581 833 2908 899 resilierunt,
2936 844 2991 889 et
3017 836 3085 891 ad
3112 852 3249 893 nova
3275 842 3532 912 confuge-

1933 931 2079 988 runt,
2121 933 2306 991 utpote
2352 938 2474 979 cum
2527 924 2629 980 hoc
2683 925 2876 996 dogma
2932 929 3223 984 secundum
3279 942 3525 988 naturam

1932 1022 2097 1078 esset,
2129 1014 2259 1068 illud
2302 1030 2429 1070 vero
2473 1026 2670 1085 prmter
2696 1028 2962 1073 naturam.
2998 1020 3068 1075 At
3095 1021 3186 1090 qui
3212 1024 3527 1091 credebant,

1933 1102 2159 1173 inquies,
2179 1114 2335 1159 erant
2369 1106 2573 1171 famuli,
2603 1108 2878 1177 mulieres,
2910 1112 3168 1178 nutrices,
3207 1113 3527 1171 obstetrices

1931 1204 1987 1249 et
2009 1196 2261 1251 eunuchi.
2293 1201 2360 1253 At
2389 1214 2495 1253 non
2518 1215 2582 1255 ex
2622 1200 2706 1255 his
2733 1202 2908 1255 solum
2937 1202 3091 1259 nobis
3125 1205 3417 1261 constituta
3445 1216 3529 1262 est

1930 1284 2193 1352 Ecclesia,
2240 1289 2382 1358 quod
2415 1291 2598 1360 utique
2645 1301 2728 1346 est
2766 1293 3015 1348 omnibus
3058 1296 3399 1352 manifestum
3434 1315 3448 1351 :
3480 1299 3527 1354 si

1930 1385 2111 1431 autem
2155 1377 2224 1431 ab
2268 1377 2373 1442 his,
2408 1379 2508 1435 hoc
2569 1383 2801 1437 maxime
2859 1383 3297 1452 prtedicationem
3350 1387 3526 1441 admi-

1930 1466 2157 1522 rahilem
2202 1469 2417 1536 reddit,
2458 1471 2602 1541 quod
2651 1473 2779 1527 talia
2846 1473 3097 1544 dogmata
3126 1516 3143 1543 ,
3190 1492 3310 1547 qua:
3374 1479 3527 1535 Plato

1932 1570 1989 1617 et
2040 1564 2123 1619 sui
2183 1565 2442 1635 temporis
2499 1566 2590 1621 alii
2658 1569 2968 1639 excogitare
3029 1585 3136 1625 non
3194 1580 3523 1641 potuerunt,

1930 1657 2111 1710 statim
2156 1659 2430 1726 potuerint
2469 1660 2783 1729 piscatores,
2830 1663 3068 1718 omnium
3100 1664 3526 1725 indoctissimum

1928 1762 2119 1818 genus,
2142 1750 2208 1805 ad
2239 1752 2603 1820 recipiendum
2632 1754 2905 1811 inducere.
2938 1756 3120 1827 Neque
3140 1758 3303 1824 enim,
3327 1760 3371 1814 si
3395 1776 3527 1830 pru-

1929 1839 2179 1895 dentibus
2209 1842 2385 1897 solum
2432 1845 2849 1914 persuasissent,
2895 1846 3032 1902 adeo
3073 1848 3389 1906 admiranda
3437 1866 3528 1907 res

1931 1930 2118 1986 fuisset
2144 1949 2159 1986 :
2189 1947 2310 1987 cum
2337 1950 2468 1989 vero
2508 1935 2756 2003 famulos,
2792 1940 3030 1994 nutrices
3058 1950 3113 1995 et
3141 1942 3420 1998 eunuchos
3457 1943 3527 1999 ad

1931 2031 2132 2077 tantam
2160 2022 2481 2081 deduxerint
2508 2027 2927 2098 pltilOSOpltiam,
2961 2041 3019 2085 ut
3048 2032 3169 2087 illos
3193 2034 3397 2101 angelis
3426 2050 3525 2105 pa-

1931 2130 2019 2170 res
2048 2115 2294 2184 fecerint,
2329 2135 2575 2189 magnam
2607 2122 2889 2191 praebuere
2919 2124 3115 2180 divina:
3159 2127 3529 2196 inspirationis

1930 2206 2473 2267 demonstrationem.
2516 2213 2651 2268 Nam
2694 2216 2739 2269 si
2791 2216 2915 2270 vilia
2964 2218 3211 2287 quazdam
3251 2222 3530 2291 pr:ecepis-

1929 2309 2072 2367 sent,
2106 2309 2251 2356 esset
2296 2302 2435 2359 forte
2477 2306 2673 2359 rationi
2720 2318 3144 2364 consentaneum
3183 2326 3368 2367 eorum
3416 2330 3533 2383 per-

1930 2393 2237 2448 suasionem
2292 2394 2357 2449 ad
2417 2394 2890 2453 demonstrandam
2948 2399 3213 2455 dit-torum
3270 2404 3527 2459 vilitatem

1931 2484 2169 2551 proferre
2200 2500 2212 2535 :
2239 2483 2283 2538 si
2310 2495 2488 2540 autem
2532 2502 2720 2557 magna
2748 2498 2802 2543 et
2843 2490 3089 2544 sublimia
3135 2491 3530 2564 humanamque

1932 2584 2175 2627 naturam
2204 2574 2314 2630 fere
2339 2578 2670 2645 superantia,
2694 2593 2815 2647 quae
2841 2579 3055 2633 sublimi
3084 2594 3261 2636 mente
3284 2597 3418 2651 Opus
3443 2584 3531 2639 Ita-

1931 2666 2078 2733 bent,
2110 2667 2663 2738 philosophabamur;
2708 2686 2814 2741 quo
2842 2674 3011 2742 magis
3048 2674 3238 2728 stultus
3276 2678 3532 2734 ostendes

1929 2775 2024 2815 eos
2050 2762 2139 2832 qui
2170 2764 2409 2831 persuasi
2446 2772 2589 2830 sunt,
2639 2780 2705 2820 eo
2748 2766 2915 2837 magis
2960 2768 3231 2836 sapientes
3262 2780 3315 2823 et
3342 2770 3524 2825 divina

1929 2856 2100 2924 gratia
2131 2857 2366 2925 repletos
2406 2857 2659 2913 ostendes
2704 2873 2800 2913 eos
2841 2860 2931 2929 qui
2977 2872 3377 2929 persuaserunt.
3420 2864 3525 2920 S.-d

1932 2947 2297 3016 magnitudine
2354 2949 2780 3017 promissorum,
2833 2952 3062 3021 inquies,
3124 2968 3525 3023 persuaserunt.

1932 3038 2012 3090 An
2047 3037 2147 3092 hoc
2187 3038 2360 3107 ipsum
2406 3053 2512 3093 non
2565 3040 2797 3103 miraris,
2846 3042 3116 3109 quomodo
3161 3047 3527 3113 persuaserint

1932 3131 2058 3197 illis,
2090 3142 2145 3185 ut
2174 3141 2295 3201 post
2323 3142 2552 3187 mortem
2598 3135 2815 3203 prmmia
2844 3144 2898 3189 et
2931 3136 3208 3192 mercedes
3243 3150 3526 3209 exspecta-

1932 3225 2093 3279 rent?
2126 3225 2234 3293 Ego
2260 3240 2389 3280 vero
2416 3228 2514 3278 hac
2543 3225 2655 3293 ipsa
2695 3225 2763 3279 de
2807 3240 2865 3279 re
2904 3226 3247 3296 obstupesco.
3297 3230 3366 3284 At
3402 3230 3525 3298 hoc,

1932 3315 2163 3385 inquies,
2202 3331 2267 3371 ex
2308 3316 2574 3370 stultitia?
2604 3316 2869 3384 Quanam,
2911 3333 3095 3387 quaeso
3140 3328 3222 3384 te,
3276 3322 3523 3388 stultitia,

1930 3408 2071 3478 quod
2102 3407 2280 3461 anima
2313 3407 2629 3461 immortalis
2655 3408 2746 3473 sit,
2778 3416 2831 3462 et
2862 3407 3119 3477 judicium
3160 3411 3524 3482 incorruptum

1930 3508 2053 3567 post
2088 3497 2226 3552 hanc
2272 3499 2431 3553 vitam
2491 3513 2589 3552 nos
2635 3508 2986 3567 excepturum
3018 3510 3122 3565 est,
3181 3510 3236 3555 et
3286 3505 3524 3559 rationes

1932 3591 2240 3653 verborum.
2280 3606 2461 3646 rerum
2507 3599 2563 3645 et
2597 3591 2981 3659 cogitationum
3008 3591 3256 3648 dabimus
3298 3596 3407 3649 Deo
3435 3597 3523 3666 qui

1930 3680 2078 3735 novit
2102 3695 2321 3746 arcana,
2348 3690 2403 3734 et
2430 3681 2602 3736 malos
2631 3681 2847 3751 quidem
2876 3683 3111 3751 punitos,
3138 3683 3309 3739 bonos
3344 3694 3523 3740 autem

1926 3783 2214 3828 coronatos
2256 3772 2592 3829 videbimus?
2621 3776 2748 3832 Hmc
2793 3780 2938 3833 enim
2983 3795 3091 3835 non
3124 3782 3387 3851 stultitiae,
3418 3781 3512 3837 sed

1921 3864 2172 3917 maxima:
2204 3866 2559 3935 phil050phite
2588 3876 2733 3922 sunt.

1994 3952 2047 4007 9.
2081 3953 2191 4007 lloc
2223 3954 2406 4025 igitur,
2439 3956 2525 4011 die
2570 3959 2728 4026 mihi,
2759 3962 3044 4028 praesentia
3080 3977 3360 4032 spernere,
3402 3977 3520 4017 ma-

1922 4055 2080 4113 gnam
2128 4056 2241 4097 rem
2292 4057 2413 4098 esse
2466 4044 2720 4103 virtutem
2769 4058 2975 4117 putare.
3008 4066 3116 4105 non
3165 4053 3251 4106 hic
3295 4051 3517 4122 prmmia

1920 4149 2185 4205 qumrere,
2212 4135 2306 4191 sed
2352 4134 2581 4193 ulterius
2625 4152 2723 4207 spe
2770 4141 3041 4210 progredi,
3069 4142 3411 4212 animamque
3439 4142 3520 4197 sic

1921 4235 2261 4282 constantem
2294 4235 2350 4283 et
2391 4227 2447 4282 in
2478 4227 2582 4283 fide
2628 4229 2840 4285 ﬁrmam
2888 4240 3093 4297 tenere,
3125 4232 3194 4286 ita
3227 4239 3340 4287 uta
3370 4231 3516 4286 nullo

1923 4320 2188 4376 malorum
2220 4322 2567 4392 praesentium
2592 4323 2659 4378 ad
2683 4323 2915 4380 futuram
2955 4340 3107 4395 spem
3149 4325 3513 4395 impediatur:

1922 4412 2057 4479 hare,
2094 4415 2335 4483 inquam,
2381 4425 2596 4482 quantae
2644 4415 2844 4472 fuerint
2885 4416 3275 4487 phil050phite?
3302 4416 3408 4472 Sed
3437 4417 3519 4473 vis

1921 4503 2160 4574 ipsorum
2184 4509 2579 4577 promissorum
2602 4520 2657 4566 et
2684 4509 3093 4581 prmdictionum
3120 4510 3226 4565 vim
3251 4509 3518 4576 ediscere,

1920 4609 1976 4655 et
2006 4602 2287 4657 veritatem
2318 4618 2506 4659 eorum
2553 4619 2673 4676 qua:
2702 4613 3129 4676 praecesserunt,
3162 4614 3217 4661 et
3246 4620 3366 4677 qua:
3400 4614 3525 4675 post

1924 4692 2096 4747 futura
2121 4696 2286 4751 sunt?
2315 4696 2450 4754 Vide
2477 4699 2608 4754 mihi
2630 4708 2875 4755 catenam
2903 4714 3123 4755 auream
3151 4699 3299 4755 varie
3324 4699 3393 4755 ab
3421 4699 3525 4754 ini-

1922 4786 1999 4840 tio
2028 4802 2350 4843 eonnexam.
2373 4789 2515 4844 Dixit
2544 4792 2650 4847 illis
2680 4794 2923 4863 quaedam
2946 4792 3015 4849 de
3034 4794 3216 4864 seipso
3244 4802 3302 4849 et
3325 4793 3395 4848 de
3424 4792 3528 4848 Ec-

1922 4878 2101 4934 clesiis
2124 4878 2301 4951 deque
2326 4882 2518 4938 futuris
2549 4884 2744 4952 rebus;
2778 4894 2832 4940 et
2864 4886 2979 4941 haec
3005 4886 3237 4943 dicendo
3266 4885 3522 4942 miracula

1922 4971 2137 5026 edebat.

1994 5063 2185 5119 Christi
2230 5066 2466 5123 doctrina
2505 5078 2552 5124 et
2604 5070 2867 5125 miraculis
2913 5088 2980 5127 ex
3020 5088 3084 5127 ea:
3130 5072 3525 5142 prwdictionum

1922 5165 2101 5211 eventu
2131 5160 2397 5214 casei-itur.
2418 5162 2583 5217 —Ex
2612 5175 2807 5218 eventu
2840 5180 2972 5235 ergo
3001 5182 3212 5229 eorum,
3232 5182 3353 5237 qua:
3382 5182 3525 5237 prae-

1923 5252 2064 5305 dicta
2094 5264 2240 5319 sunt,
2276 5256 2560 5325 perspicua
2595 5268 2716 5311 sunt
2748 5268 2801 5312 et
2831 5260 3085 5314 miracula
3117 5271 3169 5314 et
3198 5259 3372 5316 futura
3402 5276 3525 5332 pro-

1925 5346 2109 5399 missa.
2142 5344 2207 5401 Ut
2240 5357 2419 5403 autem
2448 5348 2650 5404 clarius
2693 5350 2763 5404 sit
2812 5349 2887 5417 id,
2918 5351 3059 5421 quod
3092 5351 3292 5407 dictum
3323 5363 3428 5417 est,
3459 5369 3525 5408 ex

1925 5436 2058 5506 ipsis
2101 5438 2261 5492 rebus
2313 5440 2440 5494 illud
2487 5442 2874 5512 comprobabo.
2925 5444 3215 5499 Suscitavit
3262 5444 3525 5500 Lazarum

1922 5529 2040 5583 solo
2091 5530 2277 5596 verbo,
2311 5540 2363 5586 et
2411 5532 2591 5586 vivum
2635 5533 2869 5589 ostendit
2904 5535 3077 5589 :dixit
3113 5551 3320 5602 rursus,
3352 5536 3526 5590 Porta:

1922 5622 2076 5693 inferi
2099 5640 2197 5677 non
2227 5625 2575 5694 prtm'alebunt
2602 5627 2845 5681 adversus
2871 5626 3155 5681 Ecclesium
3188 5627 3405 5700 (Matth.
3438 5628 3523 5679 16.

1927 5713 2050 5784 18);
2080 5723 2156 5780 et,
2185 5716 2283 5780 Qui
2313 5717 2519 5785 reliquit
2561 5727 2759 5788 patrem
2784 5728 2831 5771 et
2855 5730 3090 5783 matrem,
3114 5717 3407 5786 centuplum
3432 5731 3528 5771 ac-

1923 5807 2073 5875 cipiet
2122 5807 2175 5860 in
2225 5805 2319 5861 hoc
2364 5810 2587 5876 sccculo,
2638 5817 2684 5861 et
2733 5809 2890 5862 vitam
2937 5816 3184 5863 wternam
3240 5807 3521 5879 possidebit
