4086 6416
629 332 693 389 ϐἿ
1370 327 1424 383 5.
1463 325 1739 383 JOANNIS
1776 322 2252 382 CIIRYSOSTOMI
2294 325 2611 389 ARCIIIEP.
2652 333 3183 394 CONSTANTINOP.
3847 355 3913 413 σε

626 442 840 511 (Matth.
876 440 962 496 l9.
988 440 1104 509 29).
1139 439 1281 511 Ergo
1310 439 1628 493 miraculum
1658 437 1874 508 quidem
1915 447 1996 494 est
2028 454 2216 498 unum.

627 548 819 605 nempe
838 531 1023 586 Lazari
1048 548 1062 596 ;
1087 529 1463 597 prmdictioues
1479 544 1609 581 vero
1631 527 1774 593 diue,
1800 544 2025 598 quarum
2049 529 2218 584 altera

626 625 713 681 hic
729 635 941 680 ostensa
957 633 1057 687 est,
1073 623 1237 677 altera
1257 621 1306 675 in
1325 620 1503 674 futuro
1521 619 1641 674 erit.
1661 619 1951 674 Considera
1968 619 2215 674 ntomnia

625 716 766 770 inter
778 732 835 769 se
848 722 1153 785 comparata
1173 709 1544 781 probantur.Si
1558 711 1679 780 quis
1689 711 1831 766 enim
1852 725 1957 763 non
1972 714 2218 765 crederet

552 836 555 837 ν
622 808 935 861 suscitatum
958 805 1123 875 fuisse
1136 803 1418 868 Lazarum,
1436 818 1501 857 ex
1524 802 1869 871 przedictione
1886 818 2004 872 qua:
2021 802 2089 857 de
2112 802 2218 856 Isc-

619 898 783 951 clesia
801 897 938 951 dicta
955 904 1056 961 est,
1076 894 1260 949 credat
1274 894 1535 949 miraculo
1556 910 1568 945 :
1590 910 1710 948 nam
1729 894 1871 964 quod
1891 904 1964 949 tot
1978 904 2102 949 ante
2117 910 2213 949 an-

620 1006 717 1043 nos
733 989 1044 1059 prcedictum
1064 989 1255 1055 fuerat,
1270 997 1397 1044 tunc
1412 989 1592 1044 evenit
1605 998 1657 1044 et
1673 989 1832 1044 finem
1847 991 2074 1060 accepit.
2090 990 2215 1045 Por-

619 1088 685 1134 ta:
707 1081 848 1135 enim
880 1080 1034 1136 inferi
1053 1080 1313 1135 adversus
1335 1080 1628 1135 Ecclesium
1661 1095 1767 1134 non
1791 1080 2209 1150 prievaluerunt.

613 1170 715 1239 Qui
746 1186 876 1241 ergo
902 1173 954 1227 in
985 1172 1337 1243 przedictione
1364 1172 1644 1227 veritatem
1680 1172 1835 1238 dixit,
1868 1173 2209 1243 perSpicuum

614 1272 696 1317 est
722 1263 864 1333 quod
895 1268 1058 1319 etiam
1088 1262 1403 1318 miraculum
1435 1262 1624 1317 fecerit
1656 1279 1671 1317 :
1704 1263 1795 1332 qul
1824 1278 1952 1317 vero
1983 1263 2209 1318 miracu-

612 1354 722 1407 lum
761 1352 946 1419 edidit,
979 1364 1034 1408 et
1072 1354 1161 1424 qui
1189 1369 1252 1408 ea
1281 1369 1401 1422 quae
1429 1353 1639 1408 dixerat
1666 1354 1731 1408 ad
1762 1353 1925 1409 finem
1955 1353 2200 1420 deduxit,

614 1443 784 1510 palam
816 1452 900 1498 est
925 1443 1067 1513 quod
1094 1444 1254 1497 etiam
1280 1443 1331 1496 in
1360 1443 1710 1513 prmdictione
1740 1442 2042 1499 futurorum
2074 1459 2203 1499 vera

608 1531 776 1594 dieat.
808 1548 1023 1603 nempe,
1070 1533 1376 1602 Centuplum
1406 1534 1635 1603 recipiet,
1678 1543 1726 1586 et
1764 1534 1919 1587 vitam
1963 1544 2206 1587 veternum

612 1624 883 1693 possidebit
914 1625 976 1691 is,
1011 1625 1101 1695 qui
1143 1625 1424 1694 przescntia
1466 1624 1712 1693 despicit.
1753 1623 1882 1692 Qua:
1921 1624 2063 1678 enim
2091 1624 2201 1693 jam

610 1713 745 1769 facta
774 1721 831 1769 et
854 1714 993 1768 dicta
1018 1724 1162 1778 sunt,
1197 1715 1249 1768 in
1284 1715 1507 1785 pignora
1550 1714 1780 1768 maxima
1826 1713 1976 1769 dedit
2015 1728 2201 1768 eorum

607 1822 726 1875 qua:
754 1817 1012 1862 eventura
1038 1816 1183 1862 sunt.
1225 1807 1349 1862 llaec
1380 1809 1558 1876 itaque
1587 1807 1768 1861 omnia
1796 1814 1850 1861 et
1891 1805 1977 1859 his
2004 1806 2199 1860 similia

605 1915 672 1955 ex
706 1898 1006 1967 Evangeliis
1032 1899 1349 1969 colligentes
1380 1898 1512 1968 ipsis
1539 1897 1806 1961 dicamus,
1856 1896 2066 1966 illisque
2105 1910 2197 1951 ora

605 1991 968 2044 ohstruamus.
1022 1988 1079 2045 Si
1132 1989 1252 2059 quis
1294 2003 1423 2043 vero
1467 1987 1664 2043 dixerit
1697 2006 1711 2042 :
1740 1985 2021 2055 Quomodo
2070 2000 2199 2056 ergo

603 2081 821 2137 tandem
862 2096 967 2135 non
1012 2081 1311 2135 exstinctus
1341 2079 1438 2134 fuit
1475 2079 1666 2134 error?
1710 2079 1813 2133 hoc
1851 2077 2148 2133 dixerimus
2179 2096 2193 2132 :

605 2175 712 2230 Vos
742 2174 792 2228 in
824 2187 984 2228 causa
1013 2172 1166 2239 estis,
1196 2172 1285 2242 qui
1310 2171 1569 2226 adversus
1597 2171 1823 2225 salutem
1855 2178 2086 2224 vestram
2113 2184 2199 2225 se-

598 2267 830 2322 ditiones
866 2264 1077 2336 agitatis
1109 2282 1122 2317 :
1155 2280 1275 2318 nam
1319 2264 1462 2318 Deus
1507 2278 1593 2318 res
1634 2264 1704 2318 ita
1749 2262 2105 2333 dispensavit,
2140 2270 2197 2316 ut

596 2371 667 2411 ne
691 2356 929 2426 reliquite
977 2355 1192 2425 quidem
1249 2354 1538 2424 impietatis
1586 2364 1858 2410 maneant.
1911 2353 1987 2408 Ea
2035 2368 2185 2423 ergo,

596 2462 716 2514 qua:
740 2446 880 2503 dicta
923 2455 1068 2512 sunt,
1102 2446 1282 2514 paucis
1314 2455 1643 2515 repetamus.
1684 2445 1938 2513 Quaenam
1971 2456 2053 2500 est
2098 2446 2194 2500 ha-

594 2552 713 2590 rum
758 2552 937 2592 rerum
986 2536 1213 2591 natura?
1250 2553 1374 2597 num
1405 2545 1464 2590 ut
1511 2536 1765 2591 imbecilli
1813 2545 2191 2607 superentura

594 2626 924 2697 potentibus,
955 2641 1022 2680 an
1051 2626 1254 2682 secus?
1284 2625 1373 2695 qui
1411 2625 1583 2682 facilia
1620 2626 1827 2692 dicunt,
1859 2643 1928 2682 an
1968 2629 2058 2699 qui
2088 2628 2190 2682 dif-

596 2714 858 2771 ﬁciliora?
886 2717 973 2785 qui
1001 2732 1121 2771 cum
1150 2717 1402 2785 periculis
1425 2718 1722 2783 attrahunt,
1752 2733 1819 2772 an
1848 2719 1937 2790 qui
1963 2721 2191 2775 secure?

591 2808 680 2877 qui
708 2808 985 2874 innovant,
1013 2823 1079 2861 an
1110 2809 1200 2877 qui
1226 2809 1673 2865 consuetudinem
1715 2808 1926 2864 firmant
1948 2809 1972 2863 ‘I
1997 2810 2085 2879 qui
2134 2811 2185 2866 in

591 2913 837 2969 asperam
859 2898 1000 2953 viam
1022 2897 1245 2964 ducunt,
1275 2914 1342 2954 an
1373 2900 1464 2969 qui
1487 2900 1539 2954 in
1570 2899 1829 2955 facilem?
1857 2901 1892 2954 ii
1917 2901 2010 2970 qui
2035 2916 2064 2953 a
2098 2917 2190 2969 pa—

592 2991 710 3045 triis
755 2990 1015 3044 institutis
1060 2989 1356 3055 abducunt,
1388 3004 1456 3043 an
1503 2989 1538 3044 ii
1581 2990 1672 3059 qui
1716 3005 1822 3045 non
1871 2992 2187 3060 peregrinas

588 3079 736 3150 leges
771 3080 1047 3134 statuunt?
1075 3079 1109 3133 ii
1141 3080 1231 3149 qui
1279 3088 1561 3149 postquam
1594 3079 1719 3135 hinc
1761 3080 2185 3136 abscesserimus

586 3171 766 3226 omnia
797 3170 938 3226 bona
978 3170 1321 3241 pollicentur,
1366 3184 1433 3225 an
1474 3171 1508 3225 ii
1551 3172 1640 3241 qui
1673 3171 1724 3225 in
1772 3172 2027 3241 praesenti
2075 3173 2183 3228 vita

586 3264 909 3320 adulantur?
937 3263 1089 3319 multi
1119 3278 1149 3318 a
1172 3264 1382 3334 paucis,
1412 3279 1480 3319 an
1506 3264 1658 3333 pauci
1683 3282 1711 3318 ει
1741 3265 1961 3319 multis?
1992 3266 2058 3319 At
2088 3281 2183 3321 vos

2325 443 2505 510 etiam,
2538 444 2765 517 inquies,
2795 447 2883 504 hic
2904 452 3241 519 promisistis.
3261 452 3396 521 Quid
3422 454 3507 513 hic
3527 459 3901 528 promisimus!

2323 533 2670 592 Peccatorum
2715 542 3092 597 remissionem
3131 554 3186 599 et
3227 546 3499 602 lavacrum
3542 555 3907 620 regeneratio-

2322 628 2424 682 nis.
2453 627 2587 683 Vere
2615 630 2833 699 quidem
2866 633 3129 703 baptisma
3158 637 3276 706 plus
3308 639 3468 695 habet
3506 641 3632 697 boni
3670 645 3719 699 in
3762 644 3910 702 futu-

2320 716 2413 772 ris.
2450 718 2516 772 Et
2556 719 2751 776 Paulus
2784 723 2982 778 clamat
3021 725 3205 781 dicens
3239 746 3254 782 :
3287 729 3479 785 Mortui
3519 734 3651 787 enim
3691 739 3830 804 estis,
3856 752 3905 797 et

2316 808 2417 861 vita
2443 819 2605 863 vestra
2624 811 2919 868 abscondita
2947 824 3021 868 est
3046 832 3163 870 cum
3187 818 3388 875 Clu-isto
3415 823 3467 877 in
3497 824 3625 880 Deo.
3661 828 3787 883 Cant
3812 848 3908 884 au-

2317 908 2414 953 tem
2437 901 2537 955 vita
2558 912 2719 957 vestra
2749 907 3076 977 manifestata
3099 911 3273 980 fuerit,
3318 922 3435 968 tunc
3460 926 3507 969 et
3535 933 3621 971 vos
3653 936 3768 974 eum
3795 923 3906 992 ipso

2313 994 2625 1063 apparebitis
2647 994 2700 1049 in
2726 996 2891 1066 gloria
2923 997 3059 1070 (Col.
3089 1001 3140 1056 '5.
3167 1002 3224 1057 5.
3253 1004 3335 1074 4).
3364 1003 3421 1061 Si
3443 1016 3623 1063 autem
3654 1011 3739 1065 hic
3765 1029 3898 1082 quo-

2312 1082 2602 1154 que'habet
2628 1086 2791 1152 bona,
2820 1098 2877 1143 ut
2914 1099 3061 1146 certe
3097 1090 3277 1162 habet,
3320 1105 3374 1151 et
3418 1097 3521 1153 hoc
3549 1116 3763 1170 queque
3794 1119 3904 1159 ma-

2310 1189 2473 1244 gnum
2505 1185 2587 1230 est
2614 1177 2955 1244 miraculum,
2988 1182 3128 1252 quod
3159 1187 3431 1254 potuerint
3460 1193 3785 1259 persnadvre
3812 1194 3897 1261 iis,

2309 1268 2398 1334 qui
2430 1266 2566 1319 mala
2596 1268 2833 1322 fecerant
2861 1270 3160 1340 innumera,
3194 1283 3251 1329 et
3289 1278 3431 1346 quod
3469 1294 3630 1334 netno
3659 1283 3796 1337 alius
3826 1284 3900 1340 fc-

2308 1368 2476 1419 cerat,
2507 1357 2623 1413 fore
2652 1368 2709 1413 ut
2733 1362 2913 1416 omnia
2934 1361 3300 1432 abluerentur,
3327 1377 3382 1422 et
3409 1372 3606 1426 nullius
3633 1375 3899 1431 scelerum

2308 1464 2527 1505 suorum
2554 1452 2816 1508 rationem
2846 1465 3029 1512 essent.
3052 1459 3333 1514 reddituri.
3363 1461 3546 1534 Itaque
3563 1480 3622 1519 ea
3645 1468 3711 1522 de
3738 1485 3898 1525 causa

2308 1545 2540 1599 maxime
2568 1543 2819 1601 admirari
2859 1550 3163 1617 oportebat,
3207 1552 3350 1622 quod
3386 1553 3627 1612 barbaris
3657 1558 3893 1616 homini-

2308 1632 2405 1689 bus
2431 1637 2817 1705 persuaserint,
2848 1648 2907 1694 ut
2940 1640 3100 1695 talem
3137 1640 3298 1697 ﬁdem
3334 1645 3690 1715 susciperent,
3725 1660 3779 1703 et
3803 1650 3899 1705 bo-

2306 1742 2427 1780 nam
2463 1727 2530 1783 de
2563 1728 2752 1783 futuris
2779 1745 2929 1798 spem
2977 1731 3254 1799 haberent,
3294 1749 3357 1787 ac
3385 1735 3623 1805 deposita
3657 1740 3894 1808 priorum

2306 1826 2646 1886 peccatorum
2694 1821 2939 1889 sarcina,
2988 1838 3109 1877 cum
3166 1839 3356 1894 magna
3400 1828 3564 1882 animi
3618 1830 3894 1885 alacritate

2301 1911 2496 1967 deinde
2521 1928 2617 1981 pro
2643 1913 2839 1968 virtute
2861 1914 3075 1971 labores
3102 1918 3459 1987 susciperent,
3490 1929 3545 1976 et
3579 1921 3647 1976 ad
3674 1924 3893 1980 sensilia

2302 2003 2446 2057 nulla
2482 2004 2770 2069 inhiarent,
2819 2008 3177 2080 omnibusque
3208 2013 3485 2080 corporeis
3528 2014 3689 2070 rebus
3727 2032 3890 2086 supe-

2301 2094 2473 2150 riores
2501 2095 2697 2161 effecti,
2725 2098 3019 2168 spiritualia
3046 2102 3355 2172 acciperent
3387 2103 3527 2160 dona
3561 2124 3575 2159 :
3606 2122 3670 2164 ac
3705 2108 3889 2176 Persa,

2299 2186 2565 2253 Sarmata,
2598 2187 2813 2244 Maurus
2854 2197 2910 2245 et
2950 2189 3132 2259 Indus,
3174 2192 3374 2248 scirent
3400 2195 3591 2250 anima:
3630 2199 3893 2267 expiatio-

2298 2291 2443 2343 nem,
2490 2278 2583 2334 Dei
2635 2280 2964 2350 potentiam,
3009 2290 3064 2336 et
3108 2282 3490 2353 benignitatem
3540 2287 3884 2354 ineffabilem,

2298 2369 2418 2424 fidei
2446 2369 2865 2439 philosophiam,
2895 2369 3129 2440 Spiritus
3154 2375 3324 2427 sancti
3349 2375 3656 2440 adventum,
3695 2394 3887 2449 corpo-

2296 2476 2416 2515 rum
2473 2460 2948 2526 resurrectionem,
3001 2471 3057 2517 et
3095 2463 3215 2517 vita:
3253 2464 3571 2522 immortaus
3614 2468 3886 2539 dogmata.

2294 2552 2420 2607 llare
2449 2551 2647 2623 quippe
2682 2551 2861 2606 omnia
2899 2561 2954 2606 et
2994 2553 3076 2606 his
3109 2555 3258 2622 plura
3303 2556 3652 2612 barbarorum
3691 2576 3889 2630 genera

2295 2644 2588 2713 piscatores
2642 2643 2693 2697 in
2741 2642 3009 2714 baptismo
3057 2647 3330 2716 mysteriis
3377 2649 3672 2717 initiantcs,
3711 2653 3888 2722 philo-

2291 2734 2510 2805 sophari
2552 2743 2862 2789 suaserunt.
2894 2733 3021 2788 llaec
3049 2735 3228 2806 itaque
3267 2739 3445 2791 omnia
3481 2752 3734 2797 accurate
3777 2759 3889 2797 ser-

2290 2838 2500 2893 vantes,
2545 2826 2633 2882 illa
2682 2827 2762 2882 eis
2809 2826 3073 2893 dicamus,
3120 2839 3175 2882 et
3219 2843 3247 2882 a
3299 2829 3403 2884 vita
3448 2846 3660 2901 quoque
3706 2844 3888 2895 nostra

2291 2919 2808 2977 demonstrationem
2867 2933 3083 2975 rursum
3151 2919 3280 2990 ipsis
3328 2920 3723 2989 exhibeamus,
3780 2940 3886 2995 quo

2290 3016 2540 3084 utrinque
2587 3023 2643 3067 et
2691 3028 2790 3067 tios
2830 3014 3061 3068 salutem
3101 3028 3497 3083 consequamur
3540 3026 3596 3071 et
3647 3018 3771 3073 illos
3819 3020 3884 3074 ad

2292 3105 2386 3161 Dei
2410 3105 2634 3175 gloriam
2662 3103 2997 3159 attrahamus
3028 3121 3041 3157 :
3071 3104 3195 3174 quia
3232 3105 3333 3174 ipsi
3362 3115 3444 3162 est
3487 3107 3657 3177 gloria
3702 3111 3757 3165 in
3784 3124 3886 3166 sa:-

2288 3197 2431 3252 CuIa.
2463 3197 2656 3251 Amen.

1983 3468 2328 3530 HOMILIA
2379 3469 2546 3529 Vlll.

598 3611 726 3667 CAP.
759 3613 813 3667 '5.
843 3627 896 3666 v.
928 3612 978 3666 l.
1010 3610 1074 3664 Et
1115 3628 1241 3683 ego.
1282 3613 1496 3681 fratres,
1539 3628 1641 3665 non
1684 3612 1825 3680 potui
1868 3613 2004 3666 vobis
2046 3610 2183 3682 loqui

656 3711 711 3755 ut
740 3701 1109 3771 spiritualibus,
1139 3700 1227 3755 sed
1254 3711 1307 3754 ut
1333 3701 1642 3763 carnalibus,
1673 3712 1928 3771 tamquam
1953 3704 2179 3772 parvulis

658 3793 710 3845 in
738 3791 958 3848 Christo.
988 3792 1041 3846 2.
1077 3791 1182 3845 Lac
1209 3790 1346 3845 vobis
1379 3801 1552 3860 potum
1581 3791 1733 3858 dedi,
1763 3802 1807 3845 et
1839 3809 1940 3846 non
1968 3810 2134 3847 escam
2161 3809 2179 3846 :

660 3885 885 3936 nondum
906 3884 1036 3936 enim
1055 3885 1315 3953 poteratis.
1340 3882 1447 3938 Sed
1471 3899 1532 3937 ne
1549 3900 1681 3937 nunc
1698 3884 1897 3955 quidem
1925 3886 2129 3954 potestis
2154 3902 2172 3939 :

661 3975 831 4029 adhuc
859 3976 989 4029 enim
1023 3975 1254 4030 carnales
1280 3976 1415 4030 estis.

657 4069 712 4122 1.
743 4067 875 4122 Cum
924 4076 1202 4122 externam
1255 4066 1577 4137 sapientiam
1609 4067 1939 4124 confutassct
1964 4110 1979 4135 ,
2012 4079 2066 4125 et
2098 4069 2179 4124 fa-

581 4168 724 4215 stum
753 4164 869 4229 ejus
896 4174 1112 4215 onmem
1145 4157 1431 4228 deiecisset
1452 4201 1467 4225 ,
1508 4159 1572 4213 ad
1606 4160 1747 4214 aliud
1793 4170 2175 4231 argumentum

580 4252 746 4306 venit.
794 4251 925 4305 Nam
975 4252 1271 4307 verisimile
1300 4262 1382 4307 est
1427 4253 1547 4307 illos
1586 4252 1826 4308 dicturos
1872 4253 2075 4308 fuisse:
2120 4253 2177 4307 Si

581 4342 843 4409 Platonis,
872 4350 964 4396 aut
990 4342 1330 4413 Pythagorze,
1362 4350 1454 4396 aut
1479 4341 1758 4412 cujusdam
1789 4343 2009 4398 alterius
2041 4344 2177 4414 phi-

581 4432 792 4503 losOphi
851 4433 992 4488 dicta
1040 4433 1520 4493 annuntiaremus.
1570 4434 1693 4503 jure
1740 4434 1812 4489 ita
1863 4435 2077 4506 longam
2123 4437 2174 4490 in

581 4542 681 4580 nrs
722 4527 1043 4580 instituisses
1074 4527 1370 4582 orationem
1399 4545 1413 4581 :
1443 4525 1487 4581 si
1536 4535 1715 4582 autem
1763 4542 1827 4584 ea
1883 4544 2003 4599 qua:
2052 4540 2178 4584 sunt

580 4620 814 4688 Spiritus
843 4620 1259 4685 annuutianms,
1286 4633 1383 4674 cur
1428 4628 1706 4674 externam
1744 4622 2059 4689 sapientiam
2086 4637 2178 4678 sus

581 4711 756 4780 deque
799 4711 1022 4766 versas?
1066 4710 1348 4780 Quomodo
1379 4721 1557 4765 autem
1605 4711 1708 4766 hic
1740 4713 1968 4783 repellat
2008 4714 2173 4770 audi:

585 4800 651 4854 Et
691 4819 780 4873 ego
801 4843 817 4868 ,
843 4805 1027 4874 fratres
1047 4845 1059 4867 ,
1084 4819 1183 4856 non
1216 4803 1358 4872 potui
1383 4804 1518 4857 vobis
1560 4804 1696 4874 loqui
1722 4816 1774 4858 ut
1801 4804 2171 4873 spiritualibus.

584 4895 727 4950 Sane
748 4896 961 4966 quidem
978 4896 1183 4951 etiamsi
1207 4895 1425 4967 perfecti
1448 4899 1661 4965 essetis,
1684 4898 1879 4968 inquit,
1907 4910 1959 4955 et
1989 4900 2040 4953 in
2067 4901 2174 4971 spi-

585 4990 881 5053 ritualibus,
902 5005 1075 5059 neque
1097 4990 1175 5045 sic
1199 4998 1472 5059 oporteret
1491 4991 1702 5056 efferri;
1729 5007 1901 5061 neque
1916 4993 2058 5047 enim
2084 5010 2176 5049 ve-

583 5094 688 5138 stra
713 5081 1062 5145 annuntiatis,
1083 5098 1255 5151 neque
1272 5097 1332 5136 ea
1350 5098 1468 5152 quae
1487 5082 1586 5151 ipsi
1605 5098 1669 5136 ex
1689 5082 1844 5137 vobis
1863 5084 2170 5140 invenistis:

584 5190 723 5231 nunc
750 5186 925 5230 autem
954 5191 1126 5240 neque
1150 5175 1235 5227 illa
1267 5175 1415 5229 scitis
1441 5183 1495 5228 ut
1521 5176 1662 5230 scire
1689 5185 1934 5244 Oportet,
1964 5175 2058 5230 sed
2081 5176 2172 5231 di-

580 5269 770 5335 scipuli
803 5267 934 5322 estis
961 5276 1014 5322 et
1041 5267 1280 5321 omnium
1312 5267 1592 5335 postremi.
1620 5267 1800 5337 Itaque
1825 5268 1869 5321 si
1896 5267 1963 5322 de
1991 5278 2169 5323 exter-

584 5374 647 5414 na
693 5357 907 5428 quidem
956 5359 1220 5427 sapientia
1261 5358 1425 5412 altum
1472 5359 1689 5425 sapitis,
1732 5358 1845 5427 jam
1890 5361 2168 5426 probatum

581 5460 662 5505 est
687 5450 828 5503 illam
858 5449 991 5502 nihil
1016 5464 1136 5504 esse
1159 5491 1171 5511 ,
1197 5450 1290 5505 sed
1319 5460 1367 5503 et
1393 5451 1445 5503 in
1477 5450 1845 5518 spiritualibus
1867 5449 2023 5505 nobis
2046 5467 2167 5507 esse

578 5540 904 5597 contrariam
933 5557 946 5592 ε
978 5540 1022 5594 si
1052 5550 1232 5596 autem
1254 5540 1321 5594 de
1351 5540 1737 5609 Spiritualibus,
1766 5542 1817 5594 in
1841 5542 1926 5595 his
1953 5557 2170 5612 quoque

579 5630 721 5699 quod
751 5631 928 5684 minus
964 5639 1047 5707 est
1080 5630 1286 5685 habetis
1307 5672 1323 5697 ,
1355 5639 1410 5685 et
1445 5633 1586 5687 inter
1613 5632 1830 5686 ultimos
1861 5632 2012 5687 estis.
2045 5633 2170 5688 Ideo

582 5721 690 5784 ait,
723 5719 842 5773 Non
870 5722 1008 5789 potui
1035 5721 1172 5776 vobis
1201 5714 1337 5790 loqui
1365 5732 1421 5775 ut
1456 5722 1827 5791 spiritualibus.
1860 5723 1973 5778 Non
2005 5723 2166 5789 dixit,

584 5807 700 5863 Non
729 5810 978 5881 loquutus
1006 5827 1146 5880 sum,
1171 5828 1237 5868 ne
1264 5813 1537 5870 videretur
1555 5828 1620 5871 ex
1656 5815 1852 5870 invidia
1874 5831 1987 5872 rem
2008 5829 2162 5882 esse;

2301 3612 2395 3666 sed
2428 3610 2711 3681 dupliciter
2741 3611 2953 3667 illorum
2996 3626 3214 3668 sensum
3250 3615 3484 3670 evertit:
3519 3631 3625 3671 uno
3668 3618 3882 3687 quidem

2290 3703 2453 3759 modo
2479 3702 2801 3769 ostendens,
2834 3702 2978 3774 quod
3012 3704 3248 3774 perfecta
3289 3708 3567 3771 nesciant;
3591 3710 3765 3765 altero
3792 3725 3883 3763 au-

2294 3807 2438 3859 tem,
2469 3794 2612 3866 quod
2662 3795 2763 3865 ipsi
2796 3795 2848 3849 in
2899 3809 3061 3851 causa
3092 3797 3201 3851 sint
3229 3798 3372 3867 quod
3417 3779 3693 3866 nesciant;
3729 3800 3882 3855 tertio

2289 3886 2487 3952 etiam,
2519 3886 2659 3956 quod
2701 3887 2950 3942 ostendat
2987 3887 3111 3942 illos
3150 3903 3218 3943 ne
3264 3904 3405 3944 nunc
3450 3890 3666 3960 quidem
3696 3904 3873 3962 posse.

2287 3975 2420 4032 Nam
2466 3976 2606 4047 quod
2642 3977 2793 4031 initio
2833 3991 2939 4032 non
2973 3979 3280 4048 potuerint,
3316 3995 3381 4034 ex
3414 3991 3602 4035 natura
3651 3979 3879 4037 fortasse

2289 4069 2366 4123 rei
2411 4077 2565 4122 erat:
2597 4084 2921 4137 quamquam
2968 4084 3037 4123 ne
3081 4068 3221 4125 hanc
3264 4070 3481 4139 quidem
3514 4073 3618 4127 illis
3663 4073 3877 4143 reliquit

2288 4157 2677 4215 defensionem.
2720 4159 2837 4213 Non
2866 4160 3009 4215 enim
3039 4159 3168 4214 dicit
3193 4160 3315 4215 illos
3346 4162 3469 4217 ideo
3494 4164 3743 4219 sublimia
3773 4179 3874 4217 non

2293 4251 2633 4321 suscepisse,
2680 4251 2824 4320 quod
2872 4266 2978 4305 non
3024 4261 3241 4321 possent
3278 4254 3584 4324 suscipere,
3630 4256 3726 4309 sed
3757 4255 3872 4325 quia

2285 4342 2532 4397 carnales
2576 4351 2751 4397 erant.
2785 4342 2980 4396 Verum
3010 4343 3062 4396 in
3097 4344 3361 4413 principio
3399 4346 3615 4415 quidem
3647 4346 3729 4402 sic
3766 4362 3868 4401 nun

2286 4431 2479 4488 fuisset
2501 4432 2923 4501 reprehensione
2944 4432 3193 4502 dignum;
3225 4433 3321 4489 sed
3347 4449 3470 4489 cum
3499 4443 3703 4491 tantum
3731 4436 3869 4492 efflu-

2286 4523 2453 4578 xisset
2482 4532 2725 4593 tempus,
2768 4522 3003 4577 nondum
3035 4523 3103 4577 ad
3153 4522 3475 4593 perfectiora
3526 4529 3867 4597 pervenisse,

2286 4615 2338 4670 id
2361 4624 2617 4671 extremas
2643 4624 2760 4670 erat
2789 4615 3035 4685 ignavim.
3065 4616 3174 4671 liae
3204 4632 3418 4687 quoque
3438 4617 3505 4674 de
3536 4633 3596 4673 re
3621 4619 3868 4674 Hebrazos

2284 4718 2534 4775 accusat,
2566 4708 2659 4763 sed
2702 4725 2806 4762 non
2838 4724 2959 4763 cum
3002 4718 3153 4765 tanta
3192 4709 3553 4765 vehementia.
3593 4710 3724 4765 Natu
3754 4710 3866 4764 illos

2283 4801 2498 4871 quidem
2525 4800 2655 4855 dicit
2678 4801 2747 4853 ob
2788 4800 3163 4855 tribulationes
3195 4802 3326 4855 tales
3357 4816 3478 4856 esse
3498 4842 3514 4866 ,
3562 4801 3661 4857 hos
3691 4811 3863 4857 autem

2284 4894 2354 4949 ob
2386 4895 2636 4963 nequitire
2666 4893 2994 4948 desiderium
3020 4912 3033 4947 :
3070 4894 3171 4948 hoc
3199 4903 3378 4948 autem
3411 4904 3461 4950 et
3488 4894 3623 4950 illud
3651 4912 3756 4948 non
3783 4893 3861 4946 ἰη-

2282 4997 2365 5042 ter
2394 5003 2451 5043 se
2481 4988 2628 5058 paria
2659 4996 2801 5041 sunt.
2836 4987 2903 5041 Et
2930 4987 3161 5041 ostendit
3194 5003 3253 5042 se
3284 4988 3405 5042 illos
3448 4990 3662 5058 quidem
3695 4990 3863 5042 incre-

2282 5093 2428 5149 pare,
2456 5080 2556 5133 hns
2583 5090 2759 5134 autem
2786 5080 2954 5149 magis
2983 5081 3335 5145 oscitantem,
3359 5080 3473 5134 haec
3498 5095 3618 5135 cum
3646 5081 3863 5135 veritate

2281 5172 2503 5228 dixisse.
2548 5171 2640 5225 llis
2668 5171 2864 5241 quippe
2907 5171 3065 5237 dicit,
3109 5171 3215 5226 Sed
3255 5188 3414 5241 neque
3442 5189 3578 5225 nunc
3620 5170 3857 5241 potestis:

2281 5263 2387 5319 illis
2439 5272 2658 5318 autem:
2716 5263 3042 5333 Quapropter
3098 5263 3479 5317 intermittentes
3526 5261 3859 5317 inchoationis

2282 5357 2470 5411 Christi
2497 5373 2810 5423 sermonem,
2841 5357 2910 5409 ad
2953 5356 3309 5425 perfectionem
3350 5357 3580 5425 feramur
3609 5357 3787 5429 (Hebr.
3808 5353 3857 5408 6.

2282 5450 2334 5503 1.
2365 5458 2410 5502 et
2440 5447 2532 5513 9);
2561 5458 2607 5503 et
2643 5463 2857 5502 rursum
2893 5465 2906 5500 :
2951 5447 3267 5514 Couﬁdimus
3295 5449 3358 5502 de
3402 5448 3538 5502 vobis
3572 5450 3780 5503 meliora
3818 5453 3860 5495 et

2277 5542 2431 5594 saluti
2472 5540 2752 5604 ha'rentia,
2798 5540 2891 5593 etsi
2930 5544 3002 5594 ita
3043 5539 3317 5605 loquimur.
3352 5541 3416 5594 Et
3454 5541 3721 5609 quomodo
3750 5550 3856 5599 eos,

2277 5632 2365 5701 qui
2401 5642 2604 5690 tantum
2631 5630 2888 5699 Spiritum
2916 5641 3271 5700 acceperant,
3301 5634 3547 5686 carnales
3595 5629 3855 5700 appellat.

2277 5738 2414 5792 quos
2444 5724 2595 5777 initio
2628 5723 2790 5778 tantis
2826 5730 2910 5777 est
2931 5723 3176 5778 laudibus
3205 5725 3599 5794 prosequutus?
3629 5724 3760 5790 Quia
3787 5716 3856 5771 illi

2279 5830 2492 5889 quoque
2518 5814 2760 5870 carnales
2791 5823 2977 5883 erant,
3022 5814 3215 5886 quibus
3253 5817 3383 5873 dicit
3413 5816 3709 5872 Dominus:
3739 5810 3853 5865 Dis-
