4086 6442
239 328 293 385 θῖ
1347 324 1413 380 ΙΝ
1448 321 1665 381 EPIST.
1708 321 1730 376 I
1772 321 1864 376 AD
1895 319 2053 377 COR.
2094 318 2331 379 HOMIL.
2371 324 2510 382 VIII.
3481 329 3548 385 68

248 459 337 528 τῆς
372 456 741 528 Ἐκκλησίας
777 456 1075 529 εἰρημένης
1108 452 1413 509 πιστευέτω
1451 452 1567 526 [64]
1608 450 1688 521 τῷ
1725 449 1857 505 θαύ-

266 557 402 615 ματι·
431 539 496 594 τδ
520 540 642 612 γὰρ
672 541 792 613 πρὸ
815 539 1081 594 τοσούτων
1104 537 1297 609 λεχθὲν
1319 537 1527 609 χρόνων
1546 537 1669 589 τότε
1692 535 1853 605 ἐξέϐη

264 628 350 681 καὶ
375 624 530 688 τέλος
563 623 759 678 ἔλαϐε·
800 624 967 678 πύλαι
996 622 1104 695 γὰρ
1135 622 1265 694 ᾅδου
1296 622 1396 693 τῆς
1443 619 1770 692 Ἐκκλησίας
1795 619 1855 672 ού

267 710 622 779 κατίσχυσαν.
673 707 738 762 '0
779 709 959 761 τοίνυν
1002 704 1310 778 ἀληθεύσας
1336 706 1394 758 ἐν
1424 700 1491 778 τῇ
1527 704 1855 776 προρρήσει,

268 792 488 863 εὔδηλον
536 792 623 845 ὅτι
674 791 776 845 καὶ
821 789 884 844 τὸ
914 790 1096 859 θαῦμα
1132 788 1462 860 εἰργάσατο·
1499 789 1527 841 ὁ
1556 786 1615 840 δὲ
1656 785 1754 840 καὶ
1796 785 1860 838 τὸ

268 875 449 945 θαῦμα
480 873 903 946 ἐργασάμενος,
940 873 1036 928 καὶ
1072 872 1219 943 ἅπερ
1242 867 1396 925 εἶπεν
1425 871 1507 935 είς
1534 870 1689 933 τέλος
1715 869 1858 938 ἀγα-

270 960 400 1029 γὼν,
433 959 662 1029 εῦδηλον
688 959 771 1013 ὅτι
807 958 902 1012 καὶ
933 960 990 1013 ἐν
1018 960 1083 1030 τῇ
1114 956 1421 1029 προρρήσει
1449 957 1517 1027 τῇ
1544 953 1675 1028 περὶ
1696 966 1723 995 ει
1750 952 1861 1008 τῶν

272 1042 578 1114 μελλόντων
597 1042 878 1114 ἀληθεύει,
901 1040 1192 1110 λέγων,ὃτι
1220 1036 1864 1096 Ἑκατονταπλασίονα

265 1128 530 1195 λήψεται
553 1169 566 1190 ,
605 1127 707 1180 καί
746 1125 901 1195 ζωὴν
923 1123 1164 1180 αἰώνιον
1194 1121 1639 1191 κληρονομήσει
1682 1123 1713 1175 ὁ
1753 1119 1863 1174 τῶν

265 1210 562 1281 παῴντων
613 1208 908 1278 ὑπεριδών.
960 1208 1040 1262 Τά
1077 1207 1188 1280 γὰρ
1223 1206 1324 1278 ἤδη
1369 1203 1717 1276 γεγενημένα
1767 1204 1864 1258 καὶ

263 1294 577 1363 εἰρημένα,
616 1293 850 1363 ἐνέχυρα
906 1291 1139 1364 μέγιστα
1181 1289 1290 1345 τῶν
1337 1289 1642 1360 μελλόντων
1690 1287 1865 1358 ἐκϐή-

264 1376 466 1429 σεσθαι
503 1377 725 1433 δέδωκε.
755 1376 943 1430 Ταῦτα
974 1375 1153 1430 τοίνυν
1182 1374 1402 1429 ἅπαντα
1432 1372 1527 1428 καὶ
1555 1372 1624 1427 τὰ
1650 1370 1865 1436 τούτοις

260 1460 492 1527 ἐοικότα
521 1461 632 1515 ἀπὸ
655 1459 762 1513 τῶν
785 1458 1137 1528 Εὐαγγελίων
1166 1457 1594 1527 συναγαγόντες,
1615 1455 1865 1528 λέγω-μεν

262 1550 407 1619 πρὸς
437 1544 669 1607 αὐτοὺς,
704 1543 798 1595 καὶ
821 1526 1268 1612 ἐπιστομίζωμεν
1299 1539 1519 1604 αὐτούς.
1546 1540 1612 1593 Εἰ
1638 1538 1695 1592 δὲ
1716 1526 1865 1606 λέγοι

263 1649 351 1694 τις
374 1671 391 1696 ,
428 1629 557 1691 Πῶς
602 1621 696 1680 οὖν
737 1625 836 1679 οὐκ
869 1624 1105 1696 ἐσϐέσθη
1135 1626 1323 1679 τέλεον
1369 1625 1402 1695 ἡ
1435 1622 1653 1693 πλάνη;
1688 1623 1867 1675 ἐκεῖνο

262 1714 332 1768 ἂν
388 1713 669 1781 εἴποιμεν,
713 1710 790 1763 ὅτι
832 1709 1021 1780 Ὑμεῖς
1051 1706 1239 1775 αἴτιοι,
1268 1710 1317 1762 οί
1359 1708 1498 1780 πρὸς
1530 1706 1629 1779 τὴν
1657 1704 1865 1759 ἑαυτῶν

264 1796 671 1859 στασιάζοντες
722 1793 1026 1865 σωτηρίαν·
1070 1793 1195 1846 ἐπεὶ
1221 1794 1250 1846 ό
1291 1792 1423 1857 Θεὸς
1451 1791 1519 1844 τά
1559 1791 1867 1862 πράγματα

262 1883 445 1945 οὕτως
494 1878 871 1949 ᾠκονόμησεν,
899 1876 974 1941 ὡς
1010 1876 1147 1947 μηδὲ
1180 1875 1433 1946 λείψανον
1473 1875 1866 1945 ὑπολειφθῆναι

261 1969 369 2036 τῆς
411 1963 697 2026 ἀσεϐείας.
759 1959 1241 2032 Ἀναλογισώμεθα
1272 1961 1452 2015 τοίνυν
1485 1959 1555 2013 τὰ
1596 1958 1869 2031 εἰρημένα

262 2049 359 2102 διὰ
394 2047 672 2118 βραχέων.
705 2045 875 2099 Ποίαν
914 2044 1025 2116 ἔχει
1064 2043 1229 2115 φύσιν
1266 2044 1336 2097 τὰ
1370 2044 1708 2116 πράγματα;
1741 2043 1870 2105 τοὺς

265 2131 533 2194 ἀσθενεῖς
568 2130 674 2183 ὑπὸ
707 2128 815 2182 τῶν
845 2127 1087 2183 δυνατῶν
1121 2128 1410 2199 ἡττᾶσθαι,
1455 2127 1490 2200 ἢ
1527 2125 1868 2192 τούναντίον;

263 2218 399 2281 τοὺς
430 2217 503 2270 τὰ
540 2214 739 2269 εὔκολα
780 2213 1062 2283 λέγοντας,
1096 2213 1129 2286 ἦ
1180 2215 1308 2277 τοὺς
1346 2213 1416 2267 τὰ
1465 2210 1869 2284 χαλεπώτερα;

267 2302 399 2365 τοὺς
441 2299 587 2372 μετά
635 2299 899 2353 κινδύνων
931 2297 1191 2361 ἕλκοντας
1211 2338 1224 2360 ,
1256 2296 1290 2368 ἢ
1324 2296 1452 2359 τοὺς
1487 2294 1627 2366 μετά
1656 2293 1869 2359 ἁδείας;

267 2386 399 2448 τοὺς
421 2381 911 2453 καινοτομοῦντας,
934 2381 968 2451 ἢ
995 2381 1121 2444 τοὺς
1136 2381 1236 2451 τὴν
1266 2379 1556 2451 συνήθειαν
1578 2376 1874 2448 κρατύνον·

269 2486 411 2534 ταςς
468 2467 603 2530 τοὺς
651 2466 746 2520 ἐπὶ
791 2469 1082 2537 τραχεῖαν,
1130 2465 1163 2536 ἦ
1215 2465 1343 2527 τοὺς
1390 2465 1484 2518 ἐπὶ
1539 2460 1638 2534 τὴν
1684 2462 1874 2535 ῥᾳδίαν

273 2553 519 2621 ἄγοντας
565 2550 721 2616 ὁδόν;
770 2549 896 2612 τοὺς
949 2547 1055 2602 τῶν
1107 2548 1378 2619 πατρῴων
1431 2545 1797 2616 ἀφιστῶντας,
1836 2544 1871 2615 ἢ

270 2637 406 2698 τοὺς
429 2635 491 2687 οὐ
524 2633 652 2697 ξένα
674 2630 1137 2700 νομοθετοῦντας;
1167 2632 1295 2695 τοὺς
1327 2629 1467 2700 μετὰ
1495 2628 1595 2700 τὴν
1624 2627 1875 2681 ἐντεῦθεν

274 2717 597 2789 ἀποδημίαν
630 2716 810 2770 πάντα
832 2714 1306 2785 ὑπισχνουμένους
1326 2712 1397 2766 τά
1420 2711 1656 2783 χρηστά,
1683 2711 1717 2780 ἢ
1749 2710 1876 2773 τοὺς

276 2803 335 2853 ἐν
364 2801 444 2872 τῷ
478 2799 713 2871 παρόντι
748 2797 1144 2861 κολακεύοντας
1184 2797 1318 2869 βίῳ;
1354 2797 1481 2860 τοὺς
1512 2795 1742 2858 πολλοὺς
1771 2794 1876 2847 ὑπὸ

276 2887 389 2939 τῶν
415 2886 646 2955 ὀλίγων,
679 2885 713 2957 ἦ
741 2885 869 2947 τοὺς
902 2882 1113 2952 ὀλίγους
1147 2882 1252 2936 ὑπὸ
1283 2880 1392 2936 τῶν
1422 2879 1674 2947 πολλῶν;
1715 2877 1876 2932 Ἀλλά

337 3125 366 3154 ⁸
396 3124 610 3175 Deerant
634 3120 783 3172 verba
801 3126 861 3183 τῇ
882 3119 1006 3184 περί.

1960 439 2061 492 καὶ
2084 440 2244 511 ὑμεὶς
2274 440 2534 509 ἐνταῦθα,
2564 439 2749 513 φησὶν,
2786 437 3114 512 ὑπέσχεσθε.
3146 442 3293 497 Τίδέ
3318 443 3553 500 ἐνταῦθα

1961 522 2347 595 ὑπεσχόμεθα;
2420 524 2870 596 Ἀμαρτημάτων
2923 524 3119 594 ἄφεσιν
3174 526 3271 580 καὶ
3327 526 3555 598 λουτρὸν

1961 605 2404 675 παλιγγενεσίας.
2430 606 2685 662 Μάλιστα
2715 610 2814 683 μὲν
2846 609 2943 662 καὶ
2962 607 3024 661 τὸ
3052 608 3340 679 βάπτισμα
3361 609 3418 663 ἐν
3443 613 3557 674 τοῖς

1965 688 2252 759 μέλλουσιν
2303 689 2417 762 ἔχει
2457 692 2518 744 τὸ
2570 691 2754 747 πλέον.
2800 693 2913 746 Καὶ
2960 691 3059 763 βοᾷ
3107 691 3321 756 Παῦλος
3358 692 3553 761 λέγων·

1975 772 2320 829 Ἁπεθάνετε
2337 775 2470 845 γὰρ,
2488 775 2588 837 καὶ
2608 777 2645 845 ή
2667 774 2780 845 (cui;
2799 773 2970 845 ὑμῶν
2987 775 3314 843 κέκρυπται
3332 776 3455 831 σὺν
3474 776 3558 843 τῷ

1963 851 2193 924 Χριστῷ
2217 857 2288 912 ἐν
2315 856 2397 924 τῷ
2428 858 2569 924 Θεῷ.
2607 860 2794 913 Ὅταν
2820 860 2858 928 ἡ
2883 857 2994 928 ζωὴ
3025 858 3193 929 ὑμῶν
3216 859 3554 930 φανερωθῇ,

1962 938 2097 992 τότε
2116 940 2215 994 καὶ
2241 941 2414 1010 ὑμεῖς
2433 941 2558 997 σὺν
2575 940 2736 1007 αὐτῷ
2759 942 3264 1011 φανερωθήσεσθε
3290 942 3360 995 ἐν
3380 942 3553 1013 δόξῃ.
3659 988 3664 993 .

1962 1022 2029 1075 EI
2069 1023 2127 1076 δὲ
2160 1025 2256 1078 καὶ
2295 1025 2532 1079 ἐνταῦθα
2563 1025 2679 1096 ἔχει
2714 1025 2920 1093 ἀγαθὰ,
2954 1025 3144 1097 ὥσπερ
3174 1021 3267 1079 οὖν
3296 1027 3392 1079 καὶ
3418 1015 3554 1097 ἔχει,

1965 1106 2060 1160 καὶ
2109 1107 2273 1163 τοῦτο
2336 1110 2575 1181 μάλιστα
2616 1109 2815 1163 πολλοῦ
2861 1109 3175 1180 θαύματος,
3210 1111 3293 1163 ὅτι
3330 1110 3559 1181 ἴσχυσαν

1965 1193 2155 1244 πεῖσαι
2183 1193 2311 1256 τοὺς
2344 1193 2416 1246 τά
2451 1194 2625 1265 μυρία
2663 1193 3078 1264 ἐργασαμένους
3118 1193 3301 1258 δεινὰ,
3335 1196 3430 1248 καὶ
3455 1195 3559 1248 ὅσα

1970 1274 2158 1346 μηδεὶς
2191 1274 2403 1347 ἕτερος,
2437 1277 2520 1330 ὅτι
2556 1277 2736 1331 πάντα
2764 1276 3185 1344 άπολούσονται,
3218 1280 3314 1331 καὶ
3343 1279 3558 1341 οὐδενὸς

1965 1358 2196 1411 δώσουσι
2243 1360 2403 1429 λόγον
2449 1361 2559 1414 τῶν
2612 1360 3191 1433 πεπλημμελημένων.
3248 1362 3411 1414 Ὥστε
3463 1362 3560 1415 καὶ

1966 1441 2057 1495 διὰ
2099 1441 2261 1497 τοῦτο
2310 1444 2445 1497 αὐτὸ
2492 1445 2732 1516 μάλιστα
2767 1444 3073 1515 θαυμάζειν
3112 1444 3303 1516 ἐχρῆν,
3341 1446 3424 1498 ὅτι
3467 1447 3561 1498 άν-

1969 1525 2222 1598 θρώπους
2257 1526 2571 1600 βαρϐάρους
2606 1528 2867 1600 τοιαύτην
2908 1529 3132 1582 ἔπεισαν
3160 1529 3559 1595 καταδέξασθαι

1970 1609 2176 1675 πίστιν,
2246 1612 2344 1664 καὶ
2398 1612 2640 1684 χρηστὰς
2700 1614 2829 1684 περὶ
2886 1612 2997 1665 τῶν
3057 1611 3360 1683 μελλόντων
3416 1612 3562 1683 ἐχειν

1971 1693 2215 1758 ἐλπίδας,
2248 1696 2345 1748 καὶ
2370 1696 2433 1749 τὺ
2459 1698 2728 1768 πρότερον
2756 1697 2867 1751 τῶν
2892 1696 3314 1767 ἁμαρτημάτων
3338 1699 3563 1768 φορτίον

1974 1779 2496 1851 ἀπεσκευασμένους
2524 1781 2666 1852 μετά
2693 1781 2896 1850 πολλῆς
2919 1781 3019 1852 τῆς
3052 1780 3364 1853 προθυμίας
3396 1784 3477 1845 εἰς
3501 1782 3563 1835 τὸ

1974 1860 2129 1916 ἐπιὸν
2178 1862 2289 1916 τῶν
2328 1863 2468 1935 ὑπὲρ
2517 1865 2617 1935 τῆς
2649 1864 2853 1936 ἀρετῆς
2890 1863 3160 1918 ἅπτεσθαι
3209 1865 3422 1929 πόνων,
3466 1865 3564 1918 καὶ

1971 1945 2110 2017 πρὸς
2164 1946 2427 2017 αἰσθητὸν
2481 1946 2582 2017 μὲν
2643 1947 2812 2018 μηδὲν
2858 1947 3175 2017 κεχηνέναι,
3232 1947 3451 2001 πάντων
3505 1948 3566 2001 δέ

1971 2027 2280 2100 άνωτέρους
2308 2029 2420 2083 τῶν
2450 2031 2782 2101 σωματικῶν
2813 2030 3221 2100 γεγενημένους
3248 2030 3443 2101 νοεράς
3474 2029 3563 2083 δέ·

1973 2110 2168 2177 ξασθαι
2192 2113 2423 2184 δωρεὰς,
2454 2116 2550 2168 καὶ
2576 2115 2668 2169 τὸν
2700 2115 2917 2186 Πέρσην
2941 2115 3036 2168 καὶ
3067 2114 3159 2168 τὸν
3176 2116 3562 2188 Σαυρομάτην,

1971 2196 2067 2250 καὶ
2107 2197 2202 2250 τὸν
2235 2197 2464 2269 Μαῦρον
2513 2199 2608 2253 καὶ
2639 2198 2732 2253 τὸν
2779 2200 2940 2255 Ἰνδὸν
2976 2200 3178 2253 ειδέναι
3210 2200 3391 2270 ψυχῆς
3428 2199 3566 2253 καθ-
3625 2238 3628 2241 τ

1972 2279 2172 2351 αρμὺν,
2202 2280 2298 2334 καὶ¹
2338 2280 2474 2333 Θεοῦ
2495 2281 2727 2353 δύναμιν
2760 2282 2855 2335 καὶ
2879 2282 3292 2354 φιλανθρωπίαν
3331 2284 3562 2352 άφατον,

1952 2364 2072 2415 ’καὶ
2111 2362 2353 2427 πίστεως
2385 2360 2736 2434 φιλοσοφίαν,
2777 2366 2873 2418 καὶ
2904 2365 3227 2437 Πνεύματος
3259 2366 3413 2433 ἁγίου
3446 2366 3567 2418 ἐπι-

1975 2445 2249 2516 φοίτησιν,
2274 2446 2367 2498 καὶ
2384 2447 2656 2517 σωμάτων
2671 2447 2992 2514 ἀνάστασιν,
3018 2450 3113 2502 καί⁸
3130 2447 3277 2517 ζωῆς
3292 2448 3566 2502 ἀθανάτου

1973 2527 2240 2598 δόγματα.
2272 2529 2458 2582 Ταῦτα
2486 2529 2599 2600 γὰρ
2631 2530 2851 2583 ἅπαντα
2887 2531 2983 2584 καὶ
3008 2530 3078 2584 τά
3108 2529 3315 2583 τούτων
3343 2531 3567 2583 πλείονα

1975 2612 2106 2682 γένη
2140 2611 2437 2684 βαρϐάρων
2463 2613 2513 2664 οἱ
2541 2613 2714 2676 ἁλιεῖς
2750 2613 3244 2682 μυσταγωγοῦντες
3278 2614 3336 2665 ἐν
3362 2612 3440 2683 τῷ
3465 2612 3564 2682 βα·-

1976 2693 2267 2764 πτίσματι,
2303 2693 2616 2763 φιλοσοφεῖν
2648 2695 2899 2749 ἔπεισαν.
2926 2696 3114 2749 Ταῦτα
3136 2696 3318 2748 τοίνυν
3349 2695 3568 2749 ἅπαντα

1981 2777 2119 2848 μετά
2156 2777 2446 2848 ἀκριϐείας
2478 2777 2837 2847 φυλάξαντες,
2872 2779 3010 2850 πρὸς
3043 2779 3246 2843 αὐτοὺς
3295 2779 3567 2849 λέγωμεν,

1976 2861 2074 2915 καὶ
2121 2861 2222 2933 τὴν
2263 2862 2374 2916 άπὸ
2405 2861 2501 2915 τοῦ
2536 2862 2653 2932 βίου
2701 2864 2864 2918 πάλιν
2898 2864 3082 2927 αὐτοῖς
3119 2862 3397 2928 ἀπόδειξιν
3431 2880 3569 2933 παρ-

1975 2943 2252 3015 εχώμεθα,
2288 2942 2401 3017 [65]
2452 2944 2542 2999 ἵνα
2575 2945 2921 3018 ἑκατέρωθεν
2967 2948 3133 3016 ἡμεῖς
3178 2963 3234 2998 τε
3282 2945 3567 3014 σωθῶμεν,

1977 3028 2223 3092 ἐκείνους
2249 3046 2310 3082 τε
2332 3029 2775 3100 ἐπισπασώμεθα
2806 3029 2946 3102 πρὸς
2970 3031 3071 3101 τὴν
3102 3030 3197 3083 τοῦ
3221 3029 3357 3082 Θεοῦ
3387 3029 3566 3095 δόξαν·

1977 3109 2063 3164 ὅτι
2085 3108 2238 3182 αὐτῷ
2265 3111 2301 3182 ἡ
2328 3110 2458 3179 δόξα
2481 3114 2564 3176 είς
2591 3113 2717 3177 τοὺς
2742 3113 2964 3177 αἰῶνας.
3002 3112 3195 3183 Ἀμήν.

292 3305 3503 3343 W—W

1759 3577 2007 3633 OMIAIA
2060 3579 2145 3634 H'.

289 3772 478 3842 Κάγὼ,
517 3766 792 3842 ἀδελφοί,
830 3761 1285 3842 ούκὲήδρνήθην
1320 3761 1466 3842 ὑμῖν
1495 3760 1881 3842 λᾳλῆσααώς

353 3831 991 3909 πνευματικοῖς,
1023 3833 1103 3909 ὡς
1140 3831 1472 3909 σαρκικοῖς,
1523 3832 1604 3909 ᾡς
1641 3832 1882 3909 νηπίοές

351 3916 423 3967 ἐν
462 3898 721 3978 Χριστῷ.
756 3898 1120 3978 Γάλᾳᾼὺμᾶς
1151 3898 1430 3978 ἐπότισα,
1454 3902 1567 3978 καίΔ
1588 3902 1674 3978 ὀύ
1717 3898 1879 3978 ,βρῶο

351 4000 463 4051 μα·
507 3970 710 4051 ὀὔπω-
730 3976 858 4051 γὰρ*
882 3970 1216 4051 ἠδύνασθεἶ
1253 3973 1431 4051 ’Ἀλλ’
1462 3971 1606 4028 οὐδὲ
1644 3972 1732 4025 ἐτι
1765 3970 1883 4025 νῦν

356 4044 649 4106 δύνασθε·
680 4044 769 4101 ἔτι
797 4045 907 4115 γὰρ
937 4045 1216 4113 σαρκικοί
1242 4044 1401 4097 ἐστε.

355 4185 427 4232 α’.
458 4173 719 4230 lineam»)
735 4172 833 4242 τὴν
850 4170 1172 4240 φιλοσοφίαν
1201 4171 1298 4243 τὴν
1328 4169 1548 4235 ἔξωθεν,
1568 4170 1663 4223 καὶ
1686 4168 1777 4223 τὸν
1790 4168 1883 4221 τῦ-

290 4254 389 4333 φον
432 4261 606 4330 αὐτῆς
653 4255 978 4310 καταϐαλὼν
1009 4255 1248 4319 ἅπαντα,
1285 4256 1369 4323 ἐφ’
1408 4253 1601 4324 ἑτέραν
1630 4251 1886 4306 ὑπόθεσιν

289 4348 534 4419 ἔρχεται.
575 4342 686 4397 Καὶ
713 4341 824 4412 γάρ
855 4340 1000 4404 είκὸς
1059 4335 1127 4411 ἦν
1172 4338 1415 4403 ἐκείνους
1457 4337 1660 4408 λέγειν,
1705 4338 1787 4392 ὅτι
1837 4339 1886 4391 εί

293 4432 394 4501 μὲν
436 4427 510 4481 τὰ
543 4425 828 4488 Πλάτωνος
860 4423 895 4494 ἢ
928 4422 1249 4494 Πυθαγόρου
1295 4423 1329 4493 ἦ
1367 4439 1511 4486 τινος
1540 4421 1729 4495 ἐτέρου
1777 4421 1886 4475 τῶν

292 4511 605 4581 φιλοσόφων
630 4506 1072 4578 ἀπηγγέλλομεν,
1106 4505 1331 4570 εἰκότως
1355 4502 1498 4558 οὕτω
1523 4505 1734 4576 μακρὸν
1761 4502 1887 4558 καθ’

294 4594 453 4665 ἡμῶν
497 4593 787 4654 ἁπέτεινες
824 4590 1017 4659 λόγον·
1065 4587 1190 4641 ἐπεὶ
1229 4589 1286 4641 δέ
1327 4588 1396 4642 τὰ
1437 4588 1531 4641 τοῦ
1570 4589 1889 4659 Πνεύματος

294 4673 764 4746 καταγγέλλομεν,
797 4674 942 4737 τίνος
967 4672 1155 4724 ἐνεκεν
1194 4670 1293 4742 τὴν
1328 4670 1528 4738 ἔξωθεν
1561 4671 1750 4741 σοφίαν
1777 4671 1891 4726 ἄνω

294 4763 391 4814 καὶ
437 4761 593 4814 κάτω
643 4757 928 4827 στρέφεις;
977 4755 1101 4818 Πῶς
1142 4751 1238 4808 οῦν
1266 4754 1403 4826 πρὸς
1451 4753 1609 4808 τοῦτο
1652 4755 1887 4820 ἵσταται,

296 4844 553 4899 ἄκουσον.
589 4839 782 4910 Κάγὼ,
808 4839 1083 4909 ἀδελφοὶ,
1116 4841 1228 4893 οὐκ
1255 4838 1576 4909 ἠδυνήθην
1603 4837 1749 4908 ὑμῖν
1781 4841 1891 4892 λα·

293 4926 487 4993 λῆσαι
520 4926 600 4992 ὠς
626 4922 1074 4992 πνευματικοῖς,
1102 4922 1353 4975 Μάλιστα
1395 4922 1493 4991 μὲν
1544 4921 1673 4993 γὰρ,
1714 4922 1763 4975 εί
1796 4923 1891 4975 καὶ

295 5012 518 5075 τέλειοι,
565 5008 751 5078 φησὶν,
783 5003 881 5076 ἦτε
932 5009 1025 5060 καί⁸
1073 5008 1130 5060 ἐν
1178 5009 1291 5069 τοῖς
1320 5007 1731 5077 πνευματικοῖς,
1770 5006 1892 5059 οὐδέ

296 5095 470 5158 οὕτως
502 5094 672 5163 ἐχρῆν
701 5089 1047 5162 ἐπαίρεσθαι·
1081 5090 1201 5142 οὑδέ
1241 5089 1351 5159 γάρ
1386 5088 1453 5143 τὰ
1478 5089 1719 5159 ὑμέτερα
1760 5106 1891 5143 κατ-

295 5177 615 5248 αγγέλλετε,
648 5174 769 5231 ούδέ
804 5173 949 5246 άπερ
991 5174 1148 5227 αὐτοὶ
1202 5173 1410 5227 οἴκοθεν
1446 5174 1737 5245 εύρήκατε·
1772 5173 1892 5228 νυνὶ

293 5264 353 5316 δὲ
411 5262 535 5316 οὐδέ
586 5259 761 5313 ταῦτα
811 5259 942 5335 ἴστε,
970 5256 1045 5320 ὼς
1072 5256 1282 5313 εἰδέναι
1314 5258 1444 5329 χρὴ,
1479 5256 1617 5310 ἀλλά
1652 5257 1892 5328 μαθηταί

293 5347 424 5398 ἐστε
456 5345 553 5398 καὶ
583 5343 800 5397 πάντων
824 5340 1062 5412 ἔσχατοι.
1090 5341 1254 5394 Ὥστε
1279 5342 1328 5394 εί
1350 5343 1449 5411 μὲν
1474 5341 1568 5393 ἐπὶ
1595 5343 1662 5412 τῇ
1692 5340 1893 5407 ἔξωθεν

295 5429 463 5500 σοφίᾳ
484 5441 512 5469 ⁸
538 5429 788 5498 φρονεῖτε
822 5424 1054 5495 μεγάλα,
1088 5425 1409 5496 ἐλήλεγκται
1440 5425 1593 5478 ούδέν
1626 5420 1760 5478 οὖσα
1792 5424 1893 5479 αὖ·

290 5532 385 5584 τη,
417 5512 555 5566 άλλά
581 5511 677 5564 καὶ
718 5509 810 5562 ἐπὶ
835 5512 949 5572 τοῖς
980 5511 1371 5580 πνευματικοῖς
1400 5508 1621 5561 ἐναντία
1654 5509 1807 5579 ἡμῖν·
1843 5510 1891 5562 εί

293 5599 349 5652 δὲ
376 5598 473 5652 καὶ
502 5597 594 5649 ἐπὶ
623 5597 737 5658 τοῖς
761 5595 1174 5663 πνευματικοῖς,
1206 5592 1301 5645 καὶ
1335 5592 1393 5644 ἐν
1418 5592 1629 5655 τούτοις
1651 5592 1711 5644 τὸ
1742 5591 1894 5647 ἐλατ-

293 5698 385 5735 τον
401 5681 687 5750 κατέχετε,
718 5677 817 5731 καὶ
848 5676 908 5729 ἐν
926 5677 1040 5739 τοῖς
1069 5675 1321 5745 ἐσχάτοις
1350 5676 1640 5746 ἑστήκατε.
1661 5675 1753 5728 Διό
1785 5693 1891 5746 φη·-

298 5780 412 5817 σιν·
450 5765 574 5818 Οὐκ
609 5758 933 5832 ἠδυνήθην
971 5757 1116 5828 ὑμῖν
1142 5756 1413 5827 λαλῆσαι
1461 5759 1539 5825 ὡς
1569 5774 1893 5828 πνευματι-

347 5946 374 5977 ⁸
397 5942 665 6011 Legebatur
689 5949 776 6004 τῆς
801 5942 972 6001 ἔξωθεν
1016 5939 1203 6003 σοφίας.

1985 3760 2134 3828 κοῖς.
2164 3761 2281 3815 Ούκ
2319 3756 2496 3828 εἶπεν,
2538 3763 2652 3816 Ούκ
2680 3763 2937 3833 ἐλάλησα,
2980 3762 3066 3815 ἵνα
3117 3762 3192 3835 μὴ
3225 3763 3351 3837 δόξῃ
3380 3764 3575 3834 φθόνου

1983 3844 2045 3896 τὸ
2073 3845 2305 3915 πρᾶγμα
2329 3842 2487 3898 εἶναι·
2522 3845 2661 3899 ἀλλά
2691 3846 2853 3918 διπλῇ
2884 3846 3064 3900 αὐτῶν
3086 3846 3339 3920 καθαίρει
3374 3850 3432 3902 τὸ
3453 3853 3579 3923 φρό·

1983 3944 2156 3998 νημα,
2187 3928 2268 3981 ἐνὶ
2298 3928 2396 3997 μὲν
2421 3927 2627 3998 τρόπῳ,
2655 3929 2835 4002 δείξας
2861 3930 2944 3983 ὅτι
2966 3930 3067 3983 οὐκ
3093 3930 3236 3983 ἴσασι
3271 3931 3338 3984 τὰ
3373 3934 3575 4002 τέλεια,

1983 4010 2221 4082 δευτέρῳ
2259 4010 2338 4076 δὲ,
2380 4011 2463 4064 ὅτι
2502 4011 2655 4065 αὐτοὶ
2699 3998 2793 4065 τοῦ
2838 4012 2913 4083 μὴ
2943 4012 3141 4066 εἰδέναι
3170 4015 3456 4083 γεγόνασιν
3493 3998 3578 4072 ad;

1985 4110 2111 4157 τιοι,
2169 4093 2263 4149 καὶ
2310 4093 2482 4165 τρίτῳ
2525 4094 2582 4147 δέ
2628 4094 2765 4166 πρὸς
2794 4097 3022 4162 τούτοις,
3051 4096 3128 4166 τῷ
3168 4096 3463 4163 δεικνύναι,
3493 4101 3576 4155 ὅτι

1985 4177 2108 4230 ούδέ
2136 4175 2215 4230 ἐτι
2244 4175 2339 4229 νῦν
2361 4175 2635 4231 δύνανται.
2678 4176 2751 4230 Τὸ
2778 4177 2875 4246 μέν
2906 4178 3014 4250 γάρ
3043 4179 3143 4247 τὴν
3169 4180 3343 4250 ἀρχὴν
3376 4182 3450 4254 μὴ
3481 4183 3577 4236 δυ.

1987 4261 2241 4333 νηθῆναι,
2268 4259 2400 4324 ἴσως
2424 4261 2524 4331 τῆς
2552 4261 2645 4314 τοῦ
2688 4262 3014 4333 πράγματος
3052 4261 3268 4332 φύσεως
3290 4260 3376 4335 ἦν·
3404 4267 3577 4320 καίτοι

1987 4361 2052 4413 γε
2073 4343 2196 4398 οὐδὲ
2225 4342 2433 4413 ταύτην
2456 4343 2639 4408 αὐτοῖς
2668 4346 2864 4415 ἀφίησι
2892 4345 2994 4417 τὴν
3019 4346 3336 4411 ἀπολογίαν.
3372 4350 3445 4402 Ού
3470 4351 3579 4421 γὰρ

1988 4428 2076 4483 διά
2097 4428 2157 4481 τὸ
2189 4425 2265 4498 μὴ
2297 4426 2555 4481 δύνασθαι
2589 4428 2846 4493 δέξασθαι
2882 4430 2952 4483 τά
2981 4429 3163 4501 ὑψηλά
3195 4448 3358 4500 φησιν
3382 4433 3579 4496 αὐτοὺς

1996 4511 2072 4583 μὴ
2097 4511 2371 4581 δεδέχθαι,
2398 4510 2536 4565 άλλά
2560 4511 2648 4564 διά
2674 4511 2736 4565 τὸ
2767 4513 3065 4584 σαρκικοὺς
3091 4509 3249 4566 εἶναι.
3279 4514 3425 4586 Πλὴν
3464 4514 3579 4569 ἀλλ’

1992 4598 2051 4649 ἐν
2083 4597 2227 4668 ἀρχῇ
2271 4595 2371 4666 μὲν
2396 4594 2572 4659 οὕτως
2595 4595 2697 4649 οὐκ
2723 4590 2792 4666 ἦν
2822 4595 3157 4667 κατηγορίας
3202 4596 3350 4662 ἄξιον
3369 4613 3382 4626 ·
3411 4599 3471 4650 τὸ
3499 4598 3579 4662 δὲ,

1993 4679 2088 4733 καὶ
2112 4678 2308 4749 χρόνου
2344 4677 2713 4749 παρελθόντος
2746 4679 3026 4743 τοσούτου,
3082 4679 3310 4751 μηδέπω
3348 4680 3484 4750 πρὸς
3514 4682 3584 4735 τὰ

1991 4762 2302 4833 τελειότερα
2330 4761 2553 4831 φθάσαι,
2600 4761 2760 4815 τοῦτο
2800 4763 2900 4834 τῆς
2945 4763 3181 4833 ἐσχάτης
3227 4764 3452 4828 νωθείας

1996 4846 2167 4900 Τοῦτο
2201 4845 2332 4912 γοῦν
2359 4845 2705 4914 ἐγκαλεῖκαὶ
2751 4844 3043 4917 Ἑϐραίοις,
3067 4846 3183 4900 ἀλλ’
3216 4847 3277 4900 οὐ
3318 4846 3454 4917 μετά
3498 4865 3586 4900 το-

1997 4928 2204 4999 σαύτης
2242 4929 2624 4999 σφοδρότητος.
2669 4929 2942 4992 Ἐκεὶνους
2970 4929 3068 5000 μὲν
3100 4929 3211 5000 γὰρ
3240 4931 3332 4984 καὶ
3369 4930 3455 4983 διὰ
3486 4930 3586 5001 τὴν

1997 5012 2176 5080 θλῖιζιιν
2199 5012 2477 5075 τοιούτους
2506 5007 2643 5065 εἷναί
2678 5029 2835 5081 φησι,
2862 5016 3085 5077 τούτους
3114 5013 3171 5065 δὲ
3193 5013 3259 5067 δι’
3291 5013 3588 5084 ἐπιθυμίαν

1994 5095 2095 5166 τῆς
2130 5094 2417 5165 πονηρίας·
2457 5095 2556 5147 οὐκ
2597 5093 2713 5148 ἐστι
2753 5094 2809 5147 δέ
2845 5095 2959 5148 ἴσον
2994 5095 3154 5149 τοῦτο
3185 5098 3425 5150 κάκεῖνο.
3475 5096 3587 5151 Καὶ

1996 5178 2269 5232 δείκνυσιν
2316 5178 2401 5231 ὅτι
2440 5178 2671 5241 ἐκείνοις
2718 5178 2817 5248 μὲν
2861 5178 3186 5251 ἐπιτιμῆσαι
3241 5179 3585 5250 βουλόμενος,

1996 5261 2223 5325 τούτους
2252 5263 2312 5317 δὲ
2340 5262 2624 5334 διεγείρων
2660 5262 2881 5333 μᾶλλον,
2905 5262 3059 5333 ἔλεγε
3087 5262 3260 5318 ταῦτα
3283 5264 3588 5336 ἀληθεύων.

1999 5344 2225 5410 Τούτοις
2252 5346 2351 5415 μὲν
2377 5346 2485 5416 γάρ
2521 5363 2685 5417 φησιν
2705 5363 2717 5375 ·
2758 5347 2922 5400 Ἀλλ’
2950 5346 3095 5401 οὐδὲ
3131 5348 3220 5402 ἔτι
3246 5347 3363 5401 νῦν
3404 5348 3589 5402 δύναο

2001 5431 2130 5483 σθε·
2175 5430 2405 5494 ἐκείνοις
2436 5431 2517 5491 δὲ,
2554 5432 2768 5499 Διόπερ
2797 5431 3053 5500 ἀφέντες
3104 5433 3213 5486 τὸν
3256 5431 3368 5501 τῆς
3395 5432 3590 5500 ἀρχῆς

2000 5511 2107 5566 τοῦ
2138 5514 2399 5579 Χριστοῦ
2426 5515 2633 5583 λόγον,
2677 5514 2775 5567 ἐπὶ
2807 5514 2923 5581 τὴν
2962 5516 3302 5582 τελειότητα
3328 5515 3587 5583 φερώμευ

1999 5600 2093 5651 θα·
2119 5596 2211 5649 καὶ
2245 5597 2426 5660 nam,
2454 5598 2827 5665 Πεπείσμεθα
2859 5596 2926 5650 δὲ
2956 5599 3089 5666 περὶ
3120 5598 3286 5667 ὑμῶν
3314 5599 3382 5651 τὰ
3402 5598 3591 5663 κρείτ-

1999 5696 2145 5733 τονα
2180 5679 2279 5733 καὶ
2319 5682 2581 5749 ἐχόμενα
2617 5681 2934 5750 σωτηρίας,
2971 5685 3023 5734 εί
3046 5681 3147 5735 καὶ
3176 5681 3330 5734 οὕτω
3366 5679 3589 5734 λαλοῦ-

1993 5780 2128 5832 μεν.
2181 5763 2296 5836 [661
2338 5766 2447 5818 Καί¹
2501 5765 2618 5828 πῶς
2667 5764 2793 5826 τοὺς
2854 5764 3174 5834 Πνεύματος
3232 5763 3590 5832 ἐπιτυχόντας

1997 5846 2275 5912 τοσούτου,
2302 5849 2600 5920 σαρκικοὺς
2632 5847 2805 5908 καλεῖ,
2839 5847 2932 5899 καὶ
2963 5842 3038 5902 ὧν
3065 5846 3363 5919 ἀρχόμενος
3392 5845 3590 5900 τοσαῦ-

1996 5949 2065 5987 τα
2098 5933 2316 6007 διῆλθεν
2345 5935 2635 6005 ἐγκώμια;
2673 5933 2824 5988 Ἐπεὶ
2861 5935 3103 5988 κάκεῖνοι
3137 5932 3393 6002 σαρκικοὶ
3427 5928 3586 6007 ἦσαν,
