4086 6420
579 311 648 373 09
1248 298 1317 358 ε.
1357 296 1651 359 JOANNIS
1684 288 2177 351 cnuvsoswom
2215 287 2531 344 meum.
2571 282 3128 346 CONSTANTINOP.
3771 295 3856 350 το

576 425 717 499 πρὸς
739 423 836 489 οὓς
879 436 1043 494 φησιν
1069 420 1099 475 6
1122 417 1348 491 Κύριος·
1388 415 1680 499 Ὑπάγετε
1703 413 1806 499 ἀπ’
1841 409 2008 499 έμυῇ,
2050 409 2162 499 οὐκ

575 490 711 567 οῖδα
732 490 909 578 ὑμᾶς,
937 490 992 559 ὸι
1013 490 1384 573 ἐργαζόμενοι
1411 499 1529 567 τὴν
1545 497 1832 567 ἀνομίαν·
1861 495 2040 548 καίτοι
2070 490 2164 546 καὶ

575 592 840 664 δαίμονας
871 588 1147 655 ἐξέϐαλον,
1177 586 1274 640 καὶ
1298 584 1527 655 νεκροὺς
1554 583 1882 653 ἀνέστησαν,
1912 579 2006 633 καὶ
2029 594 2163 664 προ-

579 662 811 747 φητείας
862 671 1228 739 ἐπεδείξαντο.
1259 668 1424 721 ’Ὥστε
1475 666 1590 720 ἔστι
1620 664 1722 747 καὶ
1760 666 1963 737 σημεῖα
2004 662 2169 747 ,ποιή-

581 746 755 814 σαντα
788 753 928 811 εἶναι
957 751 1237 826 σαρκικόν.
1266 749 1380 807 Καὶ
1415 749 1528 820 γάρ
1558 746 1639 819 τῷ
1662 747 1891 817 Βαλαάμ
1927 746 2166 817 ἐνήργη-

579 858 671 895 σεν
692 836 726 894 ’ό
747 840 900 902 Θεὸς,
938 839 1032 891 καὶ
1054 834 1131 906 τῷ
1166 832 1371 906 (apud)
1412 833 1483 886 τά
1520 830 1787 903 μέλλοντα
1823 826 2163 897 ἀπεκάλυψε,

577 924 674 979 καὶ
706 922 785 994 τῷ
804 918 1302 991 Ναϐουχοδονόσορ,
1340 916 1437 972 καὶ
1476 915 1734 983 Καϊάφας
1765 910 2166 984 προεφήτευσε,

575 1010 678 1062 οὐκ
708 1003 864 1068 εἰδὼς
895 1005 932 1059 ἀ
965 1004 1142 1073 ἔλεγε·
1178 1003 1276 1057 καὶ⁵
1307 1002 1487 1073 Ξτεροι
1520 999 1579 1053 δέ
1613 1015 1760 1062 τινες
1800 996 2054 1069 δαιμόνια
2076 996 2167 1061 tE-

578 1089 769 1145 έδαλον
828 1086 907 1158 τῷ
945 1086 1115 1141 αὑτοῦ
1168 1085 1415 1156 ὀνόματι,
1466 1082 1568 1137 οὐκ
1612 1081 1767 1146 ὅντες
1820 1080 1938 1151 μετ’
1975 1078 2165 1143 αὐτοῦ,

573 1171 767 1234 ἐπειδὴ
790 1172 851 1226 ού
873 1171 964 1224 διὰ
993 1172 1121 1233 τοὺς
1148 1168 1438 1232 ποιοῦντας
1465 1166 1641 1222 ταῦτα
1675 1166 1907 1237 γίνεται,
1934 1164 2074 1220 ἀλλά
2096 1164 2166 1219 δι’

574 1258 815 1330 έτέρους.
847 1256 1119 1320 Πολλάκις
1148 1253 1205 1308 δὲ
1231 1253 1328 1308 καὶ
1365 1253 1434 1306 δι’
1458 1249 1699 1317 ἀναξίων
1731 1249 1905 1304 ταῦτα
1934 1249 2165 1319 Ξγίνετο.

573 1343 686 1396 Καὶ
715 1340 768 1394 τί
795 1339 1121 1411 θαυμάζεις,
1159 1340 1208 1391 εἰ
1244 1336 1338 1389 ἐπὶ
1360 1335 1573 1407 ἀνδρῶν
1598 1334 1836 1400 ἀναξίων
1855 1334 1922 1388 δι’
1946 1333 2169 1403 ἑτέρους

571 1424 749 1478 ταῦτα
776 1422 1009 1490 γίνεται,
1046 1422 1180 1475 ὅπου
1209 1436 1274 1489 γε
1303 1418 1398 1473 καὶ
1427 1418 1495 1472 δι’
1529 1418 1737 1487 ἀγίων;
1773 1414 1995 1487 καὶγὰρ
2021 1414 2169 1469 Παῦ·

570 1507 665 1568 λός
708 1521 860 1576 φησι·
916 1503 1124 1558 Πάντα
1164 1500 1333 1572 ὑμῶν
1381 1503 1559 1564 εἰσιν,
1605 1500 1727 1554 είτε
1764 1497 2007 1565 Παῦλος
2046 1499 2169 1552 ειτε

585 1586 897 1654 Ἀπολλὼς
925 1587 1049 1641 εἴτε
1074 1584 1306 1655 Κηφᾶς,
1331 1586 1451 1640 εἴτε
1476 1583 1587 1654 ζωὴ
1610 1585 1733 1639 εἴτε
1764 1583 2040 1649 θάνατος·
2071 1584 2170 1637 καί⁵

574 1672 759 1735 πάλιν,
794 1671 878 1725 ὃτι
930 1670 1125 1736 Αὐτὸς
1174 1667 1361 1723 ἔδωκε
1403 1668 1543 1736 τοὺς
1592 1666 1713 1739 μὲν
1755 1667 2167 1734 ἀποστόλους,

573 1754 718 1820 τοὺς
736 1753 805 1808 δὲ
825 1751 1160 1822 προφήτας,
1186 1751 1328 1819 τοὺς
1349 1750 1420 1805 δὲ
1444 1751 1737 1821 ποιμένας
1759 1749 1859 1805 καὶ
1880 1749 2170 1804 διδασκά-

571 1842 726 1903 λους
788 1837 940 1906 πρὸς
986 1834 1394 1905 καταρτισμὸν
1429 1833 1551 1889 τῶν
1593 1834 1801 1905 ἁγίων,
1850 1836 1938 1899 εις
1990 1833 2171 1902 ἔργον

570 1920 904 1988 διακονίας.
946 1919 1099 1973 Ἐπεὶ
1144 1920 1193 1973 εί
1224 1919 1300 1991 μὴ
1330 1917 1490 1973 τοῦτο
1514 1913 1606 1990 ἦν,
1635 1916 1791 1971 οὐδὲν
1830 1915 1898 1970 ἂν
1928 1916 2169 1970 ἒκώλυσε

573 2004 786 2066 πάντας
829 2001 1220 2074 διαφθαρῆναι.
1254 2000 1553 2072 Συμδαίνει
1594 2000 1705 2071 γάρ
1745 1999 2016 2070 ἄρχοντας
2067 1999 2171 2069 μὲν

574 2081 717 2139 εἶναι
762 2084 1003 2155 φαύλους
1057 2084 1156 2137 καὶ
1206 2084 1478 2156 μιαροὺς,
1527 2084 1658 2147 τοὺς
1707 2083 1765 2136 δὲ
1824 2080 2168 2154 ἀρχομένους

573 2170 848 2233 έπιεικεῖς
872 2167 969 2221 καὶ
1002 2168 1283 2239 μετρίους,
1309 2167 1405 2222 καὶ
1437 2166 1660 2231 λαῖκοῦς
1693 2166 1793 2237 μὲν
1827 2168 1887 2221 tv
1913 2165 2168 2236 εὐλαϐείᾳ

574 2252 697 2324 ζῇνν
734 2252 916 2325 ἱερέας
948 2251 1006 2305 δὲ
1030 2253 1090 2304 ἐν
1119 2251 1370 2323 πονηρίᾳ·
1400 2251 1497 2305 καὶ
1530 2251 1635 2305 οὐκ
1659 2249 1889 2321 ἔμελλεν
1923 2249 2047 2303 οὐδὲ
2071 2248 2169 2320 βά-

575 2351 789 2405 πτισμα
817 2332 980 2401 εἶναι,
1015 2331 1141 2388 οὔτε
1172 2333 1332 2406 σῶμα
1361 2331 1764 2405 Χριστοῦ,οῦτε
1794 2331 2087 2404 προσφορά
2099 2331 2166 2385 δι’

573 2418 823 2482 ἐκείνων,
848 2419 898 2471 εί
929 2416 1209 2488 πανταχοῦ
1240 2417 1338 2489 τὴν
1360 2417 1521 2485 ἀξίαν
1548 2418 1583 2488 η
1614 2416 1777 2488 χάρις
1800 2416 2006 2487 ἐζήτει.
2028 2415 2169 2469 Νυνὶ

570 2499 629 2553 δὲ
662 2500 755 2553 καὶ
783 2499 852 2553 δι’
885 2498 1117 2564 ἀναξίων
1147 2499 1338 2554 είωθεν
1369 2500 1616 2570 ἐνεργεῖν
1643 2501 1673 2554 6
1704 2499 1859 2562 Θεὸς,
1889 2499 1985 2553 καὶ
2013 2497 2168 2551 οὐδὲν

571 2584 669 2637 τοῦ
702 2582 1084 2654 βαπτίσματος
1108 2585 1140 2655 ἡ
1164 2584 1326 2655 χάρις
1362 2583 1516 2655 παρὰ
1542 2581 1636 2637 τοῦ
1659 2581 1778 2654 βίου
1805 2594 1830 2623 ι
1859 2579 1954 2636 τοῦ
1977 2582 2168 2652 ίερέως

574 2667 1046 2738 παραδλάπτεται·
1092 2670 1217 2723 ἐπεὶ
1257 2667 1483 2739 ἔμελλεν
1516 2670 1545 2720 6
1572 2666 1869 2739 λαμϐάνων
1910 2664 2169 2720 ἐλαττοῦ-

575 2753 722 2807 σθαι.
747 2754 911 2808 Ὥστε
949 2757 1000 2810 εἰ
1029 2756 1123 2808 καὶ
1163 2752 1458 2816 σπανιάκις
1480 2752 1693 2822 γίνεται
1721 2750 1921 2815 ταῦτα,
1953 2748 2168 2820 γίνεται

573 2834 705 2903 γοῦν
727 2836 898 2907 ὅμως.
933 2838 1121 2891 Ταῦτα
1140 2836 1197 2889 δὲ
1226 2835 1391 2904 λέγω,
1422 2835 1511 2888 ῖνα
1547 2837 1620 2906 μή
1643 2851 1729 2898 τις
1750 2833 1860 2888 τῶν
1888 2831 2169 2905 παρεστώ-

574 2935 683 2972 των
707 2919 800 2973 :6v
827 2919 942 2991 βίον
973 2920 1475 2993 περιεργαζόμενος
1497 2918 1591 2973 τοῦ
1633 2918 1844 2989 ἱερέως,
1878 2916 2169 2974 σκανδαλί-

575 2999 737 3069 ζηται
771 3003 902 3073 περὶ
933 3002 1002 3057 τὰ
1041 3002 1362 3073 τελούμενα.
1406 3000 1574 3055 Ούδὲν
1604 2999 1717 3071 γάρ
1747 2999 2039 3071 ἄνθρωπος
2086 3001 2169 3064 είς

573 3083 645 3137 τὰ
689 3087 1028 3157 προκείμενα
1067 3086 1299 3151 εἰσάγει,
1339 3084 1481 3140 ἀλλά
1514 3083 1577 3138 :6
1619 3085 1731 3138 πᾶν
1776 3084 1875 3153 τῆς
1909 3082 2009 3138 τοῦ
2030 3082 2173 3138 Θεοῦ

574 3165 863 3237 δυνάμεως
906 3168 1068 3240 ἔργον
1124 3168 1260 3235 ἐστὶ,
1286 3166 1542 3230 κάκεῖνός
1581 3167 1730 3221 ἐστιν
1764 3166 1911 3238 ὑμᾶς
1938 3167 1968 3220 6
1998 3183 2170 3238 μυστ-

574 3250 832 3319 αγωγῶν.
860 3252 1053 3323 Κάγὼ,
1091 3252 1366 3322 ἀδελφοί,
1393 3254 1506 3307 οὐκ
1534 3250 1853 3319 ἠδυνήθην
1883 3250 2029 3320 ὑμῖν
2060 3252 2169 3305 λα-

573 3330 765 3401 λῆσαι
823 3333 906 3402 ὡς
962 3335 1425 3405 πνευματικοῖς,
1485 3334 1626 3390 ἀλλ’
1684 3335 1767 3400 ὡς
1833 3333 2166 3404 σαρκικοῖς.

574 3414 749 3470 Γάλα
793 3417 950 3488 ὑμᾶς
996 3418 1270 3479 ἐπότισα,
1303 3419 1376 3472 οὐ
1414 3415 1630 3486 βρῶμα
1651 3416 1851 3472 ·οὔπω
1883 3417 1995 3487 γὰρ
2030 3416 2168 3471 ἐδύ-

574 3502 785 3554 νασθε.
810 3499 930 3554 Ὶνα
970 3499 1081 3571 γὰρ
1124 3499 1199 3571 μὴ
1236 3499 1364 3572 δόξῃ
1392 3499 1700 3571 φιλοτιμίας
1727 3499 1915 3552 ἓνεκεν
1950 3497 2168 3570 είρηκέο

574 3599 661 3637 ναι
688 3582 863 3637 ταῦτα
901 3582 1045 3656 άπερ
1074 3586 1317 3656 εἴρηκεν,
1345 3585 1429 3638 ὃτι
1486 3583 1548 3637 '0
1572 3581 1977 3652 πνευματικὸς
2017 3584 2169 3638 ἀνα-

574 3668 766 3735 κρίνει
820 3666 894 3722 τὰ
947 3666 1167 3730 πάντα,
1210 3667 1305 3721 καὶ
1355 3666 1439 3721 ὅτι
1479 3666 1610 3721 ’Υπ’
1637 3665 1885 3734 οὐδενὸς
1921 3666 2164 3735 ἀνακρίο

573 3765 764 3813 νεται,
794 3749 889 3803 καλ⁵
916 3750 1000 3804 ὅτι
1041 3748 1207 3804 Νοῦν
1232 3749 1495 3820 Χριστοῦ
1526 3748 1768 3819 ἔχομεν,
1824 3748 1922 3803 καὶ
1948 3747 2042 3803 τὸν
2072 3747 2170 3802 τῦ-

576 3849 678 3903 φον
709 3832 892 3887 αὐτῶν
915 3833 1315 3897 καταστέλλων,
1342 3833 1444 3906 δρα
1473 3832 1525 3887 τί
1547 3847 1731 3904 φησιν·
1758 3831 1835 3887 Ού
1868 3831 1960 3887 διά
1983 3831 2165 3901 τοῦτο,

578 3916 766 3985 φησὶν,
814 3917 1067 3988 ἑσίγησα,
1128 3916 1205 3981 ὡς
1251 3917 1406 3990 οὐδὲ)
1453 3915 1615 3971 πλέον
1670 3915 1973 3987 δυνάμενος
2036 3917 2168 3987 ὑμῖν

575 3999 771 4064 εἰπεῖν,
800 3998 916 4053 ἀλλ’
956 4001 1039 4054 ὅτι
1076 3999 1330 4072 σαρκικοί
1363 3999 1508 4057 ἐστε.
1551 3997 1718 4055 Ἀλλ’
1740 3998 1887 4054 οὐδὲ
1927 3999 2019 4056 ἔτι
2047 3998 2169 4054 νῦν

574 4080 862 4138 δύνασθε.

648 4230 714 4302 β’.
744 4229 844 4287 Διά
872 4230 927 4286 τί
953 4230 1030 4305 μὴ
1057 4226 1231 4299 εἶπεν,
1259 4232 1333 4287 Οὐ
1357 4230 1565 4294 θέλετε.
1595 4231 1733 4297 ἀλλ’,
1755 4233 1841 4286 Οὐ
1858 4230 2163 4296 δύνασθε;

575 4313 701 4370 Ὀτι
732 4315 875 4389 [καὶ]
900 4316 1061 4371 τοῦτο
1084 4317 1200 4371 ἀντ’
1234 4316 1446 4372 ἁκείνου
1480 4316 1711 4370 τέθεικε.
1742 4313 1817 4371 Τδ
1840 4315 1950 4386 γάρ
1978 4314 2054 4388 μὴ
2076 4313 2167 4368 δύ-

573 4398 793 4464 νασθαι,
826 4400 987 4454 τοῦτο
1022 4401 1131 4454 ἀπὸ
1166 4398 1259 4454 τοῦ
1299 4398 1374 4471 μὴ
1413 4398 1591 4453 θέλειν
1617 4398 1785 4453 ἐστίν·
1809 4399 1946 4470 ὅπερ
1982 4399 2166 4462 αὐτοῖς

578 4484 678 4554 μὲν
712 4483 870 4553 φέρει
893 4483 1259 4555 κατηγορίαν,
1277 4482 1357 4554 τῷ
1385 4482 1444 4537 δὲ
1465 4481 1773 4553 διδασκάλῳ
1807 4480 2162 4552 συγγνώμην.

574 4566 641 4619 Εί
672 4564 771 4635 μὲν
805 4565 916 4636 γὰρ
958 4565 1069 4619 ἀπὸ
1107 4565 1326 4636 φύσεως
1361 4565 1467 4619 οὐκ
1500 4562 1786 4635 ἠδύναντο,
1813 4563 1944 4627 τσως
1969 4563 2036 4619 ἀν
2079 4580 2166 4628 τις

579 4647 844 4716 συνέγνω·
878 4648 1072 4720 ἐπειδὴ
1101 4648 1159 4703 δὲ
1194 4647 1309 4703 ἀπὸ
1337 4648 1733 4721 προαιρέσεως,
1761 4647 2165 4719 ἀπεστέρηνται

577 4731 677 4803 τῆς
702 4731 1016 4800 ἀπολογίας.
1055 4727 1194 4787 Εἶτα
1220 4731 1367 4801 λέγει
1391 4733 1488 4786 καὶ
1511 4732 1574 4787 τὸ
1596 4727 1737 4796 εἶδος
1761 4731 1825 4786 τὸ
1856 4730 2046 4785 ποιοῦν
2074 4730 2167 4785 a6-

576 4815 704 4876 τοὺς
734 4814 1052 4886 σαρκικούς·
1095 4814 1293 4870 Ὅπου
1313 4816 1425 4886 τὰρ
1450 4815 1523 4869 ἐν
1543 4814 1688 4885 ὑμῖν
1724 4814 1850 4884 ἔρις
1871 4813 1971 4868 καί
1988 4812 2168 4883 ζῆλος

576 4897 677 4950 καὶ
698 4896 1085 4966 διχοστασία,
1106 4897 1246 4969 οὐχὶ
1266 4901 1549 4968 σαρκικοί
1568 4898 1732 4962 ἐστε,
1770 4897 2041 4953 καὶκατὰ
2060 4896 2166 4952 άν-

577 4981 816 5047 θρωπον
851 4981 1258 5048 περιπατεῖτες
1284 4980 1398 5055 [67]
1430 4982 1627 5038 Καίτοι
1658 4981 1757 5036 καλ⁵
1787 4981 2046 5051 πορνείας
2070 4980 2166 5035 κοιλ⁸

577 5061 870 5131 ἀσελγείας
899 5063 1040 5135 ἔχων
1063 5063 1249 5119 αὐτῶν
1286 5065 1484 5128 εἰπεῖν,
1529 5066 1706 5119 έκεῖνο
1742 5063 1943 5136 μᾶλλον
1986 5063 2168 5134 τίθησι

578 5145 640 5197 τὸ
677 5145 1006 5217 ἁμάρτημα,
1039 5146 1181 5219 ὅπερ
1216 5147 1522 5201 ἐσπούδασε
1560 5146 1961 5220 διορθώσασθαι
2003 5147 2163 5212 τέως.

580 5229 644 5283 Et
674 5229 731 5283 δὲ
784 5230 945 5301 ζῆλος
987 5232 1286 5305 σαρκικοὺς
1319 5234 1485 5300 ποιεῖ,
1527 5232 1646 5302 ὥρα
1693 5232 1879 5286 λοιπὸν
1919 5232 2171 5297 ἅπαντας

580 5311 824 5379 έλολῦξσι
856 5314 1001 5385 μέγα
1029 5315 1126 5369 καὶ
1172 5315 1377 5369 σάκκον
1409 5315 1798 5387 περιϐαλέσθαι
1840 5315 1937 5370 καὶ
1971 5315 2168 5370 σποδὸν

580 5393 1056 5466 ὖποστρώσασθαι.
1083 5397 1180 5462 Τίς
1221 5399 1329 5470 γὰρ
1371 5397 1465 5451 τοῦ
1524 5397 1731 5461 πάθους
1768 5398 1961 5452 τούτου
1996 5397 2171 5452 καθα-

579 5479 704 5549 ρὸς;
734 5478 876 5549 πλὴν
908 5481 956 5532 εἰ
991 5480 1068 5552 μὴ
1095 5480 1189 5534 ἀπ’
1214 5480 1451 5551 ἐμαυτοῦ
1485 5480 1582 5536 καὶ
1612 5481 1682 5536 τά
1705 5482 1814 5536 τῶν
1841 5482 2018 5537 ἀλλων
2046 5499 2169 5536 στο-

579 5563 835 5633 χάζομαι.
868 5564 932 5617 El
960 5563 1120 5634 ζῆλος
1166 5568 1463 5637 σαρκικοὺς
1496 5570 1640 5621 ποιεῖ
1667 5569 1762 5621 καὶ
1791 5569 1893 5622 οὐκ
1941 5568 2168 5638 ἀφίησιν

580 5642 719 5697 εἶναι
760 5650 1191 5717 πνευματικοὺς,
1245 5649 1423 5702 καίτοι
1473 5666 1539 5719 γε
1575 5650 2020 5722 προφητεύοντας
2074 5652 2170 5705 καὶ

581 5725 743 5799 ιτερα
785 5730 1075 5801 θαυμαστά
1118 5732 1613 5805 ἐπιδεικνυμένους·
1658 5737 1790 5794 ὅταν
1831 5737 1972 5812 μηδὲ
2005 5736 2169 5810 χάρις

640 5879 660 5907 ⁸
685 5883 754 5937 ιιι
776 5888 923 5949 ch.;
947 5889 1070 5938 editi
1103 5901 1241 5953 vero,
1264 5893 1295 5948 ἡ
1322 5890 1456 5955 χάρις
1475 5890 1561 5941 τοῦ
1598 5892 1723 5955 βίου.

2268 404 2505 476 τοσαύτη
2552 408 2726 478 παρῇ,
2769 405 2875 461 ποῦ
2924 407 3167 478 θήσομεν
3214 405 3284 461 τὰ
3310 406 3579 480 ἡμέτερα,
3608 408 3737 465 ὅταν
3776 410 3859 484 μὴ

2268 490 2364 543 ἐπὶ
2391 488 2567 561 τούτῳ
2593 491 2760 562 μόνῳ,
2790 490 2929 545 ἀλλά
2956 492 3052 546 καὶ
3079 491 3166 562 ἐφ’
3200 492 3409 562 ἑτέροις
3436 492 3681 563 μείζοσιν
3705 487 3861 565 ὦμεν

2269 572 2650 644 ἀλισκόμενοι;
2712 573 2995 627 Ἐντεῦθεν
3053 573 3423 645 μανθάνομεν,
3484 575 3567 629 ὅτι
3627 577 3860 643 εἰκότως

2267 655 2457 724 ἔλεγεν
2484 657 2515 710 6
2539 654 2795 727 Χριστὸς,
2819 658 2902 711 ὅτι
2938 658 2967 711 6
2994 657 3163 709 ποιιῖιν
3194 655 3265 710 τά
3292 655 3473 726 φαῦλα
3499 658 3602 712 ούκ
3637 659 3860 730 ἔρχεται

2267 740 2405 810 πρὸς
2443 740 2506 792 τὸ
2552 739 2693 808 φῶς,
2725 740 2820 794 καὶ
2846 740 2928 795 ὅτι
2963 740 3076 809 βίος
3103 739 3416 811 ἀκάθαρτος
3453 740 3735 811 ἱμποδίζει
3772 741 3864 797 δό-

2266 839 2475 894 γμασιν
2524 823 2774 895 ὑψηλοῖς,
2820 825 2922 878 ούκ
2958 824 3118 893 ἀφεὶς
3165 822 3230 877 :6
3267 822 3574 896 διορατικδν
3619 826 3862 896 φανῆναι

2265 907 2367 977 τῆς
2396 907 2657 972 διανοίας.
2700 909 2912 980 Ὠσπερ
2955 906 3051 963 οὖν
3091 908 3193 962 ούκ
3235 906 3384 962 ἔστιν
3414 909 3474 962 tv
3502 909 3679 981 πλάνη
3724 908 3863 965 ὄντα

2266 991 2362 1044 καὶ
2386 990 2563 1063 ὀρθῶς
2592 989 2813 1061 βιοῦντα
2865 994 3046 1063 μεῖναι
3088 992 3147 1044 ἐν
3194 989 3374 1063 πλάνῃ
3411 991 3563 1058 ποτὲ,
3588 990 3763 1055 οὓτως
3794 993 3859 1045 ού

2270 1073 2454 1145 ῥᾴδιον
2512 1075 2751 1148 πονηρίᾳ
2807 1073 3243 1147 συντρεφόμενον
3293 1074 3594 1145 ἀναϐλέψαι
3647 1076 3863 1147 ταχέως

2269 1154 2411 1226 πρὸς
2454 1156 2516 1211 :6
2558 1157 2667 1211 τῶν
2698 1158 2830 1229 παρ’
2850 1160 2986 1228 ἡμῖν
3017 1157 3305 1229 δογμάτων
3361 1155 3518 1228 ὕψος,
3569 1158 3708 1213 ἀλλά
3751 1157 3863 1233 χρὴ

2268 1238 2488 1292 πάντων
2520 1242 2849 1313 καθαρεύειν
2887 1240 2998 1293 τῶν
3023 1239 3214 1294 παθῶν
3240 1239 3334 1294 :6v
3378 1240 3645 1311 μέλλοντα
3684 1241 3865 1315 θηρᾷν

2265 1323 2367 1393 τὴν
2391 1323 2669 1395 ἀλήθειαν.
2702 1325 2762 1377 ’0
2793 1324 2903 1394 γάρ
2933 1322 3139 1378 τούτων
3173 1323 3612 1396 ἀπηλλαγμένος,
3640 1325 3735 1379 καὶ
3759 1325 3864 1396 τῆς

2268 1406 2481 1479 πλάνης
2529 1407 3003 1479 ἀπαλλαγήσεται,
3052 1407 3149 1462 καὶ
3187 1406 3531 1475 ὲπιτεύξεται
3584 1407 3685 1478 τῆς
3718 1408 3863 1479 ἀλη-

2268 1488 2439 1552 θείας.
2467 1487 2560 1560 Μὴ
2589 1490 2698 1561 γάρ
2738 1508 2829 1559 μοι
2851 1491 2914 1545 :6
2940 1489 3016 1563 μὴ
3043 1490 3388 1545 πλεονεκτεῖν
3415 1490 3599 1562 μόνον,
3637 1489 3773 1562 μηδὲ
3801 1490 3866 1545 τὸ

2270 1572 2348 1645 μὴ
2372 1573 2657 1645 πορνεύειν
2682 1576 2872 1644 ἀρκεῖν
2893 1575 2973 1638 εἰς
2995 1572 3156 1628 τοῦτό
3180 1590 3261 1628 σοι
3288 1573 3475 1646 νόμιζε
3500 1583 3545 1640 ⁸,
3573 1574 3711 1629 ἀλλά
3750 1574 3864 1647 χρὴ

2268 1656 2447 1711 πάντα
2491 1657 2819 1728 συνδραμεῖν
2861 1656 2942 1729 τῷ
2992 1655 3248 1728 ζητοῦντι
3289 1657 3547 1729 τάληθές.
3598 1656 3691 1711 Διό
3724 1675 3864 1730 φησι

2269 1739 2477 1809 Πέτρος
2502 1753 2515 1768 ·
2566 1740 2687 1792 Ἐπ’
2713 1740 3003 1807 ἀληθείας
3030 1739 3582 1810 καταλαμϐάνομαι,
3619 1740 3709 1795 ὅτι
3747 1743 3867 1796 οὐκ

2268 1822 2401 1878 ἐστι
2427 1823 2958 1891 προσωπολήπτης
2985 1827 3019 1878 ό
3049 1824 3216 1891 Θεὸς,
3242 1824 3382 1879 ἀλλ’
3404 1824 3476 1878 ἐν
3495 1822 3679 1877 παντί
3700 1824 3867 1879 ἔθνει

2268 1908 2303 1961 ὀ
2349 1907 2723 1976 φοϐούμενος
2762 1907 2974 1972 αὑτὸν,
3012 1907 3113 1961 καὶ
3138 1905 3525 1977 ἐργαζόμενος
3554 1906 3867 1961 δικαιοσύ-

2268 2005 2406 2059 νην,
2429 1988 2640 2056 δεκτὸς
2672 1989 2835 2056 αὐτῷ
2851 1990 3006 2044 ἐστι·
3035 1990 3304 2055 τουτέστι,
3327 1988 3485 2044 καλεῖ
3506 1988 3602 2044 καὶ
3628 1990 3869 2044 ἐπισπᾶ-

2268 2091 2360 2127 ται
2394 2073 2558 2128 αὑτὸν
2590 2074 2726 2144 πρὸς
2754 2075 2853 2144 τὴν
2878 2074 3159 2146 ἀλήθειαν.
3205 2076 3319 2145 Ούχ
3348 2075 3483 2146 δρᾷς
3511 2074 3748 2140 Παῦλον,
3778 2076 3893 2130 δτι.

2271 2158 2491 2213 πάντων
2522 2158 2877 2231 σφοδρότερος
2906 2153 2977 2231 ἦν
3001 2160 3060 2212 tv
3093 2157 3172 2230 τῷ
3201 2158 3461 2228 πολεμεῖν
3489 2158 3584 2212 καὶ
3603 2157 3865 2229 διώκεινς

2270 2239 2391 2294 ἀλλ’
2431 2241 2584 2311 ὅμως
2632 2241 2820 2312 ἐπειδὴ
2858 2240 2973 2312 βίον
3016 2240 3257 2312 ἄληπτον
3294 2235 3430 2312 εἶχε,
3462 2241 3556 2295 καὶ
3591 2242 3652 2295 ού
3693 2241 3866 2297 πάθει

2267 2324 2443 2380 ταῦτα
2482 2326 2752 2398 ἔπραττεν
2793 2326 3140 2398 ἀνθρωπίνῳ,
3174 2327 3269 2379 καὶ
3298 2326 3489 2399 ἐδέχθη
3532 2328 3627 2381 καὶ
3652 2328 3866 2393 πάντας

2270 2410 2724 2483 ὑπερηκόντισεν.
2752 2410 2816 2464 Et
2837 2408 2894 2463 δὲ
2911 2409 3061 2479 λέγοι
3083 2427 3187 2474 τις,
3213 2410 3339 2475 Πῶς
3359 2411 3389 2464 6
3415 2411 3563 2465 δεῖνα
3579 2412 3609 2465 6
3635 2410 3864 2483 Ἕλλην,

2269 2493 2508 2565 χρηστὸς
2533 2492 2609 2547 ὢν
2632 2492 2728 2547 καὶ
2757 2491 2962 2562 ἀγαθὸς
2989 2492 3085 2547 καὶ
3107 2492 3510 2565 φιλάνθρωπος,
3541 2494 3693 2566 μένει
3718 2493 3866 2548 πλα-

2268 2576 2538 2648 νώμενος;
2570 2577 2751 2629 έκεῖνο
2783 2573 2852 2629 ἃν
2889 2575 3122 2646 εἴποιμι·
3161 2576 3244 2630 ὅτι
3289 2577 3477 2649 ἕτερον
3515 2577 3629 2647 ἔχει
3661 2577 3864 2643 πάθος,

2269 2660 2631 2733 κενοδοξίανῆ
2654 2659 2885 2715 νωθείαν
2911 2659 3111 2731 ψυχῆς,
3152 2660 3184 2731 ἢ
3215 2660 3274 2714 :6
3305 2660 3382 2732 μὴ
3417 2663 3689 2735 μεριμνᾷν
3728 2662 3866 2733 περὶ

2266 2747 2369 2818 τῆς
2391 2747 2602 2810 οἰκείας
2636 2746 2934 2817 σωτηρίας,
2961 2745 3078 2799 ἀλλ’
3105 2743 3295 2809 ἁπλῶς
3339 2747 3435 2800 καὶ
3473 2747 3598 2817 είκῆ
3632 2746 3703 2800 τά
3736 2746 3864 2801 κατ’

2268 2829 2433 2886 αὑτὸν
2458 2830 2720 2901 φέρεσθαι
2761 2830 3026 2901 νομίζειν.
3075 2830 3135 2884 '0
3161 2830 3218 2885 δὲ
3248 2830 3462 2895 Παῦλος
3495 2829 3587 2884 τὸν
3627 2831 3867 2903 ἐργαζό-

2271 2931 2434 2985 μενον
2463 2914 2833 2986 δικαιοσύνην,
2858 2913 2951 2968 τὸν
2974 2915 3033 2967 ὲν
3055 2916 3222 2968 πᾶσιν
3242 2913 3485 2986 ἄληπτόν
3511 2931 3672 2986 φησι,
3707 2915 3867 2970 κατὰ

2267 2998 2671 3065 δικαιοσύνην
2703 2997 2820 3066 τὴν
2848 2998 2920 3051 ἐν
2943 2997 3106 3067 νόμῳ
3152 2998 3468 3070 γενόμενον·
3511 2999 3624 3065 καὶ,
3672 2997 3867 3067 Χάριν

2268 3081 2389 3153 ἔχω
2416 3081 2498 3148 τῷ
2535 3080 2657 3146 Θεῷ
2683 3074 2732 3147 ᾧ
2758 3082 3029 3150 λατρεύω
3053 3082 3171 3138 ἀπὸ
3194 3082 3507 3152 προγόνων
3534 3083 3606 3137 ἐν
3630 3081 3867 3151 καθαρᾷ

2268 3164 2641 3232 συνειδήσει.
2672 3164 2798 3228 Πῶς
2819 3161 2934 3232 οὖν,
2967 3167 3155 3235 φησιν,
3184 3165 3488 3237 ἀκάθαρτοι
3525 3164 3868 3236 κατηξιώθη-

2270 3247 2493 3302 σαντοῦ
2518 3248 2909 3320 κηρύγματοςς
2947 3247 3166 3320 Ἐπειδὴ
3201 3247 3476 3319 ἠθέλησαν
3519 3248 3617 3303 καὶ
3655 3247 3865 3302 ἐπεθύ-

2272 3348 2474 3403 μησαν.
2544 3332 2684 3394 Τοὺς
2727 3332 2828 3402 μὲν
2874 3331 2984 3402 γάρ
3034 3332 3130 3385 καὶ
3183 3330 3632 3403 πεπλανημένους
3685 3331 3863 3398 ἕλκει,

2268 3413 2489 3467 έπειδὰν
2551 3413 2741 3467 παθῶν
2793 3413 3163 3485 καθαρεύωσι·
3222 3414 3351 3478 τοὺς
3404 3415 3463 3468 δὲ
3512 3415 3607 3484 ἀφ’
3647 3414 3865 3468 ἑαυτῶν

2270 3496 2597 3567 προσιόντας
2616 3497 2677 3551 ού
2707 3497 3001 3552 διωθεῖται·
3031 3496 3220 3551 πολλοὶ
3238 3497 3298 3551 δὲ
3325 3496 3423 3552 καὶ
3447 3496 3557 3551 ἀπὸ
3578 3497 3867 3566 προγόνων

2268 3580 2517 3646 ἐδέξαντο
2548 3580 2649 3652 τὴν
2676 3580 2983 3636 εὐσέϐειαν.
3019 3580 3212 3636 Ὅπου
3242 3581 3354 3650 γὰρ
3403 3581 3475 3635 ἐν
3501 3574 3643 3650 ὑμῖν
3678 3579 3865 3649 ζῆλος

2266 3665 2367 3719 καί
2395 3666 2538 3732 ἔρις.
2591 3663 2792 3718 Λοιπὸν
2826 3664 2965 3736 πρὸς
3005 3662 3134 3728 τοὺς
3163 3663 3502 3735 ἀρχομένους
3536 3664 3861 3721 ἀποδύεται.

2281 3746 2371 3802 'Ev
2403 3748 2503 3818 μὲν
2531 3747 2639 3818 γάρ
2667 3747 2782 3810 τοῖς
2816 3744 3131 3818 ἔμπροσθεν
3164 3746 3295 3810 τοὺς
3323 3747 3591 3818 ἄρχοντας
3615 3748 3863 3802 κατέδα-

2267 3830 2380 3895 λεν,
2404 3831 2595 3895 εἰπὼν,
2625 3832 2708 3885 ὅτι
2740 3829 2954 3895 οὐδενὸς
2981 3830 3109 3897 ἀξία
3153 3829 3188 3901 ἠ
3224 3829 3387 3899 σοφία
3411 3830 3506 3883 τοῦ
3549 3829 3731 3900 λόγου·
3775 3834 3863 3885 ἑν-

2266 3914 2445 3970 ταῦθα
2475 3915 2533 3969 δὲ
2573 3914 2703 3980 τοὺς
2745 3913 3082 3986 ἀρχομένους
3135 3912 3383 3985 πλήττει,
3428 3912 3627 3983 λέγων·
3671 3915 3862 3970 Ὅταν

2266 4000 2379 4071 γὰρ
2431 3999 2581 4069 λέγῃ
2634 4016 2745 4065 τις,
2790 3998 2935 4069 Ἐγὼ
2972 3996 3091 4069 μὲν
3149 3998 3268 4067 ειμι
3311 3998 3579 4063 Παύλου,
3629 3998 3745 4068 ἐγὼ
3791 3999 3863 4053 δὲ

2279 4081 2562 4146 Ἀπολλὼ,
2606 4080 2743 4152 οὐχί
2786 4081 3065 4153 σαρκικοί
3100 4081 3282 4146 ἐστε;
3322 4080 3417 4135 καὶ
3448 4080 3720 4136 δείκνυσιν
3774 4083 3862 4136 ὅτι

2265 4164 2425 4220 τοῦτο
2447 4165 2509 4219 οὐ
2543 4164 2703 4236 μόνον
2722 4163 2922 4229 αὐτοὺς
2945 4164 3101 4219 οὐδὲν
3126 4163 3358 4237 ὤνησεν,
3380 4164 3500 4218 οὐδὲ
3525 4164 3861 4237 προσλαϐεῖν

2265 4264 2323 4302 τι
2378 4247 2702 4318 πεποίηκεν,
2752 4246 2892 4301 άλλά
2954 4247 3048 4301 καὶ
3103 4247 3243 4319 πρὸς
3291 4246 3393 4318 τὴν
3435 4246 3545 4302 τῶν
3592 4248 3863 4318 μειζόνων

2264 4330 2537 4402 ὠφέλειαν
2589 4330 2891 4384 ἐνεπόδισε.
2945 4329 3119 4384 Τοῦτο
3164 4330 3273 4401 γάρ
3303 4330 3466 4402 ζῆλον
3492 4330 3697 4385 ἔτεκεν·
3736 4334 3767 4384 6
3799 4332 3860 4385 δὲ

2266 4413 2430 4486 ζῆλος
2460 4414 2759 4485 σαρκικοὺς
2783 4412 3030 4481 ἐποίησε·
3057 4410 3173 4484 [681,
3206 4412 3268 4466 :6
3292 4414 3353 4467 δὲ
3376 4413 3631 4481 γενέσθαι
3660 4431 3861 4484 σαρκι-

2267 4498 2418 4562 κοὺς,
2450 4498 2548 4551 ούκ
2576 4496 2790 4568 ἀφῆκεν
2818 4496 3049 4551 ἀκοῦσαι
3076 4496 3187 4549 τῶν
3213 4496 3583 4567 ὑψηλοτέρων.
3623 4498 3720 4563 Τίς
3739 4494 3863 4553 οὖν

2265 4580 2400 4635 ἐστι
2428 4579 2689 4646 Παῦλος,
2714 4581 2806 4646 τίς
2839 4579 2908 4633 δὲ
2939 4579 3282 4646 Ἀπολλώς;
3305 4579 3460 4634 Μετὰ
3485 4581 3598 4651 γὰρ
3618 4579 3717 4651 τὴν
3743 4579 3860 4634 τῶν

2267 4662 2610 4736 πραγμάτων
2648 4662 2995 4733 κατασκευὴν
3037 4662 3134 4716 καὶ
3178 4660 3479 4729 ἀπόδειξιν,
3518 4662 3861 4734 γυμνότερον

2266 4746 2454 4802 λοιπον
2490 4747 2758 4818 κέχρηται
2800 4748 2868 4818 τῇ
2911 4746 3238 4818 κατηγορίᾳ·
3270 4746 3367 4801 καὶ
3397 4746 3459 4800 :6
3490 4745 3657 4800 αὑτοῦ
3684 4746 3863 4817 ὄνομα

2266 4830 2473 4904 τίθησι,
2505 4832 2689 4884 πᾶσαν
2725 4830 3026 4902 περιαιρῶν
3049 4828 3387 4901 τραχύτητα,
3427 4830 3523 4884 καὶ
3550 4829 3652 4884 οὐκ
3695 4831 3862 4900 ἀφεὶς

2266 4914 2588 4987 ὀργισθῆναι
2629 4913 2766 4985 πρὸς
2790 4912 2863 4967 τὰ
2885 4913 3178 4984 λεγόμενα.
3221 4913 3286 4968 Εί
3312 4914 3426 4985 γάρ
3464 4913 3677 4978 Παῦλος
3701 4913 3861 4971 οὐδέν

2268 4998 2385 5052 ἐστι
2419 4998 2513 5052 καὶ
2539 4997 2642 5051 οὐκ
2670 4997 2990 5067 ἀγανακτεῖ,
3026 4995 3208 5068 πολλῷ
3238 4996 3438 5068 μᾶλλον
3462 4997 3705 5061 ἐκείνους
3724 4997 3859 5052 δυσ-

2269 5079 2544 5152 χεραίνειν
2585 5079 2686 5134 ούκ
2725 5079 2916 5153 έχρῆν.
2945 5079 3118 5152 Διπλῇ
3143 5080 3325 5135 τοίνυν
3361 5081 3562 5146 αὐτοὺς
3596 5097 3862 5153 παραμυ-

2269 5164 2467 5229 θεῖται,
2492 5164 2571 5234 τῷ
2596 5181 2656 5217 τε
2680 5164 2875 5218 ἑαυτὸν
2896 5162 3195 5231 ύποθεῖναι,
3226 5164 3319 5219 καὶ
3335 5165 3414 5237 τῷ
3441 5165 3515 5238 μὴ
3539 5165 3741 5230 παντὸς
3765 5165 3864 5219 αὖ·

2268 5248 2398 5312 τοὺς
2417 5246 2797 5320 ἀποστερῆσαι
2815 5247 2892 5310 ὡς
2911 5247 3068 5301 οὐδὲν
3087 5248 3493 5312 συντελοῦντας·
3511 5248 3651 5302 ἀλλά
3673 5247 3861 5303 δίδωσι

2272 5331 2377 5402 μὲν
2425 5331 2614 5396 αὐτοῖς
2657 5347 2711 5385 τι
2746 5331 2965 5403 μικρὸν,
2995 5329 3181 5386 δίδωσι
3208 5330 3268 5385 δι
3301 5332 3473 5402 ὅμως.
3502 5329 3694 5385 Εῖπιῖιν
3722 5331 3859 5402 γάρ,

2274 5415 2371 5482 Τίς
2391 5411 2506 5471 οὖν
2529 5415 2662 5469 ἐστι
2690 5414 2950 5483 Παῦλος,
2973 5415 3066 5483 τίς
3087 5414 3158 5468 δὲ
3192 5415 3492 5484 Ἀπολλώς
3513 5417 3858 5488 ;ὲπήγαγεν·

2270 5499 2410 5554 ἀλλ’
2457 5499 2497 5569 ἢ
2546 5498 2814 5554 διάκονοι
2854 5499 2931 5554 δι’
2967 5493 3057 5554 ὧν
3094 5499 3538 5566 ἐπιστεύσατε;
3592 5500 3767 5555 Τοῦτο
3800 5500 3861 5555 δι

2270 5581 2404 5636 αὐτὸ
2439 5582 2540 5652 μὲν
2578 5580 2700 5635 καθ’
2719 5581 2879 5636 έαυτδ
2908 5582 3051 5653 μέγα
3079 5583 3175 5636 καὶ
3204 5582 3415 5638 πολλῶν
3443 5583 3594 5648 ἀξιον
3625 5582 3861 5655 μισθῶν,

2272 5665 2411 5739 πρὸς
2436 5664 2494 5718 δὲ
2517 5665 2578 5718 :6
2609 5663 2920 5737 ἀρχέτυπον
2952 5665 3047 5719 καὶ
3073 5664 3173 5737 τὴν
3202 5665 3359 5738 ῥίζαν
3385 5666 3492 5720 τῶν
3522 5665 3743 5737 ἀγαθῶν
3767 5667 3863 5720 ού-

2342 5835 2367 5863 “
2392 5832 2445 5881 In
2474 5846 2584 5901 {mo_
2611 5834 2719 5901 cod.
2755 5834 2860 5901 hagc
2898 5836 3303 5901 interpopuntur,
3345 5837 3401 5886 ού
3440 5838 3529 5901 γὰρ
3578 5841 3609 5897 ἡ
3671 5838 3859 5890 τούτων

2279 5895 2498 5957 ἀποφυγὴ
2527 5896 2667 5957 μόνον
2690 5897 2825 5960 ἀρκεῖ
2847 5898 2963 5960 πρὸς
2985 5895 3272 5959 κατάληψιν.
