4086 6448
312 366 377 425 ω
1394 360 1458 419 IN
1498 359 1763 419 EPlST.I
1827 357 1920 416 AD
1956 356 2114 415 con.
2155 359 2383 416 noun-
2429 359 2560 417 Vlll.
3559 375 3634 431 τυ

323 485 523 539 reditea
553 497 671 548 me,
712 498 822 536 non
853 483 974 536 novi
1005 496 1091 536 vos
1112 522 1127 548 ,
1158 479 1243 549 qui
1287 477 1570 550 operamini
1611 473 1927 545 iniquitatem

328 575 556 649 (Matth.
590 575 651 628 7.
673 573 792 644 ‘25)
822 592 836 626 :
872 587 1198 643 quamquam
1229 570 1504 625 dzemonas
1538 568 1847 636 ejecerunt,
1879 571 1934 617 et

329 683 572 724 mortuos
607 668 967 733 suscitarunt,
1005 677 1164 735 atque
1191 661 1502 734 prophetias
1528 659 1853 714 extulerunt.

404 762 506 829 Qui
531 761 686 831 signa
716 759 874 830 facit,
921 766 1081 826 potest
1122 772 1226 809 esse
1254 753 1493 808 carnalis.
1518 780 1590 790 —-
1613 751 1801 819 Itaque
1828 760 1930 817 po-

339 863 438 908 test
467 854 634 906 etiam
663 851 709 904 is
759 849 849 919 qui
897 850 1048 919 signa
1080 846 1242 911 facit,
1273 859 1396 900 esse
1427 840 1682 898 carnalis.
1715 839 1847 894 Nam
1876 844 1931 892 et

342 947 395 999 in
423 944 645 998 Balaam
695 942 839 996 Deus
884 949 967 994 est
1010 946 1297 1008 cperatus,
1343 943 1398 990 et
1444 932 1707 988 Pharaoni
1754 930 1930 985 futura

338 1037 616 1100 revelavit,
649 1049 859 1090 necnon
889 1029 1434 1093 Nabuchodonosori;
1466 1037 1520 1083 et
1547 1025 1777 1096 Caiphas
1803 1040 1928 1094 pro-

342 1130 581 1199 phetavit
603 1171 620 1195 ,
664 1127 913 1182 nesciens
943 1125 1064 1195 quid
1093 1123 1298 1178 diceret
1324 1139 1336 1175 :
1375 1120 1592 1191 quidam
1620 1119 1782 1173 etiam
1814 1117 1928 1172 dte-

336 1222 523 1277 monia
565 1220 846 1290 ejecerunt
889 1218 1004 1287 ejus
1052 1215 1299 1279 nomine,
1348 1213 1452 1268 etsi
1497 1227 1618 1266 cum
1664 1210 1783 1280 ipso
1821 1225 1926 1264 non

335 1323 531 1369 erant:
580 1328 703 1367 nam
750 1327 853 1366 non
902 1319 1119 1380 propter
1147 1317 1434 1378 operantes
1467 1305 1583 1360 haec
1611 1304 1779 1368 fiunt,
1826 1301 1922 1357 sed

332 1415 561 1474 propter
619 1404 771 1458 alios.
821 1401 976 1470 Stepe
1023 1400 1182 1456 etiam
1228 1413 1324 1468 per
1372 1396 1641 1467 indignos.
1691 1395 1758 1449 Et
1800 1393 1928 1463 quid

335 1499 576 1565 miraris,
610 1497 655 1552 si
703 1497 754 1550 in
790 1496 919 1549 viris
951 1493 1179 1564 indignis
1219 1498 1438 1562 propter
1467 1490 1600 1544 alios
1631 1488 1749 1542 hac
1777 1487 1923 1550 ﬁant,

332 1609 458 1647 cum
502 1592 666 1646 etiam
715 1605 808 1660 per
845 1588 1094 1642 sanctos?
1135 1585 1330 1640 Paulus
1376 1585 1518 1640 enim
1565 1581 1712 1647 dicit,
1742 1581 1929 1635 Omnia

332 1694 506 1739 vestra
561 1691 716 1743 sunt,
766 1683 868 1734 sive
914 1679 1132 1739 Paulus,
1158 1679 1261 1731 sive
1301 1675 1509 1748 Apollo,
1538 1675 1642 1729 sive
1687 1674 1923 1744 Ceplms,

334 1779 438 1829 sive
477 1775 601 1840 vita,
647 1775 748 1828 sive
789 1788 925 1825 mors
949 1772 1024 1842 (ι.
1052 1770 1166 1824 Cor.
1199 1769 1250 1822 5.
1281 1767 1404 1838 ‘29.);
1435 1776 1490 1820 et
1519 1781 1730 1821 rursum
1758 1783 1771 1820 :
1806 1764 1831 1818 Ι
1839 1781 1927 1836 pse

334 1871 474 1922 dedit
516 1869 646 1922 alios
671 1866 872 1937 quidem
914 1867 1203 1933 apostolos,
1246 1863 1376 1915 alios
1407 1869 1574 1913 autem
1613 1860 1884 1930 prepltetos
1908 1901 1922 1925 ,

335 1963 468 2014 alios
497 1971 727 2029 pastores
756 1968 800 2010 et
827 1959 1057 2010 doctores
1081 1955 1148 2007 ad
1171 1952 1533 2024 perfectionem
1553 1961 1842 2004 sanctorum
1873 1950 1925 2001 in

332 2069 464 2121 opus
506 2051 769 2104 ministerii
818 2049 1033 2121 (Ephes.
1065 2047 1117 2101 4.
1156 2046 1264 2117 12).
1306 2045 1437 2098 Nam
1483 2044 1583 2097 nisi
1618 2043 1719 2098 hoc
1739 2051 1922 2107 esset,

333 2145 468 2200 nihil
496 2144 794 2198 obstitisset
827 2141 1114 2212 quominus
1159 2154 1348 2193 omnes
1391 2137 1653 2208 perirent.
1698 2137 1924 2190 Contin-

332 2240 409 2309 git
451 2239 596 2292 enim
650 2235 918 2306 principes
945 2247 1065 2287 esse
1104 2231 1272 2285 malos
1302 2239 1357 2285 et
1386 2229 1678 2284 sceleratos
1704 2270 1716 2292 ,
1743 2226 1924 2282 subdi-

335 2339 529 2398 tesque
586 2327 755 2381 bonos
791 2335 845 2379 et
874 2323 1210 2386 moderatos;
1240 2331 1293 2375 et
1332 2320 1498 2376 laicus
1537 2319 1587 2372 in
1617 2319 1814 2388 pietate
1843 2317 1926 2371 vi-

336 2431 442 2474 tam
494 2433 692 2490 agere,
739 2417 1049 2473 sacerdOtes
1094 2425 1270 2470 autem
1317 2413 1370 2468 in
1419 2412 1702 2482 nequitia:
1753 2425 1925 2481 neque

335 2514 572 2566 futurum
602 2519 719 2565 erat
745 2521 802 2564 ut
832 2509 1126 2578 baptismus
1156 2514 1318 2570 esset,
1350 2520 1522 2575 neque
1550 2518 1749 2573 corpus
1775 2501 1926 2558 Chrio

333 2604 400 2657 sti
424 2645 436 2665 ,
468 2618 568 2657 nec
593 2601 793 2655 oblatio
819 2615 912 2669 per
945 2600 1064 2653 illos
1086 2641 1100 2666 ,
1131 2599 1177 2652 si
1201 2597 1398 2668 ubique
1426 2597 1615 2666 dignos
1637 2597 1807 2666 gratia
1838 2611 1924 2651 re-

332 2695 593 2764 quireret.
625 2692 774 2746 Nunc
814 2701 993 2746 autem
1025 2690 1184 2744 etiam
1215 2704 1311 2758 per
1342 2687 1587 2756 indignos
1619 2687 1758 2740 Deus
1785 2685 1924 2740 solet

332 2786 582 2856 operari,
620 2794 672 2838 et
702 2784 831 2836 nihil
882 2783 1092 2837 Iazditur
1138 2780 1307 2852 gratia
1340 2778 1588 2850 baptismi
1639 2793 1735 2848 per
1762 2777 1922 2831 vitam

331 2878 666 2934 sacerdotis:
696 2891 817 2929 nam
848 2875 971 2929 hinc
994 2875 1038 2929 is
1065 2875 1153 2944 qui
1183 2872 1397 2943 accipit,
1433 2872 1612 2926 minus
1641 2871 1923 2926 habiturus

332 2973 491 3026 foret.
530 2972 710 3040 Itaque
748 2971 846 3025 etsi
879 2971 992 3024 haec
1037 2983 1156 3023 raro
1188 2967 1348 3031 fiunt,
1396 2968 1528 3021 liunt
1558 2973 1756 3021 tamen.
1791 2964 1922 3022 Haec

329 3075 512 3118 autem
543 3062 686 3128 dico,
713 3070 769 3115 ut
799 3077 865 3116 ne
892 3062 1011 3131 quis
1037 3077 1100 3116 ex
1140 3059 1492 3130 prmsentibus
1513 3059 1580 3113 de
1605 3058 1713 3112 vita
1743 3073 1924 3113 sacer-

327 3155 471 3208 dotis
501 3154 714 3208 curiose
761 3154 1040 3223 inquiras
1060 3192 1074 3219 ,
1121 3150 1514 3206 scandalizetur
1540 3149 1679 3203 circa
1711 3164 1776 3204 ea
1803 3164 1922 3220 quae

329 3249 380 3300 in
410 3247 685 3317 mysteriis
717 3253 1058 3315 peraguntur.
1093 3242 1229 3297 Nihil
1257 3243 1399 3297 enim
1431 3239 1592 3296 homo
1623 3242 1674 3295 in
1712 3257 1774 3296 ea
1803 3257 1923 3312 qua:

329 3343 705 3409 proponuntur
726 3336 946 3401 inducit,
973 3335 1065 3390 sed
1094 3343 1261 3388 totum
1292 3343 1376 3389 est
1397 3334 1493 3388 Dei
1515 3334 1725 3387 virtutis
1747 3347 1884 3403 Opus
1904 3373 1918 3397 ,

329 3443 382 3487 et
403 3433 494 3485 ille
514 3439 596 3483 est
623 3429 709 3499 qui
736 3443 831 3482 vos
854 3428 905 3481 in
934 3427 1199 3498 mysteriis
1226 3426 1417 3478 initiat.
1452 3424 1515 3477 Et
1539 3441 1632 3495 ego
1655 3466 1669 3491 ,
1696 3428 1884 3494 fratres
1905 3463 1918 3486 ,

331 3543 427 3579 non
447 3525 595 3594 pomi
620 3523 756 3577 vobis
777 3522 912 3591 loqui
932 3531 985 3574 ut
1012 3519 1388 3589 spiritualibus,
1413 3519 1503 3572 sed
1527 3527 1580 3570 ut
1603 3517 1918 3570 carnalibus.

329 3617 432 3672 Lac
460 3619 601 3670 vobis
631 3626 802 3685 petunt
831 3615 983 3678 dedi,
1021 3629 1121 3667 non
1163 3628 1364 3667 escam:
1396 3613 1621 3665 nondum
1664 3611 1797 3664 enim
1828 3627 1921 3679 po-

331 3712 528 3764 teratis.
564 3709 638 3762 Ne
668 3707 941 3762 videretur
967 3705 1110 3759 enim
1154 3703 1462 3758 ambitionis
1485 3718 1642 3758 causa
1677 3704 1792 3757 haec
1834 3701 1919 3756 di-

331 3804 474 3856 xisse
499 3844 517 3867 ,
551 3816 746 3870 nempe
767 3840 782 3866 ,
816 3799 1114 3869 Spiritualis
1161 3797 1409 3864 dijudicat
1453 3797 1655 3861 omnia,
1687 3806 1734 3850 et
1760 3812 1791 3848 a
1827 3811 1918 3848 ne-

331 3896 464 3946 mine
481 3893 782 3964 judicatur;
811 3899 900 3954 ct,
931 3889 1151 3943 Mentem
1190 3888 1380 3944 Christi
1405 3889 1649 3940 habemus
1683 3885 1772 3958 (ι.
1799 3885 1918 3940 Cor.

329 3984 364 4037 9.
411 3986 500 4038 15.
527 3983 616 4055 16)
640 4001 652 4046 ;
679 3982 892 4036 illorum
917 3981 1110 4035 fastum
1135 3979 1581 4049 reprimens,vide
1602 3977 1728 4048 quid
1755 3977 1917 4032 dicat.

330 4075 448 4130 Non
479 4075 602 4129 ideo
625 4116 638 4138 ,
663 4075 854 4142 inquit,
888 4071 1063 4136 tacui,
1091 4071 1244 4142 quasi
1276 4070 1405 4125 nihil
1437 4071 1572 4124 ultra
1597 4069 1780 4123 dicere
1803 4083 1923 4136 pos—

337 4183 477 4233 sem,
502 4167 596 4220 sed
627 4166 748 4235 quia
771 4163 1017 4218 carnales
1044 4164 1192 4217 estis.
1225 4162 1331 4217 Sed
1356 4178 1513 4232 neque
1534 4176 1666 4214 nunc
1694 4159 1919 4230 potestis.

401 4259 459 4312 2.
494 4260 604 4311 Cur
631 4272 735 4310 non
762 4257 933 4319 dixit,
966 4256 1078 4310 Non
1125 4255 1285 4310 vultis
1306 4295 1322 4321 ,
1353 4255 1447 4309 sed
1473 4295 1488 4319 ,
1525 4252 1650 4307 Non
1679 4254 1924 4324 potestis?

334 4351 468 4418 Quia
503 4349 605 4403 hoc
637 4364 731 4419 pro
763 4349 856 4401 illo
905 4347 1097 4416 posuit.
1134 4346 1267 4400 Nam
1318 4346 1458 4416 quod
1509 4362 1614 4399 non
1661 4353 1920 4415 possent,

336 4445 460 4499 inde
489 4451 606 4497 erat
626 4441 765 4512 quod
795 4441 1031 4505 nollent;
1062 4440 1203 4509 quod
1235 4441 1342 4494 illis
1367 4439 1582 4509 quidem
1626 4440 1924 4509 reprehen-

335 4538 579 4598 sionem,
610 4534 867 4603 magistro
893 4542 1069 4586 autem
1104 4532 1314 4586 veniam
1347 4530 1522 4586 allert.
1552 4531 1760 4584 Etenim
1787 4531 1830 4584 si
1855 4545 1922 4584 ex

337 4640 527 4682 natura
572 4642 679 4680 non
709 4627 1040 4696 potuissent,
1073 4624 1299 4678 fortasse
1329 4624 1448 4693 quis
1477 4623 1798 4694 ignovisset;
1830 4621 1924 4676 sed

339 4722 461 4791 quia
520 4735 584 4775 ex
639 4719 914 4788 preposito
971 4716 1294 4779 voluntatis,
1357 4713 1671 4769 defensione
1717 4723 1920 4768 carent.

342 4810 546 4865 lteinde
575 4809 789 4862 modum
817 4806 1088 4873 ostendit,
1120 4821 1226 4876 quo
1252 4806 1498 4859 carnales
1526 4814 1651 4858 sunt
1677 4823 1688 4858 :
1719 4805 1770 4859 3.
1798 4803 1922 4858 Cum

339 4908 474 4960 enim
519 4905 583 4957 sit
613 4904 740 4956 inter
775 4917 862 4955 vos
891 4902 1141 4954 contentio
1165 4941 1178 4965 ,
1212 4901 1351 4953 zelus
1377 4909 1422 4952 et
1449 4898 1695 4951 dissensio
1714 4939 1728 4962 ,
1760 4913 1926 4950 nonne

339 4994 572 5051 carnales
600 4996 743 5055 estis,
771 5003 816 5046 et
843 4992 1118 5046 secundum
1151 4991 1400 5044 hominem
1428 4989 1736 5042 ambulatis?
1765 4987 1926 5059 Atqui

339 5104 464 5143 cum
494 5085 856 5156 possitdicere
879 5085 1091 5138 illorum
1116 5083 1524 5136 fornicationem
1547 5090 1600 5135 et
1620 5080 1922 5144 libidinem,

343 5179 474 5233 illud
505 5179 680 5248 potius
708 5186 983 5247 peccatum
1013 5176 1198 5246 ponit,
1230 5173 1372 5245 quod
1407 5174 1619 5228 interim
1651 5174 1925 5244 corrigere

341 5273 566 5328 studuit.
599 5270 750 5338 Quod
792 5271 836 5323 si
864 5270 1010 5324 zelus
1038 5270 1286 5324 carnales
1318 5267 1507 5334 faciat,
1537 5277 1706 5321 restat
1733 5279 1788 5320 ut
1814 5268 1924 5336 jam

339 5381 529 5422 onlnes
555 5365 843 5418 admodum
867 5362 1091 5433 ejulent,
1115 5377 1328 5416 saccum
1367 5360 1590 5414 induant
1617 5368 1668 5414 et
1690 5360 1926 5414 cinerem

340 5461 710 5516 substernant.
743 5457 875 5524 Quis
920 5455 1062 5510 enim
1096 5455 1253 5521 hujus
1295 5454 1409 5509 vitii
1443 5467 1636 5522 expers
1673 5453 1794 5508 est?
1823 5453 1928 5507 nisi

339 5569 403 5607 ex
446 5567 534 5607 me
586 5550 654 5605 de
685 5549 805 5602 aliis
837 5547 974 5603 facio
999 5547 1388 5615 conjecturam.
1421 5546 1475 5600 Si
1507 5545 1654 5600 zelus
1681 5545 1929 5600 carnales

340 5645 466 5702 facit
508 5657 613 5698 nec
656 5641 785 5695 sinit
814 5653 933 5694 esse
976 5639 1315 5709 spirituales,
1348 5637 1560 5693 etiamsi
1605 5636 1930 5708 prophetent

338 5750 390 5794 et
419 5739 527 5794 alia
559 5734 820 5791 miracula
849 5733 1046 5797 edant;
1075 5746 1197 5787 cum
1231 5748 1335 5787 non
1365 5738 1512 5786 tanta
1539 5731 1924 5801 aderitgratia,

335 5835 558 5890 ubinam
573 5840 758 5888 nostra
771 5828 1171 5893 collocabimus,
1185 5826 1399 5897 quando
1416 5841 1521 5882 non
1540 5825 1593 5881 in
1611 5825 1712 5882 hoc
1726 5823 1924 5894 solum,

690 5939 962 5997 Psrnoc.
1011 5938 1054 5998 ι]
1068 5957 1124 5996 n.
1178 5935 1336 6000 LXI.

2041 470 2136 525 sed
2162 481 2214 526 et
2243 473 2294 526 in
2322 473 2440 529 aliis
2477 473 2768 544 majoribus
2794 477 2934 546 capti
2975 478 3270 536 fuerimus?
3296 483 3428 540 lliuc
3462 487 3630 544 disci-

2041 576 2161 616 mus
2187 563 2308 630 jure
2335 564 2535 619 dixisse
2566 559 2833 620 Christum
2859 570 2990 636 :Qui
3015 569 3139 626 facit
3169 574 3450 640 mala,non
3485 581 3633 635 venit

2040 655 2107 709 ad
2135 656 2308 711 lucem
2335 657 2516 729 (Joan.
2544 659 2599 715 3.
2622 659 2749 731 20);
2778 670 2833 716 et
2861 662 3001 731 quod
3033 665 3138 719 vita
3168 667 3373 735 impura
3407 671 3632 741 impedi-

2040 760 2222 804 mento
2246 752 2314 806 sit
2344 752 2660 808 sublimibus
2681 754 3047 825 dogmatibus,
3079 774 3183 813 non
3211 761 3394 816 sinens
3436 765 3631 819 anima:

2038 845 2496 915 perspicacilatcm
2539 861 2818 916 apparere.
2849 849 3310 915 Quemadmodum
3356 854 3470 911 fieri
3520 873 3628 912 non

2039 946 2217 1006 potest
2243 947 2300 994 ut
2329 940 2372 993 is
2400 939 2490 1009 qui
2537 940 2588 994 in
2620 955 2807 996 errore
2837 950 2919 997 est
2961 951 3015 997 et
3041 953 3190 998 recte
3221 945 3381 1014 vivit,
3414 963 3630 1005 maneat

2038 1029 2092 1084 in
2123 1043 2346 1084 errore:
2378 1030 2449 1084 ita
2480 1045 2586 1086 non
2619 1030 2776 1086 facile
2817 1042 2994 1102 potest
3025 1034 3070 1088 is
3091 1077 3106 1101 ,
3149 1037 3240 1106 qui
3283 1037 3336 1092 in
3389 1041 3629 1110 nequitia

2037 1121 2195 1188 vivit,
2243 1122 2350 1177 cito
2396 1123 2664 1192 respicere
2697 1123 2765 1178 ad
2815 1125 3066 1181 sublimia
3112 1138 3295 1185 nostra
3339 1131 3626 1202 dogmata,

2037 1213 2131 1268 sed
2161 1214 2229 1268 ah
2259 1215 2508 1270 omnibus
2547 1215 2690 1270 vitiis
2718 1233 2912 1287 purum
2942 1233 3063 1275 esse
3096 1231 3310 1291 oportet
3333 1239 3456 1279 eum
3479 1266 3496 1292 ,
3535 1227 3630 1296 qui

2037 1305 2312 1360 veritatem
2337 1315 2418 1360 est
2440 1315 2748 1363 venaturus.
2777 1308 2908 1364 Nam
2931 1311 3020 1382 qui
3051 1312 3118 1367 ab
3148 1313 3213 1368 iis
3242 1314 3496 1370 liberatus
3516 1327 3620 1384 est,

2034 1395 2195 1448 etiam
2226 1395 2292 1450 ab
2321 1411 2505 1451 errore
2537 1397 2854 1454 liberabitur
2884 1409 2938 1455 et
2967 1403 3246 1458 veritatem
3279 1420 3621 1476 assequetur.

2034 1488 2113 1544 Ne
2163 1489 2307 1544 enim
2354 1491 2632 1546 existimes
2690 1492 2759 1547 ad
2811 1493 2912 1548 hoc
2964 1496 3095 1550 satis
3141 1512 3262 1552 esse
3304 1499 3349 1553 si
3396 1514 3502 1554 non
3548 1501 3627 1558 sis

2034 1595 2263 1648 avarus,
2295 1582 2380 1635 vel
2421 1583 2463 1636 si
2513 1599 2618 1637 non
2649 1585 2961 1651 forniceris;
3011 1587 3102 1641 sed
3151 1592 3410 1658 oportet‘
3439 1593 3623 1647 omnia

2034 1689 2359 1730 concurrere
2395 1674 2449 1729 in
2478 1691 2543 1731 eo
2573 1677 2662 1746 qui
2695 1679 2889 1748 qumrit
2929 1681 3233 1736 veritatem.
3267 1682 3393 1738 Ideo
3419 1685 3493 1739 ait
3520 1685 3623 1742 Pe-

2034 1775 2146 1821 trus
2171 1785 2184 1820 :
2214 1766 2281 1821 In
2329 1769 2536 1823 veritate
2566 1772 2959 1838 comprehendo,
3003 1777 3138 1845 quod
3162 1793 3262 1830 non
3291 1779 3353 1830 sit
3381 1796 3626 1848 persona-

2031 1876 2146 1912 rum
2176 1869 2408 1931 acceptor
2435 1859 2608 1928 Deus;
2636 1863 2724 1916 sed
2749 1864 2800 1916 in
2829 1865 2968 1918 omni
2994 1876 3142 1937 gente
3181 1869 3267 1938 qui
3291 1871 3430 1923 timet
3455 1871 3622 1940 ipsum

2031 1961 2077 2003 et
2100 1961 2340 2020 operatur
2359 1953 2638 2020 justitiam,
2663 1966 2898 2026 acceptus
2918 1968 2990 2011 est
3013 1958 3090 2012 illi
3113 1960 3248 2029 (Act.
3274 1961 3360 2017 10.
3383 1963 3471 2018 54.
3495 1965 3616 2033 55);

2033 2041 2085 2096 id
2117 2051 2234 2107 est,
2268 2054 2426 2098 vocat
2473 2053 2528 2100 et
2577 2047 2800 2101 attrahit
2848 2049 3018 2118 ipsum
3047 2050 3113 2104 ad
3143 2053 3443 2109 veritatem.
3504 2056 3622 2110 Non

2032 2132 2179 2186 vides
2207 2132 2427 2188 Paulum
2448 2176 2464 2200 ,
2495 2137 2583 2204 qui
2611 2138 3119 2196 vehementissimus
3146 2145 3386 2198 omnium
3417 2157 3532 2201 erat
3566 2148 3619 2202 in

2031 2223 2278 2280 bellando
2320 2235 2376 2280 et
2420 2229 2834 2299 persequendo?
2859 2239 3095 2288 attamen
3139 2235 3264 2304 quia
3297 2237 3622 2309 inculpatam

2030 2315 2190 2370 vitam
2221 2316 2468 2384 ducebat,
2497 2329 2550 2374 et
2579 2337 2685 2376 non
2708 2337 2773 2376 ex
2795 2323 2924 2378 vitio
2949 2324 3184 2380 humano
3213 2325 3328 2382 haec
3354 2327 3619 2396 faciebat,

2031 2416 2085 2463 et
2127 2418 2378 2477 acceptus
2425 2411 2522 2465 fuit
2563 2421 2616 2466 et
2644 2427 2832 2468 omnes
2864 2415 3020 2485 longe
3066 2419 3360 2486 superavit.
3406 2421 3461 2476 Si
3501 2423 3622 2490 quis

2031 2514 2159 2554 vero
2185 2499 2328 2554 dicat
2352 2542 2367 2566 ,
2399 2502 2681 2568 Quomodo
2706 2504 2796 2558 ille
2823 2505 3088 2576 quispiam
3117 2507 3337 2564 Grrecus
3358 2551 3373 2576 ,
3403 2513 3494 2582 qui
3523 2513 3620 2567 bo-

2031 2606 2133 2644 nus
2178 2599 2295 2658 est,
2344 2591 2606 2662 benignus
2651 2603 2706 2648 et
2753 2593 3056 2661 humanus,
3089 2597 3140 2651 in
3171 2613 3358 2654 errore
3399 2606 3619 2658 manet?

2029 2683 2158 2738 illud
2190 2683 2589 2753 responderim,
2621 2684 2764 2739 aliud
2789 2701 2913 2740 eum
2944 2687 3147 2746 habere
3177 2691 3396 2759 vitium,
3423 2708 3616 2748 vanam

2028 2775 2253 2846 gloriam
2288 2786 2379 2830 aut
2404 2777 2569 2831 animi
2616 2778 2914 2849 ignaviam,
2943 2790 3035 2836 aut
3059 2781 3126 2837 de
3169 2783 3342 2839 salute
3382 2800 3476 2840 sua
3509 2802 3614 2842 non

2027 2879 2251 2933 curare,
2299 2867 2394 2923 sed
2440 2876 2630 2938 putare
2657 2885 2746 2924 res
2793 2885 2920 2926 suas
2965 2886 3092 2927 casu
3134 2883 3188 2929 et
3232 2883 3437 2933 temere
3462 2878 3616 2934 ferri.

2027 2960 2227 3016 Paulus
2270 2969 2448 3017 autem
2482 2977 2603 3016 eum
2623 3004 2637 3026 ,
2669 2964 2759 3034 qui
2788 2975 3043 3035 operatur
3067 2967 3332 3036 justitiam
3355 3012 3368 3034 ,
3413 2972 3465 3025 in
3497 2987 3619 3027 om-

2027 3053 2185 3108 nibus
2215 3053 2544 3124 ineulpatum
2568 3054 2730 3122 dicit,
2760 3055 3052 3111 Secundum
3090 3061 3349 3131 justitiam
3386 3079 3502 3134 qure
3541 3075 3614 3119 est

2029 3164 2090 3202 ea:
2111 3149 2218 3218 lege
2248 3147 2518 3219 (Philipp.
2554 3149 2608 3203 5.
2640 3149 2736 3219 6);
2769 3161 2860 3215 et,
2891 3149 3094 3206 Gratias
3123 3170 3219 3223 ago
3247 3152 3376 3220 Deo,
3406 3157 3488 3209 cui
3514 3173 3620 3210 ser-

2026 3239 2160 3293 vioa
2190 3239 2468 3310 majoribus
2508 3243 2561 3293 in
2608 3257 2738 3310 pura
2783 3243 3090 3296 conscientia
3142 3244 3231 3314 (2.
3273 3244 3409 3299 Tim.
3444 3247 3496 3301 1.
3526 3248 3617 3317 5).

2026 3331 2311 3399 Quomodo
2358 3332 2556 3402 igitur,
2600 3333 2813 3403 inquies
2837 3377 2853 3401 ,
2884 3335 3076 3404 impuri
3108 3337 3487 3406 praedicatione
3530 3340 3615 3393 di-

2026 3425 2172 3493 gnati
2203 3427 2366 3479 sunt?
2388 3426 2522 3494 Quia
2550 3426 2834 3488 voluerunt
2867 3438 2922 3483 et
2944 3429 3341 3485 desiderarunt.
3370 3432 3498 3486 Nam
3529 3450 3618 3488 er.

2028 3527 2210 3572 rantes
2233 3518 2396 3571 etiam
2425 3518 2607 3584 trahit,
2637 3519 2682 3574 si
2712 3519 2898 3574 mundi
2927 3519 3036 3574 sint
3062 3538 3087 3572 2
3125 3523 3496 3591 pass-ionibus;
3525 3539 3620 3579 eos

2027 3618 2227 3675 autem,
2254 3610 2342 3680 qui
2367 3625 2461 3665 sua
2491 3619 2685 3681 sponte
2712 3613 3008 3680 accedunt,
3042 3629 3149 3668 non
3174 3616 3388 3685 repellit
3417 3634 3429 3668 :
3462 3617 3619 3672 multi

2026 3717 2156 3757 vero
2180 3703 2344 3757 etiam
2372 3717 2402 3756 a
2431 3703 2726 3772 majoribus
2752 3705 2895 3773 piam
2924 3704 3240 3775 religionem
3270 3719 3614 3776 acceperunt.

2027 3792 2154 3848 Cum
2179 3795 2311 3849 enim
2341 3795 2394 3848 in
2417 3795 2553 3849 vobis
2579 3799 2644 3850 sit
2684 3796 2824 3851 zelus
2849 3806 2896 3851 et
2921 3799 3194 3852 contentio.
3230 3800 3454 3854 Dcmum
3483 3802 3616 3857 sub-

2026 3887 2170 3943 ditos
2215 3888 2623 3959 impugnaturus
2670 3891 2896 3945 accedit.
2947 3891 3004 3945 In
3059 3893 3428 3961 superioribus
3472 3895 3617 3950 enim

2026 3982 2295 4052 principes
2340 3982 2538 4052 dejecit
2580 3983 2796 4048 dicens,
2844 3993 3122 4038 externam
3153 3985 3368 4040 dicendi
3408 3987 3623 4056 sapien-

2029 4074 2156 4128 tiam
2197 4073 2397 4127 nullius
2439 4088 2561 4127 esse
2588 4073 2783 4142 pretii:
2817 4074 2904 4128 hic
2945 4083 3121 4129 autem
3152 4075 3396 4130 subditos
3426 4077 3619 4130 redar-

2026 4167 2140 4236 guit
2159 4166 2343 4221 dicens
2370 4184 2382 4220 :
2411 4167 2464 4220 4.
2491 4165 2618 4219 Cum
2645 4166 2776 4218 enim
2798 4168 2908 4234 quis
2935 4167 3093 4233 dicat,
3134 4165 3245 4238 Ego
3275 4169 3479 4236 quidem
3508 4185 3620 4222 sum

2029 4258 2206 4323 Pauli,
2234 4276 2324 4329 ego
2354 4268 2520 4311 autem
2563 4258 2770 4327 Apollo,
2804 4275 2972 4312 nonne
2996 4259 3228 4314 carnales
3258 4260 3415 4313 estis?
3443 4269 3497 4314 et
3524 4276 3620 4316 os-

2030 4352 2202 4408 tendit
2227 4351 2329 4406 hoc
2357 4366 2465 4404 non
2493 4350 2655 4404 modo
2684 4351 2818 4404 nihil
2845 4351 2948 4404 illis
2973 4350 3258 4419 profuisse,
3290 4367 3466 4420 neque
3490 4351 3622 4406 elle—

2029 4445 2169 4498 cisse
2196 4451 2252 4497 ut
2279 4443 2477 4511 aliquid
2505 4443 2815 4511 acciperent
2835 4484 2848 4508 ,
2882 4442 2976 4498 sed
3007 4443 3269 4512 majorum
3301 4459 3480 4497 rerum
3510 4445 3619 4496 uti-

2031 4537 2232 4591 litatem
2261 4535 2622 4604 impedivisse.
2655 4535 2769 4590 [Ioc
2793 4536 2936 4590 enim
2978 4535 3151 4589 zelum
3186 4535 3430 4606 peperit:
3474 4535 3622 4590 zelus

2029 4635 2207 4682 autem
2253 4626 2500 4681 carnales
2545 4625 2666 4680 illos
2695 4625 2911 4682 ell‘ecit:
2961 4625 3102 4696 quod
3152 4636 3332 4681 autem
3378 4628 3624 4682 carnales

2031 4719 2204 4774 ell‘ecti
2250 4719 2388 4785 sint,
2424 4717 2475 4771 id
2505 4734 2609 4772 non
2639 4718 2765 4772 sivit
2803 4718 3117 4774 sublimiora
3161 4719 3370 4777 audire.
3406 4721 3459 4775 5.
3495 4718 3624 4784 Quis

2031 4814 2184 4884 igitur
2210 4822 2280 4868 est
2307 4812 2504 4868 Paulus
2525 4853 2540 4879 ,
2583 4812 2695 4882 quis
2724 4813 2950 4882 Apollo?
2976 4811 3108 4867 Nam
3139 4821 3259 4882 post
3285 4830 3463 4868 rermu
3493 4829 3625 4884 pro"

2034 4905 2304 4960 bationem
2331 4912 2388 4959 et
2413 4903 2930 4959 demonstrationem
2957 4904 3196 4972 apertius
3219 4904 3412 4959 deinde
3440 4921 3623 4974 repre-

2035 4997 2294 5051 hensione
2337 5011 2468 5050 usus
2497 5004 2614 5060 est;
2645 5004 2700 5051 et
2744 5011 2899 5050 suum
2924 4995 3078 5049 affert
3122 5012 3356 5058 nomen,
3403 5013 3622 5052 omnem

2034 5088 2229 5143 tollens
2258 5088 2630 5157 asperitatem,
2659 5103 2767 5142 non
2798 5087 3116 5158 permittens
3143 5096 3202 5141 ut
3228 5087 3296 5142 de
3323 5087 3482 5144 dictis
3513 5090 3624 5142 ira-

2034 5191 2339 5237 scerentur.
2374 5181 2429 5236 Si
2460 5181 2602 5235 enim
2631 5180 2830 5234 Paulus
2866 5179 2999 5233 nihil
3025 5189 3106 5234 est
3135 5189 3191 5236 et
3230 5195 3337 5236 non
3370 5179 3622 5252 indigna-

2036 5281 2122 5326 tur
2142 5313 2158 5338 ,
2186 5272 2356 5326 multo
2384 5273 2562 5327 minus
2589 5271 2710 5326 illos
2732 5286 2874 5342 aegre
2902 5271 3044 5327 ferre
3074 5273 3377 5341 oportebat.
3412 5274 3624 5343 Duplici

2036 5380 2166 5434 ergo
2207 5365 2416 5420 ratione
2465 5365 2587 5420 illos
2631 5365 2943 5419 consolatur
2964 5405 2978 5427 ,
3003 5373 3059 5420 et
3083 5365 3224 5434 quod
3257 5366 3499 5436 seipsum
3527 5381 3628 5437 po-

2037 5457 2226 5520 suerit,
2251 5468 2304 5512 et
2330 5457 2471 5528 quod
2498 5473 2605 5512 non
2630 5457 2776 5512 sinat
2801 5471 2898 5512 eos
2917 5458 3168 5513 omnibus
3198 5459 3414 5528 privari,
3439 5467 3627 5528 utpote

2036 5549 2127 5620 qui
2165 5549 2297 5604 nihil
2335 5550 2693 5614 contulerint;
2737 5549 2832 5604 sed
2873 5549 3076 5620 aliquid
3101 5549 3194 5604 dat
3219 5550 3325 5604 illis
3350 5548 3622 5603 modicum

2101 5705 2639 5768 lnunoCodJegitur...
2669 5706 2942 5758 Fornieeris
2971 5721 2987 5757 :
3008 5720 3099 5757 non
3119 5700 3259 5757 enim
3281 5702 3496 5768 atalibus
3515 5704 3635 5755 ubs-

2039 5772 2192 5824 tinerc
2220 5768 2394 5834 stt/[icit
2434 5766 2500 5820 ad
2545 5769 2911 5833 intelligentiam
2935 5773 3319 5831 consequendum
3341 5779 3358 5818 :
3381 5766 3467 5817 sed
3491 5780 3639 5830 opor-

2042 5841 2170 5888 tet...

3241 5911 3280 5974 5
