4086 6416
549 328 609 382 7i
1280 320 1337 380 S.
1376 319 1650 377 JOANNIS
1687 317 2154 376 CIIRYSOSTOMI
2195 318 2510 375 ARCHIEP.
2550 319 3082 378 CONSTANTINOP.
3771 331 3837 388 72

550 457 729 512 certe,
753 445 845 501 dat
873 453 1072 499 tamen.
1101 442 1234 499 Cum
1261 441 1482 496 dixisset
1509 439 1650 494 enim
1677 457 1690 494 :
1720 439 1845 506 Quis
1885 450 1956 495 est
1987 439 2134 494 Pau-

551 538 666 600 ltts,
711 537 824 609 quis
851 535 1078 607 Apollo?
1110 533 1416 602 subjuttxit,
1453 529 1573 585 Nisi
1616 530 1838 586 ministri
1884 548 1974 602 per
2013 549 2138 603 quas

550 628 876 684 credidistis?
919 627 1031 682 lloc
1059 640 1188 680 vero
1217 639 1312 694 per
1343 637 1401 677 se
1443 637 1694 692 magnum
1743 631 1826 677 est
1871 632 1926 678 et
1970 623 2136 678 multa

552 719 806 775 mercede
833 718 1086 788 dignum;
1135 715 1182 771 si
1227 714 1517 782 aSpiciatur
1567 723 1748 769 autem
1789 713 1855 768 ad
1885 715 2136 785 archetyo

553 828 679 883 pum
725 821 781 869 et
823 811 1057 867 radicem
1101 809 1364 864 bonorum
1390 847 1405 872 ,
1435 805 1572 862 nihil
1603 814 1704 860 est.
1733 805 1849 862 Non
1875 806 2019 862 enim
2045 807 2135 878 qui

549 908 706 962 bonis
735 905 1036 969 ministrat,
1069 900 1163 958 sed
1186 901 1277 971 qui
1309 915 1372 956 ea
1405 899 1606 970 praebet
1632 907 1688 954 et
1713 899 1912 966 donat,
1942 899 2029 956 hic
2050 909 2137 958 est

551 1000 641 1068 qui
685 998 947 1054 beneﬁcio
994 993 1178 1050 afﬁcit.
1211 992 1320 1048 Nec
1360 991 1533 1058 dixit,
1577 991 1968 1062 Evangelistaa,
2000 994 2131 1060 sed,

551 1090 792 1154 Ministri,
815 1091 958 1158 quod
983 1087 1152 1154 majus
1171 1092 1274 1142 est.
1307 1083 1493 1154 Neque
1525 1083 1667 1138 enim
1694 1083 1868 1140 solum
1893 1098 2131 1154 evange-

548 1186 800 1247 lizarunt,
828 1180 924 1236 sed
965 1180 1124 1236 etiam
1155 1177 1309 1234 nobis
1353 1177 1766 1232 ministravere:
1815 1175 1946 1231 illud
1987 1178 2129 1232 enim

506 1313 510 1318 .
546 1276 599 1330 in
623 1274 788 1329 verbo
808 1281 1013 1328 tantum
1033 1272 1195 1325 situm
1219 1277 1324 1332 est,
1351 1268 1455 1322 hoc
1483 1269 1536 1322 itt
1563 1281 1745 1337 Opere.
1771 1265 2128 1334 Quamobrem

543 1367 643 1423 etsi
671 1366 919 1421 Christus
959 1363 1203 1419 minister
1246 1360 1418 1416 solum
1466 1368 1549 1415 est
1591 1361 1892 1422 bonorum,
1924 1369 1982 1414 et
2021 1373 2128 1414 non

542 1460 657 1530 ipse
683 1459 832 1514 radix
856 1466 911 1514 et
938 1455 1056 1512 fons
1083 1465 1352 1526 tamquam
1374 1452 1544 1508 Filius
1563 1494 1578 1521 ,
1603 1451 1725 1509 vide
1750 1467 1981 1524 quonam
2009 1452 2128 1510 haec

540 1567 628 1609 res
654 1552 969 1608 deducatur.

610 1646 664 1700 5.
705 1642 986 1712 Quomodo
1014 1641 1175 1713 igitur
1195 1682 1210 1707 ,
1244 1639 1488 1710 inquies,
1515 1637 1644 1694 dicit
1671 1652 1793 1694 eum
1823 1637 2123 1693 ministrum

536 1739 704 1794 fuisse
747 1733 1212 1793 circumcisionis‘t
1271 1733 1347 1788 De
1387 1730 1786 1802 dispensatione
1829 1729 2122 1786 secundum

537 1846 756 1888 carnem
786 1830 857 1886 ibi
887 1827 1116 1899 loquitur
1135 1870 1152 1893 ,
1180 1837 1234 1882 et
1261 1841 1366 1880 non
1398 1841 1464 1880 eo
1492 1823 1651 1880 modo
1679 1839 1785 1894 quo
1815 1837 1957 1878 nunc
1981 1821 2120 1877 dixi-

535 1939 656 1980 mus
681 1941 695 1976 :
724 1937 844 1978 nam
874 1921 984 1978 illic
1007 1919 1310 1975 ministrum
1340 1918 1471 1973 dicit
1497 1917 1641 1972 illum
1672 1917 1760 1986 qui
1787 1915 2118 1985 adimplevit,

534 2031 639 2072 non
667 2030 792 2071 eum
822 2013 913 2084 qui
941 2027 1009 2068 ex
1040 2026 1100 2068 se
1130 2011 1267 2066 bona
1297 2008 1545 2081 praebuit.
1572 2006 1682 2064 Nec
1705 2007 1868 2073 dixit,
1898 2007 1998 2074 Qui
2025 2021 2120 2062 vos

530 2108 800 2164 adducunt
821 2105 889 2161 ad
920 2103 1078 2160 ﬁdem
1105 2144 1120 2170 ,
1147 2101 1242 2158 sed
1265 2143 1278 2168 ,
1315 2099 1421 2156 Per
1439 2116 1563 2171 quos
1589 2098 1908 2164 credidistis;
1936 2112 2120 2154 rursus

530 2203 636 2258 illis
673 2202 794 2273 plus
839 2198 1079 2254 tribuens
1101 2237 1119 2263 ,
1149 2204 1206 2251 et
1245 2194 1370 2249 hinc
1413 2192 1689 2248 ministros
1723 2191 2016 2246 declarans.
2060 2191 2119 2249 Si

527 2308 656 2364 ergo
681 2290 836 2348 alteri
862 2287 1253 2353 ministrabant,
1277 2284 1546 2357 quomodo
1567 2282 1622 2338 bi
1644 2282 1906 2353 arripiunt
1928 2291 2115 2338 aucto-

525 2383 777 2442 ritatem?
803 2381 882 2436 Tu
905 2395 1032 2435 vero
1055 2377 1185 2434 mihi
1207 2375 1539 2442 consideres,
1563 2373 1832 2445 quomodo
1857 2386 2114 2443 nusquam

523 2491 618 2530 eos
646 2483 880 2539 accuset,
908 2471 1060 2542 quasi
1091 2469 1339 2540 rapiant,
1371 2466 1467 2524 sed
1499 2475 1555 2522 ut
1579 2464 1670 2536 qui
1696 2465 1966 2535 praebeant
1994 2483 2006 2516 :
2038 2465 2116 2519 la-

522 2583 649 2639 psus
685 2567 828 2622 enim
867 2579 1030 2621 causa
1073 2563 1126 2618 in
1163 2561 1321 2633 plebe
1351 2569 1467 2616 erat
1495 2577 1508 2614 :
1541 2575 1663 2614 nam
1693 2559 1739 2614 si
1769 2559 1845 2612 illi
1874 2558 2112 2614 abstitis-

519 2671 661 2725 sent,
685 2660 741 2715 hi
765 2659 1112 2714 destitissent.
1143 2656 1257 2711 Duo
1282 2654 1440 2726 igitur
1464 2654 1734 2723 sapienter
1753 2651 2108 2722 conﬁrmavit,

520 2751 664 2806 unde
680 2750 960 2821 oportebat
982 2756 1258 2820 peccatum
1283 2746 1472 2801 tollere
1498 2745 1573 2801 ibi
1593 2745 1907 2812 suﬁ‘odiens,
1930 2745 2112 2800 adver-

520 2859 616 2900 sus
639 2842 761 2898 illos
785 2841 911 2896 odio
933 2855 1036 2894 non
1060 2839 1379 2904 concitatus,
1403 2852 1576 2907 neque
1597 2836 1716 2891 illos
1738 2836 1969 2892 reddens
1987 2851 2109 2892 con-

519 2935 880 2990 tentiosiores.
922 2933 989 2988 Et
1016 2930 1286 3003 unicuique
1318 2927 1704 2984 sicut‘Cltristus
1727 2929 1886 2984 dedit.
1923 2928 2110 3000 Neque

518 3029 661 3082 enim
693 3027 795 3082 hoc
824 3027 994 3097 ipsum
1026 3024 1294 3080 modicum
1329 3037 1360 3076 a
1396 3021 1588 3092 scipsis
1617 3021 1919 3088 habebant,
1951 3021 2047 3078 sed
2075 3038 2106 3076 a

516 3122 628 3177 Deo
668 3119 761 3192 qui
804 3118 1111 3175 tradiderat.
1156 3117 1234 3172 Ne
1272 3116 1414 3173 enim
1453 3115 1698 3172 dicerent
1726 3135 1738 3171 :
1765 3116 1902 3184 Quid
1939 3117 2108 3188 ergo?

513 3215 582 3270 iis
620 3213 712 3285 qui
750 3212 904 3268 nobis
945 3211 1289 3274 ministrant,
1323 3223 1428 3265 non
1469 3217 1711 3264 amanter
1741 3207 2104 3264 hatrebimus?

515 3311 687 3366 Etiam
711 3351 730 3376 ,
761 3306 975 3378 inquit,
1012 3306 1105 3362 sed
1150 3306 1289 3361 scire
1330 3310 1543 3373 oportet
1585 3317 1860 3374 quousque
1889 3321 1902 3356 :
1932 3318 2105 3373 neque

511 3405 656 3459 enim
708 3402 811 3457 hoc
855 3401 1028 3470 ipsum
1055 3414 1165 3453 asc
1191 3397 1409 3464 habent,
1447 3395 1541 3453 scd
1580 3411 1610 3450 a
1654 3396 1765 3451 Deo
1802 3397 1890 3468 qui
1931 3397 2099 3453 dedit.

511 3495 562 3550 6.
592 3493 706 3566 Ego
732 3493 955 3564 plantaoi
981 3532 996 3559 ,
1023 3490 1208 3562 Apollo
1227 3489 1443 3561 rigavit;
1473 3487 1609 3543 Deus
1633 3499 1802 3543 autem
1825 3490 2102 3545 incremen-

510 3596 616 3640 tum
662 3585 825 3641 dedit.
859 3585 915 3640 id
957 3593 1075 3650 est,
1108 3583 1312 3654 primus
1339 3580 1562 3637 verbum
1604 3582 1801 3637 inserui
1833 3599 1846 3635 :
1875 3597 1944 3639 ne
1973 3597 2102 3639 vero

509 3679 714 3734 semina
740 3677 1123 3735 tentationibus
1145 3675 1564 3743 exsiccarcntur,
1587 3690 1682 3730 sua
1709 3675 1914 3732 addidit
1938 3677 2101 3746 Apol-

509 3768 597 3838 lo;
623 3779 792 3826 totum
823 3779 1000 3825 autem
1034 3769 1126 3824 Dei
1164 3768 1280 3823 fuit.
1315 3768 1366 3822 7.
1397 3767 1579 3838 Itaque
1605 3783 1763 3838 neque
1789 3768 1874 3840 qui
1902 3769 2101 3840 plantat

507 3873 582 3918 est
619 3862 844 3933 aliquid,
882 3877 1041 3932 neque
1065 3861 1152 3930 qui
1180 3861 1348 3932 rigat,
1377 3859 1465 3914 sed
1490 3859 1578 3930 qui
1614 3859 1702 3912 dot
1739 3861 2098 3916 incrementum

506 3954 666 4011 Deus.
701 3954 888 4011 Vidcn‘
914 3953 1182 4025 quomodo
1213 3953 1334 4008 illos
1361 3952 1670 4008 consoletur
1691 3993 1706 4020 ,
1746 3961 1804 4008 ut
1832 3968 1900 4009 ne
1937 3969 2095 4025 aspe-

505 4051 681 4106 riores
711 4049 837 4104 ﬁant
865 4064 932 4105 ex
959 4062 1026 4104 eo
1053 4047 1196 4120 quod
1223 4047 1524 4116 audierint,
1555 4047 1690 4114 Quis
1715 4055 1798 4103 est
1826 4047 1947 4115 iste,
1977 4050 2097 4119 quis

504 4154 585 4199 est
609 4144 738 4199 ille?
763 4143 901 4198 Sunt
921 4141 1064 4198 enim
1087 4150 1312 4212 utraque
1336 4156 1587 4206 onerosa,
1609 4149 1664 4197 et
1685 4141 1827 4212 quod
1848 4142 2092 4208 dixisset,

503 4237 636 4303 Quis
661 4244 744 4291 est
781 4235 883 4290 iste
904 4275 920 4301 ,
953 4234 1072 4305 quis
1097 4241 1181 4290 est
1215 4233 1345 4289 ille?
1369 4243 1424 4289 et
1451 4233 1592 4304 quod
1618 4233 1882 4298 dixisset,
1910 4232 2094 4303 Neque

502 4329 592 4398 qui
632 4328 872 4398 plantat,
914 4341 1092 4398 neque
1128 4325 1221 4397 qui
1260 4326 1396 4397 rigat
1431 4333 1518 4382 est
1555 4324 1773 4396 aliquid.
1815 4325 2094 4393 Quomodo

501 4435 630 4490 ergo
659 4420 800 4474 circa
841 4419 957 4474 htcc
984 4417 1411 4474 consolationem
1441 4415 1652 4471 attulit?
1695 4415 1850 4483 Quod
1880 4418 1930 4472 in
1969 4432 2094 4487 pro-

500 4512 670 4580 priam
702 4525 986 4582 personam
1017 4509 1331 4579 despectum
1359 4507 1589 4563 adducat
1611 4523 1732 4563 eum
1761 4507 1888 4564 dicit
1920 4531 1934 4565 :
1965 4510 2093 4575 Quis

500 4600 647 4653 enim
675 4610 747 4652 est
775 4597 975 4652 Paulus
997 4639 1013 4665 ,
1044 4599 1156 4668 quis
1184 4597 1369 4667 Apollo
1391 4597 1417 4652 .9
1439 4606 1495 4652 et
1521 4596 1665 4668 quod
1691 4597 1839 4653 danti
1870 4599 1980 4655 Deo
2006 4607 2062 4654 to

501 4702 611 4746 tum
644 4691 858 4747 referat.
888 4691 1023 4745 Cum
1051 4691 1194 4746 enim
1220 4689 1460 4756 dixisset,
1495 4691 1591 4745 Hie
1619 4691 1893 4761 plantavit,
1917 4703 1972 4749 et
1992 4692 2089 4748 ad-

499 4783 729 4840 didisset
754 4782 885 4838 nihil
911 4797 1032 4838 esse
1057 4798 1180 4838 eum
1206 4781 1298 4853 qui
1325 4783 1526 4853 plantat
1546 4825 1562 4849 ,
1590 4783 1815 4852 addidit,
1848 4787 1964 4852 sed,
1993 4785 2094 4853 Qui

499 4879 862 4931 incrementum
899 4875 989 4929 dat
1028 4873 1186 4930 Deus.
1211 4874 1395 4947 Neque
1439 4876 1525 4932 hic
1551 4877 1827 4944 constitit,
1862 4879 1956 4933 sed
1985 4878 2093 4933 alto

471 4970 473 4973 ’
499 4982 688 5023 rursus
723 4966 1083 5024 additamento
1107 4968 1158 5023 ei
1187 4967 1433 5024 medetur
1457 4967 1644 5024 dicens
1672 4986 1686 5022 :
1712 4968 1766 5024 8.
1799 4969 1900 5037 Qui
1923 4978 2093 5024 autem

501 5059 702 5128 plantat
738 5067 788 5113 et
824 5059 912 5129 qui
948 5058 1082 5131 rigat
1119 5075 1277 5113 unum
1315 5070 1451 5115 sunt.
1493 5059 1596 5116 Per
1636 5059 1736 5116 hoc
1773 5060 1916 5117 enim
1947 5061 2092 5117 aliud

503 5167 718 5222 quoque
758 5151 1009 5219 molitur,
1061 5161 1119 5208 ut
1149 5169 1216 5208 ne
1243 5153 1380 5209 alter
1420 5153 1472 5209 in
1513 5155 1740 5210 alterum
1779 5155 2087 5212 eﬁ‘erantur.

503 5241 680 5298 Unum
723 5250 903 5297 autem
943 5243 1061 5298 illos
1091 5258 1211 5299 esse
1237 5244 1402 5311 dicit,
1431 5260 1498 5300 eo
1534 5245 1676 5315 quod
1714 5245 1844 5301 nihil
1889 5247 2096 5317 possint

504 5333 624 5389 sine
665 5333 776 5388 Deo
805 5333 1194 5390 incrementum
1221 5335 1402 5392 dante.
1433 5335 1546 5392 Hoc
1579 5351 1702 5391 cum
1734 5336 1994 5401 dixisset,
2026 5354 2094 5394 ne

505 5437 604 5480 eos
628 5424 843 5495 quidem
871 5425 960 5494 qui
991 5427 1216 5480 multum
1247 5426 1618 5482 laboraverant
1649 5428 1889 5497 permisit
1911 5427 2094 5484 eﬁ'erri

504 5515 565 5569 in
585 5529 678 5570 eos
698 5515 789 5587 qui
813 5515 1018 5570 minora
1043 5516 1366 5584 intulissent,
1390 5533 1565 5588 neque
1587 5518 1720 5574 alios
1741 5520 1805 5574 iis
1826 5518 2090 5575 invidere.

507 5607 731 5678 Deinde,
764 5611 886 5680 quia
917 5609 1020 5665 hoc
1045 5610 1319 5681 segniores
1349 5612 1470 5667 illos
1499 5612 1784 5681 reddebat,
1813 5613 1954 5685 quod
1979 5628 2095 5668 om—

508 5710 608 5750 nes
633 5714 794 5754 unum
823 5716 942 5756 esse
969 5710 1300 5772 putarentur,
1336 5714 1440 5758 tam
1466 5705 1500 5759 ii
1527 5705 1617 5775 qui
1646 5706 1869 5761 multum
1887 5747 1904 5774 ,
1932 5721 2093 5776 quam

500 5781 552 5838 ii
578 5788 665 5858 qui
690 5791 862 5850 minus
894 5793 1304 5866 laboraverant,
1337 5795 1454 5853 vide
1478 5795 1747 5870 quomodo
1775 5798 1877 5855 hoc
1905 5811 2092 5855 corre-

2246 441 2384 498 xerit
2411 442 2598 500 dicens
2628 465 2641 500 :
2674 444 3028 516 Unusquisque
3066 457 3232 502 autem
3262 449 3524 520 propriam
3557 452 3834 506 ntercedrnt

2242 533 2452 601 accipiet
2499 536 2772 590 secundum
2816 555 2963 592 suunt
3005 539 3244 594 laborem.
3289 541 3366 596 Ac
3400 542 3444 596 si
3476 540 3677 598 diceret
3710 561 3724 596 :
3758 543 3834 599 Ne

2244 625 2433 680 timeas
2470 627 2611 697 quod
2650 628 2874 684 dixerim
2913 646 3076 686 unum
3113 646 3270 699 esse;
3314 647 3436 688 nam
3476 633 3520 688 si
3560 633 3651 690 Det
3680 636 3831 705 operi

2240 715 2621 784 conferantur,
2653 735 2816 775 unum
2863 730 3020 788 sunt;
3064 723 3359 779 secundum
3399 724 3610 782 labores
3647 736 3829 783 autent

2240 822 2346 862 non
2370 817 2494 863 sunt
2515 826 2700 878 unum,
2723 811 2816 868 scd
2843 814 3208 886 unusquisque
3231 817 3500 886 propriam
3522 819 3829 878 mercedem

2238 903 2484 972 accipiet.
2537 901 2742 961 Deinde
2789 905 2892 962 hoc
2932 908 3092 964 etiam
3137 909 3307 982 magis
3347 910 3585 983 mitigat,
3617 927 3744 968 cum
3776 913 3828 968 id

2237 992 2502 1050 etii-cisset
2529 997 2669 1066 quod
2701 997 2912 1053 volebat
2937 1016 2950 1054 :
2981 1000 3033 1054 in
3073 999 3266 1069 quibus
3297 1011 3471 1071 potest
3496 1005 3831 1074 gratiticatur

2237 1099 2356 1141 cum
2396 1085 2735 1144 liberalitate.
2767 1089 2822 1145 9.
2855 1088 2952 1145 Dei
2990 1091 3126 1145 enim
3167 1092 3426 1156 adiutores
3468 1109 3641 1148 sumus
3679 1111 3698 1148 .'
3732 1093 3826 1150 Dei

2235 1177 2543 1248 agricultura
2569 1181 2687 1235 estis
2710 1223 2726 1248 ,
2758 1181 2852 1236 Dei
2873 1181 3147 1251 aediﬁcatio
3173 1185 3308 1239 estis.
3339 1183 3525 1240 Vidcn‘
3553 1186 3825 1256 quomodo

2235 1267 2364 1338 ipsis
2401 1285 2538 1341 opus
2573 1270 2782 1328 dederit
2811 1289 2914 1329 non
2947 1290 3190 1344 parvum,
3218 1291 3339 1331 cum
3367 1279 3513 1347 prius
3543 1277 3826 1348 probasset

2234 1369 2400 1416 totum
2430 1377 2496 1419 ex
2529 1365 2638 1420 Deo
2666 1367 2823 1422 esse?
2849 1367 2980 1435 Quia
3009 1369 3150 1423 enim
3177 1386 3393 1440 semper
3419 1383 3600 1426 monet
3626 1389 3826 1442 paren-

2231 1451 2357 1508 dum
2401 1469 2522 1511 esse
2567 1458 2866 1527 praapositis
2891 1500 2905 1522 ,
2938 1459 3060 1515 ideo
3097 1460 3348 1516 ductores
3389 1478 3493 1517 non
3529 1463 3821 1519 admodum

2230 1547 2498 1617 deprimit.
2527 1549 2618 1603 Dei
2639 1551 2950 1622 agricultura
2971 1554 3112 1608 estis.
3138 1554 3270 1622 Quia
3297 1557 3438 1611 enim
3464 1556 3620 1624 dixit,
3650 1557 3819 1614 Plan-

2229 1639 2350 1707 tavi,
2381 1650 2581 1712 perstat
2611 1643 2666 1698 in
2693 1643 3022 1715 metaphora.
3057 1645 3112 1702 Si
3142 1657 3322 1702 autem
3351 1648 3441 1704 Dei
3470 1651 3817 1719 agricultura,

2229 1746 2335 1786 non
2365 1741 2424 1788 ut
2460 1733 2529 1789 ab
2558 1735 2621 1790 iis
2648 1735 2739 1804 qui
2769 1751 2864 1793 vos
2890 1738 3112 1806 colunt,
3147 1738 3241 1793 sed
3269 1747 3327 1794 ut
3351 1755 3382 1794 a
3415 1741 3524 1796 Deo
3551 1743 3820 1806 voccmini

2226 1839 2435 1894 acquum
2463 1836 2563 1881 est.
2591 1827 2705 1883 Non
2731 1830 2874 1886 enim
2903 1845 3029 1900 ager
3055 1840 3276 1887 vocatur
3299 1834 3570 1903 agricolae,
3599 1835 3696 1890 sed
3727 1851 3818 1904 pa-

2227 1915 2573 1973 trisfamilias.
2616 1919 2713 1975 Dei
2749 1921 3021 1990 aediﬁcatio
3060 1925 3198 1978 estis.
3246 1924 3448 1982 Rursus
3488 1926 3814 1995 aediﬁcatio,

2225 2021 2330 2064 non
2355 2010 2597 2078 artiﬁcis,
2617 2012 2708 2066 sed
2726 2012 2928 2069 domini
2951 2024 3054 2070 est.
3076 2015 3130 2071 Si
3153 2024 3331 2072 autem
3354 2017 3637 2074 mdiﬁcatio
3661 2021 3812 2089 estis,

2223 2115 2330 2155 non
2372 2112 2586 2171 oportet
2624 2120 2745 2161 esse
2785 2105 2984 2163 divisos
3015 2108 3186 2164 :alias
3232 2111 3335 2165 hoc
3377 2110 3667 2168 aediﬁcatio
3707 2131 3813 2172 non

2222 2192 2398 2248 fuerit.
2431 2193 2486 2250 Si
2529 2196 2848 2266 agricultura
2877 2199 3007 2255 estis
3030 2240 3047 2266 ,
3079 2215 3186 2256 non
3225 2211 3439 2272 oportet
3475 2205 3642 2260 dividi
3669 2247 3686 2273 ,
3719 2207 3811 2262 sed

2223 2298 2326 2340 una
2361 2287 2664 2342 concordia:
2703 2304 2831 2360 sepe
2876 2292 3092 2347 muniri.
3124 2293 3212 2348 l0.
3247 2293 3542 2350 Secundum
3589 2299 3812 2364 gratiam

2220 2372 2316 2430 Dei
2341 2417 2356 2444 ,
2389 2393 2502 2447 qua:
2526 2377 2647 2432 data
2676 2389 2746 2435 est
2781 2379 2905 2434 mihi
2929 2421 2944 2448 ,
2975 2391 3031 2436 ut
3056 2384 3260 2453 sapiens
3289 2385 3588 2440 architectus
3613 2388 3809 2459 funda-

2219 2477 2442 2522 mentum
2480 2470 2644 2540 posui.
2676 2470 2773 2526 Hic
2800 2487 2860 2528 se
2899 2474 3192 2543 sapientein
3221 2477 3429 2531 vocavit
3453 2518 3468 2544 ,
3495 2492 3599 2534 non
3629 2494 3692 2535 se
3717 2495 3808 2536 ex-

2219 2559 2433 2628 tollens,
2456 2561 2551 2616 sed
2573 2577 2630 2618 se
2653 2571 2835 2634 typum
2857 2565 2990 2620 dans
3015 2565 3139 2626 illis.
3164 2576 3219 2622 et
3237 2567 3527 2624 ostendens
3546 2571 3808 2640 sapientis

2216 2666 2336 2708 esse
2361 2668 2522 2708 unum
2551 2669 2751 2725 ponere
2776 2655 3198 2713 fundamentum.
3231 2659 3362 2715 Vide
3389 2676 3618 2732 namque
3644 2679 3803 2734 quam

2214 2746 2490 2802 moderate
2517 2761 2578 2803 se
2603 2758 2771 2818 gerat.
2802 2749 2934 2805 Cum
2961 2749 3104 2806 enim
3131 2767 3190 2807 se
3215 2753 3510 2824 sapientem
3541 2755 3799 2823 dixisset,

2214 2851 2322 2892 nou
2343 2837 2465 2893 sivit
2489 2837 2592 2893 hoc
2614 2854 2734 2896 esse
2759 2855 2933 2905 suum,
2957 2841 3052 2897 sed
3083 2858 3203 2898 cum
3230 2859 3289 2899 se
3316 2845 3465 2914 prius
3493 2853 3664 2902 totum
3693 2849 3802 2903 Deo

2211 2927 2566 2998 attribuisset,
2597 2939 2724 2988 tunc
2751 2949 2812 2989 se
2841 2934 2913 2992 ita
2942 2937 3152 2991 vocavit
3181 2954 3194 2991 :
3223 2951 3346 2992 nam
3376 2937 3672 2996 Secundum
3695 2958 3802 3012 gra-

2213 3021 2336 3076 tiam
2379 3020 2512 3087 Dei,
2555 3039 2667 3094 qttat
2714 3024 2834 3080 data
2875 3035 2948 3081 est
2993 3025 3153 3093 milii,
3199 3025 3394 3099 inquit.
3439 3029 3607 3087 Simul
3658 3035 3798 3089 enim

2210 3113 2442 3170 ostendit
2473 3124 2638 3170 totum
2676 3131 2797 3173 esse
2841 3118 2931 3174 Dei
2961 3130 3018 3175 et
3055 3119 3196 3191 quod
3235 3119 3340 3177 hoc
3367 3123 3600 3180 maxime
3628 3128 3796 3196 gratia

2209 3204 2308 3270 sit,
2338 3220 2445 3259 non
2470 3205 2664 3274 dividi,
2696 3208 2790 3264 sed
2821 3211 2872 3264 in
2903 3224 3009 3266 uno
3041 3211 3223 3280 jacere
3251 3211 3621 3270 fundamento.
3651 3217 3798 3272 Atius

2208 3299 2582 3369 supercediftcat
2611 3317 2630 3355 :
2653 3301 2820 3359 videat
2859 3314 3027 3358 autem
3066 3306 3403 3376 unusquisque
3426 3311 3684 3378 quomodo
3707 3328 3798 3366 sa-

2207 3392 2532 3462 percediﬁcet.
2565 3393 2660 3450 ilic
2687 3396 2817 3451 mihi
2844 3397 3053 3452 videtur
3080 3398 3198 3454 illos
3225 3399 3496 3463 inducere.
3533 3412 3586 3456 ut
3613 3413 3794 3460 certa-

2207 3498 2330 3538 men
2362 3483 2540 3539 ineant
2566 3484 2636 3540 de
2662 3487 2765 3542 vita
2794 3487 3138 3557 instituenda,
3167 3491 3291 3561 quia
3319 3491 3441 3547 illos
3469 3493 3637 3550 semel
3669 3509 3796 3550 con-

2199 3573 2379 3645 junxit
2420 3586 2474 3632 et
2515 3593 2678 3632 unum
2719 3579 2863 3634 fecit.
2898 3581 2985 3635 ll.
3018 3579 3432 3637 Fundamentum
3473 3586 3607 3638 enint
3648 3587 3796 3641 aliud

2205 3683 2348 3722 nemo
2380 3677 2538 3740 potest
2576 3686 2760 3740 ponere
2797 3680 2980 3742 prwter
3009 3673 3063 3726 id
3090 3673 3225 3740 quod
3252 3675 3470 3744 positum
3507 3685 3616 3742 est,
3658 3678 3793 3746 quod

2203 3770 2274 3816 est
2300 3759 2452 3816 Jesus
2481 3760 2734 3818 Christus.
2771 3762 2890 3818 Non
2931 3773 3104 3833 potest
3139 3773 3318 3820 autem
3347 3766 3600 3836 quamdiu
3628 3766 3794 3823 fuerit

2200 3851 2526 3908 architectus
2554 3870 2570 3909 :
2595 3854 2640 3908 si
2683 3862 2858 3909 autem
2899 3855 3131 3924 positum
3174 3855 3373 3923 fuerit,
3409 3857 3518 3927 jam
3559 3874 3671 3915 non
3712 3869 3789 3916 est

2200 3943 2542 3999 architectus.

2271 4035 2324 4091 4.
2364 4035 2498 4092 Vide
2520 4036 2787 4107 quomodo
2809 4052 2840 4092 a
2863 4039 3235 4096 communibus
3260 4041 3566 4098 nationibus
3595 4059 3793 4115 propo-

2199 4130 2359 4184 situm
2383 4137 2551 4184 totum
2574 4129 2781 4200 probet.
2803 4131 2954 4200 Quod
2975 4142 3156 4189 autem
3177 4131 3326 4200 dicit,
3347 4133 3652 4205 hujusmodi
3678 4148 3786 4195 est:

2198 4223 2521 4278 Annuntiavi
2561 4221 2834 4280 Christum
2857 4265 2873 4292 ,
2919 4225 3110 4280 tradidi
3147 4225 3300 4281 vobis
3334 4225 3742 4285 fundamentum
3771 4246 3786 4281 :

2197 4315 2374 4372 videte
2411 4316 2680 4387 quomodo
2717 4317 3188 4388 superaediﬁcetis,
3217 4333 3285 4373 an
3316 4317 3384 4374 ad
3421 4319 3634 4375 inanem
3676 4323 3789 4392 glo—

2196 4408 2330 4464 riam
2349 4449 2366 4476 ,
2395 4423 2465 4463 an
2490 4409 2557 4464 ad
2583 4408 2830 4464 homines
2856 4408 3146 4480 discipulos
3173 4408 3569 4466 abstrahentes.
3599 4410 3680 4468 Ne
3703 4421 3786 4466 at-

2199 4502 2477 4558 tendamus
2507 4517 2635 4573 ergo
2662 4501 2957 4558 haeresibus
2982 4521 2994 4556 :
3022 4502 3426 4558 fundamentum
3456 4503 3600 4558 enim
3641 4502 3787 4557 aliud

2195 4608 2356 4650 nemo
2381 4603 2558 4664 potest
2587 4607 2788 4664 ponere
2817 4602 3012 4664 praeter
3041 4593 3094 4648 id
3121 4594 3262 4664 quod
3292 4592 3521 4664 positum
3553 4603 3656 4650 est.
3689 4595 3788 4651 Su-

2195 4703 2293 4758 per
2314 4688 2486 4758 ipsum
2512 4702 2641 4759 ergo
2669 4687 3016 4756 tediﬁeemus,
3042 4695 3097 4743 et
3122 4698 3180 4743 ut
3204 4685 3553 4744 fundamento
3577 4687 3786 4744 increa-

2195 4795 2318 4837 mus
2340 4823 2357 4849 ,
2388 4789 2446 4835 ut
2477 4782 2684 4852 palmes
2712 4781 2806 4838 viti
2831 4823 2850 4850 ,
2883 4790 2937 4838 et
2975 4781 3107 4837 nihil
3141 4783 3210 4837 sit
3241 4781 3616 4836 intermedium
3650 4782 3787 4836 inter

2196 4883 2295 4923 nos
2331 4877 2386 4924 et
2429 4865 2701 4922 Christum
2731 4883 2748 4925 :
2777 4881 2902 4922 nam
2942 4867 2988 4922 si
3027 4865 3226 4937 aliquid
3267 4864 3646 4921 intermedium
3673 4865 3784 4933 sit,

2197 4965 2374 5020 statim
2418 4963 2672 5034 perimus.
2721 4961 2931 5018 Palmes
2969 4960 3112 5016 enim
3155 4975 3223 5016 ex
3260 4974 3328 5016 eo
3359 4958 3501 5030 quod
3541 4959 3740 5015 hmreat
3767 4999 3783 5025 ,

2199 5058 2360 5113 trahit
2388 5071 2642 5122 succum;
2681 5063 2735 5111 et
2762 5054 3043 5110 aediﬁcium
3069 5093 3091 5120 ,
3117 5054 3260 5125 quod
3299 5054 3370 5108 sit
3404 5063 3781 5123 compactum,

2198 5161 2304 5207 stat
2330 5169 2344 5206 :
2371 5150 2513 5222 quod
2543 5150 2588 5206 si
2617 5149 2942 5220 disiunctum
2973 5147 3076 5214 sit,
3105 5148 3282 5218 perit,
3308 5161 3432 5203 cum
3461 5161 3566 5202 non
3593 5144 3788 5200 habeat

2198 5257 2309 5314 quo
2350 5242 2625 5297 innitatur.
2661 5239 2741 5296 Ne
2781 5241 2960 5310 itaque
2996 5237 3169 5294 solum
3207 5237 3510 5294 barreamus
3536 5235 3785 5297 Christo,

2199 5334 2297 5390 sed
2321 5335 2481 5390 etiam
2505 5331 2605 5402 ipsi
2625 5329 3087 5402 conglutinemur;
3114 5343 3234 5384 nam
3257 5328 3303 5383 si
3325 5326 3574 5396 disjuncti
3597 5326 3784 5386 simus,

2200 5427 2456 5495 perimus.
2493 5424 2694 5479 Etenim
2717 5423 2802 5493 qui
2827 5423 3064 5493 elongmtt
3092 5438 3146 5476 se
3169 5437 3200 5475 a
3225 5430 3303 5485 te,
3337 5419 3568 5490 peribunt
3592 5416 3612 5491 (
3639 5415 3782 5472 Psal.

2204 5518 2291 5572 72.
2314 5517 2430 5589 9.7),
2464 5517 2652 5587 inquit.
2683 5514 3124 5584 Conglutinemttr
3145 5526 3274 5583 ergo
3296 5511 3420 5581 ipsi,
3444 5519 3500 5565 et
3523 5508 3785 5578 congluti-

2202 5624 2392 5665 nemur
2421 5625 2514 5680 per
2541 5623 2702 5679 opera
2729 5622 2746 5662 :
2771 5606 2874 5673 Qui
2903 5606 3046 5661 enim
3074 5612 3259 5660 servat
3287 5601 3537 5656 mandata
3565 5613 3702 5664 mea,
3733 5597 3786 5651 in

2203 5716 2309 5766 me,
2338 5701 2544 5773 inquit,
2577 5707 2760 5756 manet
2786 5696 2964 5769 (Joan.
2995 5697 3080 5751 tt.
3107 5693 3223 5767 21).
3258 5693 3470 5749 Etenim
3503 5706 3596 5762 per
3621 5687 3784 5743 multa

2203 5794 2448 5866 exempla
2492 5806 2591 5850 nos
2629 5791 2824 5864 jungit.
2871 5788 3251 5847 Animadverte
3291 5795 3470 5843 autem
3501 5801 3516 5840 :
3549 5783 3660 5860 ipse
3704 5787 3784 5835 est
