4086 6468
352 349 416 406 ‘Il
1406 350 1475 408 ΙΝ
1514 349 1732 408 EPIST.
1775 349 1792 407 Ι
1829 348 1920 404 AD
1956 346 2117 406 COR.
2160 344 2396 406 110M"...
2432 344 2571 406 VIII.
3588 354 3659 411 7‘1

358 468 467 527 διν.
491 463 569 521 Οὒ
588 463 701 540 γὰρ
724 464 754 519 6
772 465 1199 539 διακονούμενος
1224 469 1337 532 τοῖς
1360 466 1607 537 ἀγαθοῖς,
1624 465 1739 520 ἀλλ’
1761 467 1790 520 6
1806 480 1955 536 παρ-

359 552 501 624 έχων
528 549 670 604 αὒτά
696 551 797 603 καὶ
822 550 1029 616 διδοὺς,
1065 544 1218 615 οὗτός
1244 552 1395 605 ἐστιν
1426 553 1454 605 6
1493 552 1809 621 εὐεργέτης.
1843 547 1955 602 Καὶ

359 638 461 693 οὐκ
490 629 666 700 εἶπεν,
710 635 1142 704 Εὐαγγελισταὶ,
1173 633 1308 697 ἀλλ’,
1366 637 1432 690 Ἦ
1482 634 1769 690 διάκονοι·
1821 634 1960 702 ὅπερ

360 720 524 775 πλέον
548 719 723 775 ἐστίν.
750 719 825 773 Οὐ
854 718 966 791 γάρ
999 719 1185 782 ἁπλῶς
1216 719 1662 790 εὐηγγελίσαντο,
1696 718 1833 772 ἀλλά
1865 718 1961 771 καὶ

358 803 692 876 διηκόνηταν
722 802 876 873 ἡμῖν·
907 802 969 855 τὺ
1006 802 1106 874 μὲν
1131 801 1240 874 769
1279 801 1438 871 λόγου
1470 803 1629 872 μόνον
1651 802 1789 865 ἐστὶ,
1821 801 1881 856 16
1901 801 1960 855 δὲ

360 887 455 941 καὶ
510 887 677 959 ἔργον
733 886 869 956 ἔχει.
902 885 1065 939 Ὥστε
1114 887 1164 937 εί
1221 885 1318 940 καὶ
1371 888 1398 940 6
1435 885 1671 956 Χριστὸς
1709 885 1959 949 διάκονος

360 970 525 1040 μόνον
551 971 703 1025 ἐστὶν
723 970 966 1039 ἀγαθῶν,
998 969 1093 1024 καὶ
1120 969 1219 1041 οὐχ
1248 971 1283 1041 ἡ
1314 967 1440 1041 ῥίζα
1470 971 1633 1034 αὐτὸς
1660 969 1750 1023 καὶ
1776 970 1954 1041 πηγὴ,

356 1053 435 1116 ὡς
498 1054 633 1117 Υἱὸς
680 1053 886 1125 μέντοι,
946 1054 1048 1125 δρα
1094 1052 1195 1106 ποῦ
1245 1052 1404 1106 τοῦτο
1452 1053 1514 1108 τὺ
1547 1054 1781 1126 πρᾶγμα
1822 1070 1957 1108 κατ-

357 1138 582 1207 άγεται.

426 1302 502 1366 γ’.
525 1294 655 1360 Πῶς
677 1290 790 1360 οῦν,
822 1297 976 1367 φησι,
1004 1297 1151 1367 λέγει
1184 1297 1345 1352 αὐτὸν
1362 1296 1604 1351 διάκονον
1624 1294 1953 1369 γεγενῆσθαι

353 1381 702 1452 περιτομῆςς
732 1382 864 1453 Περὶ
887 1382 984 1451 τῆς
1008 1383 1149 1438 κατὰ
1184 1382 1363 1454 σάρκα
1388 1381 1701 1452 οἰκονομίας
1726 1381 1843 1435 ἐκεῖ
1864 1380 1953 1435 λέ-

350 1480 498 1533 γων,
532 1467 631 1519 καὶ
670 1466 789 1520 οὐδὲ
830 1466 1005 1538 τούτῳ
1037 1466 1115 1538 τῷ
1142 1467 1352 1538 τρόπῳ,
1395 1459 1440 1534 ᾧ
1476 1464 1572 1520 νῦν
1622 1466 1950 1538 εἰρήκαμεν·

352 1550 480 1603 ἐκεῖ
510 1549 613 1619 μὲν
651 1549 759 1620 γάρ
783 1548 1025 1603 διάκονον
1049 1549 1142 1604 τὸν
1175 1551 1471 1620 πληρωτὴν
1501 1567 1688 1620 φησιν,
1721 1549 1842 1621 οὐχὶ
1861 1548 1953 1603 τὸν

349 1633 575 1687 οἴκοθεν
609 1633 1025 1705 παρασχόμενον
1058 1632 1129 1686 τά
1167 1632 1371 1703 ἀγαθά.
1410 1634 1520 1688 Καὶ
1547 1635 1651 1692 οὐκ
1681 1628 1856 1700 εἶπεν,
1888 1634 1951 1689 Ol

350 1716 766 1788 προσαγόμενοι
831 1717 977 1787 ὑμᾶς
1026 1717 1106 1780 εἰς
1156 1715 1254 1788 τὴν
1303 1716 1507 1782 πίστιν,
1553 1715 1709 1781 ἀλλά,
1752 1717 1833 1772 Δι’
1864 1711 1954 1773 ὧν

348 1799 780 1854 ἐπιστεύσατε·
819 1799 983 1853 πάλιν
1030 1799 1258 1865 ἐκείνοις
1304 1799 1366 1853 16
1413 1799 1574 1855 πλέον
1616 1798 1812 1864 διδοὺς,
1859 1802 1952 1854 καὶ

351 1883 483 1948 τοὺς
511 1882 792 1949 διακόνους
817 1883 1111 1938 κάντεῦθεν
1129 1882 1326 1955 δηλῶν.
1356 1884 1425 1936 Εἰ
1456 1883 1639 1937 τοίνυν
1664 1883 1839 1955 ἑτέρῳ
1868 1885 1950 1937 δι-

354 1966 680 2040 ηκονοῦντο,
727 1967 843 2031 πῶς
888 1962 1033 2022 οῦτοι
1077 1968 1174 2040 τὴν
1213 1968 1369 2035 ἀξίαν
1398 1967 1745 2040 άρπάζουσις
1777 1968 1853 2022 Σὺ
1893 1968 1951 2023 δέ

354 2062 451 2123 μοι
488 2052 702 2114 σκόπει,
731 2053 848 2117 πῶς
878 2053 1130 2124 οὐδαμῶς
1166 2053 1350 2117 αὐτοῖς
1395 2055 1619 2123 ἐγκαλεῖ
1660 2055 1735 2118 ὡς
1772 2055 1951 2126 ἁρπά-

349 2136 565 2203 ζουσιν,
613 2136 748 2191 ἀλλά
776 2140 888 2202 τοῖς
922 2138 1273 2209 παρέχουσιν·
1321 2137 1355 2209 ἠ
1399 2138 1510 2209 γὰρ
1557 2138 1811 2203 ὑπόθεσις
1851 2136 1947 2192 τοῦ

351 2222 678 2292 σφάλματος
706 2224 764 2275 ἐν
794 2221 874 2293 τῷ
896 2220 1093 2294 πλὴθει
1133 2216 1202 2292 ἦν
1222 2238 1236 2253 ·
1266 2223 1363 2276 καὶ⁴
1399 2224 1511 2293 γὰρ
1539 2224 1736 2277 ἐκεῖνοι
1763 2225 1812 2277 εί
1845 2224 1949 2279 ἁπ-

352 2305 617 2376 έστησαν,
642 2300 787 2361 οὗτοι
811 2302 1100 2359 διελύοντο.
1128 2303 1233 2358 Δύο
1250 2305 1432 2360 τοίνυν
1453 2305 1828 2361 κατεσκεύασε
1858 2323 1949 2360 σο-

353 2387 475 2457 φῶς
503 2401 556 2452 ι,
600 2388 729 2443 ὅθεν
772 2406 829 2443 τε
860 2388 971 2442 ἔδει
999 2387 1246 2443 καθελεῖν
1286 2387 1348 2441 16
1375 2389 1703 2462 ἁμάρτημα,
1735 2389 1946 2444 ἐκεῖθεν

354 2470 661 2544 ὑπορύξας,
705 2474 801 2526 κα)⁸
835 2472 975 2544 πρὸς
1001 2470 1243 2536 ἐκείνους
1277 2471 1576 2541 ἀπέχθειαν
1618 2473 1692 2545 μὴ
1737 2473 1945 2535 κτησά-

353 2572 540 2626 μενος,
580 2555 717 2627 μηδέ
761 2554 1224 2625 φιλονεικοτέρους
1267 2555 1525 2626 ποιήσας.
1555 2555 1668 2609 Καὶ
1708 2556 1946 2622 ἑκάστῳ

348 2637 434 2705 ὡς
455 2639 490 2691 ὁ
515 2640 734 2706 Κύριος
760 2637 1003 2692 ἔδωκεν.
1031 2636 1164 2690 Οὐδὲ
1188 2636 1296 2709 γὰρ
1321 2638 1453 2692 αὐτὸ
1475 2636 1634 2692 τοῦτο
1663 2638 1725 2693 16
1749 2641 1945 2713 μικρὸν

350 2723 484 2794 παρ’
510 2722 743 2789 ἑαυτῶν,
767 2721 904 2775 ἀλλά
931 2720 1084 2792 παρά
1110 2720 1206 2775 τοῦ
1231 2720 1367 2775 Θεοῦ
1398 2721 1493 2776 τοῦ
1521 2723 1941 2796 ἐγχειρίζοντος.

351 2806 471 2859 ἰνα
506 2805 615 2879 γὰρ
652 2804 729 2875 μὴ
759 2805 985 2874 λέγωσι,
1017 2803 1082 2856 Τί
1111 2796 1241 2869 οὗνς
1278 2806 1409 2870 τοὺς
1432 2806 1885 2879 διακονουμένους
1911 2807 1941 2849 δ

348 2891 485 2961 ἡμῖν
519 2890 580 2943 06
618 2889 914 2962 στέρξομεν
935 2906 951 2956 ;
976 2888 1106 2953 Ναὶ,
1132 2888 1319 2961 φησὶν,
1347 2890 1460 2945 ἀλλ’
1486 2890 1685 2945 ειδέναι
1707 2891 1812 2964 χρὴ
1843 2893 1943 2964 μέ-

346 2988 443 3044 χρι
502 2972 675 3036 τίνος·
725 2972 847 3027 οὐδὲ
903 2971 1011 3045 γὰρ
1058 2972 1214 3026 τοῦτο
1242 2974 1375 3028 αὐτὸ
1418 2975 1548 3046 παρ’
1573 2974 1775 3043 αὐτῶν,
1802 2976 1945 3031 ’ἀλλά

344 3054 506 3128 παρά
532 3055 629 3110 τοῦ
658 3056 844 3120 δόντος
884 3056 1043 3113 Θεοῦ.
1083 3055 1226 3127 Ἐγὼ
1254 3057 1584 3128 ἐφύτευσα,
1636 3059 1945 3128 Ἀπολλὼς

340 3140 654 3207 ἐπότισεν,
698 3139 837 3196 ἀλλ’
868 3144 901 3196 ὁ
936 3141 1082 3206 Θεὸς
1102 3140 1351 3209 ηὔξανε.
1380 3143 1665 3209 Τουτέστι,
1721 3145 1944 3217 Πρῶτος

344 3222 653 3278 κατέϐαλον
708 3223 799 3278 τὸν
832 3224 1009 3293 λόγον·
1055 3223 1199 3278 ὥστε
1243 3225 1301 3279 δὲ
1349 3224 1424 3297 μὴ
1465 3224 1797 3298 ξηρανθῆναι
1831 3233 1943 3292 τοῖς

260 3374 263 3375 ν
347 3309 682 3381 πειρασμοῖς
706 3307 778 3361 τὰ
827 3308 1141 3380 σπέρματα,
1181 3308 1451 3372 Ἀπολλὼς
1480 3308 1548 3363 τὰ
1583 3312 1711 3383 παρ’
1745 3311 1940 3366 ἐαυτοῦ

344 3392 683 3464 προσέθηκε·
704 3392 768 3445 16
796 3391 854 3444 δὲ
882 3393 1014 3456 πᾶν,
1034 3390 1128 3445 τοῦ
1153 3391 1291 3445 Θεοῦ
1322 3392 1565 3461 γέγονεν.
1599 3392 1779 3448 Ὥστε
1804 3395 1943 3449 οὔτε

347 3479 381 3532 d
404 3476 687 3546 φυτεύων
719 3475 854 3530 ἐστι
882 3492 958 3543 τι,
991 3476 1129 3529 οὔτε
1159 3478 1192 3530 ὁ
1226 3474 1498 3542 ποτίζων,
1523 3476 1658 3531 ἀλλ’
1690 3480 1723 3533 ό
1753 3478 1941 3543 αὐξά-

342 3576 469 3614 νων
518 3559 684 3626 Θεός.
739 3557 856 3632 [69]
896 3558 1060 3631 Ὀρᾷς
1107 3558 1222 3624 πῶς
1269 3559 1466 3623 αὐτοὺς
1507 3561 1937 3632 παραμυθεῖται,

343 3642 488 3698 ὥστε
517 3642 596 3715 μὴ
625 3644 992 3715 τραχυτέρους
1017 3642 1268 3712 γενέσθαι
1296 3642 1375 3715 τῷ
1400 3642 1654 3699 ἀκοῦσαι·
1675 3645 1772 3709 Τίς
1792 3647 1940 3700 ἐστιν

340 3731 372 3784 6
398 3728 577 3790 δεῖνα,
606 3728 701 3781 καὶ
724 3728 806 3792 τίς
839 3728 867 3780 6
900 3727 1081 3793 δεῖνα;
1116 3728 1401 3801 ἀμφότερα
1423 3731 1532 3801 γὰρ
1561 3731 1814 3802 φορτικὰ,
1844 3733 1940 3787 καὶ

341 3812 405 3865 16
433 3813 635 3878 εἰπεῖν,
665 3811 761 3876 Ti;
785 3812 932 3865 ἐστιν
971 3812 1001 3866 6
1048 3811 1214 3879 δεῖνα,
1251 3814 1346 3866 καὶ
1384 3811 1468 3876 τίς
1502 3815 1651 3867 ἐστιν
1682 3814 1712 3867 6
1750 3815 1937 3882 δεῖνας

343 3894 443 3949 καὶ
476 3894 541 3948 16
576 3896 774 3960 εἰπεῖν,
811 3893 951 3949 Οὔτε
975 3897 1007 3949 6
1033 3894 1302 3966 φυτεύων,
1332 3894 1462 3950 οὔτε
1499 3898 1528 3950 6
1556 3896 1792 3960 ποτίζων
1820 3897 1939 3952 ἐστι

341 3995 418 4034 τι.
446 3979 576 4042 Πῶς
599 3974 692 4032 οὖν
721 3978 862 4033 αὐτὰ
891 3979 1320 4051 παρεμυθήσατο
1344 3997 1358 4047 ;
1391 3979 1482 4051 Τῷ
1508 3998 1567 4035 τε
1605 3981 1700 4035 ἐπὶ
1726 3980 1822 4035 τοῦ
1856 3983 1937 4035 ol-

343 4063 499 4117 κείου
520 4061 815 4134 προσώπου
841 4062 1139 4135 προσάγειν
1160 4062 1258 4136 τὴν
1291 4062 1664 4129 ἐξουδένωσιν.
1698 4065 1796 4131 Τίς
1828 4065 1939 4136 γάρ

340 4145 482 4200 ἐστι
523 4145 807 4213 Παῦλος;
837 4146 932 4213 τίς
968 4145 1037 4201 δὲ
1075 4147 1414 4215 Ἀπολλώω
1452 4146 1547 4201 καὶ
1588 4146 1668 4218 τῷ
1713 4148 1774 4202 16
1829 4151 1938 4203 πᾶν

343 4228 629 4283 ἀναθεῖναι
660 4229 741 4300 τῷ
774 4228 953 4284 πάντα
989 4228 1243 4285 δεδωκότι
1286 4230 1426 4302 Θεῷ.
1462 4228 1649 4284 Εἰπὼν
1683 4231 1816 4304 γάρ,
1856 4233 1937 4287 ὅτι

346 4307 518 4377 Οὗτος
542 4311 828 4381 ἐφύτευσε,
851 4312 949 4370 καὶ
988 4312 1270 4385 προσθεὶς,
1304 4313 1386 4368 ὅτι
1423 4313 1578 4368 οὐδέν
1606 4316 1755 4370 ἐστιν
1781 4318 1810 4371 6
1836 4334 1938 4386 φυ-

342 4395 541 4463 τεύων,
570 4397 871 4467 ἐπήγαγεν·
910 4398 1074 4453 Ἀλλ’
1111 4400 1145 4451 d
1165 4397 1448 4461 αὐξάνων
1474 4397 1640 4465 Θεός.
1674 4399 1786 4453 Καὶ
1813 4400 1937 4454 οὐδὲ

347 4479 515 4552 μέχρι
541 4477 731 4534 τούτου
757 4480 911 4553 ἔστη,
937 4479 1053 4534 ἀλλ’
1076 4480 1242 4552 ἑτέρᾳ
1281 4482 1546 4553 ἐπαγωγῇ
1593 4481 1757 4536 πάλιν
1803 4484 1936 4537 αὐτὸ

345 4561 642 4634 θεραπεύει
668 4563 862 4633 λέγων·
906 4563 971 4617 '0
989 4564 1268 4634 φυτεύων
1291 4563 1362 4618 δὲ
1386 4565 1486 4619 καὶ
1510 4563 1833 4633 ὀποτίζων,
1864 4565 1937 4622 ἐν

341 4648 484 4701 εισι.
519 4645 622 4699 Διὰ
655 4647 762 4721 γὰρ
811 4646 1003 4701 τούτου
1048 4649 1145 4702 καὶ
1175 4647 1362 4718 ἕτερον
1403 4648 1832 4713 κατασκευάζει,
1873 4651 1936 4705 τὸ

345 4731 424 4805 μὴ
444 4731 772 4803 ἐπαίρεσθαι
798 4734 918 4787 κατ’
946 4732 1211 4804 ἀλλήλων.
1248 4732 1347 4786 Ἐν
1369 4730 1428 4786 δὲ
1448 4727 1587 4786 εἶναι
1610 4732 1809 4799 αὐτούς
1839 4751 1936 4806 φη.

344 4833 423 4881 σι,
457 4817 599 4889 πρὸς
635 4816 701 4870 16
755 4816 924 4889 μηδὲν
975 4816 1236 4872 δύνασθαι
1273 4815 1405 4871 ἄνευ
1451 4815 1551 4870 τοῦ
1608 4816 1934 4884 αὑξάνοντος

341 4898 506 4954 Θεοῦ.
534 4899 704 4953 Τοῦτο
749 4901 807 4955 δέ
855 4898 1049 4967 εἰπὼν,
1080 4898 1207 4955 οὐδὲ
1252 4901 1382 4962 τοὺς
1422 4900 1596 4954 πολλά
1623 4900 1935 4973 κάμνοντας

338 4984 532 5055 ἀφῆκε
553 4983 1042 5050 κατεξανίστασθαι
1065 4983 1175 5038 τῶν
1199 4983 1460 5040 ἐλάττονα
1480 4985 1935 5054 είσενεγκάντων,

339 5067 472 5123 οὒτε
494 5071 621 5132 τοὺς
648 5069 869 5140 ἐτέρους
890 5068 1101 5133 τούτοις
1122 5069 1358 5139 φθονεῖν.
1387 5066 1539 5135 Εῐτα,
1562 5069 1751 5144 ἐπειδὴ
1776 5070 1935 5125 τοῦτο

341 5152 755 5226 ῥᾳθυμοτέρους
782 5151 978 5215 ἐποίει,
1011 5155 1074 5206 16
1103 5152 1309 5218 πάντας
1337 5152 1396 5206 ἒν
1420 5150 1560 5209 εἶναι
1590 5150 1930 5225 νομίζεσθαι,

342 5237 440 5290 καὶ
472 5238 598 5301 τοὺς
625 5236 798 5291 πολλά
823 5237 1101 5308 καμόντας
1131 5238 1223 5292 καὶ
1248 5238 1377 5301 τοὺς
1405 5238 1633 5305 ἐλάττω,
1674 5240 1776 5312 ὅρα
1814 5241 1934 5304 πῶς

339 5321 479 5375 αὐτὸ
529 5321 897 5392 διωρθώσατο,
939 5322 1128 5376 εἰπών·
1166 5323 1466 5389 Ἕκαστος
1504 5321 1574 5376 δὲ
1620 5322 1728 5377 τὸν
1778 5324 1934 5378 ἴδιον

334 5405 562 5475 μισθὸν
582 5406 842 5476 λήψεται
880 5405 1032 5460 κατά
1066 5404 1176 5459 τὸν
1215 5404 1372 5460 ἴδιον
1399 5408 1612 5462 κόπον.
1652 5408 1742 5471 Ὣς
1778 5408 1844 5463 ἂν
1882 5410 1932 5462 εί

338 5489 497 5558 ἔλεγε
522 5503 537 5519 ·
564 5488 654 5560 Μὴ
682 5488 872 5558 φοϐοῦ,
906 5489 988 5542 ὅτι
1017 5485 1190 5556 εἶπον,
1215 5490 1294 5543 ὅτι
1326 5489 1386 5543 ἐν
1412 5490 1538 5542 είσι·
1571 5490 1708 5562 πρὸς
1733 5496 1847 5563 769
1870 5492 1932 5546 τὸ

335 5570 436 5626 τοῦ
466 5570 601 5626 Θεοῦ
640 5571 805 5643 ἔργον
830 5572 1326 5642 παραϐαλλόμενοι,
1355 5573 1419 5626 ἐν
1464 5574 1637 5626 εἰσιν·
1674 5575 1798 5628 ἐπεὶ
1834 5575 1931 5629 πό-

338 5673 450 5711 νων
485 5656 673 5712 ένεκεν
697 5656 801 5711 οὐκ
839 5658 997 5724 εἰσιν,
1026 5656 1165 5711 ἀλλά
1192 5657 1423 5720 ἕκαστος
1454 5658 1545 5712 τὸν
1575 5657 1706 5713 ῖδιον
1739 5659 1931 5729 μισθὸν

338 5741 588 5813 λήψεται.
628 5736 777 5796 Εἶτα
801 5742 897 5795 καὶ
926 5741 1164 5796 λιπαίνει
1195 5741 1356 5798 πλέον
1384 5743 1538 5810 αὐτὸ,
1572 5744 1931 5814 κατορθώσας

398 5936 418 5960 ⁸
438 5935 519 6013 ξίο
541 5937 651 6002 Reg
697 5935 836 5990 Edill
857 5949 995 6001 vero,
1018 5940 1195 6003 σαφῶς.
1280 5938 1307 5980 b
1335 5939 1594 6003 Legebatur
1630 5936 1729 5994 τοῖς
1768 5938 1932 5987 διοικο-

343 6015 588 6065 νονμενοις.

2063 464 2200 535 ὅπερ
2232 464 2506 528 ἐϐούλετο,
2540 466 2637 519 καὶ
2666 464 2951 535 χαρίζεται
2983 464 3040 518 ἐν
3069 459 3150 530 οἷς
3185 464 3365 532 ἔξεστι
3397 468 3537 539 μετά
3574 449 3679 539 ιρι-ί

2060 546 2330 618 λοτιμίας.
2379 548 2528 602 Θεοῦ
2577 549 2687 618 γάρ
2725 548 2915 617 ἐσμεν
2943 551 3250 621 συνεργοί·
3297 552 3447 606 Θεοῦ
3483 553 3659 623 78(57)-

2064 631 2197 701 τιόν
2244 632 2409 696 ἐστε,
2451 631 2599 686 Θεοῦ
2649 630 2931 701 οἰκοδομή
2977 632 3136 687 ἐστε.
3178 633 3346 707 Ὁρᾷς
3405 634 3524 699 πῶς
3562 636 3658 689 καὶ

2061 715 2246 779 αὐτοῖς
2278 714 2439 786 ἔργον
2474 715 2675 769 ἔδωκεν
2714 716 2776 769 οὐ
2811 716 3026 788 μικρὸν,
3065 717 3484 782 κατασκευάσας
3515 719 3657 790 πρό-

2058 815 2241 867 τερον,
2269 800 2440 853 ὅτιτὸ
2467 800 2575 853 πᾶν
2622 800 2739 852 ἐστι
2789 799 2884 853 τοῦ
2935 798 3103 867 Θεοῦ;
3149 800 3368 873 Ἐπειδὴ
3402 800 3512 874 γάρ
3566 802 3657 857 ἀεὶ

2060 884 2320 954 παραινεῖ
2376 882 2659 937 πείθεσθαι
2711 885 2824 950 τοῖς
2867 884 3212 954 ἡγουμένοις,
3255 885 3347 940 διά
3392 886 3553 941 τοῦτο
3590 888 3654 941 οὐ

2060 966 2268 1038 σφόδρα
2296 965 2623 1032 ἐξευτελίζει
2644 968 2773 1030 τοὺς
2797 966 3173 1033 διδασκάλους.
3204 969 3353 1024 Θεοῦ
3371 970 3657 1042 γεώργιόν

2056 1049 2218 1104 ἐστε.
2258 1049 2477 1123 Ἐπειδὴ
2504 1049 2616 1122 γὰρ
2641 1047 2817 1116 εἶπεν,
2858 1049 3220 1120 Ἔφύτευσα,
3254 1055 3321 1124 τῇ
3351 1055 3529 1126 τροπῇ
3557 1055 3655 1107 ἐπ-

2057 1132 2295 1203 έμεινεν.
2345 1135 2408 1187 Et
2437 1133 2494 1187 δὲ
2523 1132 2660 1187 Θεοῦ
2697 1132 2986 1204 γεώργιον,
3015 1135 3118 1189 οὐκ
3172 1135 3282 1189 ἀπὸ
3320 1135 3430 1189 τῶν
3478 1153 3655 1208 γεωρ-

2055 1215 2301 1286 γούντων
2329 1218 2498 1288 ὑμᾶς,
2530 1217 2647 1273 ἀλλ’
2677 1217 2787 1271 ἀπὸ
2815 1218 2910 1271 τοῦ
2937 1218 3072 1273 Θεοῦ
3112 1218 3397 1273 καλεῖσθαι
3419 1218 3650 1276 δίκαιον.

2056 1300 2132 1353 Οὐ
2173 1299 2284 1373 γὰρ
2336 1301 2506 1373 ἀγρὸς
2567 1300 2815 1373 γεωργοῦ
2871 1300 3136 1367 καλεῖται,
3180 1301 3318 1355 ἁ)λά
3359 1301 3453 1356 τοῦ
3502 1303 3651 1356 οἰκο-

2054 1383 2337 1439 δεσπότου.
2376 1385 2524 1441 Θεοῦ
2556 1385 2839 1456 οὶκοδομή
2888 1386 3047 1440 ἐστε.
3092 1386 3262 1440 Πάλιν
3307 1388 3340 1457 ἡ
3389 1386 3650 1459 οἰκοδομὴ

2050 1468 2117 1523 οὐ
2145 1467 2240 1521 τοῦ
2273 1469 2540 1540 τεχνίτου,
2574 1469 2710 1524 ἀλλά
2736 1468 2830 1524 τοῦ
2857 1468 3123 1523 δεσπότου
3152 1470 3316 1523 ἐστίν.
3344 1471 3408 1523 Εἰ
3431 1471 3488 1524 δέ
3513 1473 3651 1524 οἱκο-

2055 1551 2195 1624 δομή
2227 1553 2370 1620 ἐστε,
2400 1552 2461 1607 ού
2490 1553 2596 1624 χρὴ
2621 1552 2970 1607 διεσπάσθαι·
3003 1554 3124 1607 ἐπεὶ
3152 1553 3253 1607 οὐκ
3282 1553 3350 1607 ἂν
3379 1552 3466 1622 εἴη
3488 1554 3649 1609 τοῦτο

2052 1635 2331 1707 οίκοδομὴ.
2376 1636 2439 1689 Εἰ
2492 1635 2761 1707 γεώργιόν
2814 1637 2961 1702 ἐστε,
3015 1635 3344 1708 διαιρεῖσθαι
3398 1637 3460 1689 o6
3517 1637 3645 1709 χρὴ,

2053 1716 2168 1771 ἀλλ’
2192 1719 2271 1773 ἐνὶ
2308 1718 2550 1791 φραγμῷ
2577 1718 2656 1790 τῷ
2679 1720 2779 1789 τῆς
2815 1719 3073 1789 ὁμονοίας
3100 1717 3456 1790 τειχίζεσθαι.
3485 1721 3650 1775 Κατὰ

2051 1801 2167 1868 τὴν
2191 1801 2371 1871 χάριν
2392 1801 2498 1857 τοῦ
2530 1802 2681 1857 Θεοῦ
2717 1802 2833 1872 τὴν
2868 1800 3155 1857 δοθεῖσάν
3168 1817 3296 1871 μοι,
3336 1802 3418 1869 ὠς
3452 1803 3650 1872 σοφὸς

2049 1884 2436 1954 ἀρχιτέκτων,
2465 1885 2743 1956 θεμέλιον
2764 1885 2999 1940 τέθεικα
3026 1894 3074 1939 σ.
3103 1885 3275 1953 Σοφὸν
3301 1885 3497 1941 ἐαυτὸν
3524 1885 3651 1940 ἐκάη

2049 1967 2208 2021 λεσεν
2237 1968 2495 2035 ἐνταῦθα,
2526 1969 2627 2023 οὐκ
2656 1969 2903 2038 ἐπαίρων
2937 1967 3151 2034 ἐαυτὸν,
3180 1967 3318 2021 ἀλλά
3339 1967 3512 2023 τύπον
3551 1970 3649 2024 αύ-

2047 2054 2162 2115 τοῖς
2191 2052 2390 2118 διδοὺς,
2415 2052 2513 2106 καλ⁸
2537 2052 2772 2117 δεικνὺς,
2804 2053 2887 2105 ὅτι
2915 2051 3072 2107 τοῦτό
3099 2053 3215 2106 ἐστι
3251 2051 3437 2122 σοφοῦ,
3468 2052 3530 2106 16
3551 2053 3651 2107 ἕνα

2049 2135 2224 2191 θεῖναι
2264 2136 2536 2208 θεμέλιον.
2586 2138 2733 2209 Ὅρα
2760 2135 2891 2206 γοῦν
2942 2135 3060 2201 πῶς
3110 2135 3415 2208 μετριάζει.
3461 2135 3647 2191 Εἰπὼν

2049 2220 2158 2292 γὰρ
2192 2220 2355 2290 σοφὸν
2402 2220 2617 2289 ἑαυτὸν,
2656 2222 2758 2276 οὐκ
2801 2222 3014 2293 ἀφῆκεν
3060 2220 3226 2275 αὐτοῦ
3277 2223 3438 2276 τοῦτο
3480 2216 3644 2289 εἶναι,

2049 2303 2164 2357 ἀλλ’
2198 2303 2321 2358 ὅλον
2370 2304 2565 2359 ἐαυτὸν
2618 2305 2886 2377 πρότερον
2935 2305 3155 2368 ἀναθεὶς
3197 2303 3277 2376 τῷ
3330 2304 3471 2376 Θεῷ,
3522 2304 3646 2359 τότε

2048 2387 2242 2445 ἑαυτὸν
2288 2387 2465 2452 οὕτως
2518 2388 2774 2442 ἐκάλεσε·
2809 2387 2971 2442 Κατὰ
3005 2385 3115 2459 γάρ
3150 2386 3267 2457 τὴν
3312 2388 3492 2459 χάριν
3538 2387 3645 2444 τοῦ

2051 2470 2199 2525 Θεοῦ
2231 2470 2347 2540 τὴν
2386 2469 2675 2527 δοθεῖσάν
2696 2490 2818 2543 μοι,
2850 2472 3038 2544 φησίν.
3084 2471 3252 2543 Ὁμοῦ
3283 2473 3390 2545 γὰρ
3427 2472 3646 2531 δείκνυ-

2051 2572 2155 2618 σιν,
2181 2556 2262 2610 ὅτι
2290 2557 2385 2613 καὶ
2421 2555 2482 2610 16
2516 2559 2624 2611 πᾶν
2649 2557 2763 2610 ἐστι
2803 2556 2899 2610 τοῦ
2924 2554 3081 2622 Θεοῦ,
3114 2558 3208 2611 καὶ
3240 2558 3323 2610 ὅτι
3352 2556 3511 2610 τοῦτο
3539 2555 3645 2627 μά-

2046 2637 2205 2693 λιστά
2235 2639 2352 2692 ἐστι
2374 2639 2556 2710 χάρις,
2587 2639 2647 2693 16
2675 2640 2748 2710 μὴ
2776 2639 3092 2711 διῃρῆσθαι,
3126 2638 3243 2693 ἀλλ’
3275 2639 3364 2710 ἐφ’
3401 2639 3485 2693 ἐνὶ
3527 2640 3644 2692 κεῖ-

2048 2723 2171 2778 σθαι
2197 2721 2451 2794 θεμελίῳ.
2514 2725 2731 2789 Ἄλλος
2777 2723 3189 2794 ἐποικοδομεῖ·
3250 2723 3512 2790 ἕκαστος
3571 2724 3645 2778 δὲ

2039 2805 2337 2873 βλεπέτω,
2361 2803 2488 2873 πῶς
2511 2805 2908 2877 ἐποικοδομεῖ.
2937 2804 3052 2879 [70]
3092 2807 3357 2862 Ἐνταῦθα
3379 2824 3471 2879 μοι
3494 2807 3645 2861 δοκεῖ

2044 2892 2126 2955 είς
2154 2892 2247 2944 τὸν
2278 2892 2407 2962 περὶ
2447 2891 2550 2960 τῆς
2582 2891 2856 2954 πολιτείας
2893 2892 3085 2946 λοιπὸν
3122 2892 3322 2956 αὐτοὺς
3348 2891 3643 2964 ἐμϐάλλειν

2044 2974 2252 3043 ἀγῶνα,
2281 2973 2469 3045 ἐπειδὴ
2502 2973 2738 3043 συνῆψεν
2768 2971 2917 3040 άπαξ
2949 2975 3043 3029 καὶ
3085 2975 3143 3030 ἐν
3175 2975 3422 3047 ἐποίησε.
3461 2975 3640 3044 Θεμέο

2042 3062 2185 3117 λιον
2220 3059 2332 3129 γὰρ
2364 3058 2561 3113 ἄλλον
2586 3058 2790 3124 οὐδεὶς
2831 3058 3082 3115 δύναται
3112 3060 3302 3116 θεῖναι
3342 3060 3504 3129 παρὰ
3533 3060 3642 3114 τὸν

2045 3145 2351 3214 κείμενον,
2388 3142 2456 3209 ὅς
2498 3142 2670 3196 ἐστιν
2718 3142 2960 3210 Ἰησοῦς
2988 3145 3263 3213 Χριστός.
3294 3144 3369 3198 06
3413 3143 3641 3198 δύναται

2041 3228 2122 3294 δέ,
2154 3228 2259 3291 ἕως
2290 3225 2357 3281 ἂν
2461 3225 2488 3266 ά
2530 3225 2893 3298 ἀρχιτέκτων·
2925 3228 2991 3281 ἂν
3011 3227 3071 3281 δὲ
3098 3228 3252 3301 τεθῇ,
3280 3228 3467 3284 οὐκέτι
3489 3229 3641 3284 ἐστὶν

2044 3311 2403 3383 ἀρχιτέκτων.

2111 3473 2288 3529 δ’.”Ίδε
2306 3473 2421 3537 πῶς
2434 3472 2527 3527 καὶ
2543 3472 2651 3527 ἀπὸ
2666 3473 2775 3527 τῶν
2794 3472 2989 3528 κοινῶν
3005 3472 3223 3528 ἐννοιῶν
3240 3471 3642 3537 κατασκευάζει

2041 3556 2105 3612 16
2135 3558 2496 3631 προκείμενον
2531 3557 2697 3613 ἅπαν.
2740 3560 2805 3612 Ὃ
2830 3558 2887 3611 δὲ
2925 3558 3094 3627 λέγει,
3127 3557 3287 3612 τοῦτό
3326 3560 3461 3631 ἐστι·
3491 3558 3641 3612 Κατ-

2043 3643 2276 3713 ἡγγειλα
2303 3643 2399 3697 τὸν
2436 3643 2693 3712 Χριστὸν,
2731 3643 3026 3715 παρέδωκα
3058 3643 3187 3713 ὑμῖν
3224 3641 3317 3695 τὸν
3362 3641 3639 3713 θεμέλιον,

2044 3729 2299 3780 σκοπεῖτε
2358 3726 2477 3789 πῶς
2523 3726 2952 3798 ἐποικοδομεῖτε,
2985 3728 3036 3781 εί
3073 3723 3387 3792 κενοδόξως,
3417 3726 3465 3779 εί
3501 3724 3639 3796 1:96;

2040 3808 2367 3881 ἀνθρώπους
2415 3808 2776 3875 ἀποσπῶντες
2819 3810 2946 3876 τοὺς
2993 3809 3263 3882 μαθητάς.
3314 3809 3409 3880 Μὴ
3455 3809 3637 3863 τοίνυν

2042 3891 2401 3962 προσέχωμεν
2430 3894 2553 3952 ταῖς
2584 3892 2848 3962 αἱρέσεσι·
2874 3892 3124 3964 θεμέλιον
3145 3892 3254 3965 γάρ
3282 3892 3441 3947 ἄλλον
3462 3892 3638 3955 οὐδεὶς

2040 3972 2266 4029 δύναται
2301 3973 2475 4027 θεῖναι
2516 3975 2668 4045 παρά
2709 3976 2801 4028 τὸν
2843 3977 3119 4047 κείμενον.
3159 3976 3282 4030 Ἐπὶ
3313 3975 3501 4030 τοῦτον
3541 3972 3637 4029 οῦν

2039 4055 2437 4128 οἰκοδομῶμεν,
2492 4057 2587 4110 καὶ
2621 4056 2696 4120 ὡς
2730 4056 2986 4127 θεμελίου
3019 4058 3294 4129 ἐχώμεθα,
3324 4058 3401 4122 ὡς
3447 4058 3637 4129 κλῆμα

2039 4139 2310 4210 ἀμπέλου,
2345 4140 2441 4194 καὶ
2482 4139 2648 4211 μηδὲν
2678 4138 2819 4194 ἔστω
2846 4139 3012 4210 μέσον
3045 4140 3205 4213 ἡμῶν
3246 4142 3341 4196 καὶ
3371 4141 3631 4213 Χριστοῦ·

2039 4225 2105 4281 ἂν
2131 4225 2240 4297 γὰρ
2262 4224 2488 4296 γένηταί
2530 4242 2584 4279 τι
2633 4226 2817 4296 μέσον,
2858 4225 3064 4289 εὐθέως
3104 4224 3485 4297 ἀπολλύμεθα.
3525 4227 3636 4279 Καὶ

2040 4310 2148 4382 γάρ
2171 4308 2234 4361 16
2256 4307 2443 4379 κλῆμα
2473 4307 2618 4362 κατά
2639 4307 2702 4361 16
2723 4308 2946 4379 συνεχὲς
2969 4308 3117 4362 ἐλκει
3139 4308 3241 4377 τὴν
3262 4310 3512 4381 πιότητα,
3540 4310 3636 4364 καὶ

2038 4393 2072 4464 ἡ
2106 4391 2362 4463 οἰκοδομὴ
2402 4393 2543 4446 κατά
2562 4391 2624 4445 16
2649 4391 3008 4462 κεκολλῆσθαι
3036 4390 3292 4463 ἕστηκεν·
3320 4393 3396 4456 ὡς
3420 4393 3489 4447 ἂν
3514 4395 3632 4446 δια-

2039 4478 2163 4548 στῇ,
2192 4476 2515 4543 ἀπόλλυται,
2547 4476 2649 4530 οὐκ
2684 4475 2886 4546 ἔχουσα
2911 4474 3019 4528 ποῦ
3042 4475 3245 4547 ἐρείσει
3288 4475 3506 4547 ἑαυτήν.
3539 4478 3633 4548 Μὴ

2036 4562 2219 4614 τοίνυν
2264 4560 2450 4624 ἁπλῶς
2476 4558 2733 4631 ἐχώμεθα
2760 4558 2857 4612 τοῦ
2890 4558 3150 4630 Χριστοῦ,
3182 4558 3320 4612 ἁλλά
3353 4559 3633 4631 κολληθῶ-

2038 4660 2140 4717 μεν
2167 4643 2337 4715 αὐτῷ·
2367 4642 2435 4698 ἂν
2480 4642 2591 4716 γὰρ
2619 4642 2951 4715 διαστῶμεν,
2981 4641 3356 4714 ἀπολλύμεθα.
3404 4646 3469 4698 οι
3520 4642 3634 4713 γὰρ

2029 4731 2446 4801 μακρύνοντες
2481 4727 2738 4794 ἑαυτοὺς
2764 4728 2885 4784 ἀπὸ
2929 4727 3069 4791 σοῦ,
3101 4726 3492 4795 ἀπολοῦνται,
3531 4745 3635 4799 φη-

2037 4813 2112 4868 σί.
2141 4811 2477 4882 Κολλώμεθα
2510 4812 2690 4866 τοίνυν
2723 4811 2894 4883 αὐτῷ.
2924 4811 3021 4865 καὶ
3054 4810 3374 4882 κολλώμεθα
3407 4810 3496 4864 διὰ
3521 4809 3633 4865 τῶν

2034 4897 2232 4970 ἔργων·
2260 4895 2319 4950 '0
2344 4895 2451 4969 γάρ
2471 4895 2654 4967 τηρῶν
2681 4895 2781 4960 τὰς
2801 4895 3017 4958 ἐντολάς
3049 4913 3176 4967 μου,
3204 4894 3367 4959 αὐτὸς
3396 4896 3454 4948 ἐν
3482 4894 3629 4966 ἐμοὶ,

2037 4981 2192 5052 φησὶ,
2229 4980 2404 5051 μένει.
2458 4978 2570 5032 Καὶ
2602 4978 2710 5050 γὰρ
2749 4978 2839 5032 διὰ
2862 4977 3073 5031 πολλῶν
3109 4979 3257 5050 ἡμᾶς
3292 4972 3631 5048 ὑποδειγμά-

2034 5080 2142 5119 των
2166 5065 2297 5117 ἐνοῖ.
2332 5062 2531 5116 Σκόπει
2552 5060 2629 5114 δέ·
2652 5061 2824 5124 Αὐτὸς
2846 5062 2880 5133 ἡ
2908 5060 3139 5133 κεφαλὴ,
3167 5062 3330 5131 ἡμεῖς
3354 5060 3416 5115 16
3444 5060 3627 5131 σῶμα·

2036 5145 2114 5218 μὴ
2147 5143 2373 5200 δύναται
2405 5145 2569 5218 μέσον
2595 5162 2646 5198 τι
2679 5141 2818 5199 εἶναι
2846 5144 3092 5215 κεφαλῆς
3121 5145 3216 5197 καὶ
3241 5143 3490 5214 σώματος
3515 5142 3633 5197 διά·

2037 5222 2220 5300 στημα
2257 5228 2450 5297 κενόν;
2475 5228 2647 5293 Αὐτὸς
2670 5227 2944 5299 θεμέλιος,
2964 5230 3125 5300 ἡμεῖς
3151 5228 3434 5299 οἰκοδομή·
3467 5226 3632 5291 αὐτος

2032 5314 2299 5383 ἄμπελος,
2328 5316 2493 5385 ἡμεῖς
2528 5312 2803 5384 κλήματα·
2837 5312 3002 5376 αὐτὸς
3031 5314 3061 5367 6
3093 5312 3353 5384 νυμφίος,
3398 5314 3564 5385 ἡμεῖς
3593 5312 3630 5382 ἡ

2034 5397 2244 5468 νύμφη·
2304 5398 2468 5459 αὐτὸς
2514 5398 2544 5451 6
2597 5395 2822 5469 ποιμὴν,
2863 5398 3028 5469 ἡμεῖς
3081 5397 3151 5452 16
3202 5398 3474 5470 πρόϐατα·
3512 5395 3633 5460 ὁδὸς

2033 5480 2264 5545 ἐκεῖνος,
2295 5482 2454 5551 ἡμεῖς
2481 5482 2530 5534 οἱ
2559 5478 2885 5549 βαδίζοντες·
2914 5481 3041 5544 ναὸς
3074 5480 3237 5536 πάλιν
3256 5484 3441 5551 ἡμεῖς,
3467 5478 3632 5541 αὐτὸς

2032 5561 2258 5627 ένοικος·
2291 5563 2454 5628 αὐτὸς
2488 5567 2517 5617 6
2547 5564 2913 5635 πρωτότοκος..
2939 5566 3103 5636 ἡμεῖς
3126 5567 3175 5618 οί
3200 5565 3441 5631 ἀδελφοί·
3465 5559 3628 5622 αὐτὸς

2030 5649 2060 5699 6
2083 5647 2439 5719 κληρονόμος,
2470 5648 2632 5719 ἡμεῖς
2657 5650 2706 5702 οί
2741 5646 3196 5722 συγκληρονόμοι·
3228 5646 3392 5708 αὐτὸς
3425 5645 3459 5714 ἡ
3487 5643 3625 5707 ζωὴ.

2033 5731 2194 5802 ἡμεῖς
2219 5732 2268 5784 οἱ
2293 5731 2514 5796 ζῶντες·
2542 5732 2704 5797 αὐτὸς
2729 5735 2761 5805 ἡ
2785 5733 3104 5797 ἀνάστασις,
3135 5733 3293 5802 ἡμεῖς
3327 5728 3377 5781 οί
3406 5724 3630 5780 ἀνιστά-

2033 5996 2055 6048 ε
2095 5934 2119 5964 ε
2147 5928 2406 6057 ρεοὲέιοιιιι·
2451 5931 2611 5989 ἔθηκα.
2701 5930 2727 5972 d
2752 5931 2964 5982 Saviiius
3017 5924 3294 5992 legendum
3346 5924 3627 5990 suspicatur

2060 6012 2124 6051 ως
2152 6010 2208 6042 αν
2295 6028 2309 6043 .
3102 6042 3105 6049 .

2060 6012 2124 6051 ως
2152 6010 2208 6042 αν
2232 6010 2309 6051 un.
