4086 6416
533 295 609 354 ’ἱὸ
1217 297 1273 352 S.
1313 291 1604 352 JOANNIS
1641 287 2143 350 CHRYSOSTOMI
2183 291 2503 352 ARCHIEP.
2545 294 3098 356 CONST‘ANTINOP.
3749 302 3816 356 74

533 435 704 492 μενοι·
743 418 905 482 αὐτὸς
938 419 999 472 τὸ
1040 419 1175 488 φῶς,
1212 421 1375 492 ἡμεῖς
1416 423 1462 474 οἱ
1512 421 1894 492 φωτιζόμενοι.
1937 416 2124 473 Ταῦτα

531 514 710 567 πάντα
745 513 940 567 ἐνωσιν
967 526 991 555 α
1029 515 1301 584 ἐμφαίνει,
1339 515 1433 566 καὶ
1455 516 1608 568 οὐδὲν
1639 515 1804 585 μέσον
1845 514 2000 568 κενὸν
2025 512 2122 580 ἀφ·

534 609 678 678 ίησιν
704 603 864 672 εἶναι,
894 607 1014 660 ούδέ
1044 609 1104 661 τὸ
1135 606 1480 678 μικρότατον.
1527 606 1585 659 '0
1619 607 1728 679 γάρ
1761 605 1956 679 μικρὸν
1988 606 2116 659 ἀπο·

531 700 682 765 στάς,
719 701 814 755 καὶ
844 700 978 754 πολὺ
1009 699 1211 771 προῖὼν
1233 700 1625 771 ἀποστήσεται.
1656 701 1766 754 Καὶ¹
1799 700 1908 769 γὰρ
1935 698 1996 752 τὸ
2021 698 2124 751 σῶ·

531 810 630 862 μα,
667 793 733 846 ἂν
775 793 976 865 μικρὰν
1013 792 1121 846 ἀπὸ
1163 791 1351 861 ξίφους
1399 793 1682 847 διάστασιν
1714 791 1956 861 δέξηται,
2006 790 2124 844 δια-

527 885 849 955 φθείρεται·
916 886 1008 938 καὶ
1056 887 1088 954 ή
1143 885 1420 957 οἰκοδομὴ,
1479 887 1581 941 κᾶν
1632 885 1825 958 μικρὸν
1869 885 2118 957 διαχάνῃ,

526 977 875 1032 καταλύεται·
900 978 992 1030 καὶ
1015 977 1114 1048 τῆς
1141 977 1296 1048 ῥίζης
1320 979 1382 1032 τὸ
1401 978 1610 1050 κλῆμα,
1637 978 1740 1033 κᾶν
1768 977 1962 1049 μικρὸν
1989 978 2125 1030 ἀπο-

528 1073 691 1141 κοπῇ,
729 1071 953 1139 γέγονεν
988 1071 1284 1142 ἄχρηστον.
1321 1071 1484 1125 Ὥστε
1515 1072 1574 1125 τὸ
1612 1072 1809 1143 μικρὸν
1841 1070 2002 1125 τοῦτο
2023 1070 2123 1124 οὐκ

525 1165 638 1217 ἔστι
670 1163 883 1235 μικρὸν,
931 1164 1068 1217 ἀλλὰ
1111 1165 1208 1217 καὶ
1253 1165 1440 1235 σχεδὸν
1489 1165 1550 1218 τὸ
1595 1166 1716 1219 ὅλον
1744 1165 1912 1219 ἐστίν.
1953 1167 2122 1218 Ὅταν

524 1254 618 1310 οὖν
661 1256 856 1328 μικρόν
888 1274 940 1309 τι
980 1256 1465 1327 πλημμελήσωμεν
1491 1257 1524 1328 ἢ
1556 1257 1652 1310 καὶ
1683 1255 2120 1328 ῥᾳθυμήσωμεν,

524 1349 600 1420 μὴ
655 1348 972 1419 παρίδωμεν
1020 1347 1082 1400 τὸ
1141 1349 1356 1419 μικρόν·
1419 1348 1541 1402 ἐπεὶ
1578 1348 1792 1419 ταχέως
1835 1346 2122 1419 παροφθὲν

517 1439 678 1493 τοῦτο
716 1439 858 1510 μέγα
903 1437 1134 1507 γίνεται.
1177 1437 1334 1492 (ιῦτω
1366 1439 1459 1492 κιιιὶ¹
1501 1439 1716 1508 ἱμάτιον
1748 1439 1925 1510 ἀρχὴν
1955 1437 2120 1491 λαϐὸν

521 1533 826 1605 ῥήγνυσθαι
853 1532 947 1586 καὶ
972 1531 1267 1602 ἀμεληθὲν,
1295 1532 1469 1586 διόλου
1498 1532 1560 1585 τὸ
1583 1531 1790 1604 σχίσμα
1813 1533 2119 1604 προήγαγε·

517 1627 616 1681 καὶ
672 1625 870 1697 δροφος
933 1624 1131 1693 ὀλίγων
1189 1625 1453 1696 κεράμων
1514 1625 1936 1679 καταπεσόντων
1976 1643 2116 1696 παρ-

519 1719 727 1787 οφθεὶς,
764 1717 1059 1786 ὀλόκληρον
1111 1716 1202 1770 τὸν
1244 1713 1393 1771 οἷκον
1437 1720 1768 1790 κατήνεγκε.
1829 1719 1999 1774 Ταῦτ’
2028 1715 2120 1774 οῦν

516 1813 678 1880 ἡμεῖς
711 1808 1074 1879 λογιζόμενοι,
1116 1809 1385 1879 μηδέποτε
1434 1809 1542 1864 τῶν
1592 1812 1805 1882 μικρῶν
1836 1829 2117 1883 καταφρο-

517 1904 720 1974 νῶμεν,
763 1903 850 1957 ἵνα
894 1903 969 1974 μή
995 1903 1076 1968 είς
1106 1902 1172 1956 τά
1210 1903 1420 1973 μεγάλα
1451 1904 1804 1975 ἐμπέσωμεν·
1835 1903 1900 1958 ἂν
1934 1904 1981 1958 δ’
2009 1905 2117 1976 ἄρα

514 1996 1041 2069 καταφρονήσωμεν,
1076 1995 1170 2050 καὶ
1211 1997 1292 2060 είς
1320 1995 1380 2048 τὸ
1415 1995 1577 2066 βάθος
1605 1995 1744 2050 ἔλθω
1757 2014 1858 2068 μεν
1882 1997 1989 2052 τῶν
2014 2015 2115 2052 xa-

513 2089 648 2152 κῶν,
689 2089 824 2160 μηδὲ
854 2088 1031 2142 ἐκεῖσε
1066 2087 1350 2159 γενόμενοι
1379 2088 1733 2160 ἀπογνῶμεν,
1778 2090 1866 2143 ῖνα
1911 2090 1986 2162 μὴ
2013 2091 2116 2160 ἐμ-

513 2183 768 2252 πέσωμεν
813 2183 893 2246 είς
937 2180 1308 2253 καρηϐαρίαν.
1342 2180 1459 2254 [71]
1486 2181 1756 2236 Δύσκολον
1787 2182 1894 2255 γάρ
1928 2183 2115 2238 λοιπὸν

510 2273 760 2329 ἀνελθεῖν
787 2274 997 2328 ἐκεῖθεν
1028 2273 1120 2328 τὸν
1180 2272 1254 2345 μὴ
1290 2273 1495 2346 σφόδρα
1531 2274 1795 2345 νήφοντα,
1830 2276 1891 2328 οὐ
1927 2276 2019 2338 διά
2052 2277 2115 2331 τὸ

515 2366 691 2438 μῆκος
725 2365 912 2437 μόνον,
962 2365 1098 2420 ἀλλά
1133 2367 1227 2420 καὶ
1253 2365 1342 2418 διὰ
1371 2365 1470 2435 τὴν
1509 2366 1658 2421 θέσιν
1710 2368 1902 2440 αὐτήν.
1942 2370 2115 2436 Βάθος

509 2459 620 2531 γάρ
648 2460 764 2512 ἐστι
815 2459 909 2513 καὶ
956 2459 1284 2530 ήάμαρτία,
1327 2461 1425 2514 καὶ
1463 2459 1615 2514 κάτω
1648 2460 1892 2533 φέρουσα
1917 2462 2110 2518 θλίϐει.

509 2551 620 2604 Καὶ
642 2551 894 2622 καθάπερ
932 2551 982 2603 οἱ
1010 2551 1089 2614 είς
1117 2549 1296 2622 φρέαρ
1325 2550 1661 2622 ἐμπεσόντες
1691 2552 1791 2606 οῦκ
1821 2552 1886 2606 ἂν
1914 2554 2115 2624 ῥᾳδίως

507 2641 802 2708 ἀνέλθοιεν,
835 2642 950 2696 ἀλλ’
977 2643 1184 2713 ἐτέρων
1209 2643 1498 2714 δεήσονται
1527 2642 1638 2697 τῶν
1665 2643 1981 2714 ἀναγόντων
2015 2646 2114 2700 αὒ-

506 2735 652 2799 τούς·
688 2734 831 2788 οὕτω
857 2735 951 2788 καὶ
971 2735 999 2788 6
1026 2736 1105 2798 είς
1135 2733 1297 2805 βάθος
1324 2733 1492 2788 ἐλθὼν
1529 2735 1638 2790 τῶν
1665 2736 2107 2808 ἁμαρτημάτων.

508 2827 854 2898 Χαλάσωμεν
891 2820 986 2880 οῦν
1041 2827 1250 2896 σχοινία
1302 2828 1441 2899 πρὸς
1492 2829 1622 2893 τοὺς
1673 2831 1968 2898 τοιούτους,
2017 2834 2113 2887 καὶ

507 2919 928 2992 ἀνιμησώμεθα·
972 2919 1172 2989 μᾶλλον
1202 2919 1260 2973 δὲ
1297 2920 1396 2990 οὐχ
1421 2920 1624 2992 ἐτέρων
1655 2921 1736 2975 δεῖ
1763 2923 1943 2992 μόνον,
1974 2926 2112 2982 ἀλλά

506 3015 601 3067 καὶ
649 3012 806 3084 ἡμῶν
843 3011 1047 3078 αὐτῶν,
1096 3012 1183 3066 ἵνα
1231 3012 1325 3066 καὶ
1377 3014 1606 3077 ἑαυτοὺς
1652 3014 1951 3086 ἐπιδῶμεν,
2011 3018 2105 3073 καὶ

505 3104 912 3177 ἀναϐησώμεθα
963 3105 1024 3158 ού
1075 3103 1351 3170 τοσοῦτον,
1404 3106 1529 3159 ὅσον
1581 3107 1916 3179 κατέϐημεν,
1970 3110 2111 3166 ἀλλὰ

505 3196 687 3268 πολλῷ
730 3196 915 3262 πλέον,
958 3195 1052 3249 ἐὰν
1094 3194 1436 3268 βουλώμεθα.
1473 3198 1584 3252 Καὶ
1615 3198 1725 3271 γάρ
1753 3201 1781 3254 6
1811 3201 1946 3266 Θεὸς
1981 3201 2109 3276 βοη-

509 3290 614 3344 θεῖ·
678 3291 760 3344 Οὐ
789 3289 899 3360 γὰρ
924 3289 1217 3354 ,βούλεται
1257 3288 1366 3343 τὸν
1397 3289 1659 3347 θάνατον
1695 3292 1803 3346 τοῦ
1835 3293 2105 3364 ἀμαρτω-

503 3381 640 3446 λοῦ,
671 3383 753 3448 ὡς
790 3380 854 3435 τὸ
881 3380 1242 3450 ἐπιστρέψαι
1271 3381 1476 3436 αὐτόν.
1512 3381 1718 3454 Μηδεὶς
1746 3385 1928 3438 τοίνυν
1965 3388 2104 3440 ἁπο-

503 3473 842 3538 γινωσκέτω,
881 3472 1074 3544 μηδεὶς
1118 3472 1180 3524 τὸ
1209 3472 1316 3526 τῶν
1355 3472 1570 3527 ἀσεϐῶν
1612 3474 1870 3545 πασχέτω
1905 3477 2100 3542 πάθος·

503 3567 730 3620 ἐκείνων
771 3566 882 3638 γάρ
921 3567 1037 3620 ἐστι
1083 3565 1144 3619 τὸ
1181 3566 1422 3621 τοιοῦτον
1465 3569 1792 3641 ἁμάρτημα.
1849 3571 2104 3640 Ἀσεϐὴς

501 3658 646 3728 γὰρ,
682 3659 836 3728 φησὶ,
878 3657 1074 3712 ἐλθὼν
1106 3659 1194 3723 εὶς
1223 3657 1420 3725 βάθος
1458 3658 1681 3726 κακῶν,
1717 3664 2099 3731 καταφρονεῖ.

577 3751 739 3803 Ὥστε
775 3751 836 3803 οὐ
872 3750 933 3803 τὸ
976 3749 1178 3820 πλῆθος
1203 3751 1314 3803 τῶν
1356 3751 1776 3822 ἁμαρτημάτων
1827 3756 2100 3828 ποιεῖτὴν

500 3840 832 3910 ἀπόγνωσιν,
864 3842 979 3895 ἀλλ’
1015 3843 1047 3914 ή
1083 3841 1176 3895 τοῦ
1208 3842 1440 3908 ἀσεϐοῦς
1481 3841 1697 3915 γνώμη.
1753 3845 1874 3900 Κᾶν
1914 3850 2098 3904 πᾶσαν

498 3932 678 3985 τοίνυν
708 3931 946 4003 ἐπέλθῃς
975 3932 1192 3994 κακίαν,
1226 3932 1346 3986 εἰπὲ
1373 3933 1510 4005 πρὸς
1543 3935 1755 3988 ἐαυτόν·
1789 3935 2099 4010 Φιλάνθρωο

498 4025 599 4088 πός
639 4025 787 4077 ἐστιν
840 4025 869 4078 6
919 4024 1071 4090 Θεὸς,
1115 4025 1210 4080 καὶ
1257 4026 1356 4097 τῆς
1390 4027 1667 4099 σωτηρίας
1705 4028 1965 4100 ἐπιθυμεῖ
1994 4032 2096 4102 τῆς

499 4115 798 4186 ἡμετέρας.
840 4115 985 4170 Ἐὰν
1030 4115 1140 4187 γὰρ
1174 4111 1326 4172 ὦσιν
1361 4119 1421 4172 αἱ
1464 4117 1747 4188 ἁμαρτίαι
1796 4119 1964 4190 ὑμῶν
2011 4123 2095 4189 ὠς

500 4203 838 4272 φοινικοῦν,
871 4205 952 4269 ὡς
972 4207 1149 4275 χιόνα
1175 4205 1473 4273 λευκανῶ,
1507 4209 1663 4280 φησὶ,
1695 4209 1791 4264 καὶ
1821 4211 1957 4282 πρὸς
1994 4211 2092 4284 τὴν

498 4296 746 4350 ἐναντίαν
793 4297 906 4362 ἕξιν
955 4299 1301 4370 μεταστήσω.
1332 4299 1426 4370 Μὴ
1468 4302 1650 4356 τοίνυν
1697 4302 2093 4376 ἀπαγορεύσω-

500 4404 618 4456 μεν·
646 4389 708 4440 ού
738 4389 845 4462 γὰρ
875 4389 934 4443 τὸ
969 4393 1156 4444 πεσεῖν
1193 4391 1336 4444 οὕτω
1367 4392 1623 4462 χαλεπὸν,
1652 4395 1727 4458 ώς
1764 4396 1825 4448 τὸ
1855 4398 2091 4453 πεσόντα

497 4480 730 4533 κεῖσθαι·
761 4481 888 4533 οὔτε
926 4482 988 4533 τὸ
1037 4483 1313 4552 τρωθῆναι
1351 4483 1545 4552 δεινὸν,
1581 4486 1657 4548 ώς
1705 4486 1764 4539 τὸ
1809 4489 2090 4559 τρωθέντα

499 4569 575 4642 μή
604 4571 890 4640 βούλεσθαι
921 4570 1346 4644 θεραπεύεσθαι.
1384 4574 1485 4642 Τίς
1543 4575 1657 4647 γὰρ
1709 4579 2088 4648 καυχήσεται

496 4662 693 4733 ἁγνὴν
733 4664 898 4733 ἔχειν
926 4663 1040 4734 τὴν
1077 4665 1369 4734 καρδίαν;
1405 4669 1442 4736 ἢ
1475 4669 1568 4735 τίς
1609 4671 2087 4738 παῤῥησιάσεται

494 4756 756 4824 καθαρὸς
807 4753 960 4810 εἶναι
1007 4757 1126 4812 ἀπὸ
1182 4758 1523 4828 ἀμαρτιῶν;
1563 4763 1749 4817 Ταῦτα
1787 4763 1952 4834 λέγω,
1987 4767 2085 4839 οὐχ

495 4843 582 4898 ἵνα
610 4846 1011 4918 ῥᾳθυμοτέρους
1041 4848 1188 4920 ὑμᾶς
1220 4851 1452 4922 ποιήσω,
1479 4851 1597 4906 ἀλλ’
1631 4854 1716 4908 ἵνα
1745 4855 1974 4910 κωλύσω
2003 4859 2083 4923 εἰς

489 4935 805 5006 ἀπόγνωσιν
831 4940 1120 5010 ἐμπεσεῖν.

562 5037 624 5084 ε’.
640 5030 824 5084 Βούλει
844 5031 1034 5102 μαθεῖν
1056 5034 1172 5098 πῶς
1188 5036 1335 5090 ἐστιν
1351 5037 1506 5109 ἡμῶν
1522 5039 1726 5109 ἀγαθὸς
1739 5042 1766 5094 6
1779 5042 2075 5113 Δεσπότης;

501 5120 759 5191 ’Δνῆλθεν
799 5125 826 5175 ό
866 5123 1102 5196 τελώνης
1138 5127 1349 5198 μυρίων
1375 5128 1563 5200 γέμων
1613 5131 1822 5199 κακῶν,
1873 5133 1966 5186 καὶ
2000 5136 2077 5188 εί-

488 5211 626 5275 πὼν,
667 5212 972 5281 Ἰλάσθητί
988 5234 1111 5284 μοι,
1155 5218 1336 5288 μόνον,
1370 5221 1606 5292 κατῆλθε
1631 5223 2073 5295 δεδικαιωμένος.

485 5303 600 5356 Καὶ
628 5303 714 5358 διὰ
742 5304 833 5358 τοῦ
861 5309 1141 5380 προφήτου
1169 5310 1223 5363 δέ
1249 5328 1412 5382 φησιν
1443 5315 1470 5366 ὁ
1499 5315 1649 5376 Θεός·
1683 5316 1760 5368 Δι’
1781 5316 2076 5386 ἁμαρτίαν

479 5395 684 5464 βραχύ
715 5415 767 5450 τι
790 5399 1073 5468 ἐλύπησα
1105 5403 1311 5469 αὐτὸν,
1339 5405 1438 5460 καὶ
1469 5406 1634 5460 εἶδον
1670 5407 1758 5460 ὅτι
1791 5409 2070 5479 ἐλυπήθη

481 5485 581 5540 καὶ
627 5487 921 5558 ἐπορεύθη
965 5493 1255 5562 στυγνὸς,
1299 5493 1395 5547 καὶ
1432 5495 1698 5565 ἰασάμην
1741 5498 1849 5564 τὰς
1893 5498 2074 5566 ὀδοὺς

481 5579 690 5634 αὐτοῦ.
720 5580 785 5632 Τί
808 5581 905 5652 τῆς
938 5582 1347 5654 φιλανθρωπίας
1378 5587 1582 5658 ταύτης
1619 5589 1764 5654 ἵσον;
1797 5591 1916 5645 Ἵνα
1946 5608 2073 5644 στυ-

481 5670 656 5744 γνάσῃ
685 5672 866 5743 μόνον,
909 5676 1093 5744 φησιν,
1122 5676 1310 5747 άφῆκα
1340 5677 1408 5731 τά
1442 5679 1841 5750 ἁμαρτήματα.
1879 5683 2072 5754 Ἦμεῖς

543 5927 568 5955 ⁸
597 5927 742 5992 383.,
761 5929 1004 5987 κόλλησιν.

2233 413 2290 466 δὲ
2319 417 2438 470 οὐδὲ
2473 419 2604 472 αὐτὸ
2643 418 2802 472 τοῦτο
2841 420 3106 490 ποιοῦμεν
3127 435 3139 448 ’
3173 419 3256 473 διὸ
3297 420 3534 490 μάλιστα
3570 419 3663 477 τὸν
3690 423 3825 481 Θεὸν

2235 508 2664 580 παροργίζομεν.
2705 512 2764 564 Ὀ
2791 511 2899 582 γάρ
2937 514 3029 565 καὶ
3067 511 3156 564 διὰ
3203 513 3418 585 μικρῶν
3459 512 3619 576 ἵλεως
3665 517 3823 585 γενό-

2237 617 2418 670 μενος,
2443 603 2571 655 ὅταν
2603 603 2677 675 μὴ
2706 605 2912 659 τούτων
2933 605 3093 677 τύχῃ,
3122 607 3348 670 είκότως
3376 607 3694 674 ἀγανακτεῖ,
3728 609 3825 661 καὶ

2231 691 2330 763 τὴν
2355 693 2590 763 ἐσχάτην
2622 694 2845 748 ἀπαιτεῖ
2870 696 3140 767 τιμωρίαν
3174 697 3342 767 ἡμᾶς·
3375 695 3824 767 ὑπερϐαλλούσης

2231 783 2341 854 γάρ
2374 785 2488 838 ἐστι
2526 784 2684 839 τοῦτο
2734 789 3216 858 καταφρονήσεως.
3269 788 3365 851 Τίς
3407 785 3538 855 γοῦν
3575 787 3823 860 ἐλυπήθη

2231 877 2364 930 ποτὲ
2421 877 2488 932 δι’
2523 879 2824 951 ἀμαρτίας;
2874 881 2958 944 τίς
3012 880 3302 948 ἐστέναξε;
3365 880 3445 945 τίς
3504 880 3565 934 τὸ
3628 881 3825 952 στῆθος

2231 969 2466 1041 ἔπληξε;
2497 971 2580 1035 τίς
2603 972 3007 1044 ἐμερίμνησενς
3039 971 3244 1026 Οὐδένα
3267 972 3438 1042 ἔγωγε
3471 967 3648 1042 οἶμαι·
3682 971 3824 1024 ἀλλὰ

2233 1064 2431 1136 μυρίας
2475 1066 2573 1136 μὲν
2603 1066 2814 1138 ἡμέρας
2842 1065 3133 1138 θρηνοῦσιν
3174 1066 3452 1138 ἄνθρωποι
3496 1065 3638 1137 ὑπὲρ
3672 1067 3822 1118 οἰκε-

2229 1155 2336 1209 τῶν
2371 1156 2770 1222 ἀποθανόντων,
2806 1160 2946 1230 ὑπὲρ
2995 1159 3200 1230 ζημίας
3249 1160 3582 1230 χρημάτων·
3619 1157 3719 1228 τήν
3764 1157 3822 1210 δέ

2228 1249 2406 1323 ψυχὴν
2457 1249 2789 1316 ἀπολλύντες
2838 1252 2961 1307 καθ’
3002 1253 3240 1324 ἑκάστην
3288 1251 3522 1324 ἡμέραν,
3560 1250 3682 1304 οὐδὲ
3737 1251 3821 1313 εἰς

2228 1343 2353 1398 νοῦν
2379 1343 2705 1414 βαλλόμεθα.
2742 1346 2866 1410 Πῶς
2895 1341 2989 1399 οῦν
3015 1346 3220 1417 δυνήσῃ
3252 1345 3340 1398 τὸν
3366 1343 3498 1422 Θεὸν
3524 1340 3822 1408 ἐξιλεώσα-

2231 1435 2375 1504 σθαι,
2415 1437 2545 1490 ὅταν
2581 1438 2715 1508 μηδέ
2757 1439 2838 1491 ὅτι
2889 1439 3160 1509 ἥμαρτες,
3215 1437 3402 1507 είδῇςς
3442 1435 3574 1500 Ναὶ,
3627 1435 3817 1505 φησὶν,

2226 1532 2493 1604 ἥμαρτον.
2513 1533 2641 1597 Ναὶ,
2675 1534 2764 1604 μοὶ
2783 1532 2961 1600 λέγεις
2988 1535 3055 1602 τῇ
3082 1530 3316 1603 γλώττῃ,
3348 1529 3470 1584 είπέ
3497 1547 3588 1599 μοι
3611 1530 3677 1599 τῇ
3704 1526 3823 1580 δια-

2227 1624 2368 1696 νοίᾳ,
2399 1626 2492 1678 καὶ
2540 1625 2678 1696 μετά
2721 1626 2815 1679 τοῦ
2853 1627 3097 1697 ῥήματος
3124 1623 3400 1689 στέναξον,
3429 1622 3516 1674 ῖνα
3548 1618 3820 1691 διηνεκὼ

2227 1719 2490 1792 εύθυμῇς.
2511 1721 2619 1775 Καὶ
2648 1721 2755 1790 γὰρ
2777 1722 2822 1774 εί
2849 1720 3014 1792 ὴλγοῦ
3024 1737 3122 1790 μεν
3145 1719 3234 1772 ἐπὶ
3255 1718 3366 1782 τοῖς
3396 1715 3614 1787 άμαρτή
3625 1730 3817 1785 μασιν.

2226 1812 2275 1864 εἰ
2321 1810 2682 1880 ἐστενάζομεν
2722 1810 2812 1864 ἐπὶ
2858 1813 2968 1874 τοῖς
3016 1808 3504 1880 πλημμελήμασιν,
3549 1805 3704 1858 οὐδὲν
3749 1805 3820 1858 ἂν

2223 1904 2352 1958 ἄλλο
2381 1906 2527 1976 ἡμᾶς
2554 1903 2813 1974 ἐλύπησε,
2846 1901 2946 1972 τῆς
2980 1901 3169 1972 ὀδύνης
3200 1900 3402 1970 ταύτης
3456 1900 3639 1952 πᾶσαν
3681 1897 3820 1951 ἀθυ-

2228 1996 2356 2067 μίαν
2384 1996 2832 2068 παρωθουμένης.
2857 1993 2975 2067 [72]
3011 1995 3172 2046 Ὥστε
3226 1993 3320 2048 καὶ
3350 1992 3537 2064 ἕτερον
3567 1991 3631 2044 ἂν
3655 1992 3819 2062 Exsp-

2222 2088 2478 2160 δαίνομεν
2515 2088 2654 2159 μετά
2685 2089 2782 2160 τῆς
2819 2086 3276 2158 ἐξομολογήσεως,
3322 2084 3380 2138 τὸ
3435 2083 3511 2156 μὴ
3556 2083 3818 2154 βαπτίζε-

2226 2180 2349 2236 σθαι
2392 2183 2504 2244 τοῖς
2547 2181 2810 2254 λυπηροῖς
2849 2180 2944 2234 τοῦ
2980 2182 3246 2251 παρόντος
3291 2178 3429 2249 βίου,
3471 2177 3606 2249 μηδέ
3635 2178 3819 2247 φυσᾶ-

2224 2275 2348 2330 σθαι
2374 2279 2488 2340 τοῖς
2512 2275 2809 2348 λαμπροῖς·
2836 2276 2930 2330 καὶ
2955 2274 3125 2346 ταύτῃ
3149 2273 3312 2328 πάλιν
3350 2271 3610 2343 μειζόνως
3642 2270 3708 2324 ἂν
3731 2271 3819 2338 ἐξε-

2225 2369 2569 2441 ιλεωσάμεθα
2597 2370 2688 2423 τὸν
2724 2369 2879 2437 Θεὸν,
2916 2368 3106 2440 ῶσπερ
3141 2363 3255 2431 οῦν,
3291 2362 3372 2430 οἷς
3401 2365 3663 2437 ποιοῦμεν
3686 2364 3816 2430 νῦν,

2220 2464 2618 2537 παροξύνομεν.
2672 2463 2808 2518 Εἰπὲ
2853 2463 2960 2534 γάρ
2995 2479 3109 2533 μοι,
3149 2461 3202 2514 εῖ
3235 2477 3357 2514 τινα
3391 2458 3534 2530 ἔχεις
3564 2457 3815 2529 οἰκέτην,

2219 2560 2315 2612 κοιλ⁵
2343 2556 2514 2612 πολλά
2541 2556 2728 2613 παθὼν
2754 2557 2961 2618 ἐκεῖνος
2991 2554 3136 2609 κακά
3166 2554 3317 2622 παρά
3343 2552 3453 2606 τῶν
3478 2549 3812 2622 ὁμοδούλων,

2217 2651 2327 2706 τῶν
2358 2651 2455 2722 μὲν
2485 2650 2659 2706 ἄλλων
2695 2648 2923 2721 μηδενὸς
2949 2647 3105 2718 λόγον
3153 2648 3378 2710 ποιοῖτο,
3424 2644 3564 2715 ὑπὲρ
3601 2642 3658 2696 δὲ
3707 2642 3810 2696 τοῦ

2220 2745 2297 2819 μὴ
2322 2743 2751 2815 παροργίζεσθαι
2779 2742 2869 2797 τὸν
2889 2741 3156 2812 δεσπότην
3181 2737 3455 2812 φροντίζοι
3487 2737 3670 2808 μόνον,
3695 2730 3816 2807 ἄρα

2216 2841 2314 2912 οὐχ
2359 2838 2540 2902 ίκανὸς
2587 2838 2694 2892 ἀπὸ
2721 2836 2913 2890 τούτου
2945 2835 3106 2905 μόνου
3138 2832 3298 2887 λῦσαί
3347 2849 3441 2886 σου
3471 2831 3568 2904 τὴν
3599 2831 3811 2902 ὀργήνς

2217 2931 2283 2984 Τί
2310 2930 2388 2994 δέ,
2417 2929 2484 2985 ἂν
2512 2928 2622 2982 τῶν
2659 2928 2758 2999 μὲν
2791 2929 2870 2992 εἰς
2911 2927 2971 2980 σέ
3003 2925 3494 2997 πλημμελημάτων
3533 2921 3815 2993 μηδεμίαν

2216 3023 2424 3075 ποιοῖτο
2456 3020 2732 3091 φροντίδα,
2763 3019 2906 3090 ὑπὲρ
2937 3018 2994 3072 δέ
3017 3017 3126 3071 τῶν
3158 3016 3295 3088 πρὸς
3321 3016 3450 3079 τοὺς
3479 3013 3813 3085 ὁμοδούλους

2215 3114 2514 3186 φροντίζοι,
2547 3113 2668 3183 οὐχὶ
2693 3111 2916 3183 μείζονα
2939 3109 3160 3175 ἐπάξεις
3182 3110 3283 3182 τὴν
3309 3106 3614 3180 τιμωρίαν;
3645 3104 3813 3161 Οῦτω

2215 3209 2309 3262 καὶ
2333 3211 2362 3261 6
2398 3207 2531 3270 Θεὸς
2559 3207 2721 3260 ποιεῖ·
2760 3206 2888 3259 ὅταν
2920 3203 3019 3276 μὲν
3045 3201 3340 3273 ἀμελῶμεν
3375 3199 3541 3254 αὑτοῦ
3579 3199 3677 3271 τῆς
3709 3199 3812 3272 6p-

2211 3301 2335 3372 γῆς,
2375 3300 2738 3371 σφοδροτέραν
2775 3298 2972 3367 ἐπάγει
3002 3297 3195 3368 αὑτήν·
3235 3296 3363 3349 ὅταν
3396 3295 3454 3348 δὲ
3501 3293 3811 3366 φροντίζω-

2215 3409 2336 3464 μεν,
2382 3390 2782 3464 ήμερωτέραν·
2839 3389 3040 3460 μᾶλλον
3089 3388 3147 3443 δὲ
3197 3387 3318 3441 οὐδὲ
3350 3387 3545 3456 ἐπάγει
3590 3386 3806 3440 λοιπόν·

2212 3483 2462 3554 βούλεται
2510 3481 2620 3554 γάρ
2662 3483 2812 3552 ἡμᾶς
2850 3482 3076 3543 ἑαυτοὺς
3104 3481 3357 3534 ἀπαιτεῖν
3401 3479 3502 3550 τὴν
3531 3478 3810 3549 τιμωρίαν

2209 3577 2318 3630 τῶν
2351 3577 2780 3649 ἡμαρτημένων,
2809 3575 2902 3628 καὶ
2926 3575 3110 3628 οὐκέτι
3136 3571 3322 3626 λοιπὸν
3354 3571 3515 3635 αὐτὸς
3553 3572 3804 3625 ἀπαιτεῖ.

2207 3669 2308 3724 Διά
2328 3669 2489 3723 τοῦτο
2515 3669 2623 3740 γὰρ
2655 3669 2748 3722 καὶ
2780 3666 2997 3722 ἀπειλεῖ
3015 3666 3115 3736 τὴν
3142 3664 3434 3736 τιμωρίαν,
3472 3664 3558 3717 ἴνα
3591 3663 3670 3735 τῷ
3703 3664 3810 3731 φό-

2206 3761 2286 3832 ϐῳ
2313 3761 2410 3832 τὴν
2448 3760 2858 3832 καταφρόνησιν
2881 3758 3067 3830 ἀνέλῃ·
3098 3758 3227 3811 ὅταν
3253 3757 3310 3810 δὲ
3346 3756 3407 3822 ἐξ
3441 3755 3672 3826 ἀπειλῆς
3697 3774 3806 3825 φο·-

2205 3854 2461 3926 ϐηθῶμεν
2489 3853 2679 3924 μόνης,
2720 3854 2822 3906 οὐκ
2859 3852 3086 3921 ἀφίησιν
3118 3851 3406 3922 ὑπομεῖναι
3435 3849 3536 3920 τὴν
3573 3853 3800 3920 πεῖραν.

2205 3949 2348 4019 Ὅρα
2379 3946 2510 4016 γοῦν
2548 3946 2686 4016 πρὸς
2721 3945 2813 3998 τὸν
2852 3943 3123 4016 Ἱερεμίαν
3171 3943 3223 3995 τί
3261 3959 3446 4013 φησιν·
3485 3944 3609 4011 Οὐχ
3648 3939 3804 4009 ὁρᾷς

2201 4042 2258 4095 τί
2314 4039 2486 4094 αὐτοὶ
2532 4037 2853 4101 ποιοῦσιν;
2895 4039 2958 4090 Ol
2997 4033 3249 4103 πατέρες
3292 4032 3495 4088 αὐτῶν
3548 4033 3802 4087 καίουσι

2200 4134 2340 4204 πῦρ,
2375 4132 2566 4187 οὶυίοί
2593 4130 2792 4186 αὐτῶν
2829 4129 3172 4199 συνάγουσι
3207 4129 3386 4193 ξύλα,
3412 4131 3471 4182 αἱ
3509 4127 3804 4196 γυναῖκες

2198 4227 2399 4282 αὐτῶν
2424 4227 2695 4296 τρίϐουσι
2715 4224 2890 4290 σταῖς
2917 4224 2966 4279 δ.
2999 4224 3130 4286 Δέος
3163 4223 3237 4295 μὴ
3259 4221 3499 4292 καὶπερὶ
3525 4220 3684 4292 ήμῶν
3709 4220 3798 4273 λε.

2197 4321 2300 4392 χθῇ
2329 4337 2382 4373 τι
2410 4319 2673 4374 τοιοῦτον.
2706 4321 2830 4386 Οὐχ
2861 4316 3004 4385 ὁρᾷς
3032 4316 3090 4368 τί
3129 4314 3298 4370 αὐτοὶ
3328 4311 3656 4376 ποιοῦσιν;
3679 4312 3792 4364 Οὐ-

2196 4413 2307 4476 δεὶς
2345 4411 2417 4466 τά
2445 4410 2537 4465 τοῦ
2568 4409 2804 4482 Χριστοῦ
2834 4409 3006 4480 ζητεῖ,
3049 4405 3186 4461 άλλά
3213 4406 3413 4469 πάντες
3450 4403 3521 4457 τά
3553 4403 3788 4459 ἐαυτῶν.

2197 4506 2260 4558 Οἱ
2287 4504 2396 4558 υἱοὶ
2417 4503 2594 4559 αὐτῶν
2618 4505 2699 4567 εἰς
2721 4501 3008 4572 ἀσελγείας
3030 4503 3331 4574 τρέχουσιν,
3364 4501 3414 4552 οῖ
3435 4498 3673 4570 πατέρες
3698 4497 3792 4552 αύ-

2193 4596 2302 4650 τῶν
2329 4599 2410 4660 είς
2438 4595 2751 4660 πλεονεξίαν
2779 4596 2874 4648 καὶ
2909 4595 3190 4666 ἁρπαγὴν,
3224 4596 3280 4647 αἱ
3320 4594 3579 4662 γυναῖκες
3603 4587 3792 4643 αὐτῶν

2192 4691 2288 4744 ἐπὶ
2316 4689 2417 4754 τάς
2449 4691 2748 4760 φαντασίας
2778 4689 2879 4753 τὰς
2919 4689 3200 4759 βιωτικὰς,
3230 4687 3290 4740 οὐ
3325 4686 3486 4757 μόνον
3509 4686 3610 4738 οὐκ
3632 4682 3794 4752 ἐγκό-

2191 4799 2427 4836 πτουσαι
2459 4782 2587 4846 τοὺς
2615 4781 2836 4851 ἄνδρας,
2873 4780 3009 4834 ἀλλά
3039 4780 3134 4834 καὶ
3161 4777 3586 4851 παροξύνουσαι.
3618 4774 3790 4846 Στῆθι

2189 4875 2323 4945 γοῦν
2364 4876 2459 4930 ἐπὶ
2506 4875 2606 4946 τῆς
2641 4876 2871 4947 ἀγορᾶς·
2906 4871 3185 4945 ἐρώτησον
3220 4872 3348 4936 τοὺς
3383 4870 3644 4933 ἀπιόντας
3688 4871 3790 4924 καὶ

2187 4967 2532 5030 ἐπανιόντας,
2557 4967 2652 5020 καὶ
2685 4966 2876 5020 οὐδένα
2901 4964 3023 5035 ὄψει
3053 4963 3195 5034 ὑπὲρ
3223 4960 3601 5034 πνευματικοῦ
3634 4961 3786 5033 πρά-

2185 5077 2397 5132 γματος
2428 5058 2747 5124 σπεύδοντα,
2780 5058 2918 5113 ἀλλά
2948 5055 3156 5120 πάντας
3180 5056 3320 5128 ὑπὲρ
3350 5054 3632 5127 σαρκικῶν
3655 5053 3786 5125 τρέ-

2183 5172 2399 5226 χοντας.
2427 5153 2608 5225 Μέχρι
2634 5153 2779 5216 τίνος
2803 5151 2905 5205 οὐκ
2927 5151 3308 5222 ἀνανήφομεν;
3342 5148 3502 5219 μέχρι
3529 5148 3673 5208 τίνος
3700 5148 3784 5210 εἰς

2184 5246 2352 5300 ὕπνον
2374 5243 2792 5317 καταφερόμεθα
2821 5243 2988 5315 βαθύν
3010 5261 3024 5309 ;
3059 5243 3160 5295 οὐκ
3189 5241 3456 5311 ἐλάϐομεν
3479 5240 3640 5310 κόρον
3666 5238 3781 5292 τῶν

2180 5339 2407 5405 κακῶν;
2441 5337 2621 5391 καίτοι
2655 5355 2718 5407 γε
2772 5338 2866 5390 καὶ
2924 5336 3095 5408 χωρὶς
3139 5335 3248 5388 τῶν
3301 5334 3562 5406 ῥημάτων
3616 5333 3782 5404 ἀρκεῖ

2180 5428 2276 5482 καὶ
2307 5427 2449 5499 αὑτὴ
2476 5427 2586 5480 τῶν
2612 5426 2958 5498 πραγμάτων
2983 5426 3129 5495 ὑμᾶς
3158 5426 3192 5495 ή
3225 5426 3395 5494 πεῖρα
3423 5421 3633 5487 διδάξαι
3664 5421 3776 5475 τῶν

2179 5521 2464 5590 παρόντων
2492 5520 2591 5591 τήν
2614 5518 2888 5572 οὐδένειαν
2935 5517 3029 5570 καὶ
3052 5516 3112 5570 τὸ
3140 5515 3416 5587 μοχθηρὸν
3443 5516 3614 5569 ἅπαν.
3645 5515 3775 5568 Ἀν-

2179 5613 2390 5686 θρωποι
2426 5613 2557 5681 γοῦν
2589 5611 2688 5683 τήν
2729 5610 2928 5676 ἔξωθεν
2966 5610 3157 5680 σοφίαν
3181 5610 3504 5676 ἀσκοῦντες,
3537 5608 3629 5661 καὶ
3663 5625 3774 5678 μη-

2177 5706 2266 5760 δὲν
2293 5705 2403 5759 τῶν
2430 5705 2734 5775 μελλόντων
2763 5721 2786 5756 ε
2804 5703 2991 5768 ίδότες,
3016 5703 3206 5775 ἐπειδὴ
3239 5702 3592 5771 κατέγνωσαν
3635 5701 3770 5754 πολ-

2237 5943 2268 5985 δ
2293 5942 2499 6005 Regius,
2522 5942 2685 6004 στέαρ.
