4086 6426
274 370 340 427 τε
1313 370 1379 427 ΙΝ
1417 370 1634 429 EPIST.
1673 372 1697 428 1
1758 374 1849 429 AD

1960 374 2041 431 lit.
2086 375 2313 433 HOMIL.
2358 376 2491 433 κήῐί
3493 387 3568 445 71⁵

279 499 448 562 caput,
469 504 566 546 nos
589 498 773 546 autem
794 505 996 562 corpus
1017 508 1031 547 :
1053 504 1120 544 an
1147 497 1319 561 potest.
1341 489 1714 546 intermedium
1728 504 1857 549 esse

279 585 502 656 spatium
528 583 686 639 inane
710 584 859 641 inter
882 594 1042 656 caput
1070 592 1126 642 et
1149 584 1379 656 corpus?
1407 583 1526 655 ipse
1551 582 1868 639 fundamen-

282 689 387 733 tum
412 720 428 745 ,
453 693 554 734 nos
587 678 909 745 :edificium;
940 679 1052 749 ipse
1078 679 1231 735 vinea
1256 721 1270 745 ,
1300 695 1400 734 nos
1437 679 1722 749 palmites;
1753 679 1867 749 ipse

278 786 527 842 sponsus,
557 787 655 826 nos
680 786 915 843 sponsa;
947 773 1061 843 ipse
1089 780 1289 842 pastor,
1322 785 1420 826 nos
1449 786 1613 837 oves;
1642 771 1731 828 ille
1756 772 1863 838 via,

280 879 374 918 nos
402 864 494 934 qui
524 864 822 919 incedimus
848 864 900 918 in
932 879 995 919 ea
1024 883 1037 918 :
1069 879 1169 919 nos
1206 877 1392 919 rursus
1430 863 1722 935 templum,
1753 865 1866 935 ipse

278 954 575 1020 inhabitat;
606 955 718 1025 ipse
743 954 1147 1026 primogenitus,
1173 970 1272 1010 nos
1297 954 1520 1021 fratres;
1551 957 1663 1025 ipse
1684 954 1860 1022 heres,

276 1063 374 1104 nos
402 1047 738 1115 coheredes;
771 1048 885 1118 ipse
914 1049 1018 1102 vita
1043 1089 1059 1115 ,
1091 1062 1190 1103 nos
1216 1048 1495 1113 viventes;
1540 1047 1653 1117 ipse
1683 1061 1863 1103 resur-

275 1143 465 1209 rectio,
504 1157 605 1197 nos
644 1150 1019 1213 resurgentes;
1052 1142 1165 1212 ipse
1196 1141 1309 1207 lux,
1338 1156 1437 1197 nos
1478 1141 1861 1197 illuminamur.

274 1232 401 1288 lfmc
421 1233 602 1288 omnia
622 1233 1052 1302 conjunctionem
1075 1232 1327 1301 indicant,
1345 1242 1399 1288 et
1420 1233 1619 1287 nullum
1638 1247 1862 1289 vacuum

274 1324 659 1381 intermedium
691 1339 809 1381 esse
841 1325 1065 1392 sinunt,
1095 1340 1162 1381 ne
1189 1325 1273 1380 vel
1317 1325 1595 1380 minimum
1626 1326 1860 1396 quidem.

269 1416 403 1472 Nam
436 1419 528 1487 qui
562 1432 747 1487 parum
773 1416 1042 1485 abscedit,
1074 1432 1389 1488 progressus
1414 1417 1573 1473 etiam
1594 1459 1609 1484 ,
1638 1406 1861 1472 multum

268 1507 551 1563 abscedet.
595 1508 805 1563 Etenim
831 1523 1027 1579 corpus
1055 1509 1098 1564 si
1130 1525 1346 1580 parvam
1386 1524 1482 1580 per
1505 1509 1740 1580 gladium
1772 1524 1863 1565 sc-

268 1601 609 1670 parationem
639 1601 912 1668 admittat,
945 1604 1116 1671 perit;
1149 1611 1198 1658 et
1231 1602 1544 1669 aedificium,
1575 1604 1620 1658 si
1648 1603 1731 1658 vel
1763 1620 1861 1674 pa-

266 1705 386 1745 rum
415 1690 701 1757 dehiscat,
730 1690 1074 1757 dissolvitur;
1119 1701 1175 1748 et
1204 1696 1249 1746 si
1278 1692 1481 1763 palmes
1509 1709 1539 1748 a
1569 1692 1749 1749 radice
1777 1694 1863 1749 vel

266 1784 558 1839 minimum
608 1782 991 1851 abscindatur,
1043 1785 1100 1841 fit
1140 1785 1362 1841 inutilis.
1411 1785 1594 1857 itaque
1639 1801 1860 1857 parvum

269 1875 412 1930 istud
442 1890 550 1930 non
577 1885 660 1931 est
683 1890 921 1946 parvum,
953 1875 1048 1932 sed
1073 1877 1235 1933 etiam
1264 1876 1376 1933 fere
1403 1887 1570 1933 totum
1594 1888 1696 1934 est.
1727 1879 1860 1934 Cum

268 1982 402 2037 ergo
428 1982 652 2037 parvum
681 1967 965 2039 quodpiam
996 1979 1269 2039 peccatum
1308 1969 1637 2026 admittimus
1662 1971 1745 2026 vel
1773 1985 1860 2027 so-

266 2060 462 2116 cordes
504 2075 730 2128 sumus,
775 2075 843 2117 ne
890 2060 1019 2116 illud
1067 2078 1286 2133 parvum
1331 2062 1660 2134 negligamus
1687 2082 1702 2118 :
1734 2080 1858 2120 nam

266 2154 397 2208 ilind
439 2153 739 2224 neglectum
771 2154 878 2210 cito
922 2169 1172 2225 magnum
1202 2155 1451 2211 efficitur.
1485 2156 1575 2212 Sic
1608 2165 1661 2213 et
1688 2157 1858 2212 vcsti-

267 2255 508 2302 ntentum
542 2247 586 2301 si
615 2247 845 2317 dirumpi
876 2247 1093 2320 incipiat
1119 2256 1173 2305 et
1198 2249 1527 2321 negligatur,
1569 2265 1663 2320 per
1689 2259 1856 2306 totum

265 2341 559 2396 scissuram
585 2340 852 2396 admittit:
880 2351 929 2397 et
959 2351 1177 2409 tectum,
1206 2346 1388 2413 paucis
1411 2342 1642 2413 delapsis
1668 2344 1858 2415 tegulis

269 2432 593 2503 neglectum,
619 2442 781 2487 totam
803 2432 1021 2488 domum
1048 2432 1250 2503 dejicit.
1280 2434 1405 2489 lla'c
1424 2449 1554 2506 ergo
1578 2434 1859 2491 nobiscum

267 2533 605 2595 reputantes,
636 2539 797 2595 parva
826 2541 1114 2598 numquam
1142 2527 1497 2597 despiciamtts
1517 2571 1533 2595 ,
1566 2543 1634 2585 ne
1662 2528 1714 2583 in
1744 2544 1860 2583 ma-

262 2629 367 2685 gna
396 2615 695 2671 incidamus
722 2633 739 2671 :
766 2616 848 2671 sin
875 2625 1055 2672 autem
1084 2616 1439 2689 negligamus,
1471 2627 1526 2674 et
1553 2617 1607 2673 in
1637 2618 1856 2690 ριόΐιιη-

264 2705 389 2760 dum
433 2706 701 2762 malorum
728 2708 1071 2776 venerimus,
1113 2724 1182 2765 ne
1220 2709 1331 2764 illic
1369 2709 1586 2780 quidem
1617 2711 1856 2767 animum

261 2794 694 2867 despondeamus
716 2840 733 2865 ,
763 2809 822 2853 ut
858 2814 925 2854 ne
964 2800 1016 2855 in
1048 2800 1236 2871 capitis
1273 2800 1617 2872 gravedinem
1657 2802 1858 2858 incida-

264 2902 405 2941 mus.
436 2886 666 2944 Difficile
691 2889 831 2943 enim
858 2888 1111 2960 deinceps
1135 2890 1236 2945 erit
1264 2890 1388 2946 inde
1408 2890 1726 2959 ascendere,
1752 2893 1855 2948 nisi

263 2979 386 3047 quis
414 2977 705 3034 admodum
733 2980 949 3051 vigilet;
979 2997 1084 3037 non
1114 2981 1288 3038 solum
1317 2992 1535 3052 propter
1562 2983 1853 3055 longitudi-

262 3086 408 3136 nem,
441 3070 537 3126 sed
565 3072 726 3127 etiam
754 3082 973 3143 propter
998 3072 1168 3142 ipsum
1194 3073 1375 3129 situm.
1409 3072 1677 3129 Profunda
1708 3061 1861 3132 enim-

262 3178 351 3220 res
392 3173 482 3219 est
525 3173 798 3236 peccatum
824 3206 840 3234 ,
888 3177 943 3221 et
979 3165 1230 3222 deorsum
1276 3167 1458 3225 ferens
1503 3169 1718 3238 premit.
1776 3171 1855 3227 Ac

262 3255 401 3310 sicut
427 3256 465 3309 ii
490 3256 580 3327 qui
608 3254 661 3311 in
689 3265 905 3327 puteum
934 3257 1254 3326 inciderunt,
1284 3275 1388 3313 non
1420 3259 1574 3315 facile
1597 3260 1853 3317 ascende-

264 3347 410 3414 rint,
444 3346 539 3403 sed
583 3348 704 3403 aliis
743 3363 876 3420 opus
914 3348 1222 3416 habebunt,
1254 3351 1345 3423 qui
1386 3365 1447 3407 se
1474 3352 1702 3408 educant
1732 3371 1746 3408 :
1776 3354 1855 3410 sic

265 3441 428 3495 etiam
459 3442 548 3511 qui
592 3441 644 3496 iu
689 3442 1006 3512 profundum
1032 3444 1240 3499 venerit
1266 3452 1626 3514 peccatorum.
1657 3445 1856 3502 Demit-

267 3544 441 3589 tamus
470 3550 599 3605 ergo
639 3535 792 3592 funes
827 3536 895 3591 ad
924 3536 1044 3592 illos
1072 3546 1126 3593 ct
1156 3552 1368 3594 sursum
1401 3537 1675 3594 trahamus
1702 3556 1716 3593 :
1745 3538 1855 3595 imo

264 3643 392 3683 vero
418 3643 528 3683 non
553 3628 676 3683 aliis
703 3636 907 3683 tantum
933 3643 1068 3700 opus
1093 3638 1196 3696 est,
1223 3628 1316 3685 sed
1343 3630 1496 3686 nobis
1527 3631 1687 3701 ipsis:
1720 3641 1777 3687 ut
1799 3640 1859 3688 et

268 3735 363 3776 nos
410 3720 560 3789 ipsos
605 3720 885 3792 alligemus
925 3729 979 3777 et
1023 3721 1374 3779 ascendamus
1403 3766 1416 3789 ,
1449 3739 1554 3779 non
1595 3734 1852 3797 quantum

265 3810 668 3878 descendimus,
688 3812 781 3868 sed
807 3813 974 3869 multo
999 3814 1187 3885 magis,
1212 3815 1255 3869 si
1277 3816 1523 3871 velimus.
1553 3817 1692 3873 Deus
1711 3818 1855 3873 enim

268 3901 369 3958 fert
397 3918 559 3974 opem
590 3922 604 3959 :
648 3902 770 3958 Non
810 3904 913 3959 vult
945 3905 1086 3960 enim
1116 3913 1321 3961 mortem
1349 3909 1622 3975 peccatoris
1644 3948 1660 3976 ,
1689 3907 1778 3963 sed
1801 3919 1856 3963 ut

263 3997 624 4069 convertatur(
653 3993 843 4055 Ezech.
870 3998 960 4054 25.
999 3999 1033 4055 3
1059 3997 1102 4071 ).
1147 3999 1317 4056 Nemo
1366 4000 1526 4071 igitur
1566 4000 1853 4071 desperet,

265 4105 426 4145 nemo
465 4090 751 4159 impiorqu
795 4090 984 4145 morbo
1024 4090 1271 4146 laboret:
1301 4092 1511 4147 illorum
1551 4093 1747 4163 quippe
1775 4104 1859 4149 est

262 4191 543 4254 peccatum
573 4182 897 4252 hujusmodi.
930 4181 1130 4252 Impius
1157 4184 1299 4239 enim
1327 4201 1442 4238 cum
1464 4185 1516 4239 in
1542 4183 1858 4256 profundum

264 4277 518 4331 oraclorum
550 4275 756 4341 venerit,
785 4275 1057 4329 contemnit
1078 4273 1260 4345 (Prov.
1294 4275 1382 4331 18.
1415 4274 1498 4347 5).

337 4365 637 4436 Numquam
672 4366 735 4421 de
770 4367 933 4421 salute
965 4365 1356 4437 desperandum.
1403 4397 1477 4408 —-
1519 4366 1702 4438 Itaque
1745 4383 1854 4423 non

262 4467 608 4529 peccatorum
660 4456 944 4512 multitudo
985 4456 1417 4527 desperationem
1466 4457 1704 4526 inducit,
1758 4458 1853 4515 sed

263 4551 413 4621 impii
447 4564 618 4606 mens.
645 4549 862 4604 Etiamsi
888 4564 1017 4620 ergo
1041 4551 1333 4621 nequitiam
1358 4565 1575 4607 omnem
1600 4565 1853 4621 pervase-

260 4645 336 4697 ris
360 4684 379 4707 ,
410 4642 498 4697 dic
536 4640 674 4711 apud
723 4649 815 4696 te:
865 4641 1133 4711 Benignus
1169 4649 1256 4696 est
1303 4642 1442 4696 Deus
1466 4683 1482 4707 ,
1526 4649 1582 4696 et
1626 4641 1851 4696 salutem

260 4733 539 4789 desiderat
566 4742 822 4787 nostram.
853 4730 1074 4785 Etiamsi
1095 4731 1228 4786 enim
1253 4733 1443 4804 fuerint
1465 4740 1669 4801 peccata
1690 4740 1853 4786 vestra

257 4828 390 4881 sicut
415 4826 678 4880 coccinum
698 4867 713 4892 ,
741 4834 796 4880 ut
826 4824 993 4880 nivem
1016 4868 1031 4892 ,
1074 4825 1248 4896 inquit
1270 4865 1284 4892 ,
1322 4824 1568 4880 dealbabo
1596 4825 1615 4895 (
1639 4825 1765 4879 lsai.
1797 4826 1850 4880 1.

258 4923 329 4977 18
350 4923 396 4992 );
429 4920 566 4975 etin
593 4921 920 4975 contrarium
948 4917 1188 4975 habitum
1217 4916 1556 4973 transferam.
1602 4916 1684 4974 Ne
1724 4931 1852 4987 ergo

255 5013 499 5067 animum
546 5010 974 5082 despondeamus
1021 5028 1034 5065 :
1083 5025 1192 5065 non
1232 5011 1377 5066 enim
1430 5010 1502 5065 ita
1547 5024 1716 5080 grave
1768 5018 1852 5065 est

255 5103 525 5159 cecidisse
544 5145 561 5169 ,
593 5112 652 5157 ut
678 5103 886 5174 lapsum
915 5102 1133 5172 jacere;
1171 5102 1250 5156 sic
1280 5116 1453 5171 neque
1483 5101 1551 5155 ita
1578 5116 1740 5171 grave
1769 5109 1852 5156 est

254 5211 379 5251 esse
408 5193 746 5249 vulneratum
768 5235 783 5259 ,
820 5203 877 5248 ut
902 5208 932 5247 a
959 5192 1272 5248 vulneribus
1298 5193 1442 5248 nolle
1480 5191 1676 5247 curari.
1721 5190 1850 5255 Quis

253 5292 400 5347 enim
430 5291 730 5363 gloriabitur
758 5299 950 5344 castum
979 5305 1034 5342 se
1056 5288 1237 5342 habere
1261 5287 1387 5341 cor?
1430 5296 1519 5340 aut
1547 5286 1660 5357 quis
1684 5285 1850 5339 dicere

252 5404 414 5441 ausus
436 5386 588 5457 fuerit
612 5401 666 5439 se
695 5383 941 5437 mundum
968 5398 1075 5436 esse
1098 5398 1131 5435 a
1159 5381 1375 5451 peccatis
1399 5378 1593 5450 (Prov.
1618 5378 1708 5434 20.
1741 5378 1775 5433 9
1800 5377 1849 5446 )?

253 5480 383 5536 llaec
408 5478 534 5533 dico
569 5492 676 5531 non
724 5482 787 5530 ut
829 5489 925 5530 vos
960 5473 1299 5530 soeordiores
1344 5470 1557 5526 reddam
1591 5509 1606 5535 ,
1655 5470 1750 5525 sed
1790 5478 1848 5523 ut

253 5572 548 5643 impediam
575 5570 864 5641 quominus
889 5567 945 5624 in
974 5567 1403 5636 desperationem
1433 5561 1706 5618 incidatis.

321 5669 379 5724 5.
424 5665 517 5721 Vis
548 5664 758 5721 discere
784 5676 946 5733 quam
986 5659 1160 5714 bonus
1202 5659 1273 5714 sit
1318 5654 1577 5712 Dominus
1620 5652 1844 5707 noster?

255 5760 511 5817 Ascendit
540 5758 891 5829 publicanus,
932 5754 1080 5809 mille
1118 5752 1275 5807 malis
1314 5759 1540 5807 onustus
1564 5791 1579 5815 ,
1619 5758 1674 5803 et
1719 5762 1842 5802 cum

264 5855 484 5913 dixisset
528 5863 758 5921 tantum,
786 5848 1053 5925 Propitius
1094 5854 1200 5904 esto
1231 5844 1402 5919 mittil
1427 5843 1553 5898 Luc.
1588 5841 1674 5898 18.
1709 5839 1844 5911 15),

1973 490 2255 547 descendit
2283 490 2626 560 iustiﬁcatus.
2669 490 2769 547 Per
2815 493 3130 565 prepltetam
3176 513 3389 568 quoque
3433 499 3571 557 dicit

1972 581 2158 637 Deus:
2194 580 2421 652 Propter
2450 591 2707 653 peccatum
2746 601 2930 655 parum
2972 585 3119 641 illum
3154 590 3449 644 contristuvi
3468 632 3484 658 ,
3514 602 3567 646 et

1971 673 2075 726 vidi
2099 673 2237 744 quod
2253 673 2429 728 dolore
2454 684 2583 729 esset
2610 673 2823 742 a/Tectus
2864 687 2910 731 et
2942 679 3035 732 iret
3065 680 3222 735 tristis
3244 722 3261 748 ,
3290 690 3345 736 et
3385 687 3563 738 sanavi

1970 764 2079 818 vias
2119 766 2232 834 ejus
2270 764 2445 836 (Isai.
2474 766 2563 822 57.
2595 768 2682 822 17.
2715 766 2844 839 18).
2887 769 3024 836 Quid
3076 770 3199 827 huic
3244 773 3564 831 humanitati

1972 873 2069 928 par
2096 870 2178 915 est
2199 860 2223 913 ἲ
2247 858 2315 914 Ut
2336 859 2511 915 solum
2555 868 2702 915 esset
2737 860 2907 916 tristis
2928 902 2943 927 ,
2978 861 3190 934 inquit,
3224 867 3408 922 remisi
3437 884 3565 938 pec-

1968 958 2110 1005 cata.
2138 949 2248 1005 Nos
2276 961 2458 1006 autem
2490 967 2558 1006 ne
2589 951 2690 1008 hoc
2715 952 2928 1023 quidem
2959 955 3183 1011 facimus
3217 975 3230 1010 :
3275 958 3398 1014 ideo
3448 977 3562 1014 ma-

1970 1042 2111 1097 xime
2142 1042 2306 1098 Deum
2332 1043 2398 1098 ad
2429 1043 2563 1099 iram
2598 1059 2971 1114 provocamus.
2990 1045 3092 1113 Qui
3113 1047 3255 1103 enim
3284 1065 3379 1120 per
3399 1066 3560 1122 parva

1967 1144 2114 1205 gesta
2148 1135 2409 1206 propitius
2434 1135 2605 1191 factus
2627 1144 2711 1192 est
2735 1178 2751 1203 ,
2781 1137 2994 1208 quando
3013 1153 3075 1194 ea
3099 1155 3205 1195 non
3233 1140 3393 1197 fuerit
3418 1160 3569 1199 asse—

1966 1237 2202 1299 quutus,
2254 1229 2374 1301 jure
2428 1231 2767 1303 indignatur,
2818 1242 2874 1289 et
2927 1243 3226 1292 extremum
3280 1238 3347 1293 de
3403 1241 3558 1296 nobis

1966 1320 2129 1375 sumit
2154 1322 2474 1392 supplicium
2503 1340 2516 1377 :
2548 1334 2632 1378 est
2658 1323 2803 1379 enim
2832 1324 2933 1378 hoc
2965 1325 3164 1380 summi
3197 1337 3558 1400 contemptus.

1966 1412 2100 1481 Quis
2146 1414 2290 1469 enim
2341 1430 2591 1486 umquam
2642 1431 2875 1473 moerere
2919 1417 3140 1473 affectus
3195 1418 3293 1474 fuit
3345 1434 3562 1491 pr0ptcr

1967 1507 2287 1576 peccatum?
2336 1507 2456 1579 quis
2509 1508 2809 1579 ingemuit?
2856 1511 2976 1580 quis
3025 1519 3213 1581 peetus
3264 1514 3576 1581 percussit?

1966 1599 2089 1668 quis
2116 1599 2379 1655 sollicitus
2402 1599 2541 1655 fuit?
2566 1601 2678 1671 Ego
2704 1610 2831 1673 puto
2855 1602 3146 1658 neminem.
3171 1603 3276 1659 Sed
3306 1606 3555 1662 innume-

1967 1690 2042 1746 ris
2070 1690 2259 1747 diebus
2288 1693 2468 1763 lugent
2500 1692 2746 1750 homines
2776 1709 2876 1765 pro
2906 1696 3116 1751 famulis
3147 1698 3372 1753 mortuis
3394 1741 3411 1765 ,
3456 1716 3556 1770 pro

1964 1783 2207 1853 pecunia:
2231 1783 2480 1855 jactura:
2511 1801 2634 1840 cum
2662 1794 2840 1841 autem
2879 1789 3111 1841 animum
3149 1789 3385 1858 quotidie
3426 1806 3552 1860 per-

1964 1874 2154 1930 damus
2173 1917 2189 1943 ,
2223 1875 2273 1931 id
2296 1891 2365 1932 ne
2388 1877 2686 1947 cogitamus
2708 1878 2944 1950 quidem.
2991 1878 3270 1947 Quomodo
3297 1896 3425 1954 ergo
3453 1899 3571 1953 ρο-⁸

1967 1966 2095 2021 teris
2120 1967 2284 2022 Deum
2314 1969 2409 2025 tibi
2436 1971 2724 2041 propitium
2757 1969 3015 2038 reddere,
3062 1987 3181 2026 cum
3224 1988 3292 2028 ne
3334 1974 3557 2044 quidem

1962 2058 2099 2114 scias
2129 2068 2179 2114 te
2201 2060 2552 2130 peccavisse?
2584 2061 2757 2116 Etiam
2785 2103 2800 2129 ,
2830 2062 3041 2132 inquies
3067 2104 3083 2130 ,
3112 2065 3348 2133 peccavi.
3373 2065 3553 2122 Etiam

1963 2150 2141 2221 lingua
2171 2151 2388 2222 quidem
2415 2152 2622 2223 profers
2650 2170 2666 2209 :
2699 2152 2787 2210 dic
2815 2154 2946 2208 mihi
2977 2163 3032 2210 et
3075 2164 3254 2211 mente
3275 2197 3293 2223 ,
3334 2165 3390 2212 et
3427 2174 3560 2212 cum-

1962 2243 2163 2300 dixeris
2185 2285 2201 2310 ,
2228 2245 2557 2315 ingemisce,
2590 2256 2647 2301 ut
2676 2246 2752 2303 sis
2777 2262 2992 2317 semper
3022 2248 3162 2304 bono
3189 2251 3390 2304 animo.
3423 2251 3551 2305 Ete-

1962 2337 2071 2391 nim
2118 2338 2164 2392 si
2205 2338 2512 2394 doleremus
2555 2348 2774 2409 propter
2817 2349 3031 2409 peccata
3057 2382 3074 2407 ,
3113 2342 3158 2397 si
3210 2358 3305 2413 pro
3348 2343 3559 2400 delictis

1962 2427 2480 2499 ingemisceremus,
2537 2430 2673 2485 nihil
2718 2431 2860 2486 aliud
2905 2447 3003 2487 nos
3045 2432 3235 2489 dolore
3281 2434 3563 2502 afﬁceret,

1963 2521 2066 2578 hoc
2104 2522 2291 2580 dolore
2337 2539 2550 2579 omnem
2604 2524 2770 2579 animi
2820 2525 3190 2595 :egritudinetn
3228 2528 3556 2597 expellente.

1960 2616 2323 2684 Quamobrem
2363 2617 2509 2672 aliud
2556 2631 2770 2687 quoque
2809 2617 3142 2672 lucraremur
3192 2633 3314 2673 cum
3342 2619 3556 2675 confes-

1960 2711 2154 2779 sione,
2203 2724 2401 2781 nempe
2442 2710 2585 2781 quod
2627 2725 2734 2765 non
2783 2709 3232 2781 immergeremur
3288 2711 3341 2767 in
3394 2711 3559 2784 hujus

1960 2803 2083 2857 vita:
2109 2800 2444 2857 calamitates
2467 2841 2483 2867 ,
2516 2815 2691 2870 neque
2722 2801 2774 2855 in
2805 2801 2962 2857 rebus
2992 2800 3270 2871 prosperis
3316 2816 3381 2858 ac
3420 2819 3559 2873 prmo

1959 2895 2123 2951 claris
2170 2894 2483 2951 inﬂaremur
2527 2912 2540 2949 :
2589 2902 2644 2950 et
2702 2894 2802 2950 hac
2857 2894 3069 2950 ratione
3122 2909 3335 2950 rursum
3388 2896 3579 2967 magis.

1960 2990 2128 3045 Deum
2155 2988 2526 3061 plaearemus;
2561 2996 2621 3043 ut
2664 2988 2774 3059 jam
2822 3003 2916 3059 per
2941 2997 3092 3060 gesta
3121 3001 3311 3045 nostra
3329 2990 3575 3046 aid-iram

1960 3096 2335 3153 provocamus.
2367 3082 2459 3137 Dic
2485 3082 2626 3138 enim
2658 3081 2789 3137 milii
2816 3124 2832 3150 ,
2861 3083 2905 3137 si
2937 3097 3097 3152 quem
3143 3083 3347 3139 habeas
3381 3083 3557 3139 famu-

1960 3175 2070 3231 lum
2094 3215 2111 3243 ,
2139 3175 2230 3246 qui
2261 3175 2427 3231 multa
2454 3188 2642 3246 passus
2669 3190 2699 3231 a
2729 3176 3008 3231 conservis
3032 3218 3046 3241 ,
3070 3176 3138 3232 de
3182 3178 3301 3233 aliis
3339 3179 3555 3247 quidem

1959 3267 2160 3323 nullam
2188 3266 2385 3323 habeat
2413 3267 2679 3322 rationem
2707 3307 2722 3332 ,
2757 3267 2852 3323 sed
2885 3283 3044 3323 unam
3081 3283 3195 3323 rem
3225 3279 3376 3325 curet
3400 3282 3456 3325 ut
3485 3287 3555 3326 ne

1957 3360 2149 3416 herum
2177 3374 2331 3414 suum
2359 3358 2428 3415 ad
2451 3359 2583 3414 iram
2605 3361 2837 3416 concitet
2865 3378 2879 3415 :
2904 3376 3084 3416 annon
3112 3361 3235 3417 hinc
3259 3364 3429 3418 solum
3458 3380 3554 3434 po-

1961 3453 2084 3510 terit
2115 3454 2250 3508 iram
2281 3460 2423 3508 tuam
2456 3453 2689 3508 sedare?
2719 3452 2855 3522 Quid
2888 3465 3066 3509 autem
3095 3497 3110 3523 ,
3144 3454 3188 3511 si
3220 3470 3408 3510 eorum
3434 3473 3554 3526 qua:

1959 3546 2015 3602 in
2048 3554 2101 3602 te
2128 3545 2356 3616 deliquit
2385 3545 2583 3601 nullam
2609 3560 2793 3601 curam
2826 3545 3020 3601 habeat
3042 3588 3060 3614 ,
3104 3556 3259 3603 curet
3285 3556 3462 3603 autem
3492 3565 3575 3604 ea.

1958 3654 2081 3709 qua:
2107 3638 2160 3693 in
2191 3652 2487 3693 conservos
2513 3637 2770 3708 deliquit,
2796 3652 2973 3691 nonne
2998 3636 3173 3708 majus
3199 3637 3400 3693 iufercs
3425 3655 3552 3708 sup-

1960 3730 2223 3801 plicium?
2250 3728 2324 3785 Ita
2351 3730 2513 3786 etiam
2544 3729 2670 3785 facit
2701 3729 2839 3785 Deus
2869 3746 2883 3783 :
2926 3743 3047 3784 cum
3098 3729 3215 3799 ejus
3264 3730 3399 3784 iram
3446 3744 3556 3785 non

1959 3836 2209 3877 curamus
2233 3862 2248 3886 ,
2278 3821 2424 3876 illam
2466 3821 2627 3876 infert
2672 3820 3173 3886 vehementiorem;
3215 3836 3336 3875 cum
3376 3830 3554 3876 autem

1958 3926 2078 3967 eam
2106 3926 2390 3978 curamus,
2421 3911 2731 3966 mitiorem:
2775 3912 2884 3965 imo
2928 3926 2995 3965 ne
3035 3910 3290 3981 deinceps
3337 3911 3553 3982 quidem

1960 4000 2106 4055 illam
2132 3999 2296 4055 infert
2323 4017 2338 4055 :
2366 4001 2479 4054 vult
2501 4001 2645 4054 enim
2670 4039 2686 4065 ,
2717 4009 2775 4053 ut
2807 4015 2904 4054 uos
2932 4000 3033 4068 ipsi
3062 4010 3403 4068 peccatorum
3431 4015 3553 4070 poe-

1960 4106 2058 4148 nas
2084 4106 2114 4146 a
2143 4092 2297 4147 nobis
2322 4092 2638 4162 exigamus;
2678 4091 2765 4146 ille
2810 4105 2940 4145 vero
2989 4105 3095 4144 non
3143 4091 3278 4144 ultra
3322 4107 3352 4146 a
3398 4092 3563 4147 nobis

1959 4186 2142 4257 exigit.
2172 4185 2297 4242 Ideo
2324 4199 2556 4255 namque
2577 4183 2936 4239 comminatur
2959 4182 3281 4253 supplicium
3306 4226 3322 4251 ,
3357 4193 3415 4238 ut
3437 4199 3546 4239 me-

1961 4285 2014 4332 tu
2043 4284 2408 4347 contemptum
2435 4274 2662 4331 auferat.
2695 4274 2828 4330 Cum
2854 4282 3031 4329 autem
3059 4289 3125 4328 ex
3164 4274 3277 4329 sola
3322 4276 3550 4330 commi—

1959 4372 2177 4427 natione
2220 4370 2598 4437 deterremur,
2659 4383 2767 4423 non
2807 4368 2932 4423 sinit
2981 4375 3039 4420 ut
3085 4367 3201 4435 ejus
3249 4367 3561 4435 periculum

1957 4461 2233 4518 faciamus.
2284 4460 2417 4516 Vide
2458 4474 2687 4531 namque
2729 4457 2856 4530 quid
2894 4456 3143 4512 Ieremia:
3188 4456 3380 4511 dicat:
3421 4456 3543 4511 Non

1957 4555 2094 4610 vides
2113 4554 2236 4627 quid
2263 4553 2343 4607 illi
2366 4552 2607 4622 faciunt?
2635 4550 2817 4604 Patres
2844 4566 3018 4605 eorum
3038 4550 3203 4620 ignem
3227 4550 3506 4603 accendunt
3530 4566 3549 4605 :

1957 4647 2054 4716 filii
2083 4660 2257 4701 eorum
2286 4644 2530 4714 colligunt
2552 4643 2693 4713 ligna
2722 4657 2740 4695 :
2778 4641 3011 4694 mulieres
3036 4655 3211 4693 eorum
3235 4648 3402 4693 terunt
3427 4640 3549 4692 adi-

1957 4758 2071 4813 pem
2101 4739 2120 4811 (
2147 4739 2258 4795 Jer.
2288 4741 2343 4794 7.
2376 4738 2463 4793 17.
2490 4736 2619 4805 l8).
2653 4733 2971 4790 Timendum
3012 4740 3134 4798 est,
3186 4747 3252 4786 ne
3287 4733 3356 4787 de
3393 4732 3549 4787 nobis

1956 4830 2227 4901 quidpiam
2258 4828 2431 4884 simile
2458 4825 2667 4883 dicatur
2691 4842 2704 4878 :
2735 4823 2849 4878 Non
2875 4822 3026 4877 vides
3055 4821 3180 4891 quid
3204 4821 3283 4874 illi
3305 4821 3550 4876 faciunt?

1954 4922 2125 4978 Nemo
2153 4936 2273 4991 qua:
2299 4918 2497 4975 Christi
2523 4927 2646 4971 sunt
2671 4915 2864 4986 quaerit
2885 4955 2901 4979 ,
2929 4912 3022 4967 sed
3053 4926 3242 4966 omnes
3282 4927 3403 4981 qua:
3446 4927 3545 4966 sua

1955 5023 2080 5069 sunt
2108 5013 2127 5084 (
2158 5012 2390 5082 Philipp.
2416 5010 2473 5064 2.
2499 5010 2564 5063 ‘21
2592 5009 2633 5079 ).
2670 5006 2790 5062 Filii
2816 5019 3001 5060 eorum
3029 5002 3095 5058 ad
3129 5002 3400 5057 libidinem
3424 5017 3549 5057 cur-

1955 5112 2079 5159 runt
2112 5119 2126 5157 :
2161 5110 2341 5173 patres
2364 5115 2550 5157 eorum
2573 5098 2638 5152 ad
2660 5096 2939 5151 avaritiam
2962 5102 3017 5148 et
3036 5092 3278 5162 rapinam
3310 5110 3325 5145 :
3350 5107 3569 5149 uxores-

1953 5213 2139 5255 eorum
2167 5197 2232 5252 ad
2265 5196 2579 5251 saecularem
2624 5192 2861 5247 fastum:
2909 5203 3028 5259 quae
3075 5188 3221 5242 viros
3266 5200 3393 5241 suos
3438 5201 3545 5241 non

1954 5291 2116 5346 modo
2146 5306 2253 5344 non
2284 5287 2475 5343 sedant
2496 5327 2511 5354 ,
2544 5285 2638 5341 sed
2666 5284 2829 5339 etiam
2877 5290 3193 5351 provocant.
3240 5278 3334 5335 Sta
3385 5277 3555 5348 igitur

1953 5383 2005 5438 in
2034 5383 2149 5437 foro
2173 5423 2188 5449 ,
2218 5380 2493 5451 interroga
2514 5385 2704 5434 euntes
2729 5382 2784 5429 et
2821 5372 3117 5429 redeuntes
3135 5414 3147 5438 ,
3182 5379 3238 5425 et
3268 5368 3540 5425 neminem

1952 5473 2157 5529 videbis
2183 5486 2280 5543 pro
2305 5486 2362 5525 re
2388 5468 2653 5540 spirituali
2687 5466 3027 5520 festinantem
3053 5502 3071 5529 ,
3099 5461 3199 5518 sed
3227 5476 3414 5519 omnes
3444 5475 3561 5530 pro.

1951 5563 2254 5619 carnalibus
2293 5569 2592 5616 currentes.
2633 5558 2929 5627 Quousque
2969 5571 3076 5609 non
3125 5551 3535 5625 resipiscimus?

1950 5667 2228 5726 quousque
2260 5653 2312 5706 in
2353 5649 2677 5723 profundum
2725 5662 2972 5702 somnum
3014 5641 3562 5713 dejicimurtannon.

1950 5746 2214 5802 malorum
2240 5758 2339 5798 nos
2361 5744 2504 5812 cepit
2528 5739 2786 5796 satietas?
2808 5735 2972 5810 Atqui
2997 5736 3160 5790 etiam
3186 5732 3387 5800 absque
3411 5743 3538 5784 vcr-

1951 5842 2032 5897 bis
2063 5840 2174 5911 ipsa
2202 5853 2384 5895 rerum
2409 5834 2738 5907 experientia
2760 5833 2889 5890 satis
2914 5837 2997 5885 est
3023 5827 3091 5883 ad
3115 5822 3388 5881 docendos
3414 5836 3548 5891 n08,
