4086 6414
517 333 584 389 75
1158 326 1212 383 S.
1253 325 1530 382 JOANNIS
1567 321 2044 380 CllRYSOSTOMl
2082 323 2400 381 ARCHIEP.
2443 328 2975 390 CONSTANTINOP.
3729 343 3793 399 76

513 444 646 501 nihil
677 457 796 499 esse
825 455 913 498 res
941 449 1233 512 prteseutes
1258 448 1309 494 et
1337 454 1494 508 prava
1524 451 1644 492 esse
1672 435 1872 490 omnia.
1909 433 2100 490 l'lomi-

513 553 612 593 nes
648 547 798 591 certe
823 535 913 606 qui
952 543 1226 590 externam
1272 530 1588 600 sapientiam
1638 529 1999 596 exercebant,
2050 541 2104 584 et

513 629 646 684 nihil
675 630 970 684 futurorum
1005 631 1257 680 noverant
1284 665 1299 691 ,
1330 636 1454 678 cum
1483 621 1960 692 deprchendissent
1986 635 2100 675 ma-

512 738 670 795 gnam
731 719 1071 792 przrsentium
1126 732 1302 772 rerum
1362 715 1654 782 vilitatem,
1723 714 1844 770 ideo
1898 723 2098 769 tantum

513 817 914 871 abscesserunt.
968 811 1139 880 Quam
1184 824 1312 880 ergo
1357 818 1413 864 tu
1459 809 1804 880 consequeris
1846 808 2055 864 veniam
2081 850 2097 877 ,

513 907 600 976 qui
629 905 775 960 humi
807 903 948 974 repis
972 944 988 970 ,
1020 917 1120 957 nec
1154 901 1386 971 despicis
1419 915 1580 971 parva
1613 900 1728 955 haec
1758 915 1880 970 qua:
1926 909 2099 954 trans-

510 1007 681 1063 eunt,
733 1010 833 1051 nec
877 994 1082 1050 deseris
1127 1008 1226 1064 pro
1273 993 1338 1048 iis
1386 1007 1505 1062 qua:
1547 1006 1734 1063 magna
1777 1000 1899 1046 sunt
1939 1001 2099 1061 atque

509 1101 709 1142 :eterua
735 1129 749 1152 ,
777 1086 867 1156 qui
897 1085 1069 1155 ipsum
1101 1085 1265 1140 Deum
1305 1082 1460 1139 audis
1505 1082 1608 1138 hoc
1651 1083 1743 1139 tibi
1789 1090 2098 1138 monstrati.

510 1191 654 1249 tt-m,
694 1187 750 1234 et
801 1179 869 1235 ab
914 1179 1030 1249 ipso
1079 1178 1210 1232 tales
1256 1175 1423 1231 habes
1475 1172 1898 1246 promissioncs?
1943 1170 2096 1238 Quod

506 1273 648 1326 enim
677 1269 793 1326 hac
825 1286 932 1325 non
960 1269 1091 1324 satis
1124 1267 1228 1322 sint
1273 1264 1339 1321 ad
1385 1265 1732 1321 detinendam
1780 1263 2050 1319 hominem
2077 1304 2094 1330 ,

507 1361 859 1417 ostenderunt
889 1361 922 1414 ii
951 1361 1041 1430 qui
1078 1359 1282 1430 absque
1321 1358 1585 1428 majorum
1636 1372 1819 1412 rerum
1867 1355 2093 1426 promis-

508 1455 658 1510 sione
687 1454 754 1510 ab
777 1454 856 1509 eis
885 1452 1280 1507 abstinuerunt.
1305 1449 1447 1518 Quas
1473 1450 1614 1505 enim
1635 1448 1847 1504 divitias
1874 1459 2096 1515 exspec-

508 1556 686 1602 tantes
711 1589 728 1615 ,
759 1545 824 1600 ad
851 1553 1218 1616 paupertatem
1249 1542 1549 1600 venerunt?
1575 1541 1798 1608 Nullas;
1835 1539 1927 1594 sed
1951 1537 2093 1608 quod

2220 437 2355 493 bene
2385 439 2586 494 scirent
2615 442 2770 497 talem
2805 454 3168 514 paupertatem
3199 461 3320 504 esse
3358 448 3557 507 divitiis
3606 454 3795 511 melio-

2212 541 2347 582 rem.
2377 529 2544 596 Quam
2573 545 2849 601 sperantes
2875 535 3034 590 vitam
3077 537 3297 594 delicias
3340 541 3672 613 reliquerunt
3695 587 3709 612 ,
3741 555 3798 602 et

2212 633 2415 688 aspera:
2438 622 2558 674 vita:
2585 638 2643 676 se
2669 623 2987 680 dediderunt
3006 627 3029 679 ‘?
3050 627 3268 696 Nullas;
3299 631 3393 687 sed
3422 633 3588 704 ipsam
3615 651 3796 691 rerum

2212 721 2456 766 naturam
2494 713 2666 769 edocti
2693 757 2708 783 ,
2735 726 2788 772 et
2827 719 3060 776 scientes
3105 721 3208 777 hoc
3252 725 3428 796 aptius
3473 742 3594 784 esse
3637 741 3686 785 et
3729 731 3801 786 ad

2209 803 2400 857 anima:
2442 801 2872 879 philosophiam,
2921 821 2976 868 et
3016 813 3082 869 ad
3129 817 3369 887 corporis
3415 821 3797 883 valetudinem.

2211 895 2335 950 llaec
2377 897 2534 967 igitur
2580 916 2680 956 nos
2720 904 2900 961 animo
2943 916 3293 978 reputantes,
3341 921 3395 967 et
3435 913 3609 970 futura
3657 917 3803 974 bona

2209 987 2428 1044 assidue
2472 991 2524 1044 in
2570 993 2725 1050 nobis
2778 1008 3092 1067 versantes,
3149 1016 3178 1054 a
3232 1003 3392 1059 rebus
3445 1010 3803 1075 prtesentibus

2207 1079 2560 1138 abscedamus
2582 1125 2598 1150 ,
2629 1094 2686 1140 ut
2714 1087 2804 1142 illa
2832 1088 3006 1145 futura
3045 1107 3438 1163 consequamur
3463 1139 3478 1166 ,
3531 1101 3698 1170 gratia
3743 1113 3806 1158 et

2166 1223 2169 1226 ,
2209 1171 2536 1245 benignitate
2569 1178 2780 1235 Domini
2811 1185 2980 1238 nostri
3008 1184 3134 1242 lesu
3162 1185 3359 1243 Christi
3386 1231 3401 1255 ,
3444 1192 3658 1261 quicum
3698 1195 3808 1251 Pa-

2210 1265 2276 1318 tri
2307 1282 2514 1338 unaque
2545 1268 2763 1340 Spiritui
2804 1284 3025 1344 sancto,
3071 1277 3239 1348 gloria
3268 1320 3284 1345 ,
3326 1280 3648 1352 imperium,
3697 1286 3804 1340 ho-

2209 1369 2346 1421 nor,
2395 1373 2534 1414 nunc
2589 1369 2644 1416 et
2691 1375 2946 1435 semper,
2999 1376 3053 1424 et
3105 1368 3158 1424 in
3207 1373 3401 1427 sarcula
3450 1375 3802 1434 szeculorutn.

2208 1447 2402 1502 Amen.

1922 1739 2268 1805 HOMILIA
2312 1742 2427 1804 IX.

509 1875 632 1933 Car.
665 1877 720 1933 5.
751 1891 804 1929 v.
835 1875 923 1932 12.
961 1873 1019 1930 Si
1045 1875 1159 1944 quis
1196 1872 1566 1944 supera’diﬁcat
1611 1885 1768 1939 supra
1796 1866 2096 1940 fundamen-

577 1979 684 2022 tum
739 1969 874 2032 hoc,
929 1983 1149 2031 aurum,
1203 1975 1509 2038 argentum,
1561 1963 1758 2032 lapides
1803 1960 2047 2030 pretiosos
2074 1999 2090 2024 ,

578 2062 716 2132 ligna
741 2103 756 2124 ,
801 2064 986 2130 faenum
1015 2101 1030 2127 ,
1069 2059 1311 2130 stipulam
1337 2099 1352 2124 ,
1399 2057 1487 2113 15.
1533 2054 1927 2124 uniuscujusque
1967 2065 2095 2120 Opus

576 2153 902 2224 manifestum
931 2152 1042 2205 erit.
1070 2149 1193 2205 Dies
1218 2150 1351 2205 enim
1389 2147 1600 2203 Domini
1635 2145 1944 2208 declarabit,
1976 2144 2094 2214 quia

574 2247 627 2298 in
653 2246 776 2316 igne
795 2244 1132 2308 revelabitur;
1155 2253 1201 2297 et
1233 2243 1631 2311 uniuscujusque
1655 2255 1783 2311 opus
1809 2235 1960 2309 quale
1987 2236 2090 2302 sit,

574 2337 706 2406 ignis
732 2335 982 2406 probabit.
1016 2335 1106 2390 Η.
1137 2334 1200 2390 Si
1223 2335 1369 2404 cujus
1395 2351 1523 2405 opus
1557 2333 1798 2387 manserit
1838 2330 1972 2402 quod
2002 2346 2093 2385 su-

574 2428 991 2497 per-aediﬁcaverit
1016 2468 1030 2492 ,
1084 2426 1365 2481 mercedem
1421 2426 1653 2497 accipiet.
1713 2424 1800 2481 15.
1839 2424 1903 2479 Si
1948 2424 2095 2492 cujus

572 2535 700 2586 Opus
724 2517 905 2572 arserit
930 2559 944 2583 ,
975 2517 1328 2571 detrimentum
1355 2517 1576 2587 patietur
1601 2531 1619 2569 :
1640 2517 1751 2585 ipse
1785 2523 1954 2569 autem
1991 2513 2094 2569 sal-

571 2627 661 2664 uus
685 2610 778 2664 erit
803 2650 823 2676 ,.
848 2610 921 2664 sic
947 2619 1116 2663 tamen
1141 2609 1287 2679 quasi
1313 2624 1402 2678 per
1429 2609 1609 2680 ignem.

573 2765 626 2818 1.
664 2762 778 2819 Non
810 2772 891 2818 est
917 2777 1082 2833 parva
1122 2761 1240 2818 brec
1266 2777 1387 2832 quae
1415 2761 1570 2818 nobis
1597 2761 1917 2833 proponitur
1943 2777 2088 2831 quas:

502 2857 606 2910 stio
628 2897 642 2920 ,
674 2855 768 2910 scd
798 2853 865 2909 de
893 2855 1058 2911 rebus
1089 2853 1320 2909 maxime
1349 2854 1668 2909 necessariis
1692 2895 1707 2918 ,
1737 2862 1792 2908 et
1821 2869 1956 2924 quas
1977 2870 2092 2908 om-

501 2962 599 3002 nes
615 2955 859 3017 quarruut
880 2945 1124 3001 homines
1141 2987 1154 3013 ,
1174 2960 1240 2999 an
1262 2943 1520 3015 gehennzn
1539 2945 1676 3015 ignis
1695 2945 1852 3000 ﬁnem
1873 2945 2087 3001 habeat.

509 3036 642 3092 Nam
672 3037 813 3108 quod
841 3051 944 3092 non
973 3035 1200 3102 habeat,
1219 3033 1464 3091 Christus
1483 3037 1848 3106 pronuntiavit
1869 3035 2089 3090 dicens:

501 3129 647 3200 Ignis
685 3145 857 3182 eorum
901 3144 1002 3182 non
1045 3128 1427 3199 exstinguetur,
1473 3135 1518 3182 et
1561 3127 1740 3181 vermis
1779 3143 1951 3181 eorum
1991 3143 2092 3181 non

501 3218 745 3272 morietur
781 3217 992 3292 (Marc.
1039 3218 1090 3275 9.
1127 3220 1195 3275 15
1225 3219 1266 3290 ).
1316 3219 1384 3274 Et
1424 3219 1537 3274 scio
1580 3219 1796 3289 quidem
1841 3233 1938 3274 vos
1976 3219 2092 3274 lucc

499 3311 777 3367 audientes
804 3319 1108 3380 torpescere
1137 3328 1152 3366 :
1183 3311 1277 3368 sed
1306 3311 1433 3383 quid
1477 3311 1711 3365 faciam?
1757 3312 1898 3366 Deus
1945 3312 2089 3366 enim

496 3401 646 3471 jubet
674 3403 785 3457 haec
814 3401 1120 3474 frequenter
1149 3403 1400 3457 insonare
1423 3442 1439 3469 ,
1462 3401 1648 3458 dicens
1673 3443 1686 3467 ,
1717 3401 1954 3471 Ρνωείρε
1975 3401 2091 3456 huic

499 3494 725 3566 populo;
754 3503 808 3550 et
834 3509 933 3550 nos
975 3493 1042 3549 ad
1086 3495 1442 3550 ministerium
1487 3495 1636 3550 verbi
1673 3495 1950 3550 constituti
1995 3509 2091 3550 su-

498 3601 618 3642 mus
649 3604 662 3640 :
694 3602 757 3642 ac
785 3601 1008 3643 necesse
1044 3595 1128 3642 est
1166 3594 1224 3642 ut
1262 3587 1363 3642 sim
1409 3587 1670 3642 molestus
1707 3586 2041 3642 auditoribus
2069 3629 2084 3653 ,

498 3693 606 3733 non
640 3678 827 3734 lubens
851 3721 866 3744 ,
899 3679 993 3734 sed
1023 3688 1264 3734 coactus.
1298 3679 1410 3734 lmo
1441 3679 1484 3734 si
1517 3679 1675 3734 vultis
1699 3720 1713 3746 ,
1747 3695 1854 3734 non
1887 3679 2087 3735 erimus

499 3771 713 3827 onerosi
747 3791 760 3828 :
791 3771 924 3826 Nam
971 3771 1014 3826 si
1052 3771 1251 3826 bonum
1278 3811 1293 3838 ,
1343 3771 1554 3841 inquit,
1599 3772 1760 3828 facias
1785 3813 1799 3838 ,
1850 3787 1919 3827 ne
1961 3772 2087 3828 time

497 3863 518 3932 ξ
541 3860 693 3916 Rom.
725 3862 810 3917 15.
852 3861 950 3934 5).
1003 3862 1188 3933 Itaque
1238 3863 1365 3918 licet
1414 3862 1570 3918 vobis
1613 3878 1718 3918 non
1761 3863 1935 3919 solum
1978 3879 2084 3920 non

495 3969 678 4024 :egre,
724 3954 818 4010 sed
863 3955 1024 4010 etiam
1071 3970 1195 4010 cum
1239 3955 1514 4025 voluptate
1548 3969 1648 4011 nos
1687 3956 1896 4012 audire.
1929 3955 2084 4024 Quod

495 4043 655 4114 igitur
683 4045 844 4100 linem
875 4061 979 4100 non
1012 4045 1209 4101 habeat
1233 4087 1248 4111 ,
1270 4044 1518 4102 Christus
1545 4047 1658 4116 ipse
1681 4049 2042 4117 pronuntiavit
2066 4068 2081 4106 :

495 4133 692 4190 Paulus
721 4146 898 4192 autem
928 4136 1059 4192 dicit
1081 4178 1096 4202 ,
1128 4137 1425 4194 ostendens
1453 4139 1754 4195 immortale
1789 4156 1910 4198 esse
1953 4156 2082 4212 sup-

492 4225 712 4294 plicium
739 4265 755 4291 ,
799 4236 1110 4295 peceatores
1136 4227 1359 4283 daturos
1388 4243 1508 4284 esse
1537 4243 1723 4298 paenas
1750 4231 2002 4287 exitiosas
2029 4241 2086 4287 et

494 4326 726 4371 attcrnas
757 4317 774 4388 (
802 4317 857 4371 ἓ.
894 4317 1070 4373 Thess.
1105 4320 1158 4374 1.
1191 4320 1223 4378 9
1248 4318 1292 4391 );
1320 4329 1374 4375 et
1399 4335 1610 4376 rursum
1635 4362 1652 4389 ,
1677 4321 1853 4378 Nolite
1873 4340 2082 4378 errare:

494 4427 653 4475 neque
678 4412 1043 4482 fornicatores,
1076 4429 1234 4485 neque
1281 4415 1537 4482 adulteri,
1586 4433 1742 4488 neque
1783 4420 1959 4475 molles
1996 4437 2081 4476 re-

493 4517 649 4570 gnum
699 4500 797 4555 Dei
841 4502 1166 4572 possidebunt
1209 4503 1228 4574 (
1256 4505 1308 4560 1.
1337 4504 1456 4560 Cor.
1488 4506 1542 4562 6.
1571 4507 1624 4562 9.
1657 4508 1790 4578 10).
1845 4511 2082 4567 llebrteis

494 4605 708 4661 quoque
734 4591 946 4647 dicebat
975 4610 988 4647 :
1036 4592 1226 4649 Pacem
1254 4598 1610 4667 persequimini
1639 4615 1754 4653 cum
1781 4601 2012 4656 omnibus
2037 4611 2083 4656 et

408 4726 410 4728 τ
491 4681 984 4749 sanctiﬁcationem,
1041 4684 1150 4738 sine
1190 4701 1290 4756 qua
1351 4704 1500 4744 nemo
1560 4689 1743 4744 uidebit
1806 4690 2081 4746 Dominum

493 4772 701 4844 (Hebr.
735 4774 822 4828 12.
851 4775 917 4830 14
942 4779 983 4846 ).
1018 4777 1084 4831 Et
1109 4777 1354 4834 Christus
1386 4779 1450 4834 iis
1469 4781 1558 4851 qui
1579 4781 1829 4840 dicebant
1851 4826 1866 4852 ,
1899 4783 1968 4839 In
1991 4801 2082 4840 no-

491 4867 629 4920 mine
659 4875 746 4919 tuo
771 4866 977 4923 virtutes
999 4870 1183 4924 multas
1204 4870 1414 4940 fecimus
1438 4913 1455 4939 ,
1482 4871 1558 4926 ait
1586 4890 1599 4926 :
1627 4873 1884 4930 Discedite
1908 4893 1938 4929 α
1962 4894 2041 4931 me
2061 4917 2078 4945 ,

488 4960 576 5026 qui
619 4959 900 5028 operamini
942 4959 1298 5031 iniquitatem;
1336 4980 1437 5017 non
1482 4965 1600 5019 noui
1647 4981 1734 5022 vos
1759 4967 1990 5038 (Matth.
2023 4972 2076 5025 7.

487 5047 577 5102 22.
605 5047 676 5103 25
700 5047 742 5120 ).
774 5049 842 5104 Ει
866 5050 1101 5122 virgines
1142 5053 1374 5109 exclusae
1412 5065 1575 5122 sunt,
1627 5073 1800 5129 neque
1846 5062 2078 5117 intrave-

488 5146 659 5193 runt:
699 5149 753 5196 et
791 5140 858 5196 de
902 5141 1008 5209 iis,
1057 5145 1147 5214 qui
1197 5146 1374 5214 ipsum
1414 5162 1519 5202 non
1566 5150 1907 5220 nutrierunt,
1957 5155 2076 5208 ait:

488 5227 645 5284 Ibunt
670 5232 722 5286 in
750 5234 1058 5304 supplicium
1083 5239 1366 5309 (eleruum(
1393 5239 1579 5294 Matth.
1731 5243 1801 5300 40
1819 5242 1862 5314 ).

563 5342 898 5400 Peccatorum
943 5349 1250 5418 supplicium
1296 5351 1448 5419 ﬁnem
1499 5368 1600 5406 non
1640 5353 1811 5410 habet.
1856 5386 1927 5398 ——
1967 5356 2079 5414 Nec

489 5435 623 5490 mihi
649 5437 796 5492 dicas
824 5457 838 5492 :
866 5437 1094 5494 Ubinam
1122 5441 1260 5510 aequi
1292 5442 1427 5497 ratio
1454 5455 1698 5502 servatur
1721 5487 1737 5512 ,
1789 5449 1834 5503 si
1871 5452 2078 5521 suppli-

489 5525 631 5578 cium
664 5543 771 5582 non
797 5527 959 5582 habet
995 5528 1202 5585 ﬁnem?
1240 5531 1463 5598 Quando
1506 5536 1648 5590 enim
1701 5537 1841 5594 Deus
1876 5541 2080 5612 aliquid-

490 5613 619 5668 t’acit
641 5657 656 5682 ,
688 5619 807 5688 ejus
832 5620 1112 5674 sententiae
1141 5619 1443 5691 obsequere
1467 5665 1482 5690 ,
1507 5635 1562 5680 et
1600 5643 1668 5682 ne
1715 5643 1776 5682 ea
1803 5671 1818 5696 ,
1848 5646 1968 5700 quae
1997 5633 2079 5688 di-

491 5713 683 5759 cuntur
705 5747 720 5773 ,
757 5708 1002 5764 humanis
1032 5710 1328 5769 ratiociniis
1357 5716 1583 5785 subjice.
1612 5719 1863 5789 Alioquin
1893 5734 2072 5779 autem

493 5795 762 5859 quomodo
791 5810 898 5853 non
916 5797 1118 5870 justum
1144 5799 1306 5862 fuerit
1329 5848 1345 5879 ,
1377 5822 1496 5866 cum
1522 5809 1612 5881 qui
1639 5811 1708 5870 ab
1733 5812 1888 5872 initio
1917 5817 2070 5874 innu-

2212 1878 2363 1922 mera
2406 1873 2612 1943 accepit
2658 1875 2954 1947 beneﬁcia,
2995 1881 3295 1956 deindeque
3328 1889 3590 1959 supplicio
3639 1894 3806 1966 digna

2203 1963 2470 2029 patravit,
2521 1981 2584 2022 ac
2629 1983 2801 2040 neque
2844 1973 3004 2028 minis
3059 1991 3231 2047 neque
3285 1979 3559 2038 beneﬁciis
3608 1963 3808 2044 melior

2201 2049 2420 2109 effectus
2447 2066 2564 2124 est,
2585 2060 2846 2129 supplicio
2873 2064 3069 2132 plecti?
3093 2066 3222 2122 Nam
3246 2069 3289 2124 si
3315 2070 3364 2125 id
3391 2114 3404 2136 ,
3429 2073 3570 2142 quod
3590 2077 3802 2145 justum

2201 2150 2322 2209 est,
2354 2147 2554 2214 quaeris
2577 2189 2592 2214 ,
2625 2150 2692 2203 ab
2717 2151 2871 2207 initio
2903 2170 3002 2210 nos
3033 2157 3255 2226 periisse
3285 2165 3521 2232 oportuit
3548 2207 3561 2232 ,
3593 2181 3805 2224 secun-

2203 2233 2329 2291 dum
2357 2241 2493 2309 requi
2525 2251 2577 2295 et
2602 2243 2731 2311 justi
2761 2248 3023 2304 rationem
3050 2268 3063 2314 ;
3099 2252 3208 2308 imo
3237 2270 3409 2325 neque
3439 2267 3565 2316 tunc
3593 2279 3800 2319 secun-

2198 2326 2325 2383 dum
2356 2332 2493 2402 arqui
2514 2342 2567 2388 et
2579 2334 2709 2403 justi
2739 2339 3000 2396 rationem
3026 2352 3228 2400 tantum
3263 2365 3422 2404 :nam
3450 2351 3803 2425 benignitatis

2201 2417 2415 2486 luisset,
2475 2423 2519 2478 si
2563 2425 2666 2481 hoc
2709 2430 2850 2498 passi
2899 2446 3163 2492 essemus.
3215 2437 3439 2504 Quando
3481 2417 3624 2500 enim
3673 2451 3802 2517 quis

2199 2526 2319 2565 eum
2345 2554 2359 2580 ,
2383 2515 2470 2583 qui
2495 2531 2553 2571 se
2573 2517 2705 2572 nihil
2729 2521 2866 2576 lzesit
2885 2565 2900 2588 ,
2922 2529 3244 2583 contumelia
3266 2530 3430 2588 afﬁcit
3454 2576 3469 2601 ,
3497 2515 3800 2596 secundum

2196 2602 2323 2672 justi
2352 2607 2615 2662 rationem
2641 2611 2731 2665 dat
2761 2629 2946 2683 pmnas
2972 2634 2986 2682 ;
3012 2620 3224 2688 quando
3245 2635 3423 2680 autem
3444 2628 3752 2685 beneﬁcum
3782 2677 3798 2701 ,

2199 2697 2286 2767 qui
2316 2697 2447 2754 nihil
2477 2711 2633 2756 antea
2665 2708 2876 2776 accepit
2917 2709 3162 2768 beneﬁcii
3187 2755 3202 2778 ,
3245 2717 3338 2771 sed
3377 2719 3488 2788 ipse
3533 2697 3801 2783 beneﬁt-ia

2199 2789 2345 2846 mille
2371 2791 2550 2848 intulit
2577 2835 2590 2859 ,
2621 2797 2709 2865 qui
2742 2799 2853 2852 sola
2899 2815 3060 2858 causa
3090 2813 3171 2859 est
3208 2809 3352 2877 quod
3402 2810 3492 2866 ille
3527 2815 3798 2883 exsistat,

2198 2882 2284 2951 qui
2317 2882 2455 2938 Deus
2481 2895 2563 2940 est
2589 2896 2643 2942 et
2669 2891 2901 2946 animam
2934 2893 3211 2964 inspiravit
3238 2900 3623 2975 inuumeraque
3654 2882 3799 2966 bona

2199 2972 2418 3041 intulit,
2465 2987 2628 3049 atque
2671 2981 2721 3035 in
2761 2984 2951 3040 emittm
2997 2987 3250 3046 inducere
3297 2994 3463 3050 voluit
3495 3015 3510 3052 :
3539 2972 3600 3052 isi
3650 2999 3799 3058 hunc

2198 3076 2320 3135 post
2359 3078 2437 3124 tot
2482 3070 2745 3130 beneﬁcia
2771 3118 2786 3142 ,
2825 3093 2931 3133 non
2982 3082 3144 3136 modo
3192 3091 3515 3145 contumelia
3556 3091 3796 3162 afﬁciat,

2197 3159 2290 3214 sed
2320 3171 2372 3216 et
2401 3166 2754 3222 contumelias
2783 3171 3024 3238 quotidie
3055 3190 3149 3243 per
3175 3191 3338 3246 opera
3371 3194 3614 3251 repetat,
3648 3159 3791 3256 qua;

2197 3267 2319 3307 nam
2351 3253 2543 3326 dignus
2569 3256 2729 3314 fuerit
2756 3262 2956 3316 venia?
2994 3264 3107 3321 Non
3149 3269 3301 3324 vides
3343 3277 3611 3342 quomodo
3652 3253 3797 3334 dila-

2196 3360 2340 3400 mum
2393 3349 2626 3417 punierit
2679 3364 2897 3423 propter
2949 3373 3112 3412 unum
3187 3369 3515 3432 peccatum?
3569 3369 3792 3438 Etiam,

2194 3436 2440 3507 inquies,
2480 3443 2782 3509 paradisum
2833 3447 2930 3516 ipsi
2976 3447 3124 3504 dedit
3173 3461 3227 3508 et
3266 3454 3443 3512 ell‘ecit
3492 3468 3550 3513 ut
3597 3436 3795 3530 magna

2194 3524 2464 3583 frueretur
2489 3530 2889 3590 benevolentia.
2936 3539 3095 3608 Atqui
3132 3556 3237 3596 non
3273 3559 3369 3614 par
3394 3562 3481 3601 res
3511 3559 3589 3603 est
3617 3593 3630 3615 ,
3663 3524 3793 3608 eum

2194 3619 2281 3688 qui
2314 3619 2366 3674 in
2396 3624 2685 3680 securitate
2709 3627 2837 3681 vivit
2867 3643 3090 3698 peccare
3114 3674 3128 3696 ,
3173 3644 3226 3688 et
3255 3650 3375 3691 eum
3407 3639 3497 3709 qui
3529 3641 3578 3694 in
3607 3643 3794 3699 mullis

2193 3715 2446 3770 a‘rumnis
2474 3717 2602 3771 vivit
2627 3758 2640 3779 .
2675 3717 2724 3773 id
2755 3719 2953 3777 facere.
2987 3722 3054 3778 Et
3099 3724 3201 3781 hoc
3247 3729 3420 3797 ipsum
3467 3749 3627 3803 grave
3661 3745 3747 3792 est
3771 3780 3789 3804 ,

2192 3805 2332 3874 quod
2364 3822 2468 3860 non
2518 3809 2568 3862 in
2622 3812 2868 3879 paradiso
2912 3829 3142 3884 pecces,
3190 3820 3283 3875 sed
3332 3822 3383 3876 in
3433 3826 3584 3880 malis
3626 3827 3792 3898 hujus

2192 3897 2314 3952 vitm
2339 3896 2634 3956 innumeris
2657 3944 2672 3969 ,
2707 3919 2882 3974 neque
2919 3921 2984 3961 ex
3031 3908 3244 3966 miseria
3289 3916 3495 3970 cautior
3539 3896 3737 3975 evadas
3771 3941 3786 3978 :

2187 4003 2250 4043 ac
2275 3989 2320 4044 si
2351 3992 2471 4060 quis
2497 3993 2709 4050 vinctus
2739 3997 2976 4067 nequitia
3004 4008 3263 4059 uteretur.
3313 4004 3432 4062 Tibi
3464 4023 3593 4066 vero
3615 4012 3786 4070 etiam

2191 4081 2440 4151 paradiso
2466 4084 2666 4154 majora
2699 4089 2984 4157 promisit,
3034 4107 3206 4163 neque
3236 4096 3330 4151 tibi
3355 4097 3466 4167 jam
3495 4101 3678 4165 dedit.
3713 4121 3789 4163 ne

2189 4181 2242 4226 te
2267 4172 2320 4227 in
2350 4181 2589 4245 tempore
2614 4179 2965 4236 certaminum
3001 4185 3302 4243 molliorem
3341 4190 3590 4249 redderet
3622 4213 3635 4249 :
3682 4212 3786 4252 ne-

2188 4278 2292 4334 que
2324 4269 2486 4320 tacuit
2507 4309 2522 4333 ,
2551 4281 2619 4323 ne
2647 4277 2699 4324 te
2726 4269 2884 4326 nimis
2909 4272 3166 4344 dejiceret
3192 4279 3244 4333 in
3274 4281 3564 4339 laboribus.
3596 4284 3663 4340 Et
3691 4287 3789 4346 illo

2187 4355 2403 4426 quidem
2433 4373 2540 4414 uno
2569 4371 2791 4430 peccato
2820 4372 2982 4419 totam
3028 4367 3094 4421 ad
3147 4384 3206 4424 se
3247 4381 3474 4429 mortem
3521 4379 3782 4446 attraxit;

2187 4463 2287 4506 nos
2317 4459 2492 4506 autem
2519 4453 2756 4522 quotidie
2779 4455 3058 4514 innumera
3089 4473 3307 4529 peccata
3337 4465 3693 4525 admittimus.
3725 4470 3786 4526 Si

2184 4551 2364 4598 autem
2394 4542 2482 4599 ille
2507 4559 2628 4599 eum
2652 4561 2817 4602 unum
2843 4547 3147 4608 admisisset
3177 4595 3191 4620 ,
3220 4563 3422 4611 tantum
3447 4557 3546 4614 sibi
3575 4562 3779 4616 malum

2184 4632 2441 4700 attraxit,
2473 4643 2526 4689 et
2559 4645 2788 4706 mortem
2819 4637 3058 4706 invexit;
3090 4643 3178 4712 qui
3219 4659 3432 4715 semper
3463 4648 3512 4702 in
3543 4653 3784 4719 peccatis

2185 4721 2412 4778 vivimus
2434 4764 2448 4790 ,
2473 4724 2598 4795 quid
2623 4741 2726 4781 non
2753 4727 3015 4797 patiemur
3034 4773 3049 4798 ,
3080 4733 3168 4802 qui
3199 4749 3293 4803 pro
3318 4737 3565 4804 paradiso
3585 4741 3779 4797 crrlum

2185 4815 2508 4884 speramus?
2536 4815 2755 4871 Molesta
2785 4829 2910 4874 sunt
2936 4819 3053 4875 haec
3077 4864 3094 4887 ,
3146 4833 3199 4878 et
3236 4825 3489 4882 mmstitia
3539 4829 3785 4888 alliciu:.t

2184 4905 2482 4960 auditorem
2531 4923 2544 4960 :
2587 4906 2686 4962 hoc
2717 4909 2854 4965 bene
2887 4913 3007 4966 novi
3039 4928 3100 4969 ex
3134 4915 3199 4968 iis
3224 4957 3238 4981 ,
3271 4933 3389 4987 qum
3425 4919 3538 4990 ipse
3565 4924 3778 4991 patior;

2184 5009 2278 5051 cor
2303 4997 2446 5050 enim
2477 5013 2654 5053 meum
2688 5001 2933 5056 turbatur
2971 5011 3026 5058 et
3059 5005 3278 5076 palpitat
3307 5024 3321 5064 :
3367 5019 3422 5066 et
3455 5027 3562 5082 quo
3605 5017 3780 5085 magis

2184 5086 2340 5142 video
2368 5088 2580 5158 probari
2606 5089 2654 5143 id
2677 5131 2692 5155 ,
2715 5093 2856 5161 quod
2881 5093 2948 5148 de
2969 5094 3214 5164 gehenna
3241 5099 3440 5156 dicitur
3463 5144 3478 5170 ,
3511 5120 3574 5159 eo
3608 5107 3778 5176 magis

2184 5187 2356 5234 tremo
2385 5188 2438 5235 et
2467 5197 2531 5236 ex
2561 5191 2707 5236 metu
2746 5183 2975 5254 refugio.
3009 5186 3116 5242 Sed
3146 5204 3369 5248 necesse
3406 5204 3488 5248 est
3532 5195 3645 5251 huic
3690 5197 3781 5251 di~

2182 5284 2308 5325 cere
2331 5310 2346 5334 ,
2377 5285 2444 5326 ne
2469 5272 2520 5325 in
2549 5272 2847 5341 gehennam
2880 5276 3197 5333 incidamus.
3251 5280 3369 5335 Non
3421 5286 3673 5355 accepisti
3720 5297 3780 5342 tu

2182 5362 2488 5434 paradisum
2518 5380 2693 5435 neque
2722 5366 2860 5437 ligna
2893 5381 3069 5438 neque
3096 5371 3307 5440 plantas
3333 5415 3348 5440 ,
3380 5376 3474 5430 sed
3505 5377 3693 5431 ca-lutn
3724 5389 3781 5434 et

2183 5456 2420 5510 caelestia
2459 5455 2618 5510 bona.
2664 5457 2816 5526 Quod
2862 5460 2906 5512 si
2954 5460 2998 5514 is
3039 5462 3128 5530 qui
3159 5463 3366 5518 minora
3397 5468 3641 5538 accepit,
3685 5470 3781 5524 da-

2186 5559 2398 5603 mnatus
2424 5558 2507 5604 est
2528 5591 2541 5614 ,
2570 5565 2744 5619 neque
2769 5551 2873 5604 ulla
2892 5567 3012 5606 eum
3041 5555 3180 5608 eruit
3204 5557 3340 5610 ratio
3370 5576 3382 5612 :
3412 5561 3581 5614 multo
3611 5562 3779 5631 magis

2183 5654 2280 5694 nos
2303 5681 2316 5705 ,
2338 5642 2426 5709 qui
2451 5640 2602 5710 plura
2631 5645 2964 5710 peccavimus
2985 5655 3040 5699 et
3061 5645 3126 5700 ad
3150 5647 3352 5717 majora
3375 5653 3550 5706 vocati
3569 5666 3777 5720 sumus,

2180 5730 2537 5785 intolerabilia
2563 5733 2848 5800 patiemur.
2882 5734 3068 5804 Cogita
3108 5751 3239 5808 ergo
3286 5749 3490 5809 quanto
3533 5751 3778 5812 tempore

2182 5822 2234 5878 in
2263 5831 2434 5879 morte
2461 5833 2643 5881 manet
2686 5835 2908 5898 propter
2939 5842 3103 5884 unum
3150 5841 3430 5901 peccatum
3467 5849 3634 5907 genus
3679 5849 3780 5892 no-
