4086 6424
360 322 426 379 15
1510 318 1575 377 11‘s
1618 319 1838 378 EPIST.
1876 324 1894 376 I

2022 332 2028 367 ι
2063 321 2226 382 con.
2267 324 2502 378 ιιυιιιι..
2530 323 2626 380 Ix.
3574 336 3657 396 π-

360 447 453 520 λὴν
481 445 589 500 τῶν
609 446 907 519 παρόντων
938 445 1278 520 πραγμάτων
1305 457 1332 488 ι
1354 443 1648 511 εὐτέλειαν,
1674 445 1764 499 διά
1790 445 1949 499 τοῦτο

362 530 671 601 ἀπέστησαν
691 530 879 601 μόνον.
896 532 1064 596 Ποίας
1086 524 1179 585 οὖν
1197 531 1261 585 σύ
1279 528 1443 601 τεύξῃ
1470 528 1824 600 συγγνώμης,
1848 545 1949 599 χα-

366 616 461 687 μαὶ
489 614 811 686 συρόμενος,
838 616 938 670 καὶ
970 615 1047 688 μὴ
1075 612 1433 686 καταφρονῶν
1460 612 1571 666 τῶν
1606 613 1821 684 μικρῶν
1853 612 1949 667 καὶ

361 696 787 770 παρερχομένων
839 698 984 769 ὑπὲρ
1025 698 1133 753 τῶν
1188 697 1442 770 μεγάλων
1482 698 1578 751 καὶ
1612 696 1949 761 διαιωνιζόν‹⁵

360 800 484 846 των,
522 784 552 835 ό
587 782 685 837 καὶ
723 781 895 836 αὐτοῦ
928 784 1023 836 τοῦ
1071 782 1208 837 Θεοῦ
1249 780 1486 844 ἀκούων,
1513 779 1689 834 ταῦτά
1716 798 1798 834 σοι
1842 781 1951 835 δει-

359 866 579 932 κνύντος
612 867 709 920 καὶ
738 866 1194 930 ἐκκαλύπτοντος,
1237 865 1332 921 καὶ
1374 865 1707 935 ἐπαγγελίας
1756 864 1941 919 τοιαύ-

356 969 450 1014 τας
482 953 617 1021 παρ’
645 950 814 1005 αὐτοῦ
858 950 1030 1022 έχων;
1081 951 1206 1005 Ὅτι
1258 950 1366 1021 γάρ
1420 952 1520 1021 οὐχ
1570 950 1732 1005 ἰκανά
1768 950 1945 1006 ταῦτα

355 1037 682 1105 κατασχεῖν,
744 1035 952 1101 ἔδειξαν
1005 1035 1056 1088 οἱ
1106 1035 1197 1089 καὶ
1226 1034 1393 1107 χωρὶς
1441 1034 1776 1103 ἐπαγγελίας
1829 1034 1941 1090 τῶν

353 1118 618 1189 μειζόνων
668 1121 999 1191 ἀπεχόμενοι
1049 1117 1273 1173 τούτων.
1328 1119 1487 1174 Ποῖον
1537 1120 1647 1193 γάρ
1710 1119 1941 1176 πλοῦτον

350 1202 825 1275 προσδοκήσαντες
852 1203 947 1259 ἐπὶ
978 1203 1171 1258 πενίαν
1196 1197 1391 1276 ἧλθον;
1419 1202 1646 1260 Οὐδένα·
1694 1203 1809 1259 ἀλλ’
1832 1204 1942 1259 ἀπὸ

402 1456 430 1485 ³
454 1454 525 1505 Ita
549 1454 711 1519 “83.;
732 1455 1030 1520 πραγμάτων
1051 1455 1226 1507 deerat
1244 1455 1294 1505 in
1327 1455 1492 1507 editis.

2049 461 2146 498 του
2203 444 2409 518 σφόδρα
2463 444 2685 508 εἰδέναι,
2734 444 2817 498 ὅτι
2866 446 2899 516 ἠ
2937 445 3159 518 τοιαύτη
3198 448 3357 505 πενία
3402 451 3633 511 πλούτου

2052 528 2317 599 κρείττων
2380 528 2517 584 ἐστί.
2583 528 2751 584 Ποίαν
2811 529 2956 601 ζωήν
3017 531 3336 600 ἐλπίσαντες
3410 538 3635 610 ἀφῆκαν

2048 610 2283 684 τρυφὴν,
2315 612 2409 666 καὶ
2459 611 2855 684 σκληραγωγία
2898 613 3107 669 ἔδωκαν
3158 616 3424 687 ἐαυτούς;
3467 622 3632 677 Οὐδε-

2054 694 2202 765 μίαν·
2235 694 2350 749 ἀλλ’
2384 696 2557 767 αὐτὴν
2589 695 2698 750 τῶν
2728 697 3071 768 πραγμάτων
3107 699 3208 771 τὴν
3238 700 3404 770 φύσιν
3432 704 3636 776 μαθόν-

2048 795 2163 844 τες,
2195 780 2289 833 καὶ
2320 780 2641 846 συνιδόντες,
2676 782 2758 836 ὃτι
2784 781 2944 836 τοῦτο
2970 782 3171 853 μᾶλλον
3200 786 3635 860 ἐπιτηδειότερον

2049 864 2145 917 καὶ
2182 863 2320 935 πρὸς
2345 863 2524 936 ψυχῆς
2562 864 2904 935 φιλοσοφίαν,
2938 865 3055 941 [75]
3081 868 3176 923 καὶ
3211 871 3348 941 πρὸς
3379 870 3634 944 σώματος

2050 947 2284 1016 ὐγίειαν.
2316 948 2482 1003 Ταῦτ’
2506 944 2599 1004 οὖν
2633 952 2730 1005 καὶ
2749 952 2912 1022 ἡμεῖς
2935 953 3403 1025 ἀναλογιζόμενοι,
3443 958 3538 1012 καὶ
3565 958 3636 1015 τά

2049 1030 2313 1103 μέλλοντα
2372 1032 2555 1103 ἀγαθά
2604 1036 2846 1107 συνεχῶς
2908 1038 2967 1093 ἐν
3024 1038 3238 1103 ἑαυτοῖς
3283 1041 3630 1113 στρέφοντες,

2044 1118 2374 1189 ἀποστῶμεν
2427 1119 2536 1175 τῶν
2594 1121 2904 1195 παρόντων,
2962 1123 3050 1178 ἵνα
3102 1122 3360 1197 τύχωμεν
3406 1129 3634 1187 ἐκείνων

2044 1201 2153 1256 τῶν
2185 1203 2512 1275 μελλόντων,
2542 1203 2727 1278 χάριτι
2754 1207 2849 1262 καὶ
2884 1206 3262 1281 φιλανθρωπίᾳ
3293 1210 3389 1264 τοῦ
3423 1213 3635 1285 Κυρίου

2041 1284 2200 1369 ἡμῶν
2245 1286 2424 1369 Ἰησοῦ
2468 1287 2731 1359 Χριστοῦ,
2791 1290 2913 1361 μεθ’
2959 1284 3021 1345 οὗ
3064 1291 3143 1363 τῷ
3184 1292 3360 1364 Πατρὶ
3402 1284 3523 1366 ἅμα
3553 1297 3647 1369 τῷ

2040 1365 2182 1441 ἀγίῳ
2209 1368 2510 1439 Πνεύμαηθ,
2536 1369 2684 1436 δόξα,
2711 1372 2936 1445 κράτος,
2963 1373 3120 1447 τιμὴ,
3147 1373 3242 1428 νῦν
3272 1377 3367 1431 καὶ
3392 1365 3502 1447 ἀεὶ,
3533 1365 3632 1436 καὶ

2039 1452 2121 1515 είς
2150 1448 2275 1518 τοὺς
2296 1453 2495 1519 αίῶνας
2522 1453 2630 1508 τῶν
2657 1455 2890 1511 αίώνων.
2941 1458 3138 1530 Ἀμήν.

3405 1643 3594 1664 ἡ

1857 1779 2103 1834 ΟΜῙΔῙΔ
2139 1778 2219 1837 Θ⁹.

337 1920 407 1975 ει
423 1937 509 1986 τις
536 1914 932 1985 ἐποικοδομεῖ
949 1914 1047 1968 ἐπὶ
1071 1914 1179 1969 τὸν
1206 1912 1485 1986 θεμέλιον
1518 1910 1753 1979 τοῦτον,
1780 1931 1930 1984 χρυ-

407 1985 547 2052 (τὸν,
576 1987 846 2056 ἄργυρον
865 2026 880 2048 ,
916 1986 1128 2056 λίθους
1156 1985 1409 2055 τιμίους,
1463 1985 1643 2051 ξύλα,
1683 1986 1927 2056 χόρτον,

407 2055 1031 2128 καλάμην-ἑκάστου
1060 2055 1127 2109 τὸ
1157 2057 1349 2128 ἕργονῃ
1369 2056 1635 2128 φανερὸν
1660 2055 1931 2128 Δγενήσε-

407 2150 523 2185 ται.
560 2125 630 2183 Ἦ
653 2127 765 2199 γὰρ
790 2127 983 2199 ἡμέρα
995 2125 1288 2199 δηλώσει,
1309 2125 1405 2199 ῥ’τι
1436 2127 1506 2179 ἐν
1530 2125 1930 2199 πυρίιὶπρκα-

405 2194 740 2255 ,ἱύπτετὰι·’
759 2194 858 2252 καὶ
898 2194 1163 2266 ἑκάστου
1196 2196 1261 2250 τὸ
1298 2194 1498 2266 ἔργον,
1527 2196 1738 2250 ὁποῖόν
1769 2196 1925 2262 ἐστι,

406 2273 474 2326 τὸ
504 2270 625 2338 πῦρ
651 2269 802 2323 αὐτύ
821 2264 1159 2338 δοκιμάσει.
1181 2267 1253 2319 Et
1282 2264 1447 2338 τινος
1472 2267 1537 2320 τὸ
1560 2266 1741 2336 ἔργον
1754 2266 1928 2335 μένει

405 2344 439 2397 ὃ
468 2335 904 2408 ἐπῴκοδόμησε
921 2377 936 2400 ,
956 2335 967 2338 ⁷
985 2336 1210 2408 μισθόν
1232 2335 1498 2406 λήψεται
1514 2352 1529 2367 ·
1562 2338 1619 2391 ει
1640 2335 1832 2408 τινος
1859 2338 1927 2408 τὸ

405 2406 589 2483 ἔργον
615 2406 1084 2475 κατακαήσεται,
1103 2476 1117 2493 ο
1134 2406 1567 2531 ζηέιιωθήσεται
1589 2424 1602 2438 ·
1646 2407 1830 2475 αὐτὸς
1858 2406 1929 2462 δὲ

405 2481 749 2531 σωθήσεται
771 2521 787 2531 .
810 2478 965 2531 οὕτω
987 2477 1055 2531 δὲ
1085 2496 1167 2531 ως
1230 2479 1290 2531 ιιί
1318 2478 1531 2531 πυρόε.

405 2476 749 2550 σωθήσεται
771 2521 788 2546 ,
810 2478 965 2534 οὕτω
987 2477 1055 2532 δὲ
1085 2476 1167 2545 ώς
1190 2476 1290 2533 διὰ
1318 2478 1531 2547 πυρός.

408 2615 484 2662 α’.
530 2607 608 2662 Ού
642 2604 834 2677 μικρὸν
864 2605 993 2675 ἡμῖν
1021 2603 1178 2658 τοῦτο
1204 2603 1266 2657 τὸ
1294 2605 1653 2674 προκείμενον
1679 2604 1924 2677 ζήτημα,

335 2693 476 2747 ἀλλά
506 2693 599 2745 καὶ
620 2689 751 2762 περὶ⁵
769 2693 794 2723 ⁸
812 2689 920 2743 τῶν
949 2688 1154 2760 σφόδρα
1174 2689 1510 2757 ἀναγκαίων,
1537 2691 1632 2744 καὶ
1657 2683 1731 2746 ὧν
1748 2690 1924 2746 ἀπαν-

329 2792 423 2841 τες
449 2774 709 2845 ζητοῦσιν
729 2772 1028 2845 ἅνθρωποι,
1053 2773 1101 2826 εί
1129 2768 1284 2837 τέλος
1311 2772 1425 2843 έχει
1457 2772 1517 2826 τὸ
1554 2774 1653 2843 τῆς
1683 2775 1912 2843 γεέννης

330 2860 468 2932 πῦρ.
518 2859 644 2913 Ὀτι
687 2855 785 2928 μὲν
824 2855 936 2927 γὰρ
980 2855 1081 2908 οὐκ
1111 2853 1247 2926 ἔχει,
1275 2855 1305 2907 6
1345 2856 1578 2927 Χριστὸς
1601 2858 1925 2929 ἀπεφήνατο

327 2944 507 3012 λέγων
528 2961 540 2973 ·
574 2941 645 2998 T6
666 2940 785 3009 πῦρ
817 2938 1015 2993 αὐτῶν
1039 2941 1112 2994 οὐ
1132 2939 1563 3008 σόεσθήσετιιι,
1594 2941 1693 2995 καὶ
1718 2944 1750 2996 ό
1769 2942 1924 2996 σκώ·

325 3027 450 3095 ,Ιηξ
478 3024 682 3080 αὐτῶν
711 3025 783 3078 οὐ
812 3021 1185 3092 τελευτήσει.
1212 3021 1323 3075 Kal
1360 3017 1479 3077 οἶδα
1512 3023 1613 3094 μὲν
1632 3064 1647 3089 ,
1682 3022 1765 3077 ὃτι
1787 3041 1921 3097 ναρυ

326 3114 465 3165 κᾶτε
482 3110 660 3164 ταῦτα
681 3107 972 3168 ἀκούοντες
986 3123 1001 3137 ·
1032 3106 1169 3161 ἀλλά
1188 3106 1243 3160 τί
1270 3106 1461 3173 πάθω;
1490 3107 1718 3180 καὶγὰρ
1740 3110 1769 3163 6
1788 3108 1921 3174 Θεὸς

326 3195 546 3249 κελεύει
578 3192 751 3247 ταῦτα
775 3190 1016 3263 συνεχῶς
1048 3192 1283 3262 ἐνηχεῖν,
1327 3191 1533 3261 λέγων·
1574 3191 1918 3249 Διὰστειλαι

324 3280 407 3347 τῷ
426 3278 559 3345 ,ιαῷ
593 3280 807 3341 τούτῳ·
842 3277 938 3330 καὶ
956 3277 1117 3347 ἡμεῖς
1147 3277 1228 3339 εἰς
1255 3275 1532 3330 διακονίαν
1568 3276 1729 3346 λόγου
1760 3279 1920 3333 τετά·

325 3363 534 3434 γμεθα,
565 3362 660 3415 καὶ
698 3360 913 3432 ἀνάγκη
962 3359 1219 3431 φορτικὸν
1258 3356 1541 3423 εἶναιτοῖς
1592 3362 1913 3432 ἀκροαταῖς,

324 3451 425 3518 οὐχ
457 3446 677 3508 ἑκόντα,
712 3444 827 3497 ἀλλ’
852 3441 1319 3514 ἀναγκαζόμενον.
1350 3441 1568 3499 Μᾶλλον
1596 3443 1674 3509 δὲ,
1710 3447 1758 3499 εἰ
1790 3445 1916 3516 βού-

325 3530 509 3593 λεσθε,
544 3529 648 3583 οὐκ
676 3527 914 3598 ἐσόμεθα
936 3527 1214 3598 φορτικοί·
1252 3526 1349 3580 “Av
1378 3527 1488 3599 γὰρ
1511 3566 1525 3591 ,
1558 3529 1713 3599 φησὶ,
1756 3532 1917 3601 ποιῇς

325 3616 386 3667 τὸ
416 3612 649 3683 ἀγαθὸν,
682 3611 756 3683 μὴ
780 3610 970 3680 φοϐοῦ.
1017 3610 1181 3662 Ὥστε
1227 3609 1438 3677 ἔξεστιν
1490 3610 1619 3680 ὑμῖν
1652 3613 1727 3684 μὴ
1756 3612 1917 3683 μόνον

327 3696 404 3767 μὴ
454 3695 597 3767 μετά
653 3693 971 3764 ἀπεχθείας,
1011 3692 1151 3746 ἀλλὰ
1196 3693 1291 3746 καὶ
1345 3692 1484 3763 μετά
1521 3693 1713 3765 ἡδονῆς
1758 3690 1917 3766 ἡμῶν

323 3780 574 3836 ἀκούειν.
596 3779 719 3832 Ὅτι
752 3777 853 3847 μὲν
879 3772 972 3830 οὖν
1003 3776 1105 3829 οὐκ
1138 3774 1251 3846 ἔχει
1294 3775 1469 3840 τέλος,
1512 3775 1605 3829 καὶ
1630 3776 1660 3828 6
1681 3776 1915 3848 Χριστὸς

323 3865 649 3935 ἀπεφήνατο
672 3875 689 3889 ⁵
722 3862 817 3914 καὶ
848 3862 877 3914 6
903 3858 1113 3923 Παῦλος
1133 3859 1190 3912 δέ
1215 3876 1369 3931 φησι,
1402 3859 1618 3923 δεικνὺς
1648 3859 1917 3914 ἀθάνατον

322 3950 423 4020 τὴν
453 3947 698 4012 κόλασιν,
724 3947 806 3999 ὅτι
833 3946 884 3998 οἱ
912 3942 1324 4016 ἁμαρτάνοντες
1360 3943 1517 4013 δίκην
1545 3941 1755 3997 τίσουσι
1796 3944 1915 3998 ὄλε-

321 4031 455 4102 θρον
520 4030 739 4087 αἰώνιον
772 4030 798 4069 b
818 4045 833 4060 ·
876 4028 972 4081 καὶ
1009 4026 1192 4092 πάλιν,
1248 4024 1346 4094 Μὴ
1385 4026 1699 4081 πλανᾶσθε
1722 4044 1735 4057 ·
1772 4029 1911 4083 οὔτε

322 4119 557 4187 πρίξρνοι,
586 4117 725 4170 οὔτε
737 4132 839 4185 μοι
846 4112 962 4183 χοὶ,
982 4112 1118 4166 οὔτε
1132 4110 1395 4181 μαλακοί
1409 4111 1743 4175 ,βασιλείαν
1763 4114 1913 4169 Θεοῦ

322 4198 860 4270 κληρονομήσουσι
881 4213 895 4225 ·
922 4196 1018 4249 καὶ
1052 4193 1327 4264 Ἑϐραίοις
1345 4194 1403 4247 δὲ
1424 4196 1629 4263 ἔλεγεν·
1645 4196 1914 4267 Εἰρήνην

321 4284 566 4337 διώκετε
597 4282 748 4352 μετὰ
775 4279 1021 4334 πάντων
1068 4277 1303 4332 καὶτὸν
1327 4279 1650 4349 ἁγιασμόν,
1690 4274 1764 4335 οὗ
1798 4297 1911 4350 χω-

314 4369 417 4435 ιις
443 4366 647 4431 οὐδεὶς
682 4366 895 4435 ἅψεται
933 4363 1041 4416 τὸν
1066 4362 1306 4431 Κύριον.
1339 4363 1450 4416 Kal
1498 4364 1526 4416 6
1566 4363 1799 4434 Χριστὸς
1849 4363 1908 4417 δὲ

319 4455 428 4514 τοῖς
446 4446 751 4523 εἰρηκόσιν,
769 4449 864 4503 Ἑν
880 4445 962 4513 τῷ
978 4446 1223 4513 ὀνόματί
1235 4461 1354 4500 σου
1366 4445 1652 4518 δυνάμεις
1667 4449 1904 4514 πολλὰς

317 4533 711 4604 ἐποιήσαμεν,
737 4532 889 4604 φησί·
904 4531 1239 4601 Πορεύεσθε
1259 4531 1361 4585 ἀπ’
1399 4530 1567 4601 ἐμοῦ,
1603 4529 1904 4600 οὶέργαζό-

311 4638 486 4689 μενοι
510 4619 629 4687 τὴν
652 4618 937 4687 ἀνομίαν·
971 4618 1082 4671 οὐκ
1105 4610 1239 4670 οἶδα
1266 4614 1442 4685 ὑμᾶς.
1466 4616 1576 4669 Kal
1603 4616 1660 4670 αί
1694 4615 1900 4687 παρθέ-

317 4722 400 4757 νοι
438 4703 495 4757 δέ
532 4699 997 4765 ἀποκλεισθεῖσαι,
1038 4700 1138 4753 οὐκ
1186 4698 1268 4752 ἔτι
1312 4699 1595 4770 εἰσῆλθον·
1633 4700 1728 4753 καὶ
1774 4700 1905 4772 περὶ

318 4786 426 4839 τῶν
454 4787 530 4857 μὴ
553 4784 867 4857 θρεψάντων
886 4782 944 4836 δέ
968 4783 1132 4837 αὐτὸν
1172 4783 1362 4855 φησὶν,
1384 4782 1468 4837 ὅτι
1514 4783 1908 4838 Ἀπελεύσον-

318 4889 411 4925 ται
434 4872 524 4936 είς
552 4869 810 4922 κόλασιν
835 4867 1095 4922 αἰώνιον.

385 4973 505 5027 Kal
534 4974 610 5044 μή
645 4989 735 5043 μοι
766 4971 914 5042 λέγε·
934 4971 1046 5025 Ποῦ
1076 4973 1104 5026 6
1126 4969 1221 5025 τοῦ
1246 4971 1455 5026 δικαίου
1482 4970 1905 5042 διαφυλάττεται

314 5054 497 5126 λόγος,
527 5059 577 5108 εἰ
603 5054 679 5128 μὴ
695 5054 807 5127 ἔχει
830 5055 981 5118 τέλος
1012 5057 1046 5126 ἡ
1084 5054 1342 5122 κόλασις;
1377 5055 1550 5110 Ὅταν
1572 5058 1680 5128 γὰρ
1707 5058 1736 5107 6
1772 5056 1906 5120 Θεὸς

316 5138 620 5211 ἐργάζηται
652 5156 725 5202 τι,
777 5138 966 5192 πείθου
1008 5141 1129 5201 ταῖς
1161 5138 1491 5208 ἀποφάσεσι,
1538 5141 1634 5192 καὶ
1662 5139 1737 5210 μὴ
1767 5139 1906 5192 61:6-

316 5222 480 5276 6:30.:
504 5222 784 5292 λογισμοῖς
807 5220 1169 5293 ἀνθρωπίνοις
1192 5220 1262 5274 τά
1281 5221 1575 5293 λεγόμενα.
1610 5223 1821 5287 ’Ἄλλως
1845 5222 1904 5277 δὲ

318 5308 440 5370 πῶς
468 5306 570 5360 οὐκ
594 5305 661 5360 ἂν
700 5307 785 5376 εἴη
820 5303 1030 5357 δίκαιον
1073 5304 1167 5358 τὸν
1210 5305 1378 5376 μυρία
1412 5305 1654 5361 παθόντα
1688 5305 1810 5382 [74]
1843 5306 1904 5373 ἐξ

313 5391 494 5463 ἀρχῆς
534 5389 717 5459 ἀγαθὰ
739 5429 754 5453 ,
787 5382 910 5441 εἶτα
946 5386 1223 5450 κολάσεως
1261 5388 1389 5454 ἀξια
1432 5388 1717 5461 πράξαντα
1739 5429 1755 5455 ,
1806 5393 1903 5446 καὶ

316 5478 459 5547 μήτε
489 5475 688 5545 ἀπειλῇ
721 5476 857 5545 μήτε
892 5472 1184 5543 εὐεργεσία
1231 5472 1430 5543 βελτίω
1462 5476 1774 5546 γενόμενον,
1809 5493 1903 5531 κο-

310 5558 612 5627 mquam;
654 5559 717 5612 Εί
760 5557 871 5628 γάρ
909 5557 971 5609 τὸ
1015 5556 1231 5610 δίκαιον
1277 5555 1578 5623 ἐξετάζεις,
1618 5560 1680 5624 ἐξ
1724 5560 1902 5633 ἀρχῆς

308 5645 459 5716 ἡμᾶς
485 5642 692 5706 εὐθέως
716 5642 887 5713 ἐχρῆν
918 5639 1240 5707 ἀπολέσθαι,
1271 5640 1415 5695 κατὰ
1441 5643 1533 5695 τὸν
1559 5641 1654 5695 τοῦ
1687 5643 1898 5698 δικαίου

369 5810 397 5836 τ-
425 5807 529 5868 Reg
590 5808 666 5856 sic
722 5806 897 5883 incipit
926 5819 938 5852 :
968 5804 1039 5853 Οὐ
1098 5803 1263 5917 μικρὸν
1306 5805 1419 5866 ἡμῖν
1462 5806 1517 5854 ἐκ
1573 5811 1657 5863 τῆς
1703 5823 1898 5870 περικο-

369 5882 406 5917 ις
423 5870 590 5917 ταύτης
611 5869 806 5917 ζήτημα
827 5867 1100 5917 ανακύπτει.
1124 5867 1176 5916 ἀ)
1205 5867 1245 5915 ὰ
1263 5868 1342 5916 καὶ
1364 5869 1488 5917 περί.
1557 5866 1585 5908 1³
1608 5868 1772 5917 Υυιει..
1793 5870 1896 5917 ὀλέ-

313 5871 406 5922 ττῖῖς
423 5866 806 5935 ταύτης-ζήτημα
826 5866 1100 5930 ἆνακύπτει,
1124 5866 1245 5917 ἀλλὰ
1263 5868 1342 5916 καὶ
1364 5869 1488 5931 περί.
1557 5866 1779 5935 {Vulgq'
1793 5870 1896 5919 ὀλέ-

312 5932 438 5996 θριον
457 5932 534 5982 καῖ
560 5931 782 5981 αἰώνιον.

2036 1913 2194 1984 λόγον
2218 1925 2234 1940 ⁸
2264 1914 2466 1985 μᾶλλον
2496 1915 2552 1970 δὲ
2572 1914 2694 1970 οὐδὲ
2719 1917 2840 1971 τότε
2872 1918 3014 1972 κατά
3035 1917 3127 1971 τὸν
3150 1917 3244 1972 τοῦ
3281 1919 3493 1974 δικαίου
3534 1921 3627 1977 λό-

2031 2014 2129 2067 γον
2160 1997 2343 2069 μόνον.
2380 1998 2490 2053 Kal
2515 2000 2625 2071 γὰρ
2659 2000 2754 2055 καὶ
2785 2000 3202 2074 φιλανθρωπίαν
3238 1998 3408 2073 εἶχεν,
3443 2006 3493 2058 εί
3527 2006 3625 2061 καὶ

2030 2080 2189 2135 τοῦτο
2214 2079 2495 2152 ἐπάθομεν
2522 2082 2584 2137 τὸ
2611 2084 2917 2155 γινόμενον.
2946 2085 3116 2139 Ὅταν
3146 2087 3244 2157 μὲν
3274 2088 3384 2159 γάρ
3422 2105 3507 2153 τις
3533 2089 3629 2144 τὸν

2035 2164 2204 2237 μηδὲν
2229 2166 2535 2237 ἠδικηκότα
2562 2167 2781 2240 ὑϐρίζῃ,
2817 2168 2957 2223 κατά
2991 2171 3083 2224 τὸν
3109 2170 3206 2224 τοῦ
3232 2170 3439 2226 δικαίου
3467 2173 3627 2243 λόγον

2028 2249 2212 2305 δίδωσι
2237 2250 2428 2322 δίκην·
2475 2252 2605 2306 ὅταν
2645 2253 2703 2306 δέ
2746 2271 2830 2317 τις
2873 2252 2965 2308 τὸν
2989 2253 3311 2327 εὐεργέτην,
3349 2256 3439 2311 τὸν
3469 2257 3624 2312 οὐδὲν

2031 2334 2387 2406 προπαθόντα
2415 2336 2535 2408 μὲν,
2569 2331 2628 2391 εὖ
2658 2337 2964 2409 ποιήσαντα
2996 2338 3055 2392 δὲ
3087 2339 3292 2411 μυρία,
3330 2340 3427 2395 καὶ
3461 2341 3625 2412 μόνον

2027 2416 2123 2473 τοῦ
2162 2414 2302 2473 εἶναι
2333 2420 2627 2492 γενόμενον
2656 2420 2849 2485 αἴτιον,
2866 2422 2960 2476 καὶ
2981 2421 3116 2476 Θεὸν
3144 2422 3296 2490 ὄντα,
3325 2425 3421 2479 καὶ
3442 2425 3634 2498 ψυχὴνι

2027 2503 2438 2572 ἐμπνεύσαντα,
2474 2503 2570 2558 καὶ
2600 2504 2769 2576 μυρία
2791 2506 3184 2576 χαρισάμενον,
3221 2507 3314 2561 καὶ
3350 2508 3433 2572 εἰς
3453 2509 3620 2580 ούρα-

2022 2586 2116 2639 νὺν
2145 2586 2479 2659 βουληθέντα
2507 2587 2831 2656 ἀναγαγεῖν,
2862 2589 2914 2641 εί
2955 2587 3144 2644 τοῦτον
3182 2588 3323 2661 μετά
3352 2591 3621 2657 τοσαύτας

2027 2668 2350 2739 εὐεργεσίας
2385 2668 2462 2743 μὴ
2488 2669 2650 2741 μόνον
2685 2668 2922 2741 ὑϐρίζει,
2953 2671 3091 2725 ἀλλά
3121 2672 3217 2726 καὶ
3246 2672 3369 2727 καθ’
3402 2674 3620 2748 ἡμέραν

2028 2751 2239 2823 ὑϐρίζει
2261 2753 2333 2807 δι’
2368 2748 2444 2807 ὧν
2475 2754 2640 2820 ποιεῖ,
2667 2754 2827 2817 ποίας
2860 2754 3009 2820 ἄξιος
3048 2754 3202 2809 ἔσται
3248 2756 3625 2831 συγγνώμης

2026 2836 2139 2906 Οὐχ
2174 2838 2307 2908 ὁρᾷς
2348 2836 2467 2902 πῶς
2509 2837 2600 2892 τὸν
2646 2836 2819 2909 Ἀδὰμ
2852 2839 3079 2893 ἐκόλασε
3124 2840 3211 2894 διά
3253 2840 3383 2912 μίαν
3434 2843 3618 2915 ἁμαρ-

2024 2919 2185 2986 τίαν;
2215 2922 2346 2987 Ναὶ,
2384 2922 2539 2993 φησὶ,
2566 2922 2898 2992 παράδεισον
2930 2923 3252 2994 παρέδωκεν
3284 2925 3498 2997 ἐκείνῳ,
3522 2927 3618 2981 καὶ

2026 3003 2234 3074 πολλῆς
2281 3004 2496 3068 εὐνοίας
2543 3003 2855 3059 ἀπολαῦσαι
2890 3006 3137 3078 ἐποίησε.
3178 3008 3371 3063 Καίτοι
3404 3025 3468 3077 γε
3517 3011 3620 3066 οὐκ

2024 3085 2173 3141 ἐστιν
2215 3088 2349 3154 ίσον,
2393 3088 2578 3152 ἀδείας
2609 3087 2954 3142 ἀπολαύοντα
3007 3090 3345 3161 ἁμαρτάνειν
3366 3131 3383 3159 ,
3414 3093 3511 3146 καὶ
3556 3095 3625 3147 ἐν

2025 3170 2204 3241 θλίψει
2251 3171 2572 3227 καθεστῶτα
2623 3172 2815 3247 πολλῇ.
2845 3174 2956 3228 Kal
2988 3175 3096 3248 γὰρ
3129 3176 3190 3230 τὸ
3233 3176 3406 3232 δεινὸν
3454 3176 3627 3233 τοῦτό

2022 3254 2191 3321 ἐστιν,
2216 3254 2298 3308 ὅτι
2326 3255 2448 3309 οὐδὲ
2472 3256 2531 3309 ἐν
2559 3255 2876 3329 παραδείσῳ
2896 3256 2972 3312 ῶν
3011 3259 3372 3330 ἁμαρτάνεις,
3404 3260 3519 3315 ἀλλ’
3554 3263 3615 3315 ἐν

2017 3340 2133 3401 τοῖς
2159 3336 2376 3410 μυρίοις
2405 3338 2501 3392 τοῦ
2539 3339 2811 3410 παρόντος
2860 3339 2979 3411 βίου
3014 3344 3229 3410 κακοῖς,
3270 3342 3365 3396 καὶ
3390 3343 3511 3397 οὐδὲ
3544 3348 3614 3416 τῇ

2017 3420 2369 3496 ταλαιπωρίᾳ
2420 3421 2865 3494 σωφρονέστερος
2901 3422 3027 3496 γίνῃ
3052 3442 3066 3456 ·
3117 3424 3306 3497 ὥσπερ
3333 3426 3400 3480 ἂν
3442 3428 3497 3482 εῖ
3528 3444 3614 3492 τις

2018 3503 2302 3575 δεδεμένος
2332 3505 2512 3575 χρῷτο
2533 3507 2600 3576 τῇ
2630 3506 2888 3577 πονηρίᾳ.
2932 3507 3024 3561 Σοὶ
3058 3507 3116 3561 δέ
3151 3509 3243 3562 καὶ
3279 3510 3611 3581 παραδείσου

2022 3585 2249 3656 μείζονα
2279 3587 2645 3659 ἐπηγγείλατο
2669 3604 2683 3617 ·
2718 3590 2811 3643 καὶ
2843 3587 2969 3642 οὐτε
3001 3589 3199 3644 ἔδωκεν
3233 3593 3336 3663 ἤδη
3359 3635 3373 3657 ,
3412 3593 3499 3648 ἵνα
3530 3594 3606 3667 μή

2025 3682 2085 3721 σε
2117 3669 2308 3741 διαχέῃ
2337 3672 2397 3724 ἐν
2425 3668 2504 3741 τῷ
2531 3670 2709 3742 καιρῷ
2745 3672 2852 3726 τῶν
2879 3671 3104 3742 ἀγώνων
3124 3712 3140 3738 ,
3174 3673 3297 3728 οὔτε
3328 3676 3606 3748 ἐσίγησεν,

2019 3752 2105 3807 ἵνα
2130 3755 2204 3825 μή
2229 3771 2287 3806 σε
2307 3754 2669 3828 καταϐάλ[λ]ῃ
2697 3759 2810 3820 τοῖς
2838 3750 3321 3823 πόνοις.Κάκεῖνος
3348 3760 3447 3831 μέν
3478 3762 3608 3832 μίαν

2017 3836 2294 3911 ἁμαρτίαν
2319 3838 2601 3912 ἁμαρτὼν,
2635 3841 2869 3895 θάνατον
2905 3841 3200 3915 ὁλόκληρον
3232 3844 3604 3911 ἐπεσπάσατο,

2015 3923 2176 4004 ἡμεῖς
2203 3921 2260 3974 δὲ
2286 3921 2457 3994 μυρία
2482 3923 2606 3977 καθ’
2641 3924 2882 3994 ἑκάστην
2912 3926 3130 3997 ἡμέραν
3151 3925 3604 4004 πλημμελοῦμεν.

2015 4004 2079 4056 Εἰ
2106 4002 2163 4056 δὲ
2187 4004 2318 4073 μίαν
2338 4004 2717 4076 ἐργασάμενος
2745 4009 2955 4071 ἐκεῖνος
2980 4009 3234 4062 τοσοῦτον
3253 4002 3607 4065 ἐπεσπάσατο

2015 4087 2206 4151 κακὸν,
2229 4089 2323 4141 καὶ
2345 4088 2577 4143 θάνατον
2605 4090 2946 4160 εἰσήνεγκεν·
2975 4092 3027 4143 οί
3048 4090 3315 4161 διηνεκῶς
3344 4094 3403 4146 ἐν
3424 4094 3602 4164 ἀμαρ-

2012 4170 2220 4241 τήμασι
2252 4170 2475 4237 ζῶντες,
2507 4171 2561 4224 τί
2582 4171 2644 4225 οὐ
2679 4173 3003 4244 πεισόμεθα,
3038 4174 3087 4227 οἱ
3122 4174 3245 4228 ἀντὶ
3269 4176 3603 4247 παραδείσου

2012 4252 2105 4305 τὸν
2143 4252 2371 4324 οὐρανὸν
2424 4254 2870 4325 προσδοκῶντες;
2913 4258 3175 4328 Φορτικὺς
3217 4260 3246 4312 6
3293 4258 3472 4328 λόγος,
3506 4260 3602 4313 καὶ

2012 4336 2176 4389 λυπεῖ
2203 4337 2295 4391 τὸν
2330 4338 2609 4410 ἀκροατήν
2627 4355 2641 4369 ·
2670 4339 2766 4393 xal
2794 4338 2851 4406 ἐξ
2878 4333 2953 4393 ὧν
2986 4341 3150 4406 αὐτὸς
3195 4342 3410 4414 πάσχω,
3441 4342 3602 4397 τοῦτο

2012 4415 2130 4473 οἶδα
2150 4436 2163 4448 ·
2206 4420 2301 4474 καὶ
2340 4421 2502 4493 γάρὴ
2533 4422 2733 4493 καρδία
2764 4440 2866 4494 μου
2895 4425 3228 4495 ταράττεται
3254 4426 3347 4478 καὶ
3380 4425 3595 4479 πάλλει·

2010 4504 2105 4557 καὶ
2128 4503 2237 4575 ὅσῳ
2271 4503 2337 4557 ἂν
2377 4503 2471 4557 ῐδω
2511 4505 3056 4577 κατασκευαζόμενον
3102 4507 3195 4560 τὸν
3242 4509 3343 4577 τῆς
3373 4507 3599 4579 γεέννης

2009 4584 2189 4655 λόγον,
2214 4587 2459 4659 τοσούτῳ
2493 4589 2692 4658 μᾶλλον
2713 4589 2905 4661 τρέμω
2934 4588 3027 4643 xal
3053 4588 3350 4661 ἀναδύομαι
3368 4590 3445 4661 τῷ
3466 4591 3595 4647 δέει.

2021 4670 2162 4724 Ἀλλ’
2190 4671 2402 4743 ἀνάγκη
2427 4671 2601 4726 ταῦτα
2633 4672 2836 4741 λέγειν,
2876 4673 2964 4727 ἵνα
2992 4673 3065 4745 μὴ
3094 4676 3482 4746 περιπέσωμεν
3528 4679 3598 4748 τῇ

2008 4756 2224 4827 γεέννῃ.
2281 4755 2395 4808 Οὐκ
2427 4753 2620 4820 ἔλαϐες
2673 4756 2739 4810 σὺ
2800 4757 3131 4828 παράδεισον
3166 4758 3288 4813 οὐδὲ
3338 4757 3470 4823 ξύλα
3503 4762 3600 4814 καὶ
3676 4788 3681 4793 ~

2009 4839 2172 4907 φυτὰ,
2209 4837 2325 4892 ἀλλ’
2357 4839 2589 4911 οὐρανὸν
2625 4839 2720 4893 καὶ
2745 4839 2816 4893 τά
2858 4843 2917 4893 ἐν
2955 4844 3069 4904 τοῖς
3107 4842 3357 4910 οὐρανοῖς
3387 4842 3595 4912 ἀγαθά.

2009 4922 2072 4974 Εἰ
2102 4920 2160 4975 δὲ
2182 4923 2211 4975 ὁ
2232 4921 2444 4976 ἐλάττω
2470 4920 2652 4976 λαϐὼν
2683 4923 3076 4996 κατεδικάσθη,
3111 4925 3205 4979 καὶ
3225 4926 3403 4990 οὐδεὶς
3430 4927 3595 4981 αὐτὸν

2005 5006 2239 5071 ἐξείλετο
2263 5006 2444 5075 λόγος,
2477 5007 2658 5078 πολλῷ
2691 5007 2891 5078 μᾶλλον
2925 5010 3084 5081 ἡμεῖς
3105 5011 3157 5061 οἱ
3177 5009 3397 5064 πλείονα
3413 5011 3596 5082 όιμαρ⁴

2002 5092 2260 5155 τάνοντες
2286 5094 2382 5146 καὶ
2422 5092 2515 5145 ἐπὶ
2562 5090 2778 5162 μείζοσι
2820 5092 3172 5164 κεκλημένοι,
3213 5094 3282 5147 τά
3314 5094 3601 5166 ἀνήκεστα.

2006 5173 2409 5245 ὑπομενοῦμεν.
2464 5174 2749 5245 Ἐννόησον
2802 5174 2935 5245 γοῦν
2982 5176 3149 5230 πόσον
3196 5176 3385 5249 χρόνον
3425 5179 3483 5233 ἐν
3514 5178 3601 5248 τῷ

2005 5257 2223 5330 θανάτῳ
2259 5259 2412 5330 μένει
2442 5258 2529 5312 διὰ
2561 5259 2690 5330 μίαν
2715 5260 2994 5332 ἁμαρτίαν
3022 5260 3083 5314 τὸ
3109 5261 3264 5330 γένος
3296 5262 3357 5315 τὸ
3386 5262 3591 5334 ἡμέτε-

2006 5360 2117 5415 ρον.
2173 5343 2596 5415 Πεντακισχίλια
2629 5343 2723 5416 ἐτη
2764 5345 2857 5398 καὶ
2902 5344 3072 5398 πλείω
3105 5344 3351 5417 παρῆλθε
3381 5389 3395 5412 ,
3434 5345 3532 5401 καὶ
3562 5347 3594 5400 6

2003 5425 2232 5490 θάνατος
2265 5426 2480 5480 οὐδέπω
2505 5426 2727 5482 λέλυται
2748 5427 2837 5481 διὰ
2864 5429 2995 5499 μίαν
3021 5428 3316 5501 ἁμαρτίαν.
3337 5429 3446 5482 Kal
3469 5429 3592 5482 οὐδὲ

2001 5509 2201 5581 ἔχομεν
2229 5510 2424 5575 εἰπεῖν,
2449 5511 2531 5564 ὅτι
2568 5510 2863 5583 προφητῶν
2894 5512 3127 5584 ἤκουσεν
3158 5515 3186 5567 6
3228 5513 3398 5581 ’Δδάμ
3417 5552 3431 5571 ,
3466 5510 3591 5564 οὐδὲ

2001 5593 2084 5647 ὅτι
2106 5593 2199 5647 ἐπὶ
2240 5594 2633 5665 ἁμαρτήμασιν
2656 5594 2876 5665 ἐτέρους
2909 5595 3309 5667 κολαζομένους
3334 5591 3463 5657 εἶδε,
3494 5594 3595 5646 καὶ

2000 5677 2307 5750 φοϐηθῆναι
2337 5678 2587 5731 ἐντεῦθεν
2616 5678 2779 5732 αὐτὸν
2805 5678 2952 5742 εἰκὸς
2973 5675 3062 5750 ἦν,
3088 5681 3182 5733 καὶ
3209 5679 3360 5748 αὐτῷ
3385 5676 3463 5747 τῷ
3489 5692 3590 5730 πα-

2003 5761 2323 5833 ραδείγματι
2361 5762 2836 5833 σωφρονισθῆναι·
2857 5762 3081 5834 πρῶτος
3107 5758 3309 5833 γὰρῆν
3337 5762 3459 5814 τότε
3492 5762 3589 5814 καὶ

2003 5843 2185 5913 μόνος,
2217 5840 2330 5896 ἀλλ’
2372 5846 2522 5914 ὅμως
2565 5846 2908 5916 ἐτιμωρεῖτο.
2945 5846 3017 5898 Σὺ
3062 5845 3122 5898 δέ
3153 5846 3306 5899 οὐδὲν
3335 5845 3403 5899 ἂν
3439 5844 3586 5915 ἔχοις

1998 5926 2203 5982 τούτων
2236 5927 2623 5999 προϐαλέσθαι,
2654 5930 2682 5981 6
2708 5928 2846 5998 μετά
2876 5926 3112 5984 τοσαῦτα
3155 5928 3580 6002 παραδείγματα
