4086 6502
455 337 528 393 77
1158 329 1224 386 S.
1261 326 1551 384 .IOANNIS
1585 318 2082 380 CIIBYSOSTOMI
2122 318 2442 376 ARCIHEP.
2484 316 3034 375 CONSTANTINOP.
3642 315 3716 374 78

452 450 745 523 γενόμενος
791 445 1009 518 χείρων,
1043 444 1071 498 6
1096 442 1351 495 τοσούτου
1394 438 1754 504 καταξιωθεὶς
1783 436 2031 507 Πνεύμαο

451 560 565 608 τος,
591 541 685 595 καὶ
714 538 775 591 ού
825 538 954 608 μίαν
981 535 1104 589 οὐδὲ
1144 534 1238 589 δύο
1290 536 1385 588 καὶ
1431 534 1604 604 τρεῖς,
1638 531 1775 585 ἀλλὰ
1834 530 2035 602 μυρίας

453 632 816 702 ἐφελκόμενος
841 627 1134 700 ἁμαρτίας.
1162 626 1253 695 Μὴ
1278 625 1408 696 γὰρ,
1435 625 1517 678 ὅτι
1554 626 1612 678 ὲν
1640 626 1779 697 ῥοπῇ
1808 622 2040 695 βραχείᾳ

457 720 572 796 [75]
604 721 675 775 τὰ
701 719 1077 791 ἁμαρτήματα
1108 717 1341 787 γίνεται,
1369 714 1527 769 τοῦτο
1557 716 1786 779 σκόπει,
1827 713 1922 768 καὶ
1951 713 2039 766 διὰ

453 810 614 865 τοῦτο
652 809 747 863 καὶ
789 807 888 880 τὴν
922 806 1143 860 κόλασιν
1175 805 1349 878 ῥοπῆς
1371 801 1509 858 εἶναι
1536 802 1743 875 νόμιζε.
1768 802 1879 871 Οὑχ
1907 801 2040 872 ὁρᾷς

454 905 583 966 τοὺς
606 899 948 974 ἀνθρώπους,
977 899 1027 952 οἳ
1068 898 1329 963 πολλάκις
1378 898 1518 969 ὑπὲρ
1553 898 1681 967 μιᾶς
1713 896 1919 964 κλοπῆς
1947 893 2040 946 καὶ

462 996 590 1067 μιᾶς
623 991 867 1065 μοιχείας
893 993 949 1045 ὲν
984 994 1155 1064 μικρᾷ
1187 993 1325 1063 ῥοπῇ
1364 1002 1388 1031 ι
1421 989 1713 1061 γινομένης
1746 990 1803 1040 ὲν
1824 986 2039 1059 δεσμω-

458 1079 669 1151 τηρίοις
694 1077 789 1131 καὶ
815 1075 1100 1148 μετάλλοις
1128 1074 1424 1146 ὁλόκληρον
1456 1072 1636 1127 αὐτῶν
1659 1071 1752 1125 τὸν
1782 1069 1895 1141 βίον
1947 1070 2041 1122 ἀν-

457 1171 697 1237 άλωσαν,
722 1166 866 1239 λιμῷ
902 1167 1140 1240 διηνεκεῖ
1164 1167 1257 1220 καὶ
1282 1166 1496 1237 μυρίοις
1522 1164 1842 1226 παλαίοντες
1874 1160 2038 1215 θανά-

455 1278 609 1326 τοις;
662 1260 755 1314 καὶ
803 1258 977 1323 οὐδεὶς
1022 1258 1223 1321 αὐτοὺς
1260 1256 1496 1321 ἐξείλετο
1549 1254 1670 1308 οὐδὲ
1710 1249 1903 1316 εἶπεν,
1957 1251 2041 1304 ὅτι

459 1352 654 1426 ἐπειδὴ
687 1353 716 1394 δ
756 1351 816 1406 ἐν
851 1350 1081 1424 βραχείᾳ
1122 1347 1313 1422 καιροῦ
1348 1351 1488 1421 ῥοπῇ
1527 1348 1587 1402 16
1615 1346 1923 1418 ἁμάρτημα
1952 1344 2044 1413 γέ-

459 1461 610 1515 γονε,
633 1443 714 1497 δεῖ
739 1443 836 1497 καὶ
854 1442 954 1513 τὴν
979 1441 1201 1495 κόλασιν
1232 1439 1560 1513 ἀντίρροπον
1589 1442 1655 1511 τῇ
1677 1437 1924 1509 ἁμαρτίᾳ
1949 1434 2043 1489 καὶ

460 1534 555 1589 τὸν
573 1533 764 1604 χρόνον
796 1531 958 1602 ἔχειν.

538 1627 603 1698 β’.
622 1624 762 1679 Ἀλλ’
780 1623 877 1679 ἄνθ
887 1639 1079 1697 ρωποι,
1094 1622 1277 1694 φησιν,
1293 1622 1451 1688 εἰσὶν,
1464 1622 1513 1676 οί
1544 1621 1719 1677 ταῦτα
1737 1621 2037 1686 ποιοῦντες,

463 1721 493 1772 6
529 1718 590 1774 δὲ
613 1716 746 1781 Θεὸς
780 1714 1162 1787 φιλάνθρωπός
1196 1717 1335 1769 ἔστι.
1382 1714 1606 1787 Πρῶτον
1659 1716 1758 1787 μὲν
1793 1711 1885 1769 οὖν
1922 1713 2043 1768 οὐδὲ

464 1805 743 1878 ἄνθρωποι
777 1803 1023 1876 ὠμότητι
1059 1802 1234 1858 ταῦτα
1271 1804 1628 1875 πράττουσιν,
1673 1805 1809 1860 ἀλλά
1858 1804 2051 1875 φιλανι-

466 1898 717 1971 θρωπίᾳ·
761 1895 858 1951 καὶ
897 1897 925 1949 6
955 1894 1088 1960 Θεὸς
1124 1894 1201 1963 δὲ,
1232 1892 1421 1967 ὥσπερ
1467 1896 1585 1948 ἐστὶ
1615 1882 1998 1966 φιλάνθρωπος
2026 1934 2041 1959 ,

466 1989 609 2045 οὕτω
641 1988 736 2043 καί¹
767 1986 1122 2058 ἐπεξέρχεται
1142 2002 1156 2017 ·
1190 1986 1331 2041 κατά
1354 1986 1464 2059 γάρ
1493 1986 1555 2040 τὸ
1585 1986 1733 2050 ἕλεος
1755 1985 1918 2041 αὐτοῦ
1947 2003 2043 2039 πο-

464 2083 563 2146 λὺς
586 2082 679 2136 καὶ
708 2082 737 2135 6
762 2080 983 2151 ἐλεγχος
1009 2076 1198 2133 αὐτοῦ.
1236 2079 1407 2133 Ὅταν
1433 2075 1526 2133 οὖν
1555 2080 1714 2150 εἴπῃς
1742 2077 2046 2148 φιλάνθρω-

468 2193 570 2229 πον
589 2174 680 2228 τὸν
704 2172 865 2238 Θεὸν,
884 2173 1006 2225 τότε
1040 2170 1265 2243 μείζονά
1298 2188 1390 2242 μοι
1421 2172 1598 2240 λέγεις
1638 2173 1737 2242 τῆς
1774 2170 2049 2235 κολάσεως

464 2268 567 2339 τὴν
594 2264 867 2337 ἀφορμὴν,
901 2265 983 2318 ὅτι
1010 2266 1090 2328 είς
1119 2262 1356 2318 τοιοῦτον
1385 2263 1793 2336 ἁμαρτάνομεν.
1832 2263 1923 2316 Διὸ
1956 2264 2049 2317 καὶ

467 2360 497 2411 6
530 2357 742 2420 Παῦλος
774 2356 948 2425 ἔλεγε·
979 2353 1240 2423 Φοϐερὸν
1275 2355 1342 2408 τὸ
1378 2353 1669 2424 ἐμπεσεῖν
1724 2355 1808 2419 είς
1848 2353 2050 2423 χεῖρας

471 2449 620 2504 Θεοῦ
677 2446 911 2513 ζῶντος.
966 2445 1313 2517 Ἀνάσχεσθε,
1364 2445 1697 2516 παρακαλῶ,
1736 2445 1836 2517 τῆς
1868 2445 2053 2516 πυρᾶς

467 2543 578 2597 τῶν
613 2541 904 2614 ῥημάτιον·
934 2538 1065 2604 ἴσως
1098 2538 1386 2619 γὰρηίσως
1420 2538 1572 2592 ἔσται
1598 2555 1683 2602 τις
1707 2538 1835 2608 ύμῖν
1864 2534 2051 2590 ἐντεῦ-

470 2632 564 2687 θεν
597 2630 942 2705 παραμυθία.
974 2630 1071 2693 Τίς
1094 2629 1399 2701 ἀνθρώπων
1437 2629 1663 2685 δύναται
1703 2628 1929 2684 κολάσαι
1956 2627 2051 2681 ού-

467 2741 596 2789 τως,
621 2724 697 2789 ὡς
723 2722 981 2777 ἐκόλασεν
1018 2721 1214 2788 ὁΘεὸς,
1255 2721 1641 2793 κατακλυσμὸν
1681 2722 1919 2793 ποιήσας
1957 2720 2053 2775 καὶ

470 2814 849 2887 πανωλεθρίαν
866 2813 1125 2869 τοσούτου
1149 2814 1362 2883 γένους,
1387 2814 1482 2869 καὶ
1512 2814 1651 2886 μετὰ
1674 2813 1868 2886 μικρὸν
1890 2813 2052 2868 πάλιν

473 2905 586 2981 πῦρ
616 2907 823 2961 ἄνωθεν
860 2905 1080 2977 βρέξας,
1119 2905 1215 2960 καὶ
1260 2904 1471 2969 πάντας
1524 2905 1693 2977 ἄρδην
1746 2904 2050 2975 ἀφανίσας;

472 3000 608 3053 ποία
632 2996 934 3069 ἀνθρώπων
971 2996 1212 3069 τιμωρία
1240 2997 1466 3052 δύναται
1500 2993 1640 3052 εἶναι
1663 2997 1886 3070 τοιαύτη
1905 3016 1920 3065 ;
1941 3000 2055 3070 Οὐχ

472 3091 606 3163 ὁρᾷς
635 3089 905 3144 ἀθάνατον
931 3087 1117 3159 σχεδὸν
1145 3089 1239 3143 καὶ
1278 3089 1377 3161 τὴν
1411 3089 1661 3143 ἐντεῦθεν
1698 3089 1923 3143 κόλασιν
1963 3083 2056 3143 οὗ·

477 3199 610 3249 σαν;
647 3179 1071 3253 Τετρακισχίλια
1099 3178 1195 3251 ἔτη
1219 3179 1490 3253 παρῆλθε,
1515 3179 1611 3234 καὶ
1634 3183 1667 3252 ἡ
1692 3180 1933 3250 τιμωρία
1962 3178 2057 3251 μέ-

476 3288 559 3325 νει
586 3268 693 3324 τῶν
726 3267 1033 3339 Σοδομιτῶν
1064 3268 1409 3340 ἀκμάζουσα.
1436 3268 1648 3339 Ὠσπερ
1671 3270 1780 3340 γὰρ
1807 3270 1840 3340 ἡ
1871 3268 2059 3339 φιλαν-

478 3359 694 3431 θρωπία
718 3357 883 3414 αὐτοῦ
912 3359 1149 3430 μεγάλη,
1175 3357 1317 3413 οὕτω
1347 3359 1444 3413 καὶ
1472 3361 1506 3430 ἡ
1535 3359 1775 3424 κόλασις.
1815 3362 1927 3415 Καὶ
1948 3361 2057 3431 γὰρ

478 3453 529 3506 εί
555 3452 651 3523 μὲν
687 3451 922 3521 φορτικά
953 3468 1074 3504 τινα
1103 3449 1334 3517 ἐπέταξε
1376 3450 1473 3504 καὶ
1517 3450 1777 3517 ἀδύνατα,
1815 3452 1947 3517 ἴσως
1990 3451 2057 3507 ἀν

476 3560 560 3607 τις
592 3539 702 3614 εἶχε
736 3543 837 3615 τὴν
870 3542 1161 3597 δυσκολίαν
1204 3541 1577 3615 προϐαλέσθαι
1613 3543 1723 3599 τῶν
1760 3545 1977 3617 νόμων·
2008 3547 2058 3599 εί

478 3635 535 3689 δὲ
571 3635 774 3706 σφόδρα
818 3636 1011 3707 ῥᾷστα,
1047 3636 1100 3688 τί
1123 3635 1189 3689 ἂν
1221 3635 1443 3707 ἔχοιμεν
1468 3638 1642 3691 εἰπεῖν
1679 3636 1815 3709 μηδὲ
1853 3637 2060 3692 τούτων

480 3725 797 3796 ποιούμενοι
812 3726 1005 3793 λόγον;
1035 3726 1349 3795 Νηστεῦσαι
1379 3727 1438 3779 οὐ
1470 3727 1719 3791 δύνασαι,
1768 3728 1890 3783 οὐδὲ
1921 3745 2059 3800 παρ-

482 3815 663 3872 θενίαν
685 3815 957 3886 ἀσκῆσαι;
981 3815 1174 3871 Καίτοι
1200 3833 1264 3885 γε
1291 3817 1542 3881 δύνασαι,
1589 3817 1689 3871 ὲάν
1721 3819 1915 3891 θέλῃς,
1967 3819 2060 3873 καὶ

481 3906 883 3977 κατηγοροῦσιν
928 3906 1086 3977 ἡμῶν
1119 3908 1169 3960 οί
1213 3906 1571 3979 δυνηθέντες·
1627 3908 1744 3963 ἀλλ’
1770 3911 1921 3980 ὅμως
1962 3909 2061 3963 οὐκ

481 3997 754 4069 ἐχρήσατο
781 3997 952 4069 ταύτῃ
976 3997 1113 4070 πρὸς
1138 3998 1286 4069 ἡμᾶς
1312 4001 1340 4053 6
1371 3998 1503 4063 Θεὸς
1534 4002 1603 4072 τῇ
1640 4001 1921 4072 ἀκριϐείᾳ,
1940 4001 2061 4056 οὐδὲ

482 4089 711 4154 ἐπέταξε
736 4088 907 4143 ταῦτα
938 4090 1059 4143 οὐδὲ
1085 4090 1498 4163 ἐνομοθέτησεν,
1533 4092 1650 4145 ἀλλ’
1679 4093 1893 4163 ἀφῆκεν
1924 4088 2063 4147 εἶναι

480 4182 580 4254 τὴν
608 4182 819 4252 αἵρεσιν
847 4183 906 4236 ὲν
931 4185 997 4253 τῇ
1032 4181 1228 4256 γνώμῃ
1257 4183 1366 4238 τῶν
1397 4184 1734 4238 ἀκουόντων·
1766 4186 2065 4256 σωφρονεῖν

483 4275 539 4328 δὲ
571 4276 630 4327 ὲν
658 4274 821 4345 γάμῳ
847 4273 1095 4339 δύνασαι,
1139 4276 1234 4328 καὶ
1274 4274 1349 4344 μὴ
1388 4273 1609 4345 μεθύειν
1633 4274 1881 4329 δύνασαι.
1911 4274 2064 4346 Χρή-

490 4384 638 4439 ματα
665 4367 900 4422 κενῶσαι
926 4366 987 4420 οὐ
1018 4366 1246 4422 δύνασαι
1265 4368 1474 4432 πάντα;
1506 4367 1696 4421 Καίτοι
1721 4385 1785 4438 γε
1815 4368 2064 4430 δύνασαι,

488 4459 583 4513 καὶ
615 4458 868 4532 δηλοῦσιν
899 4460 949 4513 οἱ
981 4459 1352 4531 ἐργασάμενοι
1371 4476 1385 4489 ·
1414 4458 1527 4511 ἀλλ’
1564 4461 1714 4530 ὅμως
1758 4460 1880 4514 οὐδὲ
1907 4461 2067 4514 τοῦτο

486 4549 767 4616 ἐπέταξεν,
792 4547 928 4603 ἀλλά
960 4548 1034 4620 μὴ
1066 4546 1333 4619 ἁρπάζειν
1358 4547 1632 4613 ἐκέλευσε,
1658 4548 1752 4601 καὶ
1773 4548 1837 4601 ὲκ
1854 4548 1961 4601 τῶν
1989 4548 2068 4601 ὂν-

486 4659 595 4699 των
615 4643 727 4702 τοῖς
750 4638 1025 4711 δεομένοις
1076 4640 1410 4708 ἐπικουρεῖν.
1446 4638 1510 4691 Εἰ
1544 4638 1602 4692 δὲ
1645 4638 1795 4707 λέγοι
1831 4655 1915 4703 τις
1936 4680 1952 4705 ,
1985 4639 2067 4693 ὅτι

488 4733 623 4787 Οὐδὲ
648 4733 715 4802 τῇ
745 4730 964 4799 γυναικὶ
992 4729 1150 4801 μόνον
1195 4727 1532 4799 ἀρκεσθῆναι
1566 4726 1841 4799 δύναμαι,
1883 4730 2071 4801 ἀπατᾷ

489 4820 680 4881 ἑαυτὸν
705 4822 800 4873 καὶ
832 4818 1290 4890 παραλογίζεται·
1328 4817 1422 4869 καὶ
1444 4815 1848 4888 κατηγοροῦσιν
1886 4818 1934 4869 οί
1959 4835 2069 4887 χω-

492 4916 576 4986 ρὶς
604 4911 864 4982 γυναικὸς
900 4909 1329 4983 σωφρονοῦντες.
1360 4910 1425 4962 Τί
1455 4908 1532 4976 δὲ,
1561 4909 1684 4962 εἰπέ
1719 4925 1832 4979 μοι,
1861 4908 1937 4981 μὴ
1961 4909 2070 4964 λοι-

489 5002 762 5075 δορεῖσθαι
797 5001 857 5055 ού
909 4999 1178 5068 δύνασαι;
1224 4999 1301 5073 μὴ
1331 5000 1676 5072 καταρᾶσθαι
1705 5002 1767 5055 οὐ
1804 5001 2067 5067 δύνασαι;

491 5096 605 5151 Καὶ
640 5094 746 5166 μὴν
779 5094 839 5148 τὸ
873 5091 1050 5147 ταῦτα
1078 5096 1253 5147 ποιεῖν
1286 5094 1570 5167 φορτικὸν,
1594 5094 1654 5146 οὐ
1678 5092 1741 5146 τὸ
1769 5093 1846 5165 μὴ
1871 5096 2067 5148 ποιεῖν.

492 5184 662 5240 Ποίαν
684 5179 777 5238 οὖν
798 5183 992 5255 ἔχομεν
1016 5184 1341 5253 ἀπολογίαν,
1373 5183 1443 5237 τὰ
1471 5184 1612 5238 οὕτω
1642 5183 1821 5254 κοῦφα
1843 5186 1935 5239 καὶ
1978 5184 2038 5239 εύ
2056 5211 2073 5224 ·

494 5276 627 5329 κολα
675 5273 749 5346 μὴ
793 5273 1194 5343 φυλάττοντες;
1227 5275 1342 5327 Οὐκ
1382 5273 1528 5327 ἔστιν
1574 5275 1748 5329 εἰπεῖν
1796 5276 2070 5347 οὐδεμίαν.

498 5367 621 5421 Ὅτι
658 5367 756 5443 μὲν
777 5361 871 5420 οὖν
894 5365 1217 5436 ἀθάνατοςὴ
1254 5365 1495 5431 κόλασις,
1522 5368 1588 5419 ὲκ
1624 5365 1732 5420 τῶν
1769 5369 2075 5440 εἰρημένων

498 5460 757 5521 ἁπάντων
782 5459 971 5529 δῆλον·
1008 5457 1197 5529 ἐπειδὴ
1232 5458 1289 5514 δὲ
1325 5459 1474 5512 δοκεῖ
1505 5475 1617 5515 τισι
1640 5459 1702 5512 τὸ
1738 5460 1832 5514 τοῦ
1859 5461 2074 5515 Παύλου

502 5552 654 5627 ῥῆμα
685 5549 1053 5612 ἀντιπίπτειν,
1079 5551 1211 5620 φέρε
1240 5550 1334 5611 καὶ
1365 5550 1496 5608 αὐτὸ
1523 5552 1929 5623 καταμάθωμεν
1950 5554 2078 5623 ἀγα-

500 5644 685 5711 γόντες
721 5643 801 5705 εἰς
850 5639 1034 5710 μέσον.
1086 5639 1272 5695 Εἰπὼν
1302 5639 1432 5711 γὰρ,
1464 5642 1539 5701 Εἴ
1574 5659 1739 5707 τινος
1784 5643 1851 5698 τὸ
1899 5644 2080 5714 ἔργον

501 5732 685 5800 μένει,
717 5729 1218 5800 ὄὲπῳκοδόμησε,
1258 5729 1374 5803 [76]
1394 5732 1618 5800 μισθὸν
1653 5733 1913 5802 λήψεται
1938 5752 1950 5766 ·
1981 5735 2075 5790 καί

567 5830 581 5853 ³
606 5831 866 5895 ιεεεὸαηιτ
904 5834 951 5884 ἐν
975 5839 1058 5901 μιᾷ
1081 5835 1221 5900 ῥοπῇ.
1286 5833 1333 5903 ,δ
1358 5836 1533 5889 Deerat
1558 5835 1738 5899 ἐπειδή.

2140 435 2197 488 ετ
2243 451 2408 501 τινος
2452 434 2519 488 τὸ
2544 434 2724 502 ἔργον
2752 430 3192 499 κατακαήσεται
3215 472 3230 497 ,
3266 430 3720 500 ζημιωθήσεται,

2140 527 2448 599 ἐπήγαγεν·
2480 525 2674 592 Αὐτὸς
2711 526 2780 579 δὲ
2803 523 3164 590 σωθήσεται,
3199 521 3354 576 οὕτω
3394 521 3464 576 δὲ
3501 522 3584 588 ὡς
3620 522 3723 576 διὰ

2138 620 2349 687 πυρός.
2372 619 2438 672 Τί
2472 613 2564 673 οὖν
2595 618 2661 673 ἂν
2688 619 2937 689 εἴποιμεν
2963 616 3100 688 1:96;
3120 615 3314 679 105:0;
3347 615 3724 686 Σκοπήσωμεν

2138 710 2404 782 πρότερον
2427 708 2510 772 τίς
2535 710 2682 762 ἐστιν
2707 709 2737 759 6
2768 706 3044 778 θεμέλιος,
3076 705 3171 759 καὶ
3195 705 3276 769 τίς
3302 706 3331 758 6
3362 705 3586 776 χρυσὸς,
3623 704 3724 758 καὶ

2137 803 2282 867 τίνες
2314 803 2364 855 οί
2391 801 2528 856 λίθοι
2571 802 2620 854 οἱ
2648 800 2841 871 τίμιοι,
2868 800 2967 853 καὶ
2995 798 3080 862 τίς
3119 799 3149 851 6
3179 797 3403 869 χόρτος,
3437 798 3533 850 καὶ
3566 798 3650 860 τίς
3677 798 3716 869 ἡ

2139 896 2384 966 καλάμη.
2415 895 2520 948 Τὸν
2552 893 2651 963 μὲν
2676 888 2768 947 οὖν
2803 891 3052 964 θεμέλιον
3090 889 3343 961 φανερῶς
3394 889 3554 952 αὐτὸς
3596 889 3724 961 ἐδή-

2138 990 2312 1042 λωσεν
2332 988 2459 1041 ὅντα
2478 986 2569 1042 τὸν
2589 984 2823 1055 Χριστὸν
2850 984 3020 1039 εἰπών
3039 1000 3051 1012 ·
3082 984 3369 1053 Θεμέλιον
3390 983 3499 1052 γὰρ
3525 981 3726 1037 ἄλλον

2140 1079 2338 1146 οὐδεὶς
2367 1078 2617 1132 δύναται
2645 1076 2833 1131 θεῖναι
2867 1076 3027 1146 παρὰ
3047 1076 3155 1130 τὸν
3175 1076 3454 1146 κείμενον
3471 1115 3487 1141 ,
3534 1075 3721 1145 φησιν,

2143 1169 2211 1237 ὅς
2242 1171 2372 1225 ἐστι
2405 1168 2660 1238 Χριστὸς
2699 1167 2958 1238 Ἰησοῦς.
3001 1169 3063 1222 Ἦ
3100 1167 3159 1221 δὲ
3196 1167 3453 1238 οίκοδομὴ
3494 1164 3726 1238 πράξεις

2143 1264 2269 1333 ἐμοὶ
2291 1261 2538 1315 δοκοῦσιν
2561 1259 2719 1315 εἶναι.
2753 1262 2944 1315 Καίτοι
2986 1260 3051 1329 γέ
3081 1260 3227 1324 τινές
3272 1276 3456 1331 φασιν,
3495 1261 3577 1313 ὅτι
3627 1261 3726 1314 καὶ

2142 1355 2274 1411 αὐτὸ
2309 1354 2469 1409 τοῦτο
2496 1355 2625 1426 περὶ
2660 1354 2997 1409 διδασκάλων
3042 1354 3256 1425 εἴρηται
3307 1352 3401 1406 καὶ
3437 1351 3721 1424 μαθητῶν,

2145 1450 2239 1505 καὶ
2284 1448 2415 1520 περλ⁵
2460 1446 2726 1518 αἱρέσεων
2756 1444 3195 1517 διεφθαρμένων·
3249 1443 3366 1498 ἀλλ’
3400 1444 3430 1496 6
3476 1443 3634 1511 λόγος
3658 1443 3723 1496 οὗ

2144 1540 2530 1613 παραδέχεται.
2564 1539 2627 1592 El
2666 1538 2776 1610 γάρ
2813 1537 2970 1591 τοῦτό
3006 1539 3149 1602 ἐστι,
3182 1537 3300 1601 πῶς
3326 1536 3388 1592 τὸ
3435 1535 3534 1605 μὲν
3562 1535 3726 1605 ἔργον

2144 1630 2460 1693 ἀπόλλυται,
2478 1631 2507 1682 6
2534 1628 2591 1682 δὲ
2620 1628 2915 1699 οἰκοδομῶν
2941 1626 3244 1698 σωθήσεται
3263 1625 3367 1680 κᾶν
3392 1625 3480 1679 διά
3514 1624 3722 1696 πυρόςς

2144 1724 2236 1776 τὸν
2284 1721 2394 1794 γὰρ
2436 1720 2612 1775 αἴτιον
2654 1720 2856 1792 μᾶλλον
2887 1719 3223 1775 ἀπόλλυσθαι
3275 1718 3481 1789 ἐχρῆν·
3516 1719 3634 1771 νυνὶ
3666 1718 3728 1771 δὲ

2148 1815 2505 1888 εὑρεθήσεται
2536 1813 2757 1868 πλείονα
2778 1812 2934 1885 δίκην
2966 1811 3142 1876 διδοὺς
3166 1812 3194 1865 6
3234 1809 3632 1880 οίκοδομτθείς.
3660 1809 3727 1861 EE

2151 1905 2251 1976 μὲν
2301 1904 2410 1975 γὰρ
2465 1908 2494 1959 6
2546 1903 2867 1967 διδάσκαλος
2905 1902 3074 1965 αἴτιος
3125 1901 3319 1969 γέγονε
3358 1899 3457 1970 τῆς
3500 1899 3725 1961 κακίας.

2148 1996 2372 2050 πλείονα
2405 1997 2550 2064 ἄξιος
2582 1995 2768 2050 δοῦναι
2801 1994 2989 2066 δίκην·
3022 1994 3141 2057 πῶς
3175 1988 3269 2046 οὖν
3301 1992 3640 2063 σωθήσεται;
3677 1992 3729 2043 εί

2147 2086 2192 2141 δ’
2217 2087 2318 2139 οὐκ
2360 2088 2554 2149 αἴτιος,
2591 2084 2727 2140 ἀλλὰ
2759 2083 2910 2156 παρά
2940 2084 3038 2155 τὴν
3064 2083 3270 2136 οἰκείαν
3312 2081 3644 2152 δυστροπίαν
3677 2081 3729 2133 οί

2153 2174 2390 2247 μαθηταὶ
2419 2173 2653 2229 τοιοῦτοι
2689 2174 2976 2242 γεγόνασιν
2999 2211 3014 2237 ,
3051 2172 3160 2228 οὐδ’
3192 2171 3327 2236 ὅλως
3357 2170 3503 2236 ἄξιος
3541 2169 3730 2223 δοῦναι

2148 2266 2325 2339 δίκην,
2361 2266 2477 2321 ἀλλ’
2508 2265 2627 2320 οὐδὲ
2664 2264 2871 2335 ζημίαν
2904 2265 3205 2335 ὑποστῆναι
3246 2265 3274 2317 6
3305 2262 3485 2326 καλῶς
3523 2262 3730 2316 οἰκοδο-

2154 2360 2351 2431 μήσας.
2382 2359 2508 2422 Πῶς
2526 2353 2622 2412 οὖν
2644 2373 2798 2428 φησι,
2830 2354 3314 2425 Ζημιωθήσεται;
3360 2354 3524 2408 Ὅθεν
3569 2353 3728 2425 δῆλον

2150 2452 2231 2505 ὃτι
2258 2450 2386 2522 περὶ
2413 2449 2711 2522 πράξεωνό
2734 2447 2911 2517 λόγος.
2946 2447 3166 2519 Ἐπειδὴ
3192 2446 3299 2519 γὰρ
3329 2445 3511 2518 μέλλει
3542 2445 3732 2499 λοιπὸν

2636 2525 2658 2544 .

2154 2542 2287 2614 1:96;
2331 2542 2424 2595 τὸν
2473 2540 2886 2611 πεπορνευκότα
2931 2538 3337 2605 ἀποτείνεσθαι,
3392 2536 3601 2592 ἀνωθεν
3633 2535 3734 2589 καὶ

2153 2632 2260 2704 πρὸ
2288 2630 2485 2684 πολλοῦ
2506 2630 2904 2685 καταϐάλλεται
2920 2630 2988 2685 τὰ
3009 2630 3289 2701 προοίμια.
3311 2623 3433 2682 Οἵδε
3458 2630 3584 2698 γὰρ,
3600 2628 3734 2699 περὶ

2153 2724 2340 2797 ἐτέρου
2365 2724 2763 2796 διαλεγόμενος,
2797 2725 2854 2777 ὲν
2874 2725 3010 2795 αὐτῇ
3035 2726 3102 2795 τῇ
3124 2722 3253 2794 περὶ
3282 2721 3468 2793 έτέρου
3495 2721 3736 2786 διαλέξει

2154 2816 2698 2893 προκατασκευάζειν
2750 2816 2960 2888 ἕτερον,
3016 2814 3102 2883 ἐφ’
3135 2813 3164 2868 6
3196 2812 3379 2886 μέλλει
3413 2814 3568 2868 ἰέναι.
3622 2812 3738 2865 Καὶ

2152 2914 2260 2985 γὰρ
2287 2911 2556 2984 ἐπιτιμῶν
2594 2909 2725 2983 περὶ
2769 2908 2863 2963 τοῦ
2907 2907 2983 2980 μὴ
3029 2907 3319 2979 ἀναμένειν
3360 2907 3584 2970 ἑαυτοὺς
3619 2906 3738 2968 τοῖς

2154 3005 2418 3078 ἀρίστοις,
2453 3003 2544 3057 τὸν
2577 3002 2704 3072 περὶ
2736 3001 2844 3056 τῶν
2883 2999 3201 3073 μυστηρίων
3245 2996 3618 3054 κατεσκεύασε
3645 2997 3739 3050 λό-

2154 3113 2270 3166 γον.
2310 3095 2433 3147 Ὅτι
2460 3093 2516 3147 δὲ
2541 3093 2635 3147 καὶ
2667 3090 2762 3145 νῦν
2795 3091 2933 3164 πρὸς
2958 3090 3049 3145 τὺν
3081 3089 3495 3161 πεπορνευκότα
3523 3088 3741 3157 ἐπείγε-

2154 3204 2264 3252 ται,
2283 3184 2533 3257 περὶτοῦ
2557 3181 2810 3254 θεμελίου
2836 3180 3028 3245 εἰπὼν,
3061 3182 3364 3252 ἐπήγαγεν·
3393 3182 3513 3233 Οὐκ
3533 3179 3740 3233 οἴδατε

2156 3275 2244 3329 ὅτι
2264 3273 2412 3341 ναὸς
2436 3272 2584 3328 Θεοῦ
2605 3273 2765 3337 ἐστε,
2798 3270 2984 3324 καὶτὸ
3014 3269 3257 3338 Πνεῦμα
3280 3268 3386 3323 τοῦ
3411 3267 3560 3322 Θεοῦ
3588 3266 3745 3320 οἰκεῖ

2154 3368 2226 3422 ὲν
2251 3367 2425 3438 ῠμῖν;
2452 3366 2525 3420 Εἴ
2544 3383 2632 3431 τις
2654 3364 2764 3418 τὸν
2787 3362 2940 3417 ναὸν
2967 3346 3073 3416 τοῦ
3108 3360 3259 3415 Θεοῦ
3304 3359 3553 3429 φθείρει,
3594 3362 3744 3427 φθε-

2148 3459 2252 3529 ρεῖ
2270 3458 2485 3513 τοῦτον
2506 3460 2538 3511 ὁ
2572 3458 2735 3522 Θεός.
2772 3452 2960 3509 Ταῦτα
2993 3451 3051 3505 δὲ
3068 3451 3255 3521 ἔλεγεν
3278 3450 3378 3522 ἤδη
3403 3447 3745 3502 διασαλεύων

2157 3549 2236 3620 τῷ
2265 3547 2417 3618 φόϐῳ
2437 3547 2537 3618 τὴν
2562 3545 2739 3617 ψυχὴν
2765 3542 2857 3597 τοῦ
2887 3540 3341 3613 πεπορνευκότος.
3377 3539 3447 3592 Εἴ
3466 3556 3556 3604 τις
3575 3538 3747 3591 ἐποι-

2160 3639 2401 3711 κοδομεῖ
2428 3638 2527 3693 ἐπὶ
2553 3639 2662 3692 τὸν
2699 3635 2978 3705 θεμέλιον
2996 3633 3236 3694 τοῦτον,
3280 3630 3533 3699 χρυσὸν,
3559 3629 3748 3697 ἄργυ-

2153 3749 2288 3802 ρον,
2328 3733 2541 3796 λίθους
2594 3728 2825 3798 τιμίους
2850 3768 2865 3787 ,
2902 3726 3097 3791 ξύλα,
3136 3725 3373 3794 χόρτον,
3434 3720 3744 3791 καλάμην.

2160 3824 2316 3879 Μετὰ
2348 3824 2459 3895 γὰρ
2488 3823 2587 3894 τὴν
2618 3821 2801 3874 πίστιν
2836 3817 3125 3888 οἰκοδομῆς
3155 3814 3316 3886 χρεία
3339 3830 3354 3845 ·
3393 3813 3474 3867 6:6
3517 3814 3612 3866 καὶ
3642 3814 3746 3866 ἀλ·-

2160 3915 2326 3989 λαχοῦ
2369 3931 2553 3987 φησιν·
2598 3909 2974 3980 Οίκοδομεῖτε
3006 3907 3324 3976 ἀλλήλους
3366 3905 3436 3958 ἐν
3471 3903 3597 3970 τοῖς
3638 3907 3749 3958 λό-

2163 4028 2288 4082 γοις
2312 4010 2560 4071 τούτοις.
2601 4004 2714 4060 Καὶ
2744 4004 2853 4075 γὰρ
2877 4002 2970 4056 καὶ
2999 4003 3026 4055 6
3047 3999 3299 4070 τεχνίτης
3321 3998 3413 4052 καὶ
3433 3999 3461 4050 6
3495 3994 3751 4067 μαθητὴς

2165 4099 2609 4171 συνεισφέρουσιν
2636 4097 2693 4149 ἐν
2714 4097 2778 4166 τῇ
2809 4095 3105 4163 οίκοδομῇ,·
3147 4090 3228 4144 6:6
3248 4091 3425 4160 λέγει·
3450 4089 3752 4157 Ἕκαστος

2165 4189 2233 4244 δὲ
2248 4186 2525 4254 βλεπέτω
2548 4184 2675 4250 πῶς
2696 4180 3100 4251 ἐποικοδομεῖ.

2235 4287 2305 4349 γ’.
2326 4279 2389 4332 Εἰ
2409 4276 2467 4330 δὲ
2490 4276 2620 4348 περὶ
2650 4276 2886 4338 πίστεως
2905 4271 3080 4326 ταῦτα
3105 4270 3310 4343 εἴρητο,
3332 4269 3489 4338 λόγον
3511 4269 3611 4322 οὒκ
3633 4267 3752 4339 ἔχει

2167 4370 2229 4424 τὺ
2250 4370 2564 4439 λεγόμενον.
2604 4366 2693 4419 Ἐν
2718 4365 2826 4435 γὰρ
2859 4366 2930 4434 τῇ
2969 4362 3151 4415 πίστει
3185 4362 3332 4424 ἴσους
3366 4360 3574 4422 πάντας
3604 4355 3753 4413 εἶναι

2168 4459 2295 4533 χρὴ,
2327 4458 2512 4529 ἐπειδὴ
2547 4456 2646 4528 μία
2695 4455 2914 4516 πίστις·
2956 4455 3014 4506 ὲν
3040 4452 3096 4506 δὲ
3149 4453 3320 4523 ἀρετῇ
3362 4452 3479 4521 βίου
3534 4451 3636 4503 οὐκ
3666 4450 3751 4503 ἔνι

2171 4552 2379 4614 πάντας
2411 4547 2552 4602 εἶναι
2579 4548 2706 4611 τοὺς
2736 4545 2954 4609 αὐτούς.
2986 4546 3177 4608 Πίστις
3210 4545 3307 4615 μὲν
3338 4543 3448 4614 γὰρ
3476 4544 3576 4597 οὐκ
3599 4542 3753 4596 ἔστιν

2171 4648 2205 4716 ἠ
2237 4646 2338 4717 μὲν
2372 4644 2637 4708 ἐλάττων,
2676 4644 2710 4713 ἡ
2737 4641 2793 4696 δὲ
2828 4641 3078 4713 βελτίων,
3108 4639 3224 4694 ἀλλ’
3251 4641 3284 4709 ή
3338 4639 3477 4711 αὐτὴ
3529 4640 3755 4693 πάντων

2170 4736 2280 4791 τῶν
2308 4734 2528 4807 ἀληθῶς
2551 4732 2917 4786 πιστευόντων
2942 4749 2952 4762 ·
2978 4731 3073 4784 ἐπὶ
3093 4730 3147 4784 δὲ
3179 4728 3296 4800 βίου
3337 4728 3452 4782 ἐστι
3481 4729 3610 4792 τοὺς
3651 4729 3755 4800 μὲν

2173 4824 2625 4895 σπουδαιοτέρους
2643 4820 2807 4887 εἶναι,
2825 4823 2952 4885 τοὺς
2966 4822 3020 4874 δὲ
3048 4821 3455 4893 ρᾳθυμοτέρους
3478 4836 3490 4849 ·
3515 4820 3759 4885 καὶτοὺς

2176 4919 2274 4990 μὲν
2297 4916 2742 4989 ἀκριϐεστέρους,
2760 4915 2887 4978 τοὺς
2902 4913 2960 4966 δὲ
2988 4912 3449 4982 καταδεεστέρους
3470 4929 3484 4944 ο
3508 4913 3758 4977 καὶτοὺς

2176 5014 2274 5086 μὲν
2301 5013 2371 5067 τὰ
2412 5009 2603 5083 μείζω,
2631 5009 2756 5072 τοὺς
2780 5007 2837 5062 δὲ
2859 5008 2926 5061 τὰ
2945 5006 3153 5059 ἐλάττω
3179 5004 3634 5077 κατωρθωκέναι·
3658 5006 3761 5059 καὶ

2171 5103 2300 5166 τοὺς
2327 5102 2425 5172 μὲν
2449 5097 2834 5172 χαλεπώτερα,
2860 5097 2985 5159 τοὺς
3004 5095 3061 5148 δὲ
3085 5095 3490 5168 καταδεέστερα
3507 5095 3764 5165 πεπλημ-

2180 5192 2496 5266 μεληκέναι.
2535 5192 2634 5243 Διά
2658 5189 2816 5241 τοῦτο
2840 5184 2963 5241 εἷπε
2994 5186 3214 5258 χρυσὸν,
3248 5185 3489 5257 ἄργυρον
3508 5224 3525 5250 ,
3572 5185 3763 5250 λίθους

2174 5285 2411 5355 τιμίους,
2443 5281 2557 5355 [77]
2584 5279 2738 5347 ξύλα,
2764 5281 2976 5352 χόρτον,
3009 5278 3285 5350 καλάμην.
3346 5278 3641 5333 Ἐκάστου
3690 5279 3761 5334 τὸ

2176 5378 2352 5447 ἔργον
2379 5373 2641 5446 φανερὸν
2660 5372 3001 5443 γενήσεται.
3024 5373 3136 5442 Τὴν
3161 5371 3359 5443 πρᾶξιν
3382 5371 3619 5425 ἐνταῦθά
3649 5388 3761 5441 φη-

2180 5485 2284 5522 σιν.
2320 5470 2394 5522 ΕΖ
2421 5483 2583 5531 τινος
2605 5465 2673 5518 τὸ
2700 5466 2879 5534 ἔργον
2898 5462 3088 5532 μενεῖ,
3123 5463 3155 5516 ὃ
3184 5462 3636 5531 ἐπῳκοδόμησε,
3662 5481 3765 5532 μι-

2178 5560 2334 5616 σθὸν
2366 5559 2630 5627 λήψεται
2649 5571 2663 5584 ·
2707 5554 2764 5609 ετ
2789 5572 2953 5621 τινος
2976 5554 3043 5608 τὸ
3076 5554 3255 5624 ἔργον
3285 5553 3762 5622 κατακαήσεται,

2180 5650 2630 5721 ζημιωθήσεται.
2658 5646 2851 5701 Καίτοι
2881 5663 2943 5715 γε
2976 5648 3026 5699 εί
3059 5646 3187 5716 περὶ
3215 5644 3476 5715 μαθητῶν
3499 5646 3594 5698 καὶ
3618 5644 3765 5698 διδαν

2182 5741 2399 5795 σκάλων
2426 5740 2487 5793 16
2509 5737 2801 5809 λεγόμενον
2833 5733 2922 5808 ἦν,
2955 5736 3078 5789 οὔτε
3109 5735 3446 5809 ζημιοῦσθαι
3485 5736 3673 5806 ἐχρῆν,
3712 5739 3764 5791 εί

2187 5833 2265 5909 μὴ
2290 5833 2529 5903 ἥκουσαν
2550 5830 2598 5885 οἱ
2635 5828 2890 5903 μαθηταί,
2918 5829 3015 5883 Διά
3040 5827 3145 5900 γὰρ
3169 5807 3331 5882 τᾶςτά
3365 5843 3550 5899 φησιν·
3591 5828 3765 5899 τεπα-
