4086 6424
250 347 318 406 -ιτ
1374 337 1440 392 1N
1477 334 1744 394 EPISTJ
1795 335 1885 390 AD
1921 331 2075 392 con.
2122 338 2350 397 1105111..
2395 342 2494 399 1x.
3479 356 3548 411 rs

261 477 445 524 stram.
467 462 732 534 Quinque
757 461 902 517 mille
923 459 1046 515 anni
1074 467 1127 513 et
1157 456 1334 529 plures
1361 455 1734 526 prmlerierunt
1758 495 1773 519 ,
1798 460 1853 507 et

266 575 406 616 mors
433 557 680 612 nondum
713 558 890 612 soluta
930 556 1064 620 fuit,
1112 562 1329 623 prepter
1369 566 1532 605 unum
1576 558 1855 619 peccatum

267 655 498 709 inducta.
545 650 658 705 Nec
687 662 973 720 possumus
995 646 1173 701 dicere
1208 643 1468 698 Adamum
1500 642 1728 710 aliquem
1758 655 1858 694 au-

269 747 411 801 disse
442 743 766 814 prophetam
793 783 809 809 ,
839 742 923 794 vel
969 740 1140 810 ipsum
1191 736 1327 790 alios
1373 743 1591 804 propter
1639 742 1856 802 peccata

271 840 481 909 punitos
513 837 714 890 vidisse
739 877 754 900 ,
789 842 842 888 et
868 848 961 902 par
988 831 1150 885 luisse
1178 838 1236 884 ut
1265 828 1388 883 inde
1416 828 1662 889 timeret,
1696 836 1858 895 atque

268 930 517 998 exemplo
541 928 750 983 cautior
780 927 927 979 fieret
955 941 968 977 :
1004 923 1205 993 primus
1236 921 1381 976 enim
1409 928 1526 975 erat
1570 928 1624 972 et
1662 917 1808 972 solus
1837 950 1879 984 ,-

269 1034 552 1092 ta1nenque
576 1019 919 1091 puniebantur.
938 1017 1017 1071 Tu
1047 1030 1178 1069 vero
1199 1013 1332 1068 nihil
1351 1012 1540 1066 horum
1563 1009 1857 1065 obtendere

268 1127 452 1187 potes,
482 1115 572 1185 qui
601 1122 723 1184 post
754 1121 829 1166 tot
854 1110 1098 1178 exempla
1138 1106 1376 1162 deterior
1414 1103 1588 1158 factus
1631 1118 1690 1157 cs
1719 1145 1732 1168 ,
1767 1102 1854 1172 qui

268 1219 416 1263 tanto
442 1207 692 1276 dignatus
718 1219 777 1258 cs
804 1201 1002 1272 Spiritu
1028 1241 1045 1267 ,
1087 1214 1150 1253 ac
1189 1213 1296 1252 non
1327 1211 1488 1251 unum
1514 1195 1598 1249 vel
1629 1194 1738 1249 duo
1769 1193 1856 1248 vel

265 1301 406 1364 tria,
456 1297 554 1352 sed
604 1297 881 1350 innumera
931 1301 1147 1362 peccata
1191 1289 1561 1345 accumulasti.
1599 1286 1677 1341 Nc
1713 1287 1854 1341 enim

262 1387 600 1452 Consideres,
633 1386 775 1456 quod
802 1384 948 1440 brevi
978 1382 1232 1452 temporis
1271 1389 1546 1435 momento
1579 1387 1854 1449 peccatum

262 1481 620 1543 admittatur;
669 1493 842 1548 neque
884 1477 1004 1531 ideo
1032 1485 1185 1544 putes
1208 1473 1527 1544 supplicium
1561 1481 1857 1526 momenta?

262 1589 426 1626 neum
459 1571 693 1625 futurum
721 1583 861 1624 esse.
896 1569 1088 1622 Annon
1115 1566 1265 1621 vides
1293 1565 1536 1619 homines
1574 1564 1663 1634 qui
1711 1579 1855 1632 saepe

261 1682 359 1736 pro
389 1681 500 1719 uno
532 1665 673 1718 furto
695 1705 709 1727 ,
743 1662 1005 1718 adulterio
1046 1675 1155 1716 uno
1180 1702 1195 1727 ,
1226 1661 1279 1714 in
1306 1673 1522 1714 carcere
1543 1667 1596 1713 et
1624 1657 1856 1713 metallis

265 1770 438 1813 totam
464 1759 629 1813 vitam
658 1759 1011 1826 insumpsere,
1037 1770 1157 1810 cum
1186 1753 1325 1808 fame
1355 1764 1608 1823 perpetua
1635 1760 1688 1806 et
1711 1751 1855 1805 inille

263 1853 536 1906 mortibus
566 1849 974 1905 concertantes?
1004 1865 1067 1903 ae
1109 1863 1268 1902 nemo
1314 1847 1459 1916 ipsos
1498 1845 1730 1915 eripuit,
1764 1861 1857 1900 nc-

266 1960 371 2012 que
414 1943 589 2007 dixit,
637 1942 781 1995 brevi
824 1940 1076 2009 temporis
1119 1949 1392 1993 momento
1423 1946 1700 2007 peceatum
1735 1951 1854 2005 pcr-

262 2047 444 2089 acium
475 2033 661 2099 fuisse,
695 2044 748 2088 et
777 2043 1027 2102 Oportere
1055 2041 1108 2088 et
1135 2041 1412 2102 peccatum
1456 2037 1510 2085 et
1535 2028 1854 2099 supplicium

261 2130 408 2199 paris
437 2145 560 2183 esse
589 2128 866 2197 temporis.

329 2225 385 2277 2.
434 2225 523 2288 At,
556 2223 784 2291 inquies,
811 2219 1056 2274 homines
1082 2227 1226 2283 sunt,
1255 2219 1344 2288 qui
1374 2217 1490 2272 lucc
1521 2216 1853 2281 admittunt;

261 2316 405 2371 Deus
453 2325 635 2369 autem
684 2315 946 2384 benignus
991 2328 1116 2383 erga
1165 2313 1414 2367 homines
1463 2319 1563 2366 est.
1616 2310 1852 2364 Primum

260 2411 463 2479 quippe
491 2424 559 2463 ne
588 2408 831 2462 homines
859 2407 1073 2476 quidem
1104 2405 1220 2460 haec
1248 2405 1449 2460 faciunt
1477 2420 1540 2460 ex
1567 2404 1857 2460 crudelita-

263 2512 332 2562 te,
361 2500 456 2554 sed
487 2515 553 2553 ex
587 2499 946 2568 benignitate;
975 2507 1028 2553 et
1074 2499 1220 2552 Deus
1263 2495 1450 2562 etiam,
1481 2506 1538 2551 ut
1581 2505 1664 2551 est
1691 2496 1856 2550 homi-

261 2610 388 2646 num
418 2608 628 2661 amans,
653 2592 722 2645 ita
747 2593 907 2647 etiam
935 2600 1154 2662 peccata
1179 2590 1486 2645 ulciscitur:
1516 2604 1639 2643 nam
1664 2604 1858 2644 secun-

258 2687 386 2740 dum
421 2687 851 2741 misericordiam
903 2685 1068 2756 ipsius
1097 2685 1266 2739 multa
1298 2694 1382 2740 est
1408 2684 1525 2754 ejus
1550 2683 1856 2753 redargutio

258 2790 310 2835 et
337 2780 493 2832 ultio.
525 2778 657 2834 Cum
685 2780 815 2833 dicis
846 2794 973 2849 ergo
1000 2779 1168 2833 Deum
1210 2792 1332 2833 esse
1361 2777 1638 2832 hominum
1667 2790 1855 2831 aman-

261 2884 391 2939 tem,
424 2872 689 2941 majorem
719 2871 846 2925 mihi
880 2871 1014 2926 dicis
1037 2871 1285 2940 supplicii
1315 2869 1677 2932 occasionem,
1711 2866 1854 2938 quod

260 2967 310 3020 in
341 2982 471 3022 eum
501 2966 591 3034 qui
619 2966 737 3020 talis
767 2967 834 3020 sit
882 2979 1186 3034 peccemus.
1221 2964 1343 3019 Ideo
1371 2963 1586 3019 diccbat
1614 2962 1810 3018 Paulus
1839 2979 1853 3017 :

263 3057 598 3112 "errandum
625 3068 698 3112 est
730 3058 950 3112 incidere
977 3059 1028 3110 in
1057 3073 1237 3111 manus
1282 3057 1378 3110 Dei
1416 3057 1624 3111 viventis
1665 3055 1850 3129 (llebr.

263 3150 348 3204 10.
372 3149 490 3221 5f).
526 3149 704 3214 Ferte,
755 3164 959 3220 qumso,
992 3149 1203 3220 igneam
1234 3150 1339 3202 vim
1370 3148 1694 3212 verborum;
1729 3147 1854 3203 hinc

261 3244 490 3298 fortasse
519 3243 672 3297 vobis
692 3243 933 3312 qua-dam
957 3242 1256 3296 consolatio
1282 3242 1503 3296 orietur.
1538 3241 1668 3308 Quis
1693 3241 1854 3296 homo

260 3345 441 3405 potest
471 3337 540 3389 ita
579 3336 790 3404 punire,
825 3345 876 3388 ιιι
905 3334 1111 3404 punivit
1139 3335 1302 3402 Deus,
1335 3334 1423 3404 qui
1457 3333 1713 3388 diluvium
1748 3333 1851 3386 i111-

262 3428 428 3490 niisit,
464 3437 519 3480 et
549 3435 698 3480 tanto
726 3427 912 3496 generi
939 3426 1162 3480 exitium
1211 3426 1418 3490 intulit;
1453 3435 1506 3480 et
1537 3425 1696 3494 paulo
1735 3435 1855 3493 post

262 3533 474 3571 rursum
508 3517 645 3587 ignis
669 3517 901 3585 pluviam
931 3517 1171 3582 immisit,
1206 3526 1260 3572 et
1287 3532 1476 3572 omnes
1497 3517 1736 3572 funditus
1753 3517 1851 3572 de-

263 3609 427 3664 levit?
461 3625 580 3679 qua:
611 3608 888 3662 hominum
942 3608 1078 3664 ultio
1125 3617 1303 3678 potest
1349 3623 1470 3664 esse
1503 3609 1682 3663 tanta?
1733 3608 1850 3663 Non

263 3703 408 3756 vides
459 3704 564 3754 hoc
606 3700 924 3770 supplicium
969 3701 1273 3756 immortale
1311 3702 1424 3756 fere
1465 3702 1625 3756 esse?
1653 3701 1854 3768 Quater

265 3795 411 3850 mille
458 3793 583 3847 anni
629 3793 906 3858 efﬂuxere,
954 3801 1008 3847 et
1053 3791 1453 3848 Sodomitarum
1500 3793 1632 3847 ultio
1677 3793 1855 3848 adhuc

264 3890 403 3957 viget
429 3895 486 3941 et
515 3895 716 3940 manet.
750 3885 1211 3952 Quemadmodum
1235 3886 1377 3941 enim
1406 3885 1707 3956 benignitas
1737 3885 1854 3954 ejus

262 3995 456 4049 magna
485 3988 593 4040 est,
633 3979 701 4032 ita
729 3988 782 4033 et
810 3978 1146 4048 supplicium.
1187 3977 1320 4032 Nam
1347 3978 1390 4032 si
1419 3992 1647 4032 onerosa
1675 3987 1729 4032 et
1755 3978 1854 4031 im-

262 4071 537 4141 possibilia
563 4071 836 4140 jussissct,
867 4079 1047 4140 posset
1074 4070 1300 4125 fortasse
1337 4069 1459 4139 quis
1501 4069 1678 4138 legum
1711 4067 1854 4122 diffi-

262 4164 517 4218 cultatem
551 4163 876 4218 obtendere:
905 4163 1046 4232 quod
1088 4163 1132 4218 si
1161 4162 1451 4218 admodum
1497 4163 1692 4227 facilia,
1724 4162 1854 4231 quid

265 4255 538 4325 possimus
563 4253 740 4309 dicere
766 4254 866 4309 etsi
896 4256 1091 4309 nullam
1141 4254 1328 4308 horum
1377 4255 1639 4309 rationem
1688 4253 1857 4308 liabe-

263 4349 422 4403 mus?
453 4347 708 4416 Jejunare
736 4363 844 4402 non
872 4356 1046 4418 poles,
1077 4363 1254 4418 neque
1285 4347 1647 4418 virginitatem
1674 4361 1855 4400 scrva-

263 4443 358 4498 re?
385 4441 549 4511 Atqui
584 4452 752 4511 potes,
785 4441 829 4496 si
858 4442 1022 4507 velis;
1052 4452 1105 4497 et
1132 4456 1230 4496 nos
1259 4450 1517 4496 accusant
1545 4440 1577 4494 ii
1605 4441 1695 4508 qui
1729 4455 1853 4510 pos-

263 4547 408 4590 sunt.
459 4538 709 4590 Attamen
741 4536 881 4591 Deus
927 4543 1068 4590 tanta
1115 4551 1236 4608 erga
1283 4552 1381 4590 nos
1408 4537 1697 4591 severitate
1728 4552 1855 4592 usus

265 4645 370 4682 non
406 4637 510 4694 est,
546 4644 718 4696 neque
745 4629 1053 4699 lia-ejussit,
1087 4644 1262 4699 neque
1291 4629 1452 4684 hasce
1471 4629 1616 4699 leges
1651 4629 1854 4698 posuit,

265 4719 356 4774 sed
402 4719 522 4774 hinc
569 4720 870 4775 auditorum
920 4720 1180 4774 voluntati
1229 4730 1283 4774 et
1329 4721 1554 4774 arbitrio
1598 4720 1851 4789 reliquit:

264 4823 446 4868 castus
475 4813 529 4866 in
557 4812 822 4866 connubio
844 4826 962 4867 esse
991 4821 1162 4882 potes,
1182 4828 1245 4867 ac
1274 4827 1436 4882 penes
1459 4822 1508 4866 te
1530 4820 1612 4866 est
1644 4827 1748 4866 non
1775 4813 1856 4866 in-

261 4905 481 4961 ebriari.
499 4904 760 4959 Pecunias
780 4919 966 4960 omnes
985 4903 1312 4974 profundere
1329 4920 1434 4959 non
1460 4906 1650 4974 potes?
1667 4903 1854 4969 Quam~

262 5013 425 5068 quam
459 5006 632 5067 potes,
667 5008 719 5052 et
745 4997 1036 5052 ostendunt
1065 4998 1096 5051 ii
1117 4998 1206 5066 qui
1226 4997 1326 5052 hoc
1352 4996 1576 5051 faciunt.
1604 4997 1855 5051 Attamen

262 5093 349 5148 ille
381 5109 491 5146 non
521 5093 623 5148 hoc
651 5093 928 5162 praecepit,
976 5091 1070 5148 sed
1107 5091 1269 5161 jussit
1309 5107 1416 5146 non
1460 5106 1670 5161 rapere,
1707 5099 1760 5147 et
1787 5106 1852 5145 ex

261 5184 610 5239 facultatibus
639 5183 825 5253 egenis
849 5198 1093 5253 erogare.
1124 5182 1182 5237 Si
1213 5183 1333 5252 quis
1363 5192 1541 5238 autem
1570 5181 1764 5236 dixerit
1796 5195 1856 5236 se

261 5293 366 5331 non
393 5291 570 5330 uxore
599 5285 912 5330 contentum
943 5290 1064 5331 esse
1089 5289 1266 5344 posse,
1297 5273 1536 5344 seipsum
1573 5274 1772 5343 decipit
1801 5281 1857 5327 et

261 5371 412 5434 fallit,
448 5380 508 5423 ut
535 5369 828 5439 arguuntii
865 5369 952 5438 qui
979 5369 1098 5424 sine
1129 5383 1296 5423 uxore
1336 5364 1681 5423 continentes
1707 5374 1850 5420 sunt.

260 5461 394 5530 Quid
430 5477 586 5526 vero,
633 5461 722 5516 dic
765 5475 968 5530 ιιιιαξεο,
1002 5475 1106 5514 non
1150 5469 1303 5530 potes
1346 5474 1451 5513 non
1501 5458 1758 5513 conviciis
1804 5466 1858 5511 et

261 5555 566 5610 maledictis
592 5553 892 5622 impetere?
919 5552 1077 5622 Atqui
1109 5552 1210 5607 hoc
1241 5551 1418 5606 facere
1445 5565 1732 5605 onerosum
1751 5559 1854 5616 est,

263 5666 363 5705 non
391 5659 575 5704 autem
615 5663 727 5702 non
762 5645 955 5700 facere.
988 5646 1157 5711 Quam
1185 5660 1313 5715 ergo
1345 5644 1605 5698 habemus
1631 5659 1856 5697 excusa-

263 5745 476 5811 tionem,
507 5743 602 5818 qni
639 5748 753 5794 tam
788 5737 922 5792 levia
953 5748 1006 5794 et
1031 5737 1200 5793 facilia
1251 5752 1357 5792 non
1409 5737 1719 5792 servemus?
1746 5735 1854 5790 Nos

254 5837 483 5910 aliquam
533 5833 758 5892 habere
785 5828 887 5886 dici
917 5831 1117 5904 nequit.
1152 5829 1306 5900 Quod
1356 5845 1484 5902 ergo
1534 5829 1854 5885 immortalis

1962 455 2028 506 sit
2065 455 2216 525 ultio,
2246 473 2311 513 ex
2346 459 2504 516 dictis
2525 462 2698 531 palam
2729 474 2844 520 est:
2871 467 2994 536 quia
3021 483 3158 524 vero
3174 468 3320 524 Pauli
3344 471 3548 528 dictum

1960 549 2174 605 videtur
2193 554 2459 610 nonnullis
2483 557 2778 624 adversari,
2803 575 2899 630 age
2923 560 3024 616 hoc
3046 564 3294 632 ipsumin
3314 565 3550 620 medium

1961 641 2247 699 adductum
2295 648 2648 704 excutiamus.
2699 649 2832 705 Cum
2880 652 3124 718 dixisset,
3177 655 3236 710 Si
3282 657 3552 728 cujusdam

1960 749 2088 802 Opus
2114 737 2374 800 manserit,
2401 740 2536 808 quod
2554 742 3053 810 supercdiﬁcavcrit,
3093 748 3370 802 mercedem
3407 751 3546 802 acci-

1961 824 2062 893 piet
2078 843 2096 889 ;
2119 834 2165 878 et
2185 826 2230 878 si
2253 829 2524 896 cujusdam
2551 847 2677 900 Opus
2697 834 2896 900 arserit,
2925 835 3278 891 detrimentum
3303 840 3548 906 patietur;

1961 916 2238 986 subjunin
2264 937 2277 973 :
2310 918 2433 989 Ipse
2461 931 2632 976 autem
2661 922 2832 978 salvus
2859 927 2974 992 erit,
3004 928 3078 980 sic
3095 937 3262 983 tamen
3286 933 3430 998 quasi
3461 949 3550 1000 per

1959 1007 2145 1078 ignem.
2199 1009 2335 1076 Quid
2379 1028 2510 1082 ergo
2552 1014 2619 1068 ad
2671 1014 2775 1071 hoc
2819 1017 3094 1073 dicemus?
3134 1023 3548 1079 Consideremus

1959 1101 2134 1170 primo
2157 1102 2284 1172 quid
2316 1104 2387 1158 sit
2411 1104 2841 1175 fundamentum,
2869 1112 3009 1181 quod
3036 1113 3105 1168 sit
3127 1129 3336 1180 aurum,
3377 1125 3434 1170 et
3458 1119 3547 1187 qui

1961 1194 2164 1264 lapides
2197 1198 2437 1266 pretiosi,
2471 1201 2613 1270 quod
2658 1202 2882 1272 faenum,
2916 1222 3035 1275 qum
3084 1209 3303 1277 stipula.
3336 1209 3550 1266 Funda-

1961 1299 2199 1343 mentum
2219 1291 2434 1360 quidem
2455 1293 2570 1362 ipse
2591 1295 2786 1351 Paulus
2803 1297 3095 1354 declaravit
3114 1301 3382 1358 Christum
3403 1321 3544 1373 esse,

1959 1379 2179 1437 dicens:
2209 1383 2622 1440 Fundamentum
2653 1391 2786 1443 enim
2815 1391 2958 1446 aliud
2987 1411 3130 1448 nemo
3153 1413 3337 1466 ponere
3363 1410 3544 1468 potest,

1959 1483 2142 1540 prieter
2168 1475 2354 1544 ipsum,
2386 1479 2524 1548 quod
2547 1492 2620 1535 est
2646 1484 2882 1552 positum,
2922 1486 3111 1557 inquit,
3145 1491 3280 1559 quod
3309 1503 3379 1545 est
3402 1493 3550 1546 Clui-

1957 1576 2065 1620 stus
2084 1566 2254 1627 Jesus.
2279 1568 2584 1627 .Edilicium
2605 1586 2784 1631 autem
2815 1579 2942 1632 milii
2974 1580 3222 1636 videntur
3237 1599 3356 1638 esse
3381 1588 3550 1641 actio-

1959 1672 2074 1710 nes.
2111 1661 2270 1727 At-jui
2316 1661 2502 1717 dicunt
2553 1667 2795 1735 quidam,
2839 1669 2940 1725 hoc
2991 1672 3166 1741 ipsutn
3196 1674 3396 1729 dictum
3427 1693 3550 1734 csse

1957 1749 2022 1805 de
2045 1751 2356 1809 doctoribus
2384 1765 2434 1809 et
2463 1757 2528 1812 de
2553 1758 2832 1830 discipulis
2862 1778 2924 1817 ac
2952 1763 3020 1819 de
3041 1769 3307 1836 corruptis
3332 1769 3548 1825 haeresi-

1956 1841 2076 1896 bus.
2112 1843 2218 1900 Sed
2250 1846 2350 1902 hoc
2381 1850 2550 1906 series
2593 1868 2698 1907 non
2744 1854 2999 1911 admittit.
3029 1857 3165 1914 Nam
3220 1861 3265 1916 si
3311 1863 3411 1917 hoc
3440 1874 3545 1932 est,

1957 1936 2228 2003 quomodo
2257 1953 2395 2008 opus
2440 1943 2655 2011 quidem
2708 1946 2874 2014 perit;
2919 1949 3008 2018 qui
3057 1959 3233 2006 autem
3283 1954 3545 2022 aedificat,

1957 2026 2134 2081 salvus
2152 2030 2257 2084 erit
2283 2032 2364 2085 vel
2392 2048 2484 2102 per
2504 2035 2720 2104 ignem?
2743 2047 3020 2095 auctorem
3051 2042 3194 2096 enim
3227 2047 3394 2115 magis
3422 2063 3546 2116 pera

1958 2135 2036 2174 tre
2081 2133 2391 2191 oporteret:
2419 2143 2559 2182 nunc
2602 2140 2781 2185 autem
2827 2132 3058 2202 majores
3102 2150 3290 2204 poenas
3332 2138 3548 2196 dedisse

1957 2214 2259 2272 invenietur
2287 2220 2351 2284 is,
2398 2222 2486 2291 qui
2515 2223 2813 2280 mdilieatus
2841 2237 2943 2282 est.
2977 2227 3108 2283 Nam
3153 2231 3197 2284 si
3242 2231 3430 2287 doctor
3456 2251 3548 2289 au-

1957 2317 2072 2363 ctor
2099 2309 2196 2364 fuit
2239 2313 2385 2376 mali,
2418 2314 2614 2385 dignus
2656 2320 2858 2388 estqui
2892 2321 3124 2390 majores
3166 2324 3275 2378 luat
3322 2342 3544 2396 pinnas:

1957 2403 2230 2471 quomodo
2261 2420 2390 2476 ergo
2417 2408 2598 2462 salvus
2629 2410 2729 2464 erit
2750 2411 2773 2462 ?
2795 2411 2851 2465 Si
2879 2424 3065 2467 auctor
3089 2431 3195 2468 non
3219 2425 3321 2482 est,
3354 2419 3448 2471 sed
3468 2419 3542 2472 di'

1955 2493 2150 2562 scipuli
2182 2509 2280 2564 pcr
2309 2511 2458 2552 suam
2506 2502 2915 2568 perversitatem
2947 2504 3078 2558 tales
3109 2504 3232 2558 facti
3261 2516 3406 2572 sunt,
3440 2525 3545 2562 non

1957 2585 2150 2654 dignus
2177 2595 2260 2642 est
2285 2587 2330 2640 is
2355 2589 2445 2658 qui
2470 2599 2616 2646 recte
2646 2591 2950 2657 a-dilicavit,
2981 2596 3068 2664 qui
3101 2595 3212 2650 luat
3251 2613 3434 2665 poenas
3464 2601 3548 2655 vel

1956 2677 2212 2731 damnum
2243 2680 2452 2734 subeat.
2499 2683 2782 2750 Quomodo
2823 2700 2952 2755 ergo
2992 2685 3142 2750 dicit,
3179 2687 3549 2745 Detrimentum

1958 2773 2217 2842 patietur?
2243 2773 2396 2829 Unde
2425 2777 2599 2844 palam
2627 2787 2730 2842 est,
2781 2777 2868 2832 l1ic
2911 2779 2977 2834 de
3021 2781 3233 2836 aetihus
3262 2783 3366 2853 agi.
3415 2785 3546 2852 Quia

1957 2867 2102 2920 enim
2151 2865 2532 2922 fornicatorem
2567 2869 2820 2939 deinceps
2864 2886 3216 2942 aggreSsurus
3255 2884 3357 2942 cst,
3393 2877 3549 2947 longe

1956 2967 2113 3011 antea
2140 2958 2462 3029 principium
2493 2963 2661 3030 ponit.
2698 2962 2846 3017 Solet
2872 2964 3017 3018 enim
3059 2965 3126 3020 de
3153 2967 3255 3020 alia
3286 2985 3344 3023 rc
3369 2969 3548 3024 dictu-

1956 3065 2072 3116 rus,
2103 3051 2155 3105 in
2185 3050 2299 3121 ipsa
2334 3051 2400 3106 de
2430 3053 2536 3106 alio
2565 3053 2927 3124 disputatione
2952 3056 3096 3110 aliud
3139 3060 3467 3128 praemittere
3496 3070 3551 3117 et

1957 3143 2205 3213 probare,
2226 3160 2332 3214 quo
2354 3155 2539 3214 postea
2565 3154 2818 3201 venturus
2837 3157 2938 3202 est.
2965 3148 3096 3203 Nam
3119 3151 3541 3221 reprehendens,

1955 3235 2099 3306 quod
2129 3237 2181 3290 in
2211 3237 2448 3306 prandiis
2475 3237 2561 3291 alii
2589 3238 2725 3293 alios
2753 3255 2860 3293 non
2901 3251 3298 3311 exspectarent,
3329 3242 3398 3298 de
3429 3260 3547 3315 my-

1956 3329 2135 3382 steriis
2162 3342 2466 3383 sermonem
2495 3330 2791 3398 apparavit.
2818 3330 2950 3398 Quia
2978 3341 3153 3386 autem
3185 3349 3325 3387 nunc
3346 3333 3411 3388 ad
3434 3332 3547 3387 for-

1956 3420 2248 3475 nicatorem
2270 3419 2504 3486 festinat,
2525 3422 2592 3476 de
2611 3423 2954 3479 fundamento
2977 3426 3226 3495 loquutus
3251 3427 3547 3497 subjumtit:

1957 3512 2046 3568 16.
2073 3513 2293 3568 Nescitis
2317 3515 2453 3584 quod
2477 3515 2723 3584 templum
2747 3516 2841 3571 Dei
2860 3519 2998 3581 estis,
3025 3528 3068 3571 et
3092 3517 3319 3588 Spiritus
3341 3518 3438 3572 Dei
3456 3521 3551 3573 Im-
3638 3508 3655 3530 ⁵

1955 3604 2079 3658 bitat
2108 3606 2162 3659 in
2185 3607 2357 3660 vobis?
2384 3607 2444 3661 Si
2470 3608 2582 3676 quis
2610 3609 2852 3677 templum
2870 3609 2960 3662 Dei
2983 3609 3263 3676 violaverit,
3289 3610 3546 3680 disperde!

1955 3698 2102 3751 illum
2131 3697 2288 3752 Deus.
2325 3698 2448 3753 lla~c
2479 3710 2655 3754 autem
2685 3701 2917 3768 dicebat,
2946 3701 3056 3770 jam
3091 3712 3231 3756 metu
3271 3703 3549 3772 exagitans

1955 3799 2190 3844 mentem
2218 3791 2333 3860 ejus
2357 3791 2448 3861 qui
2477 3792 2770 3846 fornicatus
2823 3792 3017 3847 fuerat.
3051 3793 3111 3847 Si
3132 3795 3242 3863 quis
3270 3793 3550 3864 supcrwdi-

1956 3884 2074 3952 ﬁcat
2090 3900 2244 3950 super
2268 3885 2655 3954 fundamentum
2673 3885 2788 3949 hoc,
2813 3901 3018 3952 aurum,
3039 3896 3325 3956 argentum,
3350 3886 3549 3956 lapides

1955 3978 2222 4047 pretiosos,
2267 3976 2428 4047 ligna,
2477 3975 2689 4046 fartum,
2738 3978 3003 4046 stipulam,
3047 3978 3173 4031 Post
3201 3978 3357 4032 ﬁdem
3402 3979 3546 4032 enim

1956 4071 2310 4125 nidiﬁcalione
2364 4080 2448 4123 est
2495 4085 2678 4138 opus:
2726 4079 2778 4123 et
2831 4069 2953 4123 ideo
3009 4071 3134 4123 alibi
3181 4071 3356 4124 dicit:
3391 4071 3550 4124 didi-

1958 4163 2107 4230 ﬁrate
2132 4179 2217 4216 vos
2247 4163 2460 4214 invicem
2486 4161 2538 4214 in
2567 4160 2646 4214 liis
2675 4160 2990 4216 sermonibus
3016 4160 3092 4231 (Ι.
3135 4161 3313 4215 Thess.
3343 4163 3396 4216 5.
3431 4161 3544 4233 Η).

1957 4254 2168 4308 Etenim
2200 4251 2414 4318 artifex,
2439 4261 2492 4307 et
2522 4252 2820 4322 discipulus
2843 4252 3003 4306 simul
3030 4254 3311 4307 conferunt
3336 4254 3386 4308 in
3411 4254 3546 4309 :cdi-

1957 4346 2291 4400 licationem:
2319 4345 2543 4414 ideoque
2574 4345 2734 4399 dicit:
2770 4343 3125 4415 Unusquisque
3170 4358 3339 4400 autem
3383 4348 3548 4402 videat

1955 4427 2204 4509 quomodo
2225 4437 2616 4508 superwdiﬁcet.

2028 4533 2080 4587 5.
2122 4531 2177 4587 Si
2206 4531 2321 4586 hzec
2348 4545 2525 4586 autem
2552 4531 2694 4587 dicta
2721 4533 2830 4586 sint
2853 4532 2919 4586 de
2955 4533 3077 4600 lidc,
3113 4549 3218 4587 non
3252 4542 3333 4588 est
3353 4533 3549 4589 rationi

1957 4633 2377 4678 consentaneum
2405 4623 2545 4693 quod
2568 4623 2783 4678 dicitur.
2814 4623 2875 4678 ln
2919 4622 3021 4679 fide
3067 4640 3300 4694 namque
3337 4637 3549 4694 oportet

1958 4731 2146 4770 omnes
2168 4731 2289 4772 esse
2320 4731 2502 4787 pares,
2545 4717 2800 4786 quoniam
2831 4732 2933 4770 una
2964 4726 3046 4772 est
3072 4716 3236 4772 fides:
3269 4718 3320 4772 in
3351 4718 3550 4771 virtute

1958 4819 2138 4864 autem
2183 4809 2309 4864 vitae
2354 4825 2460 4865 non
2509 4818 2735 4880 possunt
2778 4825 2968 4866 omnes
3011 4825 3130 4865 esse
3173 4811 3352 4865 iidem.
3391 4810 3550 4864 Fides

1958 4904 2100 4958 enim
2125 4918 2232 4958 non
2263 4913 2344 4957 est
2373 4904 2475 4958 alia
2503 4903 2702 4968 minor,
2736 4904 2836 4957 alia
2859 4905 3214 4974 praestantior,
3240 4903 3334 4959 sed
3358 4904 3546 4960 eadem

1958 5007 2041 5050 est
2062 4997 2300 5050 omnium
2347 5011 2475 5050 vere
2504 4995 2860 5051 credentium.
2891 4997 2957 5050 At
2983 4995 3034 5050 in
3068 4997 3173 5050 vita
3208 5007 3433 5066 possunt
3461 4995 3550 5048 alii

1958 5089 2172 5158 quidem
2201 5105 2322 5145 esse
2349 5089 2722 5153 studiosiores,
2749 5089 2836 5142 alii
2869 5089 3241 5154 socordiores;
3269 5089 3358 5143 alii
3384 5105 3548 5144 aecu-

1958 5182 2208 5249 ratiores,
2232 5182 2282 5236 al
2309 5182 2322 5236 i
2346 5182 2627 5237 inferiores
2647 5199 2662 5248 ;
2685 5183 2773 5236 alii
2797 5181 3023 5252 majora,
3055 5181 3143 5235 alii
3170 5182 3378 5236 minora
3403 5190 3551 5237 recte

1959 5289 2152 5344 agere;
2201 5283 2254 5330 et
2293 5275 2380 5329 alii
2429 5275 2662 5344 gravius,
2705 5273 2794 5328 alii
2826 5273 3004 5328 minus
3045 5274 3378 5344 delinquere.
3415 5274 3550 5328 Pro-

1958 5377 2142 5438 pterea
2172 5367 2308 5421 dixit
2333 5383 2545 5429 aurum,
2585 5374 2886 5436 argentum,
2931 5365 3135 5435 lapides
3161 5367 3448 5436 pretiosos,
3481 5365 3550 5418 li—

1959 5475 2081 5530 gna,
2103 5459 2326 5525 fustium,
2351 5459 2625 5528 Stipulam.
2651 5456 3062 5527 Uniuscujusque
3078 5473 3206 5528 opus
3224 5457 3552 5527 manifestum

1959 5554 2071 5605 erit.
2098 5550 2197 5606 Hic
2225 5551 2292 5605 de
2319 5551 2532 5604 actione
2573 5550 2829 5620 loquitur.
2875 5550 2936 5604 Si
2959 5551 3105 5621 cujus
3135 5567 3264 5620 opus
3287 5547 3548 5611 ntanserit,

1958 5643 2094 5712 quod
2114 5642 2611 5713 superwdiﬁcaverit,
2635 5640 2912 5694 mercedem
2932 5642 3174 5710 accipiet;
3195 5639 3239 5693 si
3260 5639 3406 5708 cujus
3422 5652 3550 5705 opus

1960 5738 2162 5798 ars-erit,
2197 5735 2549 5788 detrimentum
2574 5735 2808 5803 accipiet.
2839 5733 2996 5804 Atqui
3020 5732 3063 5786 si
3093 5732 3162 5787 de
3190 5729 3466 5798 discipulis
3493 5737 3549 5784 et

1960 5827 2271 5885 doctoribus
2299 5827 2348 5882 id
2377 5825 2664 5892 diceretur,
2700 5840 2806 5880 non
2837 5823 3162 5894 oportuisset
3181 5821 3430 5881 doctores
3451 5819 3546 5879 dc-
