4086 6418
575 331 648 389 79
1316 326 1375 382 S.
1413 323 1691 382 JOANNIS
1726 321 2197 381 CIIRYSOSTOMI
2236 321 2553 382 ARCHIEP.
2593 325 3120 388 CONSTANTINOP.
3789 341 3852 398 δῦ

577 448 893 504 trimeutum
926 444 1189 515 recipere,
1221 442 1267 497 si
1296 457 1400 496 non
1436 439 1713 496 audissent
1738 436 2010 510 discipuli.
2042 437 2171 494 Ideo

574 542 651 595 ait
671 558 683 593 :
706 538 1064 608 Unusquisque
1083 535 1341 606 propriam
1363 533 1642 587 mercedem
1657 532 1871 601 accipiet
1893 530 2173 587 secundum

577 634 847 703 proprium
886 630 1146 695 laborem;
1177 641 1283 682 non
1310 623 1606 681 secundum
1639 624 1823 692 finem,
1851 624 1945 679 sed
1975 638 2170 678 secun-

577 724 707 779 dum
741 724 1001 779 laborem.
1034 719 1170 789 Quid
1191 718 1358 784 enim,
1387 716 1432 772 si
1465 732 1570 773 non
1601 715 1931 772 attenderint
1956 715 2169 770 audito-

576 818 704 873 res?
744 816 1079 885 Quapropter
1107 812 1230 867 hinc
1277 810 1540 883 liquidum
1579 819 1664 866 est
1705 808 1792 865 hic
1818 810 1887 865 de
1916 809 2171 880 operibus

576 910 680 979 agi.
714 909 766 963 Id
792 915 970 963 autem
1002 905 1117 960 vult
1143 903 1447 974 significare
1472 921 1485 958 :
1516 902 1561 957 si
1591 904 1711 973 quis
1738 916 1860 957 cum
1893 912 2039 956 recta
2063 899 2169 956 fide

576 1002 772 1056 malam
817 1003 981 1054 vitam
1013 1007 1156 1069 agat,
1202 997 1329 1053 huic
1359 1012 1466 1051 non
1513 996 1755 1067 proderit
1800 995 1932 1051 fides
1963 1004 2022 1050 ut
2057 1009 2166 1049 non

576 1091 844 1162 puniatur,
878 1089 1104 1146 ardente
1133 1104 1321 1160 opere.
1347 1087 1480 1143 Illud
1506 1095 1708 1155 autem,
1738 1087 1953 1152 Arserit,
1980 1086 2029 1141 id
2059 1095 2164 1153 est,

575 1201 682 1240 non
707 1184 889 1240 tulerit
913 1184 1023 1239 vim
1055 1184 1213 1255 ignis.
1244 1181 1353 1239 Sed
1382 1182 1510 1238 utsi
1539 1181 1660 1253 quis
1684 1196 1833 1236 arma
1873 1194 2039 1235 aurea
2071 1178 2167 1234 ha-

573 1278 709 1333 bens
758 1275 981 1333 ﬂuvium
1055 1276 1270 1347 igneum
1335 1274 1599 1344 trajiciat,
1657 1273 1837 1330 alacer
1882 1272 2161 1338 transibit;

572 1368 617 1423 si
645 1377 824 1423 autem
846 1367 1047 1423 ftenum
1071 1365 1276 1422 habens
1304 1374 1561 1433 transeat,
1584 1380 1692 1421 non
1714 1364 1875 1420 modo
1893 1363 2024 1420 nihil
2044 1378 2166 1434 pro-

574 1459 705 1523 ﬁcit,
729 1457 822 1514 sed
842 1457 1006 1514 etiam
1028 1457 1263 1528 seipsum
1291 1455 1499 1527 perdit:
1523 1456 1593 1511 ita
1623 1465 1707 1512 est
1734 1464 1789 1511 et
1813 1455 1864 1510 in
1887 1454 2160 1526 operibus.

571 1551 691 1607 Non
713 1551 855 1606 enim
883 1550 970 1606 hic
994 1549 1228 1622 loquitur
1248 1549 1400 1620 quasi
1423 1548 1491 1604 de
1518 1544 1764 1619 personis
1787 1560 1911 1603 vere
1935 1546 2159 1611 adustis,

571 1645 667 1701 sed
699 1644 874 1714 potius
904 1651 963 1697 ut
1008 1650 1210 1697 metum
1245 1640 1490 1705 incutiat,
1523 1638 1879 1708 ostendatque
1917 1652 2040 1692 eum
2071 1637 2162 1707 qui

574 1737 630 1792 in
662 1734 894 1805 nequitia
923 1734 1054 1789 vivit
1085 1731 1283 1787 nudum
1314 1730 1564 1803 prmsidio
1603 1738 1659 1786 et
1688 1728 1979 1785 securitate
2004 1741 2162 1784 esse:

574 1835 904 1899 quapropter
924 1825 1018 1890 ait,
1046 1823 1407 1879 Detrimentum
1430 1823 1667 1893 patietur.
1696 1820 1834 1877 Ecce
1854 1832 2017 1875 unum
2039 1834 2165 1890 sup-

573 1922 814 1994 plicium.
863 1916 987 1990 Ipse
1030 1928 1199 1972 autem
1240 1917 1410 1972 salvus
1454 1916 1569 1983 erit,
1602 1916 1675 1970 sic
1714 1923 1879 1969 tamen
1906 1913 2048 1984 quasi
2073 1928 2163 1984 per

571 2013 760 2085 ignem.
803 2010 944 2066 Ecce
973 2006 1291 2067 secundum.
1322 2007 1436 2063 Hoc
1461 2015 1639 2062 autem
1667 2005 1782 2061 vult
1820 2003 2157 2076 significare:

570 2120 678 2161 nou
707 2105 785 2160 sic
810 2104 902 2159 ille
932 2101 1130 2173 peribit
1169 2109 1229 2156 ut
1269 2114 1454 2169 opera,
1487 2097 1556 2154 ad
1600 2095 1824 2153 nihilum
1875 2095 2157 2163 redactus;

568 2197 665 2253 sed
695 2194 933 2250 manebit
959 2194 1013 2248 in
1041 2194 1182 2264 igne.
1225 2190 1465 2247 Salutem
1502 2191 1682 2260 itaque
1727 2189 1864 2244 hanc
1897 2202 2011 2243 rem
2059 2202 2160 2241 vo-

567 2299 676 2353 cat,
709 2287 802 2345 sed
834 2302 940 2343 non
989 2285 1344 2356 simpliciter;
1397 2284 1596 2355 adjecit
1642 2283 1808 2351 enim,
1859 2282 2017 2351 Quasi
2071 2298 2161 2352 per

565 2384 753 2453 ignem.
782 2380 914 2436 Nam
947 2395 1048 2435 nos
1076 2393 1293 2450 quoque
1323 2377 1565 2433 solemus
1590 2375 1793 2443 dicere,
1824 2373 1879 2429 in
1902 2373 2023 2445 igne
2047 2372 2157 2429 sai-

565 2489 664 2529 vus
694 2483 796 2541 est,
829 2472 897 2529 de
936 2472 1004 2527 iis
1041 2488 1163 2542 quae
1191 2485 1298 2527 non
1338 2469 1732 2526 comburuntur
1756 2482 1856 2523 nec
1881 2467 2063 2522 statim
2103 2467 2158 2523 in

562 2567 801 2620 cinerem
831 2565 1049 2619 abeunt.
1092 2561 1173 2617 Ne
1216 2576 1346 2633 ergo
1377 2561 1499 2631 quia
1541 2561 1718 2632 ignem
1750 2559 1967 2624 audisti,
2004 2566 2158 2630 putes

560 2671 676 2720 eos.
707 2656 795 2726 qui
816 2655 1230 2721 comburuntur,
1260 2653 1313 2709 in
1347 2652 1571 2708 nihilum
1602 2651 1794 2723 redigi.
1819 2651 1876 2707 Si
1900 2666 2028 2707 vero
2050 2649 2157 2708 tale

561 2749 884 2820 supplicium
939 2748 1167 2802 salutem
1216 2756 1395 2815 vocet,
1426 2761 1496 2803 ne
1524 2746 1737 2803 mireris
1773 2765 1786 2802 :
1828 2746 1968 2801 solet
2009 2745 2154 2802 enim

561 2842 722 2896 etiam
755 2841 807 2894 iu
840 2840 905 2893 iis
935 2853 1053 2910 qua:
1071 2839 1211 2894 male
1234 2846 1431 2893 sonant
1457 2837 1695 2909 pulchris
1723 2836 1797 2892 uti
1824 2836 2153 2904 nominibus,

561 2943 617 2987 et
648 2932 701 2986 in
736 2930 914 2996 bonis,
936 2930 1248 2985 contrariis.
1274 2928 1440 2985 Verbi
1467 2928 1661 3000 gratia,
1693 2927 2020 2998 captivitatis
2050 2942 2154 2983 no-

562 3044 686 3083 men
729 3025 886 3081 maia:
916 3024 996 3081 rei
1038 3039 1235 3080 nomen
1279 3038 1400 3080 esse
1430 3023 1673 3089 videtur;
1704 3022 1800 3079 sed
1827 3023 1879 3078 in
1910 3037 1971 3079 re
2011 3022 2153 3078 bona

560 3125 655 3180 illo
676 3140 803 3181 usus
825 3133 909 3180 est
939 3123 1156 3188 Paulus,
1204 3122 1426 3178 dicens:
1466 3121 1533 3176 In
1571 3121 1911 3192 captivitatem
1950 3130 2154 3191 agentes

559 3233 759 3270 omnem
785 3216 1172 3286 intelligentiam
1201 3213 1270 3268 ad
1300 3213 1633 3268 obedientiam
1674 3212 1859 3268 Citriin
1892 3212 1972 3282 (2.
2029 3211 2150 3267 Cor.

560 3308 649 3362 ιι).
682 3306 761 3379 5).
791 3307 857 3362 Ει
886 3308 939 3362 in
967 3321 1027 3363 re
1054 3305 1190 3361 mala
1223 3305 1361 3360 bene
1388 3314 1617 3360 sonante
1651 3303 1871 3360 nomine
1895 3317 2022 3359 usus
2045 3311 2149 3370 est,

558 3396 767 3466 dicens,
799 3397 1047 3470 Regnavit
1068 3408 1332 3469 peccatum
1363 3396 1537 3467 (Rom.
1571 3396 1626 3452 5.
1667 3394 1798 3468 21):
1829 3409 2153 3466 quamquam

558 3505 758 3545 nomen
792 3491 942 3560 regni
974 3489 1153 3560 potius
1177 3489 1315 3544 bene
1341 3495 1517 3545 sonet.
1547 3487 1639 3545 Sic
1667 3496 1724 3543 et
1753 3487 1859 3542 hoc
1886 3489 2008 3544 loco
2027 3502 2151 3543 cum

558 3581 711 3649 dicit,
740 3581 929 3637 Salvus
957 3582 1072 3648 erit,
1103 3580 1235 3636 nihil
1266 3580 1412 3635 aliud
1442 3595 1602 3651 quam
1628 3590 1973 3652 augmentum
2017 3594 2150 3650 sup-

554 3675 706 3745 plicii
736 3673 1128 3739 subiudicavit;
1157 3687 1221 3729 ac
1240 3672 1288 3728 si
1316 3672 1564 3737 dixisset,
1593 3671 1711 3742 Ipse
1750 3682 1930 3727 autem
1961 3685 2150 3727 mane-

555 3766 635 3820 bit
660 3767 711 3821 iu
741 3774 1001 3822 aeternum
1025 3766 1313 3820 cruciatus.
1346 3763 1551 3821 Deinde
1570 3764 1731 3819 etiam
1754 3764 1915 3820 infert
1933 3763 2147 3821 dicens:

558 3856 782 3911 Nescitis
806 3857 943 3928 quod
970 3857 1210 3928 templum
1239 3856 1340 3911 Dei
1363 3857 1519 3911 estis?
1543 3856 1678 3924 Quia
1698 3856 1841 3912 enim
1864 3855 1931 3913 de
1950 3856 2037 3924 iis,
2059 3848 2150 3927 qui

555 3950 808 4006 scindunt
834 3950 1151 4016 Ecclesium,
1181 3953 1430 4021 superius
1470 3949 1722 4020 loquutus
1748 3958 1854 4014 est,
1896 3949 2151 4020 deinceps

554 4043 703 4099 illum
732 4043 1063 4114 perstringit,
1081 4044 1172 4114 qui
1193 4042 1488 4099 fornicatus
1506 4050 1643 4108 erat,
1673 4042 1909 4098 nondum
1932 4043 2148 4113 quidem

554 4143 767 4204 aperte,
794 4136 892 4192 sed
943 4134 1242 4201 indefinite,
1282 4134 1399 4204 ejus
1427 4143 1737 4205 corruptam
1768 4137 1932 4191 vitam
1963 4137 2150 4192 subin-

553 4227 765 4293 dicans,
788 4236 844 4283 et
867 4236 1148 4297 peccatum
1174 4224 1512 4296 amplificatis
1537 4238 1569 4280 a
1599 4224 1745 4281 dono
1765 4225 1877 4296 jam
1905 4226 2007 4296 ipsi
2031 4227 2150 4282 col-

554 4319 686 4380 lato.
720 4319 926 4375 Deinde
952 4320 1089 4375 alios
1114 4332 1325 4389 quoque
1353 4318 1670 4388 perstringit
1694 4317 1764 4373 ab
1791 4318 1880 4385 iis,
1904 4317 2153 4389 qutejatn

555 4410 656 4478 ipsi
692 4411 1011 4466 habuerant.
1058 4410 1184 4466 Sive
1220 4409 1364 4464 enim
1406 4423 1437 4463 a
1466 4406 1677 4475 futuris,
1704 4410 1819 4464 sive
1842 4409 1911 4465 ab
1940 4410 2006 4465 Iis
2030 4426 2151 4482 qua

554 4500 665 4569 iam
689 4502 925 4566 inerant,
958 4511 1013 4557 et
1042 4499 1282 4554 molestis
1313 4506 1368 4553 et
1394 4496 1572 4563 bonis,
1604 4511 1818 4568 semper
1847 4498 1899 4554 id
1928 4498 2089 4556 facit:
2118 4514 2149 4554 a

556 4590 751 4645 futuris
776 4590 1019 4659 quidem,
1054 4587 1174 4642 Dies
1192 4587 1328 4642 enim
1348 4586 1642 4653 declarabit,
1670 4588 1807 4658 quod
1842 4589 1895 4641 in
1922 4588 2039 4659 igne
2065 4606 2152 4644 re-

555 4682 790 4748 veletur,-
820 4682 891 4736 ab
910 4681 977 4735 iis
1010 4688 1189 4735 autem
1218 4694 1338 4749 qua:
1359 4677 1470 4748 jam
1499 4677 1733 4745 fuerant,
1764 4677 1989 4734 Nescitis
2015 4682 2154 4749 quod

554 4773 803 4844 templum
828 4770 929 4825 Dei
954 4771 1093 4835 estis,
1120 4779 1168 4825 et
1189 4769 1419 4841 Spiritus
1443 4768 1538 4824 Dei
1557 4769 1749 4825 habitat
1776 4770 1828 4823 in
1865 4771 2022 4824 vobis.
2056 4771 2146 4826 i7.

559 4865 623 4920 Si
646 4864 759 4934 quis
787 4863 1031 4935 templum
1053 4863 1152 4919 Dei
1218 4863 1500 4929 violaverit,
1523 4862 1780 4933 disperde!
1810 4863 1957 4919 illum
1987 4863 2151 4920 Deus.

562 4957 749 5013 Viden‘
776 4957 1037 5013 orationis
1058 4956 1487 5014 vehementiam?
1511 4955 1618 5012 Sed
1645 4956 1897 5028 quamdiu
1921 4971 2155 5027 persona

555 5057 643 5106 cst
670 5050 869 5120 ignota,
909 5065 1016 5106 non
1061 5059 1146 5107 est
1181 5050 1320 5107 adeo
1361 5064 1526 5121 grave
1569 5049 1713 5121 quod
1762 5048 1979 5117 dicitur,
2025 5065 2155 5106 cum

559 5156 754 5198 omnes
779 5142 1025 5199 timorem
1048 5144 1407 5216 correptionis
1444 5144 1733 5215 participes
1754 5144 2002 5201 subeant.
2025 5144 2152 5200 Dis-

559 5234 734 5306 perdet
761 5236 909 5291 illum
935 5235 1103 5301 Deus;
1124 5237 1178 5292 id
1212 5245 1332 5305 est,
1353 5237 1542 5293 ail'eret
1567 5237 1940 5293 exitium.lloc
1966 5248 2153 5295 autem

560 5342 669 5383 non
716 5338 801 5384 est
844 5328 983 5384 male
1011 5328 1261 5397 dicentis,
1307 5329 1401 5387 sed
1452 5330 1844 5401 prephetantis.
1875 5330 2152 5403 Templum

558 5420 690 5481 enim
730 5419 830 5475 Dei
854 5431 1087 5477 sanctum
1113 5433 1209 5477 est.
1250 5422 1569 5479 Fornicator
1593 5438 1723 5505 ergo
1747 5434 1829 5481 est
1870 5425 2148 5496 profanus.

558 5511 766 5569 Deinde
795 5529 865 5570 ne
893 5513 1165 5570 videretur
1184 5513 1250 5569 ad
1273 5515 1420 5570 illum
1451 5516 1722 5586 respicere
1748 5530 1870 5572 cum
1899 5516 2148 5585 dixisset,

557 5603 829 5675 Templum
856 5606 992 5661 enim
1014 5605 1113 5661 Dei
1136 5616 1370 5662 sanctum
1388 5617 1483 5674 est,
1513 5607 1813 5679 subiunxit,
1848 5607 1999 5674 Quod
2032 5609 2153 5665 estis

559 5706 667 5747 eos.
691 5696 775 5753 18.
800 5696 966 5753 Nemo
995 5700 1219 5769 scipsum
1259 5697 1484 5753 seducat.
1518 5698 1632 5754 Hoc
1658 5712 1872 5770 quoque
1896 5700 1962 5756 ad
1994 5700 2151 5756 illum

562 5792 784 5855 ανθριειι,
815 5800 872 5846 ιιι
896 5791 986 5863 qui
1012 5806 1072 5852 sc
1095 5790 1427 5848 existimaret
1455 5790 1655 5863 aliquid
1695 5806 1835 5862 esse,
1864 5800 1918 5849 ct
1953 5791 2022 5849 de
2049 5808 2138 5849 sa-

2285 442 2483 513 pientia
2510 442 2851 514 gloriaretur.
2875 444 2951 502 Ne
2973 446 3248 504 videretur
3266 458 3447 506 autem
3467 453 3728 510 curiosius
3744 457 3852 513 diu-

2283 536 2493 606 tiusque
2525 536 2679 590 illum
2708 537 2989 607 impetere,
3019 554 3142 595 eum
3174 541 3229 595 in
3271 556 3527 614 angorem
3573 554 3631 601 et
3667 557 3850 603 metum

2281 624 2431 678 illum
2453 625 2793 695 coniecisset,
2818 644 3004 684 rursus
3018 628 3084 684 ad
3106 645 3448 688 communem
3469 638 3849 696 accusationem

2279 716 2579 773 orationem
2627 719 2844 776 deducit
2890 720 3201 780 diccus:Si
3226 724 3341 796 quis
3385 727 3581 782 videtur
3617 730 3747 783 inter
3772 748 3850 788 eos

2276 826 2479 879 sapiens
2508 826 2615 867 esse
2642 815 2694 867 in
2733 814 2829 869 Itoc
2854 816 3062 885 steculo,
3092 818 3275 873 stultus
3301 820 3413 889 ﬁat,
3460 830 3516 875 ut
3552 823 3618 877 sit
3641 826 3848 893 sapiens.

2279 901 2393 959 lioc
2436 914 2616 960 autem
2655 905 2849 961 deinde
2880 907 3004 963 facit
3046 923 3168 964 cum
3199 924 3390 981 magna
3423 912 3672 984 loquendi
3703 915 3850 972 iiber-

2276 1003 2406 1064 tate,
2440 1006 2623 1067 utpote
2649 1000 2741 1069 qui
2769 1000 2889 1057 illos
2926 1002 3059 1058 satis
3094 1006 3463 1075 expugnarit‘.
3491 1006 3623 1063 Nam
3652 1010 3848 1067 etiamsi

2273 1089 2394 1158 quis
2415 1090 2486 1145 sit
2510 1091 2682 1158 dives,
2710 1094 2921 1150 etiamsi
2952 1096 3168 1166 nobilis,
3202 1098 3389 1154 vilium
3416 1101 3655 1158 omnium
3682 1113 3761 1160 est
3778 1105 3850 1161 vi-

2273 1179 2529 1250 lissimus,
2552 1185 2766 1255 quando
2785 1199 2973 1260 captus
2998 1190 3158 1247 fuerit
3180 1206 3211 1247 a
3233 1205 3473 1265 peccato.
3497 1197 3844 1264 Quemadmo-

2272 1271 2398 1328 dum
2428 1274 2570 1331 enitn
2595 1276 2641 1332 si
2665 1278 2786 1348 quis
2810 1291 2903 1336 res
2931 1282 3021 1348 sit,
3044 1292 3099 1339 et
3124 1284 3472 1342 barbarorum
3495 1298 3677 1358 postea
3698 1290 3847 1362 capti-

2272 1382 2371 1424 vus
2399 1368 2509 1438 iiat,
2537 1371 2777 1427 omnium
2800 1381 2885 1429 est
2912 1375 3276 1446 miserrimus;
3310 1380 3380 1434 ita
3401 1382 3564 1437 etiam
3591 1384 3647 1439 in
3672 1398 3878 1457 pecca-,

2272 1469 2348 1519 to.
2370 1461 2639 1520 Barbarus
2658 1465 2802 1522 enim
2832 1469 3050 1538 quidam
3071 1481 3153 1528 est
3175 1478 3475 1544 peccatum,
3503 1476 3643 1549 quod
3667 1479 3844 1535 animze

2270 1557 2437 1610 semel
2467 1566 2639 1627 capta:
2667 1573 2889 1629 parcere
2914 1564 3141 1631 nesciat,
3169 1565 3267 1621 sed
3289 1567 3342 1622 in
3361 1569 3652 1639 perniciem
3669 1584 3844 1627 eorum

2269 1648 2357 1717 qui
2386 1649 2526 1718 capti
2552 1659 2678 1705 sunt
2706 1654 3047 1722 tyrannidem
3081 1670 3232 1712 suam
3263 1668 3537 1717 exerceat.

2341 1744 2393 1798 ι.
2415 1743 2618 1799 Peccati
2633 1746 2924 1818 descriptio.
2943 1750 3098 1806 Avari
3113 1753 3521 1824 imago.-—-Nibil
3540 1756 3680 1813 enim
3693 1758 3761 1813 ita
3774 1760 3843 1815 in-

2267 1834 2666 1893 consideratum
2679 1848 2764 1894 est
2783 1849 2838 1894 ut
2858 1850 3157 1911 peccatum,
3175 1844 3306 1899 nihil
3327 1846 3398 1900 ita
3422 1846 3698 1917 insipiens,
3713 1847 3837 1904 stul-

2270 1937 2380 1984 tum
2402 1942 2466 1985 ac
2483 1931 2806 1989 violentum:
2825 1937 3006 1991 omnia
3025 1940 3218 1994 evertit
3243 1948 3298 1995 et
3319 1941 3616 2009 confundit,
3641 1953 3695 1999 et
3724 1960 3832 2015 per-

2266 2022 2366 2089 dit,
2388 2039 2730 2096 quocumque
2757 2026 2897 2082 insili
2916 2029 3020 2084 erit
3038 2032 3176 2086 :visu
3199 2030 3464 2100 deforme,
3484 2049 3645 2107 grave
3664 2046 3714 2093 et
3729 2053 3837 2094 tne-

2268 2113 2479 2169 Iestum.
2513 2115 2579 2171 Et
2603 2117 2648 2172 si
2675 2119 2794 2187 quis
2818 2120 2993 2188 ipsum
3024 2121 3199 2191 pictor
3218 2122 3525 2196 effingeret,
3558 2143 3662 2182 non
3694 2128 3834 2185 aber-

2267 2215 2503 2262 raturum
2530 2207 2692 2265 fuisse
2713 2210 2843 2266 mihi
2873 2211 3106 2283 videtur,
3134 2216 3179 2271 si
3204 2216 3283 2272 sic
3307 2217 3483 2288 ipsum
3507 2220 3834 2279 en‘ormaret:

2265 2298 2544 2356 mulierem
2590 2314 2785 2374 nempe
2810 2305 3094 2375 quamdam
3138 2306 3311 2365 forma
3358 2310 3630 2381 belluina,
3663 2315 3837 2370 barba-

2265 2409 2402 2463 ram,
2433 2394 2609 2465 ignem
2642 2397 2939 2468 spirantem
2960 2440 2977 2467 ,
3011 2388 3380 2470 iniucundam,
3410 2406 3641 2477 nigram,
3668 2408 3836 2479 quales

2263 2487 2469 2544 externi
2517 2497 2689 2560 poetae
2734 2490 2944 2563 Scyllas
2986 2492 3303 2565 depingunt.
3354 2497 3659 2556 lnnumeris
3704 2499 3836 2556 enim

2262 2580 2511 2637 manibus
2538 2583 2891 2653 cogitationes
2920 2595 3132 2643 nostras
3174 2588 3535 2659 apprehendit
3557 2633 3574 2659 ,
3598 2602 3751 2666 atque
3772 2606 3832 2650 ex

2263 2672 2557 2744 improviso
2588 2676 2887 2747 ingreditur
2910 2719 2926 2745 ,
2959 2680 3249 2750 omniaque
3275 2681 3542 2756 discerpit
3568 2694 3622 2742 et
3644 2686 3832 2743 dilace-

2261 2774 2367 2831 rat,
2391 2766 2532 2822 sicut
2551 2780 2716 2824 canes
2736 2770 3039 2826 clanculum
3068 2771 3399 2831 mordentes.
3425 2775 3543 2833 lmo
3566 2777 3688 2848 quid
3711 2790 3829 2848 opus

2260 2857 2416 2914 nobis
2434 2867 2519 2915 est
2538 2859 2767 2929 pictura,
2790 2875 2915 2917 eum
2932 2862 3092 2920 liceat
3113 2879 3229 2931 eos,
3247 2866 3337 2936 qui
3362 2867 3495 2923 illud
3519 2878 3829 2940 perpetrant,

2260 2948 2314 3004 in
2340 2949 2574 3005 medium
2594 2950 2898 3009 adducere?
2914 2953 3084 3022 Quem
3108 2955 3292 3026 itaque
3314 2958 3480 3016 vultis
3501 2961 3722 3032 primum
3745 2960 3835 3017 de-

2258 3038 2590 3100 scribamus?
2611 3057 2829 3101 avarum
2848 3057 2903 3103 et
2916 3056 3186 3119 raptorem
3199 3049 3224 3101 ?
3243 3048 3448 3122 Ecquid
3462 3062 3550 3109 est
3563 3052 3829 3109 oculisiliis

2260 3136 2671 3207 Intpudentius?
2697 3137 2824 3209 quid
2848 3139 3017 3210 magis
3037 3140 3458 3199 inverecundum
3482 3187 3499 3211 ,
3530 3144 3653 3217 quid
3678 3142 3830 3215 magis

2258 3229 2556 3284 caninum?
2583 3240 2689 3285 non
2716 3231 2859 3285 enim
2880 3232 3032 3289 canis
3071 3232 3141 3288 ita
3184 3234 3472 3304 impudens
3499 3246 3608 3292 stat
3641 3247 3697 3292 ut
3719 3236 3827 3302 hic,

2258 3320 2473 3392 quando
2497 3318 2738 3377 omnium
2765 3321 2906 3377 bona
2937 3324 3097 3393 rapit.
3130 3323 3273 3391 Quid
3300 3326 3555 3384 manibus
3582 3327 3722 3383 illius
3740 3326 3829 3382 de—

2261 3411 2599 3468 testabilius?
2643 3412 2772 3484 quid
2802 3428 2902 3470 ore
2950 3414 3280 3486 petulantius
3325 3417 3481 3488 ejus,
3535 3419 3624 3490 qui
3668 3416 3830 3475 omnia

2258 3505 2511 3571 devorat,
2543 3514 2600 3562 et
2645 3522 2936 3578 numquam
2981 3509 3251 3566 satiatur?
3294 3509 3374 3567 Ne
3415 3512 3540 3582 ejus
3567 3514 3758 3569 vultum
3782 3521 3831 3568 et

2257 3601 2448 3657 oculos
2478 3601 2772 3670 intuearis,
2803 3602 2949 3673 quod
2995 3603 3104 3659 sint
3134 3604 3367 3662 hominis
3397 3622 3412 3660 :
3439 3623 3552 3663 non
3582 3609 3718 3664 enim
3762 3606 3832 3663 sic

2257 3694 2524 3764 aspiciunt
2567 3693 2785 3749 humani
2832 3695 2995 3750 oculi.
3046 3695 3164 3751 Non
3210 3696 3403 3769 aspicit
3457 3700 3556 3758 ille
3604 3700 3831 3757 homines

2259 3793 2531 3858 tamquam
2561 3787 2812 3844 homines
2837 3806 2850 3843 :
2881 3805 2988 3843 non
3010 3788 3201 3860 aspicit
3225 3790 3416 3846 cadum
3442 3800 3709 3864 tamquam
3728 3806 3826 3847 cte-

2259 3879 2368 3934 ium
2393 3896 2407 3932 :
2434 3878 2503 3934 ad
2548 3876 2836 3935 Dominum
2877 3894 2984 3936 non
3014 3892 3144 3935 nutu
3173 3896 3273 3938 suo
3302 3882 3494 3951 tendit,
3542 3884 3635 3941 sed
3663 3882 3829 3939 omnia

2257 3971 2514 4042 pedunias
2537 3962 2665 4027 esse
2684 3972 2974 4028 existimat.
3002 3972 3231 4029 iiumani
3257 3975 3399 4030 oculi
3424 3977 3605 4033 solent
3622 3975 3829 4031 afﬂictos

2259 4066 2507 4121 homines
2533 4065 2732 4121 intueri
2761 4076 2817 4121 et
2852 4064 3057 4137 frangi;
3083 4068 3356 4138 rapacium
3404 4068 3552 4125 oculi
3583 4080 3830 4140 pauperes

2257 4158 2474 4225 vident,
2506 4166 2561 4213 et
2586 4156 2880 4213 oderantur
2907 4175 2920 4213 :
2952 4158 3171 4214 immani
3214 4159 3356 4215 oculi
3404 4175 3514 4216 non
3543 4171 3601 4217 ut
3641 4175 3730 4216 sua
3750 4155 3830 4213 in-

2257 4260 2474 4306 tnentur
2500 4251 2675 4304 aliena
2699 4291 2716 4317 ,
2746 4250 2844 4307 sed
2868 4251 3085 4321 propria
3121 4251 3225 4307 sibi
3255 4259 3316 4308 ut
3342 4252 3520 4308 aliena
3543 4252 3719 4310 vident
3743 4268 3757 4306 :
3779 4257 3829 4306 et

2257 4353 2318 4397 ea
2346 4357 2467 4413 quae
2491 4342 2611 4396 aliis
2639 4341 2762 4397 data
2793 4351 2921 4398 sunt
2970 4358 3079 4397 non
3107 4345 3532 4414 concupiscunt,
3562 4344 3654 4401 sed
3679 4343 3827 4399 etiam

2260 4435 2311 4488 in
2340 4433 2475 4490 alios
2500 4447 2717 4504 qttoque
2741 4446 2837 4489 sua
2861 4432 3166 4490 eﬂundunt.
3216 4435 3280 4490 lii
3308 4450 3437 4489 vero
3466 4451 3580 4492 non
3609 4428 3829 4491 contenti

2257 4532 2402 4591 sunt,
2430 4523 2532 4579 nisi
2558 4523 2799 4579 omnium
2830 4524 2969 4580 bona
2998 4524 3271 4595 abripiant
3303 4543 3316 4579 :
3343 4542 3452 4581 nou
3485 4527 3630 4582 enim
3656 4525 3830 4579 liuius-

2258 4630 2384 4671 num
2409 4657 2423 4684 ,
2455 4615 2548 4671 sed
2593 4615 2822 4671 ferinum
2855 4616 3058 4673 habent
3081 4617 3280 4673 visum.
3313 4617 3545 4674 Humani
3576 4616 3713 4673 oculi
3737 4628 3827 4669 nu-

2256 4707 2383 4761 dum
2412 4706 2594 4762 videre
2617 4720 2817 4777 corpus
2842 4722 2998 4763 suum
3026 4724 3132 4763 non
3158 4707 3367 4775 ferunt;
3398 4725 3552 4764 suum
3577 4708 3714 4764 enim
3733 4714 3826 4771 est,

2257 4800 2467 4856 etiamsi
2488 4799 2716 4856 aliorum
2739 4810 2994 4872 quantum
3026 4801 3093 4856 ad
3125 4812 3411 4871 personam
3444 4819 3460 4857 :
3492 4802 3547 4857 hi
3573 4816 3718 4865 vero,
3735 4796 3830 4853 nisi

2257 4893 2437 4949 omnia
2453 4891 2773 4948 denudarint
2791 4899 2844 4948 et
2869 4892 3047 4948 omnia
3064 4893 3209 4949 domi
3227 4895 3542 4960 recondunt,
3557 4901 3829 4962 numquam

2257 4989 2538 5055 satiantur,
2560 4988 2666 5043 imo
2694 5000 2826 5043 vero
2851 5001 3142 5058 numquam
3175 4986 3478 5057 implentur.
3504 4988 3627 5044 Ideo
3653 4990 3828 5041 serunt

2259 5096 2448 5136 manus
2478 5093 2582 5135 non
2614 5082 2844 5135 ferarum
2868 5094 3060 5135 manus
3083 5088 3287 5136 tantum
3318 5080 3539 5149 dixeris,
3563 5077 3656 5134 sed
3684 5076 3829 5143 longe

2259 5171 2547 5228 ferociores
2576 5180 2632 5227 et
2662 5172 3029 5227 humaniores.-
3073 5171 3194 5227 Ursi
3246 5187 3476 5243 namque
3501 5180 3556 5226 et
3583 5168 3688 5239 lupi
3716 5179 3828 5222 cum

2257 5262 2435 5317 satiati
2464 5261 2680 5328 iuerint,
2701 5277 2732 5318 a
2750 5263 2839 5317 tali
2860 5263 3117 5319 alimento
3141 5263 3430 5320 recedunt:
3452 5262 3506 5317 lti
3531 5276 3659 5317 vero
3683 5268 3829 5314 num-

2257 5367 2418 5423 quam
2448 5337 2730 5408 satianlur.
2774 5355 2935 5425 Atqui
2982 5364 3266 5426 prepterea
3299 5356 3443 5411 Deus
3472 5366 3659 5409 manus
3685 5346 3830 5405 nobis

2258 5445 2406 5502 dedit
2432 5455 2491 5500 ut
2515 5447 2635 5503 aliis
2677 5462 2838 5517 opem
2870 5447 3105 5505 feramus
3130 5491 3145 5517 ,
3174 5464 3282 5504 non
3323 5459 3381 5504 ut
3410 5450 3475 5504 iis
3502 5445 3824 5502 iusidiemur.

2258 5536 2392 5594 Nam
2415 5540 2460 5595 si
2488 5541 2621 5611 ipsis
2645 5541 2714 5598 ad
2744 5541 2849 5598 hoc
2870 5542 3018 5599 usuri
3041 5558 3307 5609 essemus,
3336 5543 3527 5600 melius
3553 5547 3696 5598 esset
3720 5537 3828 5592 illas

2326 5677 2341 5708 ι
2365 5677 2565 5747 Samius
2587 5683 2696 5739 post
2716 5674 3189 5747 expugnqﬁttponit
3218 5678 3268 5747 in
3312 5677 3549 5747 margine,
3582 5678 3629 5724 el
3657 5677 3828 5747 tergm:

2259 5737 2564 5800 commoverit
2584 5729 2678 5800 non
2698 5729 3331 5800 modo'ltujus'fornicatom
3350 5729 3571 5800 mentem,
3588 5733 3671 5787 sed
3692 5729 3827 5784 etiam

2262 5798 2577 5865 audiattium,
2603 5797 2926 5854 dicendorum
2944 5797 3039 5853 rint
3062 5810 3378 5865 prtcmensus.
