4086 6420
574 330 635 385 8|
1257 320 1314 373 S.
1355 317 1642 375 JOANNIS
1676 314 2170 375 CIIRYSOSTOEII

2271 314 2530 376 RCHIEP.
2570 319 2704 376 CON
2714 319 3121 378 STANTINOP.
3731 333 3794 391 89,

571 452 665 491 νον
689 433 919 505 πρᾶγμα
941 428 1234 502 καλοῦμεν,
1263 431 1326 483 :0
1358 430 1509 484 ἐλέου
1536 431 1705 502 γέμον
1737 432 1833 485 xal
1856 428 2153 501 φιλανθρω-

577 522 709 582 πίας
734 534 749 583 ;
778 519 907 570 ὅταν
936 515 994 569 δὲ
1021 514 1171 586 ὠμόν
1201 531 1253 568 τι
1276 513 1370 569 καὶ
1394 514 1603 585 ἀπηνὲς
1629 515 1950 584 ἐργάσηται,
1987 511 2155 566 ἀπάν-

577 602 796 674 θρωπον
818 600 908 654 τὸν
929 598 1167 653 τοιοῦτον
1214 597 1574 667 ὀνομάζομεν.
1621 597 1831 651 Οὐκοῦν
1874 597 1963 650 τὸν
1985 612 2154 674 χαρα-

579 665 758 757 κτῆρα
776 682 871 737 τοῦ
900 682 1189 753 ἀνθρώπου
1244 665 1353 735 ἀπὸ
1396 665 1488 735 τοῦ
1514 682 1704 747 ἐλεεῖν,
1733 680 1828 735 τοῦ
1879 681 1935 734 δὲ
1963 665 2153 749 θηρίου

577 769 688 824 ἀπὸ
723 767 817 822 τοῦ
864 767 1105 821 ἐναντίου
1149 766 1565 835 ὑπογράφομεν,
1618 765 1868 833 λέγοντες
1904 763 2011 817 ἀεί·
2064 763 2155 830 Μὴ

578 852 687 922 γάρ
715 851 1033 921 ἀνθρωπος;
1058 848 1293 920 θηρίονῆ
1324 848 1491 902 κύων.
1532 848 1596 902 Ol
1625 847 1735 919 γάρ
1763 847 2038 915 ἄνθρωποι
2056 862 2155 898 πε-

579 936 701 986 νίαν
723 931 1046 1002 διορθοῦσιν,
1077 934 1178 986 οὐκ
1206 930 1449 996 αὔξουσι.
1477 931 1695 985 Τούτων
1716 931 1810 984 καὶ
1825 929 1895 983 τά
1915 928 2158 1000 στόματα

580 1015 783 1087 θηρίων
808 1015 923 1067 ἐστί
961 1015 1226 1085 στόματα,
1279 1014 1478 1085 μᾶλλον
1515 1014 1573 1068 δὲ
1602 1013 1698 1067 καὶ
1725 1011 1897 1067 ταῦτα
1931 1011 2156 1065 ἐκείνων

579 1097 912 1169 ἀγριώτερα·
966 1098 1063 1150 καὶ
1122 1097 1232 1168 γάρ
1296 1098 1517 1168 ῥήματα
1571 1096 1901 1166 φθέγγονται
1956 1093 2157 1165 μᾶλλον

578 1181 803 1234 ἐκείνων
831 1181 940 1233 τῶν
967 1180 1195 1233 ὀδόντων
1228 1179 1305 1233 ἰὸν
1335 1179 1586 1249 ἀφιέντα.
1610 1180 1768 1247 φόνον
1793 1178 2154 1252 ἐργαζόμενα.

580 1265 691 1318 Kal
717 1266 767 1316 εἰ
813 1264 991 1317 πάντα
1022 1281 1106 1327 τις
1137 1262 1374 1327 ἐπέλθοι,
1400 1263 1523 1316 τότε
1575 1261 1768 1332 ὄψεται
1810 1261 2012 1326 καλῶς,
2040 1260 2158 1324 πῶς

580 1347 744 1418 θηρία
770 1346 879 1400 ἀπὸ
910 1346 1215 1418 ἀνθρώπων
1241 1348 1369 1410 τοὺς
1388 1346 1706 1417 χρωμένους
1735 1347 1767 1415 ἡ
1791 1346 1968 1399 ἀπανο
1979 1345 2159 1417 ρωπία

580 1433 746 1486 ποιεῖ.
769 1431 831 1482 Εἰ
857 1430 913 1483 δὲ
944 1430 1037 1483 καὶ
1065 1429 1164 1500 τὴν
1184 1430 1424 1483 διάνοιάν
1443 1446 1528 1493 τις
1560 1430 1831 1496 ἐξετάσειε
1848 1428 1960 1482 τῶν
1980 1426 2158 1481 τοιού-

580 1531 708 1580 των,
739 1512 923 1567 οὐκέτι
957 1512 1120 1584 θηρία
1153 1513 1332 1583 μόνον,
1369 1513 1504 1568 ἀλλά
1530 1515 1624 1567 καὶ
1663 1514 1925 1584 δαίμονας
1963 1514 2159 1577 αὐτοὺς

583 1601 859 1670 προσερεῖ.
881 1598 991 1651 Καὶ
1014 1598 1123 1666 γὰρ
1149 1597 1351 1668 πολλῆς
1377 1598 1605 1669 γέμουσι
1630 1597 1729 1667 τῆς
1773 1598 2041 1666 ἀπηνείας
2064 1598 2158 1651 καὶ

582 1683 681 1752 τῆς
709 1684 844 1751 πρὸς
873 1683 965 1735 τὸν
1005 1683 1292 1753 ὁμόδουλον
1336 1682 1556 1753 ἔχθρας·
1591 1682 1685 1735 καὶ
1724 1679 1848 1734 οὕτε
1880 1680 2158 1751 βασιλείας

583 1765 723 1835 ἔρως
750 1768 884 1831 ἐκεῖ,
907 1766 1030 1819 οὔτε
1060 1766 1281 1836 γεέννης
1303 1767 1488 1835 φόϐος,
1518 1767 1620 1819 οὐκ
1644 1764 1806 1829 αἰδὼς
1833 1763 2158 1837 ἀνθρώπων,

582 1848 685 1901 οὐκ
723 1848 893 1913 ἔλεος,
956 1849 1016 1902 οὐ
1058 1849 1410 1920 συμπάθεια,
1483 1848 1598 1902 ἀλλ’
1664 1848 2018 1918 ἀναισχυντία
2067 1849 2163 1901 καὶ

586 1931 869 2002 ἰταμότης,
895 1933 989 1985 καὶ
1015 1932 1284 2004 ὑπεροψία
1298 1932 1406 1985 τῶν
1437 1931 1741 2002 μελλόντων
1768 1932 2043 1986 ἀπάντων·
2069 1932 2163 1986 καὶ

586 2012 755 2083 μῦθος
789 2014 972 2078 αὐτοῖς
1004 2008 1144 2068 εἶναι
1166 2014 1315 2069 δοκεῖ
1338 2014 1408 2068 τὰ
1428 2014 1522 2069 τοῦ
1539 2014 1675 2069 Θεοῦ
1706 2015 1927 2086 ῥήματα
1944 2016 2013 2068 τά
2035 2014 2163 2086 περί

585 2097 880 2161 κολάσεως,
916 2098 1009 2152 καὶ
1051 2099 1225 2168 γέλως
1254 2101 1287 2169 ὴ
1318 2098 1535 2166 ἀπειλή.
1572 2099 1808 2171 Τοιαύτη
1842 2100 1951 2170 γὰρ
1987 2101 2019 2170 ὴ
2065 2098 2160 2152 τοῦ

584 2182 905 2235 πλεονέκτου
935 2183 1161 2237 διάνοια.
1194 2184 1364 2236 Ὅταν
1397 2179 1493 2237 οὖν
1545 2182 1754 2236 ἔνδοθεν
1787 2181 1886 2254 μὲν
1910 2183 2164 2252 δαίμονες

582 2258 736 2331 ὦσιν,
767 2265 966 2333 ἔξωθεν
994 2266 1050 2321 δὲ
1084 2267 1269 2339 θηρία,
1302 2268 1397 2320 καὶ
1426 2267 1631 2338 θηρίων
1660 2266 1894 2338 χείρους,
1933 2266 2037 2321 ποῦ
2069 2268 2163 2339 θή-

583 2366 750 2418 σομεν
776 2351 901 2413 τοὺς
924 2351 1218 2414 τοιούτους,
1251 2351 1373 2405 εἰπέ
1406 2368 1532 2422 μοι;
1565 2353 1689 2405 Ὀτι
1709 2352 1819 2423 γάρ
1837 2353 1929 2406 καὶ
1960 2352 2163 2423 θηρίων

584 2431 821 2502 χείρους,
852 2432 1013 2502 δῆλον
1059 2434 1297 2487 ἐκεῖθεν·
1330 2435 1410 2487 Τά
1440 2434 1605 2505 θηρία
1651 2438 1718 2507 τῇ
1749 2434 1906 2504 φύσει
1936 2434 2165 2490 τοιαῦτά

581 2514 749 2567 ἐστιν·
779 2509 924 2569 οὗτοι
950 2516 1008 2569 δὲ
1038 2516 1181 2571 κατὰ
1215 2517 1377 2587 φύσιν
1406 2517 1467 2569 τὸ
1494 2518 1701 2588 ἥμερον
1720 2518 1956 2588 ἔχοντες,
2009 2520 2165 2591 παρὰ

484 2634 503 2643 -
583 2596 744 2665 φύσιν
782 2599 863 2663 εἰς
908 2598 969 2653 τὸ
1005 2598 1271 2672 θηριῶδες
1305 2600 1534 2664 ἐαυτοὺς
1590 2599 1807 2670 ἐξάγειν
1862 2600 2161 2672 βιάζονται.

2255 428 2365 483 Kal
2393 432 2443 484 οἰ
2473 430 2726 501 δαίμονες
2751 433 2811 487 δέ
2837 434 2965 498 τοὺς
3010 432 3460 502 ἐπιϐουλεύοντας
3500 439 3794 510 ἀνθρωπους

2255 513 2709 583 συμπράττοντας
2746 516 2961 580 ἑαυτοῖς
2998 516 3229 586 ἔχουσιν·
3254 518 3330 582 ῶς
3353 522 3399 572 εἰ
3427 520 3499 592 μὴ
3520 523 3797 592 συνέπρατο

2252 611 2368 653 τον,
2386 595 2447 648 :0
2476 596 2635 650 πλέον
2657 597 2767 650 τῶν
2784 598 3087 653 ἐπιϐουλῶν
3106 613 3130 641 ι
3150 601 3259 654 τῶν
3284 602 3404 655 καθ’
3418 602 3571 675 ἡμῶν
3595 606 3798 673 ἐκείνοις

2253 676 2512 747 ἀνῄρητο·
2551 675 2695 734 οὗτοι
2743 680 2801 733 δὲ
2851 681 2945 734 καί
2991 682 3441 752 φιλονεικούντων
3492 687 3665 750 αὐτοῖς
3704 691 3802 745 τῶν

2254 761 2711 844 ἐπηρεαζομένων
2736 766 2956 834 κρατεῖν
2986 765 3343 839 ἐπιχειροῦσι.
3373 769 3536 822 Πάλιν
3559 771 3587 824 0
3615 771 3802 844 δαίμων

2254 842 2529 914 ἀνθρώπῳ
2569 844 2816 916 πολεμεῖ,
2865 846 2924 899 οὐ
2958 846 3177 918 δαίμοσι
3213 847 3330 922 ίὸθ]
3359 853 3471 915 τοῖς
3509 842 3799 922 ὁμοφύλοις⁸

2253 922 2407 992 οὗτος
2435 928 2492 981 δέ
2525 928 2585 981 :0
2611 930 2871 999 συγγενὲς
2884 931 2978 984 καὶ
2998 932 3196 985 οἰκεῖον
3222 935 3386 986 παντὶ
3413 936 3593 1006 τρόπῳ
3619 936 3802 990 κακοῦν

2255 1010 2556 1079 ἐπείγεται,
2584 1012 2681 1065 καὶ
2721 1013 2844 1067 ούδέ
2864 1014 2964 1084 τὴν
2985 1014 3146 1083 φύσιν
3164 1016 3417 1071 αἰδεῖται.
3444 1016 3570 1071 Οἶδα
3588 1020 3663 1072 ὅτι
3689 1019 3801 1072 πολ-

2255 1092 2338 1146 λοὶ
2358 1093 2493 1165 πρὸς
2520 1096 2666 1165 ἡμᾶς
2690 1094 2831 1166 ὑπὲρ
2856 1096 3063 1150 τούτων
3092 1098 3485 1168 ἀπεχθάνονται
3507 1100 3610 1153 τῶν
3641 1101 3802 1172 ῥημά-

2255 1193 2385 1231 των·
2445 1179 2556 1246 ἐγὼ
2592 1178 2652 1231 δέ
2683 1179 2785 1233 οὐκ
2822 1180 3201 1252 ἀπεχθάνομαι
3256 1182 3393 1255 πρὸς
3445 1183 3654 1247 αὐτοὺς,
3699 1183 3801 1237 ἀλλ’

2257 1259 2392 1313 ἐλεῶ
2429 1260 2523 1315 καὶ
2554 1261 2778 1333 δακρύω
2814 1264 2939 1327 τοὺς
2974 1263 3120 1319 οὕτω
3143 1265 3537 1337 διακειμένους·
3568 1265 3664 1319 κᾶν
3685 1266 3806 1335 πλῆ-

2259 1342 2346 1407 ξαι
2369 1342 2615 1404 θέλωσιν.
2645 1345 2815 1415 ἡδέως
2834 1344 2899 1400 ἀν
2929 1348 3290 1419 ἀνασχοίμην,
3327 1352 3375 1402 εἰ
3408 1349 3685 1418 ἀπέχοιντο
3717 1348 3808 1417 τῆς

2259 1424 2551 1498 θηριωδίας
2588 1428 2812 1499 ταύτης.
2850 1430 2985 1485 Ούδέ
3011 1433 3120 1502 γὰρ
3156 1431 3268 1500 ἐγὼ
3313 1432 3494 1503 μόνος,
3531 1431 3662 1485 ἀλλά
3686 1432 3811 1485 καὶὸ

2261 1513 2551 1581 προφήτης
2588 1510 2706 1582 μεθ’
2740 1512 2904 1582 ἡμῶν
2958 1515 3082 1578 τοὺς
3133 1513 3410 1578 τοιούτους
3445 1513 3687 1567 ἐκϐάλλει
3725 1516 3812 1583 τῆς

2257 1594 2367 1647 τῶν
2394 1593 2696 1664 ἀνθρώπων
2730 1595 3073 1664 συγγενείας,
3123 1596 3321 1665 λέγων,
3381 1598 3464 1650 ὅτι
3495 1598 3813 1666 Ἀνθρωπος

2256 1678 2327 1731 ἐν
2355 1676 2495 1746 τιμῇ
2532 1674 2619 1731 ὢν
2655 1680 2729 1733 οὺ
2772 1678 3070 1748 συνῆκεν,
3120 1681 3282 1736 ἀλλὰ
3331 1679 3812 1749 παίασυνεόλήθη

2258 1761 2382 1828 τοῖς
2414 1761 2665 1828 κτήνεσι
2699 1763 2826 1831 τοῖς
2874 1764 3176 1833 ἀνοήτοις.
3211 1764 3507 1836 Γενώμεθα
3536 1764 3708 1819 τοίνυν
3732 1763 3814 1818 ἀν-

2258 1842 2467 1915 θρωποί
2490 1860 2643 1908 ποτε,
2673 1846 2770 1899 καὶ
2805 1848 2887 1909 εἰς
2921 1847 3012 1902 τὸν
3045 1848 3274 1920 οὐρανὸν
3293 1847 3698 1917 ἀναϐλέψωμεν,
3732 1847 3816 1899 καὶ

2258 1928 2320 1982 :0
2349 1928 2469 1981 κατ’
2503 1930 2688 1982 εἰκόνα
2738 1930 3125 2003 ἀπολάϐωμεν,
3156 1933 3251 1987 καὶ
3289 1932 3515 1994 ἑαυτοὺς
3539 1931 3565 1970 ιι
3597 1930 3817 1998 ἀνακτη-

2262 2010 2505 2081 σώμεθα,
2530 2012 2618 2067 ἵνα
2639 2012 2736 2066 καὶ
2762 2013 2873 2067 τῶν
2897 2016 3200 2087 μελλόντων
3230 2016 3454 2085 ἀγαθῶν
3474 2013 3817 2084 ἐπιτύχωμεν,

2260 2094 2444 2165 χάριτι
2489 2096 2583 2149 καί⁵
2622 2096 3006 2171 φιλανθρωπίᾳ
3053 2099 3149 2153 τοῦ
3202 2100 3417 2170 Κυρίου
3472 2096 3625 2169 ἡμῶν
3663 2093 3820 2166 Ἰησοῦ

2260 2179 2522 2250 Χριστοῦ,
2556 2181 2676 2251 μεθ’
2703 2177 2766 2237 οὗ
2797 2182 2875 2254 τῷ
2906 2184 3083 2254 Πατρὶ
3114 2184 3229 2255 ἀμα
3258 2184 3337 2255 τῷ
3371 2183 3511 2255 ἀγίῳ
3541 2182 3818 2250 Πνεύματι.

2260 2262 2408 2330 δόξαν
2439 2264 2662 2335 κράτος.
2703 2266 2859 2337 τιμὴ,
2890 2267 2985 2322 νῦν
3010 2268 3106 2322 καὶ
3126 2269 3236 2334 ἀεὶ,
3256 2269 3351 2322 καὶ
3385 2271 3467 2332 εἰς
3486 2268 3610 2330 τοὺς
3638 2262 3829 2327 αἰῶνας

2261 2346 2368 2399 τῶν
2400 2346 2633 2402 αἰώνων.
2683 2349 2881 2423 ’Δμήν.

2270 2556 2382 2674 ταῖς
2396 2554 2477 2605 Sic
2500 2557 2684 2621 Regius
2720 2562 2923 2622 optime.
2973 2559 3106 2612 Ediu
3140 2562 3428 2617 ἐπιϐούλων.
3491 2559 3518 2599 ιι
3545 2559 3711 2611 Deerat
3732 2557 3829 2606 ίαν-

2117 2875 2360 2929 OMIAIA
2401 2872 2458 2931 Γ.

588 2989 814 3060 Μηδεὶς
842 2990 1061 3060 ἐαυτέν
1115 2989 1485 3060 ἐξαπατάτω.
1545 2992 1618 3045 ΕΣ
1649 3007 1742 3058 τις
1785 2991 1956 3045 δοκεῖ
1974 2991 2169 3060 σοφὸς

658 3058 809 3131 εἶναι
834 3060 904 3113 ἐν
925 3059 1006 3125 τῷ
1032 3059 1202 3131 αἰῶνι
1235 3062 1442 3125 τούτῳ.
1497 3061 1696 3131 μωρὸς
1729 3062 2012 3130 γενέσθω,
2056 3058 2169 3114 ἵνα

659 3130 900 3202 γένηται
934 3133 1153 3202 σοφός.
1189 3130 1264 3202 'H_
1292 3131 1411 3202 γὰρ
1438 3130 1627 3202 σοφία
1641 3131 1748 3186 τοῦ
1776 3132 2009 3202 κόσμου
2036 3132 2171 3185 τού-

662 3199 767 3257 του
782 3218 912 3271 μωρ
927 3202 977 3254 ἀ
1007 3199 1168 3269 παρά
1192 3199 1273 3266 τῷ
1296 3199 1420 3266 Θεῷ
1442 3201 1637 3255 ἐστιν.

661 3333 733 3381 α’.
771 3326 952 3397 Ὅπερ
982 3325 1155 3397 ἔφθην
1184 3324 1375 3392 εἰπὼν,
1406 3327 1502 3381 καὶ
1534 3325 1640 3395 πρὸ
1672 3325 1766 3380 τοῦ
1806 3325 2176 3398 προσήκοντος

592 3418 788 3491 καιροῦ
828 3421 907 3481 εἰς
938 3417 1036 3490 τὴν
1066 3418 1208 3471 κατά
1244 3417 1338 3471 τοῦ
1371 3419 1801 3491 πεπορνευκότος
1841 3418 2176 3489 κατηγορίαν

593 3513 915 3584 ἐξενεχθεὶς,
955 3512 1050 3567 καὶ
1082 3509 1496 3582 αἰνιγματωδῶς
1527 3510 1695 3581 αὐτὴν
1734 3508 2064 3581 παρανοίξας
2088 3507 2179 3563 διά

595 3608 861 3679 βραχέων,
904 3606 998 3661 καὶ
1033 3604 1365 3667 κατασείσας
1402 3601 1568 3656 αὑτοῦ
1591 3602 1652 3656 :0
1678 3600 1934 3664 συνειδὸς,
1964 3600 2176 3668 ἐπείγε-

592 3719 683 3755 ται
708 3699 869 3754 πάλιν
893 3698 986 3752 ἐπὶ
1008 3698 1107 3769 τὴν
1137 3696 1317 3767 μάχην
1349 3694 1449 3765 τῆς
1475 3693 1669 3763 σοφίας
1706 3696 1806 3765 τῆς
1836 3691 2059 3756 ἔξωθεν,
2081 3690 2179 3745 καὶ

593 3788 663 3843 τὰ
691 3788 1015 3859 ἐγκλήματα
1035 3784 1143 3839 τῶν
1169 3783 1419 3840 ἐντεῦθεν
1470 3784 1903 3854 πεφυσιωμένων
1929 3782 2021 3835 καὶ
2058 3781 2177 3835 δια-

595 3880 903 3950 τεμνόντων
939 3877 1038 3950 τὴν
1079 3876 1431 3949 Ἐκκλησίαν·
1469 3876 1555 3929 ἵνα
1592 3875 1653 3929 τδ
1677 3876 1864 3929 λεῖπον
1895 3873 2176 3945 προσθεὶς,

594 3972 690 4027 καὶ
717 3972 778 4026 τὸ
839 3969 1136 4041 κεφάλαιον
1169 3968 1316 4024 ἀπαν
1345 3969 1659 4040 ἀπαρτίσας
1699 3968 1838 4038 μετά
1863 3966 2177 4040 ἀκριϐείας,

594 4058 737 4113 οὕτω
760 4057 948 4112 λοιπὸν
987 4058 1196 4129 σφοδρᾷ
1223 4059 1289 4129 τῇ
1323 4056 1471 4128 ῥύμῃ
1504 4056 1645 4112 κατά
1692 4056 1788 4111 τοῦ
1811 4054 2181 4125 πεπορνευκό-

594 4165 686 4212 τος
714 4146 978 4221 φέρεσθαι
1002 4147 1104 4219 τὴν
1132 4147 1382 4215 γλῶτταν
1413 4148 1548 4218 ἀφῇ,
1585 4148 1849 4219 πρότερον
1894 4145 2183 4216 ἀκροϐολι⁸

597 4241 830 4311 σάμενος
849 4238 983 4311 πρὸς
1003 4238 1168 4293 αὐτὸν
1187 4238 1254 4293 δι’
1269 4231 1344 4292 ὧν
1362 4238 1672 4310 ἔμπροσθεν
1701 4240 1912 4309 εἴρηκε.
1942 4237 2053 4290 Kal
2073 4236 2183 4306 γάρ

595 4335 675 4398 :0,
700 4332 1151 4402 Μηδείςέαυτὸν
1170 4330 1543 4397 ἐξαπατάτω,
1560 4330 1693 4401 πρὸς
1711 4332 1917 4384 ἐκεῖνον
1946 4327 2184 4399 μάλιστά

597 4426 747 4478 ἐστιν
784 4422 1233 4494 ἀποτεινομένου,
1281 4422 1377 4475 καὶ
1426 4420 1980 4492 προκαταλεαίνοντος
2017 4419 2183 4474 αὐτὸν

596 4515 676 4586 τῷ
714 4515 885 4585 φόϐῳ·
916 4516 1011 4567 καὶ
1043 4516 1071 4567 ὁ
1101 4514 1230 4584 περὶ
1257 4511 1354 4581 τῆς
1379 4510 1633 4580 καλάμης
1664 4509 1819 4577 λόγος
1847 4509 2009 4561 αὑτὸν
2033 4508 2185 4577 μάλι-

601 4606 705 4659 στά
734 4606 882 4658 ἐστιν
920 4601 1318 4672 αἰνιττομένου,
1371 4600 1468 4655 καὶ
1505 4600 1565 4654 :0
1588 4599 1789 4669 λέγειν,
1832 4600 1913 4653 ὅτι
1940 4600 2062 4653 Οὐκ
2098 4600 2184 4652 οι-

600 4696 762 4758 δατε,
830 4693 921 4746 ὅτι
952 4692 1101 4758 ναὸς
1135 4691 1283 4746 Θεοῦ
1327 4691 1491 4752 ἐστε,
1529 4690 1629 4744 καὶ
1686 4689 1752 4743 τὸ
1788 4688 2028 4760 Πνεῦμα
2076 4689 2183 4743 τοῦ

605 4785 754 4840 Θεοῦ
781 4784 1049 4839 κατοικεῖ
1086 4784 1158 4837 ἐν
1183 4781 1327 4853 ὑμῖν
1342 4800 1361 4849 ;
1420 4782 1523 4835 Δύο
1571 4783 1679 4853 γὰρ
1733 4781 1906 4835 ταῦτα
1951 4781 2186 4853 μάλιστα

604 4875 841 4945 ἀπάγειν
868 4875 1014 4946 ἡμᾶς
1053 4875 1332 4944 ἁμαρτίας
1364 4871 1575 4939 εἴωθεν,
1594 4874 1722 4926 ὅταν
1748 4873 1847 4943 τὴν
1874 4872 2133 4944 κειμένην
2156 4884 2184 4913 ι

604 4971 670 5040 τῇ
707 4967 953 5040 ἁμαρτίᾳ
984 4967 1206 5021 κόλασιν
1237 4967 1604 5035 ἐννοήσωμεν,
1640 4964 1734 5018 καὶ
1769 4965 1897 5018 ὅταν
1924 4966 2023 5035 τὴν
2048 4967 2186 5036 ὴμε·

604 5060 768 5129 τέραν
806 5059 963 5125 ἀξίαν
982 5057 1459 5129 ἀναλογισώμεθα.
1500 5056 1594 5127 Τῷ
1628 5057 1726 5126 μὲν
1751 5052 1845 5110 οὖν
1872 5056 1962 5111 τὸν
1994 5057 2187 5128 χόρτον

605 5152 686 5214 εἰς
712 5151 875 5221 μέσον
913 5151 1188 5223 παράγειν
1237 5152 1332 5204 καὶ
1356 5150 1456 5221 τὴν
1487 5148 1765 5219 καλάμην,
1820 5147 2079 5220 ἐφόϐησε·
2108 5147 2188 5218 τῷ

604 5241 743 5295 δὲτὸ
771 5241 987 5312 ἀξίωμα
1006 5242 1102 5311 τῆς
1122 5241 1330 5305 οἰκείας
1354 5239 1634 5309 εὐγενείας
1658 5241 1850 5304 εἰπεῖν,
1879 5238 2187 5311 ἐνέτρεψεν,

608 5331 801 5403 ἐκείνῳ
837 5332 936 5402 μὲν
967 5332 1095 5396 τοὺς
1122 5331 1638 5403 ἀναισθητοτέρους,
1669 5331 1843 5402 τούτῳ
1862 5330 1920 5384 δὲ
1942 5332 2037 5384 καὶ
2060 5332 2183 5395 τοὺς

606 5422 1044 5496 ἐπιεικεστέρους
1088 5423 1328 5494 βελτίους
1351 5422 1540 5477 ποιῶν·
1567 5421 1793 5491 Μηδεὶς
1820 5422 2038 5477 ἑαυτὸν
2090 5422 2189 5487 ἐξ-

606 5515 987 5570 απατάτω.Εῑ
1010 5532 1099 5582 τις
1124 5514 1295 5569 δοκεῖ
1306 5514 1499 5584 σοφὸς
1521 5510 1673 5568 εἶναι
1689 5514 1759 5567 ἐν
1778 5513 1858 5579 τῷ
1871 5514 2037 5567 αἰῶνι
2057 5513 2190 5567 τού-

608 5624 710 5671 τῳ,
729 5606 926 5677 μωρὸς
949 5604 1229 5676 γενέσθω.
1266 5605 1475 5676 ’Ὠσπερ
1522 5604 1716 5673 νεκρὸν
1752 5601 1831 5673 τῷ
1864 5602 2056 5673 κόσμῳ
2094 5620 2189 5656 κε-

608 5698 753 5752 λεύει
786 5698 1063 5767 γενέσθαι,
1098 5696 1193 5752 καλ⁸
1214 5697 1248 5767 ἡ
1268 5696 1531 5768 νεκρότης
1553 5693 1691 5765 αὕτη
1722 5693 1875 5747 οὐδὲν
1904 5692 2190 5765 παραϐλά-

675 5809 974 5883 ἐίσκεις.
1021 5818 1073 5863 ει
1122 5810 1271 5862 Savil.
1321 5809 1371 5860 ιιι
1414 5807 1587 5860 ﬂore].
1632 5813 1796 5859 autem
1836 5807 2022 5872 legitur
2083 5806 2197 5855 ὅταν

612 5883 937 5933 προκειμενην.

2271 3009 2416 3058 πτει,
2448 2992 2582 3048 ἀλλά
2604 2994 2697 3048 καὶ
2711 2994 2929 3065 ὠφελεῖ,
2956 2994 3101 3066 ζωῆς
3120 2994 3268 3049 αἰτία
3290 2993 3581 3067 γενομένη·
3607 2990 3741 3045 οὕτω
3755 2985 3839 3042 καὶ

2272 3084 2459 3157 μωρὸν
2503 3086 2717 3139 κελεύει
2750 3085 2829 3157 τῷ
2887 3086 3080 3158 κόσμῳ
3124 3086 3301 3158 τούτῳ
3340 3085 3620 3156 γενέσθαι,
3662 3081 3839 3152 σοφίαν

2271 3174 2521 3261 ἐντεῦθεν
2574 3178 2705 3249 ἡμῖν
2756 3176 2856 3248 τὴν
2897 3176 3071 3249 ἀληθῆ
3126 3177 3428 3249 προξενῶν.
3471 3175 3666 3249 Μωρδς
3695 3174 3749 3227 δέ
3771 3169 3841 3243 τῷ

2271 3266 2466 3338 κόσμῳ
2488 3265 2698 3337 γίνεται
2734 3270 2763 3322 ό
2798 3268 2898 3340 τὴν
2920 3267 3121 3334 ἔξωθεν
3161 3267 3452 3341 ἀτιμάζων
3500 3268 3713 3338 σοφίαν,
3759 3262 3845 3318 καὶ

2274 3358 2639 3430 πεπεισμένος
2693 3358 2862 3431 μηδὲν
2914 3358 3067 3431 αὐτῷ
3109 3360 3389 3414 συντελεῖν
3445 3360 3586 3432 πρὸς
3627 3357 3721 3428 τὴν
3753 3357 3845 3427 τῆς

2275 3450 2509 3513 πίστεως
2540 3449 2862 3521 κατάληψιν.
2898 3449 3112 3523 Ὠσπερ
3139 3446 3232 3505 οὖν
3259 3454 3293 3523 ἡ
3320 3453 3487 3506 πενία
3517 3452 3551 3523 ἠ
3579 3449 3691 3525 [Si]
3722 3446 3849 3504 κατά

2275 3542 2407 3596 Θεὸν
2432 3541 2665 3597 πλούτου
2686 3544 2854 3606 αἰτία,
2889 3545 2984 3598 καὶ
3004 3547 3037 3615 ὴ
3064 3544 3420 3610 ταπείνωσις,
3459 3545 3651 3616 ὕψους,
3681 3542 3771 3596 καί
3794 3537 3850 3592 :0

2274 3633 2435 3705 δόξης
2472 3635 2749 3708 ὑπερορᾷν
2771 3635 2931 3707 δόξης
2966 3635 3141 3692 αἴτιον
3186 3635 3423 3705 γίνεται·
3466 3636 3633 3704 οὕτω,
3683 3629 3852 3688 καὶτὸ

2281 3728 2462 3801 μωρὸν
2493 3728 2751 3798 γενέσθαι
2801 3729 3111 3801 σοφώτερον
3138 3730 3356 3785 πάντων
3389 3731 3559 3784 ποιεῖ.
3601 3726 3732 3782 Ἀπὸ
3752 3723 3850 3794 γάρ

2277 3824 2387 3877 τῶν
2418 3823 2678 3877 ἐναντίων
2702 3823 2772 3878 τά
2797 3825 2929 3895 παρ’
2964 3824 3097 3895 ἡμῖν
3127 3823 3176 3877 δ.
3203 3823 3313 3877 Kal
3366 3822 3459 3877 διά
3494 3822 3549 3876 τί
3576 3822 3651 3893 μὴ
3687 3815 3849 3878 εἶπεν,

2291 3914 2604 3969 Ἀποθέσθω
2621 3914 2721 3987 τὴν
2745 3914 2956 3985 σοφίαν,
2997 3913 3154 3979 ἀλλά,
3181 3913 3466 3991 Γενέσθω
3486 3912 3720 3984 μωρός;
3748 3908 3854 3962 Ἵνα

2283 4007 2400 4079 μεθ’
2429 4005 2738 4078 ὑπερϐολῆς
2767 4006 3015 4080 ἀτιμάσῃ
3043 4005 3143 4078 τὴν
3165 4004 3366 4072 ἔξωθεν
3405 4005 3714 4061 παίδευσιν.
3734 3996 3854 4053 Οὐδὲ

2280 4097 2391 4169 γὰρ
2427 4093 2495 4169 ἦν
2519 4096 2631 4150 ἴσον
2668 4098 2862 4163 εἰπεῖν,
2898 4096 3127 4153 Ἀπόθου
3158 4113 3252 4149 σου
3273 4095 3376 4166 τὴν
3396 4094 3612 4165 σοφίαν,
3626 4092 3739 4155 καὶ,
3769 4088 3857 4141 1‘:-

2281 4189 2374 4243 νοῦ
2416 4189 2621 4262 μωρός·
2659 4187 2834 4252 ἄλλως
2857 4187 2913 4241 δὲ
2930 4189 3026 4242 καὶ
3050 4187 3292 4243 παιδεύει
3323 4187 3401 4259 μὴ
3440 4179 3856 4256 ἐπαισχύνεσθαι

2280 4284 2348 4353 τῇ
2390 4282 2519 4351 παρ’
2542 4282 2673 4350 ἡμῖν
2700 4279 2957 4351 ἰδιωτείᾳ·
2996 4278 3137 4334 πάνυ
3155 4277 3261 4352 γάρ
3291 4277 3575 4349 καταγελᾷ
3611 4273 3719 4328 τῶν
3737 4270 3859 4335 ἐξω-

2283 4374 2395 4429 θεν.
2426 4374 2626 4445 Διόπερ
2663 4372 2786 4427 οὐδὲ
2824 4371 2892 4425 τὰ
2904 4372 3155 4449 ,ὀνόματα
3176 4372 3437 4437 δέδοικεν,
3460 4360 3654 4441 ἐπειδὴ
3680 4362 3861 4437 θαρρεῖ

2282 4469 2348 4538 τῇ
2379 4465 2487 4519 τῶν
2517 4465 2863 4537 πραγμάτων
2884 4465 3137 4536 δυνάμει.
3170 4464 3385 4535 ’Ὥσπερ
3425 4457 3522 4517 οῦν
3548 4463 3577 4515 ὁ
3614 4455 3858 4528 σταυρὸς,

2282 4558 2455 4614 δοκῶν
2488 4558 2849 4623 ἐπονείδιστος
2870 4553 3032 4621 εἶναι,
3060 4558 3271 4630 μυρίων
3302 4556 3530 4627 γέγονεν
3553 4555 3725 4616 αἴτιος
3744 4553 3865 4619 ἀγα-

2286 4654 2418 4717 θῶν,
2436 4654 2531 4708 καὶ
2548 4652 2706 4724 δόξης
2731 4652 2990 4717 ὑπόθεσις
3017 4651 3226 4722 ἀφάτου
3248 4652 3344 4705 καὶ
3375 4650 3525 4722 ῥίζα·
3550 4649 3695 4702 οὓτω
3725 4641 3864 4709 καίή

2283 4747 2518 4802 δοκοῦσα
2551 4747 2735 4817 μωρία
2761 4742 2934 4813 εἶναι,
2966 4744 3158 4814 σοφίας
3218 4746 3352 4815 ἡμῖν
3414 4741 3570 4797 αἰτία
3609 4738 3863 4803 κατέστη.

2287 4838 2555 4909 Καθάπερ
2583 4838 2691 4909 γὰρ
2729 4839 2757 4891 0
2781 4837 2968 4901 κακῶς
3004 4854 3059 4890 τι
3090 4833 3453 4907 μεμαθηκὼς,
3490 4833 3559 4887 ἂν
3583 4833 3659 4905 μὴ
3685 4830 3745 4884 :0
3766 4828 3867 4881 πᾶν

2287 4932 2559 5005 ἀπόθηται
2576 4932 2670 4986 καὶ
2691 4930 2857 5002 λεάνῃ
2887 4930 2988 5003 τὴν
3008 4929 3188 5001 ψυχὴν
3203 4929 3299 4983 καὶ
3331 4928 3584 5002 καθαρὰν
3617 4923 3870 4997 παράσχῃ

2286 5024 2365 5096 τῷ
2388 5023 2634 5095 μέλλοντι
2658 5023 2912 5095 γράφειν,
2936 5022 3089 5076 οὐδὲν
3114 5022 3321 5075 εἴσεται
3353 5021 3530 5090 σαφὲς
3560 5018 3668 5072 τῶν
3686 5012 3865 5083 ὑγιῶν

2287 5117 2430 5171 οὕτω
2459 5117 2554 5171 καὶ
2580 5115 2675 5169 ἐπὶ
2700 5116 2799 5187 τῆς
2826 5114 3024 5182 ἔξωθεν
3055 5113 3268 5183 σοφίας,
3298 5111 3365 5167 ἂν
3401 5112 3481 5182 μὴ
3521 5111 3584 5164 :0
3633 5109 3743 5161 πᾶν
3794 5102 3874 5169 ἐξο

2288 5210 2438 5280 έλης,
2471 5208 2565 5263 καὶ
2592 5207 2847 5281 σαρώσῃς
2879 5223 2973 5259 σου
3004 5206 3104 5275 τὴν
3153 5204 3410 5267 διάνοιαν,
3435 5203 3534 5255 καὶ
3573 5201 3755 5269 ἐξίο-ης
3799 5192 3872 5264 τῷ

2294 5301 2476 5373 ἰδιώτῃ
2516 5299 2806 5373 παράσχῃς
2837 5297 3031 5351 σαυτὸν
3068 5298 3133 5366 τῇ
3176 5297 3377 5359 πίστει,
3418 5295 3577 5348 οὐδὲν
3616 5294 3740 5363 εῐσῃ
3765 5305 3877 5359 γεν-

2293 5394 2440 5447 ναῖον
2472 5390 2733 5463 ἀκριϐῶς.
2767 5389 2880 5444 Καὶ
2925 5389 3032 5458 γὰρ
3085 5388 3136 5440 οἰ
3177 5385 3651 5460 παραϐλέποντες,
3702 5382 3769 5435 ἂν
3805 5377 3877 5449 μὴ

2298 5485 2569 5554 μύσαντες
2637 5481 2864 5543 ἑαυτοὺς
2921 5479 3131 5550 ἐτέροις
3190 5476 3510 5549 παραδῶσιν
3537 5515 3551 5540 ,
3620 5472 3757 5529 ἀλλά
3812 5470 3876 5539 τῇ

2290 5576 2666 5648 διεφθαρμένη
2716 5573 2827 5627 τῶν
2871 5571 3167 5644 ὀφθαλμῶν
3205 5571 3328 5642 WE:
3360 5570 3431 5623 τά
3489 5569 3618 5624 καθ’
3656 5565 3879 5624 ἑαυτοὺς

2295 5668 2650 5739 ἐπιτρέψωσι,
2677 5664 2787 5718 τῶν
2818 5664 2916 5736 οὐχ
2935 5662 3187 5736 ὁρώντων
3218 5661 3396 5734 πολλῷ
3435 5661 3665 5716 πλείονα
3706 5658 3877 5729 ἀμαρ-

2295 5754 2577 5826 τήσονται.

2363 5866 2392 5909 h
2417 5863 2489 5914 Ila
2517 5862 2640 5924 Reg.
2671 5860 2785 5911 Haec
2808 5860 3019 5912 deerant
3044 5861 3093 5913 in
3119 5858 3290 5910 Morel.
