4086 6420
263 349 326 407 81
1428 358 1493 415 IN
1533 359 1749 417 EPIST.
1802 360 1822 417 1

1963 368 1977 416 ι
2013 365 2170 422 COR.
2213 367 2446 428 HOMIL.
2489 372 2559 431 Χ.
3515 396 3585 451 89

264 463 512 520 exscindi
536 505 559 535 ,
591 479 653 522 et
707 483 812 524 nos
844 468 947 524 illis
974 470 1189 540 privari.
1224 469 1304 525 Tu
1334 485 1463 526 vero
1501 473 1545 527 si
1572 488 1727 529 ovem
1759 473 1872 529 fera

271 558 564 627 diseerpat,
586 560 790 625 doles;
822 577 943 618 cum
970 572 1149 618 autem
1174 563 1226 619 id
1255 564 1306 618 iu
1332 568 1693 637 cong’encrcm
1724 566 1876 635 facis,

277 663 377 704 non
409 660 572 719 putas
616 655 672 706 te
714 653 920 724 aliquid
967 653 1206 710 immane
1250 653 1471 711 facere?
1511 667 1566 712 et
1612 658 1881 728 quomodo

283 742 438 798 fueris
464 743 672 799 homo?
704 744 823 800 Non
857 745 1004 802 vides
1050 762 1148 802 nos
1175 746 1463 804 humanam
1493 764 1611 805 eam
1655 766 1769 805 rem
1798 751 1880 806 di-

282 850 438 901 cere,
483 851 611 905 quae
661 837 1030 894 misericordia
1080 839 1239 909 plena
1288 840 1359 895 sit
1403 849 1458 896 et
1508 840 1879 914 benignitate?

285 929 494 999 quando
524 936 712 985 autem
743 930 940 1001 aliquid
967 945 1167 987 saavum
1200 942 1255 988 et
1291 933 1510 989 crudele
1535 935 1743 1005 perﬁcit
1778 934 1877 991 hn-

282 1035 384 1085 mo,
417 1019 776 1075 inhumanum
809 1022 954 1077 illum
976 1037 1249 1079 vocamus.
1284 1023 1468 1097 Itaque
1500 1025 1873 1083 characterem

281 1111 509 1166 hominis
533 1112 880 1184 depingimus
904 1128 933 1168 a
963 1115 1432 1173 commiseratione
1455 1159 1469 1183 ,
1519 1116 1647 1172 fera:
1692 1129 1870 1174 autem

275 1222 304 1260 a
334 1208 644 1273 contrario,
670 1222 884 1278 semper
910 1206 1150 1264 dicentes
1170 1249 1185 1274 ,
1211 1208 1346 1263 Num
1384 1209 1545 1264 homo
1576 1222 1656 1265 est
1682 1252 1697 1277 ,
1733 1210 1868 1278 fera,

273 1308 362 1351 aut
385 1298 577 1353 canis?
599 1298 855 1354 Heiniucs
874 1300 1015 1353 enim
1040 1307 1406 1369 paupertatem
1430 1300 1731 1368 sublevant,
1761 1318 1870 1358 non

270 1401 490 1461 augent.
519 1390 724 1446 Horum
748 1399 927 1445 autem
949 1405 1041 1445 ora
1067 1392 1301 1447 ferarum
1327 1402 1451 1446 sunt
1472 1407 1591 1459 ora;
1622 1393 1728 1449 imo
1755 1394 1872 1449 lucc

271 1494 399 1539 sunt
432 1484 545 1538 illis
573 1483 836 1540 ferociora
867 1484 1066 1540 :verba
1098 1485 1240 1539 enim
1271 1485 1570 1556 proferunt,
1606 1502 1726 1558 qua:
1751 1502 1865 1542 ma-

268 1578 346 1649 gis
378 1592 547 1648 quam
594 1576 825 1632 ferarum
869 1575 1060 1632 dentes
1090 1577 1240 1632 virus
1270 1578 1581 1634 cmittentcs
1603 1619 1620 1645 ,
1664 1578 1867 1634 caedem

268 1679 504 1740 patrant.
534 1669 603 1723 Et
650 1668 695 1722 si
741 1669 858 1738 quis
886 1669 1062 1724 omnia
1095 1680 1451 1740 persequatur
1478 1711 1494 1737 ,
1548 1680 1675 1725 tunc
1719 1679 1867 1726 recte

266 1758 510 1826 videbit,
556 1758 827 1830 quomodo
857 1758 1219 1817 inhumanitas
1247 1775 1384 1826 eos,
1426 1761 1517 1832 qui
1562 1762 1642 1817 sic
1685 1761 1864 1817 adecti

266 1862 427 1918 sunt,
454 1852 599 1909 feras
623 1869 688 1909 ex
729 1852 1034 1909 hominibus
1072 1853 1284 1910 reddat.
1331 1854 1485 1922 Quod
1513 1856 1558 1910 si
1588 1856 1706 1926 quis
1737 1856 1862 1912 illo-

265 1962 382 2001 rum
418 1954 656 2001 mentem
684 1945 1068 2001 examinaverit
1086 1988 1102 2013 ,
1131 1962 1238 2002 non
1266 1946 1404 2002 ultra
1436 1948 1576 2003 feras
1602 1956 1805 2002 tantum
1828 1989 1846 2015 ,

263 2037 357 2094 sed
384 2038 557 2092 etiam
598 2036 873 2093 daemonas
920 2038 1037 2093 illos
1062 2037 1295 2094 vocabit.
1355 2039 1491 2093 Sunt
1521 2040 1665 2094 enim
1695 2040 1861 2095 multa

264 2129 606 2184 immanitate
628 2128 806 2198 pleni,
829 2137 885 2183 ct
906 2128 1030 2184 odio
1050 2129 1101 2184 in
1124 2144 1418 2186 conservos
1443 2146 1459 2186 :
1483 2130 1558 2186 ibi
1580 2145 1685 2185 non
1708 2146 1863 2186 amor

261 2224 410 2293 regni
440 2230 526 2278 est
572 2237 746 2293 neque
774 2232 946 2280 melus
974 2223 1236 2294 gehennae
1255 2265 1270 2290 ,
1326 2241 1431 2280 non
1462 2225 1739 2281 hominum
1768 2241 1859 2282 re-

260 2315 506 2369 verentia
526 2356 543 2376 ,
572 2330 681 2369 non
720 2316 1088 2372 misericordia
1113 2357 1130 2384 ,
1157 2332 1264 2373 non
1291 2319 1691 2375 commiseratio
1712 2362 1727 2388 ,
1763 2320 1858 2377 sed

262 2405 600 2476 impudentia
627 2449 641 2470 ,
672 2408 957 2478 petulantia
977 2450 994 2476 ,
1021 2418 1075 2464 et
1123 2408 1426 2467 futurorum
1453 2414 1692 2468 omnium
1723 2430 1857 2470 con-

262 2506 503 2569 temptus
533 2518 550 2555 :
577 2508 628 2555 et
659 2498 848 2557 fabulae
875 2502 1003 2574 ipsis
1029 2503 1279 2560 videntur
1308 2520 1430 2561 esse
1471 2507 1562 2561 Dei
1593 2507 1754 2563 verba
1787 2509 1856 2565 de

258 2590 532 2660 supplicio
563 2590 742 2645 futuro
764 2631 780 2656 ,
808 2600 864 2647 et
889 2592 1003 2663 ejus
1044 2594 1204 2649 mina:
1232 2595 1395 2651 risus.
1425 2594 1573 2652 Talis
1601 2597 1744 2653 enim
1774 2608 1857 2655 est

257 2687 403 2741 avari
438 2700 618 2740 meus.
646 2685 778 2741 Cum
804 2701 932 2758 ergo
958 2688 1278 2744 intrinsecus
1300 2690 1578 2747 daemones
1607 2693 1734 2759 sint,
1761 2709 1857 2749 ex-

259 2780 531 2833 trinsecus
565 2792 697 2833 vero
744 2779 911 2846 ferae,
962 2789 1016 2836 et
1065 2779 1191 2836 feris
1218 2781 1553 2839 deteriores:
1594 2786 1812 2841 ubinam
1834 2827 1851 2852 ,

259 2882 441 2939 quarm
467 2910 484 2935 ,
514 2868 636 2924 illos
662 2868 1080 2926 collocabimns?
1104 2871 1255 2940 Quod
1284 2874 1426 2929 enim
1470 2873 1600 2932 feris
1623 2876 1730 2932 sint
1758 2877 1854 2935 dc-

1985 479 2231 548 teriores,
2259 482 2383 539 hinc
2412 486 2585 555 palam
2613 497 2718 559 est,
2748 495 2889 564 quod
2913 497 3039 554 ferte
3060 510 3249 558 natura
3279 504 3385 561 sint
3414 510 3580 577 tales;

1993 572 2044 625 hi
2077 588 2207 629 vero
2232 577 2319 646 qui
2363 581 2655 637 secundum
2694 596 2938 646 naturam
2978 597 3446 656 mansuetudinem
3475 572 3576 657 ha;

1988 663 2139 733 bent,
2170 677 2366 738 prmter
2409 681 2656 732 naturam
2696 678 2748 733 in
2783 678 2981 738 ferinos
3021 702 3203 744 mores
3235 694 3464 748 transire
3494 696 3579 750 ni-

1988 764 2196 812 tuntur.
2246 761 2326 816 Ac
2370 761 2645 822 daemones
2693 771 2908 840 quidem
2968 775 3215 835 homines
3262 781 3580 842 insidiantes

1986 846 2088 902 sibi
2117 863 2274 920 opem
2305 851 2538 911 ferentes
2581 857 2814 929 habent;
2845 866 3043 938 quippe
3072 870 3116 924 si
3144 886 3300 942 opem
3329 889 3433 929 non
3465 876 3576 931 fer-

1984 950 2136 1007 rent,
2167 959 2359 1016 magna
2391 962 2516 1017 pars
2543 950 2673 1021 ipsis
2705 954 3020 1015 insidiarum
3067 974 3254 1019 contra
3303 983 3403 1024 nos
3432 981 3579 1024 stru-

1982 1041 2189 1088 ctarum
2213 1036 2420 1093 sublata
2447 1052 2592 1097 esset
2624 1060 2637 1096 :
2668 1044 2721 1099 hi
2753 1063 2883 1105 vero
2928 1065 3042 1117 eos,
3072 1055 3161 1124 qui
3193 1056 3262 1110 ab
3291 1072 3350 1113 se
3378 1075 3579 1115 vexan-

1983 1132 2100 1191 tur,
2131 1129 2291 1182 etiam
2318 1132 2710 1191 contendentes
2736 1151 2918 1193 secum
2944 1183 2959 1206 ,
3003 1158 3262 1213 superare
3305 1149 3571 1207 nituntur.

1979 1214 2187 1272 Rursus
2217 1218 2427 1276 dzemon
2476 1222 2749 1286 hominem
2799 1230 2937 1286 bello
2973 1231 3207 1305 impetit,
3240 1254 3346 1294 non
3388 1252 3570 1298 autem

1977 1306 2252 1366 daemonas
2280 1315 2360 1369 sui
2381 1319 2631 1386 generis:
2660 1320 2749 1376 hic
2777 1339 2907 1379 vero
2936 1341 3267 1398 congeneres
3294 1341 3349 1387 et
3377 1309 3566 1390 neces-

1977 1401 2153 1457 sarios
2180 1405 2489 1462 omnimoda
2520 1412 2804 1468 vexatione
2846 1415 3052 1488 afﬂigit,
3084 1435 3265 1491 neque
3292 1435 3574 1481 reveretur

1977 1500 2247 1549 naturam.
2282 1497 2408 1553 Scio
2444 1500 2642 1557 multos
2684 1520 2836 1570 esse,
2866 1510 2954 1578 qui
3002 1512 3072 1566 ob
3117 1512 3233 1569 lucc
3260 1516 3424 1571 verba
3471 1535 3571 1575 nos

1975 1583 2100 1639 odio
2127 1584 2326 1642 habent
2355 1605 2369 1643 :
2400 1605 2499 1661 ego
2531 1608 2659 1649 vero
2685 1595 2806 1652 illos
2849 1615 2954 1655 non
2984 1602 3096 1669 odi,
3125 1605 3219 1661 sed
3247 1622 3434 1664 eorum
3467 1611 3569 1664 mi-

1973 1691 2184 1772 sereor,
2208 1689 2261 1735 et
2281 1697 2375 1737 eos
2398 1685 2486 1754 qui
2510 1686 2589 1741 sic
2606 1687 2782 1745 affecti
2810 1702 2934 1747 sunt
2956 1694 3211 1768 lacrymis
3232 1714 3563 1772 prosequor:

1973 1768 2184 1825 etiamsi
2221 1784 2507 1842 percutere
2538 1779 2737 1845 velint,
2771 1782 3001 1841 libenter
3048 1787 3098 1842 id
3135 1768 3346 1845 tulerim
3372 1834 3387 1856 ,
3412 1768 3466 1848 isi
3497 1794 3567 1850 ab

1972 1857 2074 1916 hac
2106 1861 2317 1920 feritate
2343 1866 2618 1925 abstinere
2652 1874 2839 1929 velint.
2881 1875 3065 1948 Neque
3091 1879 3233 1935 enim
3258 1897 3359 1952 ego
3382 1885 3563 1953 solus,

1971 1951 2066 2007 sed
2092 1954 2255 2011 etiam
2283 1961 2542 2028 propheta
2573 1963 2850 2019 nobiscum
2881 1966 3189 2039 hujusmodi
3220 1951 3466 2030 homines
3491 1951 3562 2031 ab

1970 2043 2200 2100 humana
2226 2054 2548 2119 cognatione
2585 2055 2847 2124 expellit,
2881 2057 3105 2115 dicens:
3139 2061 3312 2117 Homo
3351 2080 3469 2119 cum
3508 2068 3563 2121 in

1968 2140 2159 2194 honore
2186 2151 2333 2208 esset,
2364 2160 2463 2197 non
2490 2146 2764 2215 intellexit,
2793 2151 2883 2204 sed
2911 2164 3237 2224 comparatus
3264 2166 3338 2212 est
3355 2158 3565 2228 jumen-

1967 2233 2031 2287 tis
2058 2233 2410 2305 insipientibus
2438 2237 2458 2308 (
2484 2236 2631 2293 Psal.
2659 2240 2748 2296 58.
2775 2240 2838 2296 21
2940 2243 3122 2301 Simus
3158 2261 3288 2317 ergo
3317 2247 3563 2307 homines

1968 2326 2179 2382 tandem
2208 2328 2494 2399 aliquando
2514 2371 2530 2397 ,
2575 2341 2630 2386 et
2676 2333 2730 2387 in
2758 2334 2949 2389 caelum
2981 2337 3368 2407 respiciamus:
3400 2349 3562 2411 atque

1965 2418 2093 2474 illud
2121 2421 2418 2478 secundum
2450 2423 2737 2495 imaginem
2780 2428 3113 2498 accipiamus
3141 2432 3160 2500 (
3178 2431 3289 2486 Col.
3323 2434 3377 2488 '5.
3415 2434 3479 2489 l0
3500 2434 3523 2504 )
3543 2474 3558 2499 ,

1962 2518 2016 2566 et
2044 2525 2144 2566 nos
2172 2513 2318 2582 ipsos
2363 2528 2751 2583 recuperemus
2773 2559 2788 2580 ,
2818 2525 2880 2571 ut
2903 2527 2957 2573 et
2997 2518 3172 2575 futura
3202 2522 3339 2577 bona
3366 2537 3559 2579 consc-

1961 2618 2225 2675 quamur,
2257 2605 2429 2675 gratia
2476 2615 2529 2661 et
2574 2607 2905 2679 benignitate
2957 2612 3170 2668 Domini
3212 2616 3383 2670 nostri
3430 2615 3557 2672 .lesu

1959 2694 2190 2762 Christi,
2219 2697 2435 2768 quicum
2466 2698 2610 2754 Patri
2638 2716 2850 2772 unaque
2876 2701 3097 2773 Spiritui
3125 2718 3334 2774 sancto,
3358 2709 3552 2779 gloria,

1963 2788 2273 2859 imperium,
2305 2790 2498 2858 honor,
2532 2807 2674 2848 nunc
2700 2800 2755 2848 et
2780 2809 2999 2866 semper
3019 2837 3037 2864 ,
3067 2806 3122 2853 et
3149 2797 3200 2852 in
3231 2800 3427 2854 saecula
3457 2816 3559 2857 sa:-

1959 2881 2225 2937 culorum.
2253 2882 2449 2938 Amen.

268 3071 3529 3100 mw

1675 3175 2023 3237 HOMILIA
2064 3175 2152 3237 X.

261 3321 382 3377 Car.
414 3323 477 3379 '5.
500 3336 556 3376 ν.
588 3320 677 3377 18.
708 3319 875 3375 Nemo
900 3320 1121 3393 seipsum
1146 3320 1376 3377 seducat.
1420 3322 1482 3378 Si
1513 3323 1626 3394 quis
1654 3324 1855 3378 videtur

326 3414 537 3483 sapiens
560 3428 667 3467 esse
682 3413 735 3466 in
763 3412 858 3466 hoc
873 3411 1082 3479 seculo,
1108 3412 1295 3467 stultus
1316 3413 1428 3483 ﬁat,
1449 3422 1505 3467 ut
1532 3414 1597 3468 sit
1621 3416 1847 3486 sapiens.

330 3509 414 3564 19.
448 3507 724 3579 Sapientia
766 3507 899 3562 enim
945 3507 1098 3578 hujus
1144 3507 1321 3562 mundi
1364 3508 1581 3562 stultitia
1619 3518 1692 3563 est
1714 3508 1854 3581 apud

331 3600 517 3656 Deum.

329 3695 379 3749 1.
426 3691 700 3759 Quomodo
729 3690 929 3747 Paulus
975 3691 1032 3746 in
1071 3691 1333 3762 arguendo
1362 3691 1642 3765 fornicario
1671 3709 1851 3763 proce-

267 3786 362 3840 dat.
388 3785 533 3839 Mori
562 3785 679 3838 huic
709 3784 898 3838 mundo
925 3783 1048 3855 quid
1073 3776 1159 3838 sit:
1184 3811 1258 3824 -—
1276 3782 1349 3840 Ut
1368 3798 1527 3854 supra
1555 3782 1697 3849 dixi,
1730 3800 1850 3839 cum

264 3888 382 3935 ante
411 3885 782 3949 opportunum
813 3885 1024 3948 tempus
1045 3875 1111 3931 ad
1151 3876 1508 3933 incusandum
1552 3877 1734 3941 illum,
1761 3880 1850 3946 qui

265 3970 553 4025 tomicatus
598 3968 803 4036 fuerat,
847 3968 1109 4024 deductus
1178 3977 1355 4033 esset,
1404 3978 1460 4024 et
1513 3968 1851 4039 mnigmatice

262 4060 404 4113 illum
458 4060 647 4128 paucis
698 4059 1147 4129 perstrinxisset,
1176 4060 1401 4130 ejusque
1461 4059 1850 4115 conscientiam

263 4155 632 4225 exagitasset;
678 4156 851 4224 pergit
893 4168 1082 4209 rursus
1139 4153 1205 4209 ad
1253 4169 1485 4224 pugnam
1527 4162 1713 4209 contra
1766 4169 1855 4208 sa-

260 4244 516 4312 pientiam
545 4252 829 4300 externam
855 4285 872 4309 ,
905 4254 960 4299 et
990 4245 1110 4301 illos
1153 4245 1426 4312 adoritur,
1470 4246 1558 4316 qui
1588 4246 1715 4302 inde
1768 4248 1852 4301 in-

258 4334 367 4389 ﬂati
400 4334 724 4391 scindebant
753 4335 1054 4391 Ecclesiam
1080 4353 1098 4402 ;
1120 4345 1178 4391 ut
1207 4337 1271 4392 iis
1293 4353 1415 4408 qua:
1458 4338 1671 4393 residua
1698 4347 1851 4394 erant

255 4426 477 4496 additis,
506 4438 787 4498 postquam
816 4427 920 4484 hoc
946 4436 1105 4499 caput
1130 4439 1382 4486 accurate
1420 4431 1747 4501 perfecerit,
1771 4431 1851 4488 sic

255 4535 446 4577 rursus
475 4529 664 4575 contra
692 4518 1036 4576 fornicarium
1060 4536 1180 4576 cum
1209 4522 1411 4593 impetu
1436 4522 1655 4591 feratur,
1687 4538 1848 4594 quem

251 4611 359 4681 jam
386 4627 556 4683 supra
588 4612 710 4667 telis
756 4612 973 4667 emissis
1018 4628 1306 4684 aggressus
1350 4623 1455 4669 est.
1502 4613 1636 4670 Nam
1682 4614 1845 4683 illud,

256 4704 424 4761 Nemo
447 4706 675 4777 seipsum
711 4706 953 4772 sedueat,
987 4707 1053 4762 ad
1089 4707 1241 4764 illum
1265 4708 1501 4765 maxime
1522 4710 1763 4789 respicit,
1792 4719 1847 4766 et

253 4799 401 4855 illum
430 4808 583 4856 metu
626 4798 794 4855 afﬁcit
836 4800 1152 4872 mitigatque
1179 4819 1195 4869 ;
1226 4802 1480 4873 quodque
1530 4802 1600 4859 de
1647 4803 1846 4874 stipula

251 4891 491 4959 dicitur,
537 4890 687 4946 illum
729 4893 997 4964 praecipue
1042 4894 1384 4960 subindicat;
1429 4903 1636 4951 etcum
1681 4897 1843 4965 dicit,

252 4984 485 5039 Nescitis
508 4985 629 5052 quia
655 4985 898 5056 templum
924 4984 1024 5041 Dei
1042 4988 1181 5053 estis,
1206 4997 1252 5041 et
1279 4986 1510 5059 Spiritus
1534 4987 1628 5044 Dei
1654 4989 1847 5044 habitat

247 5078 301 5130 in
340 5075 484 5130 vobis
503 5076 530 5129 ?
555 5074 683 5131 Haec
711 5076 909 5148 quippe
933 5077 1041 5133 duo
1068 5079 1302 5135 maxime
1327 5080 1506 5136 solent
1534 5096 1631 5136 nos
1658 5096 1688 5135 a
1720 5095 1846 5151 pec-

245 5176 371 5222 cato
412 5165 688 5223 abducere
719 5185 732 5222 :
762 5167 975 5239 quando
1015 5171 1306 5240 repositam
1354 5179 1573 5242 peccato
1619 5185 1840 5244 ptenam

244 5260 586 5330 cogitamus,
617 5268 672 5315 et
699 5259 914 5331 quando
938 5259 1255 5332 dignitatem
1286 5272 1528 5318 nostram
1554 5262 1841 5319 nobiscum

243 5362 588 5424 reputamus.
616 5353 752 5411 Cum
781 5369 910 5426 ergo
941 5354 1139 5411 ftenum
1166 5372 1231 5412 ac
1257 5356 1506 5428 stipulam
1530 5360 1582 5413 in
1604 5358 1840 5414 medium

242 5445 507 5512 adduxit,
559 5445 856 5513 exterruit;
889 5461 1011 5503 cum
1043 5456 1222 5504 autem
1267 5448 1497 5520 propria:
1540 5448 1840 5504 nobilitatis

242 5537 560 5609 dignitatem
588 5537 797 5606 intulit,
828 5536 1034 5608 pudore
1059 5539 1267 5608 adeeit;
1300 5539 1393 5597 illo
1421 5540 1641 5613 quidem
1673 5539 1837 5595 modo

243 5629 567 5701 stupidiores
588 5671 605 5697 ,
636 5632 740 5686 hoc
764 5638 948 5686 autem
974 5632 1361 5690 moderatiores
1385 5632 1619 5689 reddens
1642 5631 1838 5688 melio-

246 5735 346 5775 res.
377 5718 545 5778 Nemo
584 5723 817 5789 seipsum
867 5722 1093 5779 sedueat.
1138 5725 1200 5781 Si
1237 5726 1348 5798 quis
1387 5724 1586 5781 videtur
1630 5725 1836 5795 sapiens

246 5827 347 5869 me
381 5816 433 5873 in
474 5819 571 5876 hoc
599 5818 797 5876 scruta
818 5859 831 5885 ,
869 5818 1049 5874 stultus
1073 5818 1184 5889 ﬁat.
1219 5819 1379 5887 Quasi
1408 5825 1677 5875 mortuum
1705 5815 1830 5873 huic

1961 3323 2163 3379 mumlo
2194 3323 2306 3380 ﬁeri
2333 3324 2489 3395 jubet
2519 3341 2533 3378 :
2559 3340 2707 3382 mors
2757 3337 2936 3383 autem
2963 3327 3267 3399 hujusmodi
3297 3329 3427 3384 nihil
3457 3329 3553 3384 la:-

1958 3418 2056 3482 dit,
2085 3419 2193 3473 imo
2215 3418 2386 3488 juvat,
2418 3433 2539 3474 cum
2568 3420 2639 3475 sit
2665 3420 2787 3476 vita:
2815 3436 3000 3477 causa.
3029 3422 3118 3478 Sic
3143 3422 3304 3477 etiam
3332 3423 3553 3477 stultum

1959 3512 2082 3568 lmic
2112 3512 2310 3567 mundo
2341 3512 2454 3568 fieri
2478 3513 2664 3583 jubet,
2696 3514 2821 3570 hinc
2849 3516 3002 3572 nobis
3031 3531 3213 3570 veram
3238 3515 3555 3586 sapientiam

1956 3603 2269 3660 concilians.
2314 3604 2525 3660 Stultus
2565 3614 2744 3660 autem
2787 3606 2990 3662 mundo
3035 3605 3305 3673 efﬁcitur,
3335 3607 3425 3678 qui
3455 3621 3554 3662 ex-

1959 3706 2164 3753 ternam
2188 3698 2510 3767 sapientiam
2534 3697 2782 3768 despicit,
2807 3714 3123 3771 persuasum
3151 3698 3376 3763 habens,
3407 3699 3554 3754 illam

1957 3789 2054 3843 sibi
2086 3787 2215 3843 nihil
2244 3789 2310 3843 ad
2343 3790 2503 3844 tidem
2530 3788 2932 3860 adipiscendam
2954 3790 3250 3862 adjumenti
3280 3789 3549 3846 conferre.

1956 3879 2418 3947 Quemadmodum
2465 3895 2597 3951 ergo
2627 3894 2913 3952 paupertas
2939 3883 3238 3939 secundum
3272 3884 3438 3939 Deum
3467 3883 3552 3937 di-
3638 3888 3639 3891 “

1956 3971 2209 4025 vitiarum
2248 3986 2407 4025 causa
2435 3980 2557 4037 est,
2588 3982 2643 4027 et
2685 3973 2959 4028 humilitas
2986 3974 3311 4039 altitudinis,
3357 3985 3410 4029 et
3435 3975 3553 4044 glo‘

1956 4065 2050 4121 ria:
2077 4064 2361 4135 despectus
2385 4073 2468 4120 est
2509 4059 2693 4135 gloriae
2724 4080 2883 4120 causa
2910 4082 2926 4130 ;
2954 4066 3023 4120 ita
3051 4075 3104 4122 et
3134 4067 3355 4121 stultum
3387 4066 3501 4120 fieri
3529 4107 3545 4129 ,

1957 4157 2207 4213 omnibus
2235 4157 2621 4227 sapientiorem
2647 4155 2832 4212 efficit.
2869 4157 2949 4212 Ex
2978 4159 3267 4213 contrariis
3293 4158 3436 4213 enim
3466 4171 3555 4213 res

1956 4260 2157 4305 nostra:
2183 4257 2451 4307 constant.
2488 4249 2557 4304 Et
2584 4264 2682 4305 cur
2710 4265 2821 4305 non
2849 4250 3019 4318 dixit,
3056 4251 3299 4321 Deponat
3329 4250 3549 4321 sapien-

1957 4341 2105 4407 tiam,
2135 4339 2254 4406 scd,
2287 4339 2491 4395 Stultus
2518 4341 2649 4410 fiat?
2680 4340 2750 4397 Ut
2790 4351 3067 4396 externam
3097 4341 3436 4411 disciplinam
3461 4352 3565 4395 sn-‘

1954 4446 2048 4502 pra
2072 4431 2288 4486 modum
2319 4431 2636 4487 dedecoret.
2677 4431 2863 4503 Neque
2889 4432 3032 4487 enim
3082 4433 3311 4503 idipsum
3363 4431 3552 4486 fuisset

1953 4524 2162 4590 dicere,
2194 4524 2410 4594 Depone
2434 4525 2780 4595 sapientiam,
2827 4532 2883 4580 et
2907 4524 3117 4580 Stultus
3145 4523 3262 4579 (ias.
3294 4521 3548 4594 Alioquin

1953 4631 2082 4672 vero
2110 4616 2271 4672 docet
2301 4618 2463 4672 etiam
2494 4633 2601 4673 non
2628 4618 3056 4673 erubescendum
3084 4631 3206 4673 esse
3236 4616 3307 4673 de
3331 4633 3393 4672 ea
3430 4632 3550 4688 quae

1952 4709 2093 4778 apud
2144 4724 2243 4765 nos
2273 4718 2357 4765 est
2400 4710 3031 4781 simplicitatezextcrna
3080 4712 3226 4765 enim
3259 4709 3549 4765 admodum

1953 4799 2160 4855 irridet.
2208 4799 2549 4872 Quapropter
2579 4802 2793 4857 nomina
2841 4819 2947 4857 non
2992 4803 3178 4869 timet,
3209 4803 3463 4875 quoniam
3491 4803 3549 4857 in

1950 4908 2132 4949 rerum
2162 4893 2360 4950 virtute
2394 4894 2637 4950 conlidit.
2665 4894 2736 4952 Ut
2766 4896 2926 4965 igitur
2950 4909 3102 4962 crux,
3130 4911 3252 4966 qua:
3282 4894 3543 4967 probrosa

1949 5001 2039 5044 res
2065 4987 2275 5043 videtur
2301 5003 2447 5055 esse,
2480 4989 2745 5044 bonorum
2773 4989 3240 5044 imnnnerabilium
3266 5003 3425 5044 causa
3446 5026 3463 5054 ,
3492 4996 3549 5043 et

1948 5080 2131 5151 gloriae
2156 5081 2442 5138 inen‘abilis
2473 5082 2692 5137 occasio
2719 5091 2774 5138 et
2800 5081 2953 5136 radix
2998 5081 3152 5138 nobis
3197 5080 3296 5136 fuit
3324 5099 3338 5135 :
3371 5082 3449 5136 sic
3476 5095 3542 5135 ea

1947 5189 2068 5244 qua:
2092 5174 2303 5230 videtur
2323 5188 2445 5230 esse
2472 5173 2720 5240 stultitia,
2743 5173 3024 5242 sapientia:
3050 5174 3208 5229 nobis
3235 5187 3398 5229 causa
3421 5171 3543 5227 fuit.

1947 5264 2096 5321 Sicut
2124 5266 2268 5321 enim
2294 5266 2340 5321 is
2367 5266 2456 5335 qui
2488 5265 2628 5322 male
2653 5264 2926 5337 quidpiam
2974 5265 3186 5332 didicit,
3223 5265 3323 5320 nisi
3370 5273 3541 5320 totum

1946 5356 2206 5428 deponat,
2234 5358 2580 5430 animamque
2605 5359 2653 5413 ei
2684 5358 2775 5430 qui
2803 5359 3099 5429 scripturus
3133 5367 3218 5414 est
3249 5357 3458 5428 planam
3488 5367 3544 5411 et

1946 5466 2133 5521 puram
2161 5452 2387 5517 reddat,
2419 5467 2485 5509 ex
2513 5452 2662 5508 sanis
2706 5452 2868 5508 rebus
2908 5451 3044 5507 nihil
3082 5451 3228 5508 clare
3268 5451 3440 5507 sciet:
3464 5451 3537 5503 ita

1944 5542 2105 5597 etiam
2151 5543 2206 5598 in
2256 5552 2478 5600 externa
2529 5543 2827 5616 sapientia,
2873 5544 2976 5600 nisi
3027 5553 3198 5599 totum
3247 5542 3439 5599 eradas
3481 5548 3535 5595 et

1943 5644 2178 5692 mentem
2204 5651 2423 5694 everras
2441 5678 2458 5707 ,
2487 5645 2545 5694 et
2570 5638 2724 5710 quasi
2769 5636 2934 5694 idiota
2966 5636 3089 5694 fidei
3133 5646 3188 5692 te
3225 5634 3488 5692 obtuleris
3512 5673 3531 5697 .

1944 5728 2076 5783 nihil
2107 5730 2421 5799 praeclarum
2458 5730 2547 5788 vel
2591 5731 2866 5787 sincerum
2911 5736 3162 5786 accurate
3205 5728 3364 5783 scies.
3396 5725 3530 5781 Nam

1941 5820 2031 5892 qui
2061 5819 2275 5894 oblique
2300 5822 2485 5881 vident
2501 5864 2519 5896 ,
2546 5821 2650 5880 nisi
2680 5821 2876 5881 clausis
2903 5820 3075 5880 oculis
3114 5834 3174 5877 se
3210 5819 3329 5877 aliis
3359 5816 3527 5876 tradi-
