4086 6440
587 401 657 456 83
1335 391 1392 449 S.
1433 390 1708 448 JOANNIS
1735 387 2207 447 CHRYSOS'I'OMI
2261 388 2577 448 ARClllEP.
2611 389 3144 448 CONSTANTINOP.
3785 395 3842 456 ει

587 516 790 578 derint,
815 511 909 569 sed
932 512 1073 567 male
1099 509 1290 566 allecto
1318 509 1450 563 visui
1481 524 1573 563 sua
1615 509 1976 579 permiserint,
2007 509 2177 580 magis

592 609 873 669 nrrabunt,
902 620 1060 676 quam
1091 605 1180 674 qui
1211 618 1316 656 non
1346 600 1546 655 vident.

689 699 916 754 Externa
975 696 1224 767 sapientia
1287 693 1606 763 reprobatur.
1637 722 1708 732 —
1737 691 1806 746 Et
1871 689 2179 761 quomodo,

596 795 839 864 inquies,
881 791 1052 861 possit
1100 789 1215 842 lure
1261 798 1483 842 externa
1533 786 1796 854 sapientia
1851 784 2086 855 deponi?
2125 784 2182 839 Si

594 900 780 940 eorum
823 882 1100 951 disciplina
1151 896 1256 934 non
1313 879 1494 933 utaris.
1545 877 1748 932 Deinde
1791 886 2070 948 postquam
2117 874 2184 930 ab

595 976 684 1030 illa
715 975 977 1029 desistere
1021 979 1130 1026 tam
1159 985 1348 1039 aspere
1375 969 1569 1038 jussit,
1601 983 1814 1022 causam
1844 968 2002 1022 etiam
2033 965 2186 1020 affert

592 1067 676 1121 his
716 1066 892 1121 verbis
925 1082 937 1118 :
972 1064 1057 1120 19.
1103 1061 1374 1133 Sapientia
1403 1062 1535 1114 enim
1581 1061 1733 1129 hujus
1764 1059 1943 1112 mundi
1968 1057 2186 1112 stultitia

590 1167 665 1212 est
708 1157 848 1228 apud
893 1155 1077 1210 Deum.
1107 1154 1222 1210 Non
1259 1153 1420 1208 modo
1447 1152 1591 1206 enim
1623 1151 1755 1206 nihil
1800 1149 2041 1215 confert,
2089 1147 2182 1204 sed

590 1250 753 1304 etiam
783 1247 1026 1318 impedit.
1059 1247 1284 1318 Oportet
1315 1246 1474 1316 igitur
1516 1244 1584 1299 ab
1623 1244 1712 1299 illa
1757 1245 2015 1298 absistere
2037 1285 2050 1308 ,
2097 1251 2184 1296 ut-

594 1351 721 1411 pote
746 1356 865 1411 qua:
894 1349 1107 1395 noceat.
1139 1338 1327 1394 Videu‘
1350 1337 1619 1408 quomodo
1647 1337 1874 1391 ubertim
1911 1336 2185 1390 victoriam

594 1433 812 1499 tulerit,
842 1432 1136 1487 ostendens
1161 1431 1304 1485 illam
1337 1445 1444 1485 non
1476 1429 1636 1484 modo
1664 1429 1796 1484 nihil
1836 1443 1934 1484 nos
1957 1428 2145 1498 juvarc
2167 1467 2184 1493 ,

593 1524 689 1580 sed
735 1525 897 1580 etiam
945 1514 1099 1578 nobis
1126 1522 1452 1578 contrariam
1482 1521 1650 1577 esse?
1698 1520 1880 1590 Neque
1919 1520 2029 1574 suis
2057 1532 2187 1574 con-

593 1624 776 1672 tentus
802 1615 1155 1687 argumentis,
1185 1615 1547 1669 testimonium
1577 1628 1763 1669 rursus
1789 1612 1940 1668 all‘ert
1961 1613 2144 1667 dicens
2168 1627 2184 1667 :

594 1707 862 1776 Scriptum
906 1716 982 1761 est
1031 1707 1164 1760 enim
1211 1723 1224 1760 :
1262 1705 1363 1773 Qui
1400 1705 1781 1775 comprehendit
1829 1705 2082 1775 sapientes
2133 1704 2188 1757 in

593 1801 782 1854 astutia
807 1816 1003 1854 eorum.
1035 1798 1265 1865 Astutia,
1307 1799 1357 1854 id
1383 1807 1467 1854 est
1487 1839 1502 1864 ,
1545 1798 1656 1854 suis
1685 1798 1803 1852 illos
1831 1797 1994 1852 armis
2021 1796 2183 1866 capit.

596 1891 729 1960 Quia
770 1891 912 1946 enim
969 1893 1163 1946 astutia
1209 1890 1292 1946 usi
1342 1898 1496 1955 sunt,
1550 1899 1607 1944 ut
1662 1905 1729 1945 ne
1781 1890 1889 1944 Deo
1929 1888 2189 1944 haberent

595 1998 767 2052 opus,
807 1997 902 2053 per
931 1981 1069 2038 hanc
1118 1981 1287 2052 ipsam
1318 1983 1568 2036 astutiam
1601 1981 1706 2035 illis
1754 1981 2000 2051 probavit
2045 1979 2187 2051 quod

595 2075 830 2128 maxime
886 2075 994 2129 Deo
1051 2081 1264 2143 egeant.
1315 2074 1431 2140 Quo
1480 2071 1678 2127 modo?
1729 2072 1882 2140 Quod
1928 2087 2024 2142 per
2067 2087 2186 2127 eam

597 2165 745 2219 stulti
778 2165 988 2232 effecti,
1040 2168 1236 2221 merito
1273 2181 1370 2235 per
1411 2165 1657 2220 eamdem
1710 2165 1851 2234 capti
1897 2165 2022 2220 sint.
2056 2165 2188 2220 Nam

597 2257 688 2327 qui
735 2257 990 2326 putabant
1027 2273 1088 2313 se
1129 2258 1237 2312 Deo
1277 2273 1384 2312 non
1421 2273 1555 2327 opus
1593 2257 1827 2324 habere,
1874 2257 1940 2312 ad
1989 2267 2188 2312 tantam

595 2347 805 2402 redacti
844 2359 971 2403 sunt
1009 2357 1334 2418 egestatem,
1377 2358 1434 2402 ut
1460 2347 1815 2418 piscatoribus
1843 2357 1896 2403 et
1927 2348 2190 2404 illiteratis

598 2442 834 2496 minores
859 2451 1174 2511 apparerent
1202 2482 1215 2506 ,
1245 2440 1484 2512 ipsisque
1504 2441 1718 2495 demum
1743 2456 1878 2511 opus
1903 2440 2186 2496 haberent.

598 2530 724 2587 Ideo
769 2532 875 2597 sit,
910 2533 968 2586 In
1013 2533 1207 2588 astutia
1240 2533 1479 2602 ipsorum
1512 2535 1655 2602 cepit
1699 2532 1842 2589 illos.
1887 2533 2019 2589 Nam
2067 2548 2188 2590 cum

595 2623 762 2691 dicit,
810 2623 1031 2679 Perdant
1069 2626 1373 2697 sapientiam
1423 2625 1519 2698 (1.
1565 2624 1684 2681 Cor.
1727 2627 1779 2680 1.
1825 2627 1972 2697 19),
2021 2628 2189 2698 ipsam

597 2716 664 2771 ad
696 2717 830 2773 nihil
890 2718 1021 2772 utile
1053 2719 1305 2774 inducere
1345 2718 1611 2789 signiﬁcat
1641 2735 1653 2771 :
1687 2717 1815 2775 illud
1843 2729 2055 2786 autem,
2091 2719 2192 2786 Qui

597 2809 974 2878 comprehendit
994 2812 1246 2882 sapientes
1267 2813 1319 2866 in
1340 2812 1526 2866 astutia
1549 2828 1720 2866 eorum
1746 2854 1761 2881 ,
1802 2812 1867 2867 ad
1892 2813 2189 2868 ostenden-

600 2902 722 2957 dam
756 2902 851 2958 Dei
879 2906 1168 2973 potentiam
1195 2904 1409 2960 dicitur.

670 2996 726 3048 2.
769 2996 971 3052 Deinde
1000 2996 1218 3051 modum
1247 2997 1379 3052 dicit
1415 3013 1522 3068 quo
1567 2997 2010 3067 comprehendit,
2043 3000 2190 3056 aliud

601 3084 860 3154 adjiciens
887 3085 1250 3140 testimonium
1276 3103 1291 3152 ;
1325 3085 1397 3140 ait
1425 3087 1566 3141 enim
1597 3105 1610 3140 :
1642 3086 1733 3142 20.
1776 3085 2028 3143 Dominus
2057 3091 2192 3142 novit

600 3178 926 3249 cogitationes
976 3179 1278 3250 sapientium
1334 3181 1575 3250 quoniam
1645 3197 1787 3236 vanae
1855 3194 1991 3238 sunt.
2056 3183 2193 3240 Cum

601 3280 781 3347 autem
825 3268 1086 3340 sapientia
1119 3270 1209 3324 illa
1247 3287 1365 3340 quae
1392 3281 1475 3326 est
1502 3272 1762 3328 immensa
1785 3313 1801 3340 ,
1834 3273 1952 3330 haec
1978 3274 2046 3332 de
2088 3276 2192 3332 illis

605 3360 1067 3432 pronuntiaverit,
1097 3371 1150 3416 et
1180 3363 1312 3418 tales
1339 3363 1486 3434 ipsos
1515 3379 1635 3419 esse
1663 3365 2003 3435 probaverit,
2033 3383 2192 3438 quam

600 3451 759 3506 aliam
803 3463 1058 3508 extrema:
1085 3453 1302 3508 illorum
1331 3455 1578 3510 amentia:
1609 3471 1817 3525 qmeres
1853 3457 2190 3513 demonstra-

601 3545 846 3600 tionem?
873 3543 1009 3599 Nam
1049 3544 1326 3600 hominum
1357 3546 1571 3616 quidem
1595 3547 1793 3617 judicia
1825 3564 1969 3620 smpe
2000 3550 2190 3605 labun-

601 3645 726 3703 tur;
755 3638 848 3693 Dei
881 3652 1010 3694 vero
1037 3640 1299 3695 sententia
1333 3655 1431 3694 nec
1462 3641 1784 3710 reprehendi
1815 3657 1914 3697 nec
1941 3657 2192 3698 corrum-

600 3729 655 3798 pi
697 3744 948 3800 umquam
981 3739 1177 3800 potest.
1212 3730 1501 3802 Postquam
1543 3733 1703 3804 igitur
1746 3733 1966 3804 superni
2005 3735 2192 3804 judicii

605 3827 864 3890 tropteum
913 3821 984 3876 ita
1024 3821 1364 3892 Splendidum
1414 3834 1696 3891 erexerat,
1745 3826 2091 3881 vehementer
2135 3827 2190 3882 in

600 3913 844 3968 subditos
863 3928 1168 3969 sermonem
1191 3916 1486 3983 convertit,
1513 3916 1626 3971 haec
1653 3916 1837 3972 dicens
1868 3934 1882 3971 :
1911 3915 2000 3992 2i.
2027 3916 2192 3973 Nemo

598 4007 771 4078 itaque
808 4006 1051 4076 glorietur
1079 4009 1130 4061 in
1157 4008 1442 4062 hominibus
1471 4024 1489 4062 :
1517 4007 1608 4062 22.
1639 4009 1810 4063 omnia
1850 4011 1987 4064 enim
2028 4020 2192 4066 vestra

601 4107 742 4154 sunt.
793 4097 1001 4154 Rursus
1048 4100 1227 4172 priora
1273 4100 1503 4172 repetit,
1533 4100 1824 4156 ostendens
1867 4102 1986 4156 illos
2017 4117 2192 4173 neque

601 4191 659 4244 in
683 4190 1049 4261 spiritualibus
1075 4193 1242 4247 altum
1273 4208 1460 4263 sapere
1486 4194 1684 4250 debere
1703 4235 1718 4261 ,
1755 4204 1812 4249 ut
1839 4197 1928 4266 qui
1958 4195 2091 4250 nihil
2122 4210 2191 4251 ex

601 4298 663 4339 se
706 4283 956 4339 habeant.
987 4284 1119 4340 Cum
1150 4301 1280 4357 ergo
1319 4294 1545 4341 externa
1594 4287 1853 4358 sapientia
1894 4287 2053 4342 noxia
2083 4288 2190 4356 sit,

601 4385 656 4431 et
699 4377 995 4448 spiritualia
1039 4393 1068 4432 a
1100 4376 1254 4432 vobis
1304 4392 1410 4431 non
1459 4377 1567 4431 sint
1613 4377 1776 4445 data,
1832 4379 1973 4435 unde
2027 4378 2195 4437 habes

599 4467 743 4537 quod
766 4467 1052 4538 glorieris?
1081 4467 1145 4520 Et
1173 4466 1226 4521 itt
1257 4475 1480 4521 externa
1505 4465 1722 4536 quidem
1749 4465 2008 4537 sapientia
2033 4483 2192 4524 nemo

601 4560 840 4630 seipsum
876 4557 1143 4626 decipiat,
1171 4558 1380 4628 inquit,
1412 4558 1534 4628 quia
1575 4557 1678 4628 ipsi
1716 4558 1770 4613 in
1814 4574 1872 4615 re
1902 4560 2058 4615 noxia
2089 4561 2193 4617 sibi

602 4649 889 4720 placebant
930 4665 944 4702 :
987 4647 1074 4701 hic
1125 4662 1288 4711 vero,
1343 4648 1465 4717 quia
1518 4662 1607 4703 res
1658 4648 1821 4704 habet
1869 4649 2189 4720 utilitatem,

605 4755 768 4795 nemo
822 4740 1101 4812 glorietur.
1165 4739 1234 4794 Et
1279 4741 1640 4796 mansuetiore
1687 4741 1852 4797 utitur
1904 4745 2188 4801 oratione:

606 4833 795 4888 Omnia
828 4834 960 4888 enim
1004 4841 1168 4886 vestra
1193 4843 1310 4887 sunt
1329 4875 1344 4899 ,
1387 4834 1489 4888 sive
1534 4833 1732 4888 Paulus
1758 4835 1859 4889 sive
1887 4837 2071 4907 Apollo
2091 4838 2194 4892 sive

604 4926 804 4997 Cephas
832 4927 936 4981 sive
964 4925 1215 4993 mundus,
1246 4927 1349 4980 sive
1372 4926 1473 4980 vita
1500 4927 1601 4981 sive
1639 4944 1774 4983 mors
1793 4971 1807 4996 ,
1838 4930 1940 4984 sive
1964 4946 2192 5001 presen-

603 5022 675 5070 tia
703 5018 804 5070 sive
827 5021 1000 5090 futura
1028 5033 1048 5070 :
1076 5018 1245 5071 omnia
1282 5027 1445 5071 vestra
1483 5028 1633 5085 sunt,
1661 5035 1747 5073 vos
1775 5030 1941 5074 autem
1969 5021 2189 5088 Christi,

603 5107 834 5166 Christus
859 5121 1026 5165 autem
1058 5109 1168 5165 Dei.
1201 5110 1337 5176 Quia
1364 5111 1506 5166 enim
1536 5113 1653 5167 illos
1682 5114 2033 5170 vehementer
2065 5131 2188 5184 per—

603 5201 927 5270 strinxerat,
953 5218 1138 5259 rursus
1166 5201 1312 5272 ipsos
1343 5213 1570 5259 recreat.
1605 5204 1671 5258 Et
1701 5205 1946 5276 superius
1974 5206 2190 5277 quidem

604 5294 854 5365 dicebat,
913 5297 1187 5366 Adjutores
1244 5313 1414 5352 sumus
1479 5296 1607 5365 Dei,
1667 5307 1722 5355 et
1773 5299 1893 5356 aliis
1951 5301 2192 5372 pluribus

599 5387 784 5444 verbis
821 5387 968 5459 ipsos
1008 5386 1384 5444 consolabatur
1416 5409 1430 5444 :
1461 5390 1549 5446 hic
1587 5401 1765 5447 autem
1795 5393 1958 5459 dicit,
2005 5393 2192 5448 Omnia

603 5489 770 5535 vestra
799 5490 950 5548 sunt,
981 5481 1261 5540 doctorum
1295 5486 1484 5540 fastum
1516 5500 1776 5539 amovens
1800 5526 1815 5550 ,
1858 5487 2186 5541 ostendens-

601 5587 709 5640 que
737 5573 880 5643 ipsos
912 5588 1016 5629 non
1042 5576 1201 5631 modo
1236 5576 1367 5630 nihil
1393 5577 1498 5630 illis
1527 5575 1705 5647 largiri
1726 5616 1738 5636 ,
1781 5577 1875 5630 sed
1905 5577 2035 5646 ipsis
2064 5592 2189 5646 gra-

603 5663 706 5717 tias
732 5663 937 5721 rcferre
980 5665 1178 5722 debere
1211 5683 1223 5721 :
1257 5677 1473 5738 propter
1499 5668 1620 5722 illos
1661 5669 1803 5724 enim
1851 5669 1982 5724 tales
2013 5668 2188 5724 effecti

605 5762 763 5820 sunt,
810 5755 1077 5829 etiamque
1120 5759 1346 5830 gratiam
1394 5768 1737 5828 acceperunt.
1787 5758 1892 5816 Sed
1937 5760 2189 5831 quoniam

604 5840 840 5900 futurum
863 5857 997 5919 erat,
1035 5861 1094 5909 ut
1135 5848 1214 5907 illi
1256 5849 1415 5908 etiam
1448 5851 1835 5925 gloriarentur,
1885 5853 2005 5910 ideo
2047 5853 2187 5910 hunc

2290 523 2501 580 quoque
2555 509 2797 563 morbum
2855 508 3096 580 prmdicit
3132 507 3318 562 dicens
3356 525 3368 560 :
3427 505 3700 578 Unicuique
3731 511 3846 566 sicut

2291 598 2426 655 Deus
2456 600 2633 668 dedit;
2680 609 2766 666 et,
2801 601 2938 656 Deus
2985 601 3347 655 incrementum
3375 601 3558 666 dedit;
3603 611 3658 656 ut
3693 617 3848 673 neque

2289 690 2409 758 illi,
2449 693 2570 762 quia
2627 693 3007 762 praebuerunt,
3059 692 3224 745 altum
3278 691 3529 761 sapiant;
3583 708 3746 764 neque
3797 695 3842 749 hi

2289 783 2478 852 etiam,
2531 784 2655 854 quia
2702 785 3005 849 audierunt,
3038 784 3224 839 Omnia
3251 795 3413 838 vestra
3459 796 3605 850 sunt,
3635 802 3748 843 sese
3772 804 3850 843 ex-

2290 875 2495 930 tollant.
2529 875 2738 931 Etenim
2767 876 2976 931 etiamsi
3017 887 3233 946 preptcr
3260 891 3383 943 vos,
3412 886 3468 932 at
3508 887 3668 934 totum
3695 895 3723 935 a
3752 881 3850 937 Deo

2291 967 2485 1022 factum
2514 977 2614 1023 est.
2674 969 2753 1024 Ttt
2811 985 2939 1025 vero
2979 970 3106 1024 mihi
3165 971 3463 1042 perpendas
3502 973 3655 1028 velim
3679 1016 3692 1038 ,
3727 991 3848 1046 quo-

2290 1060 2449 1114 modo
2489 1077 2655 1130 usque
2697 1061 2762 1116 ad
2810 1062 2970 1118 finem
3026 1077 3332 1133 perseveret
3384 1081 3574 1120 nomen
3615 1083 3756 1122 suum
3793 1080 3840 1125 et

2291 1168 2482 1206 nomen
2533 1153 2673 1208 Petri
2701 1169 2921 1224 ponere.
2953 1156 3090 1224 Quid
3119 1173 3246 1212 vero
3275 1158 3534 1227 signiﬁcat
3562 1160 3682 1214 illud
3705 1204 3718 1226 ,
3747 1161 3852 1218 Sirs

2291 1244 2472 1297 mors?
2523 1245 2741 1300 Etiamsi
2800 1248 3134 1315 moriantur,
3192 1265 3286 1318 pro
3340 1249 3488 1304 vobis
3541 1252 3846 1320 moriuntur,

2291 1335 2656 1404 periclitantes
2683 1352 2779 1407 pro
2807 1346 2984 1393 vestra
3012 1339 3200 1395 salute.
3246 1339 3432 1396 Viden’
3459 1343 3718 1412 quomodo
3742 1361 3848 1399 rur-

2290 1442 2405 1480 sum
2435 1427 2816 1498 discipulorum
2854 1429 3048 1485 fastum
3089 1431 3391 1501 deprimat,
3423 1433 3665 1488 doctores
3689 1445 3847 1490 autem

2291 1519 2549 1573 extollat?
2584 1519 2714 1574 Nam
2745 1521 2821 1576 sic
2850 1521 2971 1576 illos
2999 1523 3287 1594 alloquitur
3314 1532 3369 1577 ut
3399 1539 3588 1593 pueros
3629 1525 3844 1594 nobiles,

2293 1607 2608 1679 ptedagogos
2631 1610 2910 1678 habentes,
2934 1613 3022 1682 qui
3049 1613 3414 1669 Ita-reditatem
3437 1617 3698 1686 accepturi
3719 1627 3846 1673 sunt.

2291 1700 2436 1757 Licet
2481 1701 2639 1757 etiam
2686 1704 2794 1760 alio
2836 1705 2996 1760 modo
3024 1704 3228 1772 dicere,
3261 1717 3489 1762 mortem
3532 1708 3712 1762 Adami
3741 1724 3849 1778 pro-

2294 1802 2399 1862 pter
2446 1810 2544 1850 nos
2583 1795 2783 1863 fuisse,
2840 1805 2897 1851 ut
2947 1797 3430 1867 resipisceremus;
3486 1811 3702 1855 mortem
3740 1817 3851 1856 vero

2289 1884 2524 1951 Christi,
2556 1897 2614 1942 ut
2641 1903 3004 1945 servaremur.
3055 1889 3157 1946 Vos
3183 1902 3352 1946 autem
3387 1892 3600 1958 Christi,
3647 1893 3852 1948 Christus

2292 1991 2407 2031 vero
2457 1977 2568 2032 Dei.
2612 1980 2782 2036 Aliter
2830 1981 3028 2037 Christi
3068 1997 3288 2048 sumus,
3338 1992 3394 2040 et
3430 1984 3583 2040 aliter
3636 1985 3853 2040 Christus

2296 2067 2391 2123 Dei
2429 2079 2541 2137 est,
2583 2081 2636 2126 et
2681 2073 2837 2129 aliter
2887 2075 3116 2130 mundus
3155 2085 3235 2132 est
3276 2087 3480 2133 noster.
3537 2075 3643 2132 Nos
3677 2077 3852 2148 quippe

2291 2158 2492 2214 Christi
2520 2177 2734 2228 sumus,
2787 2174 2844 2219 ut
2884 2180 3020 2235 Opus
3066 2167 3245 2232 illius;
3294 2167 3541 2222 Christus
3578 2184 3700 2222 vero
3741 2169 3850 2232 Del,

2296 2260 2349 2304 ut
2383 2266 2636 2321 germana
2687 2255 2864 2323 proles
2885 2296 2899 2320 ,
2932 2273 3036 2310 non
3065 2267 3121 2311 ut
3149 2272 3284 2328 opus
3314 2275 3328 2311 :
3359 2274 3460 2328 qua
3489 2257 3689 2313 ratione
3712 2257 3852 2312 etiam

2296 2359 2393 2398 nec
2418 2345 2648 2400 mundus
2674 2356 2758 2402 est
2785 2358 2968 2404 noster
2992 2351 3032 2402 ι.
3066 2351 3247 2421 Itaque
3273 2351 3374 2406 etsi
3404 2367 3505 2406 una
3533 2354 3600 2407 sit
3625 2351 3792 2417 dictio,
3810 2361 3855 2404 at

2293 2435 2510 2492 diversa
2557 2441 2842 2495 sententia.
2885 2441 3115 2497 Mundus
3159 2443 3302 2497 enim
3333 2455 3520 2498 noster
3543 2452 3655 2511 est,
3694 2453 3854 2512 utpote

2296 2543 2393 2598 pro
2441 2530 2598 2586 nobis
2651 2531 2863 2598 factus;
2919 2532 3167 2590 Christus
3225 2550 3354 2590 vero
3397 2536 3490 2591 Dei
3529 2547 3643 2603 est,
3693 2546 3743 2591 ut
3776 2534 3854 2606 qui

2297 2621 2468 2691 ipsum
2514 2634 2789 2680 auctorem
2820 2626 3053 2694 habeat,
3102 2639 3366 2700 quatenus
3411 2631 3568 2687 Pater
3592 2632 3702 2702 ejus
3743 2642 3850 2686 est:

2296 2729 2394 2769 nos
2421 2724 2598 2771 autem
2621 2732 2805 2772 sumus
2825 2718 3044 2786 Clu-isti,
3075 2721 3196 2791 quia
3223 2721 3290 2776 ab
3311 2721 3431 2792 ipso
3457 2723 3653 2779 conditi
3671 2738 3851 2778 sumus.

2296 2807 2351 2863 Si
2399 2809 2474 2863 illi
2523 2820 2646 2864 sunt
2692 2813 2889 2876 vestri,
2935 2813 3140 2884 inquit,
3169 2830 3267 2870 cur
3312 2814 3490 2871 facitis
3515 2818 3850 2880 contrarium,

2295 2899 2422 2954 dum
2449 2899 2517 2955 ab
2544 2901 2672 2970 ipsis
2699 2903 3150 2973 cognominamini
3178 2946 3192 2968 ,
3223 2920 3328 2960 non
3359 2923 3389 2962 a
3415 2905 3629 2964 Christo
3653 2918 3701 2964 et
3725 2909 3855 2962 Deo?

2300 2989 2472 3061 (Cap.
2526 2993 2603 3064 4.)
2652 2993 2702 3048 1.
2753 2995 2842 3049 Sic
2891 3013 2984 3050 nos
3024 2997 3272 3051 existimet
3322 3001 3473 3054 homo
3525 3009 3578 3054 ut
3627 3001 3854 3054 ministros

2297 3082 2516 3151 Christi,
2557 3095 2605 3139 et
2642 3086 3012 3156 dispensatores
3050 3090 3404 3159 mysteriorum
3443 3090 3558 3147 Dei.
3599 3090 3854 3162 Postquam

2298 3174 2508 3230 illorum
2560 3179 2920 3248 arrogantiam
2966 3179 3262 3250 depressit,
3304 3183 3428 3238 vide
3469 3185 3577 3254 jam
3615 3182 3856 3254 quomodo

2297 3265 2416 3320 illos
2443 3279 2652 3324 recreet
2689 3269 2873 3325 dicens
2904 3289 2917 3325 :
2954 3271 3020 3326 Ut
3049 3273 3302 3327 ministros
3332 3276 3540 3332 Christi.
3581 3277 3653 3332 Ne
3679 3277 3855 3346 itaque,

2299 3359 2463 3414 misso
2486 3359 2709 3415 lfuinino
2731 3402 2745 3426 ,
2769 3375 2800 3415 a
2823 3361 3082 3417 ministris
3103 3372 3157 3418 et
3179 3363 3394 3420 famulis
3416 3382 3607 3422 nomen
3629 3368 3853 3437 accipias.

2299 3449 2708 3521 Dispensatorcs
2745 3461 2925 3509 autem
2971 3454 3141 3523 dixit,
3172 3458 3466 3514 ostendens
3508 3475 3609 3516 non
3637 3461 3858 3514 omnibus

2298 3542 2414 3598 haec
2445 3543 2620 3600 danda
2666 3560 2822 3614 esse,
2867 3547 2959 3602 sed
2991 3547 3185 3617 quibus
3231 3561 3480 3620 Oportet,
3508 3564 3562 3607 et
3603 3553 3781 3623 quibus
3805 3565 3857 3606 ea

2297 3645 2421 3691 sunt
2445 3637 2824 3708 dispensanda.
2851 3637 2907 3692 2.
2945 3637 3042 3692 Hic
3060 3640 3173 3709 jam
3198 3644 3446 3709 quaeritur
3469 3645 3597 3698 inter
3618 3644 3859 3713 dispensa-

2297 3739 2428 3783 tores
2468 3739 2521 3782 αι
2566 3730 2731 3799 ﬁdelis
2774 3732 2886 3802 quis
2936 3732 3239 3786 inveniatur.
3274 3732 3327 3788 ld
3353 3746 3470 3799 est,
3521 3751 3586 3790 ne
3611 3751 3722 3805 qua:
3751 3741 3860 3788 sunt

2300 3820 2511 3876 Domini
2553 3822 2657 3877 sibi
2697 3833 2956 3893 usurpet,
2990 3839 3089 3879 nec
3137 3825 3237 3880 sibi
3283 3835 3553 3898 tamquam
3579 3827 3783 3883 don.in
3805 3840 3858 3881 ea

2298 3912 2568 3979 vindicet,
2598 3913 2692 3968 sed
2721 3923 2777 3968 ut
2802 3914 3143 3985 diSpensator
3175 3915 3262 3970 illa
3293 3928 3468 3974 curet.
3503 3918 3860 3989 Dispensatoris

2297 4005 2438 4061 enim
2485 4016 2604 4070 est,
2652 4019 2715 4060 ea
2765 4021 2884 4076 qua:
2930 4005 3034 4061 sibi
3060 4007 3262 4061 credita
3306 4019 3435 4064 sunt
3463 4011 3627 4080 probe
3652 4007 3857 4064 admini-

2297 4108 2470 4154 strare
2490 4137 2504 4162 ,
2549 4111 2648 4152 nec
2675 4113 2796 4167 qua:
2821 4097 3022 4152 domini
3049 4107 3173 4154 sunt
3209 4113 3303 4154 sua
3333 4101 3513 4158 dicere
3537 4119 3551 4168 ;
3583 4101 3672 4158 sed
3694 4109 3859 4155 eontra

2297 4206 2418 4261 qua:
2472 4197 2598 4245 sunt
2633 4204 2764 4257 sua,
2819 4189 3024 4244 domini
3077 4189 3280 4248 dicere.
3340 4192 3710 4264 Unusquisque
3763 4190 3862 4244 lucc

2297 4280 2537 4350 cogitans
2557 4323 2573 4348 ,
2604 4282 2717 4337 sive
2743 4281 2954 4336 dicendi
2984 4280 3291 4337 facultatem
3321 4285 3552 4351 habeat,
3592 4285 3699 4340 sive
3725 4296 3861 4353 pecu-

2299 4374 2415 4429 nias
2435 4415 2449 4439 ,
2479 4374 2622 4445 quod
2651 4389 2846 4444 nempe
2877 4390 2964 4431 res
2989 4376 3198 4431 Domini
3226 4378 3330 4433 sibi
3360 4379 3579 4435 credita:
3607 4379 3739 4446 sint,
3768 4391 3858 4431 non

2297 4475 2480 4521 autem
2529 4480 2677 4534 suae,
2725 4482 2793 4521 ne
2840 4466 2957 4522 illas
3001 4483 3166 4537 penes
3210 4483 3270 4524 se
3307 4471 3538 4527 retineat
3575 4485 3738 4542 neque
3771 4466 3858 4522 sibi

2299 4556 2603 4622 adscribat,
2651 4556 2743 4612 sed
2794 4557 2905 4613 Deo
2949 4560 3128 4613 omnia
3170 4560 3419 4631 largienti
3472 4563 3589 4619 illas
3638 4569 3860 4631 acceptas

2253 4709 2255 4711 ,
2297 4649 2517 4704 referat.
2550 4646 2644 4703 Vis
2673 4647 2855 4704 videre
2898 4648 3086 4706 ﬁdeles
3127 4651 3574 4720 dispensatores?
3597 4653 3725 4708 Audi
3750 4647 3860 4720 quid

2298 4740 2441 4796 dicat
2469 4741 2658 4797 Petrus
2689 4758 2702 4794 :
2739 4741 2877 4807 Quid
2903 4758 2994 4796 nos
3022 4744 3272 4810 respicitis
3297 4747 3446 4815 quasi
3474 4746 3680 4817 propria
3703 4744 3862 4798 virtute

2299 4841 2389 4886 aut
2427 4834 2625 4902 pietate
2676 4833 2938 4904 fecerimus
2976 4833 3110 4886 hunc
3162 4834 3427 4890 ambulare
3463 4838 3614 4907 (Act.
3643 4837 3694 4891 3.
3727 4829 3862 4896 l2)?

2299 4935 2355 4980 et
2381 4926 2630 4981 Cornelio
2656 4924 2869 4980 dicebat
2908 4926 3012 4998 (a)
3046 4945 3056 4975 :
3088 4925 3158 4979 Et
3206 4944 3296 4981 nos
3342 4928 3523 4983 iisdem
3570 4924 3862 5000 passionibus

2300 5018 2505 5072 obnoxii
2547 5018 2772 5072 homines
2809 5034 2982 5072 sumus
3024 5016 3171 5088 (Act.
3207 5019 3293 5073 H.
3324 5019 3391 5074 15
3416 5020 3476 5090 );
3514 5027 3567 5075 et
3609 5017 3672 5073 ad
3719 5014 3861 5072 Chri-

2299 5121 2442 5164 stum
2474 5127 2487 5164 :
2519 5109 2653 5164 Ecce
2705 5109 3002 5180 reliquimus
3057 5111 3229 5164 omnia
3281 5120 3328 5165 et
3383 5113 3579 5184 sequuti
3628 5124 3791 5165 sumus
3823 5113 3864 5157 te

2299 5203 2530 5276 (Matth.
2576 5204 2661 5259 19.
2701 5203 2770 5258 27
2793 5204 2836 5274 ).
2896 5203 2961 5258 Ει
3014 5202 3210 5258 Paulus
3265 5219 3386 5259 cum
3444 5205 3703 5269 dixisset,
3748 5199 3862 5254 Plus

2297 5313 2451 5367 quam
2498 5313 2669 5351 omnes
2716 5296 2972 5363 laboravi,
3026 5295 3301 5368 subjunxit
3332 5313 3346 5350 :
3374 5296 3499 5352 Non
3539 5314 3628 5370 ego
3677 5303 3856 5356 autem,

2362 5493 2379 5526 ί
2409 5500 2525 5556 Reg.
2550 5495 2621 5568 sic
2642 5495 2786 5568 eti‘ert
2807 5495 2934 5568 hunc
2957 5495 3424 5568 locum...germana
3443 5498 3602 5564 proles
3617 5513 3633 5556 ;
3650 5497 3862 5568 mundus:

2298 5569 2391 5618 que
2413 5569 2508 5626 non
2529 5563 2600 5626 est
2622 5565 2802 5618 noster,
2825 5566 2876 5609 ut
2894 5565 3110 5610 nostrum
3139 5573 3278 5626 opus,
3298 5562 3384 5611 sed
3409 5562 3459 5612 in
3488 5569 3709 5626 quarum
3729 5562 3862 5610 nostri

2299 5631 2447 5669 causa
2469 5625 2627 5729 flictus
2648 5626 2734 5669 est.
3502 5625 3509 5626 '

2349 5679 2436 5743 7(a)
2455 5741 2465 5743 _
2519 5682 2562 5729 ic
2573 5682 2720 5730 citata
2733 5682 2882 5731 verba
2901 5696 2996 5732 non
3009 5683 3235 5734 Cornelio
3251 5685 3375 5734 dicta
3392 5684 3533 5736 fuere
3547 5699 3572 5734 a
3586 5684 3733 5736 Petro
3747 5697 3760 5743 ;
3783 5679 3860 5730 sed

2297 5753 2324 5789 a
2348 5741 2502 5808 Paulo
2527 5744 2718 5805 Lystris,
2744 5745 2805 5793 iis
2826 5747 2909 5808 qui
2935 5747 3164 5808 Barnabas
3189 5753 3241 5797 et
3263 5748 3359 5796 sibi
3384 5757 3437 5797 ut
3459 5748 3555 5798 dits
3591 5741 3860 5808 hostias_tu_t-

2299 5802 2534 5916 εὖξοῶῃὲ
2549 5802 2705 5918 tigrin.
2732 5808 2816 5856 llic
2836 5802 3068 5858 memoria
3091 5807 3272 5860 labitur
3288 5809 3670 5875 Chrysostomus,
3697 5806 3784 5856 nisi
3804 5804 3858 5854 sit

2337 5878 2382 5916 ta
2484 5879 2499 5914 t
2557 5879 2582 5917 s
2661 5879 2710 5918 e.

2337 5878 2462 5916 tatus
2484 5878 2534 5914 In
2557 5878 2710 5919 sene.
