4086 6450
316 368 370 426 ει
1455 366 1519 424 ΙΝ
1560 364 1780 425 EPIST.
1821 365 1842 422 Ι
1877 365 1908 420 Α

2017 362 2161 424 308.
2188 364 2426 423 HOMIL.
2468 366 2537 423 Χ.
3555 369 3626 425 80

385 488 495 544 Καὶ
542 487 666 553 πῶς
709 487 783 545 ἂν
838 488 933 555 εἴη
989 488 1090 561 τὴν
1138 485 1330 556 σοφίαν
1361 484 1564 558 ταύτην
1595 480 1921 547 ἀποθέσθαι,

339 578 485 651 φησὶ;
518 578 618 651 Μὴ
659 579 1020 652 κεχρημένον
1051 589 1077 619 α
1108 575 1289 629 αὐτῶν
1325 577 1437 638 τοῖς
1468 574 1759 644 δόγμασιν.
1789 566 1923 623 Εἶτα

336 669 510 742 ἐπειδὴ
553 666 735 733 οὕτως
787 668 961 739 αῢτῆς
1007 664 1252 738 σφοδρῶς
1297 665 1602 736 ἀποστῆναι
1635 661 1913 722 ἐκέλευσε,

334 761 422 814 καὶ
466 758 567 831 τὴν
612 757 794 813 αἰτίαν
845 755 1033 826 τίθησι
1084 754 1293 824 λέγων’
1347 754 1410 807 Ἠ
1448 751 1560 822 τὰρ
1592 751 1781 821 σοφία
1812 749 1920 803 τοῦ

333 848 561 917 κόσμου
584 846 801 901 τούτου
818 845 1013 915 μωρία
1039 841 1199 912 παρὰ
1223 839 1305 908 τῷ
1334 839 1458 907 Θεῷ
1485 840 1676 893 ἐστιν.
1703 838 1780 891 Οὐ
1811 836 1921 907 γὰρ

335 935 491 1013 μόνον
515 934 671 990 οῦδὲν
703 932 969 997 συντελεῖ,
1001 930 1137 986 ἀλλά
1164 931 1260 985 καί
1285 928 1591 1001 ἐμποδίζει.
1616 929 1709 981 Δεῖ
1740 926 1920 980 τοίνυν

331 1025 497 1096 αὐτῆς
554 1024 878 1095 ἀποστῆναι,
908 1021 1004 1076 ἀτε
1042 1019 1403 1094 βλαπτούσης.
1473 1018 1637 1089 Ὁρᾷς
1689 1015 1807 1079 πῶς
1856 1016 1921 1067 ἐκ

331 1111 651 1186 περιουσίας
696 1113 897 1184 ἦνεγκε
931 1109 1001 1164 τὰ
1049 1110 1368 1182 νικητήρια,
1413 1105 1703 1171 ἀποδείξας
1748 1103 1824 1167 ὼς
1855 1103 1918 1156 οὐ

329 1202 491 1274 μόνον
515 1201 669 1272 ἡμᾶς
697 1201 845 1256 οὐδὲν
871 1198 1092 1271 ὠφελεῖ,
1121 1197 1256 1253 ἀλλά
1279 1196 1372 1251 καὶ
1395 1194 1735 1250 ἐναντιοῦται
1757 1210 1772 1259 ;
1810 1190 1918 1245 Καὶ

323 1289 443 1343 οὐδὲ
493 1290 620 1353 ταῖς
661 1287 891 1352 οἰκείαις
941 1288 1193 1359 ἀρκεῖται
1232 1285 1627 1349 κατασκευαῖς,
1657 1280 1795 1336 ἀλλὰ
1824 1281 1918 1335 καί

323 1376 638 1450 μαρτυρίαν
681 1376 926 1448 ἐπήγαγε
959 1373 1140 1439 πάλιν,
1172 1372 1346 1442 λέγων
1367 1389 1380 1403 ·
1412 1370 1753 1441 Γέγραπται
1784 1368 1914 1439 γάρ’

331 1466 392 1519 '0
439 1465 868 1535 δρασσόμενος
908 1463 1051 1530 τοὺς
1100 1461 1335 1531 σοφοὺς
1362 1461 1431 1515 ἑν
1467 1458 1542 1529 τῇ
1581 1458 1919 1527 πανουργίᾳ

314 1555 543 1613 αὐτῶν.
591 1555 673 1624 Τῇ
710 1555 1075 1625 πανουργίᾳ,
1120 1552 1422 1617 τουτέστιν,
1462 1552 1521 1604 ἐν
1550 1553 1665 1614 τοῖς
1694 1549 1917 1611 οἰκείοις

315 1645 507 1710 ὅπλοις
536 1646 734 1709 αὐτοὺς
787 1643 1163 1716 χειρούμενος.
1228 1640 1448 1713 Ἐπειδὴ
1489 1640 1597 1714 γὰρ
1630 1641 1699 1711 τῇ
1752 1636 1915 1708 σοφίᾳ

315 1736 628 1807 ἐχρήσαντο
672 1735 753 1798 εἰς
793 1734 854 1788 τὸ
901 1733 976 1806 μὴ
1020 1730 1281 1804 δεηθῆναι
1326 1730 1422 1785 τοῦ
1453 1728 1615 1795 Θεοῦ,
1643 1728 1710 1782 δι’
1739 1728 1915 1798 αὐτῆς

314 1825 526 1895 ταύτης
578 1824 803 1896 ήλεγξεν
849 1822 1066 1887 αὐτοὺς,
1117 1822 1200 1875 ὅτι
1258 1819 1494 1893 μάλιστα
1552 1818 1766 1873 δέονται
1816 1814 1913 1873 τοῦ

313 1912 475 1968 Θεοῦ.
519 1912 664 1977 Πῶς,
713 1913 807 1965 καὶ
834 1911 941 1964 τίνι
971 1910 1192 1983 τρόπῳ;
1237 1911 1362 1963 Ὅτι
1405 1908 1583 1981 μωροὶ
1625 1905 1912 1977 γεινόμενοι

312 2002 377 2055 δι’
407 2001 611 2071 αὐτῆς,
648 1999 872 2063 εἰκότως
915 1998 982 2052 δι’
1010 1999 1185 2070 αὐτῆς
1223 1998 1493 2053 ἑάλωσαν.
1527 1998 1591 2051 Οἱ
1623 2011 1731 2067 γορ
1759 1994 1913 2066 νομί-

314 2093 504 2157 ζοντες
558 2090 635 2161 μὴ
686 2088 893 2143 δεῖσθαι
940 2089 1100 2155 Θεοῦ,
1136 2091 1217 2153 εἰς
1252 2086 1525 2156 τοσαύτην
1566 2086 1914 2156 κατέστησαν

312 2182 528 2251 χρείαν,
565 2179 645 2244 ὼς
672 2178 871 2234 ἀλιέων
901 2179 996 2233 καὶ
1030 2179 1415 2251 ἀγραμμάτων
1444 2176 1699 2240 ἐλάττους
1731 2174 1908 2246 φανῆ-

311 2287 416 2333 ναι,
460 2271 561 2324 καὶ
598 2259 778 2324 αὐτῶν
821 2268 1027 2324 τούτων
1071 2268 1331 2340 δεηθῆναι
1369 2266 1593 2322 λοιπόν·
1629 2264 1719 2319 διά
1750 2262 1909 2319 τοῦτό

313 2374 479 2430 φησιν
504 2376 517 2390 ·
560 2357 654 2411 Ἐν
707 2358 774 2427 τῇ
809 2355 1116 2429 πανουργίᾳ
1161 2354 1344 2416 αὐτῶν
1382 2348 1527 2409 εἷλεν
1578 2352 1800 2418 αὐτούς.
1834 2353 1908 2406 Τὸ

315 2446 413 2517 μὲν
438 2445 553 2516 γὰρ
585 2447 782 2509 εἰπεῖν,
824 2445 1049 2500 Ἀπολῶ
1070 2443 1187 2514 τὴν
1214 2444 1463 2515 σοφίαν,
1488 2441 1627 2514 πρὸς
1652 2441 1713 2495 τὸ
1740 2441 1907 2513 μηδὲν

313 2531 588 2602 χρήσιμον
637 2532 954 2600 εἰσαγαγεῖν
1002 2528 1238 2602 εἴρηταιο
1294 2529 1357 2582 τὸ
1402 2528 1480 2593 δὲ,
1534 2527 1599 2581 '0
1641 2526 1906 2596 δρασσό-
1962 2580 1969 2589 ,

307 2635 495 2689 μενος
518 2617 664 2685 τοὺς
688 2616 922 2687 σοφοὺς
953 2616 1022 2670 ἐν
1042 2616 1119 2685 τῇ
1149 2616 1488 2687 πανουργίᾳ
1510 2614 1735 2680 αὐτῶν,
1766 2614 1906 2687 πρὸς

313 2709 365 2762 τὺ
386 2708 567 2775 δεῖξαι
593 2706 691 2761 τοῦ
721 2705 858 2761 Θεοῦ
883 2706 985 2777 τὴν
1010 2705 1265 2776 δύναμιν.

375 2886 441 2957 β’.
479 2879 623 2939 Εἶτα
643 2882 848 2939 καὶτὸν
867 2885 1066 2955 τρόπον
1093 2884 1240 2955 λέγει
1259 2884 1381 2939 καθ’
1414 2884 1474 2939 δν
1505 2878 1675 2953 εἶλεν,
1709 2885 1904 2958 ἑτέραν

317 2974 575 3048 προσθεὶς
620 2972 957 3044 μαρτυρίαν·
993 2972 1212 3041 Κύριος
1247 2972 1375 3045 γὰρ,
1415 2974 1572 3044 φησί,
1622 2973 1904 3045 γινώσκει

316 3064 449 3130 τοὺς
478 3061 922 3131 διαλογισμοὺς
950 3058 1072 3115 τῶν
1097 3060 1329 3131 σοφῶν,
1372 3061 1462 3116 ὅτι
1494 3062 1615 3118 εἰσί
1638 3063 1901 3133 μάταιοι.

316 3155 482 3208 Ὅταν
512 3150 572 3204 δὲ
606 3152 643 3221 ἠ
677 3150 837 3220 σοφία
868 3151 903 3222 ἡ
932 3149 1161 3221 ἄπειρος
1188 3150 1365 3206 ταῦτα
1408 3151 1538 3223 περὶ
1566 3152 1748 3207 αὐτῶν
1797 3155 1904 3226 ψη-

317 3241 563 3313 φίζηται,
595 3240 692 3294 καί
727 3237 841 3312 [82]
867 3239 1149 3314 ἀποφαίνῃ
1175 3240 1476 3307 τοιούτους,
1510 3241 1675 3296 ποίαν
1709 3242 1906 3314 ἑτέραν

316 3333 491 3403 ζητεῖς
523 3328 803 3395 ἀπόδειξιν
829 3329 932 3400 τῆς
961 3330 1198 3402 ἐσχάτης
1223 3330 1412 3394 ἀνοίας
1440 3330 1653 3396 αὑτῶνς
1694 3331 1761 3384 Αἱ
1803 3332 1904 3404 μὲν

314 3421 415 3492 γὰρ
440 3419 559 3473 τῶν
608 3416 917 3489 ἀνθρώπων
948 3417 1159 3490 κρίσεις
1191 3418 1463 3491 πολλαχοῦ
1494 3419 1902 3488 διαπίπτουσιν,

312 3511 341 3580 ἠ
370 3508 430 3562 δὲ
475 3506 576 3560 τοῦ
624 3504 761 3559 Θεοῦ
790 3504 970 3576 ψῆφος
1004 3505 1244 3577 ἄληπτος
1294 3508 1390 3560 καὶ
1420 3507 1738 3583 ἀδέκαστος⁸
1763 3527 1905 3564 παν-

310 3596 498 3668 ταχοῦ.
534 3596 751 3668 Στησας
772 3594 953 3648 τοίνυν
977 3594 1040 3648 τὸ
1059 3596 1321 3666 τρόπαιον
1345 3593 1488 3650 οῦτω
1518 3596 1776 3670 λαμπρὸν
1802 3599 1905 3673 τῆς

309 3684 521 3740 ἄνωθεν
564 3683 824 3755 κρίσεως,
870 3682 1232 3755 καταφορικῷ
1253 3685 1283 3725 b
1313 3684 1502 3739 λοιπὸν
1527 3685 1797 3758 κέχρηται
1824 3687 1905 3759 τῷ

311 3774 472 3847 λόγῳ,
504 3773 648 3845 πρὸς
676 3774 804 3836 τοὺς
836 3772 1175 3847 ἀρχομένους
1209 3774 1560 3845 ἀποστρέψας
1590 3775 1776 3840 αὐτὸν,
1810 3776 1905 3830 καὶ

309 3863 481 3933 λέγων
517 3860 727 3928 οὕτως*
764 3863 947 3919 Ὥστε
966 3861 1186 3933 μηδείς
1215 3862 1543 3934 καυχάσθω
1577 3864 1646 3918 ἐν
1676 3863 1903 3933 ἀνθρώ-

308 3964 486 4021 ποις-ε
514 3970 528 3982 ·
562 3951 759 4007 πάντα
806 3953 916 4024 γὰρ
963 3951 1128 4023 ὑμῶν
1152 3953 1304 4008 ἐστι.
1342 3955 1510 4008 Πάλιν
1542 3954 1636 4008 ἐπὶ
1678 3955 1738 4009 τὸ
1768 3954 1903 4028 πρό⁶

305 4059 462 4115 τερον
488 4039 738 4114 ἔρχεται,
761 4042 976 4106 δεικνὺς
1001 4042 1084 4096 ὅτι
1104 4041 1226 4096 οὐδὲ
1253 4042 1347 4095 ἐπὶ
1375 4044 1488 4107 τοῖς
1509 4045 1905 4112 πνευματικοῖς

302 4131 587 4200 ὀφείλουσι
641 4130 784 4200 μέγα
830 4132 1069 4203 φρονεῖν,
1131 4130 1228 4186 ἆτε
1295 4131 1446 4185 οὐδὲν
1505 4130 1639 4203 παρ’
1696 4130 1904 4185 ἑαυτῶν

302 4220 547 4292 ἔχοντες.
579 4218 748 4271 Ὅταν
775 4213 869 4272 οῦν
905 4220 942 4290 ὴ
977 4218 1078 4290 μὲν
1109 4217 1312 4284 ἔξωθεν
1349 4218 1512 4289 σοφία
1561 4219 1803 4292 βλαϐερά
1843 4215 1902 4294 ᾖ,

296 4309 368 4362 τὰ
401 4308 465 4363 δὲ
496 4305 852 4377 πνευματικά
897 4307 973 4378 μὴ
1005 4307 1137 4380 παρ’
1167 4306 1323 4378 ὑμῶν
1352 4303 1386 4382 ᾗ
1425 4307 1705 4380 δεδομένα,
1737 4308 1903 4364 πόθεν

299 4395 451 4468 εχεις
506 4394 853 4466 καυχᾶσθαι;
896 4395 1009 4448 Καὶ
1054 4394 1148 4449 ἐπὶ
1173 4396 1274 4468 μὲν
1300 4396 1401 4468 τῆς
1449 4396 1649 4462 ἔξωθεν
1686 4398 1900 4468 σοφίας,

294 4484 537 4553 Μηδεὶς
565 4482 787 4537 ἑαυτὸν
807 4481 1179 4552 ἐξαπατάτω,
1205 4483 1395 4555 φησὶν,
1427 4484 1616 4557 ἐπειδὴ
1647 4486 1741 4540 ἐπὶ
1761 4487 1902 4558 πρόι-

293 4590 483 4644 γματι
526 4570 790 4643 ἐφρόνουν
856 4570 1137 4644 βλαϐερᾷν
1185 4571 1422 4629 ἐνταῦθα
1473 4572 1553 4640 δὲ,
1602 4574 1797 4646 ἐπειδὴ
1840 4575 1904 4630 τὸ

295 4664 547 4733 πρᾶγμα
583 4659 855 4729 ὠφέλειαν
879 4659 1016 4732 ἔχει,
1048 4660 1238 4732 μηδεὶς
1261 4661 1579 4734 καυχάσθω.
1605 4662 1718 4717 Καὶ
1761 4665 1903 4736 ἡμε-

293 4750 551 4822 ρώτερον
570 4749 838 4821 κέχρηται
855 4748 935 4820 τῷ
956 4748 1119 4822 λόγῳ.
1144 4748 1352 4804 Πάντα
1372 4751 1483 4821 γὰρ
1507 4750 1677 4821 ὑμῶν
1692 4752 1864 4807 ἐστιν
1884 4768 1898 4782 ·

290 4843 428 4897 εἴτε
479 4828 731 4907 Παῦλος
756 4841 876 4895 alta
919 4841 1223 4908 Ἀπολλὼς
1248 4841 1370 4897 εἴτε
1395 4841 1626 4912 Κηφᾶς,
1648 4844 1771 4898 εἶτε
1798 4844 1902 4899 κό-

288 4950 487 5002 σμος,
524 4931 648 4986 εἴτε
687 4930 798 5001 ζωὴ
824 4931 946 4986 είτε
976 4929 1256 4997 θάνατος,
1286 4931 1409 4988 εἴτε
1434 4931 1738 4988 ἐνεστῶτα
1781 4934 1902 4990 εἴτε

278 5021 639 5091 μέλλοντα,
674 5019 874 5074 πάντα
898 5018 1068 5090 ὑμῶν
1095 5019 1288 5089 ἐστιν,
1307 5020 1479 5091 ὑμεῖς
1518 5020 1590 5076 δὲ
1615 5024 1899 5092 Χριστοῦ,

278 5108 568 5178 Χριστὸς
595 5106 665 5161 δὲ
685 5108 855 5163 Θεοῦ.
896 5107 1115 5181 Ἐπειδὴ
1140 5108 1251 5181 γὰρ
1296 5109 1504 5183 σφόδρα
1543 5110 1723 5166 αὐτῶν
1766 5113 1901 5168 καθ-

278 5198 509 5281 ήψατο,
545 5195 708 5252 πάλιν
749 5197 946 5261 αὐτοὺς
997 5197 1320 5252 ἀνακτᾶται.
1355 5199 1466 5252 Καὶ
1493 5198 1754 5271 ἀνωτέρω
1801 5201 1900 5271 μὲν

276 5288 484 5357 ἔλεγε,
518 5287 808 5356 Συνεργοί
834 5286 1024 5357 ἐσμεν
1051 5282 1160 5338 τοῦ
1188 5285 1359 5351 Θεοῦ,
1390 5286 1486 5340 καὶ
1511 5285 1579 5339 δι’
1608 5286 1811 5354 ἐτέρων
1841 5287 1898 5341 δὲ

274 5380 574 5436 πλειόνων
593 5379 799 5445 αὐτοὺς
821 5378 1247 5453 παρεμυθήσατο
1260 5397 1275 5412 ·
1305 5378 1399 5433 καὶ
1414 5379 1646 5435 ἐνταῦθα
1664 5381 1722 5435 δέ
1740 5398 1898 5455 φησι,

273 5470 518 5526 Πάντα
554 5466 730 5539 ὑμῶν
773 5469 927 5535 ἐστι,
976 5466 1259 5541 καθαιρῶν
1287 5468 1380 5523 τὸν
1425 5468 1595 5540 τῦφον
1622 5469 1732 5525 τῶν
1755 5471 1901 5525 διδαο

275 5558 548 5625 σκάλων,
586 5558 680 5612 καὶ
709 5555 927 5621 δεικνὺς
950 5557 1032 5611 ὅτι
1061 5557 1123 5610 οὐ
1155 5556 1320 5627 μόνον
1345 5556 1498 5612 οὐδὲν
1527 5556 1712 5621 αὐτοῖς
1740 5558 1899 5631 χαρί-

275 5647 519 5713 ζονται,
546 5647 663 5701 ἀλλ’
697 5647 785 5700 δτι
812 5646 910 5700 καὶ
935 5639 1080 5699 οῦτοι
1110 5643 1340 5710 ἐκείνοις
1388 5645 1549 5718 χάριν
1573 5646 1718 5717 ἔχειν
1749 5646 1899 5716 ὀφεί-

276 5737 483 5795 λουσι·
517 5737 609 5793 διὰ
656 5737 769 5811 γὰρ
797 5736 1000 5801 αὐτοὺς
1029 5732 1262 5789 τοιοῦτοι
1292 5735 1604 5805 γεγόνασιν,
1636 5734 1774 5792 ἀλλά
1804 5737 1902 5793 καὶ

357 5961 391 6003 ιι,
411 5954 679 6022 Legebat“,
699 5957 766 6021 μὴ
790 5953 1119 6024 κεχρημένρν.
1150 6010 1161 6024 .
1184 5951 1219 6024 δ.
1239 5952 1386 6024 Reg?
1419 5958 1768 6024 καταφορικῶς,
1792 5973 1905 6024 ηοω

278 6017 452 6073 Ῑοαὶο
474 6010 571 6074 ὅου
590 6010 899 6085 ψεὼὲηόὲξ
934 6010 993 6048 Ἶο
1019 6010 1283 6079 Legebalur
1302 6010 1622 6080 ὄῖνθρωπίνόιςί

2033 480 2195 551 χάριν
2222 480 2432 536 ἔλαϐον.
2501 479 2642 535 Ἀλλ’
2692 480 2883 553 ἐπειδὴ
2911 481 3136 554 ἔμελλον
3166 482 3263 540 καί
3304 482 3459 538 αῦτοί
3486 500 3622 538 καυ-

2031 571 2254 641 χᾶσθαι,
2298 570 2387 624 διὰ
2415 569 2578 624 τοῦτο
2618 570 2955 642 προεξέκοψε
2987 573 3082 627 καὶ
3109 573 3269 628 τοῦτο
3301 572 3362 627 τὸ
3386 572 3622 643 νόσημα.

2033 656 2222 711 εἰπών’
2258 657 2531 726 Ἐκάστῳ
2557 659 2637 725 ὡς
2664 661 2697 713 ὁ
2723 658 2870 727 Θεὸς
2896 659 3100 715 ἔδωκε·
3125 661 3241 727 καὶ,
3266 661 3350 715 ὅτι
3393 661 3447 713 Ὀ
3479 659 3624 727 Θεὸς

2027 747 2330 815 ηὔξανεν-ο
2387 747 2475 803 ῖνα
2535 749 2673 820 μήτε
2726 750 2929 804 ὲκεῖνοι
2973 750 3050 815 ὼς
3098 750 3436 822 παρέχοντες
3480 749 3622 821 μέγα

2030 835 2293 906 φρονῶσι,
2348 837 2488 908 μήτε
2531 832 2678 892 οῦτοι
2719 837 2810 892 διά
2858 837 2921 892 τὸ
2965 837 3235 901 ἀκοῦσαι,
3278 839 3361 893 ὅτι
3416 832 3623 892 Πάντα

2028 921 2198 991 ὑμῶν
2243 923 2396 987 ἐστι,
2445 924 2608 979 πάλιν
2638 926 3000 996 ὲπαίρωνται.
3037 927 3149 981 Καὶ
3177 926 3287 997 γὰρ
3331 928 3380 979 εἰ
3428 928 3521 979 καὶ
3550 925 3620 979 δι’

2028 1009 2195 1080 ὑμᾶς,
2235 1011 2351 1067 ἀλλ’
2382 1012 2488 1066 ὑπὸ
2534 1012 2629 1067 τοῦ
2670 1013 2807 1068 Θεοῦ
2854 1013 2918 1068 τὸ
2952 1015 3061 1069 πᾶν
3089 1015 3402 1085 γεγένηται.
3458 1014 3529 1066 Σὺ
3561 1012 3619 1066 δέ

2030 1116 2120 1169 μοι
2167 1100 2381 1164 σκόπει,
2419 1100 2538 1165 πῶς
2587 1101 2751 1173 μέχρι
2794 1102 2982 1167 τέλους
3022 1103 3300 1175 παρέμενε
3331 1100 3392 1155 τὸ
3423 1100 3617 1155 ἑαυτοῦ

2025 1186 2199 1259 ὄνομα
2250 1189 2346 1244 καὶ
2390 1190 2451 1243 τὸ
2486 1192 2696 1262 Πέτρου
2744 1191 3046 1254 ὑποτιθείς.
3086 1191 3152 1243 Τί
3180 1190 3237 1244 δέ
3278 1191 3447 1254 ἐστιν,
3481 1190 3619 1244 Εἴτε

2026 1274 2320 1344 θάνατος;
2357 1279 2480 1332 Ὀτι
2514 1277 2620 1333 κάν
2652 1278 3065 1349 ἀποθνήσκωσι,
3104 1276 3173 1330 δι’
3205 1278 3348 1348 ὑμᾶς
3378 1276 3614 1349 ἀποθνή-

2026 1383 2238 1435 σκουσι,
2276 1367 2683 1433 κινδυνεύοντες
2713 1369 2855 1439 ὑπὲρ
2882 1369 2981 1441 τῆς
3007 1369 3282 1438 ὑμετέρας
3310 1368 3608 1437 σωτηρίας.

2036 1452 2200 1526 Ὁρᾷς
2231 1456 2350 1521 πῶς
2379 1456 2538 1510 πάλιν
2569 1456 2678 1509 τῶν
2717 1457 2816 1526 μὲν
2848 1455 3109 1527 μαθητῶν
3144 1454 3359 1509 καθεῖλε
3388 1454 3449 1507 τὸ
3479 1454 3615 1524 φρό-

2024 1558 2194 1613 νημα,
2238 1543 2348 1598 τῶν
2399 1544 2455 1597 δὲ
2491 1544 2836 1599 διδασκάλων
2883 1542 3117 1614 ὲπῆρενς
3163 1541 3251 1605 Ὠς
3280 1540 3390 1613 γὰρ
3426 1541 3614 1596 παισὶν

2023 1629 2270 1699 εὐγενέσι
2320 1633 2708 1702 παιδαγωγοὺς
2760 1630 2946 1703 ἔχουσι
2994 1631 3089 1684 καὶ
3144 1629 3397 1701 μέλλουσι
3434 1629 3611 1682 πάντα

2022 1718 2403 1791 κληρονομεῖν,
2459 1720 2604 1774 οὕτω
2651 1720 2984 1789 διαλέγεται.
3046 1719 3206 1772 Ἐστι
3258 1718 3354 1772 καὶ
3410 1717 3615 1790 ἑτέρως

2022 1807 2216 1874 εἰπεῖν,
2241 1809 2322 1862 ὅτι
2351 1808 2444 1862 καὶ
2467 1809 2495 1861 6
2519 1806 2612 1862 τοῦ
2649 1807 2822 1879 Ἀδὰμ
2848 1807 3078 1869 θάνατος
3100 1805 3168 1860 δι’
3197 1806 3367 1876 ἡμᾶς.
3396 1804 3481 1859 ἵνα
3509 1822 3614 1858 σω·

2021 1895 2427 1969 φρονισθῶμεν,
2452 1897 2549 1949 καί
2571 1897 2599 1950 6
2619 1895 2715 1949 τοῦ
2740 1895 2999 1968 Χριστοῦ,
3019 1895 3108 1949 ἵνα
3125 1894 3409 1965 σωθῶμεν.
3427 1893 3611 1964 Ὑμεῖς

2018 1981 2090 2036 δὲ
2127 1983 2412 2052 Χριστοῦ,
2442 1983 2698 2053 Χριστὸς
2729 1982 2798 2037 δὲ
2826 1982 2997 2038 Θεοῦ.
3046 1982 3282 2054 Ἑτέρως
3314 1983 3475 2054 ἡμεῖς
3513 1980 3610 2037 τοῦ

2018 2071 2284 2143 Χριστοῦ,
2306 2072 2401 2125 καὶ
2420 2072 2628 2146 ἑτέρως
2653 2075 2681 2127 6
2708 2072 2944 2144 Χριστὸς
2973 2070 3069 2126 τοῦ
3095 2070 3255 2135 Θεοῦ,
3287 2072 3383 2126 καὶ
3407 2069 3612 2143 ἑτέρως

2018 2158 2177 2230 ήμῶν
2208 2160 2236 2214 6
2264 2160 2491 2231 κόσμος.
2529 2160 2719 2232 Ἡμεῖς
2746 2160 2845 2232 μὲν
2869 2159 2979 2231 γὰρ
3008 2159 3101 2214 τοῦ
3124 2158 3385 2231 Χριστοῦ,
3416 2157 3492 2223 ὡς
3526 2159 3614 2229 έρ-

2015 2263 2112 2316 γον
2132 2263 2146 2277 ⁸
2178 2248 2207 2300 6
2226 2247 2283 2302 δὲ
2306 2249 2541 2319 Χριστὸς
2563 2248 2658 2302 τοῦ
2684 2248 2932 2314 Θεοῦ,ὼς
2952 2248 3204 2320 γέννημα
3231 2248 3479 2319 γνήσιον,
3511 2247 3610 2317 οὐχ

2015 2337 2092 2398 ὡς
2118 2334 2300 2407 ἔργον,
2335 2335 2527 2408 ὥσπερ
2555 2336 2677 2393 οὐδὲ
2703 2337 2734 2390 6
2757 2338 2967 2407 κόσμος
2992 2335 3171 2408 ἡμῶν.
3191 2335 3355 2389 Ὥστε
3383 2337 3432 2390 εἰ
3466 2332 3607 2388 καὶ(ι

2017 2425 2184 2498 μίαή
2234 2423 2404 2492 λέξις,
2458 2424 2597 2480 ἀλλά
2638 2426 2898 2497 διάφορος
2944 2427 2978 2496 ή
3027 2425 3226 2480 ἔννοια.
3290 2423 3477 2494 Ἣμῶν
3508 2422 3608 2494 μὲν

2012 2513 2124 2587 γάρ
2153 2515 2183 2567 6
2227 2515 2456 2586 κόσμος,
2488 2515 2565 2579 ὡς
2612 2515 2680 2569 δι’
2709 2515 2861 2586 ἡμᾶς
2886 2513 3113 2583 γεγονός
3140 2524 3194 2553 ε·
3227 2512 3256 2564 6
3288 2511 3346 2566 δὲ
3372 2511 3608 2583 Χριστὸς

2011 2602 2107 2657 τοῦ
2158 2602 2319 2667 Θεοῦ,
2373 2603 2449 2666 ὡς
2491 2602 2657 2656 αὐτὸν
2704 2602 2880 2657 αἴτιον
2924 2601 3066 2673 έχων
3105 2599 3249 2659 κατὰ
3277 2600 3339 2655 τὸ
3385 2600 3607 2670 Πατέρα

2011 2686 2190 2744 εἶναι·
2228 2692 2392 2762 ἡμεῖς
2433 2689 2492 2742 δὲ
2542 2689 2639 2744 τοῦ
2667 2689 2788 2763 [85]
2829 2688 3091 2761 Χριστοῦ,
3143 2688 3219 2753 ὡς
3270 2687 3376 2742 ὑπὸ
3438 2685 3604 2742 αὐτοῦ

2011 2778 2583 2843 κατασκευασθέντες.
2612 2779 2676 2831 Εἰ
2705 2778 2761 2830 δὲ
2794 2780 2992 2832 ἐκεῖνοι
3017 2778 3192 2849 ὑμῶν,
3217 2776 3376 2848 φησί,
3400 2776 3453 2829 τί
3482 2775 3608 2829 τού-

2010 2866 2228 2920 ναντίον
2260 2867 2579 2938 ἐποιήσατε,
2613 2866 2799 2930 αὐτοῖς
2823 2865 3309 2938 ὲπονομαζόμενοι.
3344 2863 3458 2919 ἀλλ’
3485 2864 3606 2936 οὐχὶ

2009 2954 2089 3026 τῷ
2118 2954 2340 3027 Χριστῷ
2383 2955 2481 3009 καὶ
2520 2954 2599 3026 τῷ
2633 2954 2788 3025 Θεῷ;
2836 2955 3040 3022 Οὕτως
3087 2954 3248 3025 ἡμᾶς
3275 2950 3606 3025 λογιζέσθω

2011 3041 2346 3112 ἅνθρωπος,
2379 3043 2461 3111 ὡς
2492 3043 2798 3113 ὑπηρέτας
2826 3043 3087 3113 Χριστοῦ
3114 3044 3215 3098 καὶ
3249 3043 3606 3111 οἰκονόμους

2005 3133 2361 3202 μυστηρίων
2385 3132 2556 3187 Θεοῦ.
2592 3132 2813 3204 Ἐπειδὴ
2841 3132 3147 3187 κατέϐαλεν
3173 3132 3352 3188 αὐτῶν
3379 3134 3440 3185 τὸ
3473 3133 3607 3204 φρό-

2011 3239 2185 3293 νημα,
2235 3222 2338 3293 ὅρα
2388 3221 2507 3287 πῶς
2534 3221 2699 3277 πάλιν
2741 3221 2875 3276 αὐτὸ
2918 3222 3224 3278 ἀνακτᾶται
3250 3222 3457 3291 λέγων·
3507 3220 3607 3289 Ὠς

2011 3310 2318 3378 ὑπηρέτας
2344 3309 2626 3378 Χριστοῦ.
2657 3310 2753 3382 Μὴ
2786 3310 2966 3365 τοίνυν
2991 3309 3081 3363 τὸν
3108 3311 3392 3381 Δεσπότην
3422 3308 3601 3379 ἀφεὶς,

2012 3398 2123 3452 ἀπὸ
2156 3397 2265 3453 τῶν
2297 3397 2591 3470 ὑπηρετῶν
2638 3397 2805 3452 καλοῦ
2847 3398 2941 3452 καί
2994 3398 3102 3452 τῶν
3145 3397 3601 3469 διακονουμένων.

2007 3486 2380 3555 Οἰκονόμους
2428 3485 2485 3539 δὲ
2537 3482 2681 3552 εἷπε,
2729 3485 2944 3550 δεικνὺς
2975 3487 3052 3550 ὡς
3081 3486 3180 3557 οὐχ
3220 3485 3426 3540 ἅπασιν
3462 3484 3606 3540 αὑτά

2012 3573 2118 3647 χρὴ
2149 3574 2375 3641 διδόναι,
2407 3573 2523 3628 ἀλλ’
2574 3569 2657 3638 οἷς
2691 3574 2793 3641 δεῖ,
2824 3574 2922 3629 καὶ
2968 3569 3049 3640 οἷς
3097 3573 3247 3641 ἄξιον
3275 3575 3601 3645 οἰκονομεῖν.

2019 3663 2089 3716 '0
2121 3662 2191 3717 δὲ
2239 3662 2481 3727 λοιπὸν,
2523 3661 2775 3731 ζητεῖται
2814 3664 2886 3718 ἐν
2929 3662 3057 3730 τοῖς
3101 3664 3463 3732 οἰκονόμοις,
3503 3662 3608 3715 ἵνα

2012 3754 2234 3820 πιστός
2268 3770 2358 3818 τις
2382 3750 2618 3822 εὑρεθῇ.
2648 3751 2960 3815 Τουτέστιν,
2987 3750 3076 3805 ἵνα
3108 3750 3184 3823 μὴ
3213 3749 3284 3803 τὰ
3305 3749 3609 3805 δεσποτικὰ

2014 3842 2423 3914 σφετερίσηται,
2474 3841 2561 3895 ἵνα
2611 3840 2690 3911 μὴ
2733 3841 2809 3905 ὡς
2858 3839 3127 3911 δεσπότης
3166 3837 3342 3910 ἑαυτῷ
3377 3838 3607 3909 ἐκδικῇ,

2012 3929 2129 3985 ἀλλ’
2163 3929 2239 3992 ὡς
2271 3927 2559 3999 οἰκονόμος
2587 3928 2784 3998 διοικῇ.
2820 3926 3122 3995 Οἰκονόμου
3156 3925 3267 3996 γὰρ
3297 3925 3358 3979 τὺ
3380 3926 3608 3980 διοικεῖν

2010 4018 2080 4073 τὰ
2113 4016 2526 4088 ὲγχειρισθέντα
2565 4014 2747 4079 καλῶς
2768 4031 2782 4045 ·
2815 4015 2912 4084 οὐχ
2940 4013 3103 4068 αὐτοῦ
3140 4012 3322 4082 λέγειν
3356 4009 3496 4067 εἶναι
3536 4013 3608 4068 τὰ

2012 4106 2333 4169 δεσποτικὰ,
2361 4103 2498 4158 ἀλλά
2522 4101 2835 4158 τούναντίον
2865 4101 2962 4157 τοῦ
2983 4102 3249 4156 δεσπότου
3283 4101 3353 4155 τὰ
3383 4101 3600 4156 ἑαυτοῦ.

2016 4195 2286 4259 Ἕκαστος
2315 4193 2489 4247 ταῦτα
2520 4192 2743 4256 ἐννοῶν,
2771 4191 2863 4245 καί
2882 4191 2911 4244 6
2938 4189 3098 4259 λόγον
3126 4189 3267 4260 ἔχων
3290 4190 3384 4244 καὶ
3411 4191 3440 4244 ό
3471 4191 3605 4261 χρή-

2016 4300 2163 4358 ματα
2187 4279 2552 4353 κεκτημένος,
2581 4274 2695 4334 οἷον
2718 4278 2800 4335 ὅτι
2831 4277 3127 4351 ἐπιστεύθη
3156 4277 3473 4345 δεσποτικὰ,
3507 4277 3605 4332 καὶ

2012 4373 2116 4426 οὐκ
2156 4370 2305 4425 ἐστιν
2355 4368 2546 4437 αὑτοῦ,
2605 4368 2680 4439 μὴ
2732 4366 3012 4437 κατεχέτω
3047 4365 3187 4419 αὑτά
3224 4368 3358 4437 παρ’
3401 4365 3599 4437 ἑαυτῷ,

2014 4461 2156 4532 μήτε
2201 4457 2398 4512 ἑαυτοῦ
2427 4456 2831 4527 ἐπιψηφιζέτω,
2867 4453 3006 4509 ἀλλά
3030 4453 3111 4525 τῷ
3150 4452 3270 4524 Θεῷ
3301 4453 3605 4522 λογιζέσθω

2010 4549 2091 4621 τῷ
2118 4547 2299 4603 πάντα
2321 4546 2607 4602 δεδωκότι.
2625 4544 2811 4613 Θέλεις
2842 4543 2975 4598 ἰδεῖν
2998 4543 3317 4613 οἰκονόμους
3342 4541 3604 4610 πιστοὺςς

2015 4640 2282 4694 ’Δκουσον
2314 4638 2367 4691 τί
2399 4653 2566 4710 φησιν
2588 4637 2617 4690 6
2645 4636 2853 4706 Πέτρος
2872 4650 2888 4666 ο
2926 4634 2989 4688 Τί
3019 4631 3165 4703 ἡμῖν
3191 4629 3604 4700 ἀτενίζετε,ὡς

2013 4726 2133 4796 ίδίᾳ
2163 4724 2415 4795 δυνάμει
2457 4724 2496 4794 ἢ
2527 4722 2807 4790 εὐσεϐείᾳ
2834 4720 3197 4788 πεποιηκόσι
3221 4717 3329 4773 τοῦ
3357 4733 3605 4786 περιπα-

2009 4814 2138 4870 τεῖν
2164 4816 2386 4878 αὐτόν;
2412 4812 2522 4869 Καὶ
2551 4810 2630 4883 τῷ
2671 4808 2963 4882 Κορνηλίῳ
2994 4807 3052 4863 δὲ
3085 4806 3259 4876 ἔλεγε
3287 4805 3400 4860 Καὶ
3431 4808 3607 4877 ἡμεῖς

2011 4901 2391 4975 ὁμοιοπαθεῖς
2428 4899 2574 4971 ὑμῖν
2618 4899 2808 4968 ἐσμεν
2831 4895 3166 4965 ἄνθρωπον
3201 4895 3298 4947 καὶ
3328 4893 3469 4966 πρὸς
3508 4895 3605 4949 τὸν

2007 4993 2246 5069 Χριστὸν
2274 4994 2359 5051 δέ·
2415 4991 2563 5050 Ἰδοὺ
2604 4989 2926 5061 ἀφήκαμεν
2972 4986 3172 5049 πάντα
3207 4985 3307 5039 καί
3338 4986 3603 5055 ἠκολου-

2009 5083 2284 5154 θήσαμέν
2314 5097 2436 5137 σοι.
2464 5080 2579 5135 Καί⁵
2602 5080 2631 5134 6
2651 5076 2861 5141 Παῦλος
2887 5076 2945 5133 δὲ
2974 5073 3173 5141 εἰπὼν,
3190 5075 3272 5129 ὃτι
3304 5074 3604 5144 Περισσό-

2009 5188 2185 5243 τερον
2202 5169 2404 5227 αὐτῶν
2417 5167 2662 5225 πάντων
2679 5166 3003 5231 ἐκοπίασα,
3022 5165 3325 5236 ἐπήγαγεν*
3346 5164 3468 5218 οὐκ
3484 5161 3608 5233 ἐγὼ

2008 5259 2099 5325 δὲ,
2121 5259 2260 5315 ἀλλ’
2281 5259 2320 5327 ἠ
2348 5257 2521 5329 χάρις
2541 5255 2649 5311 τοῦ
2683 5253 2833 5310 Θεοῦ
2850 5254 2890 5322 ὴ
2913 5252 3038 5307 σὺν
3056 5253 3210 5324 ἐμοί.
3233 5250 3343 5306 Καὶ
3362 5249 3603 5322 ἀλλαχοῦ

1994 5350 2066 5407 ’δὲ
2117 5347 2254 5420 πρὸς
2310 5348 2438 5410 τοὺς
2488 5345 2689 5410 αὐτοὺς
2719 5341 3140 5413 ἀποτεινόμενος
3177 5340 3353 5410 ἔλεγε*
3389 5339 3452 5397 Τί
3487 5339 3606 5409 γὰρ

2008 5437 2172 5508 ἔχεις
2208 5435 2241 5491 ὃ
2276 5438 2389 5492 οὐκ
2423 5433 2639 5500 ἔλαϐες
2659 5449 2680 5498 ;
2709 5432 2877 5486 Οὐδὲν
2905 5430 3013 5504 γάρ
3031 5429 3175 5501 ἔχεις
3204 5428 3317 5496 σὺν,
3361 5428 3427 5482 οὐ
3462 5428 3602 5498 χρή-

2013 5543 2177 5600 ματα,
2213 5526 2277 5580 οὐ
2306 5523 2492 5593 λόγον,
2528 5523 2591 5577 οὐ
2613 5520 2791 5594 ψυχὴν
2819 5520 2994 5592 αὐτήν
3012 5536 3031 5551 ”
3051 5520 3148 5574 καί⁵
3193 5517 3303 5591 γὰρ
3330 5516 3426 5573 καὶ
3456 5513 3603 5584 αὕτη

2006 5618 2102 5673 τοῦ
2128 5616 2424 5672 Δεσπότου.

2074 5885 2103 5927 ἆ
2124 5886 2272 5948 “93.,
2302 5885 2376 5955 ᾡς
2422 5883 2632 5944 γέννημα
2654 5880 2868 5955 γνήσιον,
2912 5877 3050 5958 ἡμῶν
3071 5876 3120 5924 δὲ
3144 5875 3171 5922 6
3195 5871 3379 5984 κόσμος
3412 5869 3501 5984 οὗιχ
3536 5871 3608 5926 ὡς

2074 5967 2151 5984 νην
2192 5947 2296 5984 ,ιη’
2319 5950 2382 5984 ὧν
2406 5947 2467 5984 δι’
2487 5947 2613 5984 inuia
2631 5956 2956 5984 νενεννιαενοζ.
3014 5941 3145 5984 (1m
3165 5935 3205 5984 εἰ
3228 5951 3292 5984 κα
3316 5971 3327 5984 .
3400 5944 3425 5977 θ
3494 5943 3602 5984 ΘΚ..

2014 5935 2384 6015 ιργον,ἀ’λλ’ῖῴξ
2406 5935 2467 6006 6?
2487 5935 2614 6002 ἡμᾶς
2631 5935 2959 6015 γεγενημένος
2990 5939 3145 5989 "nm
3165 5935 3205 5986 εἰ
3228 5935 3327 5988 καί.
3400 5944 3425 5977 ο
3451 5935 3602 5995 “05.,

2016 6005 2224 6076 γεγονός.
2250 6008 2401 6073 Edili,
2439 6005 2787 6069 γεγεννημένος.
