4086 6450
265 366 318 422 8'5
1339 377 1404 434 IN
1442 377 1655 435 EPIST.
1689 375 1711 431 Ι
1771 375 1866 433 AD
1905 376 2062 437 COR.
2106 383 2340 442 ﬂOMlL.
2381 387 2448 442 Χ.
2739 429 2744 436 ι
3477 406 3546 461 36

275 485 339 539 sed
384 481 542 556 gratia
601 481 702 540 Dei
750 504 958 544 mecum
1012 493 1107 564 (1.
1147 492 1266 547 Cor.
1310 495 1398 549 15.
1442 494 1574 565 10).
1617 493 1686 548 Ει
1723 491 1851 547 alibi

276 579 468 634 eosdem
524 578 815 652 alloquens
873 584 1086 640 dicebat
1115 603 1128 641 :
1163 587 1300 653 Quid
1357 589 1491 641 enim
1527 587 1680 641 habes
1716 587 1853 658 quod

275 691 358 728 non
383 675 617 744 accepisti
642 677 736 746 (1.
769 677 891 732 Cor.
920 680 976 738 4.
1009 679 1118 748 7)?
1145 679 1286 736 Nihil
1313 681 1456 735 enim
1489 680 1654 736 habes
1681 689 1852 748 tuum,

274 784 368 824 non
418 769 711 839 pecunias,
760 785 870 826 non
916 772 1178 839 verbum,
1228 788 1334 828 non
1362 773 1532 844 ipsam
1574 773 1852 828 animam:

272 878 381 917 nam
405 869 462 917 et
487 862 606 932 ipsa
635 862 848 918 Domini
874 874 975 919 est.

337 955 390 1009 5.
430 952 567 1009 Cum
611 955 773 1026 igitur
801 970 936 1026 opus
982 955 1161 1020 fuerit,
1204 956 1342 1013 banc
1380 972 1593 1028 quoque
1621 957 1853 1028 depone.

271 1046 415 1114 Quod
447 1047 508 1103 si.
526 1047 696 1102 vitam
739 1063 911 1109 amas.
935 1058 990 1104 et
1018 1049 1063 1104 si
1104 1048 1377 1120 deponere
1411 1050 1616 1120 jussus,
1642 1059 1856 1105 contra-

269 1142 414 1209 dicis,
443 1143 559 1211 jam
603 1157 711 1198 non
763 1143 937 1199 fidelis
983 1143 1326 1214 dispensator
1368 1159 1448 1199 es.
1479 1144 1545 1199 Et
1586 1143 1856 1215 quomodo

265 1236 387 1290 licet
437 1235 551 1290 Deo
595 1245 824 1291 vocante
869 1236 1158 1292 resistere?
1186 1235 1318 1292 Nam
1347 1251 1448 1306 ego
1490 1251 1703 1307 quoque
1752 1235 1858 1291 hoc

263 1329 406 1393 dico,
438 1338 497 1383 et
545 1338 769 1399 propter
796 1328 898 1384 hoc
941 1330 1114 1398 ipsum
1143 1328 1382 1384 admiror
1421 1328 1514 1383 Dei
1561 1328 1859 1400 benignita-

262 1430 406 1475 tem:
444 1437 570 1491 qme
598 1422 740 1476 enim
769 1429 944 1491 potest
971 1420 1078 1487 ille,
1104 1421 1264 1476 etiam
1298 1431 1348 1476 te
1377 1421 1547 1474 invito
1573 1434 1605 1475 a
1635 1429 1687 1476 te
1717 1420 1858 1475 acci-

263 1529 410 1584 pere,
442 1528 506 1568 ea
536 1525 644 1568 non
667 1512 778 1567 vult
815 1522 869 1568 te
895 1512 1062 1567 invito
1102 1511 1310 1576 inferri,
1338 1519 1396 1566 ut
1420 1510 1726 1567 mercedem
1757 1511 1853 1565 ha-

264 1606 413 1660 beas.
470 1605 720 1674 Exempli
746 1619 926 1671 causa,
956 1613 1132 1675 potest
1161 1604 1396 1658 animam
1449 1613 1500 1658 ιε
1525 1603 1692 1658 invito
1717 1603 1858 1658 acci-

261 1714 408 1768 pere,
424 1698 526 1752 sed
549 1698 666 1752 vult
688 1707 740 1754 te
765 1698 998 1761 volente,
1018 1707 1073 1754 ιιι
1095 1713 1216 1753 eum
1237 1697 1404 1753 Paulo
1421 1697 1596 1752 dicas:
1619 1697 1859 1765 Quotidie

260 1792 456 1845 morior
489 1791 568 1860 (1.
613 1790 733 1844 Cor.
767 1790 856 1846 15.
899 1790 1012 1861 51).
1057 1789 1238 1845 Potest
1267 1789 1496 1860 gloriam
1546 1798 1687 1843 tuam
1719 1789 1860 1844 acci-

259 1898 389 1953 pere
417 1891 474 1938 te
505 1881 695 1950 invito,
726 1891 887 1952 teque
921 1881 1178 1936 humilem
1221 1880 1483 1946 reddere;
1525 1880 1622 1935 sed
1667 1880 1778 1936 vult
1805 1889 1858 1936 te

261 1990 483 2045 quoque
513 1975 750 2042 volente,
781 1982 840 2029 ut
887 1973 1374 2029 remunerationem
1423 1972 1640 2028 habeas.
1675 1972 1861 2028 Potest

264 2076 315 2121 te
361 2069 530 2122 etiam
587 2067 812 2121 invitum
863 2080 1150 2136 pauperem
1205 2064 1466 2131 reddere,
1508 2063 1602 2120 sed
1649 2073 1703 2120 te
1749 2079 1860 2118 vo-

266 2161 469 2215 lentem
516 2159 666 2229 cupit
717 2158 877 2214 talem
935 2158 1086 2224 fieri,
1135 2166 1197 2212 ut
1243 2157 1338 2211 tibi
1377 2170 1607 2211 coronas
1661 2165 1857 2210 nectat.

268 2253 528 2308 Vidistin‘
593 2253 686 2309 Dei
756 2250 1200 2323 benignitatem?
1258 2248 1507 2306 vidistin’
1557 2249 1860 2306 socordiam

268 2355 510 2399 nostram
531 2343 556 2399 ?

338 2439 386 2492 F
387 2449 535 2493 astus
563 2438 882 2492 sacerdotum
923 2437 1235 2510 reprimitur.
1259 2468 1331 2480 —-
1353 2437 1434 2492 Ad
1461 2451 1708 2508 magnam
1741 2451 1862 2506 per-

269 2533 465 2588 venisti
516 2531 869 2600 dignitatem,
918 2540 972 2585 et
1024 2530 1378 2602 principatum
1430 2541 1751 2600 assequutus
1802 2543 1861 2584 es

270 2623 743 2680 ecclesiasticum?
794 2621 871 2677 Ne
916 2622 1083 2676 altum
1126 2621 1344 2692 sapias:
1377 2636 1484 2676 non
1533 2631 1588 2704 tu
1635 2621 1860 2691 gloriam

272 2717 573 2782 obtinuisti,
602 2715 696 2771 sed
727 2716 815 2769 illa
850 2724 900 2770 te
923 2715 1065 2770 Deus
1087 2714 1277 2770 induit.
1311 2713 1402 2769 Illa
1428 2714 1587 2785 igitur
1613 2723 1669 2768 ut
1689 2715 1861 2770 aliena

275 2820 419 2864 utere
448 2826 465 2863 :
502 2823 574 2862 ne
606 2807 749 2861 illam
789 2807 855 2863 ad
879 2822 962 2874 ea,
986 2822 1106 2878 quae
1136 2822 1243 2862 non
1273 2806 1451 2876 decet,
1483 2806 1761 2872 adhibeas,
1795 2820 1864 2861 ne

279 2904 500 2969 inﬂeris,
528 2919 600 2959 ne
629 2904 720 2958 tibi
751 2903 1012 2971 vindices,
1043 2904 1136 2959 sed
1163 2899 1454 2974 pauperem
1479 2910 1536 2956 et
1577 2901 1861 2971 inglorium

281 3009 327 3054 te
345 3013 471 3053 esse
497 3007 704 3068 putato.
725 2996 909 3068 Neque
935 2997 1102 3063 enim,
1132 2997 1176 3051 si
1201 3009 1436 3067 purpura
1459 2995 1602 3066 regia
1628 2994 1723 3049 tibi
1749 3009 1865 3049 ser-

280 3093 444 3146 vanda
489 3091 684 3145 tradita
731 3099 895 3157 esset,
926 3097 1201 3162 oporteret
1238 3090 1384 3145 abuti
1416 3098 1562 3146 reste
1610 3089 1864 3160 illamque

280 3184 621 3247 labefactare,
649 3183 745 3239 sed
770 3199 892 3239 cum
924 3183 1114 3254 majori
1141 3183 1484 3238 accuratione
1513 3183 1685 3253 ipsam
1715 3181 1864 3236 danti

281 3290 514 3331 servare.
548 3275 706 3330 Verbi
737 3275 1046 3330 facultatem
1076 3275 1377 3345 accepisti?
1406 3274 1483 3330 Ne
1511 3274 1735 3342 inﬂeris,
1766 3289 1865 3328 ne-

279 3386 373 3440 que
403 3377 728 3439 arroganter
771 3382 936 3438 agas:
977 3383 1152 3438 neque
1181 3369 1325 3423 enim
1357 3375 1504 3423 tuum
1546 3378 1627 3423 est
1667 3382 1865 3422 munus

278 3472 326 3516 et
353 3462 582 3516 donum.
635 3460 732 3516 Ne.
756 3462 994 3531 ingratus
1021 3469 1136 3515 esto
1165 3461 1307 3516 circa
1347 3474 1410 3516 ea
1440 3475 1561 3530 qua:
1602 3468 1732 3515 sunt
1763 3459 1867 3514 Do-

277 3556 424 3620 mini,
455 3553 553 3608 sed
586 3568 648 3608 ea
675 3551 952 3607 conservis
991 3551 1288 3618 distribue;
1336 3566 1513 3622 neque
1556 3551 1696 3617 ideo,
1728 3565 1791 3604 ac
1820 3551 1866 3606 si

277 3657 357 3700 tua
387 3655 605 3713 essent,
632 3644 926 3709 extollaris,
959 3659 1133 3714 neque
1179 3657 1372 3714 parcus
1411 3643 1486 3698 sis
1516 3642 1568 3697 in
1620 3643 1724 3698 illis
1756 3643 1867 3697 dis-

278 3735 601 3792 tribueudis.
653 3736 721 3790 Et
765 3736 810 3790 si
857 3736 994 3790 filios
1046 3735 1232 3799 habes,
1268 3735 1361 3789 Dei
1396 3735 1536 3789 filios
1583 3733 1786 3788 habes:
1820 3733 1866 3788 si

281 3828 347 3882 ita
373 3827 682 3893 existimes,
709 3827 908 3897 gratias
937 3841 1063 3898 ages
1111 3826 1154 3880 si
1185 3826 1401 3892 habeas,
1431 3826 1602 3896 iiSque
1644 3825 1867 3880 sublatis

279 3935 378 3974 non
425 3918 660 3974 dolebis.
691 3919 837 3974 Talis
866 3927 982 3974 erat
1008 3918 1110 3974 Job
1136 3917 1320 3974 dicens
1365 3935 1378 3972 :
1429 3915 1681 3973 Dominus
1705 3918 1864 3985 dedit,

279 4011 536 4067 Dominus
566 4011 772 4066 abstulit
795 4009 937 4084 (Job.
973 4011 1024 4066 1.
1053 4009 1171 4081 21).
1201 4009 1392 4066 Omnia
1420 4010 1562 4066 enim
1589 4024 1618 4064 a
1649 4010 1868 4066 Christo

276 4103 574 4169 habemus;
609 4103 876 4174 etiamque
901 4103 1044 4174 quod
1071 4102 1240 4158 simus
1266 4102 1334 4158 ab
1374 4103 1468 4158 illo
1506 4101 1785 4170 habemus,
1814 4111 1869 4158 et

275 4197 436 4250 vitam
469 4205 525 4251 et
552 4195 964 4264 respirationem
991 4203 1047 4250 et
1068 4195 1240 4251 lucem
1262 4202 1317 4250 ει
1345 4210 1526 4250 aerem
1553 4202 1608 4250 et
1635 4203 1864 4262 terram;

275 4289 395 4343 etsi
422 4287 557 4358 quid
602 4301 668 4342 ex
702 4287 806 4341 illis
834 4285 1139 4353 abstulerit,
1169 4286 1427 4355 periimus
1449 4295 1502 4340 et
1530 4285 1862 4340 interiimus:

273 4380 500 4435 advena:
526 4379 671 4434 enim
703 4393 890 4434 sumus
916 4387 970 4434 et
1007 4378 1278 4448 peregrini
1298 4417 1312 4432 .
1341 4377 1476 4432 illud
1509 4379 1671 4444 enim,
1702 4394 1868 4431 meum

272 4482 324 4526 et
368 4481 538 4534 tuum,
572 4471 734 4525 verba
767 4479 970 4525 tantum
1004 4479 1128 4525 sunt
1154 4471 1271 4525 sine
1297 4486 1378 4524 re.
1409 4469 1542 4524 Nam
1572 4469 1614 4524 si
1647 4469 1868 4524 domum

271 4579 391 4618 esse
421 4574 572 4618 tuam
617 4563 784 4630 dicas,
822 4562 1048 4618 verbum
1079 4570 1162 4617 est
1187 4578 1246 4617 re
1284 4576 1533 4618 vacuum.
1564 4562 1774 4616 Etenim
1816 4569 1870 4617 et

270 4674 364 4714 aer
388 4667 445 4713 et
472 4667 616 4712 terra
646 4667 700 4712 et
729 4657 954 4712 materia
970 4655 1278 4711 Conditoris
1308 4665 1451 4720 sunt,
1479 4664 1538 4710 ut
1562 4663 1616 4709 et
1642 4664 1695 4709 tu
1728 4655 1864 4724 ipse,

270 4751 359 4819 qui
391 4752 542 4805 illam
575 4750 840 4814 struxisti,
863 4749 1074 4820 aliaque
1101 4749 1304 4804 omnia.
1338 4749 1396 4805 Si
1424 4759 1600 4804 autem
1636 4764 1762 4804 usus
1787 4759 1871 4804 est

270 4854 415 4909 tuus,
449 4843 542 4898 ille
568 4859 781 4914 quoque
813 4843 1047 4898 incertus
1073 4851 1176 4909 est,
1202 4857 1308 4897 non
1354 4843 1425 4897 ob
1471 4851 1696 4897 mortem
1743 4851 1866 4897 tan-

273 4944 421 5001 tum,
453 4935 550 4989 sed
585 4937 744 4989 etiam
791 4944 917 4990 ante
965 4945 1193 4989 mortem
1223 4934 1294 4989 ob
1323 4950 1502 4990 rerum
1544 4933 1868 4990 instabilita-

269 5037 401 5084 tem.
439 5026 572 5082 Haec
601 5043 728 5098 ergo
769 5027 908 5098 apud
941 5043 1039 5083 nos
1079 5027 1296 5084 assidue
1323 5027 1709 5094 describentes,
1744 5029 1865 5098 phi-

265 5119 630 5189 losopbemur
670 5128 726 5174 et
769 5119 877 5174 duo
903 5136 1020 5190 qua:
1059 5128 1187 5175 sunt
1234 5121 1466 5174 maxima
1518 5120 1865 5176 lucrabimur.

259 5213 398 5267 Nam
431 5220 490 5268 et
516 5212 658 5282 grati
682 5213 883 5268 erimus
908 5222 964 5268 et
991 5213 1119 5268 dum
1147 5221 1390 5269 tenemus
1417 5223 1472 5268 et
1497 5214 1626 5269 dum
1651 5231 1679 5268 a
1714 5215 1867 5270 nobis

259 5306 610 5371 auferuntur,
660 5321 834 5377 neque
882 5308 1179 5362 serviemus
1229 5307 1294 5362 iis
1334 5323 1455 5378 qua:
1495 5309 1868 5378 praeterfluunt

261 5413 366 5453 nec
390 5407 582 5452 nostra
611 5408 757 5452 sunt.
793 5397 927 5452 Nam
969 5399 1012 5453 si
1042 5399 1298 5470 pecunias
1324 5401 1615 5471 acceperit,
1648 5417 1744 5457 sua
1774 5417 1866 5457 ac-

261 5490 448 5559 cepit;
507 5488 554 5543 si
605 5487 890 5556 honorem,
934 5489 979 5544 si
1031 5491 1280 5558 gloriam,
1313 5492 1357 5546 si
1380 5506 1596 5562 corpus,
1620 5494 1664 5547 si
1696 5494 1865 5564 ip8am

261 5581 543 5645 animam;
592 5581 636 5635 si
660 5580 831 5635 lilium
865 5589 1013 5636 tuum
1043 5582 1330 5652 acceperit,
1359 5598 1463 5638 non
1494 5585 1658 5638 lilium
1692 5593 1862 5652 tuum,

268 5673 361 5728 sed
396 5689 617 5729 servum
648 5688 806 5727 suum
847 5673 1078 5743 accepit.
1105 5672 1221 5728 Non
1250 5676 1393 5730 enim
1437 5685 1489 5730 tu
1540 5676 1711 5745 ipsum
1752 5675 1860 5731 for-

260 5767 447 5832 masti,
471 5766 565 5822 sed
595 5766 686 5821 ille
714 5763 845 5820 fecit
871 5781 883 5817 :
924 5773 978 5818 tu
1002 5773 1181 5819 autem
1205 5765 1319 5836 ejus
1349 5767 1598 5824 adventui
1629 5767 1863 5823 admini-

264 5867 375 5916 ster
401 5869 605 5916 tantum
653 5856 825 5923 fuisti,
860 5865 1028 5911 totum
1076 5865 1254 5913 autem
1307 5859 1397 5917 ille
1445 5859 1592 5919 fecit.
1642 5860 1854 5918 Gratias

599 5967 870 6027 ΡΑτιιοι..
915 5962 1033 6023 Gn.
1082 5961 1239 6025 LXl.

1967 495 2127 566 igitur
2173 517 2415 573 agamus,
2439 507 2581 576 quod
2611 509 2789 579 operis
2834 510 3137 569 administri
3188 516 3302 573 fieri
3349 518 3546 591 dignati

1959 591 2149 647 simus.
2179 594 2282 650 Sed
2311 597 2483 667 quid?
2533 614 2731 656 eumne
2755 613 3014 674 perpetuo
3050 605 3252 667 habere
3289 611 3550 666 voluisti?

1963 683 2076 740 lloc
2124 687 2316 756 ingrati
2345 700 2428 745 est
2456 699 2514 746 et
2543 691 2842 762 ignorantis
2895 705 2949 750 te
2995 697 3228 754 alienum
3272 701 3547 768 habuisse,

1960 793 2064 831 non
2097 779 2190 833 tibi
2221 782 2514 851 proprium.
2544 785 3007 852 Quemadmodum
3039 790 3098 857 ii,
3135 791 3227 862 qui
3267 795 3438 863 parati
3464 811 3552 850 se—

1958 869 2178 937 cedunt,
2210 872 2389 928 sciunt
2437 889 2497 929 se
2541 891 2649 932 non
2698 893 2795 933 sua
2843 879 3041 937 habere
3072 899 3086 936 :
3119 884 3197 938 sic
3225 885 3315 955 qui
3346 886 3550 956 dolent,

1958 962 2105 1033 regia
2151 963 2253 1019 sibi
2299 977 2577 1036 usurpant.
2626 969 2760 1025 Nam
2790 973 2836 1026 si
2865 988 2963 1027 nos
2991 989 3096 1029 non
3139 991 3326 1033 sumus
3353 981 3546 1046 nostri,

1959 1054 2232 1123 quomodo
2255 1056 2329 1111 illi
2359 1061 2530 1114 nostri
2557 1062 2722 1116 sunt?
2760 1063 2971 1134 Duplici
2998 1067 3140 1121 enim
3171 1068 3382 1124 ratione
3410 1070 3554 1128 illius

1959 1159 2166 1212 sumus,
2197 1156 2252 1203 ct
2280 1151 2574 1206 secundum
2604 1155 2931 1212 creationem
2959 1167 3013 1213 et
3041 1160 3335 1216 secundum
3367 1163 3549 1219 fidem.

1961 1236 2193 1307 Ideoque
2251 1241 2416 1296 David
2462 1243 2591 1299 dicit
2643 1263 2656 1300 :
2713 1246 3014 1304 Substantia
3058 1268 3170 1306 mea
3216 1256 3356 1325 apud
3403 1265 3449 1310 te
3479 1267 3555 1312 est

1964 1327 2135 1398 (Psal.
2162 1331 2254 1386 58.
2279 1330 2368 1404 8);
2417 1344 2472 1390 et
2505 1336 2735 1392 Paulus:
2772 1338 2839 1394 In
2877 1341 2987 1412 ipso
3022 1343 3251 1411 vivimus,
3275 1363 3550 1416 mouemur,

1962 1431 2008 1475 et
2037 1440 2213 1479 sumus
2256 1426 2393 1494 (Act.
2433 1429 2520 1483 17.
2554 1430 2672 1501 28).
2725 1433 2792 1487 Et
2831 1433 2897 1489 de
2937 1436 3074 1492 Fide
3125 1447 3360 1496 tractans
3386 1441 3552 1498 dicit:

1962 1515 2085 1572 Non
2124 1520 2242 1574 estis
2272 1523 2444 1589 uestri,
2494 1534 2541 1578 et
2572 1527 2732 1594 pretio
2775 1529 2930 1597 empti
2960 1529 3078 1584 estis
3123 1530 3200 1599 (l.
3231 1533 3346 1587 Cor.
3379 1534 3432 1589 6.
3461 1537 3553 1592 i9.

1959 1606 2075 1680 9.0).
2101 1607 2288 1665 Omnia
2315 1611 2517 1682 quippe
2559 1613 2654 1670 Dei
2699 1626 2844 1673 sunt.
2875 1618 3008 1673 Cum
3041 1635 3170 1690 ergo
3201 1625 3471 1679 vocaverit
3501 1636 3556 1679 et

1971 1701 2220 1771 accipere
2248 1700 2506 1767 voluerit,
2550 1717 2618 1757 ne
2651 1712 2925 1772 tamquam
2966 1703 3165 1774 ingrati
3205 1708 3349 1762 servi
3383 1710 3552 1764 ratio-

1969 1807 2068 1848 nes
2097 1791 2506 1856 conturbemus,
2539 1807 2713 1862 neque
2738 1807 2802 1848 ea
2832 1807 2954 1864 qua!
2981 1793 3193 1850 Domini
3219 1805 3352 1854 sunt
3378 1815 3545 1856 usura

1960 1899 2171 1956 pemus.
2202 1888 2392 1943 Anima
2424 1897 2514 1944 tua
2542 1905 2649 1946 non
2679 1900 2763 1948 est
2794 1901 2904 1960 tua,
2927 1901 2982 1949 et
3005 1895 3278 1965 quomodo
3309 1897 3552 1966 pecuniae

1964 1987 2069 2034 tua:
2100 1981 2303 2036 erttnt?
2331 1982 2442 2037 Cur
2461 1998 2593 2054 ergo
2612 1999 2823 2055 ea,qua:
2845 1995 2934 2040 tua
2967 2001 3074 2042 non
3097 1996 3243 2056 sunt,
3272 1989 3324 2042 in
3349 1989 3414 2044 iis
3434 2005 3556 2060 quae

1963 2088 2071 2127 non
2099 2083 2378 2143 oporteret
2404 2075 2714 2146 impendis?
2747 2078 2921 2134 nescis
2949 2093 3048 2134 nos
3078 2079 3199 2134 ideo
3223 2082 3556 2136 accusandos

1963 2163 2098 2231 fore,
2123 2166 2266 2237 quod
2297 2166 2404 2222 illis
2443 2169 2585 2224 male
2612 2169 2691 2224 usi
2723 2169 2932 2226 simus?
2978 2170 3113 2240 Quia
3142 2187 3271 2243 ergo
3299 2187 3404 2227 non
3432 2182 3560 2228 sunt

1965 2267 2186 2324 nostrae,
2218 2258 2313 2314 sed
2339 2259 2574 2326 Domini,
2595 2262 2839 2331 oportuit
2867 2263 2988 2317 illas
3017 2266 3294 2318 conservis
3319 2265 3556 2336 elargiri.

1961 2349 2088 2406 ideo
2107 2362 2257 2410 certe
2284 2353 2437 2409 dives
2485 2354 2579 2410 ille
2609 2357 2983 2424 accusabatur,
3011 2356 3156 2426 quod
3197 2357 3302 2413 hoc
3341 2373 3446 2414 non
3479 2358 3557 2413 fe-

1961 2444 2160 2510 cisset;
2190 2445 2269 2500 sic
2307 2454 2364 2501 et
2390 2446 2482 2517 qui
2511 2446 2797 2502 Dominum
2828 2463 2935 2502 non
2965 2448 3236 2503 aluerunt.
3273 2447 3352 2504 Ne
3377 2449 3556 2520 itaque

1963 2535 2130 2604 dicas,
2159 2536 2270 2592 Mea
2299 2537 2570 2608 impendo,
2597 2540 2731 2594 meis
2776 2538 2944 2594 fruor.
2992 2538 3108 2593 Non
3128 2539 3234 2594 tuis
3267 2549 3434 2605 certe,
3459 2542 3555 2595 sed

1963 2629 2190 2684 alienis:
2216 2629 2408 2685 alienis
2432 2640 2614 2685 autem
2641 2629 2783 2696 dico,
2811 2632 2933 2700 quia
2965 2638 3020 2685 tu
3051 2631 3153 2696 vis,
3173 2632 3298 2702 quia
3327 2641 3414 2688 tua
3442 2634 3556 2687 vult

1964 2735 2084 2776 esse
2112 2721 2274 2789 Deus,
2297 2737 2418 2792 qua:
2449 2721 2543 2778 tibi
2575 2737 2673 2793 pro
2700 2722 2956 2778 fratribus
2977 2722 3170 2778 tradita
3199 2733 3345 2778 sunt.
3365 2724 3554 2779 Aliena

1964 2822 2145 2868 autem
2183 2813 2273 2868 illa
2317 2823 2444 2869 tunc
2489 2822 2578 2869 tua
2609 2815 2766 2880 fiunt,
2797 2829 2920 2870 cum
2960 2814 3080 2870 aliis
3109 2814 3422 2883 distribuis;
3471 2817 3568 2870 sin.

1964 2915 2146 2961 autem
2170 2907 2221 2960 in
2262 2913 2316 2962 te
2346 2908 2520 2977 ipsum
2551 2907 2772 2978 largiter
2799 2907 3176 2978 insumpseris,
3202 2917 3329 2963 tunc
3355 2917 3440 2964 tua
3467 2909 3555 2964 illa

1965 2998 2140 3052 aliena
2187 2997 2339 3053 fiunt.
2379 2997 2511 3066 Quia
2557 3000 2701 3054 enim
2748 2999 3114 3054 inhumaniter
3154 2999 3260 3055 illis
3304 3015 3433 3055 usus
3473 3015 3554 3068 es,

1965 3089 2232 3161 dicisque,
2264 3090 2500 3161 IEquum
2527 3099 2612 3147 est
2637 3101 2696 3146 ut
2724 3107 2843 3146 mea
2880 3091 2932 3146 in
2973 3107 3151 3147 meum
3184 3108 3336 3147 usum
3367 3102 3422 3147 et
3448 3092 3560 3147 fru-

1966 3193 2111 3240 ctum
2157 3185 2570 3256 impendantur;
2603 3185 2725 3240 ideo
2755 3186 2931 3241 aliena
2965 3185 3051 3240 illa
3075 3186 3216 3241 dico.
3241 3187 3558 3241 Communia

1967 3279 2111 3333 enim
2142 3288 2286 3344 sunt,
2319 3287 2372 3332 et
2401 3277 2468 3332 ad
2511 3292 2830 3333 conservum
2859 3277 3022 3332 etiam
3067 3286 3218 3331 tuum
3263 3277 3556 3347 pertinent,

1966 3369 2415 3441 quemadmodum
2441 3379 2494 3426 et
2524 3369 2604 3425 sol
2634 3369 2934 3424 communis
2984 3381 3088 3434 est,
3114 3377 3168 3423 et
3213 3383 3306 3424 aer
3333 3377 3388 3422 et
3418 3377 3558 3423 terra

1967 3461 2178 3531 aliaque
2202 3461 2402 3516 omnia.
2427 3461 2492 3515 Et
2513 3460 2654 3517 sicut
2679 3459 2731 3514 in
2755 3474 2981 3530 corpore
3011 3459 3367 3513 ministerium
3396 3467 3479 3514 est
3507 3468 3562 3512 ct

1971 3552 2132 3608 totius
2161 3551 2406 3622 corporis
2434 3559 2488 3608 et
2536 3553 2958 3622 uniuscujusque
2998 3551 3262 3614 membri;
3307 3566 3427 3605 curn
3459 3565 3557 3604 au-

1971 3652 2079 3701 tem
2115 3645 2272 3700 unius
2301 3654 2506 3700 tantum
2531 3645 2760 3700 membri
2787 3655 2890 3712 est,
2924 3645 3194 3715 propriam
3221 3643 3397 3716 perdit
3424 3659 3555 3715 ope-

1970 3746 2235 3800 rationem
2269 3757 2284 3794 :
2315 3742 2388 3796 ita
2419 3748 2471 3794 et
2502 3741 2557 3794 in
2590 3735 2835 3809 pecuniis
2867 3734 3092 3790 accidit.

2039 3839 2093 3893 ι.
2144 3835 2499 3890 Pecuttiarum
2548 3847 2675 3884 usus
2715 3829 2831 3899 quis
2873 3844 2986 3883 esse
3029 3825 3233 3880 debeat.
3263 3851 3334 3864 --
3372 3821 3439 3875 Et
3489 3829 3550 3875 ut

1971 3931 2025 3987 id
2085 3928 2232 3999 quod
2291 3927 2415 3981 dico
2473 3923 2679 3978 clarius
2733 3921 2975 3986 evadat,
3034 3919 3192 3974 cibus
3247 3929 3552 3986 corporeus

1971 4021 2065 4093 qui
2093 4019 2352 4074 membris
2381 4015 2690 4069 communis
2725 4013 2906 4078 datur,
2943 4013 2989 4067 si
3028 4011 3096 4064 ad
3138 4025 3306 4064 unum
3347 4007 3558 4062 venerit

1971 4109 2308 4175 membrum,
2361 4107 2572 4162 alienus
2619 4104 2696 4158 illi
2747 4103 2982 4159 el‘ticitur
3020 4117 3034 4154 :
3081 4117 3204 4156 cum
3256 4101 3402 4156 enim
3447 4114 3554 4153 non

1969 4194 2141 4265 possit
2164 4194 2422 4263 concoqui
2454 4203 2508 4248 et
2533 4193 2755 4257 nutrire,
2796 4193 3007 4248 alienus
3047 4192 3264 4247 evadit:
3295 4193 3339 4246 si
3381 4200 3560 4246 autem

1971 4287 2274 4343 communis
2303 4287 2406 4351 sit,
2435 4293 2491 4340 et
2518 4286 2658 4340 illius
2687 4296 2741 4340 et
2767 4285 2994 4340 aliorum
3037 4285 3400 4340 membrorum
3434 4299 3562 4354 pro-

1970 4381 2120 4450 prius
2135 4386 2237 4434 est.
2260 4379 2333 4433 lla
2357 4380 2517 4434 etiam
2536 4379 2588 4432 in
2609 4379 2885 4448 pecuniis:
2906 4379 3024 4433 situ
3041 4378 3188 4433 solus
3207 4377 3314 4432 illis
3339 4377 3557 4442 fruaris,

1971 4479 2026 4526 tu
2046 4485 2256 4542 quoque
2276 4470 2392 4526 illas
2411 4470 2687 4539 perdidisti
2706 4486 2721 4535 ;
2744 4485 2920 4540 neque
2935 4471 3078 4526 enim
3099 4468 3403 4524 mercedem
3422 4470 3532 4522 acci
3547 4497 3563 4508 -

1971 4563 2113 4633 pics:
2133 4562 2178 4618 si
2195 4577 2324 4618 vero
2337 4577 2460 4616 cum
2475 4561 2595 4616 aliis
2615 4563 2913 4631 possideas,
2931 4570 3058 4616 tunc
3077 4563 3245 4632 magis
3261 4570 3366 4616 tua:
3380 4571 3559 4622 erunt.

1970 4665 2024 4713 et
2043 4665 2167 4712 tunc
2184 4656 2468 4711 utilitatem
2494 4655 2748 4724 accipies.
2779 4656 2972 4710 Annon
2999 4654 3172 4721 vides,
3204 4653 3346 4725 quod
3371 4667 3563 4708 manus

1970 4749 2300 4814 ministrent,
2334 4762 2396 4803 os
2419 4747 2684 4812 emolliat,
2709 4757 2763 4802 et
2784 4756 2974 4802 venter
2998 4745 3259 4816 recipiat?
3283 4762 3410 4802 num
3432 4745 3566 4801 dicit

1973 4849 2164 4897 venter
2189 4859 2202 4895 :
2231 4839 2364 4908 Quia
2394 4841 2594 4910 recepi,
2630 4850 2796 4895 totum
2827 4841 3061 4896 retinere
3085 4840 3297 4896 debeo?
3325 4839 3404 4895 Ne
3432 4854 3563 4909 ergo

1972 4941 2029 4986 tu
2056 4947 2270 5003 quoque
2295 4931 2363 4987 de
2387 4933 2628 5000 pecuniis
2664 4932 2735 4986 ita
2777 4931 3016 5002 loquaris
3042 4949 3055 4985 :
3085 4931 3393 5002 recipientis
3418 4931 3562 4986 enim

1972 5036 2055 5082 est
2085 5027 2320 5096 elargiri.
2353 5025 2816 5092 Quemadmodum
2853 5041 2982 5096 ergo
3011 5026 3212 5082 ventris
3243 5025 3427 5080 vitium
3455 5035 3560 5090 est,

1973 5137 2095 5177 cum
2123 5120 2274 5176 cibos
2312 5121 2510 5176 retinet
2554 5134 2656 5175 nec
2681 5119 2990 5184 distribuit;
3025 5119 3119 5173 toti
3159 5118 3302 5173 enim
3347 5118 3564 5187 corpori

1975 5213 2267 5284 perniciem
2310 5211 2473 5266 infert
2499 5231 2512 5268 :
2545 5211 2615 5266 ita
2644 5212 2808 5266 etiam
2839 5211 3065 5266 divitum
3093 5209 3281 5264 vitium
3313 5221 3414 5277 est,
3438 5225 3563 5264 eum

1973 5319 2034 5359 ea
2066 5320 2184 5374 qua:
2209 5302 2410 5359 habent
2437 5303 2578 5374 apud
2605 5317 2664 5358 se
2693 5303 2929 5358 retinent
2958 5319 2971 5355 :
3017 5302 3122 5357 hoc
3151 5302 3296 5356 enim
3335 5311 3389 5355 ct
3415 5301 3562 5370 ipsos

1972 5408 2026 5450 et
2061 5396 2198 5451 alios
2244 5396 2439 5466 perdit.
2477 5394 2676 5452 Oculus
2721 5395 2848 5450 item
2891 5403 3058 5449 totam
3104 5394 3280 5450 lucem
3335 5392 3559 5462 recipit;

1973 5489 2068 5546 sed
2091 5505 2197 5546 non
2221 5497 2386 5545 totam
2417 5490 2518 5546 sibi
2545 5488 2777 5556 retinet;
2805 5503 2928 5543 nam
2950 5501 3147 5559 corpus
3175 5495 3342 5542 totum
3366 5486 3562 5541 illumi-

1973 5592 2083 5639 nat.
2108 5582 2291 5653 Neque
2316 5582 2458 5637 enim
2483 5581 2535 5636 id
2565 5597 2630 5636 ex
2654 5589 2843 5636 natura
2865 5595 2962 5636 sua
2993 5579 3154 5636 habet
3180 5587 3239 5633 ιιι
3265 5587 3432 5632 totum
3474 5589 3561 5629 re-

1973 5675 2161 5740 tineat,
2190 5674 2365 5730 donec
2393 5673 2582 5729 oculus
2609 5681 2715 5728 est.
2740 5671 2910 5728 Nares
2936 5674 3100 5729 etiam
3133 5671 3304 5726 bonos
3324 5667 3563 5723 sentiunt

1973 5767 2208 5834 odores;
2263 5769 2359 5822 sed
2410 5781 2516 5822 non
2565 5775 2707 5822 lotos
2751 5766 3008 5831 retinent,
3039 5763 3133 5820 sed
3181 5762 3233 5816 in
3277 5761 3560 5816 cerebrum

1975 5861 2212 5932 mittunt,
2236 5869 2289 5918 ct
2315 5857 2650 5916 stomachum
2674 5858 2728 5915 in
2753 5857 2896 5915 bono
2916 5857 3082 5915 odore
3107 5861 3344 5926 servant,
3364 5861 3556 5910 totum-

3143 5956 3183 6020 6
