4086 6418
619 347 682 401 87
1316 343 1355 398 S
1411 340 1688 398 JOANNIS
1723 339 2194 398 CIIRYSOSTOMI
2235 303 2549 399 ARCHIEP.
2591 340 3124 398 CONSTANTINOP.
3809 343 3868 399 83

609 475 716 529 que
736 457 1009 518 hominem
1033 466 1296 514 recreant.
1316 456 1488 512 Pedes
1508 456 1635 511 item
1657 456 1756 516 soli
1781 455 2067 518 incedunt;
2098 455 2195 511 sed

619 566 727 604 non
761 565 822 606 se
837 550 988 606 solos
1015 550 1366 615 transferunt,
1389 549 1484 604 sed
1513 558 1568 604 et
1597 558 1988 618 totum'corpus
2024 561 2203 602 trans-

615 653 857 698 movent.
877 643 961 700 'lta
991 654 1046 700 et
1074 654 1128 698 tu
1151 642 1295 713 quod
1321 642 1413 702 tibi
1441 640 1815 697 concreditum
1844 641 1946 696 fuit
1969 657 2035 697 ue
2057 641 2204 697 solus

613 736 874 800 retineas,
893 736 1018 806 quia
1040 735 1290 792 omnibus
1315 734 1520 805 tibique
1544 735 1773 804 primum
1802 735 2094 803 perniciem
2125 734 2204 787 in-

614 829 777 885 t'cres.
817 828 935 883 Non
985 828 1037 882 in
1065 827 1323 882 membris
1364 836 1571 886 tantum
1614 827 1666 884 id
1708 827 1986 884 observes.
2032 826 2206 882 Faber

613 921 759 974 enim
787 918 1062 986 ferrarius,
1089 923 1138 974 si
1166 921 1440 978 neminem
1466 921 1595 977 velit
1621 931 1737 977 arte
1759 936 1854 976 sua
1885 921 2010 986 frui,
2037 930 2092 977 et
2114 937 2206 977 se-

617 1013 794 1082 ipsum
814 1021 870 1068 et
889 1013 1025 1068 alias
1051 1021 1201 1068 artes
1223 1014 1552 1083 pessumdat.
1576 1013 1748 1070 'Sutor
1770 1015 2040 1080 similiter,
2063 1014 2204 1084 agri-

614 1105 753 1172 cola,
774 1106 962 1175 pistor,
984 1115 1040 1162 et
1066 1107 1266 1178 singuli
1285 1107 1380 1178 qui
1405 1108 1737 1163 necessarias
1764 1116 1908 1163 artes
1925 1118 2202 1175 exercent,

614 1199 660 1254 si
694 1199 968 1255 neminem
994 1200 1157 1255 alium
1186 1216 1304 1256 arte
1326 1217 1422 1257 sua
1451 1201 1555 1256 frui
1584 1202 1769 1268 velint,
1800 1217 1904 1257 non
1932 1202 2066 1256 alios
2089 1210 2205 1256 tan.

618 1301 755 1356 tum,
783 1291 880 1347 sed
921 1305 979 1348 se
1005 1307 1126 1346 cum
1155 1293 1276 1347 aliis
1309 1292 1571 1364 perdunt.
1603 1294 1804 1364 Ecquid
1845 1293 1913 1349 de
1952 1292 2205 1349 divitibus

615 1383 851 1454 loquor?
890 1382 1024 1438 Nam
1056 1399 1323 1454 pauperes
1350 1400 1566 1455 quoque
1591 1386 1636 1441 si
1663 1394 1896 1440 vestram
1922 1399 2204 1440 avarorum

614 1485 671 1530 et
711 1475 939 1531 divitum
995 1477 1291 1546 nequitiam
1340 1487 1700 1544 sectarentur,
1745 1493 1841 1533 vos
1881 1493 2206 1550 magnopere

613 1564 878 1621 hederent
903 1581 967 1621 ac
987 1566 1099 1622 cito
1139 1584 1237 1623 vos
1267 1583 1531 1638 pauperes
1547 1570 1867 1637 redderent,
1899 1571 2007 1626 imo
2029 1573 2205 1627 etiam

614 1657 926 1727 perderent,
956 1658 1002 1714 si
1034 1659 1098 1714 iis
1125 1660 1216 1730 qui
1256 1675 1393 1730 Opus
1420 1660 1624 1717 habent
1660 1677 1758 1718 sua
1799 1664 2040 1733 przebere
2081 1664 2205 1718 nol-

613 1750 728 1805 lent
752 1766 766 1804 :
797 1750 1030 1822 exempli
1055 1767 1237 1816 causa,
1265 1754 1496 1824 agricola
1528 1770 1784 1810 manuum
1811 1769 2029 1810 suarum
2057 1755 2206 1811 labo-

612 1856 749 1907 rem,
781 1852 942 1897 nauta
970 1845 1354 1900 commercium
1387 1860 1492 1916 per
1531 1847 1929 1918 navigationem
1967 1858 2196 1919 partum,

612 1935 770 1990 miles
795 1949 949 1989 suam
979 1935 1030 1990 in
1061 1935 1203 1992 bello
1226 1935 1618 1996 fortitudinem.
1652 1939 1800 2008 ideo,
1828 1941 1873 1996 si
1904 1955 2010 1996 non
2034 1941 2201 2006 aliud,

615 2025 823 2097 pudore
843 2027 1020 2083 affecti
1046 2029 1366 2085 benevolum
1391 2031 1618 2104 illorum,
1633 2032 1873 2088 animum
1899 2032 2200 2089 imitemini.

610 2116 824 2174 Nemini
854 2119 1070 2175 divitias
1099 2122 1380 2191 impertis?
1425 2123 1570 2193 Ergo
1597 2138 1666 2179 ne
1692 2124 1980 2194 quidquam
2008 2125 2076 2180 ab
2097 2125 2205 2181 alio

608 2213 844 2283 accipias
870 2232 885 2268 :
913 2215 958 2269 si
985 2225 1166 2270 autem
1198 2218 1269 2272 ita
1301 2217 1412 2282 fiat,
1435 2229 1750 2274 evertentur
1770 2221 1971 2275 omnia.
1992 2220 2204 2290 Ubique

607 2305 752 2360 enim
775 2305 904 2361 dare
926 2317 980 2362 ct
1006 2309 1251 2378 accipere
1272 2309 1534 2366 bonorum
1559 2311 1848 2367 multorum
1867 2312 2072 2368 initium
2093 2323 2198 2381 est,

609 2396 662 2451 in
707 2399 1028 2465 seminibus,
1062 2401 1116 2455 in
1144 2400 1445 2471 discipulis,
1481 2403 1534 2458 in
1575 2404 1805 2460 artibus.
1848 2404 1981 2460 Nam
2009 2406 2054 2460 si
2082 2407 2204 2476 quis

607 2488 841 2546 voluerit
881 2499 1051 2545 artem
1093 2507 1261 2562 penes
1304 2509 1364 2549 se
1409 2495 1666 2561 retinere,
1693 2504 1746 2551 et
1772 2511 1896 2552 sese
1937 2506 1994 2552 et
2033 2506 2202 2554 totum

605 2581 864 2637 mundum
908 2585 1127 2640 evertit.
1159 2586 1409 2656 Agricola
1453 2589 1498 2643 si
1529 2591 1738 2644 semina
1783 2590 1926 2646 domi
1974 2592 2201 2648 suffossa

605 2675 858 2742 retineat,
882 2691 1102 2747 gravem
1146 2678 1367 2736 inducet
1411 2681 1629 2738 famem.
1673 2683 1766 2740 Sic
1793 2693 1848 2740 et
1885 2685 2037 2741 dives
2072 2687 2116 2740 si
2146 2687 2198 2742 in

603 2769 849 2837 pecuniis
893 2769 1001 2826 hoc
1042 2769 1225 2837 faciat,
1255 2775 1496 2844 seipsum
1540 2777 1690 2846 prius
1734 2793 1895 2848 quam
1936 2794 2201 2849 pauperes

601 2860 815 2929 perdet,
845 2860 1107 2931 gehennae
1150 2863 1424 2920 flammam
1449 2868 1756 2936 graviorem
1784 2869 1944 2939 capiti
1973 2886 2072 2924 suo
2099 2887 2198 2942 ap-

605 2966 823 3021 parans.
854 2952 929 3008 Ct
969 2970 1102 3025 ergo
1142 2955 1412 3022 doctores,
1455 2959 1668 3015 etiamsi
1719 2960 1915 3015 multos
1964 2961 2200 3034 habeant

601 3041 918 3112 discipulos,
948 3045 1174 3114 singulis
1197 3057 1366 3102 artem
1394 3064 1546 3103 suam
1576 3049 1891 3121 impertiunt
1921 3069 1934 3106 :
1967 3052 2036 3108 ita
2065 3065 2117 3108 et
2141 3065 2197 3110 tu

600 3134 803 3189 multos
831 3136 1078 3206 acquiras
1108 3137 1372 3194 beneficio
1397 3139 1620 3198 affectos
1649 3161 1662 3197 :
1694 3152 1750 3198 et
1777 3143 1960 3199 dicant
1985 3161 2194 3213 omnes,

2313 455 2465 511 llnnc
2513 455 2756 511 liberavit
2796 472 2826 509 a
2871 465 3210 527 paupertate,
3239 456 3390 511 illum
3421 456 3762 526 a'periculis;
3789 469 3871 525 â€˜et,

2309 547 2404 602 Ille
2432 548 2704 616 periisset,
2733 549 2837 604 nisi
2865 564 2985 603 cum
3009 548 3180 618 gratia
3209 548 3301 603 Dei
3331 547 3626 619 patrocinio
3653 559 3739 605 tuo
3761 565 3869 607 ere-

2309 649 2432 708 ptus
2459 641 2643 696 fuisset
2672 661 2684 694 :
2713 649 2769 696 et
2811 642 2954 712 quod
2984 644 3126 696 hunc
3153 657 3184 696 a
3215 641 3426 708 morbo,
3454 641 3614 696 alium
3657 657 3688 697 a
3730 657 3868 714 syro-

2309 733 2525 803 phantia
2551 735 2838 801 exemeris,
2879 736 3042 790 alium
3093 735 3358 805 hospitem
3407 736 3700 805 exceperis,
3724 735 3869 790 alium

2310 825 2511 880 nudum
2539 826 2806 882 vestieris.
2841 826 3140 882 lnnumeris
3183 826 3382 882 divitiis
3409 838 3462 882 et
3485 827 3745 882 thesauris
3769 844 3871 882 me-

2310 917 2443 974 liora
2487 927 2613 972 sunt
2655 917 2772 975 haec
2797 919 3001 984 verba;
3047 934 3345 990 omnesque
3383 919 3450 974 ad
3494 934 3554 975 se
3578 928 3872 974 convertunt

2309 1013 2480 1082 magis
2523 1027 2683 1082 quam
2731 1013 3055 1066 vestimenta
3111 1027 3305 1078 aurea,
3335 1011 3460 1081 equi
3509 1021 3564 1066 et
3608 1012 3868 1081 mancipia.

2311 1105 2437 1160 llaec
2464 1106 2608 1160 enim
2650 1104 2704 1160 id
2731 1104 2990 1171 efficiunt,
3021 1113 3081 1159 ut
3115 1103 3294 1175 gravis
3317 1113 3374 1158 et
3415 1103 3668 1158 molestus
3705 1103 3870 1157 vidca-

2311 1208 2432 1265 tur;
2476 1208 2639 1270 atque
2681 1208 2739 1254 ut
2765 1198 3072 1253 communis
3124 1197 3298 1254 hostis
3322 1198 3446 1252 odio
3474 1197 3728 1252 habeatur
3755 1215 3767 1250 :
3795 1198 3870 1252 illa

2307 1305 2440 1346 vero
2489 1299 2550 1345 ut
2595 1299 2801 1361 patrem
2828 1305 3174 1346 communem
3199 1304 3263 1345 ac
3293 1289 3591 1345 beneficum
3628 1289 3871 1360 Î´Î¿Ïá½·-Ï„Î¹Î¸á¿¶Î‡

2308 1393 2464 1451 eant;
2487 1393 2543 1440 et
2573 1383 2716 1455 quod
2741 1383 2981 1440 omnium
3015 1385 3308 1439 maximum
3329 1392 3432 1450 est,
3455 1383 3546 1437 Dei
3573 1382 3873 1437 benevolen-

2311 1476 2381 1532 tia
2405 1487 2492 1532 tua
2513 1490 2729 1545 semper
2765 1485 2915 1546 gesta
2933 1486 3209 1546 sequetur.
3248 1475 3397 1529 Dicat
3419 1489 3546 1544 ergo
3570 1473 3673 1535 hic,
3706 1473 3870 1528 Filiam

2297 1582 2482 1622 tineam
2495 1582 2616 1622 cum
2633 1566 2759 1622 dote
2778 1565 3004 1632 locavit;
3022 1566 3177 1631 alius,
3196 1565 3389 1620 Filium
3404 1580 3579 1620 meum
3599 1565 3648 1619 in
3661 1564 3870 1617 virorum

2309 1673 2590 1714 numerum
2629 1656 2811 1713 efferri
2845 1658 3086 1723 curavit;
3116 1657 3276 1722 alius,
3315 1655 3680 1711 Calamitatem
3719 1671 3870 1709 meatu

2307 1753 2498 1816 solvit;
2521 1751 2680 1816 alius,
2695 1749 2778 1805 Me
2794 1765 2822 1803 a
2847 1750 3100 1820 periculis
3118 1750 3331 1818 eripuit.
3352 1749 3476 1804 lla-e
3493 1749 3704 1804 coronis
3718 1748 3872 1800 :tttrris

2309 1845 2532 1901 meliora
2548 1843 2709 1899 verba
2727 1853 2872 1909 sunt,
2896 1843 3043 1898 mille
3072 1841 3327 1897 nimirum
3351 1855 3626 1912 pr.rcones
3649 1839 3870 1909 benigni-

2308 1937 2433 1991 tatis
2458 1935 2688 2006 pr0pri:e
2724 1934 2777 1989 in
2819 1935 3036 1990 civitate
3065 1933 3268 1988 habere
3297 1949 3311 1986 :
3347 1933 3428 1986 ha:
3469 1947 3661 1998 voces,
3702 1945 3872 2000 praeco-

2307 2047 2434 2086 num
2451 2030 2540 2100 qui
2559 2039 2683 2085 ante
2701 2029 3067 2100 magistratum
3087 2027 3345 2082 incedunt
3365 2041 3499 2082 voce
3519 2026 3676 2096 longe
3691 2023 3873 2078 duleioo

2306 2137 2395 2177 res
2424 2121 2803 2192 suavioresque
2819 2129 2964 2186 sunt,
2983 2120 3161 2175 vocari
3185 2134 3378 2189 nempe
3411 2128 3762 2183 servatorem,
3793 2116 3872 2170 be-

2305 2217 2558 2283 neficum,
2578 2225 3014 2287 patronum,qu:e
3039 2224 3164 2272 sunt
3197 2215 3289 2268 Dei
3322 2215 3572 2269 nomina:
3592 2228 3694 2267 non
3713 2221 3870 2267 artem

2306 2325 2546 2376 avarum,
2559 2316 2917 2376 arrogantem,
2937 2305 3310 2371 insatiabilem,
3331 2320 3575 2376 parcum.
3593 2304 3870 2375 Ne,qu:eso,

2305 2417 2374 2458 ne
2406 2401 2570 2456 ullam
2603 2399 2766 2454 talem
2793 2413 2980 2453 vocem
3012 2407 3350 2468 appetamus,
3380 2397 3475 2452 sed
3519 2397 3731 2452 omnino
3757 2411 3872 2449 con-

2309 2493 2520 2549 trarias.
2551 2490 2682 2546 Nam
2713 2490 2756 2544 si
2788 2489 2902 2544 lucc
2937 2489 2987 2543 in
3019 2490 3176 2543 terris
3201 2489 3430 2558 prolata,
3464 2489 3537 2543 ita
3561 2486 3871 2557 Splendidqu

2305 2594 2362 2641 et.
2382 2586 2648 2641 illustrem
2672 2583 2942 2649 reddunt;
2971 2598 3095 2637 cum
3115 2598 3177 2637 ea
3200 2583 3400 2652 scripta
3425 2579 3623 2638 fuerint
3651 2582 3699 2636 in
3715 2581 3869 2643 caelis,

2305 2689 2362 2736 et
2406 2681 2459 2735 in
2502 2679 2592 2733 die
2637 2677 2817 2732 futuro
2861 2677 3000 2731 Deus
3045 2676 3132 2730 illa
3163 2675 3470 2745 protulerit,
3497 2677 3669 2746 cogita
3697 2685 3871 2745 quanta

2305 2772 2502 2828 frueris
2523 2771 2788 2836 claritate,
2821 2779 3021 2840 quanto
3043 2768 3364 2837 Splendore:
3392 2785 3553 2838 quem
3586 2784 3680 2824 nos
3705 2781 3870 2822 omnes

2303 2865 2513 2934 assequi
2537 2860 2831 2933 contingat,
2859 2861 3029 2930 gratia
3053 2869 3107 2915 et
3131 2860 3463 2930 benignitate
3495 2860 3700 2915 Domini
3723 2858 3870 2914 nostri

2302 2959 2433 3015 Jesu
2463 2957 2683 3022 Christi,
2732 2956 2949 3028 quicum
3003 2953 3146 3009 Patri
3188 2969 3400 3024 unaque
3445 2954 3667 3025 Spiritui
3705 2961 3872 3008 sancto

2303 3050 2496 3120 gloria,
2524 3047 2830 3118 imperium,
2862 3047 3056 3111 honor,
3089 3060 3235 3101 nunc
3263 3055 3321 3101 et
3345 3061 3580 3118 semper,
3609 3056 3662 3102 ct
3695 3047 3748 3100 in
3783 3060 3870 3099 sa:-

2303 3146 2425 3202 eula
2455 3143 2801 3198 saeculorum.
2826 3141 3020 3196 Amen.

600 3251 2610 3282 .________________________________

2020 3350 2372 3415 HOMILM
2416 3351 2532 3412 X1.

601 3475 730 3532 Car.
759 3478 812 3532 4.
844 3494 895 3552 v.
930 3479 980 3534 3.
1013 3479 1147 3536 Mihi
1187 3493 1358 3538 autem
1403 3501 1497 3554 pro
1536 3486 1744 3542 minimo
1787 3497 1860 3542 est
1909 3497 1964 3542 ut
1994 3505 2026 3542 Î±
2057 3490 2197 3545 vobis

665 3569 892 3639 judirer,
922 3581 1012 3624 aut
1037 3573 1098 3626 ab
1125 3573 1347 3630 humano
1370 3576 1453 3630 die
1474 3593 1495 3640 Í¾
1522 3578 1610 3630 sed
1648 3595 1808 3648 neque
1838 3580 2082 3650 meipsum
2096 3581 2196 3652 ju-

670 3661 867 3727 dicoï¬‚.
895 3661 1056 3735 (nihil
1097 3666 1232 3719 enim
1277 3668 1398 3720 mihi
1437 3669 1670 3723 conscius
1715 3685 1860 3736 sum;
1901 3672 1990 3724 sed
2015 3689 2116 3726 non
2143 3675 2197 3729 in

665 3752 759 3806 hoc
786 3753 1102 3824 justiï¬catus
1127 3757 1290 3828 sum);
1326 3759 1409 3829 qui
1435 3769 1600 3813 autem
1633 3761 1838 3829 judicat
1865 3778 1963 3828 nte,
2017 3762 2197 3817 Domi-

673 3863 770 3901 nus
797 3857 891 3902 ÎµÎµÎ¹.

666 3941 718 3993 l.
749 3939 884 3994 Cum
920 3939 1042 3995 aliis
1087 3941 1240 3996 malis
1289 3943 1473 3998 nescio
1521 3944 1793 4015 quomodo
1821 3945 2071 4002 inductus
2111 3957 2196 4004 est

591 4032 646 4087 in
666 4033 940 4089 hominum
964 4045 1208 4090 naturam
1225 4037 1556 4093 curiositatis
1571 4049 1624 4093 et
1644 4039 1962 4110 importunae
1981 4043 2194 4113 perqui-

591 4125 800 4180 sitionis
816 4126 1038 4180 morbus
1053 4143 1066 4179 :
1081 4127 1416 4197 quemetiam
1431 4127 1676 4185 Christus
1693 4132 2190 4202 castigavitdiceus:

601 4217 779 4272 Nolite
786 4219 1059 4288 judicare,
1094 4230 1150 4274 ut
1175 4237 1276 4274 non
1285 4222 1591 4292 judicemini
1619 4221 1832 4294 (Matth.
1854 4225 1912 4278 7.
1942 4225 2018 4295 l).
2037 4224 2191 4292 Quod

597 4321 744 4369 certe
767 4314 964 4368 nullam
992 4313 1322 4382 voluptatem
1341 4314 1528 4380 habet,
1556 4327 1612 4370 ut
1631 4316 2037 4373 liabenteartera
2067 4333 2194 4388 pecâ€”

591 4414 732 4469 cata,
757 4405 850 4460 sed
868 4406 1041 4460 solum
1068 4420 1279 4475 pmnam
1301 4421 1365 4460 ac
1387 4407 1726 4475 supplicium.
1745 4408 1875 4463 Nam
1891 4425 2012 4464 cum
2039 4410 2194 4464 innu-

597 4495 765 4550 uteris
783 4497 971 4564 repleti
1003 4496 1172 4556 simus
1193 4496 1370 4562 malis,
1391 4507 1447 4550 et
1467 4497 1645 4551 trabes
1667 4497 1900 4553 feramus
1924 4500 1974 4553 in
1997 4499 2190 4567 oculis,

589 4587 821 4656 proximi
863 4595 1100 4656 peccata,
1129 4587 1293 4642 etiam
1319 4602 1381 4642 ea
1409 4604 1529 4659 qua:
1557 4604 1587 4642 a
1631 4588 1855 4646 festucis
1905 4589 2039 4645 nihil
2081 4590 2190 4646 dif-

592 4676 792 4742 ferunt,
821 4685 1073 4732 accurate
1100 4678 1473 4733 examinamus
1508 4695 1523 4732 :
1558 4679 1699 4735 sicut
1737 4682 1898 4735 etiam
1945 4681 2192 4738 Corinthi

595 4770 814 4826 accidit.
849 4771 1024 4838 ~Viros
1071 4786 1303 4842 namque
1358 4776 1475 4843 pios
1499 4784 1554 4828 et
1609 4774 1717 4830 Deo
1765 4790 1920 4832 caros
1967 4785 2190 4848 propter

603 4863 871 4917 inscitiam
912 4863 1264 4920 traducebant
1291 4873 1348 4920 et
1388 4865 1699 4934 ejiciebant,
1745 4867 1882 4923 alios
1922 4883 2070 4935 vero,
2101 4869 2191 4940 qui

598 4957 902 5012 innumeris
943 4966 1102 5013 erant
1132 4958 1277 5014 vitiis
1308 4961 1508 5026 onusti,
1539 4963 1717 5030 magni
1745 4959 2018 5016 faciebant
2062 4977 2191 5032 pro-

593 5057 715 5119 pter
743 5048 1127 5119 eloquentiam.
1146 5049 1377 5118 Deinde,
1397 5060 1664 5122 tamquam
1679 5052 1885 5122 judices
1917 5053 2190 5122 sedentes,

593 5141 710 5196 haec
736 5143 1045 5211 petulanter
1089 5144 1539 5214 pronuntiabant:
1588 5145 1686 5202 Hic
1711 5147 1905 5217 dignus
1944 5158 2048 5216 est,
2091 5149 2192 5205 iste

595 5233 789 5292 melior
815 5235 906 5292 illo
947 5245 1062 5302 est;
1091 5245 1144 5292 et
1187 5236 1273 5292 hic
1302 5237 1379 5292 illi
1431 5237 1675 5305 inferior,
1724 5249 1779 5294 et
1807 5241 1895 5295 ille
1939 5241 2042 5296 isto
2078 5255 2192 5295 me-

592 5328 720 5393 lior;
752 5337 806 5390 et
830 5344 924 5384 sua
955 5329 1139 5400 lugere
1173 5330 1315 5386 mala
1344 5345 1448 5386 non
1473 5342 1747 5397 curantes,
1779 5333 2009 5388 aliorum
2036 5333 2181 5404 judi-

591 5438 688 5478 ces
707 5431 893 5488 erant;
924 5423 1155 5493 hincque
1196 5425 1378 5494 gravia
1405 5425 1545 5481 bella
1575 5426 1940 5481 concitabant.
1992 5427 2189 5482 Paulus

594 5528 726 5585 ergo
778 5513 921 5570 hunc
964 5514 1215 5571 morbum
1265 5515 1482 5583 tollens,
1533 5517 1654 5572 vide
1692 5534 1850 5588 quam
1896 5519 2188 5589 prudenter

595 5605 719 5659 illos
758 5606 1014 5676 corrigat.
1059 5606 1347 5677 Postquam
1389 5608 1533 5664 enim
1565 5609 1720 5674 dixit,
1765 5609 1868 5663 Hic
1898 5611 2014 5681 jam
2047 5626 2192 5681 qua:-

596 5697 727 5748 ritur
765 5695 899 5750 inter
927 5697 1303 5768 dispensatores
1343 5707 1396 5752 ut
1438 5699 1605 5768 ï¬delis
1642 5701 1754 5770 quis
1798 5699 2104 5766 inveniatur,
2134 5708 2190 5755 et

600 5784 876 5842 videbatur
919 5788 1025 5845 illis
1063 5787 1268 5845 aditum
1305 5789 1437 5846 dare
1466 5791 1534 5846 ad
1577 5791 1924 5862 judicandatn
1967 5801 2021 5846 et
2048 5805 2185 5847 exa-

2306 3491 2612 3548 minantlam
2657 3493 2923 3564 cujusque
2971 3493 3171 3560 vitam;
3232 3493 3334 3549 hoc
3389 3511 3523 3550 vero
3578 3495 3866 3552 seditionem

2303 3583 2635 3638 concitabat:
2661 3599 2728 3638 ne
2749 3582 2851 3638 hoc
2876 3584 2980 3639 illis
3009 3584 3300 3651 accideret,
3328 3586 3395 3640 ab
3420 3586 3525 3643 hac
3549 3587 3868 3642 altercatione

2302 3675 2425 3730 illos
2453 3675 2694 3741 abduxit,
2733 3675 2951 3734 dicens:
2992 3676 3126 3730 Mihi
3154 3689 3324 3732 autem
3368 3697 3461 3748 pro
3505 3681 3706 3734 minimo
3733 3689 3796 3733 est
3825 3686 3869 3728 ut

2300 3783 2332 3820 a
2352 3768 2486 3821 vobis
2499 3769 2734 3839 judicer;
2755 3784 2937 3824 rursus
2958 3785 3261 3825 sermonem
3287 3786 3572 3840 personam
3596 3787 3738 3826 suam
3759 3785 3868 3839 5pc-

2291 3870 2532 3916 ctantcm
2564 3860 2859 3931 proferens.
2904 3861 3042 3928 Quid
3081 3862 3182 3916 sibi
3211 3863 3321 3917 vnlt
3345 3873 3528 3918 autem
3560 3865 3707 3928 illud,
3756 3861 3868 3916 Mihi

2299 3963 2468 4006 autem
2495 3967 2586 4022 pro
2618 3953 2826 4007 minimo
2848 3963 2920 4008 est
2951 3964 3007 4007 ut
3033 3971 3065 4006 a
3094 3953 3230 4008 vobis
3249 3955 3476 4024 judicer,
3509 3966 3598 4010 aut
3626 3958 3686 4010 ab
3709 3956 3868 4007 huma-

2300 4059 2366 4096 no
2395 4043 2516 4096 die?
2562 4042 2841 4113 Indignum
2873 4060 2958 4099 me
2980 4043 3188 4114 judico,
3220 4046 3410 4117 inquit,
3442 4049 3534 4118 qui
3563 4064 3592 4102 a
3619 4047 3766 4102 vobis
3786 4046 3864 4114 ju-

2299 4132 2447 4188 dicer
2468 4149 2485 4198 ;
2512 4142 2566 4188 et
2592 4135 2719 4204 quid
2748 4135 2870 4191 dico
2897 4151 2924 4190 a
2952 4135 3142 4190 vobis?
3170 4137 3264 4192 sed
3291 4139 3454 4193 etiam
3483 4156 3512 4194 a
3552 4151 3867 4210 quocumque

2297 4225 2494 4293 aliquo.
2549 4226 2653 4280 Sed
2709 4242 2869 4282 nemo
2907 4227 3130 4283 Paulum
3187 4231 3518 4299 arrogantiae
3567 4238 3788 4292 accuset,
3829 4226 3867 4281 si

2298 4320 2500 4374 nullum
2545 4319 2820 4376 hominem
2864 4323 3084 4393 dignum
3129 4339 3250 4380 esse
3291 4325 3455 4392 dicat,
3488 4327 3578 4396 qui
3620 4334 3792 4379 contra
3818 4336 3868 4375 se

2296 4413 2558 4466 calculum
2583 4412 2737 4468 ferat.
2765 4413 2947 4468 Primo
2969 4415 3112 4469 enim
3143 4431 3247 4471 non
3278 4425 3501 4487 propter
3522 4433 3583 4473 se
3611 4417 3709 4472 hoc
3734 4414 3864 4476 dicit.

2297 4503 2390 4558 sed
2421 4513 2475 4556 ut
2501 4503 2634 4558 alios
2660 4505 2728 4558 ab
2756 4504 2965 4560 illorum
2996 4506 3242 4562 molestia
3281 4508 3505 4576 eripiat:
3546 4507 3735 4564 deinde
3775 4519 3866 4559 non

2296 4596 2363 4651 ad
2391 4595 2696 4652 Corinthios
2720 4607 2924 4654 tantum
2954 4614 3042 4654 res
3069 4609 3309 4670 spectat;
3338 4601 3431 4656 sed
3458 4602 3622 4656 etiam
3651 4601 3866 4670 seipsum

2296 4702 2326 4742 a
2354 4687 2445 4741 tali
2469 4687 2674 4756 judicio
2702 4690 2952 4758 removit,
2983 4690 3157 4760 majus
3185 4704 3280 4754 sua
3309 4700 3489 4746 mente
3513 4692 3695 4748 dicens
3719 4691 3782 4744 de
3803 4697 3870 4741 ta-

2297 4778 2434 4833 libus
2461 4779 2725 4834 calculum
2756 4779 2924 4836 ferre:
2952 4780 3395 4853 subjunxitergo,
3430 4781 3613 4854 Neque
3641 4783 3868 4850 meipstmt

2287 4870 2488 4941 judico.
2539 4870 2618 4926 Ad
2648 4871 2764 4928 haec
2790 4887 2918 4926 vero
2957 4886 3119 4928 causa
3147 4889 3362 4944 quoque
3388 4874 3750 4929 examinanda
3775 4877 3865 4932 est,

2295 4979 2398 5033 qua
2426 4973 2602 5018 motus
2626 4963 2740 5019 hzec
2785 4964 3028 5021 dicebat:
3073 4966 3210 5020 solet
3244 4967 3388 5021 enim
3433 4981 3580 5038 saepe
3608 4963 3868 5034 magniï¬ce

2296 5055 2460 5125 loqui,
2510 5072 2616 5110 non
2663 5073 2728 5112 ex
2767 5056 2905 5112 fastu
2950 5058 3034 5112 vel
3077 5059 3406 5128 arrogantia,
3456 5059 3549 5113 sed
3595 5074 3658 5110 ex
3686 5055 3867 5124 Optima

2295 5146 2728 5217 dispensatione:
2773 5147 3206 5219 quandoquidem
3261 5166 3401 5205 nunc
3457 5166 3564 5204 non
3610 5151 3722 5219 ipse
3760 5156 3868 5200 sese

2294 5239 2559 5294 extollens
2585 5282 2600 5306 ,
2643 5239 2736 5295 sed
2779 5241 2916 5296 alios
2962 5239 3306 5311 deprimens,
3356 5241 3470 5297 haec
3516 5243 3777 5312 loquitur,
3818 5244 3868 5288 ut

2293 5331 2604 5400 dignitatem
2651 5332 2851 5387 sanctis
2878 5332 3058 5386 addat.
3108 5333 3260 5400 Quod
3289 5335 3432 5389 enim
3461 5333 3744 5388 admodum
3776 5329 3866 5382 hu-

2293 5423 2435 5478 milis
2476 5432 2639 5486 csset,
2680 5423 2803 5477 audi
2849 5423 2976 5493 quid
3018 5425 3181 5490 dicat,
3226 5425 3566 5480 inimicorum
3613 5423 3709 5477 hac
3735 5421 3795 5475 de
3817 5432 3869 5472 rc

2294 5515 2658 5570 testimonium
2683 5515 2736 5568 in
2757 5514 2989 5569 medium
3016 5516 3326 5572 adducens:
3355 5515 3638 5575 Prwsentia
3659 5508 3871 5580 corporis

2291 5607 2497 5675 in/irma
2519 5617 2610 5677 est,
2641 5617 2687 5660 et
2726 5624 2892 5663 sermo
2933 5621 3248 5682 contemptus
3283 5610 3359 5684 (2.
3392 5610 3507 5666 Cor.
3539 5611 3626 5664 10.
3660 5608 3780 5675 10)Í¾
3819 5609 3869 5656 Î¿Î¹

2291 5716 2530 5766 rursum,
2587 5699 2878 5756 Novissime
2906 5713 3074 5756 autem
3105 5713 3348 5774 tanquam
3386 5702 3612 5758 abortivo
3643 5701 3770 5754 visus
3798 5701 3864 5747 est

2293 5803 2336 5846 et
2366 5791 2488 5844 mihi
2523 5790 2599 5861 (l.
2633 5789 2751 5847 Cor.
2783 5792 2870 5848 l5.
2903 5793 2979 5864 8).
3015 5796 3265 5850 Attamen
3295 5791 3510 5849 humilis
3534 5791 3651 5862 ille,
3675 5798 3865 5855 tempo-
