4086 6428
299 384 356 440 8Ί
1283 429 1288 432 -
1388 396 1455 451 ΙΝ
1496 396 1712 454 EPIST.
1756 397 1895 454 IAD

2001 400 2089 460 )R.
2132 405 2365 464 HOMIL.
2407 408 2498 464 XI.
3532 420 3601 473 88

311 501 462 606 θείης
494 502 692 606 μηδενξι
721 507 1061 606 μεταδοῦναι
1094 508 1194 581 τῆς
1220 509 1437 606 τέχνης,
1465 512 1561 606 κα).
1589 512 1910 606 ἐαυτόνΙκαὶ
2009 519 2113 606 τῆς
2143 521 2244 593 σῆς
2277 524 2557 579 ἀπέλαυσε
2590 527 2926 599 προστασίας
2945 545 2959 560 ⁸
2996 529 3093 585 καὶ
3125 531 3209 586 ὅτι
3237 532 3315 604 τῷ
3344 533 3474 587 δεῖνι
3499 535 3601 606 τὴν

316 587 409 652 τὰς
432 586 627 653 λοιπάς
651 589 962 663 ἀνατρέπει
983 593 1197 664 τέχνας.
1234 596 1295 648 '0
1322 595 1655 668 σκυτοτόμος
1679 596 1904 665 ὁμοίως,

316 671 343 725 ό
375 671 642 744 γεωργός,
689 676 720 728 ὁ
751 675 1050 740 σιτοποιὸς,
1081 677 1176 730 καὶ¹
1222 677 1456 742 ἕκαστος
1482 678 1540 732 δὲ
1568 678 1680 735 τῶν
1726 680 1901 748 ἀναγ-

316 759 467 812 καῖον
494 758 840 830 ἐπιτήδευμα
868 760 1182 830 μετιόντων,
1209 762 1259 814 εἰ
1296 761 1583 834 βουληθείη
1614 763 1689 834 μὴ
1739 779 1906 835 μετα-

313 840 496 896 δοῦναι
549 842 723 914 ἐτέρῳ
771 843 882 896 τῶν
913 843 1021 897 ἀπὸ
1050 844 1152 914 τῆς
1200 845 1418 916 τέχνης,
1465 847 1588 918 οὐχὶ
1629 847 1758 912 τοὺς
1803 847 1900 901 άλ-

316 924 441 990 λσυς
469 925 655 996 μόνον,
689 926 829 981 ἀλλά
851 927 946 980 καί
975 927 1169 983 ἐαυτὸν
1192 931 1305 992 τοῖς
1336 929 1516 993 ἄλλοις
1548 929 1901 1001 προσαπολεῖ.

315 1010 427 1063 Καὶ
457 1010 511 1064 τί
537 1009 687 1080 λέγω
708 1012 837 1077 τοὺς
864 1011 1266 1081 πλουτοῦντας;
1293 1014 1405 1068 Καί
1433 1014 1542 1086 γάρ
1569 1015 1618 1069 οἰ
1650 1014 1902 1085 πένητες,

315 1095 362 1147 εἰ
393 1094 499 1164 τὴν
544 1093 818 1166 ὑμετέραν
847 1095 958 1150 τῶν
995 1095 1465 1151 πλεονεκτούντων
1491 1098 1586 1152 καί
1613 1097 1905 1152 πλουτούν-

313 1195 420 1234 των
463 1179 666 1235 κακίαν
708 1179 997 1252 μετῆλθον,
1032 1180 1267 1252 μέγιστα
1313 1181 1380 1238 ἂν
1417 1183 1563 1253 ὑμᾶς
1594 1182 1710 1256 [86]
1739 1182 1905 1237 ἐϐλα-

309 1259 443 1330 ψαν,
479 1263 578 1316 καὶ
609 1261 820 1334 ταχέως
861 1265 928 1319 ἂν
972 1266 1118 1337 ὑμᾶς
1163 1266 1430 1337 ἐποίησαν
1469 1267 1732 1338 πένητας,
1766 1269 1905 1339 μᾶλ-

307 1343 402 1397 λον
439 1344 498 1398 δέ
541 1346 639 1399 καὶ
677 1347 986 1413 ἀπώλεσαν,
1017 1350 1065 1403 εἰ
1098 1349 1175 1421 μὴ
1209 1349 1492 1422 δεομένοις
1540 1349 1652 1406 τῶν
1689 1352 1903 1407 ἑαυτῶν

307 1428 649 1498 μεταδοῦναι
691 1430 1104 1505 ἠϐουλήθησαν·
1155 1427 1288 1499 οἷον,
1335 1434 1366 1487 ὀ
1399 1432 1638 1503 γηπόνος
1667 1435 1767 1507 τῆς
1795 1435 1904 1489 ἀπὸ

299 1511 418 1564 τῶν
458 1513 663 1584 χειρῶν
700 1513 984 1586 ἐργασίας,
1023 1517 1054 1569 ὁ
1097 1516 1301 1587 ναύτης
1342 1517 1444 1587 τῆς
1473 1517 1584 1572 ἀπὸ
1613 1518 1708 1573 τοῦ
1749 1521 1904 1575 πλεῖν

302 1595 610 1666 ἐμπορίας,
647 1599 676 1652 ὁ
703 1599 1042 1672 στρατιώτης
1075 1600 1176 1672 τῆς
1221 1602 1503 1674 ἀριστείας
1532 1603 1635 1668 τῆς
1661 1603 1770 1657 ἀπὸ
1792 1605 1901 1659 τῶν

301 1681 592 1751 πολέμων.
620 1682 778 1736 Ὥστε
803 1684 852 1736 εἰ
873 1684 968 1738 καὶ
993 1685 1160 1756 μηδὲν
1183 1685 1391 1758 ἕτερον,
1418 1685 1576 1741 τοῦτο
1601 1687 1734 1756 γοῦν
1759 1688 1901 1743 αἰδέ-

302 1763 500 1836 σθητε,
518 1766 617 1818 καὶ
644 1766 744 1838 τὴν
767 1767 990 1821 ἐκείνων
1013 1770 1328 1840 μιμήσασθε
1362 1771 1784 1843 φιλοφροσύνην.
1821 1774 1896 1828 Ού

303 1847 615 1918 μεταδίδως
654 1849 748 1903 τοῦ
783 1850 1016 1904 πλούτου
1061 1851 1274 1917 οὐδενί;
1305 1853 1516 1909 Οὐκοῦν
1554 1854 1628 1927 μὴ
1664 1857 1898 1926 μεταλά-

304 1931 409 2004 δῃς
435 1933 574 2002 παρ’
601 1933 786 2004 ἑτέρου
813 1934 1039 2006 μηδενός
1059 1952 1072 1965 ·
1099 1937 1147 1990 εἰ
1172 1936 1230 1989 δὲ
1251 1936 1410 1991 τοῦτο
1433 1937 1606 2006 ἔσται,
1633 1940 1701 1993 τὰ
1721 1941 1898 1995 πάντα

303 2015 786 2088 ἀνατραπήσεται.
822 2019 1103 2089 Πανταχοῦ
1134 2020 1244 2089 γάρ
1278 2021 1340 2074 τό
1378 2021 1578 2077 διδόναι
1608 2025 1703 2079 καὶ
1734 2042 1897 2095 μετα-

301 2097 615 2169 λαμϐάνειν
655 2101 796 2172 ἀρχὴ
829 2101 1039 2155 πολλῶν
1075 2104 1224 2158 ἐστιν
1246 2104 1488 2173 ἀγαθῶν,
1518 2107 1611 2161 ἐπὶ
1641 2109 1896 2180 σπερμά·

297 2199 436 2246 των,
471 2184 564 2235 ἐπὶ
595 2183 872 2255 μαθητῶν,
899 2185 991 2238 ἐπὶ
1023 2186 1247 2256 τεχνῶν.
1279 2189 1378 2240 "Av
1403 2189 1512 2258 γὰρ
1540 2190 1778 2265 βουληθῇ
1810 2210 1897 2257 τις

298 2266 439 2336 παρ’
468 2264 650 2337 ἐαυτῷ
679 2267 930 2338 κατέχειν
955 2269 1053 2340 τὴν
1087 2269 1306 2343 τέχνην,
1333 2276 1428 2325 καὶ
1453 2275 1648 2329 ἐαυτὸν
1674 2277 1769 2330 καὶ
1797 2277 1892 2332 τὸν

299 2349 419 2434 βίον
446 2351 748 2434 ἀνέτρεψεν
777 2354 1013 2409 ἅπαντα.
1045 2355 1153 2408 Καὶ
1176 2356 1204 2409 ὁ
1225 2358 1470 2428 γεωργὸς
1497 2359 1569 2413 τά
1603 2362 1897 2434 σπέρματα

302 2433 370 2487 ἂν
393 2433 539 2488 οἴκοι
567 2435 872 2508 κατορύξας
902 2437 1181 2506 φυλάττοι,
1209 2439 1368 2512 λιμὸν
1397 2433 1890 2517 ἐργάσεταιίχαλε-

300 2518 441 2570 πόνο
503 2517 650 2572 οὕτω
705 2521 799 2575 καὶ
845 2523 875 2575 ό
907 2522 1160 2588 πλούσιος
1185 2525 1280 2579 ἐὰν
1315 2525 1409 2581 ἐπὶ
1450 2528 1560 2583 τῶν
1592 2531 1895 2602 χρημάτων

299 2603 466 2656 τοῦτο
514 2607 668 2675 ποιῇ,
714 2606 821 2679 πρὸ
871 2607 982 2661 τῶν
1036 2610 1286 2681 πενήτων
1344 2611 1538 2667 ἐαυτὸν
1581 2614 1890 2686 ἀναιρήσει,

299 2686 397 2757 τὴν
425 2686 609 2755 φλόγα
635 2689 736 2759 τῆς
768 2689 992 2760 γεέννης
1045 2692 1439 2766 χαλεπωτέραν
1463 2696 1607 2750 κατὰ
1635 2701 1735 2767 τῆς
1762 2699 1892 2751 ἐαυ-

299 2771 391 2824 τοῦ
449 2770 712 2840 σωρεύων
765 2774 1030 2844 κεφαλῆς.
1051 2777 1264 2849 ’Ὠσπερ
1313 2775 1406 2833 οὖν
1454 2780 1504 2833 οί
1551 2780 1889 2848 διδάσκαλοι,

304 2854 401 2908 κᾶν
431 2855 667 2919 πολλοὺς
718 2856 884 2927 ἔχωσι
934 2861 1060 2923 τοὺς
1102 2861 1372 2932 μαθητάς,
1408 2863 1628 2937 ἑκάστῳ
1676 2867 1892 2937 μεταδι-

306 2937 455 2991 ἀίασι
501 2939 604 3007 τῆς
630 2939 825 3010 τέχνης
844 2956 858 2970 ·
891 2941 1034 2996 οὕτω
1058 2944 1153 2996 καὶ
1179 2945 1243 2998 σὺ
1273 2945 1504 3011 πολλοὺς
1534 2949 1734 3020 κτῆσαι
1763 2949 1892 3014 τοὺς

305 3022 834 3092 εύεργετουμένους·
877 3026 971 3079 καὶ
1009 3025 1319 3095 λεγέτωσαν
1364 3029 1627 3096 ἅπαντες,
1672 3032 1754 3085 ὅτι
1785 3032 1890 3087 Τὸν

304 3104 448 3159 δεῖνα
478 3105 759 3176 ἀπήλλαξε
793 3109 1004 3176 πενίας,
1039 3112 1135 3165 καί
1169 3112 1260 3166 τὸν
1280 3113 1428 3168 δεῖνα
1453 3115 1738 3170 κινδύνων·
1773 3116 1888 3179 καὶ,

314 3185 370 3240 Ὀ
397 3187 552 3242 δεῖνα
582 3188 648 3243 ἂν
675 3190 943 3259 ἀπώλετο,
970 3196 1018 3248 εἰ
1051 3194 1126 3266 μὴ
1156 3197 1293 3266 μετὰ
1320 3197 1419 3268 τὴν
1447 3198 1610 3270 χάριν
1633 3198 1728 3253 τοῦ
1752 3198 1890 3254 Θεοῦ

361 3322 390 3398 ξ
425 3321 579 3398 Βθβη
601 3323 863 3398 γινόμενον,
899 3327 1022 3398 ἀλλά
1043 3329 1126 3377 καὶ
1156 3329 1232 3377 ἐπὶ
1263 3332 1360 3378 τῶν
1391 3333 1588 3394 τεχνῶν.
1618 3333 1712 3382 Καὶ
1735 3333 1826 3398 γὰρ
1863 3337 1890 3384 ὁ
1962 3371 1966 3373 ›

303 3384 607 3446 Ζαλιοτῦπος
627 3385 668 3434 εἶ
690 3384 961 3450 βουληθείη.

2010 603 2167 660 νόσον
2195 607 2410 674 ἔλυσας,
2447 609 2636 682 ἕτερον
2664 613 3034 682 συκοφαντίας
3064 603 3404 686 ἀπήλλαξας,
3441 603 3601 672 ἄλλον

2013 688 2163 774 ξένον
2179 691 2311 748 ὄντα
2334 695 2661 766 συνήγαγες,
2687 695 2847 750 ἄλλον
2868 698 3076 769 γυμνὸν
3096 699 3227 754 ὄντα
3252 701 3595 774 περιέθαλες.

2010 772 2224 846 Μυρίου
2279 775 2515 832 πλούτου
2566 779 2662 833 καὶ
2716 779 2929 834 πολλῶν
2967 781 3262 854 θησαυρῶν
3311 772 3504 855 βελτίω
3528 785 3600 840 τὰ

2013 859 2236 931 ῥήματα
2256 861 2428 916 ταῦτα
2450 863 2478 904 b
2499 863 2821 935 ἐπιστρέφει
2852 866 3063 931 πάντας
3093 867 3296 939 μᾶλλον
3326 869 3435 922 τῶν
3468 871 3589 941 ίμα-

2008 943 2140 998 τίων
2163 943 2271 999 τῶν
2303 945 2522 1018 χρυσῶν
2556 948 2649 1002 καὶ
2680 949 2790 1003 τῶν
2847 949 3032 1004 ἵππων
3074 952 3167 1006 καὶ
3196 951 3304 1006 τῶν
3329 953 3601 1025 ἀνδραπό-

2008 1024 2132 1080 δων.
2179 1028 2397 1084 Ἐκεῖνα
2451 1030 2551 1101 μὲν
2600 1031 2710 1104 γὰρ
2749 1033 2844 1087 καὶ
2881 1033 3116 1106 φορτικὰ
3173 1046 3196 1073 ο
3232 1037 3379 1088 ποιεί
3414 1024 3600 1105 φαίνε-

2011 1109 2157 1175 σθαι,
2186 1111 2282 1165 καὶ
2314 1112 2392 1177 ὡς
2418 1114 2596 1170 κοινὸν
2627 1115 2821 1188 ἐχθρὸν
2854 1119 3135 1188 μισεῖσθαι
3155 1136 3169 1150 ·
3225 1118 3401 1174 ταῦτα
3432 1120 3487 1174 δὲ
3522 1121 3599 1182 ὡς

2007 1194 2224 1266 πατέρα
2268 1197 2449 1252 κοινὸν
2479 1199 2574 1253 καὶ
2608 1200 2909 1273 εὐεργέτην
2960 1202 3366 1275 ἀνακηρύττει·
3425 1204 3520 1257 καί⁸
3569 1203 3599 1256 ὃ

2007 1278 2228 1335 πάντων
2286 1281 2545 1352 μέγιστόν
2576 1285 2748 1348 ἐστιν,
2804 1288 2837 1356 ἡ
2896 1286 3050 1358 παρὰ
3101 1287 3195 1341 τοῦ
3238 1285 3375 1341 Θεοῦ
3416 1287 3600 1341 εύνοια

2008 1365 2324 1438 ἁπανταχοῦ
2357 1386 2439 1422 σοι
2470 1369 2580 1424 τῶν
2619 1370 2876 1442 πράξεων
2905 1372 3124 1430 ἕπεται.
3162 1373 3386 1442 Λεγέτω
3417 1374 3598 1426 τοίνυν

2005 1451 2035 1504 ὁ
2066 1450 2237 1516 δεῖνα,
2266 1453 2350 1505 ὅτι
2392 1452 2559 1524 Ἐμοῦ
2592 1453 2692 1526 τὴν
2730 1454 3010 1528 θυγατέρα
3046 1457 3444 1524 συνεξέδωκενο
3480 1456 3598 1510 ἓτε-

2007 1552 2120 1607 ρος,
2165 1535 2322 1607 Ἐμοὶ
2367 1535 2425 1590 δὲ
2473 1537 2566 1591 τὸν
2610 1537 2726 1592 υἱὸν
2765 1541 2844 1602 εἰς
2873 1539 3075 1611 ἄνδρας
3105 1541 3415 1612 ἐμφανῆναι
3449 1556 3594 1611 παρ-

2006 1619 2304 1674 εσκεύασε·
2344 1620 2438 1674 καὶ
2475 1620 2658 1686 ἄλλος,
2691 1623 2774 1676 ὅτι
2815 1622 2927 1693 Τὴν
2959 1623 3250 1695 συμφορὰν
3277 1623 3433 1677 ἔλυσε
3455 1641 3468 1654 ·
3505 1618 3598 1678 καί

2004 1702 2215 1775 ἐτερος,
2250 1704 2333 1758 ὅτι
2373 1703 2495 1758 Τῶν
2547 1705 2813 1759 κινδύνων
2840 1705 3146 1779 ἀπήλλαξε.
3178 1705 3364 1762 Ταῦτα
3397 1709 3598 1777 πεφάο

2006 1806 2113 1842 νων
2144 1788 2362 1860 χρυσῶν
2404 1789 2599 1860 βελτίω
2628 1789 2697 1844 τὰ
2728 1791 2972 1862 ῥήματα,
3003 1792 3234 1864 μυρίους
3260 1793 3511 1864 κήρυκας
3537 1792 3596 1846 ἐν

2005 1877 2073 1946 τῇ
2117 1873 2268 1926 πόλει
2298 1873 2399 1944 τῆς
2436 1874 2644 1938 οἰκείας
2675 1874 3092 1947 φιλανθρωπίας
3130 1876 3309 1947 ἔχειν’
3342 1868 3505 1930 αὗται
3538 1876 3596 1930 αἰ

2005 1956 2183 2026 φωναὶ
2220 1957 2320 2027 τῆς
2347 1957 2534 2028 φωνῆς
2561 1957 2672 2012 τῶν
2705 1958 2967 2029 κηρύκων
2990 1959 3098 2013 τῶν
3124 1961 3232 2030 πρὸ
3257 1959 3367 2014 τῶν
3397 1959 3598 2031 ἀρχόν-

2004 2059 2112 2097 των
2141 2042 2466 2113 βαδιζόντων
2514 2041 2702 2114 ἡδίους
2762 2042 2945 2115 πολλῷ
2983 2045 3078 2098 καὶ
3112 2044 3470 2115 γλυκύτεραι,
3505 2045 3597 2096 τὸν

2007 2129 2251 2200 σωτῆρα,
2305 2127 2398 2180 τὸν
2449 2126 2772 2199 εὐεργέτην,
2833 2127 2926 2181 τὸν
2985 2129 3320 2201 προστάτην,
3375 2129 3444 2182 τὰ
3501 2127 3596 2181 τοῦ

2003 2210 2140 2265 Θεοῦ
2197 2210 2484 2266 καλεῖσθαι
2526 2210 2790 2280 ὀνόματα,
2835 2211 2972 2265 ἀλλά
3016 2211 3092 2284 μὴ
3143 2213 3474 2282 πλεονέκτην
3501 2214 3599 2267 καὶ

2003 2295 2243 2360 ἀλαζόνα
2272 2294 2369 2349 καὶ
2402 2293 2702 2364 ἀκόρεστον
2732 2294 2826 2348 καὶ
2863 2296 3250 2367 σμικρολόγον.
3276 2296 3390 2368 Μὴ,
3422 2313 3597 2368 παρα·
3691 2373 3698 2376 _

2003 2379 2174 2443 καλῶ,
2205 2377 2437 2450 μηδενὸς
2461 2376 2669 2432 τούτων
2694 2379 3129 2451 ἐπιθυμήσωμεν
3161 2379 3270 2434 τῶν
3305 2380 3590 2452 ῥημάτων,

2002 2462 2141 2517 ἀλλά
2164 2460 2272 2515 τῶν
2302 2461 2586 2516 ἐναντίων.
2626 2463 2688 2517 Εἰ
2715 2463 2825 2534 γὰρ
2853 2463 2950 2518 ἐπὶ
2981 2463 3082 2534 γῆς
3105 2463 3284 2516 ταῦτα
3318 2463 3590 2534 λεγόμενα

2001 2543 2255 2617 λαμπρὸν
2283 2543 2428 2598 οὕτω
2461 2548 2608 2600 ποιεῖ
2651 2546 2747 2599 καί⁵
2788 2546 3088 2618 περιφανῆ,
3122 2547 3250 2600 ὅταν
3281 2549 3338 2599 ἐν
3372 2545 3589 2617 οὐρανῷ

2001 2629 2176 2685 ταῦτα
2203 2627 2508 2699 γράφηται,
2535 2629 2625 2682 καὶ
2653 2629 2684 2681 ό
2714 2628 2849 2691 Θεὸς
2872 2627 3047 2683 ταῦτα
3073 2631 3217 2683 κατὰ
3241 2631 3340 2700 τὴν
3371 2629 3591 2700 ἡμέραν

2000 2711 2360 2784 ἀνακηρύττῃ
2389 2710 2486 2781 τήν
2517 2711 2842 2782 μέλλουσαν,
2867 2713 3121 2783 ἐννόησον
3144 2713 3277 2784 ὅσης
3304 2711 3591 2784 ἀπολαύσῃ

1999 2798 2100 2869 τῆς
2129 2795 2513 2867 περιφανείας,
2544 2795 2678 2867 ὅσης
2703 2795 2805 2865 τῆς
2835 2795 3223 2867 λαμπρότητος
3243 2812 3258 2828 '
3293 2792 3362 2868 ἦς
3385 2796 3596 2864 γένοιτο

1999 2882 2213 2944 πάντας
2239 2879 2389 2951 ἡμᾶς
2415 2879 2719 2950 ἐπιτυχεῖν,
2753 2879 2938 2951 χάριτι
2966 2880 3059 2933 καὶ
3088 2878 3472 2952 φιλανθρωπίᾳ
3495 2877 3593 2933 τοῦ

1999 2965 2208 3036 Κυρίου
2252 2962 2414 3034 ἡμῶν
2472 2960 2651 3034 Ἰησοῦ
2702 2961 2966 3034 Χριστοῦ,
3024 2964 3144 3035 μεθ’
3173 2958 3233 3019 οὗ
3266 2962 3345 3035 τῷ
3392 2962 3592 3035 Πατρί,

2002 3050 2122 3121 ἅμα
2179 3047 2257 3118 τῷ
2304 3046 2447 3117 ἁγίῳ
2496 3045 2802 3118 Πνεύματι,
2852 3046 3001 3114 δόξα,
3055 3048 3278 3121 κράτος,
3311 3047 3467 3118 τιμὴ,
3498 3045 3592 3100 νῦν

1991 3137 2086 3190 καὶ
2119 3135 2230 3202 ἀεὶ,
2265 3134 2360 3187 καὶ
2390 3135 2471 3196 εἰς
2505 3132 2632 3196 τοὺς
2667 3133 2872 3198 αἰῶνας
2902 3133 3013 3187 τῶν
3042 3133 3279 3188 αἰώνων.
3315 3133 3518 3204 Ἀμήν.

2050 3336 2080 3376 b
2107 3335 2280 3386 Aberat
2300 3333 2468 3384 ταῦτα.
2537 3335 2560 3363 ο
2585 3334 2798 3398 Savilius
2819 3335 3088 3398 1_egendum
3114 3341 3253 3398 putat
3273 3333 3513 3398 φορτικόν,
3537 3337 3594 3384 οι

1991 3404 2134 3448 certe
2157 3399 2338 3447 melius
2362 3398 2631 3460 quadraret
2655 3397 2714 3446 ad
2738 3395 2941 3447 εει-ἰείη.

1684 3688 1802 3762 [87]
1842 3691 2083 3744 ΟΜΙΛΙΑ
2131 3692 2235 3746 IA'.

315 3814 580 3894 Ἐμοὶ-δὲ
607 3816 694 3894 εἰς
714 3815 1052 3894 ,ἐλάχιστόν
1078 3821 1270 3894 ἐστιν,
1303 3824 1404 3877 ἵνα
1432 3823 1534 3893 ὑφ’
1563 3825 1731 3894 ὑμῶν
1760 3826 1897 3880 ἀνα-

369 3885 590 3964 ξιριθῶ,
620 3886 658 3954 ἢ
682 3889 816 3964 -ὐπὸ
837 3885 1235 3964 ’ἀνθρωπίνης
1257 3885 1535 3964 ’τὶμέραξιο
1570 3885 1709 3950 ἀλλ’
1749 3895 1894 3950 οὐδὲ

367 3956 637 4033 ἐμαυτὸν
663 3956 1332 4033 ἀγακρίγώφὺδὲν
1349 3956 1586 4033 ἐᾲαύτῷ
1615 3966 1893 4020 σύνοιδα*

368 3983 555 4024 εμιιυι
566 3983 637 4010 ω-
663 3983 962 4026 ανακρινω
989 3983 1195 4030 κουσεν
1255 3983 1329 4032 ap
1349 3983 1586 4033 εμαυτῳ
1615 3983 1893 4020 συνοισα·

368 4027 516 4082 ἀλλ’
547 4027 763 4106 οὐκ-*έν
787 4031 976 4106 τούτῳ
1007 3983 1431 4104 δεδικαῖωμαιγ
1467 4036 1501 4089 ὁ
1531 4035 1599 4090 δὲ
1647 4036 1896 4106 ἀνακρί-

367 4115 494 4152 νων
518 4114 614 4167 με,
643 4099 856 4167 Κύριός
886 4101 1042 4158 ἐστι.

367 4232 439 4280 α’.
458 4225 626 4308 Μετὰ
643 4225 750 4279 τῶν
773 4227 944 4282 ἄλλων
965 4230 1150 4285 κακῶν
1180 4231 1282 4286 ούκ
1299 4228 1416 4289 οἴδα
1446 4233 1564 4298 πῶς
1595 4235 1884 4308 ἐπεισῆλθε

299 4311 363 4380 τῇ
397 4307 511 4361 τῶν
539 4308 844 4380 ἀνθρώπων
873 4312 1032 4381 φύσει
1075 4315 1136 4369 τὸ
1179 4318 1280 4390 τῆς
1327 4319 1648 4390 περιεργίας
1683 4307 1784 4374 καί
1824 4321 1884 4374 τὸ

299 4393 398 4463 τῆς
428 4393 968 4467 πολυπραγμοσύνης
996 4399 1094 4470 τῆς
1135 4400 1367 4472 ἀκαίρου
1395 4403 1611 4475 νόσημα
1631 4422 1645 4436 ο
1682 4405 1710 4458 ὃ
1741 4406 1835 4459 καὶ
1861 4409 1891 4460 ό

299 4475 540 4560 Χριστὸς
571 4477 826 4531 ἐκόλασεν
858 4481 1049 4535 εἰπών·
1081 4484 1180 4552 Μὴ
1227 4487 1484 4560 κρίνετε,
1522 4488 1621 4540 ἵνα
1649 4488 1736 4558 μὴ
1767 4506 1893 4557 κρι-

300 4558 445 4626 θῆτε
465 4575 480 4586 ’
509 4560 646 4643 ὅπερ
692 4561 888 4634 ἡδονὴν
918 4563 1017 4634 μὲν
1047 4566 1307 4639 οὐδεμίαν
1333 4558 1469 4640 ἔχει,
1517 4571 1768 4643 καθάπερ
1799 4572 1893 4626 καὶ

297 4643 364 4695 τὰ
409 4641 580 4696 λοιπά
627 4643 735 4698 τῶν
767 4647 1206 4720 ἁμαρτημάτων,
1251 4653 1478 4708 κόλασιν
1510 4655 1568 4709 δέ
1605 4641 1766 4726 μόνον
1800 4656 1894 4710 καὶ

297 4727 602 4797 τιμωρίαν.
651 4728 762 4782 Καὶ
791 4731 900 4801 γὰρ
951 4734 1163 4805 μυρίων
1199 4737 1355 4790 αὐτοὶ
1381 4738 1646 4809 γέμοντες
1680 4739 1890 4806 κακῶν,

299 4811 394 4863 καὶ
445 4811 548 4873 τὰς
606 4810 796 4876 δοκοὺς
838 4814 934 4867 ἐπὶ
983 4815 1092 4871 τῶν
1144 4817 1415 4890 ὀμμάτων
1472 4822 1751 4892 φέροντες,
1782 4823 1892 4876 τῶν

298 4893 723 4977 ἁμαρτημάτων
757 4896 852 4950 τοῦ
879 4897 1131 4968 πλησίον,
1153 4903 1398 4973 κάρφους
1427 4904 1580 4957 οὐδὲν
1604 4905 1891 4977 διαφερόνο

298 4992 437 5061 των,
470 4976 721 5061 ἀκριϐεῖς
758 4979 1021 5051 γινόμεθα
1053 4983 1361 5048 ἐξετασταί·
1395 4986 1586 5060 ὥσπερ
1611 4989 1704 5041 καί
1736 4976 1795 5042 ἐν
1823 4993 1890 5061 τῇ

299 5058 554 5130 Κορίνθῳ
574 5060 729 5114 τοῦτο
756 5063 1089 5120 συνέϐαινεν.
1118 5068 1350 5139 Ἀνδρας
1375 5071 1486 5142 γὰρ
1513 5058 1762 5134 εύλαϐεῖς
1795 5058 1891 5126 καῖ

297 5142 418 5214 Θεῷ
438 5143 629 5212 φίλους
650 5145 735 5199 διὰ
757 5147 855 5216 τὴν
876 5148 1112 5220 ἀμαθίαν
1141 5153 1467 5224 ἐκωμῴδουν
1496 5155 1590 5208 καὶ
1621 5155 1891 5229 ἐξέδα[λ]-

294 5225 413 5290 λον,
445 5228 576 5290 τοὺς
620 5227 677 5281 δὲ
723 5230 934 5301 μυρίων
971 5231 1241 5303 γέμοντας
1267 5238 1454 5291 κακῶν
1489 5237 1766 5310 ἐνέκρινον
1788 5225 1890 5294 -διά

295 5311 395 5383 τὴν
419 5311 775 5380 εύγλωττίαν.
809 5310 966 5382 Εἶτα,
1004 5319 1258 5390 καθάπερ
1299 5321 1554 5376 δικασταὶ
1595 5324 1885 5396 προκαθή-

297 5412 478 5464 μενοι,
533 5395 758 5450 τοιαῦτα
810 5398 949 5469 μετὰ
1017 5404 1356 5472 προπετείας
1414 5405 1783 5477 ἐψηφίζοντοο
1828 5395 1888 5461 Ὀ

291 5477 446 5531 δεῖνα
477 5478 644 5545 ἄξω,
670 5480 699 5532 ὁ
737 5481 884 5534 δεῖνα
916 5481 1010 5536 τοῦ
1057 5484 1229 5550 δεῖνος
1261 5488 1501 5557 ἀμείνων
1523 5506 1537 5521 ·
1587 5492 1681 5544 καὶ
1733 5485 1891 5556 οὗτος

294 5564 513 5617 ἐκείνου
564 5565 1008 5638 καταδεέστερος,
1079 5571 1331 5636 κάκεῖνος
1385 5573 1576 5628 τούτου
1628 5575 1886 5644 βελτίωνο

294 5649 387 5702 καὶ
405 5649 638 5718 ἀφέντες
661 5650 730 5704 τά
752 5652 965 5705 ἑαυτῶν
982 5653 1201 5709 πενθεῖν
1223 5656 1390 5722 κακά,
1415 5659 1626 5730 ἑτέροις
1647 5661 1890 5729 ἐγίνοντο

296 5733 572 5799 δικασταὶ,
604 5736 701 5790 καὶ
732 5735 911 5816 ταύτῃ
965 5737 1239 5808 πολέμους
1262 5741 1504 5812 ἀνῆπτον
1538 5743 1703 5798 πάλιν
1729 5745 1889 5816 χαλε-

298 5818 456 5882 πούς.
490 5819 547 5874 ’0
576 5819 792 5884 Παῦλος
821 5815 915 5873 οῦν
955 5821 1198 5894 ἀναιρῶν
1229 5825 1390 5880 τοῦτο
1434 5828 1497 5881 τὸ
1520 5828 1756 5900 νόσημα,
1785 5829 1888 5900 ὅρα

298 5902 414 5966 πῶς
439 5903 637 5969 αὐτοὺς
681 5901 995 5976 διορθοῦται
1037 5908 1298 5973 συνετῶς.
1327 5910 1546 5983 Ἐπειδὴ
1580 5911 1689 5984 γάρ
1711 5909 1888 5979 εἶπεν,

304 5987 365 6042 '0
401 5985 470 6043 δὲ
498 5988 738 6059 λοιπὸν,
795 5986 1049 6059 ζητεῖται
1087 5991 1158 6050 ἐν
1210 5992 1334 6062 τοῖς
1387 5997 1742 6067 οἰκονόμοις,
1787 5997 1888 6054 ἵνα

1997 3831 2218 3895 πιστός
2248 3846 2340 3896 τις
2371 3829 2608 3900 εὑρεθῇ,
2647 3829 2741 3884 καί
2771 3829 2950 3883 ἐδόκει
2979 3827 3216 3899 πάροδον
3243 3826 3429 3891 αὐτοῖς
3455 3825 3592 3880 διδό-

1995 3929 2085 3966 ναι
2107 3911 2200 3965 τοῦ
2229 3911 2438 3983 κρίνειν
2465 3915 2561 3967 καί
2585 3912 2861 3980 ἐξετάζειν
2879 3912 2971 3964 τὸν
2995 3911 3228 3964 ἑκάστου
3265 3909 3402 3980 βίον·
3435 3909 3594 3963 τοῦτο

1995 3996 2051 4050 δὲ
2109 3996 2210 4066 τήν
2263 3996 2452 4050 στάσιν
2505 3995 2817 4068 ἐπέτριϐεν·
2861 3995 2948 4048 ἵνα
2986 3993 3061 4064 μὴ
3109 3993 3269 4046 τοῦτο
3321 3993 3590 4057 πάθωσιν,

1996 4080 2290 4152 ἀπήγαγεν
2333 4081 2532 4143 αὐτοὺς
2562 4080 2663 4149 τῆς
2706 4079 2969 4150 τοιαύτης
3001 4076 3344 4149 ἐρεσχελίας,
3378 4077 3554 4146 λέγων
3575 4095 3589 4108 ⁸

2009 4163 2170 4234 Ἐμοὶ
2199 4163 2267 4218 δὲ
2292 4166 2380 4229 εἰς
2406 4162 2737 4233 ἐλάχιστόν
2767 4164 2962 4229 ἐστιν,
2992 4163 3097 4216 ἵνα
3122 4162 3226 4231 ὑφ’
3260 4160 3429 4231 ὑμῶν
3455 4161 3596 4215 ἁνα-

1995 4245 2193 4315 κριθῶ·
2234 4248 2398 4302 πάλιν
2449 4247 2544 4300 ἐπὶ
2568 4245 2664 4300 τοῦ
2695 4247 2900 4300 οἰκείου
2954 4245 3252 4318 προσώπου
3296 4245 3387 4298 τὸν
3432 4243 3593 4312 λόγον

1996 4333 2277 4404 προάγων.
2332 4332 2398 4384 Τί
2457 4332 2516 4386 δέ
2573 4334 2744 4396 ἐστιν,
2791 4331 2950 4400 Ἐμοί
3003 4329 3072 4383 δὲ
3120 4331 3209 4394 εἰς
3255 4328 3592 4396 ἐλάχιστόν

1994 4415 2186 4479 ἐστιν,
2224 4417 2326 4470 ἵνα
2361 4415 2464 4485 ὑφ’
2492 4412 2661 4484 ὑμῶν
2690 4413 3011 4484 ἀνακριθῶ,
3050 4413 3089 4480 ἢ
3130 4411 3249 4467 ὑπὸ
3290 4411 3590 4478 ἀνθρωπί-

1995 4519 2107 4570 νης
2151 4501 2409 4570 ἡμέραςῖ
2452 4500 2698 4565 Ἀνάξιον
2753 4498 2995 4570 ἐμαυτὸν
3051 4496 3245 4569 κρίνω,
3301 4495 3458 4566 φησί,
3495 4495 3590 4547 τοῦ

1995 4585 2128 4654 παρ’
2161 4585 2316 4656 ὑμῶν
2341 4583 2655 4656 κρίνεσθαι·
2709 4583 2804 4637 καὶ
2836 4581 2889 4635 τί
2916 4582 3062 4649 λέγω
3096 4581 3226 4652 παρ’
3265 4579 3448 4652 ὑμῶν;
3495 4579 3592 4631 καὶ

1994 4668 2055 4721 τὸ
2091 4669 2222 4739 παρ’
2267 4666 2578 4723 οὑτινοσοῦν
2639 4665 2854 4737 ἐτέρου.
2895 4664 3060 4719 Ἀλλά
3107 4663 3298 4734 μηδεὶς
3330 4663 3592 4716 ἀπόνοιαν

1996 4751 2458 4820 καταγινωσκέτω
2492 4750 2586 4804 τοῦ
2613 4750 2855 4814 Παύλου,
2891 4750 2940 4802 εἰ
2993 4748 3198 4820 μηδένα
3226 4745 3336 4800 τῶν
3382 4743 3593 4816 ἀνθρώο

1995 4851 2114 4888 πων
2145 4834 2294 4899 ἄξιον
2323 4830 2464 4890 εἶναι
2519 4835 2671 4903 λέγει
2727 4833 2824 4888 τοῦ
2876 4832 3068 4904 φέρειν
3099 4832 3198 4902 τὴν
3235 4829 3367 4902 περὶ
3419 4827 3588 4882 αὑτοῦ

1995 4918 2196 4987 ψῆφον.
2231 4918 2459 4990 Πρῶτον
2491 4919 2592 4990 μὲν
2622 4918 2730 4988 γὰρ
2771 4919 2835 4971 ού
2879 4917 2947 4969 δι’
2977 4915 3172 4970 ἑαυτὸν
3203 4912 3377 4967 ταῦτά
3402 4928 3589 4984 φησιν,

1996 5001 2113 5054 ἀλλ’
2152 5002 2375 5073 ἐτέρους
2430 5001 2742 5073 ἐξαρπάσαι
2788 5000 3116 5070 βουλόμενος
3147 4996 3246 5068 τῆς
3277 4997 3409 5065 παρ’
3443 4993 3590 5047 ἐκεί-

1997 5104 2104 5140 νων
2131 5085 2428 5156 ἐπαχθείας
2447 5099 2472 5127 ει
2495 5103 2508 5117 ο
2538 5086 2731 5139 ἔπειτα
2759 5085 2818 5139 δέ
2846 5083 2971 5138 οὐδέ
3001 5081 3165 5154 μέχρι
3193 5079 3498 5152 Κορινθίων
3528 5077 3590 5130 τὸ

1991 5173 2225 5244 πρᾶγμα
2251 5172 2500 5243 ἔστησεν,
2533 5171 2674 5226 άλλά
2703 5171 2801 5226 καὶ
2836 5168 3032 5224 ἐαυτὸν
3061 5169 3158 5238 τῆς
3184 5167 3423 5236 κρίσεως
3453 5164 3591 5219 ταύ-

1988 5274 2087 5326 της
2117 5255 2362 5322 ἐξέϐαλε,
2395 5257 2582 5327 μεῖζον
2617 5253 2760 5309 εἶναι
2807 5254 2909 5324 τῆς
2957 5251 3125 5308 αὑτοῦ
3158 5249 3388 5322 γνώμης
3415 5248 3591 5318 λέγων

1988 5338 2058 5392 τὰ
2084 5338 2310 5392 τοιαῦτα
2342 5339 2681 5410 ψηφίζεσθαι
2701 5356 2715 5370 ο
2754 5339 3008 5409 ἐπήγαγε
3040 5333 3193 5404 γοῦν·
3229 5332 3384 5387 Οὐδὲ
3414 5332 3593 5402 ἐμαυ-

1989 5424 2098 5476 τὸν
2123 5423 2447 5492 ἀνακρίνω.
2466 5424 2611 5495 Πρδς
2634 5424 2692 5478 δέ
2717 5425 2828 5486 τοῖς
2859 5421 3178 5492 εἰρημένοις
3207 5418 3303 5471 καὶ
3329 5415 3429 5488 τὴν
3456 5413 3590 5468 ύπό-

1999 5507 2146 5560 θεσιν
2185 5506 2438 5574 ἐξετάσαι
2484 5507 2613 5578 χρὴ,
2647 5507 2714 5559 δι’
2745 5507 2811 5578 ἢν
2837 5503 3010 5560 ταῦτα
3039 5503 3258 5573 ἐλέγετο
3283 5518 3297 5532 ο
3334 5497 3442 5554 οἶδε
3478 5498 3589 5568 γὰρ

1997 5590 2268 5662 πολλαχοῦ
2317 5591 2412 5645 καὶ
2467 5589 2894 5662 μεγαλοφρόνως
2945 5587 3302 5659 φθέγγεσθαι.
3337 5583 3510 5638 Τοῦτο
3530 5583 3590 5637 δὲ

1991 5675 2093 5728 οὐκ
2125 5675 2238 5728 ἔστι
2266 5674 2435 5746 τύφου
2483 5675 2603 5728 οὐδὲ
2651 5673 2933 5738 ἀπονοίας,
2965 5672 3082 5727 ἀλλ’
3111 5669 3425 5740 οἰκονομίας
3458 5666 3584 5738 ἀρί-

1995 5773 2155 5827 στης’
2195 5758 2318 5811 ἐπεὶ
2366 5759 2462 5812 καὶ
2511 5757 2605 5811 νῦν
2660 5758 2762 5811 οὐκ
2818 5757 2982 5820 αὐτὸς
3036 5754 3416 5824 ἐπαιρόμενος,
3467 5748 3586 5803 ἀλλ’

1993 5842 2216 5913 ἐτέρους
2274 5842 2680 5910 καταστέλλων,
2736 5841 2914 5898 ταῦτα
2968 5840 3146 5909 ἔλεγε,
3203 5836 3299 5892 καὶ
3361 5834 3586 5908 ἀξίωμα

2057 6008 2081 6038 ⁸
2109 6005 2374 6068 Legebalur
2399 6007 2672 6072 ἀπεχθείας.
