4086 6416
300 386 367 443 89
1418 379 1484 436 ιη
1523 377 1740 435 EPIST.
1779 377 1796 431 l
1860 378 1903 433 A

2008 377 2150 435 ΞΟΠ.
2191 377 2426 435 llOMlL.
2469 378 2561 436 XI.
3535 383 3607 440 90

305 523 361 563 re
381 513 630 572 vocante,
659 505 790 560 vide
817 520 929 577 quo
965 501 1350 574 discipulorum
1395 497 1718 555 sententiam
1745 504 1899 550 extu-

309 602 444 664 lerit,
473 615 582 654 non
613 597 816 652 fastum
858 598 1086 663 docens,
1127 595 1221 650 sed
1249 607 1412 648 sanos
1440 591 1630 646 iudens
1656 587 1902 658 spiritus.

314 693 452 762 Ipsos
475 690 623 746 enim
651 689 938 760 alloquens
963 686 1202 742 dicebat:
1237 684 1301 738 Et
1325 689 1371 739 si
1395 683 1448 736 in
1475 681 1613 737 vobis
1634 680 1904 751 judicatur

314 783 550 848 mundus,
596 781 801 853 indigni
845 782 965 836 estis
993 779 1214 834 minimis
1241 777 1447 845 iudiciis
1480 776 1558 844 (i.
1590 774 1710 828 Cor.
1738 773 1791 828 6.
1819 771 1899 841 2).

313 878 380 936 Ut
416 877 562 933 enim
609 875 976 931 Christianum
1024 881 1238 942 Oportet
1283 872 1442 940 longe
1492 869 1560 922 ab
1597 867 1901 937 arrogantia

313 984 446 1032 esse,
479 969 552 1022 ita
578 976 634 1022 et
655 967 725 1023 ab
751 966 1056 1021 adulatione
1082 973 1138 1020 ct
1180 963 1248 1018 ab
1277 959 1528 1018 illiberali
1559 974 1741 1014 sensu.
1792 957 1900 1012 Ne-

311 1077 414 1127 que
457 1060 603 1116 enim
650 1061 694 1113 si
746 1058 1008 1128 quispiam
1053 1055 1268 1119 dixerit,
1323 1053 1584 1109 Pecunias
1627 1051 1756 1105 nihil
1783 1064 1906 1106 esse

309 1163 460 1224 puto,
488 1151 586 1206 sed
611 1149 896 1220 praesentia
925 1148 1102 1202 omnia
1147 1146 1276 1202 mihi
1308 1144 1496 1200 umbra
1527 1153 1582 1199 et
1628 1143 1912 1199 somnium

309 1254 438 1300 sunt
461 1260 529 1300 ac
570 1258 857 1316 puerorum
885 1241 1151 1306 ludibriac,
1193 1239 1514 1310 arrogantiae
1541 1237 1714 1307 ipsum
1743 1251 1901 1290 accu-

311 1341 553 1396 sabimus
585 1338 751 1392 :Nam
779 1337 858 1391 sie
896 1336 1240 1392 Salomoncm
1267 1334 1430 1388 etiam
1458 1331 1781 1401 arrogantia:
1807 1344 1907 1384 ac-

309 1432 624 1488 cusabimus
663 1444 784 1484 cum
813 1429 882 1484 de
905 1428 986 1482 his
1014 1426 1175 1482 rebus
1207 1424 1616 1495 philosophatur
1639 1431 1694 1477 et
1735 1421 1904 1477 dicit:

323 1526 538 1579 l’anitas
582 1523 883 1588 vanitatum,
929 1529 988 1575 et
1021 1520 1192 1575 omnia
1218 1519 1434 1573 variitas~
1463 1516 1688 1591 (Eccles.
1720 1516 1772 1570 Ι.
1809 1515 1893 1586 2).

308 1619 413 1676 Sed
442 1618 580 1673 absit
609 1625 669 1671 ut
693 1613 1008 1686 arrogantiae
1033 1608 1681 1680 nomine-philosOphiam
1713 1607 1902 1678 appel-

308 1711 508 1768 lemus.
560 1708 680 1764 Non
703 1717 785 1764 est
813 1717 943 1777 ergo
976 1704 1283 1776 arrogantia
1328 1702 1446 1758 lucc
1471 1701 1773 1772 deSpicere,
1805 1698 1902 1756 sed

308 1803 477 1859 animi
507 1798 840 1872 magnitude,
891 1798 1014 1855 licet
1045 1797 1323 1852 videamus
1352 1810 1507 1866 rcges
1537 1805 1592 1850 et
1633 1793 1904 1864 principes

309 1897 402 1952 illa
432 1891 1078 1952 sibi.vindieare..Verum
1103 1904 1305 1960 pauper
1341 1889 1432 1960 qui
1472 1887 1899 1960 phil050pbatur,

310 1990 401 2045 ille
428 2003 579 2058 sepe
615 1985 876 2056 despicit:
934 1999 1110 2055 neque
1157 1975 1281 2038 idéo
1334 1981 1485 2037 illum
1537 1993 1899 2052 arrogantem,

307 2083 402 2140 sed
433 2081 829 2153 magnanimum
859 2079 1099 2134 dicemus
1142 2093 1158 2134 :
1207 2076 1346 2132 sicut
1377 2091 1476 2132 nec
1497 2091 1645 2141 eum,
1666 2076 1757 2147 qui
1788 2075 1907 2132 haec

307 2188 640 2244 magnopere
675 2171 776 2226 sibi
802 2170 1051 2235 vindicat,
1089 2168 1342 2224 humilem
1371 2178 1426 2222 et
1453 2168 1776 2235 modestum,
1806 2168 1900 2223 sed

306 2262 812 2335 inﬂrmum,pusilli
842 2262 1006 2318 animi
1057 2271 1110 2317 ct
1153 2259 1472 2317 illiberalem
1509 2261 1774 2316 dicemus.
1809 2260 1904 2315 Et-

305 2358 455 2414 enim
484 2357 532 2410 si
565 2358 684 2427 quis
714 2355 854 2410 filius
896 2370 960 2412 ea
985 2370 1104 2426 qua:
1151 2353 1218 2408 ad
1249 2363 1458 2424 patrem
1504 2353 1772 2421 pertinent
1809 2353 1902 2408 de-

302 2452 562 2522 spiceret,
580 2449 790 2505 servilia
823 2459 1001 2504 autem
1049 2447 1422 2512 admiraretur,
1475 2460 1580 2500 non
1610 2445 1760 2516 quasi
1799 2445 1898 2501 bu-

302 2544 506 2599 milem-
561 2543 710 2597 illum
773 2541 1135 2607 laudaremus,
1198 2539 1293 2594 sed
1347 2549 1406 2593 ut
1473 2538 1786 2594 illiberalem
1845 2547 1902 2594 et

299 2639 568 2696 servilem
611 2639 1071 2708 vituperaremus;
1114 2635 1393 2705 ipsumque
1419 2648 1546 2689 vero
1585 2633 1901 2688 miraremur

300 2733 342 2786 si
392 2731 498 2785 illa.
527 2729 852 2800 despiceret,
892 2737 947 2784 et
987 2735 1213 2798 paterna
1238 2727 1426 2798 magni
1473 2727 1695 2782 faceret.
1735 2726 1900 2781 Arro-

298 2825 500 2894 gantiae
528 2824 685 2878 enim
705 2831 807 2886 est,
840 2837 900 2877 se
927 2821 1208 2878 conservis
1252 2821 1532 2876 meliorem
1557 2833 1682 2874 esse
1710 2818 1898 2874 existi-

303 2932 490 2980 mare;
524 2914 763 2970 sedeam
795 2930 915 2985 quae
942 2928 1068 2969 vere
1097 2922 1179 2969 est
1218 2911 1288 2968 de
1317 2912 1478 2968 rebus
1508 2912 1650 2967 ferre
1677 2919 1897 2967 senten-

303 3013 455 3075 tiam,
493 3025 615 3064 non-
644 3008 964 3078 arrogantiae
1013 3017 1118 3074 est,
1150 3007 1244 3064 sed
1284 3007 1658 3078 pbiIOSOphize.

366 3104 426 3158 2.
464 3103 593 3158 ldeo
623 3102 822 3158 Paulus
867 3117 975 3157 non
1029 3116 1090 3157 se
1117 3101 1401 3166 extollens,
1420 3101 1516 3156 sed
1557 3100 1693 3156 alios
1723 3100 1901 3155 humi-

301 3195 460 3260 lians,
489 3202 548 3250 et
571 3208 693 3250 sese
719 3193 1006 3250 eﬂerentes
1044 3193 1354 3263 deprimens
1383 3201 1437 3249 et
1475 3192 1752 3248 modestos
1778 3205 1898 3247 esse

301 3285 559 3347 suadens,
591 3284 836 3340 diccbat:
889 3283 1022 3338 Mihi
1073 3294 1242 3338 autem
1294 3301 1387 3354 pro
1433 3283 1642 3337 minimo
1679 3295 1751 3337 est
1791 3293 1899 3338 uta

302 3377 687 3444 eobisjudicer,
733 3387 822 3431 aut
854 3376 916 3431 ab
955 3376 1184 3432 humano
1231 3377 1334 3431 die.
1393 3375 1582 3432 Vidcn‘
1628 3373 1900 3448 quomodo
1947 3397 1950 3402 -

303 3473 426 3527 illos
465 3471 781 3527 curaverit?
819 3471 950 3527 Nam
982 3473 1070 3543 qui
1106 3472 1335 3527 audierit
1361 3471 1520 3542 quod
1535 3487 1722 3527 omnes
1749 3470 1899 3528 sim'r

302 3564 426 3620 liter
455 3563 747 3632 despiciat,
777 3572 832 3620 et
857 3579 888 3619 a
919 3564 1068 3619 nullo
1089 3563 1318 3634 judicari
1345 3562 1615 3634 dignetur,
1656 3579 1762 3618 non
1789 3563 1894 3619 uti.

300 3672 405 3727 que
434 3657 641 3713 dolebit
669 3657 818 3728 quasi
849 3657 963 3728 ipse
984 3657 1132 3713 scius
1161 3657 1385 3728 ejectus.
1415 3655 1629 3711 Nam-si
1650 3656 1894 3723 dixisset,

302 3750 342 3803 Δ
361 3749 522 3804 vobis
539 3758 767 3812 tantum,
787 3759 842 3805 et
865 3749 1122 3814 siluisset,
1138 3748 1238 3804 hoc
1255 3748 1378 3804 illos
1393 3747 1645 3804 mordere
1667 3758 1896 3820 poterat,

302 3841 457 3910 quasi
485 3840 727 3912 despecti
759 3841 982 3898 fuissent
1007 3860 1026 3897 :
1051 3857 1194 3898 nunc
1217 3853 1395 3897 autem
1426 3857 1549 3896 cum
1576 3840 1756 3910 addit,
1789 3840 1900 3895 Nec

302 3935 362 3986 ab
393 3935 753 4002 humano-die,
803 3935 974 4005 plaga:
1000 3935 1450 3991 medicamentum
1493 3934 1754 4002 adhibuit,
1775 3947 1898 3990 cum

303 4026 436 4097 ipsis
468 4027 592 4081 talis
626 4035 968 4097 contemptus
1005 4028 1183 4083 socios
1215 4026 1531 4098 assignavit.
1562 4026 1669 4083 Sed
1697 4033 1765 4082 ett
1786 4026 1902 4096 ipse

303 4136 521 4192 quoque
547 4121 669 4175 huic
690 4120 768 4176 rci
787 4136 974 4176 rursus
998 4120 1264 4187 medetur,
1291 4121 1584 4192 adjiciens:
1610 4119 1716 4175 Sed
1743 4135 1903 4192 neque

304 4213 562 4282 meipsum
579 4213 780 4284 judico.
806 4211 941 4268 Vide
960 4212 1228 4284 quomodo
1249 4213 1448 4268 dictum
1473 4211 1600 4267 illud
1631 4226 1735 4266 non
1758 4227 1903 4267 arro-

304 4305 547 4376 gantiam
569 4305 771 4374 sapiat:
794 4319 970 4376 neque
986 4305 1127 4360 enim
1154 4320 1215 4360 se
1248 4305 1379 4361 satis
1395 4319 1515 4360 esse
1543 4304 1674 4359 dicit
1703 4304 1769 4359 ad
1799 4303 1904 4360 hoc

305 4409 564 4455 accurate
595 4399 980 4469 praestandum.
1011 4399 1216 4455 Deinde
1244 4400 1366 4471 quia
1413 4400 1533 4454 bee-
1553 4399 1754 4454 dictum
1783 4412 1905 4455 sese

306 4493 603 4549 admodum
614 4510 679 4548 ex
687 4493 924 4549 tollentis
937 4493 1217 4548 videbatur
1227 4508 1368 4558 esse,
1383 4491 1435 4548 id
1448 4493 1680 4548 correxit
1693 4491 1901 4546 dicens:

308 4587 418 4642 Sed
459 4603 565 4641 non
593 4587 650 4640 in
673 4588 768 4640 hoc
786 4587 1104 4656 justi/icatus
1149 4602 1281 4640 sum.
1313 4584 1452 4650 Quid
1494 4584 1695 4655 igitur?
1721 4598 1900 4638 annon

306 4685 591 4748 Oportetet
603 4692 662 4734 se
678 4687 730 4733 et
745 4686 959 4748 peccata
973 4677 1217 4746 judicare
1233 4676 1501 4732 ?'Maxime
1513 4676 1728 4748 quidem
1745 4691 1908 4746 opor-

311 4781 384 4826 tet
401 4772 505 4827 hoc
524 4771 697 4827 facere
716 4787 837 4827 cum
852 4785 1155 4842 peccamus;
1175 4769 1270 4826 sed
1283 4769 1479 4825 Paulus
1496 4769 1598 4825 hoc
1613 4785 1719 4824 non
1736 4769 1902 4826 dixit:

312 4863 464 4917 Nihil
481 4864 615 4918 enim
637 4865 759 4917 mihi
779 4865 1010 4919 conscius
1051 4879 1185 4928 sum,
1231 4863 1424 4934 inquit.
1454 4862 1734 4931 Quodnam
1774 4877 1908 4934 ergo

311 4967 592 5028 peceatum
625 4957 959 5026 judicaturus
986 4966 1122 5026 erat,
1154 4972 1274 5014 cum
1327 4957 1460 5012 nihil
1511 4958 1612 5012 sibi
1659 4957 1906 5014 conscius

310 5049 493 5106 esset?
516 5050 612 5104 Ille
631 5065 759 5105 vero
777 5065 884 5106 non
903 5049 1033 5106 dicit
1051 5065 1108 5106 se
1131 5063 1252 5106 esse
1265 5049 1636 5119 justificatum.
1655 5049 1755 5117 Qui
1777 5064 1906 5120 ergo

310 5141 698 5197 conscientiam
723 5140 986 5196 habemus
1009 5141 1155 5198 mille
1197 5141 1512 5196 vuineribus
1549 5141 1782 5195 sauciam
1804 5182 1820 5210 ,
1851 5149 1908 5196 et

311 5231 514 5286 nullius
531 5230 658 5285 boni
690 5231 844 5286 nobis
873 5232 1074 5288 conscii
1097 5247 1285 5288 sumus
1305 5273 1319 5299 ,
1353 5231 1446 5288 sed
1485 5241 1653 5287 totum
1685 5240 1904 5287 contra-

317 5325 458 5380 rium
485 5365 503 5391 ,
531 5323 658 5394 quid
684 5323 1014 5380 dixerimus?
1055 5333 1111 5380 et
1139 5323 1409 5396 quomodo
1453 5323 1544 5378 ille
1570 5324 1767 5379 nullius
1800 5323 1902 5380 sibi

308 5417 562 5472 conscius
588 5415 734 5482 mali,
759 5415 1204 5486 non‘justiﬁcatus
1229 5416 1378 5472 erat?
1403 5415 1536 5484 Quia
1562 5415 1906 5487 contingebat

310 5508 464 5564 iiium
478 5509 656 5578 aliqua
672 5508 956 5564 admittere
981 5517 1221 5578 peccata,
1247 5524 1366 5580 qua:
1387 5509 1501 5578 ipse
1521 5510 1754 5565 nesciret
1781 5524 1904 5565 esse

309 5610 553 5670 peccata.
580 5599 718 5654 Hinc
756 5599 929 5669 cogita
957 5613 1133 5669 quam
1165 5598 1270 5655 erit
1308 5607 1620 5654 accuratum
1667 5598 1902 5656 futurum
1938 5663 1967 5697 ο

304 5694 587 5764 judicium.
611 5693 730 5749 Non
747 5707 898 5763 ergo,
917 5691 1058 5763 quod
1080 5692 1224 5746 omni
1240 5691 1657 5763 reprehensione
1679 5706 1901 5748 vacuum

310 5802 374 5843 se
386 5796 619 5856 putaret,
637 5801 698 5843 se
713 5785 988 5856 indignum
1005 5799 1125 5840 esse
1141 5784 1290 5852 dicit,
1304 5784 1394 5856 qui
1407 5785 1474 5839 ab
1496 5783 1899 5854 illisjudicetur,

312 5881 410 5938 sed
438 5880 679 5952 reprimit
705 5893 803 5938 eos
828 5879 920 5952 qui
947 5875 1341 5954 inconsiderato
1366 5876 1467 5936 hoc
1497 5876 1754 5934 facer-ent.
1784 5877 1896 5934 Ali-

2019 496 2069 551 bi
2089 495 2252 561 enim,
2269 497 2476 552 etiamsi
2498 505 2713 566 peccata
2734 512 2838 553 non
2858 497 3138 555 manifesta
3159 507 3360 567 essent,
3383 500 3501 558 aliis
3519 501 3605 570 ju-

2010 588 2208 644 dicium
2221 589 2365 646 ferro
2382 591 2645 660 permisit,
2665 595 2914 662 quoniam
2930 593 3032 649 hoc
3049 594 3355 664 postulabat
3369 605 3602 665 tempus.

2084 682 2162 737 De
2190 684 2306 738 aliis
2337 701 2438 739 non
2472 685 2816 756 judicandum
2845 697 2938 743 est.
2973 717 3046 729 —
3092 688 3230 754 Quid
3271 690 3414 744 enim
3438 731 3454 755 ,
3487 689 3598 750 ait,

2002 776 2212 846 judicas
2241 777 2450 844 fratrem
2488 780 2680 833 tuum?
2723 789 2770 832 et
2807 788 2861 832 tu
2907 797 3000 833 cur
3029 781 3242 847 fratrem
3285 791 3423 834 tuum
3455 781 3607 835 nihili

2011 869 2140 936 facis
2170 866 2345 939 (Rom.
2371 870 2459 925 M.
2505 871 2639 940 10)?
2687 870 2803 926 Non
2849 871 2991 926 enim
3023 871 3128 927 hoc
3166 873 3261 928 tibi
3290 873 3600 928 mandatmn

2011 971 2124 1027 cst,
2154 977 2186 1016 ο
2215 961 2376 1016 homo
2396 973 2497 1030 ,_ut
2539 964 2674 1019 alios
2693 963 2904 1034 judices
2930 1008 2944 1032 ,
2974 965 3068 1021 sed
3096 973 3154 1020 ut
3183 977 3269 1021 tua
3301 970 3598 1021 examines.

2010 1052 2118 1108 Cur
2143 1069 2243 1126 ego
2272 1056 2481 1111 Domini
2522 1067 2703 1128 partes
2732 1059 2965 1128 arripis?
3011 1059 3152 1115 illius
3197 1071 3279 1116 est
3313 1060 3556 1130 judicare
3582 1102 3598 1125 ,

2011 1162 2117 1200 non
2163 1156 2332 1202 tuum.
2378 1149 2554 1216 Quare
2601 1151 2878 1222 subjungit
2921 1169 2933 1205 :
2976 1152 3028 1206 5.
3067 1151 3250 1222 Itaque
3284 1154 3440 1207 nolite
3482 1165 3600 1208 ante

2011 1248 2210 1310 tempus
2250 1242 2493 1311 judicare
2520 1283 2536 1310 ,
2569 1245 2901 1315 quoadusque
2929 1249 3094 1299 veniat
3123 1245 3374 1300 Dominus
3395 1288 3408 1312 ,
3439 1246 3527 1316 qui
3551 1257 3600 1300 et

2009 1331 2319 1387 illuminabit
2339 1332 2637 1390 abscondita
2663 1337 3017 1403 tenebrarum,
3046 1346 3094 1390 et
3120 1338 3463 1408 manifestabit
3485 1354 3598 1390 con-

2009 1426 2128 1480 silia
2156 1427 2383 1481 cordium
2407 1444 2426 1483 :
2458 1438 2504 1482 et
2535 1438 2654 1484 tunc
2685 1430 2798 1485 laus
2825 1431 2919 1485 erit
2947 1432 3216 1503 unicuique
3243 1449 3274 1485 a
3302 1431 3428 1486 Deo.
3460 1431 3597 1500 Quid

2009 1533 2158 1590 ergo,
2192 1534 2299 1576 non
2329 1530 2543 1590 Oportet
2571 1523 2822 1580 doctores
2850 1524 2953 1580 hoc
2983 1525 3200 1581 facere?
3229 1525 3451 1596 Oportet
3476 1528 3595 1597 qui-

2009 1611 2132 1668 dem
2170 1612 2221 1668 in
2255 1615 2490 1684 peccatis
2520 1615 2820 1672 manifestis
2840 1658 2856 1685 ,
2888 1633 3013 1688 quae
3056 1617 3110 1673 in
3141 1618 3393 1674 confesso
3430 1631 3560 1673 sunt
3581 1660 3608 1684 ,,

2009 1704 2171 1776 idque
2221 1710 2537 1779 congruenti
2596 1719 2870 1782 tempore;
2924 1727 3062 1767 cum.
3099 1721 3225 1767 tunc
3280 1712 3495 1768 doleant
3545 1723 3606 1768 ct

2009 1800 2378 1858 mordeantur.
2429 1803 2549 1859 Non
2595 1813 2650 1858 ut
2690 1814 2816 1861 tunc
2863 1805 2946 1861 illi
2993 1805 3291 1875 faciebant,
3336 1823 3402 1862 ex
3456 1809 3604 1864 inani

2007 1893 2176 1964 gloria
2203 1901 2259 1949 et
2299 1897 2626 1967 arrogantia.
2661 1897 2759 1952 llic
2785 1898 2929 1953 enim
2969 1914 3077 1954 non
3122 1899 3189 1955 de
3219 1901 3453 1968 peccatis
3494 1902 3600 1958 illis

2009 1985 2246 2057 loquitur
2269 2027 2284 2053 ,
2315 2003 2434 2057 qua:
2462 1987 2515 2042 in
2542 1989 2794 2045 conicsso
2821 1999 3009 2059 erant,
3043 1991 3137 2047 sed
3179 1991 3321 2062 quod
3349 1992 3496 2047 illttm
3523 1995 3600 2046 al-

2010 2078 2130 2133 teri.
2152 2077 2496 2148 praeferrent,
2521 2089 2576 2136 et
2607 2081 3031 2136 vitamillorum
3080 2094 3476 2152 compararent.
3526 2085 3601 2142 De

2009 2172 2265 2230 hisenim
2297 2172 2387 2229 ille
2415 2174 2564 2230 solus
2613 2184 2863 2231 accurate
2906 2175 3150 2246 judicare
3179 2178 3356 2242 novit,
3387 2177 3475 2248 qui
3505 2193 3601 2231 oc-

2005 2265 2149 2320 culta
2177 2273 2360 2320 nostra
2381 2265 2718 2336 judicaturus
2739 2274 2866 2333 est;
2881 2283 3124 2338 quamam
3155 2267 3358 2323 scilicet
3385 2269 3598 2338 majori,

2007 2375 2254 2431 quamam
2281 2360 2479 2416 minori
2509 2360 2592 2416 vel
2623 2361 2888 2431 supplicio
2919 2362 3001 2416 vel
3030 2361 3234 2416 honore
3264 2362 3428 2432 digna
3448 2365 3595 2418 sint:

2006 2471 2105 2510 nos
2129 2471 2258 2511 vero
2281 2455 2577 2511 secundum
2606 2455 2656 2510 id
2693 2455 2834 2524 quod
2865 2463 3088 2525 apparet
3118 2454 3234 2510 haec
3266 2455 3507 2510 facimus.
3541 2457 3597 2512 Si

2004 2549 2147 2603 enim
2171 2590 2187 2616 ,
2219 2549 2425 2620 inquit,
2450 2551 2502 2605 in
2525 2549 2720 2620 quibus
2745 2549 2864 2618 ipse
2893 2550 3109 2619 peccavi
3128 2591 3142 2615 ,
3172 2547 3302 2602 nihil
3332 2549 3476 2603 clare
3504 2565 3600 2603 no-

2006 2642 2077 2708 vi,
2103 2642 2375 2712 quomodo
2399 2642 2593 2713 dignus
2621 2642 2811 2698 fuerim
2837 2642 2924 2714 qui
2948 2641 3016 2697 de
3037 2642 3155 2698 aliis
3183 2641 3350 2697 feram
3378 2651 3599 2696 sentcn-

2007 2734 2182 2790 tiam?
2224 2735 2494 2805 quomodo
2521 2735 2611 2805 qui
2649 2750 2769 2790 mea
2801 2749 2904 2788 non
2944 2742 3194 2789 accurate
3239 2733 3390 2799 novi,
3425 2733 3597 2786 aliena

2004 2837 2195 2900 potero
2211 2827 2492 2899 judicare?
2517 2828 2573 2884 Si
2595 2841 2726 2883 vero
2752 2826 2949 2881 Paulus
2981 2825 3082 2881 hoc
3108 2825 3252 2891 fecit,
3289 2826 3454 2879 multo
3482 2842 3599 2878 ma-

2001 2921 2084 2991 gis
2116 2935 2234 2975 nos.
2271 2919 2399 2974 Haec
2437 2921 2581 2977 cnim
2623 2919 2868 2985 diccbat,
2901 2934 3008 2973 non
3041 2927 3098 2973 ut
3143 2932 3202 2972 se
3233 2917 3364 2972 nulli
3411 2933 3595 2986 reprc-

2004 3014 2253 3070 hensioni
2296 3014 2586 3070 obnoxium
2629 3011 2979 3077 ostenderet,
3028 3011 3122 3066 sed
3156 3019 3213 3065 ut
3252 3010 3550 3066 declararet
3581 3051 3596 3074 ,

2002 3107 2214 3162 etiamsi
2239 3107 2360 3178 quis
2380 3105 2522 3176 apud
2550 3105 2670 3161 illos
2696 3111 2841 3161 esset
2871 3104 2960 3174 qui
2989 3118 3092 3158 non
3116 3103 3466 3174 peccavisset,
3491 3118 3596 3155 non

2002 3200 2224 3272 dignum
2272 3210 2452 3256 tamen
2497 3214 2618 3256 esse
2661 3199 2754 3270 qui
2814 3197 2883 3254 de
2929 3197 3156 3253 aliorum
3204 3196 3309 3252 vita
3334 3195 3547 3266 .jndicct
3571 3212 3595 3261 .;

2003 3303 2058 3349 ct
2085 3292 2230 3364 quod
2269 3293 2317 3348 si
2357 3294 2402 3348 is
2423 3335 2438 3360 ,
2470 3293 2562 3362 qui
2595 3291 2792 3346 nullius
2818 3290 2941 3344 mali
2973 3291 3073 3345 sibi
3115 3290 3364 3344 conscius
3392 3299 3506 3352 est,
3541 3303 3600 3340 se

2003 3385 2304 3441 obnoxium
2331 3399 2451 3440 esse
2479 3383 2630 3447 dicit,
2663 3383 2834 3436 multo
2853 3381 3024 3450 magis
3048 3381 3120 3436 illi
3148 3396 3199 3436 et
3214 3389 3308 3434 unt
3327 3421 3346 3446 ,
3374 3379 3462 3449 qui
3489 3379 3600 3432 mil-
3695 3449 3706 3458 '

2003 3478 2052 3533 le
2103 3485 2449 3550 peccatorum
2495 3476 2598 3532 sibi
2643 3475 2844 3530 conscii
2889 3483 3033 3528 sunt;
3079 3470 3212 3528 Cum
3243 3473 3334 3528 sic.
3363 3487 3491 3543 ergo
3537 3486 3600 3527 os

2003 3570 2368 3628 obstruxisset
2409 3585 2641 3635 eorum,
2684 3568 2785 3638 qui
2820 3567 2946 3622 talia
2986 3565 3184 3636 judicia
3233 3565 3461 3632 ferrent,
3505 3563 3600 3619 dc-

2003 3677 2151 3716 mum
2195 3662 2547 3733 parturientis
2577 3675 2727 3718 more
2750 3660 2907 3731 gestit
2948 3659 3250 3728 irrumpere
3281 3659 3333 3712 in
3362 3656 3599 3712 fornica-

2007 3764 2226 3810 torem:
2261 3762 2317 3809 et
2362 3754 2503 3808 sicut
2546 3754 2827 3824 ingruente
2872 3759 3227 3823 tempestate,
3257 3758 3602 3821 praecurrunt

2006 3847 2176 3900 nubes
2196 3845 2440 3915 quaedam
2461 3853 2628 3910 atrae;
2657 3843 2852 3900 deinde
2881 3853 3001 3915 post
3021 3843 3312 3899 tonitruum
3334 3841 3600 3913 fragorem

2005 3948 2060 3993 et
2092 3946 2376 4009 postquam
2414 3937 2602 3993 caelum
2633 3953 2739 3992 una
2771 3937 2941 3991 nubes
2970 3935 3166 3990 factum
3210 3943 3293 3990 est
3316 3975 3330 4000 ,
3381 3945 3507 3988 tunc
3546 3933 3600 3987 in

2008 4040 2210 4086 terram
2257 4028 2540 4084 cenf'ertim
2586 4027 2820 4098 erumpit
2869 4025 3084 4097 pluvia;
3116 4025 3307 4081 eodem
3348 4024 3508 4078 modo
3546 4033 3603 4079 et

2009 4133 2136 4180 tunc
2161 4122 2376 4179 accidit.
2409 4120 2542 4176 Nam
2571 4136 2692 4176 cum
2717 4126 2902 4190 posset
2925 4134 3047 4173 cum
3079 4117 3441 4188 indignatione
3465 4116 3603 4170 mula

2011 4228 2062 4274 ta
2091 4232 2252 4288 agere
2278 4217 2332 4272 in
2365 4214 2741 4271 fornicatorem
2765 4255 2780 4282 ,
2808 4227 2916 4268 non
2946 4212 3015 4266 ita
3047 4213 3156 4283 agit
3181 4227 3206 4276 ;.
3229 4211 3321 4266 sed
3355 4211 3600 4276 praemis-

2009 4311 2085 4367 sis
2113 4309 2441 4365 terribilibus
2461 4306 2640 4362 verbis
2655 4306 2774 4376 ejus
2793 4313 3056 4358 tumorem
3075 4303 3332 4372 reprimit.
3353 4300 3605 4368 Quando-

2009 4401 2227 4472 quidem
2257 4400 2456 4470 duplex
2496 4397 2684 4454 aderat
2714 4405 2990 4467 peccatum
3009 4435 3026 4460 ,
3049 4392 3339 4450 .fornicatio
3369 4409 3598 4462 nempe,

2009 4506 2064 4552 et
2087 4495 2442 4550 fornicatione
2472 4493 2625 4564 pejus
2654 4491 2821 4557 aliud,
2844 4489 2986 4560 quod
3007 4486 3213 4542 scilicet
3242 4486 3374 4540 tanti
3399 4486 3601 4555 peccati

2011 4605 2120 4644 non
2152 4587 2439 4660 paeniteret
2478 4586 2674 4655 ipsum.
2720 4583 2838 4639 Non
2864 4583 3008 4638 enim
3056 4580 3126 4635 ita
3149 4587 3491 4648 peocatorem
3520 4576 3604 4630 ln-

2008 4691 2137 4752 get,
2169 4689 2227 4735 ut
2253 4687 2591 4750 peccatorem
2622 4692 2728 4732 non
2775 4675 3122 4746 pmnitentem
3155 4689 3167 4725 :
3199 4669 3415 4743 Lugcbo
3459 4669 3602 4726 enim

2013 4773 2212 4829 multos
2236 4813 2252 4838 ,
2284 4771 2494 4841 inquit,
2524 4784 2630 4824 non
2661 4783 2852 4824 eorum
2880 4775 3083 4821 tantum
3111 4763 3201 4835 qui
3235 4765 3382 4834 prius
3410 4777 3606 4832 pecca-

2011 4875 2140 4920 runt
2164 4905 2182 4932 ,
2213 4863 2309 4918 sed
2338 4877 2526 4918 eorum
2561 4861 2651 4931 qui
2678 4858 3046 4931 paenitentiam
3091 4871 3198 4910 non
3243 4862 3506 4925 egerunt,
3537 4852 3607 4909 de

2011 4955 2343 5026 impudicitia
2370 4964 2425 5011 ct
2466 4954 2535 5009 de
2575 4950 2911 5008 immunditia
2951 4964 3108 5020 quam
3139 4946 3471 5002 admiserunt
3498 4945 3517 5016 (
3544 4943 3603 4998 (Ξ.

2009 5047 2131 5104 Cor.
2166 5049 2255 5105 12.
2287 5047 2422 5120 21).
2471 5046 2604 5101 Nam
2655 5045 2746 5115 qui
2793 5051 2915 5114 post
2962 5049 3240 5111 peccatum
3288 5037 3606 5109 poenitentia

2014 5141 2181 5195 utitur
2203 5180 2218 5206 ,
2253 5155 2360 5195 non
2401 5138 2592 5208 dignus
2620 5146 2703 5192 est
2745 5135 2836 5205 qui
2868 5135 3152 5204 lugeatur,
3175 5131 3269 5188 sed
3299 5134 3387 5202 qui
3419 5132 3607 5186 beatus

2009 5231 2372 5303 prmd-icetnr,
2407 5238 2595 5299 utpote
2621 5229 2708 5297 qui
2739 5228 2788 5280 in
2815 5227 3084 5296 justornm
3108 5225 3331 5280 chorum
3374 5224 3608 5279 transla-

2010 5333 2098 5380 tus
2124 5324 2212 5378 sit.
2247 5321 2345 5376 Dic
2375 5325 2514 5376 enim
2537 5331 2591 5374 tu
2620 5321 2791 5390 prius,
2828 5319 2997 5388 inquit
3024 5361 3038 5384 ,
3067 5318 3358 5388 iniquitates
3391 5327 3524 5381 tuas,
3553 5321 3608 5367 ut

2003 5416 2308 5490 justi/Soeris
2338 5414 2492 5485 (Isai.
2525 5415 2615 5469 45.
2647 5411 2765 5484 26).
2797 5411 2852 5467 Si
2893 5421 3072 5466 autem
3103 5420 3384 5480 postquam
3419 5422 3608 5478 pecca-

2015 5511 2126 5577 vit,
2159 5509 2500 5578 impudenter
2524 5515 2684 5576 agat,
2737 5520 2844 5560 non
2891 5505 2962 5559 ita
3003 5504 3474 5562 commiseratione
3515 5498 3605 5555 di-

2011 5616 2152 5673 gnus
2178 5608 2262 5654 est
2290 5598 2432 5670 quod
2458 5597 2750 5664 ceciderit,
2776 5612 2937 5668 quam
2964 5597 3105 5668 quod
3135 5597 3314 5665 lapsus
3332 5595 3533 5664 jaceat.

2088 5695 2144 5749 5.
2176 5692 2332 5760 Quod
2361 5692 2407 5746 si
2439 5703 2559 5762 post
2581 5699 2859 5761 peccatum
2888 5707 2995 5744 non
3027 5689 3291 5759 paenitere
3316 5701 3478 5757 grave
3499 5695 3607 5748 cst,

2017 5785 2086 5841 dc
2129 5784 2379 5839 admissis
2408 5783 2644 5852 peccatis
2687 5783 3046 5838 intumescere
3088 5789 3341 5850 quantum
3371 5790 3610 5834 meretur

2019 5894 2082 5936 su
2094 5877 2388 5950 pplieium?
2409 5875 2542 5933 Nam
2576 5875 2622 5931 si
2649 5875 2694 5932 is
2714 5917 2729 5944 ,
2759 5874 2848 5946 qui
2875 5873 2942 5930 dc
2963 5881 3110 5930 recte
3136 5871 3288 5928 factis
3313 5871 3600 5938 extollitur,
