4086 6418
547 415 604 474 91
1264 415 1323 472 S.
1361 411 1637 470 JOANNlS
1684 401 2161 464 CllRYSOSTOMl
2210 399 2527 456 ARCHIEP.
2566 398 3101 456 CONS’I‘ANTINOP.
3765 407 3835 462 93

549 533 856 588 immundus
882 541 1001 599 est;
1044 531 1134 603 qui
1165 531 1232 587 de
1272 529 1502 601 peccatis
1531 526 1780 590 inflatur,
1812 535 1971 594 quam
1995 533 2128 575 con-

549 635 806 696 sequetur
834 624 1088 681 veniam?
1115 624 1245 693 Quia
1268 636 1396 692 ergo
1435 620 1554 674 talis
1582 626 1698 674 erat
1723 617 2017 670 fornicator
2035 653 2051 674 ,
2083 618 2140 666 et

550 719 782 772 animam
814 733 909 788 per
951 727 1226 787 peceatum
1259 716 1327 768 ita
1369 711 1697 784 petulantem
1721 718 1775 764 et
1802 710 2137 780 pervicacem

553 809 888 876 reddiderat,
911 809 1214 864 necessario
1239 805 1356 876 ejus
1380 804 1574 859 fastum
1603 803 1775 873 primo
1800 800 2003 870 dejicit.
2032 798 2137 854 Ne-

551 919 657 973 que
697 903 796 956 hoc
823 902 1028 956 crimen
1060 900 1234 969 primo
1260 899 1443 969 ponit,
1473 906 1531 950 ut
1557 913 1622 950 ne
1660 896 1748 950 ille
1772 903 1933 950 exuat
1961 892 2136 963 pudo-

552 1009 689 1058 rem,
711 1009 775 1048 eo
795 992 936 1063 quod
962 1001 1084 1046 ante
1107 991 1242 1045 alios
1267 999 1548 1044 accusetur
1572 1005 1585 1052 ;
1610 1001 1783 1056 neque
1804 994 2134 1056 postremum

555 1086 708 1138 illum
757 1084 944 1152 ponit,
973 1093 1030 1138 ut
1063 1098 1131 1138 ne
1163 1090 1314 1152 putet
1358 1080 1445 1134 ille
1487 1095 1600 1134 rem
1643 1092 1794 1133 suam
1820 1085 1880 1131 ut
1919 1075 2137 1131 levioris

551 1176 808 1230 momenti
839 1175 992 1246 quasi
1022 1173 1169 1229 aliud
1199 1171 1409 1243 agendo
1439 1170 1652 1225 tractari
1680 1187 1693 1224 :
1723 1167 1817 1224 sed
1843 1181 1968 1223 cum
1991 1165 2138 1236 prius

552 1266 650 1330 ipsi
680 1267 905 1319 multum
931 1264 1243 1319 incussisset
1269 1263 1513 1316 timorem
1541 1275 1607 1314 ex
1627 1257 1836 1313 dicendi
1866 1257 2134 1320 libertate,

550 1373 652 1427 qua
681 1365 868 1411 contra
908 1355 1042 1410 alios
1088 1369 1214 1408 usus
1256 1363 1373 1418 est,
1424 1361 1549 1407 tunc
1595 1351 1743 1406 illum
1791 1347 2134 1418 aggreditur,

554 1459 835 1518 postquam
859 1448 980 1517 ejus
1002 1446 1358 1515 arrogantiam
1384 1459 1479 1514 per
1499 1444 1723 1498 aliorum
1745 1441 2135 1497 correctionem

552 1543 703 1611 prius
729 1541 1118 1611 exagitaverat.
1148 1539 1273 1594 llam
1301 1539 1443 1594 enim
1472 1538 1584 1607 ipsa
1619 1535 1782 1589 verba
1808 1576 1822 1598 ,
1857 1531 2006 1587 Nihil
2036 1531 2136 1585 mi-

553 1634 607 1686 hi
636 1632 864 1686 conscius
891 1648 1038 1696 sum;
1077 1630 1167 1685 sed
1192 1646 1292 1684 non
1319 1630 1370 1683 in
1403 1629 1496 1682 hoc
1522 1627 1840 1698 justi/Scalas
1865 1641 1978 1680 sum
2001 1642 2020 1689 ,°
2045 1631 2099 1678 ct
2119 1663 2135 1687 ,

555 1725 656 1790 Qui
675 1725 878 1796 judicat
917 1739 997 1778 me
1014 1764 1032 1792 ,
1065 1722 1314 1776 Dominus
1336 1729 1408 1775 est
1432 1761 1447 1784 ,
1475 1719 1562 1789 qui
1599 1729 1646 1773 et
1695 1715 2004 1773 illuminabit
2047 1715 2139 1769 ab—

553 1817 783 1870 scondita
811 1814 1126 1870 tenebrarum
1148 1855 1162 1879 ,
1195 1822 1240 1869 et
1267 1811 1607 1883 manifestabit
1628 1811 1843 1866 consilia
1863 1809 2092 1864 cordium
2120 1850 2137 1876 ,

558 1922 663 1962 non
691 1907 881 1962 leviter
906 1915 960 1961 et
981 1921 1102 1960 eum
1126 1915 1181 1961 et
1203 1919 1324 1970 eos,
1357 1905 1446 1975 qui
1472 1902 1571 1974 ipsi
1601 1901 1996 1972 applandebant
2015 1916 2140 1956 san-

557 2007 781 2067 ctosque
809 1995 1198 2065 despiciebant,
1223 1995 1556 2066 perstringit.
1581 1993 1718 2061 Quid
1746 1993 1914 2057 enim,
1945 1992 2136 2062 inquit,

556 2087 602 2142 si
632 2087 847 2158 quidam
889 2087 1226 2142 extrinsecus
1273 2086 1468 2141 virtute
1500 2085 1704 2154 prmditi
1743 2092 1800 2141 et
1841 2083 2139 2139 admirandi

554 2181 864 2250 apparent?
892 2179 1009 2235 Non
1035 2179 1104 2234 de
1131 2179 1490 2235 exterioribus
1519 2185 1726 2233 tantum
1755 2177 1854 2232 fert
1879 2177 2140 2248 judicium

555 2272 646 2328 ille
666 2271 852 2341 judex,
875 2273 969 2328 sed
991 2271 1151 2326 etiam
1174 2285 1368 2326 arcana
1398 2269 1448 2324 in
1475 2269 1710 2324 medium
1737 2267 1972 2324 adducit.
2002 2267 2143 2322 Dua-

554 2362 656 2419 bus
687 2379 849 2434 ergo,
879 2364 963 2419 vel
997 2364 1175 2434 potius
1205 2363 1375 2418 tribus
1433 2361 1504 2416 de
1547 2361 1726 2417 causis
1751 2359 2009 2430 judicium
2040 2374 2140 2414 no-

554 2463 724 2509 strum
743 2463 1049 2510 accuratum
1075 2468 1184 2509 non
1204 2462 1320 2520 est;
1344 2453 1517 2523 primo
1545 2451 1688 2523 quia,
1713 2451 1923 2507 etiamsi
1947 2450 2143 2505 nullius

557 2545 760 2614 peccati
803 2544 959 2599 nobis
1001 2544 1203 2600 conscii
1235 2544 1441 2609 simus,
1483 2557 1619 2612 opus
1665 2550 1842 2597 tamen
1885 2540 2144 2597 habemus

537 2650 655 2701 eo,
684 2637 772 2706 qui
814 2645 1028 2706 peccata
1073 2643 1254 2690 nostra
1308 2641 1556 2691 accurate
1603 2643 1824 2705 arguat:
1864 2632 2138 2699 secundo,

555 2728 679 2797 quia
711 2742 776 2782 ex
807 2727 870 2782 iis
899 2743 1016 2798 quae
1048 2729 1181 2782 fiunt
1220 2727 1474 2797 pleraque
1500 2741 1600 2782 nos
1626 2727 1826 2792 latent;
1863 2726 2022 2782 tertio
2049 2727 2146 2782 de-

559 2833 701 2870 mum
723 2858 740 2882 ,
787 2818 909 2888 quia
939 2817 1100 2872 multa
1129 2818 1356 2872 aliorum
1385 2826 1536 2888 gesta
1565 2816 1720 2872 nobis
1755 2816 1969 2887 quidem
2002 2816 2143 2872 bona

557 2907 836 2972 videntur,
881 2907 976 2963 sed
1040 2922 1146 2961 non
1191 2922 1260 2962 ex
1311 2916 1456 2962 recta
1503 2907 1770 2962 sententia
1823 2897 2142 2976 procedunt.

559 3000 698 3066 Quid
727 3014 857 3070 ergo
885 3000 1094 3064 dicitis,
1125 3000 1220 3056 ille
1256 3008 1350 3054 aut
1375 3001 1465 3056 ille
1489 3000 1624 3056 nihil
1664 3002 1906 3072 peccavit
1929 3043 1943 3067 ,
1971 3009 2029 3056 et
2056 3001 2144 3058 hic

560 3095 654 3148 illo
685 3094 874 3148 melior
898 3094 1017 3149 est?
1046 3093 1158 3148 Hoc
1181 3093 1324 3148 enim
1351 3108 1458 3148 non
1491 3092 1612 3148 licet
1643 3095 2012 3163 pronuntiare,
2044 3109 2145 3150 ne-

558 3202 666 3256 que
692 3185 760 3241 de
799 3185 892 3240 illo
912 3227 928 3251 ,
973 3187 1061 3256 qui
1091 3185 1290 3240 nullius
1331 3185 1432 3241 sibi
1462 3186 1708 3240 conscius
1754 3193 1874 3241 est:
1904 3201 2026 3241 nam
2054 3188 2144 3258 qui

559 3294 752 3333 arcana
796 3279 1036 3349 judicat.
1067 3279 1158 3334 ille
1206 3288 1290 3334 est
1332 3279 1421 3350 qui
1452 3289 1703 3336 accurate
1727 3278 1956 3350 judicat.
2005 3281 2147 3337 Ecce

559 3372 721 3440 igitur
741 3411 759 3437 ,
789 3385 890 3440 ego
933 3371 1065 3426 nihil
1095 3369 1224 3425 mihi
1269 3371 1517 3427 conscius
1553 3386 1672 3426 sum
1702 3387 1717 3437 ;
1748 3370 1842 3426 sed
1869 3387 2043 3442 neque
2073 3372 2144 3427 ita

557 3461 877 3531 justilicatus
905 3477 1024 3517 sum
1052 3482 1064 3516 :
1102 3461 1205 3516 hoc
1231 3469 1318 3518 est
1341 3505 1356 3528 ,
1389 3461 1505 3518 Non
1547 3476 1665 3516 sum
1696 3478 1726 3517 a
1768 3463 2035 3520 reddenda
2059 3480 2146 3520 ra-

557 3556 703 3609 tione
727 3563 782 3610 et
809 3569 841 3609 a
870 3555 1094 3610 crimine
1121 3554 1397 3610 liberatus.
1420 3555 1537 3611 Non
1558 3555 1700 3611 enim
1729 3555 1833 3611 hoc
1861 3555 2010 3625 dicit,
2023 3557 2143 3614 Non

559 3647 615 3700 in
647 3661 872 3702 numero
911 3656 968 3702 et
994 3645 1183 3702 ordine
1205 3648 1475 3714 justorum
1515 3661 1666 3714 sum;
1713 3647 1808 3703 sed
1833 3689 1849 3715 ,
1881 3647 1996 3704 Non
2023 3663 2142 3704 sum

557 3738 789 3794 mundus
817 3753 847 3792 a
868 3747 1110 3809 peccato.
1142 3737 1274 3794 Nam
1297 3739 1423 3794 alibi
1454 3740 1565 3794 ait:
1595 3739 1696 3806 Qui
1721 3749 1888 3795 autem
1913 3751 2146 3796 mortuus

557 3839 631 3884 est
650 3871 666 3896 ,
687 3830 1002 3901 justiﬁcatus
1027 3839 1098 3884 est
1125 3845 1157 3882 a
1177 3839 1384 3900 peccato
1424 3829 1598 3901 (Rom.
1637 3831 1690 3886 6.
1721 3832 1776 3903 7)
1806 3849 1818 3884 :
1850 3832 1899 3886 id
1925 3840 2045 3896 est,
2075 3832 2142 3887 li-

558 3923 772 3978 beratus
803 3930 902 3978 est.
932 3923 1093 3978 Multa
1130 3938 1258 3978 vero
1286 3921 1549 3992 facimus,
1593 3939 1714 3994 qua:
1756 3925 1896 3980 bona
1927 3924 2142 3995 quidem

539 4024 710 4083 sunt,
738 4015 834 4070 sed
875 4030 982 4070 non
1030 4030 1098 4072 ex
1141 4025 1283 4070 recta
1333 4016 1598 4072 sententia
1641 4016 1961 4086 procedunt.
2008 4016 2143 4072 Nam

556 4108 753 4164 multos
781 4107 1093 4175 laudamus,
1125 4123 1231 4163 non
1261 4117 1318 4164 ut
1345 4109 1467 4165 illos
1489 4109 1804 4179 splendidos
1834 4109 2139 4178 reddamus,

553 4197 648 4253 sed
693 4207 752 4252 ut
780 4214 875 4268 per
921 4198 1047 4254 illos
1073 4199 1207 4254 alios
1238 4200 1517 4270 quospiam
1549 4200 1910 4257 mordeamns.
1945 4201 2012 4256 Et
2055 4217 2146 4258 res

553 4291 769 4360 quidem
797 4292 908 4362 ipsa
952 4305 1048 4361 per
1093 4304 1153 4347 se
1186 4291 1326 4346 bona
1355 4302 1470 4358 est;
1505 4293 1753 4348 laudatur
1789 4295 1933 4350 enim
1965 4294 2010 4349 is
2051 4293 2144 4364 qui

552 4392 699 4438 recte
725 4382 882 4446 fecit;
909 4383 1004 4439 sed
1033 4398 1185 4438 mens
1225 4383 1489 4438 laudantis
1521 4393 1774 4454 corrupta
1805 4394 1926 4440 est:
1959 4400 2028 4441 ex
2052 4401 2143 4441 sa-

559 4477 732 4530 lanica
761 4477 902 4531 enim
934 4477 1200 4530 sententia
1224 4476 1484 4545 procedit.
1509 4476 1626 4530 Non
1655 4478 1798 4531 enim
1837 4477 1987 4532 fratri
2016 4494 2142 4548 gra-

552 4569 729 4623 tulans
748 4609 762 4630 ,
791 4568 886 4622 sed
915 4568 1077 4622 alium
1103 4567 1277 4621 ferire
1299 4569 1523 4637 cupiens
1550 4568 1652 4624 hoc
1678 4585 1822 4639 saepe
1846 4571 1964 4641 quis
1992 4570 2140 4628 fecit.

551 4661 758 4716 Rursus
781 4658 1043 4729 quispiam
1063 4659 1272 4729 grande
1290 4658 1506 4715 admisit
1527 4669 1829 4730 peccatum;
1855 4661 1992 4716 alius
2015 4676 2142 4718 vero

556 4753 733 4822 ipsum
762 4749 1103 4820 supplantare
1131 4750 1347 4816 volens,
1379 4749 1510 4806 nihil
1539 4751 1727 4806 fecisse
1752 4750 1878 4805 dicit
1897 4793 1913 4819 ,
1941 4760 1996 4807 et
2021 4767 2143 4808 con-

553 4843 761 4899 solatur
787 4856 908 4896 eum
937 4849 1246 4910 peccantem
1268 4881 1282 4906 ,
1305 4841 1371 4896 ad
1397 4856 1736 4897 communem
1761 4851 1964 4899 natura:
1985 4859 2140 4900 usum

549 4931 898 5005 confugiens:
937 4949 1121 4991 verum
1150 4947 1295 5003 smpe
1343 4948 1450 4988 non
1491 4933 1636 5005 quod
1666 4933 1945 5004 ignoscere
1973 4935 2138 5001 velit,

549 5028 645 5084 sed
673 5037 729 5083 ut
754 5029 1055 5098 segniorem
1085 5027 1230 5081 illum
1255 5025 1451 5082 reddat
1477 5026 1580 5082 hoc
1603 5025 1743 5080 facit.
1775 5025 2006 5083 Rursum
2035 5041 2138 5084 sa:-

546 5135 616 5191 pe
653 5121 901 5192 corripit,
948 5136 1052 5176 non
1082 5129 1139 5174 ut
1163 5129 1348 5189 arguat
1385 5127 1440 5174 et
1466 5125 1714 5183 moneat,
1755 5117 1850 5174 sed
1877 5127 1932 5174 ut
1958 5119 2140 5187 proxi-

546 5214 618 5268 mi
661 5224 936 5284 peceatum
983 5214 1197 5285 publice
1259 5213 1448 5270 ell'erat
1491 5222 1545 5268 et
1601 5211 1862 5267 traducat.
1908 5210 2139 5268 Consilia

544 5315 725 5361 autem
757 5306 1002 5361 homines
1038 5320 1144 5361 non
1181 5313 1416 5370 norunt;
1445 5304 1534 5374 qui
1571 5304 1732 5360 corda
1757 5319 1887 5360 vero
1930 5315 2140 5360 seruta-

543 5409 666 5466 tur-,
693 5408 943 5454 accurate
964 5399 1094 5463 scit,
1123 5410 1178 5453 et
1206 5399 1294 5453 illa
1337 5399 1516 5452 omnia
1545 5407 1672 5452 tunc
1700 5398 1750 5451 in
1779 5397 2014 5454 medium
2042 5397 2135 5453 ad-

539 5492 721 5546 ducet.
755 5489 984 5561 Ideoque
1009 5489 1220 5545 dicebat
1246 5507 1259 5543 ε
1298 5491 1400 5556 Qui
1425 5500 1472 5544 et
1501 5490 1814 5544 illuminabit
1838 5491 2136 5546 abscondita

542 5585 863 5639 tenebrarum
887 5625 901 5649 ,
935 5593 983 5637 et
1025 5583 1371 5650 manifestabit
1399 5584 1614 5638 consilia
1643 5585 1892 5637 cordium.

620 5675 862 5731 Homines
918 5691 1071 5745 quam
1105 5675 1356 5745 falluntur
1395 5675 1448 5728 in
1466 5675 1700 5748 judiciis.
1731 5704 1802 5715 -
1824 5674 1955 5730 Cum
1980 5689 2131 5745 ergo,

549 5767 765 5830 quando
787 5769 947 5823 etiam
980 5766 1113 5824 nihil
1145 5765 1298 5821 nobis
1322 5768 1524 5822 conscii
1552 5767 1997 5832 sumus,erimine
2016 5767 2134 5836 puri

548 5868 663 5910 esse
693 5875 802 5916 non
841 5860 1127 5930 possimus,
1151 5867 1204 5916 ct
1225 5873 1343 5914 cum
1375 5858 1572 5929 aliquid
1616 5858 1742 5916 boni
1771 5857 1999 5930 agimus,
2033 5873 2132 5914 nec

2253 527 2384 570 vero
2410 529 2475 569 ex
2497 523 2642 570 recta
2672 514 2837 568 animi
2864 516 3130 570 sententia
3162 517 3403 586 agimus,
3433 518 3709 588 supplicio
3733 523 3832 576 nb-

2245 606 2392 662 noxii
2418 607 2620 661 simus:
2649 608 2821 677 cogita
2839 623 2999 678 quam
3029 608 3280 664 fallantur
3307 609 3556 668 homines
3602 614 3658 669 in
3693 615 3835 685 judi-

2243 699 2362 754 eiis.
2396 698 2521 754 llaec
2572 699 2770 770 quippe
2797 701 2974 754 omnia
3003 715 3109 755 non
3142 711 3366 771 possunt
3396 703 3649 759 homines
3682 722 3833 762 asse-

2245 789 2358 859 qui,
2382 788 2476 844 sed
2502 789 2594 844 ille
2623 799 2826 844 tantum
2851 807 3140 860 numquam
3165 791 3442 849 dormiens
3463 797 3665 850 oculus
3689 838 3705 852 .
3733 799 3834 854 etsi

2247 879 2491 935 homines
2512 880 2791 944 fallamus,
2822 881 2969 936 illum
3017 898 3305 952 numquam
3345 885 3708 956 decipiemus.
3760 889 3836 946 Ne

2245 972 2426 1042 itaque
2465 972 2614 1026 dicas
2638 1013 2654 1038 ,
2685 972 2946 1028 Tenebrae
2969 983 3022 1028 et
3046 975 3284 1044 parietes
3312 977 3364 1031 in
3391 979 3626 1034 circuitu
3657 992 3781 1036 sunt
3814 1023 3830 1047 ,

2244 1063 2366 1135 quis
2397 1079 2484 1118 me
2515 1063 2710 1118 videt?
2741 1080 2862 1118 nam
2903 1067 2992 1134 qui
3023 1067 3174 1120 finxit
3216 1067 3486 1137 sigillatim
3538 1069 3706 1124 corda
3745 1087 3836 1126 uo-

2244 1165 2378 1219 stra,
2407 1155 2522 1221 ipse
2553 1155 2730 1208 omnia
2763 1157 2911 1210 novit
2944 1173 2956 1208 :
2993 1159 3227 1213 tenebrae
3247 1160 3390 1214 enim
3413 1161 3555 1231 apud
3578 1177 3705 1216 eum
3727 1179 3834 1219 non

2243 1245 2692 1299 obscurabuntur.
2723 1245 2892 1301 Recte
2917 1257 3096 1302 utem
3125 1249 3254 1304 dicit
3281 1250 3328 1305 is
3355 1252 3447 1322 qui
3475 1265 3669 1320 peccat
3689 1294 3706 1320 ,
3736 1254 3836 1308 'l‘e-

2245 1335 2426 1391 nebras
2451 1346 2506 1391 et
2533 1338 2763 1406 parietes
2789 1338 2844 1392 in
2874 1340 3100 1394 circuitu
3126 1357 3246 1396 meo
3269 1351 3415 1397 sunt.
3443 1343 3564 1398 Nisi
3595 1345 3740 1400 enim
3783 1348 3835 1402 in

2245 1437 2423 1483 mente
2447 1428 2563 1498 ejus
2590 1429 2823 1484 tenebrae
2846 1441 3051 1498 essent,
3079 1448 3186 1488 non
3207 1435 3309 1502 sic,
3337 1437 3518 1506 ejecto
3558 1438 3652 1492 Dei
3680 1439 3834 1494 timo-

2245 1536 2323 1587 re,
2351 1536 2472 1575 cum
2496 1521 2742 1577 libertate
2769 1522 2821 1576 id
2841 1521 3076 1580 fecisset.
3109 1523 3244 1580 Nam
3275 1527 3377 1582 nisi
3400 1529 3552 1598 prius
3577 1531 3687 1584 dux
3712 1532 3827 1586 ani-

2245 1627 2365 1666 mus
2385 1612 2766 1668 obtenebratus
2789 1615 2971 1681 fuerit,
3031 1627 3308 1686 peccatum
3332 1635 3453 1676 cum
3501 1621 3699 1678 fiducia
3753 1625 3834 1679 iu-

2244 1706 2394 1777 gredi
2421 1721 2526 1760 non
2560 1717 2754 1777 potest.
2781 1707 2857 1763 Ne
2876 1723 3009 1780 ergo
3037 1710 3222 1766 dicas:
3249 1714 3382 1780 Quis
3411 1730 3499 1770 me
3523 1715 3676 1771 videt
3701 1719 3724 1772 1'
3751 1726 3832 1773 est

2245 1799 2387 1853 enim
2443 1799 2532 1869 qui
2583 1810 2827 1868 penetrat
2873 1818 3040 1872 usque
3083 1803 3150 1858 ad
3191 1805 3425 1861 animum
3455 1817 3514 1862 ct
3543 1809 3834 1880 spiritum,

2245 1905 2638 1962 compagesque
2657 1904 2713 1948 et
2741 1894 3040 1952 medullas:
3069 1898 3162 1953 sed
3179 1908 3235 1954 tu
3264 1907 3316 1955 te
3336 1900 3515 1972 ipsum
3540 1918 3648 1958 non
3667 1905 3830 1973 vides,

2247 1999 2346 2041 nec
2391 1994 2541 2055 potes
2596 1987 2790 2042 nubem
2833 1987 3146 2058 dissecare;
3201 2007 3388 2049 verum
3435 2011 3502 2050 ae
3540 1997 3589 2052 si
3627 2014 3833 2053 murum

2249 2079 2483 2148 undique
2508 2077 2945 2150 circumpositum
2970 2082 3218 2148 haberes,
3247 2100 3354 2141 non
3381 2096 3539 2159 potes
3565 2089 3632 2144 ad
3650 2091 3832 2146 calum

2247 2169 2537 2238 respicere.

2316 2265 2373 2319 4.
2433 2263 2811 2322 Fornicationis
2848 2267 3058 2337 spiritus
3097 2279 3333 2326 ext-attat.
3376 2301 3452 2314 -—
3493 2272 3648 2342 Quod
3694 2274 3831 2330 enim

2249 2361 2529 2424 peccatum
2556 2356 2638 2408 vis
2676 2355 2825 2424 prius
2869 2358 3289 2416 examinemus?
3331 2371 3388 2417 et
3411 2363 3493 2418 sic
3518 2364 3716 2419 factum
3745 2365 3833 2420 ad.

2250 2446 2582 2517 missumque
2608 2445 2776 2502 fuisse
2811 2448 3039 2506 videbis.
3079 2451 3548 2519 Quemadmodum
3593 2456 3734 2512 enim
3756 2457 3830 2512 la-

2250 2545 2432 2593 trones
2452 2547 2505 2592 et
2531 2553 2810 2594 murorum
2861 2539 3170 2608 eﬂ‘ossores,
3217 2559 3339 2599 eum
3366 2546 3499 2616 quid
3537 2549 3824 2618 pretiosum

2249 2628 2462 2686 auferre
2493 2630 2722 2696 volunt,
2753 2632 3019 2688 exstincta
3071 2633 3290 2690 lucerna
3334 2637 3436 2691 hoc
3481 2647 3828 2708 perpetrant:

2247 2723 2328 2776 sic
2357 2721 2408 2776 in
2432 2721 2666 2790 peccatis
2719 2721 2850 2778 facit
2875 2733 3129 2794 corrupta
3161 2727 3320 2781 ratio.
3367 2727 3584 2784 Etenim
3612 2729 3662 2784 in
3686 2727 3830 2783 nobis

2247 2828 2460 2884 quoque
2493 2814 2585 2868 lux
2613 2822 2696 2870 est
2719 2815 3054 2872 rationabilis
3080 2831 3298 2888 semper
3318 2819 3544 2877 ardens.
3575 2821 3630 2877 Si
3661 2830 3828 2876 autem

2249 2907 2470 2975 spiritus
2532 2907 2905 2964 fornicationis
2951 2923 3075 2966 eum
3125 2910 3330 2981 impetu
3383 2928 3589 2985 magno
3632 2915 3826 2969 irruens

2250 2995 2518 3052 ﬂammam
2551 2999 2698 3055 illam
2749 3002 3090 3067 exstinxerit,
3116 3004 3298 3060 statim
3343 3005 3584 3062 animam
3623 3007 3828 3074 obtene-

2245 3089 2392 3154 brat,
2423 3102 2696 3162 expugnat
2723 3103 2777 3149 et
2804 3095 2984 3150 omnia
3008 3112 3127 3166 qua:
3179 3097 3377 3154 adsunt
3401 3101 3588 3156 statim
3633 3101 3824 3171 diripit.

2247 3182 2386 3238 Cum
2413 3184 2556 3239 enim
2584 3186 2763 3240 anima
2793 3204 2821 3240 a
2856 3189 3054 3243 lasciva
3096 3193 3537 3261 concupiscentia
3590 3194 3789 3265 capitur
3809 3232 3824 3257 ,

2252 3282 2311 3328 ut
2336 3275 2514 3331 nubes
2538 3285 2594 3330 et
2630 3277 2805 3348 caligo
2829 3281 3074 3351 corporis
3113 3282 3321 3351 oculos,
3367 3285 3438 3339 ita
3484 3287 3678 3343 mentis
3716 3299 3826 3358 pro.

2246 3368 2511 3436 spiciendi
2535 3369 2837 3426 facultatem
2861 3387 3150 3443 occupans,
3175 3376 3307 3431 nihil
3336 3378 3468 3434 sinit
3493 3380 3677 3436 videre
3702 3379 3826 3435 ulte-

2247 3458 2382 3526 rius,
2417 3475 2522 3514 non
2551 3462 2923 3532 praecipitium,
2948 3478 3053 3518 non
3078 3465 3403 3536 gehennam,
3437 3485 3549 3525 non
3569 3471 3822 3532 timorem.

2251 3551 2346 3606 sed
2375 3552 2444 3606 ab
2470 3551 2574 3606 illis
2601 3553 2809 3608 insidiis
2839 3555 3117 3626 tyrannice
3143 3568 3401 3628 occupata
3429 3560 3676 3627 demum,
3713 3574 3823 3631 pec-

2251 3651 2374 3698 cato
2414 3642 2586 3698 facilis
2639 3655 2947 3716 expugnatu
2997 3648 3178 3706 evadit
3213 3666 3228 3703 :
3258 3659 3315 3706 et
3349 3651 3494 3707 sicut
3523 3652 3696 3723 paries
3720 3651 3826 3704 sine

2249 3735 2506 3793 fenestris
2532 3746 2659 3794 ante
2684 3739 2869 3796 oculos
2912 3741 3175 3797 excitatus
3201 3759 3307 3798 non
3334 3744 3464 3800 sinit
3510 3745 3713 3800 radium
3750 3742 3824 3812 jno

2249 3831 2411 3886 stitia:
2449 3832 2612 3888 menti
2643 3830 2846 3898 lucere,
2878 3831 3130 3891 absurdis
3155 3834 3392 3890 libidinis
3425 3833 3825 3908 cogitationibus

2251 3923 2421 3993 ipsam
2445 3921 2680 3992 undique
2706 3923 3050 3995 cingentibus
3074 3942 3090 3992 ;
3118 3935 3171 3980 et
3199 3935 3326 3982 tunc
3352 3929 3593 3984 occurrit
3621 3927 3693 3982 illi
3717 3938 3821 3980 me-

2249 4015 2418 4070 retrix
2446 4023 2569 4070 ante
2599 4015 2805 4081 oculos,
2835 4025 2962 4072 ante
2985 4026 3220 4072 mentem
3242 4059 3259 4084 ,
3312 4029 3437 4074 ante
3485 4017 3822 4089 cogitationes

2247 4114 2398 4161 stans
2423 4113 2804 4174 etapparens;
2851 4121 2914 4162 ac
2952 4107 3404 4176 quemadmodum
3453 4109 3588 4164 caici
3619 4109 3669 4162 in
3714 4106 3821 4175 ipso

2249 4196 2472 4252 meridie
2500 4195 2599 4252 sub
2627 4197 2744 4252 eaali
2774 4198 2952 4254 medio
2974 4207 3177 4255 stantes
3208 4200 3381 4255 lucem
3405 4217 3514 4256 non
3538 4198 3816 4268 excipiunt,

2247 4289 2449 4344 clausis
2470 4288 2572 4345 sibi
2598 4289 2768 4346 oculis
2793 4307 2806 4344 :
2836 4291 2915 4346 sic
2943 4291 3117 4357 etilli,
3147 4292 3248 4347 etsi
3276 4292 3558 4350 innumera
3601 4290 3822 4358 undique

2250 4380 2380 4450 ipsis
2425 4378 2680 4436 insonent
2722 4381 2977 4436 salutaria
3017 4382 3291 4454 dogmata,
3313 4385 3494 4438 anima
3517 4384 3621 4439 hoc
3647 4378 3819 4436 morbo

2249 4479 2518 4540 correpta,
2551 4471 2657 4528 illis
2677 4473 2928 4528 omnibus
2953 4474 3132 4530 verbis
3157 4489 3318 4530 aures
3344 4477 3650 4532 obstruunt.
3671 4470 3819 4539 idque

2249 4553 2624 4632 probeseiunt
2647 4564 2706 4631 ii,
2738 4565 2828 4634 qui
2861 4580 2975 4620 rem
3002 4567 3214 4635 experti
3242 4575 3388 4622 sunt.
3427 4567 3625 4624 Verum
3651 4561 3814 4622 absit.

2249 4663 2307 4708 ut
2336 4670 2433 4710 vos
2457 4654 2506 4709 id
2535 4655 2865 4725 experientia
2899 4655 3234 4713 didiceritis.
3288 4658 3474 4728 Neque
3514 4658 3615 4712 hoc
3655 4651 3816 4710 solum

2249 4757 2527 4819 peccatum
2556 4749 2608 4804 id
2636 4749 2797 4817 facit,
2831 4749 2925 4806 sed
2959 4750 3121 4805 etiam
3159 4751 3334 4822 quivis
3353 4751 3494 4808 alius
3529 4763 3679 4805 amor
3698 4756 3814 4815 pra-

2246 4857 2366 4898 νυε.

2321 4935 2669 4990 Pecuniarttm
2711 4953 2857 4991 amor
2884 4946 3074 5007 quanta
3101 4939 3239 4992 mala
3268 4940 3456 5009 pariat.
3485 4969 3557 4982 —-
3579 4928 3813 4991 Transfe-

2247 5041 2428 5082 ramus
2454 5027 2620 5093 enim,
2643 5027 2688 5082 si
2719 5029 2916 5097 placet,
2941 5042 3246 5084 sermonem
3276 5045 3305 5083 a
3337 5029 3620 5086 meretrice
3641 5023 3704 5078 ad
3725 5035 3811 5090 pe-

2245 5121 2454 5188 cunias,
2495 5129 2551 5175 et
2587 5121 2673 5175 hic
2715 5136 2930 5191 quoque
2978 5120 3278 5178 videbimus
3324 5121 3518 5178 densas
3557 5116 3808 5175 tenebras.

2248 5214 2360 5269 Illic
2381 5215 2522 5270 enim
2552 5213 2692 5284 quod
2724 5230 2826 5269 una
2849 5224 3052 5270 tantum
3074 5215 3144 5270 sit
3168 5216 3390 5280 amasia,
3416 5218 3467 5272 in
3495 5229 3600 5270 uno
3621 5207 3806 5266 inclusa

2246 5305 2388 5369 loco,
2418 5319 2523 5361 non
2550 5306 2620 5360 ita
2667 5304 2962 5361 vehemens
2996 5315 3079 5361 est
3105 5307 3326 5362 morbus
3349 5325 3362 5362 :
3389 5307 3439 5362 in
3465 5301 3698 5376 pecuniis
3719 5309 3801 5349 auo

2246 5405 2376 5465 tem,
2410 5412 2532 5467 qua:
2579 5397 2775 5467 ubique
2816 5405 3098 5467 apparent,
3118 5399 3170 5454 in
3213 5400 3530 5470 argentariis
3572 5387 3801 5451 officinis,

2243 5489 2297 5544 in
2329 5489 2665 5554 diversoriis,
2692 5490 2744 5544 in
2771 5489 3088 5556 auriﬁcinis,
3121 5492 3174 5546 in
3196 5492 3422 5547 divitum
3453 5489 3656 5546 aedibus
3679 5523 3693 5546 ,
3721 5491 3803 5532 *ϐα

2243 5581 2468 5638 hemens
2507 5581 2678 5650 spirat
2705 5596 2879 5636 amor.
2925 5582 3154 5649 Quando
3181 5585 3325 5640 enim
3359 5597 3549 5654 pueros
3590 5568 3803 5644 superbe

2241 5685 2463 5743 agentes
2489 5673 2544 5728 in
2567 5672 2706 5739 foro,
2729 5690 2897 5745 equos
2918 5690 3054 5731 auro
3077 5688 3322 5742 onustos,
3353 5676 3594 5732 homines
3615 5658 3804 5733 υιειεηί·

2241 5763 2356 5819 licis
2376 5773 2427 5820 et
2451 5767 2780 5835 sumptuosis
2816 5766 3055 5821 vestibus
3103 5777 3324 5824 ornatos
3344 5810 3361 5837 ,
3392 5747 3799 5832 concupiseeulia

2243 5867 2419 5918 motus
2458 5858 2602 5917 videt
2626 5859 2672 5944 is
2693 5860 2782 5931 qui
2809 5859 2911 5917 hoc
2931 5860 3120 5919 morbo
3155 5861 3444 5933 detinetur,
3476 5853 3650 5916 multis
3669 5852 3800 5905 tcnc‘
