4086 6440
246 386 305 442 9|
1373 393 1440 446 IN
1483 393 1707 448 EI’IS'I.
1746 394 1763 447 I
1798 395 1891 446 AD
1925 394 2084 450 CUR.’
2128 396 2364 450 HOMIL.
2409 393 2497 453 XL
3454 399 3522 456 9‘3

244 500 303 556 τὸ
328 497 426 554 καὶ
455 498 973 569 πεφυσιῶσθαι-ἐπί
1000 501 1113 564 τοῖς
1133 499 1517 574 ἁμαρτήμασι,
1561 501 1722 566 ποίας
1750 517 1836 555 κο-

245 584 453 650 )ἀσειῖις
477 585 633 638 ἐστιν
659 583 842 650 ἀξιονί
879 586 942 639 Εί
974 585 1083 658 γάρ
1114 585 1260 639 ὀέπὶ
1283 589 1398 650 τοῖς
1415 584 1835 659 κατορθώμασιν

254 668 643 741 ἐπαιρόμενος,
691 668 1005 738 ἀκάθαρτός
1052 671 1218 736 ἐστιν,
1268 671 1299 725 6
1347 668 1440 724 ἐπὶ
1473 670 1834 741 ἁμαρτήμασι

252 755 411 810 τοῦτο
460 753 719 825 πάσχων,
750 752 912 818 ποίας
958 752 1208 821 τεύξεται
1267 753 1629 826 συγγνώμηςῖ
1685 750 1841 806 Ἐπεὶ

254 836 346 896 οὖν
377 837 625 901 τοιοῦτος
664 830 733 908 ἦν
763 837 793 889 6
828 837 1237 910 πεπορνευκὼς,
1283 838 1379 893 καὶ
1408 838 1507 910 τὴν
1535 837 1714 908 ψυχὴν
1744 833 1839 889 06-

252 940 363 987 τως
398 920 605 993 ἰταμὴν
631 920 729 975 καὶ
752 918 1061 974 δυσένδοτον
1090 920 1386 993 εἰργάσατο
1413 921 1502 975 διὰ
1528 924 1628 992 τῆς
1656 921 1837 992 ἀμαρο

258 1008 399 1070 τξας,
450 1004 772 1074 ἀναγκαίως
812 1003 976 1058 αὐτοῦ
1026 1004 1463 1077 προκαταϐάλλει
1505 1005 1598 1059 τὸν
1640 1003 1834 1074 τῦφον.

256 1091 369 1145 Καὶ
394 1089 522 1144 οὔτε
572 1088 789 1163 πρῶτον
814 1089 998 1160 τίθησι
1023 1089 1084 1143 τὸ
1115 1088 1391 1161 ἔγκλημα,
1421 1088 1564 1142 ὥστε
1614 1086 1690 1159 μὴ
1736 1088 1839 1141 ἀπ-

252 1173 691 1245 αναισχυντῆσαι
722 1171 905 1239 αὐτὸν,
928 1172 1004 1236 ὡς
1032 1172 1138 1244 πρὸ
1160 1172 1273 1227 τῶν
1305 1172 1480 1227 ἀλλων
1508 1168 1839 1240 ἐγκαλούμε-

252 1274 368 1312 νον·
402 1256 534 1311 οὕτε
557 1255 617 1310 δέ
647 1254 893 1327 ὕστερον,
917 1255 1056 1309 ὥστε
1081 1254 1351 1327 αὐτδνιμὴ
1378 1253 1601 1326 νομίσαι
1625 1253 1837 1325 πάρερ-

250 1358 354 1412 γον
382 1337 530 1396 εἶναι
557 1340 619 1394 τὺ
641 1340 761 1394 κατ’
787 1339 977 1393 αὐτόν·
1026 1338 1162 1393 ἀλλά
1193 1339 1459 1411 πρότερον
1491 1337 1663 1392 πολὺν
1686 1334 1836 1406 αὐτῷ

249 1425 426 1495 φόϐον
457 1424 633 1489 ἐνθεὶς
682 1426 748 1479 ἐκ
771 1423 872 1495 τῆς
913 1424 1051 1496 πρὸς
1095 1424 1316 1496 ἐτέρους
1353 1420 1688 1495 παρρησίας,
1713 1420 1835 1473 τότε

250 1510 345 1564 ἐπ’
370 1509 542 1563 αὐτὸν
568 1510 752 1579 χωρεῖ,
778 1508 837 1561 ἐν
858 1509 923 1580 τῇ
954 1507 1090 1579 πρὸς
1115 1507 1335 1579 ἐτέρους
1358 1506 1676 1578 ἐπιτιμήσει
1708 1521 1838 1577 προ-

252 1591 570 1646 κατασείων
594 1589 757 1645 αὐτοῦ
782 1590 881 1661 τὴν
922 1590 1199 1645 ἀπόνοιαν.
1233 1590 1385 1645 Αύτά
1410 1589 1522 1661 γάρ
1554 1587 1728 1643 ταῦτα
1765 1586 1836 1640 τά

251 1677 484 1747 ῥήματα
507 1674 592 1738 τὸ,
638 1671 831 1728 Οὐδὲν
861 1671 1096 1743 ἐμαυτῷ
1134 1675 1411 1739 σύνοιδαι
1445 1672 1586 1729 ἀλλ’
1617 1673 1731 1727 οὐκ
1763 1670 1858 1724 ἐν·

249 1760 452 1824 τούτῳ
480 1755 881 1828 δεδικαίωμαι·
912 1757 1113 1823 καὶτὸ,
1151 1757 1469 1828 Ὸακρίνων
1482 1772 1581 1825 με,
1615 1754 1833 1824 Κύριός

247 1842 452 1906 ἐστιν,
482 1839 551 1908 δζ·
579 1841 676 1894 καί
727 1841 975 1911 φωτίσει
1006 1840 1080 1895 τὰ
1128 1839 1363 1909 κρυπτὰ
1395 1839 1502 1895 τοῦ
1543 1840 1828 1904 σκότους,

248 1924 355 1979 καὶ
400 1923 736 1995 φανερώσει
767 1923 876 1989 τὰς
898 1923 1136 1990 ,βουλὰς
1166 1922 1285 1978 τῶν
1312 1922 1593 1992 καρδιῶν,
1622 1921 1721 1992 οὐχ
1753 1921 1832 1985 ὼς

246 2009 413 2080 ἔτυχε
440 2009 695 2063 κάκείνου
728 2009 824 2062 καὶ
845 2007 954 2063 τῶν
980 2008 1213 2080 ἐκείνῳι
1232 2007 1332 2079 μέν
1363 2005 1851 2078 συγκροτούντων,-

245 2094 380 2157 τοὺς
410 2091 684 2160 δέπάγίους
717 2090 1160 2159 ἐξουθενούντων,
1198 2091 1564 2147 καθάπτεται.
1599 2090 1665 2143 Τί
1696 2088 1848 2159 γάρμ

247 2177 441 2246 φησὶν,
471 2176 521 2228 εἰ
553 2173 751 2240 ἔξωθεν
772 2174 1019 2247 ἐνάρετοι
1062 2173 1347 2246 φαίνονταί
1381 2191 1531 2238 τινες
1561 2175 1658 2228 καὶ
1695 2172 1839 2226 θαυ-

249 2259 489 2329 μαστοί;
522 2259 599 2313 Οὐ
625 2257 735 2312 τῶν
757 2258 957 2327 ἔξωθεν
978 2260 1175 2333 κριτής
1210 2260 1331 2313 ἐστι
1375 2257 1535 2331 μόνον
1564 2258 1775 2322 ἐκεῖνος
1802 2257 1853 2310 δ’.

243 2343 557 2415 δικαστὴς,,
583 2343 717 2398 ἀλλά
766 2343 864 2398 καὶ
917 2343 987 2398 τά
1037 2344 1329 2416 ἀπόρρητα
1370 2344 1452 2408 είς
1485 2341 1650 2414 μέσον
1680 2340 1835 2411 ἀγει.

246 2427 353 2482 Δύο
384 2429 573 2481 τοίνυν
614 2427 820 2495 ένεκεν,
859 2427 1060 2498 μᾶλλον
1090 2428 1149 2482 δὲ
1190 2427 1285 2481 καὶ
1315 2425 1504 2499 τριῶν,
1544 2426 1647 2480 οὐκ
1678 2425 1830 2480 ἐστιν

245 2512 406 2582 ἡμῶν
459 2514 492 2581 ή
528 2510 708 2583 κρίσις
746 2511 1011 2583 ἀκριϐής·
1057 2511 1176 2576 ἐνὸς
1228 2511 1350 2582 μέν,
1402 2511 1485 2566 ὅτι
1519 2509 1623 2564 κᾶν
1660 2509 1831 2582 μηδὲν

243 2591 397 2665 ὦμεν
431 2596 645 2659 ἑαυτοῖς
670 2593 991 2660 συνειδότες,
1018 2594 1167 2668 ὅμως
1190 2593 1546 2667 δεόμεθα-τοῦ
1567 2593 1637 2648 τά
1659 2595 1831 2667 ἀμαρ-

244 2680 474 2750 τήματα
510 2679 670 2749 ήμῶν
703 2679 1017 2750 ἐλέγχοντος
1075 2680 1213 2751 μετά
1259 2680 1579 2750 ἀκριϐείας·
1635 2679 1828 2751 ἐτέρου

247 2760 530 2829 δέ,ὃτιντά
566 2761 785 2816 πλείονα
812 2762 920 2816 τῶν
940 2763 1240 2834 γινομένων
1267 2765 1414 2835 ήμᾶς
1446 2762 1702 2818 λανθάνει
1735 2763 1830 2818 καὶ

252 2846 579 2916 κρύπτεται·
628 2844 722 2900 καὶ
765 2845 1118 2919 τρίτουνπρὺς
1145 2845 1379 2911 τούτοις,
1404 2847 1487 2901 ὅτι
1515 2846 1687 2901 πολλὰ
1718 2847 1827 2901 τῶν

254 2933 564 3002 γενομένων
610 2928 741 3000 παρ’
796 2929 996 3002 ἐτέρων
1045 2930 1207 2984 δοκεῖν
1228 2932 1327 3001 μὲν
1358 2933 1490 3002 ήμῖν
1529 2930 1694 2995 καλά,
1726 2932 1839 2986 οὐκ

253 3015 355 3067 ἀπὸ
380 3013 562 3084 ὀρθῆς
588 3012 646 3067 δὲ
680 3013 908 3082 γίνεταιν
939 3011 1187 3085 γνώμης.
1234 3014 1302 3068 Τί
1345 3015 1527 3069 τοίνυν
1555 3015 1714 3086 φατὲ,
1745 3016 1828 3069 ὅτι

251 3098 398 3151 οὐδὲν
432 3098 752 3168 ἡμάρτηται
802 3096 883 3169 τῷ
925 3097 1058 3151 δεῖνι
1082 3098 1187 3152 καῖ
1210 3097 1289 3169 τῷ
1315 3099 1469 3163 δεῖνι,
1503 3101 1599 3154 καί
1622 3102 1651 3154 6
1680 3101 1829 3156 δεῖνα

249 3180 338 3233 τοῦ
365 3180 545 3243 δεῖνος
575 3178 835 3251 βελτίων;
890 3180 1060 3235 Τοῦτο
1088 3179 1197 3252 γὰρ
1223 3181 1325 3236 οὐκ
1362 3181 1511 3237 ἔστιν
1538 3183 1828 3255 ἀποφήνα-

251 3264 395 3327 σθαι,
427 3263 555 3316 οὐδὲ
580 3261 711 3333 περὶ
738 3261 832 3317 τοῦ
881 3263 1047 3334 μηδὲν
1080 3264 1258 3337 ἐαυτῷ
1296 3265 1619 3333 συνειδότος·
1654 3264 1684 3317 6
1715 3265 1826 3338 γὰρ

247 3347 313 3400 τά
344 3347 639 3418 ἀπόρρητα
667 3346 889 3417 κρίνων,
913 3349 1118 3413 ἐκεῖνός
1146 3351 1294 3403 ἐστιν
1322 3350 1512 3422 ὀμετά
1540 3350 1827 3421 ἀκριϐείας

246 3428 505 3494 δικάζων.
540 3429 672 3483 Ἰδοὺ
721 3429 874 3498 γοῦν,
904 3430 1027 3486 ούδέ
1057 3432 1178 3501 ἐγώ
1216 3451 1283 3487 τις
1308 3434 1531 3507 ἐμαυτῷ
1566 3436 1786 3491 σύνοιδα
1807 3453 1822 3470 ·

245 3514 361 3567 ἀλλ’
392 3513 519 3567 οὺδέ
567 3511 713 3568 οὕτω
758 3514 1475 3586 δεδικαίωμαι·λτουτέστιν,
1502 3518 1605 3573 οὐκ
1646 3520 1826 3592 ἀπήλ-

245 3597 461 3674 λαγμαι
488 3596 599 3650 τῶν
627 3596 867 3651 εὐθυνῶν
894 3597 1026 3652 οὐδὲ·
1042 3599 1153 3651 τῶν
1187 3599 1570 3672 ἐγκλημάτων.
1609 3603 1685 3655 Οὐ
1715 3602 1827 3674 γὰρ

249 3680 737 3749 τοῦτό”φησιν,,ὄτι
785 3680 900 3733 Οὐκ
941 3682 1139 3747 ἐνιτοῖς
1175 3682 1204 3723 δ
1252 3682 1485 3750 δικαίοις
1530 3685 1823 3758 τέταγμαι,

249 3765 357 3817 ἀλλ’
370 3765 477 3818 ’ὅτι
502 3765 619 3818 Οὐκ
667 3764 794 3835 εἰμί’
818 3763 1059 3836 καθαρὸς
1100 3765 1210 3820 ἀπὸ
1239 3767 1536 3839 ἁμαρτίας.
1571 3769 1684 3824 Καὶ
1715 3768 1826 3840 γὰρ

250 3845 484 3918 ἀλλαχοῦ
512 3861 700 3917 φησιν·
741 3847 797 3900 '0
847 3846 917 3901 δὲ
962 3848 1283 3904 ἀποθανὼν
1311 3850 1426 3923 [9|]
1454 3851 1827 3905 δεδικαίωται

248 3930 360 3984 ἀπὸ
394 3928 510 3995 τῆς
538 3929 855 4000 ἁμαρτίας·
914 3930 1212 3999 τουτέστιν,
1246 3933 1616 4003 ἀπήλλακται.
1644 3933 1825 3987 Πολλὰ

245 4014 299 4065 δέ
328 4014 426 4068 καὶ
456 4014 770 4085 πράττομεν
795 4014 974 4082 ἀγαθά
1003 4016 1121 4086 μὲν,
1147 4016 1249 4071 οὐκ
1271 4017 1381 4070 ἀπὸ
1405 4015 1571 4089 ὀρθῆς
1595 4016 1653 4071 δέ
1680 4015 1829 4087 γνώο

246 4114 373 4167 μης.
430 4097 545 4151 Καὶ
596 4097 705 4165 γάρ
758 4097 1091 4169 ἐπαινοῦμεν
1124 4098 1375 4165 πολλοὺς,
1431 4100 1534 4154 οὐκ
1579 4101 1838 4164 ἐκείνους

244 4183 472 4254 ποιῆσαι
498 4181 789 4253 λαμπροὺς
823 4181 1156 4254 βουλόμενοι,
1187 4183 1305 4238 ἀλλ’
1333 4184 1556 4257 ἐτέρους
1581 4184 1650 4239 δι’
1674 4186 1824 4238 ἐκεί-

242 4282 347 4319 νων
368 4266 614 4319 δάκνειν.
648 4265 755 4318 Καὶ
786 4265 847 4317 τὸ
880 4266 980 4336 μὲν
1009 4267 1313 4339 γινόμενον,
1356 4269 1520 4323 καλὸν
1555 4269 1835 4340 (ἐπαινεῖις

241 4366 329 4403 ται
376 4349 490 4419 γάρ
537 4350 569 4401 ό
615 4348 943 4421 κατορθῶν),
989 4352 1024 4422 ή
1066 4351 1124 4404 δὲ
1171 4351 1383 4408 διάνοια
1406 4354 1838 4427 διεφθαρμένη·

240 4433 349 4488 ἀπὸ
390 4433 693 4502 σατανικῆς
739 4434 851 4506 γάρ
902 4435 1114 4501 γίνεται
1164 4436 1412 4508 γνώμης.
1478 4439 1555 4491 Οὐ
1590 4438 1701 4510 γὰρ
1744 4440 1822 4511 τῷ

236 4515 464 4587 ἀδελφῷ
514 4516 849 4587 συγχαίρων,
884 4517 1022 4571 ἀλλά
1073 4518 1167 4573 τὸν
1195 4519 1383 4592 ἕτερον
1414 4520 1599 4591 βαλεῖν
1628 4522 1822 4577 ἐπιθυ-

242 4601 379 4673 μῶν,
410 4599 576 4653 τοῦτο
620 4599 884 4663 πολλάκις
934 4601 1205 4675 πεποίηκέ
1232 4620 1336 4667 τις.
1369 4604 1561 4665 Πάλιν,
1601 4605 1841 4679 ἥμαρτέι

236 4701 320 4749 τις
344 4682 629 4756 ἁμαρτίαν
656 4682 1131 4754 μεγάλην··ἐτερός
1161 4702 1247 4749 τις
1276 4686 1441 4741 αὐτὸν
1461 4689 1819 4745 ὑποσκελίσαι

236 4767 589 4838 βουλόμενος,
636 4766 787 4821 οὐδέν
817 4783 981 4837 φησιν
1011 4767 1323 4839 εἰργάσθαι,
1352 4771 1447 4825 καὶ
1474 4773 1822 4844 παραμυθεῖ-

237 4869 326 4906 ται
348 4852 517 4923 δῆθεν
547 4851 707 4904 αὑτὸν
738 4851 1256 4922 ἀμαρτάνοντα,ἐπὶ
1285 4853 1347 4908 τὸ
1376 4857 1557 4911 κοινὸν
1589 4857 1689 4927 τῆς
1714 4859 1820 4929 φύ-

237 4953 378 5000 σεως
438 4933 834 5004 καταφεύγων·
881 4934 999 4990 ἀλλ’
1047 4936 1115 4990 06.
1159 4937 1471 5007 συγγνῶναι
1532 4940 1839 5009 πολλάκιςν

239 5018 375 5073 ἀλλά
448 5017 834 5091 ῥᾳθυμότερον
869 5014 1207 5090 ἐργάσασθαι
1254 5020 1602 5094 βουλόμενος,
1660 5024 1821 5080 τοῦτο

233 5105 404 5157 ποιεῖ.
436 5101 608 5156 Πάλιν
635 5101 954 5174 ἐπιπλήττει
976 5102 1256 5169 πολλάκις,
1284 5105 1383 5177 οὐχ
1411 5105 1555 5160 ὥστε
1600 5107 1820 5178 ἐλέγξαι

233 5187 332 5239 καὶ
357 5185 705 5258 νουθετῆσαι,
735 5186 851 5241 ἀλλ’
878 5186 1021 5241 ὥστε
1048 5188 1434 5259 ἐκπομπεῦσαι
1461 5191 1559 5245 καὶ
1578 5193 1821 5264 ἐκτραγ-

234 5270 448 5341 ῳδῆσαι
499 5268 580 5340 τῷ
628 5270 857 5342 πλησίον
890 5270 989 5344 τὴν
1023 5271 1339 5344 ἁμαρτίαν.-
1365 5273 1477 5340 Τὰς
1520 5276 1579 5330 δὲ
1621 5276 1819 5348 βουλὰς

235 5353 412 5416 αὑτὰς
453 5350 731 5425 ἄνθρωποι
776 5354 876 5425 μὲν
925 5355 1040 5409 ούκε
1079 5355 1280 5423 ἴσασιν,
1323 5359 1352 5411 ὀ
1380 5358 1439 5413 δέ
1459 5359 1561 5424 τὰς
1588 5361 1818 5433 καρδίας

240 5435 481 5509 ἐρευνῶν
528 5438 773 5508 ἀκριϐῶς
837 5440 1149 5507 ἐπίσταται,
1204 5442 1299 5497 καὶ
1346 5445 1428 5509 εἰς
1484 5445 1651 5515 μέσον
1699 5446 1818 5514 ἀξει

241 5522 422 5576 πάντα
447 5522 566 5575 τότε
602 5523 926 5578 ἐκεῖνα.-Διδ
958 5525 1053 5578 καὶ
1080 5524 1266 5595 ἔλεγεν
1284 5543 1299 5560 ·
1337 5529 1436 5594 Ὃς
1466 5530 1714 5598 φωτίσει
1745 5531 1818 5586 τὰ

242 5604 473 5673 κρυπτὰ
500 5605 609 5660 τοῦ
635 5606 923 5675 σκότους,
958 5609 1058 5662 καὶ
1080 5610 1416 5680 φανερώσει
1442 5612 1549 5680 τὰς
1577 5613 1817 5681 ,βουλὰς

244 5689 356 5743 τῶν
382 5688 662 5759 καρδιῶν.

312 5794 475 5849 Ὅταν
493 5790 585 5849 οὖν
618 5794 718 5848 καὶ
748 5795 810 5848 ἐν
835 5792 916 5865 τῷ
940 5794 1109 5867 μηδὲν
1142 5797 1359 5864 ἑαυτοῖς
1400 5798 1697 5855 συνειδέναι
1738 5800 1822 5873 μὴ

303 5987 507 6057 indm,
526 5992 720 6057 ἐκείνῳ.
755 5990 902 6055 Βεεη
926 5992 1121 6043 ἐκεῖνον.
1185 6000 1215 6043 h
1241 5995 1348 6060 Reg
1373 6033 1387 6060 ,
1413 5997 1485 6046 ὅτι
1511 5997 1557 6047 ἐν
1576 5997 1689 6056 τοῖς.

1940 502 2224 575 δυνώμεθα
2251 506 2610 578 ἐγκλημάτων
2641 503 2781 562 εἶναι
2810 507 3060 581 καθαροὶ,
3085 510 3178 565 καὶ
3199 512 3258 565 ἐν
3277 509 3358 577 οἷς
3386 516 3520 584 ἀγα-

1943 585 2035 640 θόν
2057 605 2112 641 τι
2141 590 2477 671 πράττομεν,
2505 592 2607 647 οὐκ
2626 592 2734 646 ἀπὸ
2761 593 2928 665 ὀρθῆς
2955 594 3013 647 δὲ
3036 596 3261 666 γνώμης
3280 598 3519 671 πράττο-

1945 687 2067 741 μεν,
2096 672 2375 744 τιμωρίας
2391 667 2542 745 ὣμεν
2571 674 2882 742 ὑπεύθυνοι,
2916 677 3169 746 ἐννόησον
3370 683 3522 751 παρά

1937 753 2247 836 ἀνθρώποις
2278 757 2463 828 ἀπάτη
2485 759 2615 829 περὶ
2634 758 2734 823 τάς
2756 760 2987 830 κρίσεις.
3008 761 3194 815 Πάντα
3220 762 3329 836 γὰρ
3348 765 3522 819 ταῦτα

1938 835 2247 909 ἀνθρώποις
2298 841 2399 911 μὲν
2442 841 2547 895 οὐκ
2586 841 2735 897 ἔστιν
2771 842 2995 912 ἐφικτὰ,
3030 842 3109 914 τῷ
3137 844 3197 898 δὲ
3230 846 3521 919 ἀκοιμήτῳ

1941 920 2088 993 μόνῳ
2111 922 2407 995 ὀφθαλμῷ·
2437 923 2540 979 κᾶν
2568 925 2893 998 ἀνθρώπους
2926 927 3304 999 ἀπατήσωμεν
3323 969 3338 996 ,
3373 931 3519 984 ἐκεῖ-

1935 1021 2028 1059 νον
2059 1005 2311 1059 οὐδέποτε
2335 1007 2837 1079 παραλογισάμεθα.
2872 1009 2964 1081 Μὴ
2985 1010 3164 1064 τοίνυν
3191 1012 3342 1082 λέγε·
3380 1014 3517 1066 Σκό-

1937 1102 2027 1150 τος
2052 1086 2235 1159 κύκλῳ
2270 1106 2375 1159 μου
2403 1089 2498 1145 καὶ
2536 1093 2713 1162 τοῖχοι
2736 1108 2751 1123 ·
2782 1092 2867 1157 τίς
2904 1110 2972 1163 με
3003 1092 3140 1165 ὀρᾷ;
3172 1096 3200 1148 ὀ
3238 1094 3349 1165 γὰρ
3380 1096 3518 1150 πλά-

1939 1187 2038 1234 σας
2064 1172 2379 1242 καταμόνας
2400 1173 2505 1239 τὰς
2537 1175 2765 1246 καρδίας
2786 1176 2962 1248 ἡμῶν,
2995 1177 3157 1242 αὐτὸς
3185 1179 3365 1234 πάντα
3391 1181 3516 1233 ἐπίο

1939 1270 2151 1318 σταται,
2180 1255 2262 1309 ὅτι
2289 1256 2481 1321 σκότος
2516 1258 2577 1311 06
2607 1258 3027 1331 σκοτισθήσεται
3054 1262 3185 1331 παρ’
3210 1262 3377 1334 αὐτῷ.
3404 1265 3517 1319 Κα-

1936 1335 2044 1401 λῶς
2071 1336 2130 1391 δέ
2167 1355 2333 1408 φησιν
2368 1340 2398 1393 6
2426 1341 2789 1413 ἁμαρτάνων,
2820 1343 2904 1397 ὅτι
2954 1342 3152 1408 Σκότος
3181 1345 3365 1418 κύκλῳ
3413 1365 3516 1418 μου

1935 1421 2030 1474 καὶ
2053 1423 2243 1492 τοῖχοι.
2267 1422 2329 1475 Et
2357 1421 2433 1494 μὴ
2458 1423 2569 1495 γὰρ
2591 1424 2781 1489 σκότος
2799 1420 2869 1496 ἦν
2891 1425 2949 1479 ἐν
2978 1430 3043 1498 τῇ
3066 1428 3294 1500 διανοίᾳ,
3327 1431 3433 1484 οὐκ
3449 1430 3517 1484 ἂν

1933 1504 2032 1558 τὸν
2062 1505 2227 1575 φόϐον
2252 1505 2345 1560 τοῦ
2376 1504 2509 1561 Θεοῦ
2535 1508 2807 1573 ἐκϐαλὼν,
2842 1509 2982 1580 μετά
3009 1511 3193 1576 ἀδείας
3222 1512 3514 1584 ἔπραττεν.

1937 1588 2040 1641 ’Ἂν
2066 1587 2175 1659 γὰρ
2204 1587 2280 1660 μὴ
2296 1590 2562 1663 πρότερον
2589 1592 2848 1664 σκοτισθῇ
2874 1593 2936 1646 τὸ
2951 1595 3299 1666 ἡγεμονικὸν,
3325 1597 3516 1649 ἐπεισ-

1934 1668 2161 1742 ελθεῖνή
2193 1672 2439 1744 ἁμαρτία
2480 1674 2618 1745 μετά
2650 1675 2836 1739 ἀδείας
2855 1676 2916 1729 o6
2949 1675 3195 1731 δύναται.
3223 1678 3317 1749 Μὴ
3338 1679 3519 1733 τοίνυν

1933 1752 2079 1823 λέγε·
2113 1754 2211 1816 Τίς
2264 1772 2331 1827 με
2364 1757 2504 1828 ὁρᾷς
2557 1757 2674 1811 ἐστι
2723 1758 2832 1830 γὰρ
2866 1760 2896 1813 6
2931 1758 3304 1831 διικνούμενος
3352 1760 3515 1832 μέχρι

1932 1835 2114 1907 ψυχῆς
2137 1838 2233 1891 καὶ
2258 1838 2814 1912 πνεύματος,ηάιρμῶν
2851 1858 2911 1894 τε
2955 1843 3049 1896 καὶ
3089 1841 3301 1913 μυελῶν
3322 1860 3336 1875 ·
3379 1844 3516 1899 ἀλλά

1936 1921 2001 1975 σὺ
2026 1921 2219 1976 σαυτὸν
2237 1923 2336 1994 οὐχ
2372 1925 2529 1996 ὁρᾷς,
2553 1925 2676 1980 οὐδὲ
2706 1923 3032 1998 διατέμνειν·
3063 1925 3289 1981 δύνασαι
3326 1927 3388 1980 τὸ
3425 1928 3514 1982 νέ-

1933 2020 2054 2073 φος,
2079 2005 2194 2061 ἀλλ’
2216 2006 2630 2081 ὥσπερττειχίον
2658 2009 2924 2065 πάντοθεν
2946 2009 3513 2082 ἐχωψπερικείμενον,

1933 2087 2104 2153 οὕτως
2134 2090 2434 2161 ἀναϐλέψαι
2472 2093 2610 2164 πρὸς
2631 2093 2725 2148 τὸν
2751 2093 2985 2166 οὐρανὸν
2999 2095 3100 2148 οὐκ
3123 2092 3283 2167 ἔχεις.

2000 2172 2044 2226 δ’
2050 2174 2238 2229 ,Ποίαν
2252 2174 2362 2248 γὰρ
2382 2175 2560 2246 βούλει
2575 2178 2842 2250 πρότερον
2855 2178 3130 2251 ἁμαρτίαν
3144 2175 3385 2245 ἐξετάσω
3391 2192 3513 2249 μεν;

1930 2257 2027 2310 καὶ
2053 2256 2174 2328 ὄψει
2190 2257 2334 2313 οὕτω
2351 2259 2643 2331 γινομένην
2664 2263 2859 2334 αὐτήν»
2889 2262 3158 2334 Καθάπερ
3181 2261 3292 2333 γὰρ
3313 2261 3513 2334 λῃσταὶ

1931 2341 2027 2395 καὶ
2061 2343 2468 2415 τοιχωρύκται,.
2492 2346 2715 2399 ἐπειδάν
2752 2363 2821 2400 τι
2836 2346 2943 2401 τῶν
2970 2346 3168 2418 τιμίων
3205 2345 3391 2401 λαϐεῖν
3419 2345 3513 2399 θε-

1932 2422 2158 2495 λήσωσι,
2175 2427 2268 2481 τὸν
2296 2425 2490 2498 λύχνον
2512 2429 2952 2494 κατασϐέσαντες
2980 2428 3136 2483 τοῦτο
3156 2429 3511 2501 πράττουσιν·

1930 2508 2076 2564 οὕτω
2094 2510 2188 2563 καί
2206 2511 2298 2565 ἐπὶ
2327 2511 2434 2565 τῶν
2453 2512 2881 2583 ἁμαρτανόντων
2904 2515 2933 2567 6
2950 2511 3348 2584 διεφθαρμένος
3370 2513 3517 2565 ποιεῖ

1930 2591 2211 2665 λογισμός.
2242 2593 2354 2647 Καὶ
2380 2594 2486 2673 γὰρ
2518 2595 2615 2649 καὶ
2651 2596 2711 2648 ἐν
2739 2596 2874 2665 ήμῖν
2905 2595 3025 2649 ἐστι
3054 2593 3171 2664 φῶς
3205 2594 3267 2648 τὸ
3295 2594 3515 2663 λογικὸν

1929 2673 2103 2728 διόλου
2139 2675 2452 2746 καιόμενον.
2488 2678 2586 2731 Ἂν
2625 2675 2683 2730 δέ
2740 2677 2801 2730 τὸ
2847 2676 3069 2748 πνεῦμα
3101 2677 3215 2747 ,τῆς
3254 2676 3515 2747 πορνείας

1931 2757 2177 2830 σφοδρῶς
2203 2758 2430 2813 ἐπελθὸν
2458 2754 2601 2831 μετὰ
2630 2758 2834 2831 πολλῆς
2865 2761 2966 2831 τῆς
2995 2760 3176 2832 ῥύμης
3197 2759 3516 2833 κατασϐέσῃ

1926 2840 2026 2913 τὴν
2054 2841 2232 2911 φλόγα
2254 2842 2492 2914 ἐκείνην,
2523 2842 2808 2897 ἐσκότισεν
2849 2842 3052 2907 εὐθέως
3083 2842 3183 2914 τὴν
3215 2841 3393 2915 ψυχὴν
3419 2844 3515 2896 καὶ

1929 2925 2369 2996 κατηγωνίσατο,
2401 2926 2495 2981 καί
2534 2927 2712 2996 πάντα
2744 2925 3012 2999 ἐσύλησεν
3052 2926 3261 2990 εὐθέως
3312 2925 3386 2979 τά
3422 2928 3513 2979 ἐν-

1928 3008 2461 3079 αποκείμενα.”οταν
2484 3008 2593 3081 γὰρ
2619 3009 2724 3063 61:6
2739 3009 3003 3079 ἀσελγοῦς
3027 3008 3321 3081 ἐπιθυμίας
3339 3008 3453 3080 άλῷ
3478 3010 3527 3081 ἡΑ

1926 3090 2095 3163 ψυχὴ,
2120 3093 2376 3166 καθάπερ
2409 3094 2571 3164 νέφος
2624 3094 2719 3148 καὶ
2752 3095 2923 3165 ἀχλὺς
2953 3094 3083 3158 τοὺς
3129 3093 3223 3148 τοῦ
3259 3092 3527 3166 σώματος

1926 3175 2263 3248 ὀφθαλμοὺς,
2292 3177 2437 3233 οὕτω
2472 3178 2574 3249 τῆς
2598 3177 2842 3242 διανοίας
2872 3177 2933 3232 τὸ
2979 3178 3340 3250 προορατικδν
3380 3195 3515 3250 προ-

1928 3259 2310 3314 καταλαϐοῦσα
2334 3260 2542 3333 ἐκείνη,
2561 3260 2748 3316 οὐδένα
2769 3261 2995 3333 ἀφίησιν
3023 3262 3152 3316 ἰδεῖν
3177 3260 3295 3334 [92]
3320 3277 3388 3314 πε
3399 3277 3514 3333 ραι-
3630 3268 3633 3271 ’

1926 3343 2091 3415 τέρω,
2121 3344 2184 3397 06
2210 3345 2478 3416 κρημνὸν,
2511 3346 2572 3398 οὐ
2612 3345 2839 3414 γέενναν
2858 3385 2872 3409 ,
2908 3345 2969 3397 06
3013 3344 3180 3413 φόϐον
3199 3385 3215 3409 ,
3259 3343 3378 3398 ἀλλ’.
3406 3344 3515 3398 ὑπὸ

1925 3427 2026 3499 τῆς
2047 3428 2342 3501 ἐπιϐουλῆς
2364 3428 2582 3501 ἐκείνης
2604 3428 3244 3501 τυραννηοεῖσασλοιπὸν,
3269 3428 3513 3485 εὐκαταμ

1925 3513 2187 3582 γώνιστος
2214 3513 2319 3567 ὑπὸ
2350 3512 2450 3584 τῆς
2492 3513 2770 3586 ἁμαρτίας
2821 3512 3072 3582 γίνεται·
3119 3513 3217 3566 καὶ
3257 3512 3523 3584 καθάπερ.

1926 3599 2103 3667 τοῖχος
2139 3596 2472 3667 ἁθυρίδωτος
2494 3597 2601 3669 1:96
2622 3596 2731 3650 τῶν
2758 3594 3053 3666 ὀφθαλμῶν
3100 3594 3369 3667 ἐγερθεὶς,
3408 3594 3511 3650 οὐκ

1925 3680 2121 3752 ἀφίησι
2150 3680 2248 3753 τὴν
2271 3682 2468 3735 ἀκτῖνα
2501 3681 2603 3752 τῆς
2626 3679 2973 3751 δικαιοσύνης
3004 3678 3277 3750 ἐλλάμψαι
3302 3681 3371 3752 τῇ
3400 3679 3511 3733 δια-

1925 3763 2066 3834 νοίᾳ,
2093 3764 2201 3818 τῶν
2218 3764 2502 3837 λογισμῶν
2527 3763 2637 3819 τῶν
2656 3763 2882 3818 ἀτόπων
2913 3764 3013 3835 τῆς
3036 3763 3336 3833 ἐπιθυμίας
3373 3763 3511 3817 πάν-

1924 3846 2080 3901 τοθεν
2102 3847 2273 3918 αὐτὴν
2298 3848 2747 3919 ἐπιτειχισάντων
2771 3858 2793 3887 ο
2817 3863 2831 3878 ·
2856 3846 2953 3900 καὶ
2971 3848 3189 3917 ἀπαντᾷ
3217 3845 3366 3917 αὐτῷ
3385 3846 3510 3900 τότε

1924 3929 2112 3983 λοιπὸν
2142 3930 2187 4002 ιτ
2205 3931 2579 4001 πορνευομένη
2612 3930 2771 4002 γυνὴ,
2802 3930 2910 4000 πρὸ
2927 3930 3037 3984 τῶν
3060 3930 3381 4002 ὀφθαλμῶν,
3400 3931 3511 4002 πρὸ

1923 4012 2027 4083 τῆς
2064 4012 2324 4077 διανοίας,
2356 4013 2464 4083 1:96
2494 4013 2604 4066 τῶν
2632 4012 2916 4084 λογισμῶν
2964 4012 3180 4068 ἐστῶσα
3205 4013 3301 4068 καὶ
3324 4029 3514 4082 φαινος

1928 4095 2100 4166 μένη·
2133 4096 2229 4148 καὶ
2253 4094 2445 4165 ὥσπερ
2470 4096 2521 4148 οί
2544 4093 2985 4167 πεπηρωμένοι,
3019 4098 3126 4150 κᾶν
3174 4096 3233 4149 ἐν
3271 4095 3511 4167 σταθερᾷ.

1927 4176 2248 4249 μεσημϐρία
2286 4177 2381 4230 ὑπ’
2411 4176 2579 4231 αὐτοῦ
2609 4177 2707 4231 τοῦ
2736 4177 2767 4218 ἀ
2795 4177 3031 4249 οὐρανοῦ
3059 4178 3122 4232 τὸ
3159 4179 3324 4250 μέσον
3346 4179 3509 4249 ἐστη-

1925 4260 2081 4324 κότες
2110 4253 2340 4326 ὧσιν,ού
2363 4259 2763 4331 παραδέχονται
2787 4260 2848 4314 1:6
2881 4260 3020 4331 φῶς,
3038 4261 3508 4333 ἐγκεκλεισμένων

1923 4343 2110 4407 αὐτοῖς
2138 4344 2247 4398 τῶν
2270 4344 2536 4414 ὀμμάτων
2554 4361 2567 4375 ·
2595 4343 2740 4398 οὕτω
2772 4344 2838 4416 δὴ
2861 4344 2959 4398 καὶ
3004 4335 3175 4408 οὗτοι,
3203 4345 3308 4399 κᾶν
3339 4344 3509 4415 μυρία

1925 4426 2414 4491 πάντοθεναῦτοῖς
2443 4430 2612 4500 ἐνηχῇ
2663 4431 2903 4500 σωτήρια
2938 4427 3206 4498 δόγματα,
3229 4428 3306 4500 τῷ
3344 4427 3507 4483 πάθει

1922 4512 2098 4584 τούτῳ
2128 4513 2666 4585 προκατειλημμένοι
2689 4515 2788 4585 τὴν
2806 4512 3007 4585 ψυχὴν,
3035 4514 3170 4569 πᾶσι
3190 4516 3303 4577 τοῖς
3327 4512 3509 4566 τοιού-

1921 4610 2039 4661 τοις
2067 4595 2252 4665 λόγοις
2284 4596 2703 4667 ἀποφράττουσι
2730 4597 2829 4669 τὴν
2861 4597 3058 4668 ἀκοήν.
3104 4596 3220 4650 Καὶ
3248 4595 3429 4650 ίσασιν
3456 4597 3517 4649 ol-

1921 4679 2022 4748 τὴν
2052 4682 2248 4751 πεῖραν
2273 4679 2555 4750 εἰληφότες
2584 4679 2787 4744 καλῶς.
2823 4679 2965 4733 Ἀλλ’
2995 4680 3141 4750 ὑμᾶς
3176 4679 3265 4750 μὴ,
3296 4678 3521 4749 γένοιτα

1922 4763 2031 4817 ἀπὸ
2052 4762 2153 4834 τῆς
2183 4763 2383 4834 πείρας
2409 4762 2583 4833 αὐτῆς
2612 4764 2831 4818 εἰδέναι.
2864 4761 3147 4835 Οὐχ-αῦτη
3177 4762 3236 4816 δὲ
3274 4762 3437 4832 μόνον
3469 4763 3507 4833 ἠ

1921 4846 2366 4919 ἁμαρτίαταῦτα
2387 4850 2549 4912 ποιεῖ,
2574 4847 2711 4901 ἀλλά
2736 4848 2837 4901 καὶ
2865 4848 2974 4911 πᾶς
3003 4847 3144 4919 έρως
3175 4846 3397 4909 ἄτοπος.

1991 4949 2331 5023 Μεταθῶμεν
2367 4951 2499 5024 γὰρ,
2521 4953 2569 5005 εί
2590 4951 2762 5018 δοκεῖ,
2793 4952 2887 5006 τὸν
2905 4951 3064 5019 λόγον
3102 4950 3213 5004 ἀπὸ
3242 4951 3344 5021 τῆς
3372 4967 3509 5023 πορ-

1920 5034 2219 5106 νευομένης
2241 5035 2499 5105 γυναικὸς
2521 5035 2615 5089 ἐπὶ
2639 5035 2711 5090 τὰ
2739 5036 3021 5108 χρήματα,
3067 5036 3163 5089 καὶ
3195 5032 3509 5104 θεασόμεθα

1922 5117 2017 5171 καί
2039 5117 2275 5172 ἐνταῦθα
2308 5117 2515 5172 πυκνὸν
2559 5118 2749 5183 σκότος
2782 5119 2878 5172 καὶ
2918 5118 3163 5190 συνεχές.
3223 5117 3373 5171 Ἐκεῖ
3406 5117 3507 5188 μὲν

1921 5200 2054 5271 γὰρ,
2088 5200 2184 5255 άτε
2208 5202 2340 5272 μιᾶς
2362 5198 2530 5273 οὔσης
2551 5201 2650 5273 τῆς
2679 5201 2965 5272 ἐρωμένης
2986 5201 3082 5255 καί
3111 5203 3191 5264 είς
3218 5199 3318 5255 Eva
3340 5200 3521 5255 τόπονρ

1921 5284 2447 5357 ἀποκεκλεισμένης,
2470 5285 2571 5355 οὐχ
2594 5283 2739 5337 οὓτω
2763 5283 2993 5355 σφοδρὸν
3014 5282 3075 5337 1:6
3104 5282 3302 5348 πάθος·
3322 5283 3417 5338 ἐπὶ
3442 5284 3515 5339 δὲ

1919 5366 2030 5421 τῶν
2057 5368 2356 5440 χρημάτων
2386 5368 2700 5438 ἁπανταχοῦ
2734 5368 3097 5440 φαινομένων,
3122 5370 3182 5423 ἐν
3197 5369 3513 5440 ἀργυροκοςι
3587 5438 3592 5443 ,

1921 5450 2114 5517 πείοις,
2140 5452 2200 5505 ἐν
2232 5452 2590 5523 πανδοχείοις,
2625 5453 2684 5506 ἐν
2716 5452 3109 5523 χρυσοχοείοις,
3154 5453 3212 5506 ἐν
3241 5454 3364 5518 ταῖς
3394 5452 3513 5505 τῶν-

1919 5534 2290 5589 πλουτούντων
2304 5536 2523 5599 οἰκίαις,
2552 5534 2799 5607 σφοδρῶς
2825 5536 2854 5588 ὀ
2880 5535 3021 5608 ἔρως
3042 5539 3185 5591 πνεῖ.
3207 5536 3376 5591 Ὅταν
3394 5535 3502 5606 γὰρ

1917 5620 2116 5682 παῖδας
2146 5618 2439 5684 σοϐοῦντας
2465 5618 2562 5673 ἐπὶ
2591 5621 2690 5690 τῆς
2728 5619 2955 5690 ἀγορᾶς,
3001 5619 3206 5683 ἵππους
3233 5634 3500 5691 χρυσοφο-

1919 5701 2168 5773 ροῦντας,
2222 5701 2546 5774 ἀνθρώπους
2589 5700 3098 5772 καλλωπιζομένους
3147 5699 3499 5755 πολυτελέσιν

1917 5786 2222 5861 ἐσθήμασιν
2254 5786 2338 5859 ἴδῃ
2358 5848 2364 5853 ι
2374 5786 2496 5857 μετ’
2523 5783 2821 5857 ἐπιθυμίας
2851 5786 2880 5838 6
2907 5785 3104 5852 νοσῶν,
3128 5785 3294 5849 πολὺς
3320 5785 3349 5838 ὀ
3381 5782 3500 5838 σκό-

1985 6000 2017 6032 θ’
2033 5996 2180 6061 Reg,
2205 5992 2599 6060 ἑπιτιιχιζὸντων.
2662 5991 2691 6035 ὃ
2715 5992 2862 6057 Reg.,
2884 5994 2965 6044 ὑπ’
2986 5993 3104 6044 αὐτὸ
3122 5993 3227 6046 τοῦ.
