3992 6444
545 371 618 434 95
1297 374 1357 430 S.
1395 373 1684 430 JOANNIS
1721 374 2217 434 CllllYSOSTOMI
2257 378 2581 438 ARCIIIEP.
2621 380 3174 440 CONSTANTINOP.
3749 388 3822 445 οι

541 511 637 560 τος
659 492 996 564 καταχεῖται.
1036 490 1146 544 Kal
1177 488 1228 542 τί
1265 489 1347 542 δεῖ
1382 489 1563 557 λέγειν
1597 488 1776 555 οἰκίας
1820 491 1914 544 καὶ
1953 493 2128 564 ἀργυ-

547 579 840 650 ροκοπεῖα;
874 574 1015 645 Ἐγὼ
1048 576 1157 646 γὰρ
1187 569 1338 644 οἰμαι
1367 575 1495 638 τοὺς
1540 574 1838 639 τοιούτους,
1897 575 2000 630 κᾶν
2035 577 2130 630 ἐπὶ⁵

543 664 647 734 τῆς
679 661 900 734 γραφῆς
922 659 1073 712 ίδωσι
1100 657 1194 710 καὶ
1214 658 1312 728 τῆς
1344 657 1554 723 εἰκόνος
1581 659 1672 712 τὸν
1703 657 1953 724 πλοῦτον,
1987 676 2128 712 σπα·

549 745 841 818 ράττεσθαι
869 743 962 796 καὶ
981 741 1282 813 ἀγριαίνειν
1307 742 1403 794 καὶ
1433 741 1630 813 λυττᾷν
1648 757 1660 771 ’
1690 741 1832 796 ὥστε
1863 742 2130 796 πάντοθεν

545 831 738 892 αὐτοῖς
758 828 820 881 τὸ
849 829 1039 889 σκότος
1069 824 1385 894 συνάγεται.
1411 825 1532 879 Κᾶν
1560 827 1671 896 γὰρ
1694 827 1774 887 εἰς
1795 825 1979 879 εἰκόνα
2006 824 2129 896 βλέ-

543 916 689 986 ψωσι
724 911 1031 982 βασιλικὴν,
1067 911 1127 962 οὐ
1153 909 1494 980 θαυμάζουσι
1520 910 1628 964 τῶν
1658 909 1820 964 λίθων
1845 910 1905 964 τὸ
1932 910 2128 974 κάλλος

545 998 667 1052 οὐδέ
694 997 786 1049 τὸν
820 994 1020 1065 χρυσὸν
1050 993 1173 1047 οὐδὲ
1205 994 1266 1046 τὸ
1289 993 1553 1064 ἀλουργές
1584 993 1834 1064 ἱμάτιον,
1865 992 2003 1047 ἀλλά
2028 994 2127 1062 τή-

543 1099 750 1136 κονται.
790 1080 900 1133 Kal
924 1077 1175 1149 καθάπερ
1202 1079 1230 1132 ό
1267 1077 1508 1149 δύσερως
1543 1079 1770 1144 ἐκεῖνος,
1813 1078 1915 1132 κᾶν
1942 1077 2130 1132 εἰκόνα

544 1165 807 1235 θεάσηται
849 1166 948 1234 τῆς
987 1161 1273 1233 ἐρωμένης
1328 1162 1606 1230 γυναικὸς,
1650 1161 1999 1233 προσήλωται
2049 1159 2130 1229 τῷ

541 1247 759 1319 ἀψύχῳ·
786 1246 930 1300 οὕτω
957 1247 1052 1298 καὶ
1073 1237 1230 1308 οὗτος
1256 1244 1460 1315 ἄψυχον
1476 1244 1618 1316 ὁρῶν
1637 1245 1822 1298 εἰκόνα
1838 1243 1932 1298 τοῦ
1963 1242 2132 1296 πλού·

539 1347 658 1393 του,
681 1331 744 1384 τὸ
777 1329 913 1384 αὐτὸ
962 1327 1164 1400 πάσχει
1205 1329 1490 1399 μειζόνως,
1537 1328 1632 1381 ac;
1673 1325 2129 1399 τυραννικωτέρῳ

540 1415 910 1486 κατεχόμενος
935 1415 1099 1469 πάθει
1118 1430 1130 1441 °
1165 1416 1258 1468 καί
1291 1414 1396 1484 χρὴ
1429 1413 1614 1466 λοιπὸν
1646 1412 1680 1484 ἢ
1708 1411 1888 1482 μένειν
1913 1410 2005 1462 ἐπὶ
2030 1409 2129 1479 τῆς

540 1497 741 1564 οἰκίας,
773 1499 807 1570 ἢ
837 1498 1149 1568 ἐμϐαλόντα
1169 1497 1261 1550 ἐπὶ
1289 1499 1387 1566 τῆς
1412 1498 1640 1569 ἀγορᾶς,
1675 1495 1876 1567 μυρίας
1895 1492 2128 1547 λαϐόντα

541 1582 761 1653 πληγάς
791 1583 1096 1654 ἀναχωρεῖν
1145 1582 1360 1636 οἴκαδε’
1405 1582 1577 1635 πολλά
1603 1581 1710 1651 γὰρ
1754 1580 1823 1634 τὰ
1857 1578 2127 1632 λυποῦντα

542 1665 710 1720 αὐτοῦ
740 1667 868 1730 τοὺς
898 1665 1234 1736 ὀφθαλμούς.
1288 1666 1399 1719 Kal
1432 1664 1686 1736 καθάπερ
1738 1664 1947 1726 ἐκεῖνος
1976 1661 2128 1714 οὐδὲν

542 1748 733 1822 ἕτερον
761 1749 793 1819 ἢ
828 1749 926 1822 τὴν
957 1752 1193 1818 γυναῖκα
1215 1750 1338 1821 ὁρᾷ,
1370 1748 1517 1802 οὕτω
1551 1749 1646 1803 καὶ
1685 1740 1842 1810 οὗτος
1887 1747 2129 1815 πένητας

545 1831 647 1904 μὲν
673 1833 766 1887 καὶ
786 1835 854 1885 τὰ
879 1833 1014 1888 ἀλλα
1048 1835 1226 1888 πάντα
1252 1834 1610 1905 παρατρέχει,
1635 1832 1722 1885 ἴνα
1768 1830 1902 1902 μηδέ
1949 1847 2130 1900 παρα-

547 1915 745 1985 μυθίαν
773 1915 915 1990 λάϐῃ
941 1934 952 1946 ·
985 1917 1120 1988 πρὸς
1145 1917 1203 1970 δέ
1225 1918 1353 1981 τοὺς
1384 1918 1651 1988 εὐπόρους
1676 1915 1973 1979 ἐνατενίζει
1999 1913 2128 1976 τοὺς

540 1999 879 2072 ὀφθαλμοὺς,
900 2001 1068 2055 πολὺν
1089 2002 1184 2055 καί
1204 2003 1432 2074 σφοδρὸν
1456 2003 1562 2055 ἀπὸ
1577 2002 1676 2072 τῆς
1704 1999 1929 2052 ἐκείνων
1955 1996 2128 2066 ὅψεως

540 2087 622 2148 εἰς
656 2085 756 2156 τήν
785 2085 977 2141 ἐαυτοῦ
1003 2085 1182 2156 ψυχήν
1223 2087 1460 2154 εἰσάγων
1486 2086 1546 2139 τὸ
1573 2085 1705 2156 πῦρ.
1729 2083 1851 2154 Πῦρ
1874 2086 1984 2153 γάρ
2011 2083 2129 2136 ἐστι

541 2167 803 2238 χαλεπῶς
839 2170 1132 2223 κατεσθίον
1163 2170 1256 2222 τὸν
1277 2171 1611 2240 ἐμπεσόντα,
1639 2169 1735 2223 καὶ
1760 2169 1809 2220 εἰ
1837 2167 1912 2238 μὴ
1934 2165 2128 2233 γέεννα

541 2252 812 2324 ἡπείλητο
854 2253 992 2324 μηδέ
1054 2254 1300 2317 κόλασις,
1351 2253 1494 2308 αὐτά
1523 2253 1590 2307 τά
1624 2252 1869 2322 παρόντα
1906 2249 2128 2314 κόλασις

537 2331 630 2407 ἦν,
668 2336 730 2390 τὺ
770 2337 1034 2407 διηνεκῶς
1078 2336 1464 2408 βασανίζεσθαι
1510 2337 1604 2391 καί
1637 2335 1909 2407 μηδέποτε
1952 2335 2129 2406 πέρας

538 2419 818 2492 εὑρίσκειν
843 2421 938 2475 τοῦ
963 2423 1290 2492 νοσήματος.
1324 2422 1435 2476 Kal
1463 2423 1622 2492 ήρκει
1653 2421 1749 2474 καὶ
1788 2418 1961 2472 ταῦτα
1991 2419 2130 2490 μόνα

537 2507 730 2559 πεῖσαι
753 2508 947 2574 φυγεῖν
969 2503 1066 2577 τὴν
1087 2505 1406 2577 ἀρρωστίαν
1426 2521 1440 2536 ο
1465 2505 1585 2558 ἀλλ’
1609 2503 1764 2558 οὐδὲν
1797 2503 1981 2566 ἀνοίας
2015 2503 2129 2572 χεῖ-

542 2603 655 2658 ρον,
683 2589 719 2657 ἢ
749 2589 844 2642 καὶ
883 2591 996 2653 τοῖς
1026 2587 1268 2660 ἀθυμίαν
1289 2589 1520 2662 φέρουσι
1558 2589 1852 2660 πράγμασι
1883 2590 1976 2641 καὶ
2003 2588 2129 2658 κέρ-

535 2671 625 2736 δος
648 2673 800 2727 οὐδὲν
831 2671 950 2746 [95]
992 2673 1380 2744 προσηλῶσθαι
1425 2673 1858 2744 παρασκευάζει.
1901 2671 1991 2724 Διὸ
2019 2688 2127 2723 πα-

540 2756 764 2829 ρακαλῶ
789 2758 1096 2829 ἀρχόμενον
1114 2758 1407 2812 ἐκκόπτειν
1428 2758 1489 2812 τὸ
1513 2758 1703 2822 πάθος.
1731 2757 2002 2828 Καθάπερ
2019 2756 2126 2826 γάρ

540 2843 777 2914 πυρετὸς
811 2842 964 2912 παρά
998 2843 1096 2914 μὲν
1120 2844 1219 2914 τὴν
1241 2841 1415 2914 ἀρχὴν
1446 2841 1794 2914 προσϐαλὼν,
1824 2842 1885 2894 οὐ
1920 2841 2124 2911 σφόδρα

538 2925 726 2994 φλέγει
755 2928 822 2997 τῇ
853 2925 982 3000 δίψῃ
1026 2927 1152 2990 τοὺς
1199 2927 1533 2996 κάμνοντας,
1568 2925 1785 2989 ἐπιδοὺς
1815 2926 1872 2978 δέ
1903 2927 1998 2978 καὶ
2025 2924 2125 2995 τὴν

538 3009 713 3078 φλόγα
747 3009 980 3081 ἐπάρας,
1009 3011 1205 3063 ἀνίατα
1249 3011 1411 3082 διψᾷν
1448 3010 1862 3082 παρασκευάζει
1904 3010 2123 3063 λοιπόνο

539 3093 641 3147 κᾶν
671 3093 931 3166 παράσχῃ
967 3111 1052 3157 τις
1086 3094 1271 3157 αὐτοῖς
1303 3094 1684 3166 ἐμφορηθῆναι
1726 3093 1820 3148 τοῦ
1853 3093 2119 3164 πόματος,

536 3179 598 3230 οὐ
627 3177 928 3239 σϐέννυσιν,
952 3179 1071 3232 ἀλλ’
1098 3179 1310 3232 ἐκκαίει
1333 3179 1432 3250 τὴν
1455 3180 1684 3249 κάμινον
1707 3195 1721 3209 ⁸
1743 3177 1888 3232 οὕτω
1913 3177 2008 3231 καί
2029 3177 2122 3229 ἐπὶ

535 3262 727 3316 τούτου
763 3262 1047 3333 συμϐαίνει
1092 3263 1188 3317 τοῦ
1218 3263 1460 3328 πάθουςο
1491 3265 1558 3319 ἂν
1609 3263 1764 3336 παρὰ
1811 3264 1912 3335 τὴν
1949 3263 2122 3335 ἀρχὴν

535 3347 845 3402 εἰσελαύνον
871 3348 951 3412 εἰς
985 3347 1086 3419 τὴν
1119 3348 1298 3420 ψυχὴν
1324 3348 1422 3420 τήν
1453 3348 1733 3422 ἡμετέραν
1752 3348 1827 3420 μὴ
1868 3348 2124 3402 κωλύσω-

537 3449 638 3501 μεν
673 3432 807 3503 μηδὲ
841 3432 1259 3502 ἀποκλείσωμεν
1287 3431 1387 3497 τάς
1418 3432 1622 3503 θύρας,
1655 3433 1898 3487 εἰσελθὸν
1936 3433 2124 3488 λοιπὸν

533 3515 754 3570 ἀνίατον
795 3516 1091 3588 ἐργάζεται
1122 3519 1236 3580 τοῖς
1265 3516 1582 3586 δεξαμένοις
1608 3517 1670 3570 τὸ
1719 3517 1954 3588 νόσημα.
2011 3518 2123 3571 Kal

533 3599 643 3672 γάρ
673 3601 769 3655 καὶ
797 3601 867 3656 τά
893 3601 1034 3656 καλά
1081 3601 1268 3655 καὶτὰ
1296 3601 1444 3656 κακά
1489 3601 1619 3656 ὅταν
1653 3601 1936 3656 ἐπιπλεῖον
1989 3603 2121 3674 ἡμῖν

533 3684 872 3758 ἑνδιατρίψῃ,
904 3684 1251 3757 δυνατώτερα
1284 3685 1513 3753 γίνεται.

605 3791 669 3844 ε’.
692 3791 806 3845 Kal
839 3791 931 3845 ἐπὶ
963 3791 1181 3847 πάντων
1209 3791 1266 3846 δέ
1296 3792 1405 3847 τῶν
1435 3792 1608 3848 ἀλλων
1639 3793 1797 3848 τοῦτο
1821 3794 2119 3865 συμϐαῖνον

536 3871 635 3931 ἰδοι
653 3894 741 3941 τις
766 3877 852 3933 ἄν.
887 3877 999 3932 Καὶ
1027 3877 1136 3950 γὰρ
1165 3877 1331 3947 φυτὸν
1370 3879 1496 3949 ἄρτι
1527 3880 1626 3951 μὲν
1655 3879 1868 3934 ἐντεθέν
1898 3881 1990 3933 ἐπὶ
2022 3881 2120 3952 τῆς

531 3961 658 4031 γῆς,
694 3962 932 4026 εὐκόλως
964 3963 1306 4017 ἀνασπᾶταιο
1339 3963 1516 4034 χρόνῳ
1550 3963 1609 4016 δὲ
1654 3961 1836 4034 πολλῷ
1865 3963 2116 4033 ῥιζωθὲν,

529 4045 740 4110 οὐκέτι,
768 4046 906 4101 ἀλλὰ
931 4047 1134 4119 πολλῆς
1159 4046 1331 4102 δεῖται
1375 4047 1476 4118 τῆς
1510 4046 1767 4118 μοχλείας
1787 4064 1800 4079 ·
1844 4047 1938 4100 καί
1973 4049 2110 4101 οἰκος

528 4129 671 4201 δομὴ
693 4131 970 4202 νεοπαγὴς
1001 4132 1100 4202 μὲν
1127 4128 1284 4196 οὖσα,
1316 4132 1709 4203 περιτρέπεται
1736 4131 1975 4195 εὐκόλως
2012 4132 2118 4186 ὑπὸ

529 4215 641 4269 τῶν
673 4215 1032 4286 ἐνοχλούντων
1054 4234 1068 4248 ο
1093 4219 1334 4286 παγεῖσα
1365 4217 1421 4270 δὲ
1451 4217 1650 4282 καλῶς,
1689 4216 1860 4270 πολλὰ
1885 4217 2116 4288 παρέχει

527 4300 642 4361 τοῖς
667 4299 953 4369 καθαιρεῖν
981 4300 1321 4371 ἐπιχειροῦσι
1351 4299 1420 4353 τά
1447 4301 1748 4370 πράγματα
1771 4316 1786 4331 ο
1809 4299 1903 4354 καὶ
1926 4299 2116 4371 θηρίον

527 4383 713 4448 τόποις
745 4383 1204 4456 ἐμφιλοχωρῆσαν
1240 4384 1418 4455 πολλῷ
1447 4385 1625 4455 χρόνῳ
1660 4384 1935 4448 δυσκόλως
1959 4384 2116 4438 ἐλαύ-

526 4485 699 4522 νεται.
743 4468 869 4531 Τοῖς
905 4469 1004 4538 μὲν
1029 4464 1124 4521 οὖν
1153 4467 1363 4520 οὐδέπω
1400 4468 1814 4536 κατασχεθεῖσιν
1859 4468 1965 4521 ὑπὸ
2018 4469 2112 4522 τοῦ

527 4553 734 4615 πάθους
765 4550 1069 4622 παρακαλῶ
1107 4551 1180 4622 μή
1209 4551 1412 4604 ἀλῶναι
1432 4567 1445 4580 ·
1480 4551 1849 4625 εὐκολώτερον
1871 4553 1979 4624 γὰρ
2012 4572 2113 4624 φυ-

525 4634 795 4698 λάξασθαι
849 4635 926 4706 μή
960 4637 1224 4704 ἐμπεσεῖν
1250 4635 1331 4705 ,ἦ
1383 4635 1727 4705 ἐμπεσόντας
1784 4637 2111 4708 ἀποστῆναι.

528 4720 655 4784 Τοῖς
677 4718 735 4773 δὲ
763 4718 1147 4790 κατασχεθεῖσι
1174 4719 1271 4775 καὶ
1297 4721 1789 4792 κατερραγμένοις,
1827 4721 1922 4776 ἐὰν
1955 4722 2114 4794 θελή-

527 4821 694 4858 σωσιν
741 4803 1020 4858 ἐπιδοῦναι
1056 4805 1284 4868 ἑαυτοὺς
1341 4803 1512 4875 ἰατρῷ
1559 4803 1638 4874 τῷ
1690 4804 1855 4877 λόγῳ,
1910 4807 2112 4880 πολλὴν

525 4886 938 4958 ἐπαγγέλλομαι
971 4888 1246 4960 σωτηρίας
1275 4887 1462 4941 ἐλπίδα
1503 4889 1571 4959 τῇ
1604 4888 1698 4941 τοῦ
1737 4887 1871 4942 Θεοῦ
1903 4891 2109 4962 χάριτι.

529 4969 626 5022 Ἂν
661 4969 770 5042 γὰρ
808 4972 934 5035 τοὺς
969 4971 1240 5035 παθόντας
1267 4971 1360 5025 καὶ
1389 4972 1792 5043 περιπεσόντας
1838 4973 1918 5042 τῷ
1946 4975 2109 5044 νοσή-

527 5072 682 5124 ματι,
719 5055 816 5109 καὶ
842 5055 1234 5126 ἀνενεγκόντας
1267 5058 1584 5129 ἐννοήσωσι,
1611 5061 1858 5129 χρηστὰς
1899 5059 2110 5123 ἕξουσιν

522 5137 746 5202 ἐλπίδας
771 5139 915 5209 ὑπὲρ
943 5141 1042 5210 τῆς
1068 5139 1161 5192 τοῦ
1195 5141 1505 5211 νοσήματος
1522 5141 1863 5213 ἀπαλλαγῆς.
1891 5143 1988 5208 Τίς
2016 5138 2109 5198 οῦν

523 5225 819 5294 περιέπεσε
849 5224 926 5294 τῷ
963 5225 1232 5296 νοσήματι
1276 5225 1486 5296 τούτῳ,
1535 5227 1628 5279 καὶ
1674 5227 1963 5299 ἀπηλλάγη
2011 5231 2109 5301 ῥᾳ-

521 5307 684 5371 δίως;
727 5307 788 5361 Ὀ
821 5309 1090 5378 Ζακχαῖος
1123 5311 1348 5373 ἐκεῖνος.
1383 5309 1447 5361 Τί
1491 5309 1600 5382 γάρ
1640 5310 1875 5365 τελώνου
1905 5311 2109 5384 μᾶλλον

522 5390 936 5464 φιλοχρήματον
955 5393 1152 5461 γένοιτ’
1176 5394 1240 5447 ἀν
1263 5410 1277 5458 ;
1320 5393 1459 5445 Ἀλλ’
1485 5394 1680 5464 ἀθρόον
1713 5395 1932 5464 ἐγένετο
1963 5395 2110 5465 φιλό-

521 5493 708 5544 σοφος,
758 5477 854 5529 καὶ
887 5478 1068 5530 πᾶσαν
1114 5476 1306 5530 ἔσϐεσε
1359 5480 1458 5549 τὴν
1488 5480 1684 5550 πυράν.
1733 5479 1793 5534 Ὀ
1827 5480 2107 5546 Ματθαῖος

513 5559 755 5632 ὁμοίωςο
788 5559 885 5614 καὶ
921 5559 1030 5631 γὰρ
1051 5561 1145 5613 καὶ
1187 5555 1342 5624 οὗτος
1366 5562 1605 5632 τελώνης
1633 5558 1724 5634 ἦν,
1783 5565 1842 5616 ἐν
1881 5565 2106 5636 ἁρπαγῇ

516 5645 762 5718 διηνεκεῖ
792 5644 921 5709 ζῶν.
967 5645 1126 5699 Ἀλλά
1157 5647 1251 5698 καὶ
1277 5638 1432 5710 οὗτος
1453 5647 1647 5718 ἀθρόον
1681 5649 1991 5703 ἀπεδύσατο
2011 5649 2108 5721 τὴν

519 5727 746 5799 βλάϐην,
761 5729 858 5784 καὶ
880 5728 942 5782 τὸ
962 5727 1114 5798 δίψος
1129 5729 1337 5794 ἔσϐεσε,
1355 5731 1451 5783 καὶ
1472 5732 1852 5802 πραγματείαν
1874 5732 2108 5803 μετῆλθε

523 5813 926 5883 πνευματικήν.
970 5813 1206 5876 Τούτους
1236 5813 1413 5867 τοίνυν
1455 5816 1552 5868 καὶ
1585 5817 1711 5878 τοὺς
1739 5816 1862 5869 κατ’
1909 5817 2108 5880 αὐτοὺς

527 5896 746 5962 ἐννοῶν,
782 5899 918 5967 μηδέ
959 5899 1022 5952 σὺ
1077 5897 1354 5968 ἀπογνῷς.
1396 5898 1494 5952 Ἂν
1524 5897 1633 5969 γάρ
1685 5898 1867 5970 θέλῃς,
1901 5901 2104 5973 δυνήσῃ

532 5979 741 6051 ταχέως
764 5981 1092 6053 ἀνενεγκεῖν.
1131 5982 1239 6039 Καὶ
1267 5981 1315 6035 εἰ
1347 5981 1524 6053 βούλει
1549 6023 1564 6051 ,
1602 5982 1742 6038 κατά
1771 5984 1861 6040 τὸν
1886 5984 1992 6042 τῶν
2025 5987 2105 6040 ξα-

2243 491 2388 561 τρῶν
2415 493 2578 564 νόμον
2603 497 2697 551 καὶ
2718 496 2787 550 τὰ
2818 496 3069 568 πρακτέα
3099 514 3184 550 σοι
3221 496 3359 568 μετά
3393 486 3683 568 ἀκριϐείας
3725 498 3827 552 ὐπ-

2238 579 2634 650 αγορεύσομεν.
2667 584 2760 634 Δεῖ
2805 583 2987 634 τοίνυν
3035 581 3142 652 πρὸ
3181 582 3292 634 τῶν
3339 580 3514 634 ἄλλων
3561 581 3824 637 ἁπάντων

2233 661 2408 713 ἐκεῖνο
2433 664 2757 734 κατορθοῦν,
2786 665 2844 717 τὸ
2877 666 2949 735 μὴ
2975 665 3379 733 ἀπογινώσκειν
3417 663 3552 735 μηδέ
3585 664 3825 718 ἀπελπί-

2233 741 2348 806 ζειν
2375 745 2584 800 ἑαυτῶν
2623 747 2721 818 τὴν
2765 749 3074 819 σωτηρίαν·
3112 747 3251 818 μετά
3293 747 3449 800 τοῦτο
3485 747 3559 817 μὴ
3592 747 3661 800 τά
3709 747 3823 802 τῶν

2232 829 2674 900 κατωρθωκότων
2697 831 3118 904 παραδείγματα
3142 833 3324 902 μόνον,
3353 831 3488 885 ἀλλά
3509 831 3604 885 καὶ
3618 830 3689 884 τά
3707 830 3823 886 τῶν

2235 912 2710 984 ἐναπομεινάντων
2740 916 3043 986 παθήματα
3077 917 3289 986 ἐνορᾷν.
3320 916 3533 984 ’Ὠσπερ
3573 915 3684 986 γάρ
3731 917 3821 968 ἐν·

2232 1000 2535 1068 ενοήσαμεν
2558 1000 2651 1052 τὸν
2678 1002 2946 1070 Ζακχαῖον
2975 1002 3072 1053 καὶ
3103 999 3194 1053 τὸν
3239 998 3519 1054 Ματθαῖον
3539 1038 3554 1062 ,
3584 999 3732 1054 οὕτω
3751 998 3823 1071 δὴ

2231 1081 2325 1134 καὶ
2355 1082 2447 1134 τὸν
2484 1083 2686 1136 Ἰούδαν
2735 1084 3056 1151 λογίσασθαι
3085 1085 3211 1155 χρὴ,
3244 1085 3340 1138 καὶ
3368 1085 3461 1138 τὸν
3493 1084 3676 1154 nam,
3719 1085 3822 1137 καὶ

2230 1164 2322 1216 τὸν
2351 1165 2544 1236 Ἀχαρ,
2569 1170 2664 1219 καὶ
2683 1168 2774 1220 τὸν
2798 1167 3025 1237 Ἀχαάϐ,
3057 1168 3152 1220 καὶ
3176 1167 3270 1219 τὸν
3309 1165 3577 1231 Ἁνανίαν,
3603 1168 3698 1220 καὶ
3714 1167 3820 1237 τὴν

2232 1246 2546 1319 Σάπφειραν
2563 1265 2576 1277 ·
2608 1248 2699 1304 ἵνα
2715 1250 2782 1304 δι’
2801 1251 3025 1304 ἐκείνων
3057 1250 3158 1320 μὲν
3185 1251 3286 1322 τὴν
3313 1250 3626 1318 ἀπόγνωσιν
3643 1250 3820 1304 ἐκϐά-

2229 1329 2533 1400 λωμεν,διὰ
2562 1332 2768 1386 τούτων
2793 1333 2852 1387 δὲ
2874 1334 2972 1404 τὴν
3009 1333 3286 1406 ρᾳθυμίαν
3306 1334 3654 1404 ἐκκόψωμεν,
3678 1334 3822 1404 μηδὲ

2231 1414 2396 1469 ὑπτία
2415 1415 2641 1487 γένηται
2666 1419 2699 1488 ἡ
2727 1417 2874 1489 ψυχὴ
2895 1418 3031 1487 πρὸς
3062 1419 3163 1490 τὴν
3179 1416 3291 1472 τῶν
3316 1418 3823 1490 ὐπαγορευομένων

2230 1497 2580 1569 παραίνεσιν·
2605 1500 2698 1554 καί
2727 1501 3106 1572 παιδεύσωμεν
3135 1501 3363 1564 ἑαυτοὺς
3386 1500 3585 1568 λέγειν,
3629 1501 3667 1555 ἀ
3691 1501 3820 1554 τότε

2233 1580 2312 1650 τῷ
2341 1582 2533 1654 Πέτρῳ
2563 1585 2953 1656 προσελθόντες
2985 1586 3169 1656 ἔλεγον
3227 1587 3278 1640 οἰ
3325 1587 3567 1640 Ἰουδαῖοι
3587 1602 3601 1618 ο
3642 1588 3703 1641 Τι’
3727 1586 3828 1640 δεῖ

2229 1665 2424 1720 ποιεῖν
2446 1667 2548 1721 ἵνα
2573 1668 2859 1739 σωθῶμεν
2883 1685 2901 1732 ;
2930 1670 3023 1723 καὶ
3047 1669 3395 1723 ἀκουέτωσαν
3420 1669 3456 1723 ἃ
3482 1669 3586 1741 χρὴ
3614 1672 3819 1725 ποιεῖν.

2231 1747 2296 1802 Τί
2323 1745 2416 1802 οῦν
2443 1750 2548 1822 χρὴ
2581 1755 2783 1819 ποιεῖν;
2827 1752 3042 1807 Εἰδέναι
3098 1754 3198 1824 τὴν
3226 1754 3503 1808 εὐτέλειαν
3529 1754 3639 1806 τῶν
3669 1772 3821 1824 πρα-

2230 1833 2479 1904 γμάτων,
2536 1835 2628 1888 καὶ
2681 1836 2801 1900 πῶς
2853 1837 3128 1910 δραπέτης
3158 1839 3379 1909 οἰκέτης
3414 1839 3508 1892 καί
3541 1838 3823 1909 ἀγνώμων

2231 1915 2379 1969 ἐστὶν
2405 1918 2434 1970 ό
2465 1916 2717 1982 πλοῦτος,
2746 1921 2840 1973 καὶ
2877 1920 3092 1991 μυρίοις
3120 1921 3437 1992 περιϐάλλει
3465 1924 3656 1984 κακοῖς
3685 1921 3822 1984 τοὺς

2231 1998 2457 2069 ἔχοντας
2477 2015 2490 2028 ·
2519 2002 2615 2056 καί
2643 2003 2956 2058 τὰτοιαῦτα
2977 2005 3163 2068 αὐτοῖς
3196 2003 3438 2076 συνεχῶς
3470 2003 3823 2076 [941ὲπᾲδω-

2233 2098 2334 2151 μεν
2364 2083 2609 2154 ῥήματα.
2654 2086 2767 2139 Kal
2813 2086 3065 2155 καθάπερ
3104 2089 3280 2158 ἰατροὶ
3323 2087 3451 2150 τοὺς
3505 2088 3824 2158 κάμνοντας

2227 2164 2435 2236 ψυχρὸν
2469 2167 2756 2233 αἰτοῦντας
2789 2170 3277 2241 παραμυθοῦνται,
3336 2170 3598 2241 παρέχειν
3629 2170 3824 2238 λέγον-

2228 2265 2340 2313 τες,
2367 2249 2463 2302 καὶ
2487 2250 2669 2322 πηγὴν
2687 2253 3154 2324 προφασιζόμενοι
3181 2255 3278 2308 καὶ
3299 2255 3468 2322 ἄγγος
3498 2254 3593 2306 καί
3623 2252 3824 2323 καιρὸν

2229 2333 2322 2384 καὶ
2355 2332 2527 2386 πολλὰ
2564 2333 2790 2388 τοιαῦτα
2819 2335 2904 2399 (ἂν
2934 2337 3042 2407 γάρ
3071 2336 3266 2408 ἀθρόον
3290 2335 3683 2402 ἀνανεύσωσιν,
3710 2336 3828 2389 ὑπὸ

2229 2417 2326 2486 τῆς
2379 2417 2577 2487 μανίας
2631 2419 2828 2484 αὐτοὺς
2879 2420 3206 2492 ἀγριοῦσθαι
3266 2419 3822 2490 παρασκευάζουσι)ο

2229 2497 2370 2552 οῦτω
2399 2501 2463 2572 δὴ
2493 2500 2588 2555 καὶ
2623 2503 2785 2573 ἡμεῖς
2824 2503 2959 2574 πρὸς
3001 2504 3128 2567 τοὺς
3159 2502 3603 2574 φιλοχρημάτους
3644 2503 3826 2556 ποιῶ.

2233 2599 2332 2652 μεν
2351 2600 2364 2614 ’
2394 2585 2489 2636 καί
2517 2585 2646 2640 ὅταν
2679 2585 2913 2654 λέγωσιν
2938 2625 2952 2648 ,
2989 2585 3073 2638 ὅτι
3122 2586 3432 2656 Πλουτῆσαι
3466 2585 3780 2658 βουλόμεθα
3805 2627 3825 2650 ,

2231 2667 2306 2736 μή
2337 2665 2586 2738 λέγωμεν
2615 2668 2838 2733 εὐθέως,
2867 2665 2952 2721 ὅτι
2982 2669 3154 2722 κακὸν
3190 2671 3219 2722 ὁ
3240 2668 3490 2733 πλοῦτος,
3517 2669 3654 2722 ἀλλὰ
3688 2687 3827 2724 συν-

2228 2749 2470 2822 θώμεθα,
2515 2751 2611 2806 καί
2641 2753 2906 2822 εἴπωμεν,
2938 2754 3021 2807 ὅτι
3044 2754 3137 2807 καὶ
3171 2755 3334 2825 ἡμεῖς
3363 2754 3526 2807 τοῦτο
3563 2753 3827 2824 βουλόμε-

2227 2832 2317 2898 θα,
2335 2833 2448 2887 ἀλλ’
2467 2836 2526 2888 ἐν
2547 2835 2727 2908 καιρῷ
2743 2835 2817 2906 τῷ
2834 2838 3189 2907 προσήκοντι,
3213 2835 3347 2890 ἀλλά
3367 2835 3595 2890 πλοῦτον
3611 2836 3822 2907 ἀληθῆ,

2225 2915 2360 2970 ἀλλὰ
2373 2917 2466 2970 τὸν
2485 2917 2678 2990 ἡδονὴν
2703 2917 2896 2988 ἔχοντα
2926 2919 3219 2984 ἀθάνατον,
3245 2919 3382 2972 ἀλλά
3403 2919 3495 2972 τὸν
3528 2921 3609 2972 σοὶ
3632 2918 3828 2972 συλλε-

2224 2999 2479 3070 γόμενον,
2511 3002 2608 3055 καὶ
2635 3001 2711 3073 μὴ
2736 3001 2965 3074 ἑτέροις,
3005 3003 3268 3066 πολλάκις
3311 3004 3368 3058 δέ
3402 3004 3496 3056 καὶ
3548 3003 3774 3074 ἐχθροῖς
3803 3020 3820 3035 ο

2224 3084 2322 3137 καὶ
2343 3087 2471 3150 τοὺς
2499 3087 2628 3158 περὶ
2649 3087 2972 3157 φιλοσοφίας
3004 3087 3197 3156 λόγους
3234 3089 3316 3150 εἰς
3359 3087 3521 3157 μέσον
3564 3089 3824 3158 ἄγωμεν,

2225 3170 2322 3222 καὶ
2350 3168 2623 3241 λέγωμεν,
2653 3171 2735 3224 ότι
2766 3171 2844 3224 Οὐ
2893 3170 3189 3242 κελεύομεν
3245 3171 3321 3243 μὴ
3375 3171 3648 3237 πλουτεῖν,
3676 3173 3826 3228 ἀλλά

2226 3253 2411 3317 κακῶς
2440 3254 2516 3326 μὴ
2544 3254 2799 3309 πλουτεῖν
2817 3273 2833 3287 ο
2855 3256 3034 3322 ἔξεστι
3053 3256 3162 3327 γὰρ
3188 3255 3462 3321 πλουτεῖν,
3487 3257 3624 3310 ἀλλά
3642 3260 3823 3327 χωρὶς

2225 3338 2559 3406 πλεονεξίας,
2603 3341 2771 3411 χωρὶς
2802 3340 3060 3411 ἁρπαγῆς
3103 3340 3197 3394 καὶ
3239 3340 3359 3411 βίας
3393 3343 3486 3396 καὶ
3526 3340 3622 3394 τοῦ
3658 3345 3823 3414 ποιρά

2223 3422 2444 3477 πάντων
2469 3424 2690 3478 ἀκούειν
2721 3425 2929 3490 κακῶς.
2967 3425 3079 3478 Kal
3099 3424 3312 3490 τούτοις
3333 3425 3532 3488 αὐτοὺς
3553 3425 3822 3496 προλεαί-

2223 3523 2408 3572 νοντες
2438 3510 2552 3572 τοῖς
2591 3508 2796 3578 λόγοις,
2845 3509 3075 3580 μηδέπω
3109 3510 3237 3581 περὶ
3272 3509 3496 3582 γεέννης
3540 3509 3817 3579 διαλεγώο

2226 3590 2365 3662 μεθα
2385 3607 2397 3620 ’
2427 3592 2486 3645 οὐ
2514 3591 2622 3662 γὰρ
2645 3592 2895 3663 ἀνέχεται
2920 3594 2948 3646 ό
2978 3593 3203 3664 κάμνων
3231 3592 3434 3656 εὐθέως
3457 3605 3484 3634 ιι
3505 3593 3613 3646 τῶν
3634 3594 3823 3648 τοιού-

2220 3693 2330 3729 των
2360 3676 2644 3747 ῥημάτων.
2685 3677 2888 3747 Διόπερ
2934 3677 3043 3730 ἀπὸ
3074 3676 3182 3730 τῶν
3226 3676 3514 3747 παρόντων
3558 3677 3822 3744 ἃπαντας

2221 3759 2350 3823 τοὺς
2377 3762 2510 3830 περὶ
2540 3757 2748 3812 τούτων
2789 3761 3077 3832 ποιώμεθα
3123 3761 3336 3830 λόγους,
3382 3760 3478 3814 καί
3520 3759 3820 3832 λέγωμενι

2221 3842 2287 3896 Τί
2327 3841 2508 3913 βούλει
2533 3843 2642 3896 ἀπὸ
2674 3843 2990 3912 πλεονεξίας
3014 3845 3267 3900 πλουτεῖν
3293 3861 3309 3911 ;
3351 3844 3438 3896 ἵνα
3467 3843 3680 3914 ἐτέροις
3712 3847 3820 3915 μὲν

2220 3926 2282 3980 τὸ
2310 3926 2534 3998 χρυσίον
2557 3928 2866 4000 ἀποκέηται
2906 3930 3002 3984 καί
3040 3929 3104 3983 τὸ
3129 3928 3395 4000 ἀργύριον
3415 3969 3429 3992 ,
3477 3930 3561 3981 σοὶ
3587 3929 3647 3982 δὲ
3677 3930 3820 3999 ἀραὶ

2221 4010 2316 4066 καί
2347 4013 2678 4083 κατηγορίαι
2710 4014 2932 4085 μυρίαι;
2957 4014 3053 4067 καί
3089 4015 3118 4068 ό
3143 4013 3542 4082 ἀποστερηθεὶς
3571 4013 3679 4067 ὐπὸ
3709 4016 3820 4087 τῆς

2219 4096 2330 4149 τῶν
2365 4094 2679 4164 ἀναγκαίων
2719 4096 2982 4168 δάκνηται
3015 4097 3208 4167 χρείας
3231 4097 3281 4159 ι),
3319 4097 3412 4149 καὶ
3445 4096 3817 4168 ὀλοφύρηται,

2221 4179 2316 4233 καὶ
2348 4179 2577 4252 μυρίους
2605 4179 2903 4252 ἐφέλκηταί
2925 4197 3008 4233 σοι
3025 4180 3387 4251 κατηγόρους,
3407 4181 3618 4252 καὶτῆς
3647 4183 3819 4236 ἐσπέ-

2221 4281 2319 4336 ρας
2351 4262 2769 4336 καταλαϐούσης
2809 4265 2997 4336 περιίη
3021 4265 3118 4336 τὴν
3147 4265 3375 4335 ἀγοράν,
3407 4267 3466 4318 ἐν
3495 4267 3608 4329 τοῖς
3647 4283 3813 4320 στεν-

2217 4349 2389 4410 ωποῖς
2420 4346 2766 4418 ἐντυγχάνων
2801 4349 2958 4413 πᾶσι,
2986 4348 3079 4402 καί
3111 4347 3545 4419 διαπορούμενος
3560 4351 3658 4402 καὶ
3685 4350 3815 4405 οὐδὲ

2218 4429 2362 4501 ὑπὲρ
2386 4429 2487 4501 τῆς
2521 4431 2716 4494 νυκτὸς
2749 4431 2978 4503 θαρρεῖν
3011 4431 3185 4502 ἐχων;
3217 4432 3341 4496 Πῶς
3371 4432 3480 4504 γὰρ
3512 4431 3580 4486 ἂν
3607 4433 3814 4487 καθευο

2217 4515 2402 4587 δήσειε
2424 4515 2634 4580 λοιπὸν,
2678 4515 2783 4569 ὑπὸ
2805 4516 2906 4586 τῆς
2943 4517 3182 4588 γαστρὸς
3227 4517 3558 4588 δακνόμενος
3580 4557 3595 4582 ,
3629 4519 3815 4590 ἀγρυ-

2219 4599 2390 4665 πνῶν,
2423 4597 2570 4670 λιμῷ
2608 4599 3096 4671 πολιορκούμενος,
3135 4601 3312 4670 πάγου
3352 4600 3615 4664 πολλάκις
3652 4603 3812 4668 ὄντος

2217 4685 2312 4738 καί
2341 4685 2500 4737 ὑετοῦ
2526 4683 2981 4755 καταφερομένου
3005 4701 3020 4751 ;
3040 4685 3150 4738 Kal
3175 4685 3239 4738 σὺ
3269 4685 3368 4755 μὲν
3407 4687 3472 4739 ἐκ
3515 4687 3813 4757 βαλανείου

2215 4767 2536 4839 λελουμένος
2563 4769 2864 4840 ἐπανέρχῃ,
2890 4768 3156 4838 μαλακοῖς
3178 4769 3517 4840 θαλπόμενος
3543 4773 3812 4842 ἱματίοις,

2215 4849 2468 4922 γεγηθὼς
2493 4851 2590 4906 καὶ
2611 4851 2840 4922 χαίρων,
2873 4852 2968 4905 καὶ
2996 4851 3092 4905 ἐπὶ
3107 4852 3324 4906 δεῖπνον
3345 4853 3561 4924 ἕτοιμον
3590 4856 3816 4925 τρέχων

2215 4933 2542 4999 πολυτελέςο
2599 4936 2809 4998 ἐκεῖνος
2857 4935 2914 4988 δέ
2945 4936 3223 5007 πανταχοῦ
3279 4937 3424 4990 κατά
3455 4937 3554 5009 τὴν
3595 4939 3815 5010 ἀγορὰν

2214 5019 2320 5072 ὑπὸ
2345 5019 2440 5073 τοῦ
2465 5019 2679 5092 κρυμοῦ
2706 5019 2800 5074 καὶ
2836 5019 2932 5073 τοῦ
2956 5019 3117 5090 λιμοῦ
3154 5021 3392 5092 συνεχῶς
3421 5021 3809 5092 ἐλαυνόμενος,

2216 5101 2566 5173 περιέρχεται
2598 5100 2961 5170 συγκεκυφὼς
2985 5102 3078 5156 καί
3115 5105 3303 5174 χεῖρας
3344 5104 3644 5174 προτείνων
3664 5120 3679 5134 ·
3709 5106 3815 5159 καὶ

2214 5186 2335 5240 οὐδὲ
2354 5185 2576 5258 θαρρῶν
2597 5185 2769 5247 ἀδεῶς
2785 5184 2864 5256 τῷ
2889 5185 3336 5257 ὲμπεπλησμένῳ
3365 5187 3459 5241 καὶ
3482 5188 3814 5244 ἀναπεπαυ-

2215 5274 2364 5343 μένῳ
2389 5273 2610 5342 ῥήματα
2636 5271 3027 5341 προσενεγκεῖν
3053 5269 3194 5341 ὑπὲρ
3221 5271 3320 5342 τῆς
3348 5269 3656 5338 ἀναγκαίας
3680 5291 3814 5344 τρο-
3849 5279 3860 5300 ‘

2213 5357 2345 5426 φῆς,
2379 5354 2642 5420 πολλάκις
2680 5355 2737 5408 δὲ
2764 5356 2860 5408 καὶ
2905 5354 3187 5426 ὑϐρισθεὶς
3227 5355 3596 5427 ἀνεχώρησεν.
3629 5357 3812 5412 Ὅταν

2211 5436 2306 5496 οὖν
2336 5439 2568 5513 ἀνέλθῃς
2597 5439 2803 5502 οἴκαδε,
2839 5439 2965 5492 όταν
2989 5439 3083 5493 ἐπὶ
3111 5440 3209 5510 τῆς
3237 5439 3398 5510 εὐνῆς
3433 5440 3729 5512 ἀνακλιθῇς
3751 5453 3806 5506 ο,

2210 5525 2342 5579 ὅταν
2374 5523 2490 5593 φῶς
2595 5523 2725 5593 περὶ
2745 5522 2837 5576 τὸν
2866 5517 3015 5577 οἰκον
3031 5523 3309 5595 λαμπρὸν,
3335 5525 3464 5578 ὃταν
3485 5524 3678 5594 ἑτοίμη
3704 5527 3812 5579 καὶ

2211 5607 2441 5678 δαψιλὴς
2469 5609 2502 5678 ή
2525 5607 2795 5678 τράπεζα,
2825 5609 2948 5663 τότε
2976 5607 3359 5679 ἀναμνήσθητι
3394 5607 3490 5662 τοῦ
3516 5609 3807 5663 ταλαιπώ-

2214 5711 2308 5764 ρου
2337 5693 2431 5746 καὶ
2454 5692 2642 5745 ἀθλίου
2667 5692 2898 5757 ἐκείνου,
2922 5692 3017 5746 τοῦ
3054 5693 3362 5762 περιιόντος
3392 5694 3533 5748 κατά
3553 5696 3680 5757 τοὺς
3703 5695 3808 5747 κύ-

2212 5793 2308 5839 νας
2345 5777 2402 5830 ἐν
2435 5779 2548 5840 τοῖς
2580 5779 2878 5844 στενωποῖς
2911 5778 3004 5831 καί
3052 5775 3131 5847 τῷ
3174 5777 3350 5848 σκότῳ
3376 5778 3472 5831 καὶ
3503 5775 3582 5847 τῷ
3615 5777 3806 5849 πηλῷ,

2277 5999 2300 6027 ⁸
2322 5997 2468 6062 Πομ,
2495 5996 2697 6047 οὐδέπω.
2787 5995 2815 6039 l-
2839 5995 3197 6061 Beg.,'tpo;ﬁ;.
3267 5998 3286 6027 ε
3319 5996 3466 6060 1103.,
3491 5995 3800 6057 κατακλιθῇς.
