3992 6438
250 389 320 446 ss
697 359 700 362 ’
1331 386 1397 442 IN
1435 381 1651 440 Eptsr.
1686 382 1706 437 ι
1752 381 1843 436 AD
1879 379 2036 436 con.
2077 376 2307 435 llOMlL.
2351 379 2448 435 χι.
3485 397 3557 455 9,

258 506 364 562 bris
410 505 895 563 circumfunditur.
950 502 1156 576 Ecquid
1185 517 1322 574 opus
1347 510 1430 557 est
1448 500 1632 556 dicere
1659 498 1852 552 domos

259 611 310 657 et
329 601 672 669 argentarias
699 601 939 658 ofﬁcinas
956 601 980 654 ?
1000 597 1136 655 Puto
1159 599 1302 654 enim
1330 593 1448 650 illos
1475 594 1520 649 si
1559 591 1646 647 vel
1673 591 1726 645 in
1744 589 1853 659 ρίο-

263 703 376 749 tura
394 695 484 750 vel
510 695 565 751 in
599 697 835 768 imagine
875 695 1086 751 divitias
1131 692 1251 747 illas
1291 689 1546 754 viderint,
1571 684 1802 753 discerpi
1831 722 1847 746 ,

261 785 471 842 efferari
503 797 562 842 et
581 789 636 842 in
669 789 871 843 rabiem
898 787 1031 843 verti
1059 804 1074 840 :
1105 785 1240 839 adeo
1268 794 1326 838 ut
1351 781 1586 850 undique
1616 774 1852 833 tenebris

262 875 634 932 effundantur.
675 878 809 932 Nam
841 878 884 932 si
915 878 1114 946 regiam
1144 874 1428 945 imaginem
1478 868 1850 940 conspiciant,

265 984 368 1022 non
397 970 668 1024 mirantur
697 969 996 1040 lapillorum
1020 966 1490 1039 pulchritudinem,
1508 978 1614 1017 non
1638 974 1850 1024 aurum,

263 1075 365 1114 non
395 1070 604 1116 vestem
633 1074 973 1131 purpuream,
1007 1058 1100 1114 sed
1134 1057 1450 1128 liqueﬁunt;
1479 1065 1534 1109 et
1561 1053 1702 1108 sicut
1727 1048 1854 1105 infe-

263 1154 331 1208 lix
354 1154 444 1210 ille
469 1165 701 1220 amator,
731 1155 775 1209 si
793 1138 1018 1208 ‘amasia:
1041 1153 1326 1223 imaginem
1349 1151 1560 1215 viderit,
1591 1147 1856 1204 inanima-

262 1256 328 1299 ta:
373 1247 451 1301 rei
485 1246 655 1301 lueret
698 1245 926 1300 afﬁxus:
955 1246 1026 1299 ita
1053 1253 1107 1299 et
1139 1243 1227 1298 hic
1265 1242 1612 1298 inanimatam
1658 1239 1853 1294 videns

259 1337 574 1390 divitiarum
603 1336 912 1407 imaginem,
944 1335 1044 1390 hoc
1074 1335 1249 1404 ipsum
1295 1332 1468 1404 magis
1500 1332 1734 1401 patitur,
1767 1339 1854 1384 ut-

260 1437 388 1498 pote
432 1430 606 1500 magis
659 1429 936 1498 tyranuico
975 1428 1229 1484 detentus
1279 1427 1468 1481 morbo
1495 1443 1516 1481 ι
1553 1435 1609 1481 et
1637 1433 1853 1495 oportet

257 1521 480 1576 demum
515 1522 599 1576 vel
624 1521 770 1576 domi
812 1536 1050 1586 manere,
1081 1520 1168 1575 vel
1210 1519 1263 1574 in
1289 1519 1466 1574 forum
1497 1518 1798 1574 venientem
1831 1559 1848 1586 ,

257 1614 414 1670 mille
458 1613 629 1685 plagis
659 1615 892 1685 acceptis
920 1615 1139 1668 domum
1169 1623 1418 1684 repetere
1447 1629 1460 1666 :
1494 1613 1657 1668 multa
1702 1615 1848 1668 enim

255 1707 404 1760 illius
430 1707 624 1763 oculos
648 1707 834 1762 dolore
874 1707 1131 1761 afficiunt.
1161 1709 1238 1761 Ac
1262 1707 1716 1773 quemadmodum
1760 1707 1851 1762 ille

257 1801 394 1856 nihil
423 1802 569 1857 aliud
596 1801 739 1858 videt
761 1816 918 1873 quam
950 1801 1248 1867 mulierem,
1277 1801 1349 1855 ita
1377 1811 1430 1857 et
1457 1803 1558 1856 iste
1585 1816 1850 1872 pauperes

257 1895 482 1964 quidem
508 1904 563 1952 et
587 1895 688 1950 alia
709 1895 887 1950 omnia
930 1898 1187 1966 prreterit,
1219 1905 1276 1950 ut
1306 1911 1375 1951 ne
1412 1896 1840 1951 consolationem

255 1988 480 2058 quidem
533 1988 760 2057 accipiat
786 2004 800 2041 :
834 1987 887 2043 in
910 1987 1193 2057 0pulentos
1212 1999 1391 2044 autem
1418 1987 1604 2043 oculos
1629 1988 1847 2058 dirigit,

254 2095 318 2132 ex
350 2088 580 2147 aspectu
635 2077 727 2132 illo
780 2078 1005 2134 multum
1033 2079 1084 2134 in
1108 2081 1341 2134 animam
1388 2094 1541 2134 suam
1587 2080 1850 2137 inducens

256 2173 462 2240 ignem.
485 2171 628 2240 Ignis
651 2171 847 2242 quippe
867 2180 965 2237 est,
1001 2171 1092 2242 qui
1119 2171 1468 2227 vehementer
1489 2173 1759 2227 consumit
1779 2173 1847 2228 il-

253 2266 388 2330 lum,
417 2265 513 2334 qui
540 2265 594 2318 in
622 2264 792 2333 ipsum
825 2263 1045 2319 incidit:
1078 2275 1241 2335 atque
1267 2265 1476 2320 etiamsi
1517 2280 1618 2320 nec
1639 2265 1849 2336 gehen-

253 2372 358 2422 nrc,
410 2371 534 2411 uec-
561 2355 808 2426 supplicii
837 2357 998 2411 mina:
1051 2356 1326 2412 intentata:
1370 2355 1616 2422 fuissent,
1651 2356 1734 2412 ha:
1760 2373 1849 2414 res

253 2457 556 2518 praesentes
574 2456 755 2504 essent
791 2449 1134 2519 supplicium,
1165 2449 1380 2505 assidue
1406 2465 1601 2521 nempe
1626 2460 1847 2519 torque-

251 2539 317 2601 ri,
350 2553 532 2608 neque
560 2539 732 2594 morbi
762 2538 923 2594 ﬁnem
950 2541 1214 2595 invenire.
1244 2541 1310 2594 Et
1339 2541 1456 2596 haec
1481 2543 1613 2598 satis
1637 2553 1844 2612 essent,

253 2641 310 2683 ut
335 2630 410 2684 ab
438 2629 743 2698 hujusmodi
775 2629 1091 2700 aegritudine
1113 2640 1408 2686 avocarent
1432 2648 1445 2684 :
1476 2632 1572 2688 sed
1601 2633 1734 2689 nihil
1756 2650 1850 2704 pe-

248 2721 336 2789 jus
362 2720 628 2787 amentia,
651 2737 768 2791 qua:
791 2721 842 2776 id
864 2721 1028 2776 efﬁcit
1048 2731 1105 2776 ut
1131 2721 1290 2778 rebus
1305 2737 1594 2779 maerorem
1627 2734 1682 2779 et
1709 2726 1848 2781 nihil

250 2812 386 2867 lucri
415 2812 768 2868 aﬁ‘erentibus
793 2813 865 2867 illi
895 2813 1152 2869 haereant.
1185 2813 1566 2880 Quamobrem,
1599 2817 1848 2886 obsecro,

255 2905 610 2974 incipientem
640 2907 804 2960 animi
833 2907 1077 2961 morbum
1109 2909 1493 2977 exstinguatis.
1523 2909 1673 2966 Sient
1696 2913 1844 2967 enim

253 2997 423 3052 febris
461 2998 620 3052 initio
649 3013 754 3054 non
804 2999 958 3054 valde
1001 3000 1089 3054 siti
1113 3001 1294 3055 adurit
1334 3011 1691 3072 aegrotantes;
1725 3019 1848 3058 cum

253 3101 436 3146 autem
477 3092 709 3146 creverit
735 3101 788 3146 et
813 3091 1080 3147 ﬂammam
1131 3095 1477 3159 excitaverit,
1525 3105 1657 3152 tunc
1702 3098 1849 3152 sitim

256 3182 399 3252 parit
417 3181 912 3252 inexstinguibilem
938 3199 952 3248 ;
984 3183 1195 3238 etiamsi
1225 3199 1354 3239 vero
1374 3186 1494 3255 quis
1513 3195 1698 3255 potum
1720 3188 1851 3258 ipsis

260 3275 486 3344 largiter
520 3274 778 3344 praebeat,
815 3290 920 3330 non
945 3275 1253 3346 exstinguit,
1283 3277 1377 3331 sed
1404 3279 1650 3332 accendit
1676 3280 1852 3334 forna-

251 3381 372 3422 cem
434 3388 449 3423 :
518 3367 597 3422 sic
612 3369 770 3422 etiam
797 3369 848 3422 in
879 3367 982 3423 hoc
1006 3369 1194 3424 morbo
1216 3369 1431 3425 accidit.
1467 3371 1523 3426 Si
1556 3373 1706 3427 initio
1727 3388 1850 3428 cum

257 3460 497 3514 animam
546 3468 784 3514 nostram
838 3460 1076 3527 invadit,
1110 3476 1215 3514 non
1251 3461 1625 3531 impcdiamus,
1676 3480 1853 3536 neque

263 3551 408 3606 fores
433 3551 536 3620 ipsi
561 3551 892 3615 elaudamus,
939 3553 1214 3622 ingressus
1239 3553 1458 3608 demum
1499 3555 1848 3613 incurabilem

259 3642 656 3711 excipientibus
710 3642 850 3711 parit
901 3642 1290 3712 azgritudinem.
1347 3645 1557 3699 Etenim
1605 3657 1660 3701 et
1711 3646 1852 3702 bona

259 3743 311 3788 et
341 3733 648 3796 mala,cum
694 3732 892 3788 diutius
913 3733 964 3786 in
997 3732 1150 3788 nobis
1197 3735 1514 3803 manserint,
1545 3737 1848 3806 potentiora

264 3827 421 3882 fiunt.
973 3895 978 3902 ἢ

331 3919 387 3974 5.
438 3919 498 3973 ln
537 3919 889 3990 omnibusque
931 3918 1050 3974 aliis
1077 3919 1307 3988 idipsum
1336 3918 1518 3975 videre
1570 3929 1673 3976 est.
1713 3920 1851 3976 Nam

265 4011 441 4080 planta
473 4026 660 4065 recens
709 4011 896 4078 insita,
935 4011 1090 4066 facile
1116 4012 1406 4078 evellitur;
1440 4013 1483 4066 si
1515 4013 1676 4084 longo
1716 4024 1853 4069 tem-

265 4119 396 4172 pore
425 4105 598 4174 egerit
629 4103 862 4170 radices,
894 4120 1001 4159 non
1052 4105 1178 4159 item
1204 4147 1218 4172 ,
1249 4105 1344 4162 sed
1392 4106 1574 4161 valido
1601 4122 1739 4177 opus
1770 4117 1854 4163 est

265 4207 420 4251 vecte
445 4215 459 4250 :
491 4207 544 4250 ct
571 4197 857 4252 aediﬁcium
883 4212 1076 4252 recens
1101 4197 1256 4254 facile
1278 4201 1559 4265 evertitur;
1577 4216 1698 4255 cum
1724 4217 1854 4255 vero

269 4289 576 4343 ﬁrmitatem
599 4289 885 4358 acceperit,
915 4288 1134 4344 difficile
1161 4307 1188 4343 a
1215 4293 1534 4346 conantibus
1563 4292 1852 4348 decutitur:

269 4392 320 4432 et
344 4379 452 4434 fera
475 4395 595 4450 qua:
611 4381 770 4452 longo
793 4388 1034 4450 tempore
1051 4382 1244 4437 alicubi
1269 4385 1485 4460 mansit,
1501 4385 1856 4456 mgredispel-

270 4475 414 4530 litur.
444 4472 571 4528 Illos
593 4473 771 4544 igitur,
787 4475 874 4544 qui
900 4475 1134 4530 nondum
1152 4491 1182 4529 a
1213 4477 1401 4531 morbo
1421 4477 1510 4531 illo
1527 4479 1854 4544 detinentur,

271 4579 400 4636 rogo
423 4580 492 4619 ne
503 4565 797 4636 capiantur:
816 4567 1021 4620 facilius
1039 4567 1233 4637 quippe
1252 4577 1337 4622 est
1352 4584 1542 4623 cavere
1559 4584 1625 4623 ne
1640 4569 1853 4634 cadant,

270 4673 429 4727 quam
461 4658 644 4728 lapsos
674 4658 910 4712 exsilire.
961 4660 1070 4713 lllis
1099 4676 1246 4723 vero,
1299 4662 1389 4731 qui
1415 4661 1524 4730 jam
1555 4662 1860 4717 inciderunt

274 4760 374 4805 eta
399 4751 592 4805 morbo
641 4751 731 4805 illo
772 4752 1006 4820 correpti
1053 4762 1198 4819 sunt,
1229 4758 1273 4808 si
1307 4755 1499 4809 rationi
1539 4757 1751 4810 medico
1799 4771 1860 4811 se

275 4842 473 4897 dedere
494 4842 697 4907 velint,
728 4843 950 4896 multam
1003 4843 1192 4898 salutis
1219 4860 1366 4913 spem
1396 4859 1491 4914 per
1513 4846 1606 4900 Dei
1633 4847 1857 4915 gratiam

277 4935 556 5005 polliceor.
607 4935 737 4988 Nam
763 4936 806 4988 si
850 4948 942 4989 eos
979 4935 1071 5004 qui
1097 4935 1147 4989 in
1189 4937 1435 4991 morbum
1479 4937 1781 4993 inciderunt
1807 4946 1862 4992 et

277 5037 460 5095 postea
490 5027 877 5081 convaluerunt
899 5028 1270 5096 cogitaverint,
1292 5028 1486 5082 bonam
1515 5043 1664 5098 spem
1697 5029 1860 5084 hahe-

277 5114 406 5169 bunt
431 5115 546 5170 fore
573 5123 627 5170 tit
652 5130 680 5166 a
711 5113 901 5168 morbo
927 5115 1241 5170 liberentur.
1273 5116 1402 5182 Quis
1430 5130 1559 5186 ergo
1589 5117 1778 5171 incidit
1803 5117 1855 5170 in

280 5205 417 5262 hunc
445 5207 716 5273 morbum,
740 5215 796 5260 et
818 5206 1246 5262 facileliberatus
1275 5209 1399 5262 est?
1427 5209 1718 5264 Zaccharus
1747 5209 1855 5265 ille.

279 5299 404 5366 Quis
448 5300 590 5353 enim
625 5298 910 5368 publicano
959 5300 1200 5368 pecuniae
1229 5299 1473 5370 cupidior
1518 5299 1679 5356 fuerit
1706 5301 1727 5356 ?
1753 5300 1857 5356 Sed

278 5392 456 5446 statim
501 5390 853 5461 philosophus
899 5391 1121 5446 effectus
1169 5401 1272 5459 est,
1298 5403 1353 5446 et
1382 5401 1548 5446 totum
1605 5393 1862 5447 exstinxit

278 5481 605 5537 incendium.
637 5481 898 5537 Similiter
928 5482 1206 5537 Matthzeus
1234 5501 1247 5538 :
1279 5498 1401 5537 nam
1422 5493 1477 5537 et
1505 5483 1595 5538 ille
1622 5483 1862 5553 publica-

275 5590 375 5629 nus
399 5583 540 5640 erat,
569 5574 620 5627 iu
665 5582 922 5644 perpetua
969 5575 1151 5644 rapina
1201 5575 1409 5630 vivens.
1439 5575 1544 5630 Sed
1576 5576 1621 5630 is
1646 5591 1862 5647 quoque

275 5675 498 5736 repente
524 5681 720 5720 noxam
749 5666 891 5718 exuit
916 5707 930 5728 ,
954 5667 1096 5719 sitim
1144 5666 1432 5730 exstinxit,
1461 5674 1516 5720 et
1544 5666 1862 5736 negotiatio-

276 5773 402 5812 nem
430 5757 563 5812 adiit
590 5755 950 5826 spiritualem.
972 5757 1081 5811 llos
1109 5773 1238 5828 ergo
1266 5768 1318 5813 ct
1349 5756 1432 5812 his
1458 5758 1660 5813 similes
1685 5768 1860 5814 tecum

272 5860 550 5924 reputans,
579 5865 682 5907 nec
700 5859 756 5907 tu
786 5849 1060 5923 deSperes.
1079 5851 1134 5907 Si
1172 5851 1300 5908 velis
1329 5852 1494 5922 enim,
1523 5853 1629 5910 cito
1658 5853 1862 5924 poteris

1966 507 2264 564 emergere.
2286 493 2371 560 Et,
2396 492 2442 547 si
2469 492 2637 558 velis,
2676 491 2971 552 secundum
3003 501 3333 561 medicorum
3379 508 3553 581 legem

1961 601 2024 641 ea
2082 601 2202 657 quae
2252 586 2458 656 agenda
2500 596 2627 642 sunt
2670 588 2765 643 tibi
2805 602 3054 650 accurate
3116 600 3548 666 praescribemus.

1959 675 2186 746 Oportet
2232 691 2361 748 ergo
2399 687 2524 733 ante
2550 678 2654 733 alia
2684 683 2866 737 omnia
2905 683 3008 739 hoc
3034 696 3180 744 recte
3205 707 3412 761 gerere,
3443 714 3551 756 non

1960 770 2197 822 animum
2230 768 2568 838 despondere
2605 787 2780 841 neque
2810 773 3098 844 desperare
3119 779 3186 835 de
3216 783 3387 840 salute
3411 804 3505 844 sua
3534 811 3550 846 :

1960 857 2156 914 deinde
2183 874 2287 915 non
2320 860 2480 916 modo
2501 875 2686 916 eorum
2717 865 2806 934 qui
2838 875 2986 922 recte
3014 867 3252 927 fecerunt
3279 882 3549 950 exempla,

1959 952 2054 1008 sed
2081 953 2240 1007 etiam
2269 967 2453 1009 eorum
2481 955 2585 1023 qui-
2611 969 3016 1024 perseverarunt
3060 979 3331 1024 aerumnas
3377 972 3548 1043 illSpi-

1959 1057 2102 1098 cere.
2136 1041 2287 1098 Sicut
2320 1045 2462 1098 enim
2509 1043 2824 1101 Zaechzeum
2855 1058 2910 1104 et
2931 1050 3241 1110 Matthzeum
3292 1041 3549 1130 cogitavi-

1957 1154 2081 1197 mus
2104 1180 2119 1205 ,
2183 1137 2255 1192 ita
2281 1147 2336 1193 et
2361 1137 2553 1193 Judam
2582 1141 2770 1194 animo
2797 1153 3048 1214 reputare
3069 1159 3302 1218 oportet,
3336 1169 3545 1212 necnon

1958 1229 2126 1295 Giezi,
2158 1229 2354 1293 Achar,
2383 1231 2591 1298 Achab,
2612 1233 2875 1289 Ananiam
2893 1245 2947 1291 et
2973 1237 3328 1311 Sapphiram;
3371 1256 3431 1301 ut
3451 1264 3548 1318 per

1959 1320 2079 1376 illos
2108 1321 2540 1390 desperationem
2587 1324 2884 1394 ejiciamus,
2941 1343 3036 1398 per
3061 1329 3161 1386 hos
3188 1349 3316 1390 vero
3357 1352 3546 1395 socor-

1958 1411 2099 1466 diam
2131 1411 2528 1479 exseindamus,
2561 1430 2734 1486 neque
2761 1418 2985 1487 supinus
3013 1422 3082 1475 sit
3102 1425 3314 1481 animus
3330 1428 3394 1482 ad
3423 1447 3544 1487 mo-

1957 1507 2065 1560 nita
2092 1522 2211 1577 qua:
2237 1510 2658 1578 prmscribuntur
2685 1529 2696 1563 :
2731 1527 2794 1567 ac
2825 1527 2922 1567 nos
2945 1513 3091 1584 ipsos
3117 1516 3457 1580 instituamus
3477 1525 3544 1581 ad

1958 1597 2045 1654 illa
2071 1599 2316 1666 dicenda,
2365 1617 2485 1672 qua:
2517 1611 2643 1657 tunc
2664 1603 2732 1657 ad
2761 1604 2981 1660 Petrum
3006 1609 3333 1667 accedentes
3361 1613 3540 1673 Judmi

1955 1687 2248 1745 dicebant:
2307 1691 2444 1758 Quid
2487 1711 2606 1765 ergo
2657 1706 2853 1766 Oportet
2915 1700 3083 1768 facere
3123 1709 3176 1754 ut
3213 1704 3343 1758 salvi
3390 1709 3546 1764 simus

1957 1779 1976 1851 (
2013 1781 2199 1836 Act.2.
2233 1784 2300 1838 57
2335 1785 2479 1854 )?et
2508 1786 2786 1840 audiamus
2838 1803 2901 1842 ea
2953 1806 3073 1860 qua:
3102 1792 3340 1850 facienda
3395 1811 3542 1857 sunt.

1956 1873 2092 1942 Quid
2111 1891 2238 1946 ergo
2269 1887 2484 1947 oportet
2510 1879 2689 1936 facere
2719 1881 2742 1935 ?
2767 1881 2940 1938 Nosse
2971 1901 3150 1940 rertnn
3182 1889 3464 1958 vilitatem,
3491 1904 3548 1951 et

1956 1966 2097 2036 quod
2124 1966 2323 2024 divitia:
2341 1971 2655 2027 sintservus
2682 1973 2931 2044 fugitivus
2958 1985 3013 2031 ct
3039 1977 3300 2050 ingratus,
3326 1987 3545 2056 etquod

1955 2071 2296 2127 possessores
2323 2075 2450 2116 suos
2481 2062 2533 2115 in
2561 2063 2698 2118 mala
2748 2064 2989 2135 injiciant
3015 2068 3458 2132 innumerabilia:
3489 2086 3546 2133 et

1955 2149 2220 2219 ejusmodi
2249 2153 2411 2208 verba
2442 2155 2658 2210 assidue
2688 2156 3056 2218 decantemus.
3090 2164 3168 2219 Ac
3188 2170 3544 2236 quemadmo-

1955 2239 2082 2295 dum
2108 2241 2302 2296 medici
2322 2259 2495 2315 aegros
2519 2246 2763 2318 frigidam
2792 2252 3126 2320 postulantes
3154 2260 3500 2318 consolantur
3523 2305 3538 2331 ,

1955 2346 2015 2388 se
2046 2334 2370 2404 praebituros
2387 2337 2652 2404 dicentes,
2687 2339 2890 2397 fontem
2946 2361 3458 2419 commemorantes,
3488 2363 3545 2410 et

1955 2441 2050 2481 vas
2095 2437 2149 2482 et
2203 2436 2414 2498 tempus
2469 2443 2854 2501 opportunum,
2905 2436 3165 2508 pluraque
3239 2441 3547 2512 huiusmodi

1955 2518 1976 2592 (
2006 2536 2128 2574 nam
2155 2521 2197 2575 si
2229 2522 2405 2577 statim
2441 2534 2720 2594 negarent,
2753 2526 2804 2579 in
2826 2527 3059 2584 furorem
3088 2539 3140 2585 et
3169 2533 3371 2588 rabiem
3400 2537 3548 2606 ipsos

1955 2613 2482 2683 conjicerent):ita
2529 2625 2583 2670 et
2629 2632 2726 2671 nos
2777 2632 2896 2672 cum
2940 2623 3192 2688 pecunias
3243 2627 3548 2684 amantibus

1954 2719 2214 2775 agamus:
2263 2715 2462 2761 etcum
2501 2707 2755 2774 dixerint,
2811 2711 3010 2767 Divites
3033 2728 3152 2768 esse
3182 2716 3444 2785 volumus,
3479 2737 3548 2776 ne

1955 2799 2135 2854 statim
2166 2797 2406 2854 dicamus
2438 2799 2607 2855 malas
2624 2815 2746 2856 esse
2769 2801 2985 2858 divitias
3011 2821 3024 2870 ;
3056 2806 3148 2860 sed
3180 2811 3544 2866 assentiamur

1957 2901 2013 2948 et
2043 2891 2283 2946 dicamus
2327 2908 2425 2948 nos
2453 2894 2615 2949 etiam
2665 2895 2769 2951 hoc
2800 2898 2936 2952 velle
2960 2940 2974 2965 ,
3005 2900 3099 2955 sed
3128 2901 3181 2955 in
3229 2906 3549 2974 congruenti

1959 2995 2219 3056 tempore,
2251 2986 2346 3042 sed
2375 2987 2590 3043 divitias
2621 3004 2799 3058 veras,
2825 2991 2921 3046 sed
2953 3008 3045 3048 eas
3071 3010 3188 3064 qua:
3220 2998 3548 3067 voluptatem

1956 3077 2192 3133 habeant
2219 3079 2602 3144 immortalem,
2625 3081 2722 3135 sed
2749 3097 2842 3137 eas
2867 3099 2986 3152 quae
3013 3086 3343 3156 colliguntur
3366 3089 3542 3156 nobis,

1960 3184 2067 3224 non
2125 3170 2262 3237 aliis,
2312 3185 2458 3241 saepe
2501 3181 2679 3226 autem
2713 3182 2766 3229 et
2800 3174 3031 3230 inimicis
3061 3193 3076 3243 ;
3105 3192 3168 3232 ac
3194 3179 3551 3251 philosophia:

1957 3259 2121 3315 verba
2149 3261 2202 3314 in
2231 3261 2466 3316 medium
2483 3262 2768 3320 aﬁ‘eramus
2795 3281 2858 3320 ac
2881 3267 3140 3323 dicamus:
3166 3270 3279 3324 Non
3301 3272 3551 3341 jubcmus

1959 3369 2066 3408 non
2095 3353 2288 3409 divites
2315 3370 2456 3425 esse,
2485 3357 2580 3413 sed
2607 3358 2746 3414 male
2772 3359 2964 3416 divites
2986 3378 3105 3419 esse
3129 3375 3370 3421 velamus
3390 3387 3403 3424 :
3423 3370 3548 3425 licet

1959 3447 2100 3501 enim
2119 3445 2335 3502 divitem
2362 3463 2502 3514 esse,
2527 3449 2621 3503 sed
2650 3451 2765 3506 sine
2791 3454 3032 3513 avaritia.
3049 3456 3168 3511 sine
3187 3463 3367 3528 rapina
3391 3470 3445 3515 et
3468 3463 3539 3528 vi,

1958 3537 2030 3592 ita
2046 3548 2102 3592 ut
2114 3538 2254 3608 apud
2267 3555 2454 3595 omnes
2469 3542 2606 3596 male
2618 3543 2798 3598 audiat
2813 3545 2964 3600 dives
2979 3546 3302 3617 hujusmodi.
3320 3551 3414 3607 llis
3430 3553 3550 3610 illos

1958 3629 2138 3686 verbis
2161 3632 2309 3702 prius
2332 3632 2618 3702 leniamus,
2636 3637 2865 3691 necdum
2885 3638 2953 3692 de
2968 3638 3212 3708 gehenna
3230 3641 3549 3713 loquamur:

1960 3739 2083 3778 nam
2102 3725 2193 3795 qui
2213 3735 2458 3796 aegrotat,
2481 3729 2604 3782 talia
2623 3731 2784 3786 verba
2807 3732 2988 3786 statim
3009 3749 3114 3787 non
3145 3734 3329 3791 ferret.
3362 3738 3555 3807 Quam-

1958 3816 2147 3871 obrem
2165 3833 2231 3873 ex
2256 3821 2614 3889 prtesentibus
2645 3823 2727 3876 his
2748 3823 2816 3880 de
2835 3825 2997 3880 rebus
3018 3827 3179 3881 verba
3214 3829 3472 3886 faciamus
3499 3841 3553 3887 et

1960 3908 2200 3966 dicamus
2221 3929 2233 3964 :
2252 3911 2360 3966 Cur
2383 3927 2448 3967 ex
2479 3916 2700 3969 avaritia
2723 3918 2801 3969 vis
2814 3917 2996 3983 ditari,
3027 3929 3082 3973 ut
3108 3920 3229 3974 aliis
3252 3939 3441 3978 aurum
3459 3940 3550 3980 rc-

1961 4001 2244 4070 condatur,
2267 4005 2360 4059 tibi
2384 4021 2514 4060 vero
2532 4008 2827 4063 innumerae
2857 4010 3270 4078 imprecationes
3292 4025 3348 4069 et
3363 4018 3550 4072 crimi-

1962 4097 2242 4152 nationes?
2265 4107 2319 4152 et
2345 4099 2434 4168 qui
2465 4100 2570 4154 illis
2597 4101 2837 4170 privatus
2865 4113 2968 4168 est,
2999 4118 3062 4158 ex
3091 4120 3273 4159 rerum
3305 4124 3555 4165 necessa-

1963 4188 2161 4243 riarum
2201 4191 2423 4259 penuria
2453 4191 2793 4259 mordeatur,
2823 4193 3007 4262 ejulet,
3041 4208 3431 4270 sescentosque
3461 4202 3552 4255 tibi

1962 4283 2198 4336 attrahat
2249 4294 2596 4338 accusatores
2626 4325 2641 4350 ,
2670 4295 2726 4340 et
2747 4275 3074 4341 adveniente
3115 4303 3334 4357 vespera
3379 4293 3552 4346 fortun

1964 4374 2282 4444 circumeat,
2313 4385 2368 4431 et
2394 4377 2445 4432 in
2475 4378 2777 4447 angiportis
2800 4393 2992 4434 omnes
3021 4361 3330 4448 conveniat,
3361 4384 3555 4439 dubius

1966 4475 2020 4520 et
2044 4467 2254 4528 anxius,
2286 4482 2354 4521 ne
2379 4466 2447 4522 de
2476 4467 2817 4538 transigenda
2845 4469 3062 4539 quidem
3088 4482 3246 4525 nocte
3266 4474 3434 4528 fidere
3460 4490 3555 4528 au-

1965 4559 2126 4615 dens.
2156 4560 2437 4627 Quomodo
2453 4560 2594 4616 enim
2614 4561 2723 4630 jam
2752 4561 3005 4630 dormiet,
3030 4563 3156 4617 dum
3185 4566 3395 4620 mordet
3426 4583 3556 4622 ven-

1969 4659 2066 4716 ter,
2101 4652 2320 4722 ipseque
2346 4652 2560 4722 vigilat,
2593 4652 2756 4707 fames
2789 4654 3018 4720 obsidet,
3043 4655 3241 4724 ingruit
3262 4673 3404 4729 saepe
3433 4661 3554 4729 gelu

1967 4754 2020 4799 et
2051 4744 2240 4813 pluvia:
2265 4744 2562 4799 decidunt?
2592 4746 2658 4799 Et
2681 4754 2733 4799 tu
2761 4747 2976 4816 quidem
3004 4763 3070 4801 ex
3103 4748 3296 4802 balneo
3345 4751 3558 4806 ablutus

1968 4836 2136 4901 redis,
2167 4837 2422 4891 mollibus
2467 4839 2695 4892 amictus
2737 4837 2997 4904 vestibus,
3053 4839 3208 4894 laetus
3235 4850 3289 4896 et
3315 4844 3553 4912 gaudens

1968 4930 2036 4984 ad
2065 4931 2264 4984 lautam
2316 4945 2527 4985 etenam
2580 4934 2850 4986 accurris:
2884 4930 2974 4986 ille
2998 4943 3175 4988 autem
3207 4950 3303 5004 per
3327 4935 3499 4990 forum
3527 4954 3558 4992 a

1969 5019 2166 5090 frigore
2189 5029 2244 5076 et
2270 5021 2412 5076 fame
2450 5036 2594 5088 saepe
2621 5022 2808 5091 pulsus
2837 5023 3105 5089 circumit,
3139 5040 3310 5094 prono
3339 5028 3510 5098 capite
3540 5071 3556 5096 ,

1970 5130 2161 5169 manus
2187 5115 2518 5180 extendens;
2545 5131 2642 5170 nec
2666 5131 2777 5185 pra:
2815 5125 2962 5170 metu
2991 5118 3154 5172 audet
3181 5121 3377 5175 satiato
3403 5130 3458 5176 et
3483 5138 3561 5178 re-

1969 5208 2238 5263 cumbenti
2291 5207 2450 5262 verba
2490 5207 2731 5278 proferre
2783 5224 2882 5279 pro
2909 5210 3166 5267 alimento
3216 5215 3556 5282 necessario;

1971 5313 2117 5370 smpe
2144 5315 2272 5354 vero
2315 5299 2637 5355 contumelia
2668 5299 2893 5355 affectus
2936 5303 3185 5357 receSsit.
3237 5304 3372 5360 Cum
3429 5321 3558 5378 ergo

1970 5390 2190 5446 domum
2222 5405 2474 5446 reversus
2500 5406 2580 5456 es,
2605 5406 2725 5446 cum
2750 5391 2803 5445 in
2833 5391 2973 5447 lecto
2998 5395 3269 5450 recumbis
3319 5413 3439 5452 cum
3469 5397 3558 5454 lux

1971 5482 2252 5552 splendida
2281 5481 2480 5552 ubique
2506 5482 2673 5552 fulget
2711 5482 2761 5536 in
2799 5483 3027 5551 uadibus,
3053 5500 3175 5540 cum
3201 5487 3341 5542 lauta
3372 5504 3555 5544 mensa

1969 5584 2154 5646 parata
2182 5583 2285 5642 est,
2327 5583 2442 5629 tum
2469 5574 2758 5630 recordare
2807 5575 2989 5630 miseri
3014 5587 3070 5631 et
3097 5577 3329 5631 infelicis
3372 5579 3516 5634 illius
3543 5621 3559 5646 ,

1970 5667 2083 5736 qui,
2114 5674 2172 5720 ut
2195 5681 2356 5720 canes
2385 5665 2583 5732 solent,
2613 5666 2664 5720 in
2688 5665 3006 5736 angiportis,
3035 5667 3086 5721 in
3115 5669 3351 5723 tenebris
3371 5676 3425 5722 et
3446 5668 3560 5723 luto

1970 5758 2263 5813 circumit:
2307 5757 2517 5813 etiamsi
2543 5773 2688 5827 saepe
2719 5756 2845 5813 hinc
2895 5757 3074 5824 abeat,
3128 5773 3234 5812 non
3286 5757 3505 5813 domum
3537 5799 3556 5825 ,

1971 5867 2078 5908 non
2106 5850 2172 5907 ad
2202 5865 2425 5908 uxorem
2446 5891 2462 5921 ,
2493 5848 2590 5908 sed
2614 5850 2667 5906 in
2694 5848 2823 5907 faeni
2849 5859 3098 5920 stratum,
3131 5860 3192 5907 ut
3211 5859 3268 5909 et
3285 5865 3447 5909 canes
3473 5850 3554 5906 vi-
