3992 6426
493 405 565 461 95
1227 400 1284 450 s.
1322 388 1596 447 JOANNIS
1633 382 2106 443 Cttnrsosroul
2147 381 2467 438 ARCIIIEP.
2505 382 3044 442 consumerer.
3706 405 3766 460 as

499 519 716 584 demus,
773 515 860 586 qui
891 530 988 584 per
1017 522 1181 569 totam
1215 518 1424 564 noctem
1450 503 1622 560 rabidi
1653 503 1870 558 latrant.
1924 499 1992 555 Et
2035 507 2090 554 tu

497 609 717 680 quidem
747 609 790 662 si
823 620 1041 677 parvam
1069 603 1264 658 stillam
1295 599 1496 652 videris
1525 611 1555 650 e
1580 605 1723 650 tecto
1767 593 2043 664 delapsam
2070 634 2084 658 ,

500 711 666 756 totam
697 699 895 755 evertis
925 695 1170 760 domum,
1217 690 1440 745 famulos
1487 702 1717 749 vocans,
1748 687 1927 740 omnia
1969 699 2087 739 mo-

498 809 633 849 vens
663 811 675 846 :
710 793 799 848 ille
843 805 971 844 vero
1014 789 1202 854 jaccns
1232 786 1285 840 in
1317 785 1531 855 pannis,
1581 781 1726 838 fumo
1747 790 1802 836 et
1824 781 1936 835 luto
1958 821 1973 846 ,
2002 779 2088 833 in-

501 900 633 956 gens
656 885 848 939 tolerat
871 883 1058 951 frigus.

570 977 624 1032 6.
667 977 796 1044 Qua:
840 974 947 1028 fera
993 971 1079 1026 his
1124 987 1230 1026 non
1269 969 1542 1040 frangatur
1567 966 1776 1023 rebus?
1807 965 1924 1036 quis
1951 965 2088 1019 adeo

496 1081 670 1122 srcvus
709 1073 766 1121 et
811 1063 1154 1127 inhumanus,
1207 1062 1353 1116 hisce
1401 1060 1561 1115 rebus
1604 1074 1708 1113 non
1758 1057 2088 1112 mansuetior

494 1157 787 1214 reddatur?
823 1156 932 1212 Sed
958 1142 1178 1226 quidam
1217 1154 1286 1208 ad
1323 1163 1521 1207 tantam
1567 1151 1954 1206 immanitatem
1993 1149 2087 1204 de-

495 1259 777 1317 venerunt,
811 1260 870 1305 ut
895 1249 1080 1306 dicant
1110 1249 1255 1320 ipsos
1283 1248 1440 1317 digna
1469 1245 1594 1315 pati.
1637 1245 1780 1300 Cum.
1810 1249 2091 1313 oporteret-

493 1345 636 1400 enim
665 1343 946 1409 misereri,
980 1339 1260 1412 lacrymari
1281 1381 1298 1406 ,
1327 1350 1380 1394 et
1407 1338 1764 1392 calamitatem
1795 1333 1950 1390 sitnul
1980 1333 2089 1386 sol-

493 1453 620 1492 vere
652 1453 665 1491 :
697 1435 771 1490 illi
803 1450 933 1490 vero
964 1435 1110 1504 ipsos
1142 1433 1504 1487 inhumaniter
1530 1440 1804 1485 accusant.
1837 1429 1982 1497 Quos
2017 1429 2088 1482 li-

491 1528 682 1584 benter
711 1528 1100 1594 interrogarem
1123 1567 1138 1593 ,
1166 1526 1276 1579 (Zur
1295 1566 1310 1590 ,
1343 1539 1548 1594 quasso,
1581 1522 1737 1593 digna
1770 1519 2086 1594 patiuntur?

491 1637 560 1676 an
591 1619 734 1692 quod
766 1619 836 1673 ali
870 1620 1034 1673 velint
1057 1628 1112 1674 et
1137 1633 1240 1671 non
1275 1617 1414 1671 fame
1440 1615 1672 1671 conﬁci?
1695 1614 1830 1680 Non,
1859 1613 2090 1682 inquiet,

492 1713 588 1770 sed
619 1714 744 1784 quia
775 1712 933 1767 otiosi
965 1719 1108 1766 sont.
1143 1711 1223 1766 Tu
1253 1726 1382 1764 vero
1407 1724 1587 1763 annon
1618 1709 1823 1761 otiosus
1858 1704 2083 1760 delicia-

493 1806 603 1860 ris?
628 1805 765 1874 Quid
797 1819 925 1859 vero
946 1844 959 1866 ,
991 1818 1171 1858 annon
1202 1817 1338 1872 opus
1381 1817 1526 1872 smpe
1553 1815 1772 1855 exerces
1800 1799 1911 1854 otio
1937 1799 2095 1854 omni.

493 1899 729 1966 gravius,
770 1897 898 1950 dum
939 1894 1103 1961 rapis,
1152 1896 1256 1948 vim
1299 1891 1462 1948 infers
1501 1902 1556 1948 et
1585 1892 1822 1947 avaritia:
1859 1891 2041 1946 studes
2061 1892 2095 1945 ἓ

494 1989 684 2044 Melius
709 1998 853 2043 esset
879 1988 922 2043 si
957 1997 1012 2042 tu
1043 2002 1258 2058 quoque
1285 1985 1412 2042 huic
1443 1995 1495 2041 te
1524 1984 1750 2041 dederes
1777 1986 1888 2040 otio
1915 2003 1928 2038 :
1961 2000 2084 2039 nam

493 2081 566 2134 ita
607 2079 764 2136 otiari
810 2079 1003 2135 melius
1040 2089 1143 2145 est,
1192 2089 1350 2148 quam
1389 2078 1624 2133 avaritia:
1666 2077 1902 2133 studere.
1931 2076 2085 2133 Nune

493 2182 672 2228 autem
701 2171 895 2228 alienis
919 2172 1083 2227 etiam
1111 2169 1342 2226 insultas
1359 2168 1782 2235 calamitatibus,
1798 2186 1902 2224 non
1924 2167 2084 2224 modo

491 2265 545 2318 in
576 2264 687 2320 otio
711 2263 932 2334 degens,
964 2277 1064 2318 nec
1094 2262 1254 2316 modo
1281 2277 1416 2331 opus
1456 2261 1774 2332 aggrediens
1817 2263 1926 2316 otio
1965 2276 2083 2332 gra-

492 2358 630 2424 vius,
681 2356 776 2412 sed
821 2356 980 2412 etiam
1015 2356 1066 2410 in
1109 2355 1323 2410 miseria
1353 2353 1614 2424 degentes
1637 2368 1914 2409 accusans.
1951 2352 2082 2423 Ipsis

489 2463 704 2518 quoque
754 2462 1035 2502 narremus
1092 2446 1300 2501 alieuas
1351 2445 1714 2511 calamitates,
1772 2445 2093 2500 immaturas

488 2541 764 2605 orbitates,
796 2554 890 2594 eos
919 2539 1008 2608 qui
1054 2537 1107 2592 in
1137 2553 1354 2592 carcere
1381 2537 1601 2608 degunt,
1633 2551 1728 2592 eos
1763 2537 1851 2607 qui
1876 2537 2080 2592 discer-

489 2640 688 2700 puntur
714 2631 765 2685 in
787 2629 1004 2700 judieiis
1025 2673 1038 2694 ,
1072 2643 1170 2685 eos
1192 2630 1284 2700 qui
1310 2629 1380 2684 de
1404 2630 1506 2683 vita
1538 2629 1746 2695 timent,
1780 2629 2082 2700 inopinatas

490 2723 774 2777 mtdierum
803 2721 1107 2785 viduitates,
1136 2723 1446 2790 repentinas
1474 2721 1700 2777 divitum
1732 2722 2077 2790 mutationes,

487 2827 541 2870 et
569 2815 669 2870 hoc
695 2822 838 2869 metu
869 2829 1054 2869 eorum
1087 2814 1298 2868 animos
1325 2815 1650 2868 molliamus.
1681 2811 1813 2868 Nam
1844 2829 1939 2885 per
1961 2814 2091 2871 illas

486 2909 690 2962 alienas
733 2907 1065 2962 narrationes
1104 2905 1447 2961 suadebimus
1479 2906 1616 2972 illis,
1651 2916 1710 2960 ut
1736 2906 1922 2961 eadem
1965 2909 2078 2976 ipsa

487 3001 587 3057 sibi
620 3001 858 3055 timeant.
884 2997 1015 3053 Cum
1046 2998 1187 3052 enim
1217 2998 1504 3063 audierint,
1532 2998 1832 3068 cujuspiam
1857 2999 2002 3053 avari
2025 3007 2081 3054 et

488 3093 718 3164 raptoris
748 3091 911 3145 ﬁlium
936 3131 950 3156 ,
980 3090 1276 3160 cujuspiam
1306 3090 1394 3160 qui
1425 3090 1592 3144 multa
1623 3091 1902 3160 tyrannice
1931 3092 2079 3146 fece-

488 3195 572 3241 rat
599 3200 842 3249 uxorem,
863 3192 984 3254 post
1009 3192 1236 3238 mortem
1269 3182 1513 3253 conjugis
1541 3182 1829 3238 innumera.
1865 3199 2082 3254 passam

488 3293 610 3334 esse
637 3277 794 3344 mala,
817 3291 938 3331 cum
968 3277 1000 3331 ii
1033 3277 1122 3347 qui
1150 3275 1344 3346 injuste
1371 3275 1482 3329 lzesi
1507 3273 1738 3340 fuerant,
1778 3277 1828 3330 in
1855 3291 2078 3331 uxorem

487 3378 541 3423 et
561 3367 700 3422 ﬁlios
724 3367 1028 3431 irruisscnt,
1054 3375 1110 3421 et
1126 3381 1411 3422 commune
1433 3366 1629 3423 bellum
1651 3376 1838 3422 contra
1861 3367 2078 3423 domum

426 3531 428 3533 b
491 3458 635 3513 illius
663 3457 898 3529 undique
925 3459 1213 3513 excitatum
1246 3468 1389 3514 esset
1420 3477 1434 3513 :
1463 3459 1675 3514 etiamsi
1703 3460 1934 3515 maxime
1956 3475 2078 3515 om-

491 3548 636 3602 nium
679 3556 840 3604 sensu
871 3547 1158 3603 destitutus
1185 3548 1291 3614 sit,
1322 3560 1643 3619 exspectans
1669 3557 1845 3606 tamen
1871 3565 1930 3608 sc
1957 3551 2076 3606 talia

488 3655 768 3711 passurum
788 3682 803 3707 ,
833 3651 888 3697 et
928 3641 1038 3696 suis
1067 3641 1263 3696 timens
1291 3659 1357 3697 ne
1386 3642 1578 3697 similia
1606 3645 1906 3714 pacantur,
1941 3654 2079 3699 tem-

490 3734 764 3802 perantior
818 3733 940 3788 erit.
992 3733 1127 3788 Tota
1173 3734 1278 3787 vita
1327 3744 1508 3788 nostra
1572 3735 1764 3789 talibus
1818 3736 2080 3808 exemplis

490 3825 673 3879 multis
716 3825 871 3893 plena
903 3833 1022 3892 est,
1057 3839 1157 3879 nec
1185 3824 1400 3880 deﬁciet
1443 3825 1598 3882 nobis
1643 3825 1729 3882 hic
1775 3826 2078 3896 corrigendi

490 3915 699 3971 modus.
726 3915 859 3970 Cum
892 3924 1068 3971 autem
1102 3916 1216 3972 haec
1242 3917 1468 3972 dicimus
1491 3959 1507 3985 ,
1533 3935 1638 3973 non
1669 3920 1819 3991 quasi
1847 3920 2077 3974 suaden-

491 4022 572 4064 tes
601 4007 683 4062 vel
711 4007 862 4078 quasi
892 4007 1236 4063 consulentes
1267 4006 1382 4064 lucc
1408 4009 1648 4064 dicamus
1668 4052 1683 4076 ,
1713 4026 1779 4065 ne
1802 4011 2078 4066 molestior

2201 498 2270 552 sit
2296 499 2489 564 oratio,
2521 501 2616 555 sed
2641 501 2691 556 id
2724 513 2992 574 tamquam
3022 509 3382 564 narrationem
3415 511 3779 586 proferamus;

2192 601 2245 648 et
2277 607 2338 646 ex
2367 593 2469 647 alia
2505 599 2890 666 consequentia
2921 598 2985 651 ad
3013 599 3241 655 similem
3274 617 3494 673 semper
3515 609 3774 662 ιιειιϊιιιίιι-Δ

2193 698 2314 738 nem
2344 685 2618 740 veniamus
2643 729 2658 752 ,
2689 702 2752 742 ac
2778 688 3086 759 frequenter
3111 693 3206 748 eis
3225 694 3350 748 talia
3389 696 3630 768 exempla
3659 715 3768 767 pro.

2192 790 2474 846 portamus,
2528 795 2634 834 non
2684 783 3043 839 concedentes
3093 795 3151 841 ut
3197 785 3301 840 alia
3351 803 3512 857 quam
3558 790 3768 846 ha‘clo-

2191 882 2424 939 quantur
2448 890 2460 924 :
2483 873 2764 940 Quomodo
2790 875 2949 945 hujus
2969 877 3164 934 domus
3186 881 3466 951 splendida
3489 892 3542 937 et
3564 884 3768 944 illustris

2190 963 2490 1030 corruerit;
2531 967 2801 1035 quomodo
2843 967 2911 1021 ita
2942 967 3158 1026 deserta
3189 972 3292 1039 sit,
3339 982 3398 1027 ut
3443 975 3604 1044 ipsius
3642 977 3768 1034 bona

2190 1053 2368 1106 Omnia
2427 1053 2479 1108 in
2525 1054 2753 1110 aliorum
2799 1073 2987 1113 manus
3030 1060 3363 1128 inciderint;
3409 1075 3538 1135 quot
3582 1067 3766 1135 judicia

2190 1145 2426 1213 quotidie
2451 1145 2519 1200 de
2549 1147 2634 1202 his
2664 1148 3002 1206 facultatibus
3025 1162 3149 1208 sunt
3174 1159 3462 1211 constituta
3485 1200 3500 1224 ,
3527 1171 3650 1231 quot
3679 1177 3768 1217 ne.-

2189 1237 2328 1304 gotia
2355 1253 2370 1302 ;
2400 1251 2529 1307 quot
2565 1256 2635 1294 ex,
2669 1239 2884 1296 famulis
2913 1244 3056 1299 illius
3076 1247 3166 1300 alii
3194 1250 3542 1305 emendieant
3567 1295 3580 1318 ,
3609 1254 3693 1308 alii
3721 1256 3767 1310 in

2189 1340 2405 1383 carcere
2424 1332 2660 1385 conclusi
2685 1334 2878 1387 mortui
2909 1345 3054 1390 sunt.
3090 1337 3156 1392 Et
3187 1337 3302 1394 haec
3332 1343 3524 1397 omnia.
3543 1344 3767 1400 dicamus

2189 1421 2340 1490 quasi
2387 1422 2631 1492 lugentes
2675 1441 2820 1492 eum,
2871 1428 2958 1496 qui
3004 1444 3068 1484 ex
3121 1430 3220 1486 hac
3265 1433 3376 1488 vita
3418 1436 3676 1506 migravit,
3718 1449 3768 1494 et

2189 1514 2338 1583 quasi
2385 1517 2668 1585 pmsentia
2711 1517 3106 1588 despicientes;
3141 1532 3196 1576 ut
3226 1533 3278 1580 et
3312 1524 3507 1582 timore
3537 1540 3588 1584 ct
3616 1532 3760 1586 mise-

2189 1606 2416 1662 ricordia
2447 1609 2785 1664 emolliamus
2815 1611 3076 1668 immitem
3109 1614 3258 1670 illum
3284 1618 3546 1674 animum.
3575 1621 3763 1678 Etcum

2189 1699 2308 1754 illos
2355 1699 2650 1756 viderimus
2709 1701 2793 1757 his
2840 1707 3234 1762 narrationibus
3280 1709 3606 1779 depressos,
3651 1723 3766 1770 tunc

2188 1789 2404 1846 demum
2449 1793 2554 1847 illis
2593 1794 2660 1848 de
2696 1793 2938 1864 geheuna
2973 1811 3281 1855 sermonem
3312 1801 3602 1856 inferamus
3624 1846 3636 1866 ,
3669 1821 3762 1859 non

2189 1890 2455 1954 tamquam
2479 1885 2599 1938 illus
2623 1881 2909 1949 terrentes,
2934 1887 3028 1943 sed
3057 1897 3115 1943 ut
3137 1891 3276 1946 alios
3306 1893 3760 1957 conmiserantes;

2187 1981 2238 2027 ot
2260 1972 2538 2030 dicamus:
2565 1975 2632 2030 Et
2655 1976 2780 2046 quid
2811 1987 3020 2047 oportet
3048 1979 3232 2036 dicere
3257 1985 3576 2052 praesentia?
3604 2002 3763 2056 neque

2187 2066 2329 2120 enim
2375 2078 2556 2122 nostra
2599 2068 2682 2123 his
2720 2081 2846 2124 sunt
2888 2071 3146 2127 limitibus
3191 2073 3635 2146 circumscripta;
3678 2078 3776 2132 sed.

2185 2158 2399 2226 gravius
2425 2160 2745 2229 supplicium
2774 2161 3181 2219 tales-homines
3209 2165 3473 2235 excipiet,
3503 2179 3557 2222 et
3585 2168 3763 2223 fluvios

2187 2248 2374 2320 igneus
2397 2263 2453 2307 et
2477 2253 2672 2308 vermis
2694 2268 2996 2309 veneuosus
3015 2264 3070 2309 et
3096 2256 3330 2312 tenebrze
3354 2258 3762 2316 interminabiles

2186 2350 2248 2397 et
2267 2344 2525 2414 supplicia
2563 2345 2902 2400 immortalia.
2931 2347 2986 2400 Si
3017 2346 3100 2401 his
3132 2348 3253 2402 illos
3283 2348 3620 2405 incantentus
3647 2367 3761 2404 nar-

2187 2437 2515 2502 rationibus,
2547 2445 2604 2492 et
2642 2452 2740 2492 nos
2782 2438 2936 2508 ipsos
2954 2448 3008 2493 et
3051 2439 3172 2495 illos
3208 2441 3578 2511 corrigemus,
3617 2454 3776 2513 atque

2185 2528 2255 2583 ab
2283 2529 2597 2599 aegritudine
2625 2530 2733 2584 cito
2760 2529 3128 2596 liberabimus,
3163 2533 3213 2586 in
3246 2533 3446 2604 dieque
3476 2536 3563 2590 illo
3593 2536 3761 2589 lauda-

2185 2631 2357 2679 torem
2385 2624 2552 2678 Deum
2579 2623 2919 2688 habebimus,
2951 2635 3010 2679 ut
3031 2635 3086 2681 et
3112 2627 3307 2682 Paulus
3329 2628 3348 2660 ⁸
3378 2628 3546 2684 dicit»:
3571 2628 3632 2683 Et
3655 2639 3764 2681 tunc

2185 2717 2300 2772 laus
2328 2719 2419 2770 erit
2447 2717 2762 2787 unicuiquea
2788 2716 2912 2771 Deo.
2947 2718 3088 2774 Laus
3122 2721 3266 2774 enim
3295 2736 3417 2791 qua:
3446 2723 3514 2776 ab
3541 2722 3756 2776 homini-

2186 2811 2286 2867 bus
2307 2811 2569 2880 procedit,
2601 2819 2665 2865 et
2679 2809 2874 2865 diffluit
2900 2819 2955 2866 et
2983 2811 3271 2882 aliquando
3296 2829 3406 2868 non
3436 2829 3479 2867 a.
3499 2815 3633 2868 bono
3655 2815 3758 2868 ani-

2186 2917 2277 2957 mo
2319 2901 2674 2972 proﬁciscitur
2706 2918 2719 2954 :
2753 2917 2870 2971 quac
2909 2910 3089 2957 autem
3132 2917 3162 2956 a
3210 2903 3324 2959 Deo
3368 2914 3472 2970 est,
3505 2915 3558 2960 et
3598 2913 3758 2958 manet

2186 3001 2443 3064 perpetuo
2486 3003 2543 3048 et
2584 2994 2728 3047 clare
2772 2993 3038 3062 splendet.
3086 2995 3330 3063 Quando
3359 3001 3503 3052 enim
3551 2998 3632 3061 is,
3676 2997 3756 3066 qui

2184 3086 2362 3139 omnia
2393 3085 2538 3138 novit
2564 3093 2853 3154 antequam
2885 3085 3015 3138 ﬁant
3038 3096 3092 3140 et
3121 3086 3189 3141 ab
3215 3088 3364 3141 omni
3399 3090 3640 3157 passione
3677 3104 3750 3140 va-

2184 3191 2316 3231 cuus
2341 3185 2443 3243 est,
2479 3175 2691 3243 laudat;
2723 3186 2846 3232 tunc
2877 3177 3281 3232 indubitata-est
3311 3181 3522 3234 virtutis
3549 3180 3756 3234 demon-

2185 3267 2394 3322 stratio.
2423 3266 2548 3322 Ηωο
2573 3283 2702 3337 ergo
2730 3271 3116 3324 comsciamus
3141 3310 3156 3334 ,
3189 3270 3317 3324 talia
3347 3287 3628 3342 operemur
3655 3279 3704 3325 ut
3730 3285 3758 3323 a

2186 3359 2297 3415 lleo
2323 3359 2623 3424 laudemur,
2653 3368 2709 3416 et
2734 3361 2962 3414 maxima
2991 3375 3390 3431 consequamur
3419 3365 3555 3418 bona
3597 3380 3610 3416 :
3652 3376 3758 3431 qua:

2185 3455 2390 3508 utinam
2419 3467 2529 3507 nos
2543 3467 2731 3507 omnes
2761 3453 3143 3522 adipiscamur,
3169 3456 3339 3523 gratia
3370 3463 3426 3510 et
3454 3455 3770 3525 benignitate-

2186 3546 2397 3602 Domini
2436 3546 2603 3599 nostri
2648 3545 2772 3600 Jesu
2814 3545 3044 3612 Christi,
3090 3546 3307 3616 quicum
3372 3548 3512 3602 Patri
3567 3557 3759 3614 unaque

2183 3640 2401 3710 Spiritui
2425 3649 2612 3694 sancto
2633 3639 2823 3708 gloria,
2847 3639 3150 3707 imperium,
3175 3639 3371 3708 honor,
3392 3655 3530 3697 nunc
3551 3649 3603 3696 ct
3627 3654 3757 3694 scm‘

2186 3748 2280 3803 per
2302 3774 2320 3801 ,
2365 3742 2419 3788 et
2445 3733 2498 3788 in
2528 3731 2727 3788 saecula
2754 3731 3095 3786 saeculorum.
3127 3734 3325 3788 Amen.

2249 3957 2264 3989 ¹
2301 3956 2466 4006 Morel.
2493 3955 2748 4005 habet.....
2766 3953 2860 4005 cito
2883 3952 3285 4014 liberabintus,,ttt
3307 3951 3764 4013 ct-Paulus,omissis

2185 4020 2502 4084 interpositis.

1882 4237 2230 4299 HOMILIA
2271 4237 2417 4299 XII.

487 4377 616 4434 Car.
648 4379 701 4434 4.
725 4396 777 4434 v.
808 4379 860 4435 6.
897 4379 1021 4436 Haec
1047 4390 1246 4447 autem,
1277 4385 1491 4452 fratres,
1522 4382 1881 4452 transﬁgurari
1907 4383 1960 4435 in
1999 4398 2079 4436 me

565 4484 611 4526 et
642 4474 826 4542 Apollo
857 4484 1063 4543 propter
1093 4490 1198 4537 vos,
1232 4483 1286 4526 ut
1315 4474 1369 4526 in
1399 4473 1540 4527 nobis
1568 4474 1774 4527 discetis
1804 4490 1905 4527 non
1937 4473 2074 4543 plus,

561 4579 712 4630 quam
739 4563 984 4626 scriptum
1009 4571 1104 4628 est,
1133 4578 1330 4630 sapere.

563 4653 616 4705 l.
647 4651 914 4719 Quamdiu
942 4651 1185 4707 molestis
1221 4655 1532 4725 asperisque
1569 4653 1749 4710 verbis
1775 4670 1909 4725 opus
1939 4655 2076 4723 fuit,

491 4758 708 4800 scenam
763 4759 867 4797 non
919 4744 1162 4812 aperuit;
1209 4744 1302 4798 sed
1340 4759 1403 4800 ac
1427 4747 1472 4800 si
1525 4746 1638 4817 ipse
1665 4757 1807 4802 esset
1832 4748 1922 4818 qui
1964 4747 2081 4804 hare

490 4835 718 4900 audiret,
748 4835 827 4890 sic
856 4835 1204 4906 loquebatur,
1237 4845 1294 4891 ut
1319 4835 1550 4908 dignitas
1578 4853 1928 4909 personarum
1958 4849 2080 4911 qua:

489 4929 880 4986 accusabantur
900 4929 1170 4985 obsistens
1190 4933 1585 4998 accusantibus,
1618 4949 1723 4988 non
1746 4934 2081 5004 permitteret

491 5022 557 5077 ad
589 5023 722 5076 iram
751 5022 1078 5078 commoveri
1114 5041 1127 5077 :
1159 5039 1279 5078 cum
1310 5034 1491 5080 autem
1520 5035 1794 5096 oporteret
1823 5027 2079 5098 deinceps

491 5113 691 5183 aliquid
721 5114 997 5169 remittere
1021 5155 1036 5181 ,
1068 5123 1194 5170 tunc
1221 5117 1391 5184 posita
1418 5117 1562 5170 larva
1583 5158 1598 5182 ,
1628 5116 1923 5172 occultatas
1954 5133 2078 5187 per-

491 5220 652 5261 sonas
677 5205 912 5260 ostendit
940 5208 1147 5275 prolato
1188 5207 1339 5261 Pauli
1367 5215 1420 5262 et
1455 5207 1649 5277 Apollo
1679 5209 1915 5264 nomine.
1953 5207 2080 5264 ldco

490 5297 703 5351 dicebat
731 5313 745 5352 :
779 5295 906 5350 ch
931 5306 1132 5365 autem,
1165 5297 1384 5362 fratres,
1415 5299 1774 5369 transﬁgurari
1811 5299 1866 5352 in
1910 5315 1990 5353 me
2031 5307 2079 5353 et

489 5389 697 5457 Apollo.
749 5387 814 5443 Et
840 5390 978 5443 sicut
1015 5389 1068 5444 in
1109 5390 1527 5461 aegrotantibus,
1576 5390 1788 5461 quando
1820 5391 2079 5460 puerulus

488 5497 632 5552 a'ger
658 5481 895 5537 calcibus
925 5480 1067 5546 ferit,
1096 5491 1151 5536 et
1177 5493 1456 5537 aversatur
1480 5482 1633 5537 cibos
1659 5483 1750 5554 qui
1779 5483 2080 5538 offeruntur

489 5592 519 5629 a
549 5575 793 5641 medicis,
819 5575 1137 5630 advocatum
1167 5587 1372 5645 patrem
1405 5577 1488 5630 vel
1518 5575 1862 5647 pmdagogum
1884 5616 1900 5642 ,
1933 5576 1966 5630 ii
1989 5577 2080 5645 qui

493 5669 752 5735 assident,
777 5667 969 5737 jubent
1000 5682 1064 5722 ex
1099 5667 1292 5722 medici
1335 5677 1495 5722 manu
1535 5668 1781 5737 accipere
1805 5709 1820 5733 ,
1847 5676 1903 5724 et
1929 5668 2080 5722 cibos

495 5757 722 5826 afferre,
765 5770 821 5814 ut
859 5777 928 5817 ex
976 5761 1171 5816 timore
1216 5761 1453 5831 ipsorum
1507 5761 1658 5830 pueri
1713 5761 1976 5830 accipiant
2026 5769 2082 5814 et

498 5846 774 5912 ‘lUicscaut
803 5869 815 5904 :
847 5855 923 5910 sic
949 5863 1001 5910 ct
1048 5852 1243 5910 Paulus
1282 5869 1401 5910 cum
1431 5867 1529 5924 pro
1556 5851 1673 5908 aliis
1699 5862 1842 5909 esset
1867 5867 2084 5908 accusa-

2185 4393 2354 4448 turus,
2400 4381 2506 4437 illis
2549 4381 2767 4453 quidem
2811 4381 2987 4452 utqui
3027 4381 3218 4452 injuria
3264 4382 3638 4442 afﬁcerentur,
3683 4375 3754 4427 liis
3795 4377 3798 4380 ’

2184 4491 2314 4532 vero
2341 4483 2399 4530 nt
2441 4476 2532 4545 qui
2578 4489 2740 4544 supra
2789 4474 3008 4528 modum
3055 4474 3483 4538 honorarentur,
3517 4481 3752 4541 personas

2180 4566 2398 4638 quidem
2422 4581 2608 4621 eorum
2633 4581 2738 4620 non
2765 4565 3006 4636 protulit,
3025 4565 3120 4621 sed
3143 4581 3241 4621 suo
3263 4575 3320 4622 et
3344 4565 3534 4635 Apollo
3555 4559 3754 4616 nomine

2183 4672 2490 4713 sermonem
2513 4656 2778 4724 adhibuit,
2803 4666 2861 4710 ut
2884 4671 2981 4711 eos
3009 4657 3246 4721 reveriti,
3277 4657 3594 4712 medicinam
3623 4647 3752 4703 acci-

2184 4758 2378 4820 perent
2407 4768 2420 4804 :
2453 4759 2734 4819 postquam
2780 4757 2959 4804 autem
3009 4759 3370 4818 acceperunt,
3403 4758 3526 4804 tunc
3551 4747 3752 4801 demum

2184 4841 2397 4912 aperuit
2429 4841 2496 4896 de
2542 4843 2860 4912 quibusnam
2910 4839 3027 4895 hmc
3067 4841 3397 4911 loqueretur.
3441 4840 3566 4895 Haec
3589 4843 3751 4890 autem

2186 4949 2294 4988 non
2325 4933 2599 4988 simulatio
2627 4941 2780 4988 erant
2801 4973 2820 4999 ,
2846 4931 2942 4988 sed
2969 4934 3349 5002 attemperatio
3371 4941 3427 4988 et
3447 4924 3752 4987 oeconomia.

2184 5023 2316 5079 Nam
2347 5025 2391 5078 si
2419 5032 2606 5093 aperte
2635 5023 2906 5088 dixisset,
2935 5022 3090 5078 Viros
3113 5033 3330 5102 sanctos
3357 5035 3410 5080 et
3433 5016 3753 5078 admirabiles

2184 5114 2448 5182 iudicatis,
2475 5113 2528 5168 id
2551 5123 2698 5169 certe
2716 5129 2863 5185 aegre
2889 5113 3136 5168 tulissent
3156 5123 3211 5170 et
3231 5116 3553 5170 resiliissent
3585 5128 3597 5164 :
3625 5115 3754 5160 nitnc

2184 5221 2314 5262 vero
2357 5221 2477 5260 cum
2507 5205 2768 5270 dixisset,
2809 5204 2941 5258 Mihi
2971 5217 3139 5259 autem
3166 5223 3258 5275 pro
3287 5206 3492 5259 ntinimo
3535 5209 3604 5255 est
3645 5205 3692 5250 ul
3727 5211 3758 5247 α

2184 5299 2320 5354 vobis
2337 5299 2543 5369 judicer
2556 5315 2574 5364 ;
2589 5307 2644 5353 et
2665 5313 2900 5362 rursum,
2927 5297 3054 5365 Quis
3070 5308 3142 5351 est
3165 5297 3361 5352 Paulus
3376 5298 3401 5351 .9
3415 5296 3531 5363 quis
3548 5287 3718 5360 Apollo
3740 5299 3759 5336 :

2183 5389 2572 5460 acceptabilem
2632 5391 2933 5443 orationem
2994 5387 3191 5443 effecit.
3241 5389 3528 5458 Propterea
3585 5377 3749 5434 dixit:

2188 5481 2314 5536 Hcce
2338 5493 2507 5536 autem
2536 5482 2590 5534 in
2619 5497 2700 5535 me
2725 5481 3087 5551 transﬁgurari
3111 5489 3318 5551 prapter
3345 5495 3450 5543 vos,
3478 5483 3532 5529 ut
3555 5473 3606 5526 in
3626 5463 3752 5522 nobis

2185 5576 2394 5630 discatis
2420 5592 2520 5629 non
2549 5571 2665 5642 plus
2693 5590 2846 5641 quam
2871 5577 3116 5642 scriptum
3146 5582 3218 5626 est
3243 5584 3456 5644 sapere;
3481 5557 3749 5622 ostendens

2185 5667 2325 5737 quod
2355 5668 2400 5721 si
2425 5666 2493 5721 de
2520 5665 2626 5719 illis
2654 5664 2818 5718 verba
2845 5663 3077 5729 fecisset,
3110 5678 3215 5718 non
3239 5661 3547 5718 didicissent
3565 5667 3622 5706 ea
3642 5657 3749 5718 quc?

2187 5759 2400 5813 discere
2425 5755 2745 5825 oportebat,
2781 5769 2958 5824 neque
2984 5755 3373 5811 correctionem
3400 5743 3712 5816 accepissent
3729 5770 3750 5796 ι

2191 5869 2254 5912 ea
2299 5866 2418 5922 quae
2462 5849 2782 5905 dicebantur
2827 5846 3055 5904 moleste
3097 5847 3346 5904 ferentes.
3394 5842 3541 5900 Nunc
3583 5838 3746 5888 autem
