3992 6430
178 404 229 461 97
1197 399 1270 454 ὶῐΝ
1309 396 1526 454 EPIST.
1566 397 1585 451 1
1658 394 1750 450 AD

1885 393 1960 450 ιι.
2000 394 2233 451 uoutL.
2275 394 2392 451 xu.
3394 406 3463 466 οε

181 520 382 579 Paulum
412 530 474 576 et
500 521 722 577 socium
762 528 1099 583 reverentcs,
1128 516 1288 572 facile
1319 515 1649 569 admiserunt
1678 512 1763 565 in-

175 615 561 684 crepationem.
606 613 748 682 Quid
792 621 970 668 autem
1020 611 1121 665 sibi
1150 610 1264 663 vult
1306 606 1458 674 illud,
1504 604 1624 659 Non
1652 604 1767 673 plus

174 724 317 779 quam
342 706 606 775 scriptum
645 716 720 760 est
754 704 977 775 sapere?
1012 703 1282 771 Scriplum
1312 709 1395 756 est
1422 718 1434 753 :
1468 698 1606 763 Quid
1630 697 1767 751 vides

175 802 414 870 festucam
445 797 503 851 in
546 796 697 851 oculo
734 797 911 867 fratris
950 796 1069 858 tui;
1108 793 1297 847 trabem
1327 802 1513 854 autem,
1558 806 1672 859 qua:
1715 790 1768 841 in

175 894 315 946 oculo
357 901 447 943 tuo
492 901 597 955 est,
639 906 741 943 non
782 887 1071 942 consideras
1110 885 1323 955 (Matth.
1370 885 1423 938 7.
1466 884 1518 937 5.
1552 881 1648 951 i)?
1678 891 1766 948 et,

177 982 353 1037 Nolite
370 982 649 1051 judicare,
680 988 736 1033 ut
774 995 875 1033 non
895 978 1215 1049 judiccmini.
1247 976 1381 1030 Nam
1409 975 1451 1029 si
1483 990 1644 1028 unum
1672 988 1769 1026 su-

174 1094 292 1131 mus
318 1086 375 1130 et
410 1090 515 1129 una
546 1073 801 1143 colligati,
834 1087 938 1126 non
966 1079 1178 1140 oportet
1204 1077 1391 1123 contra
1422 1082 1519 1121 nos
1542 1066 1767 1120 invicem

172 1170 481 1237 insurgere.
516 1166 614 1232 Qui
651 1167 781 1219 enim
818 1181 870 1218 se
898 1163 1168 1229 Itumifiat,
1216 1161 1421 1231 inquit,
1470 1159 1773 1213 excitabitur

167 1259 397 1329 (Matth.
426 1257 521 1313 25.
553 1256 676 1326 1%);
708 1266 781 1319 et,
818 1254 917 1319 Qui
942 1256 1046 1307 vult
1073 1254 1266 1323 primus
1293 1268 1399 1305 esse
1424 1250 1672 1315 omnium,
1704 1248 1771 1302 sit

165 1352 412 1404 omnium
458 1349 685 1401 minister
716 1346 908 1418 (Marc.
950 1346 1036 1401 10.
1087 1345 1198 1417 45).
1235 1345 1358 1399 Ηωε
1398 1351 1524 1399 sunt
1564 1358 1625 1397 ea
1653 1358 1772 1411 qua:

164 1444 387 1514 scripta
419 1450 566 1497 sunt.
599 1439 683 1494 Ne
720 1456 852 1495 unus
896 1456 988 1511 pro
1016 1456 1117 1494 uno
1143 1440 1350 1509 inﬂetur
1379 1438 1618 1492 θάνεν-ωε
1646 1437 1773 1489 atte-

167 1554 310 1590 rum.
346 1536 583 1589 Rursum
604 1533 788 1588 missis
814 1532 1148 1597 doctoribus,
1176 1531 1468 1602 discipulos
1495 1530 1769 1598 increpat:

169 1630 250 1683 illi
295 1629 452 1682 enim
482 1636 638 1682 erant
674 1626 763 1696 qui
813 1626 911 1680 hos
939 1623 1292 1679 extollebant.
1338 1621 1586 1692 Alioquin
1613 1621 1772 1674 etiam

170 1720 461 1790 principes
487 1734 592 1773 non
626 1718 777 1772 facile
805 1717 961 1771 talem
989 1715 1332 1770 admisissent
1361 1713 1679 1777 orationem,
1710 1725 1776 1766 eo

167 1813 319 1883 quod
346 1822 632 1866 externam
654 1811 877 1881 gloriam
905 1817 1165 1880 cuperent
1192 1827 1203 1861 :
1235 1809 1337 1863 hoc
1360 1808 1559 1878 quippe
1586 1806 1777 1859 morbo

167 1904 448 1959 διεπαιιί
498 1912 653 1957 erant
685 1920 698 1956 :
731 1902 830 1972 ipsi
868 1917 996 1957 vero
1032 1901 1202 1971 gloria
1235 1915 1339 1954 non
1371 1900 1608 1954 fruentes
1631 1938 1647 1964 ,
1680 1897 1776 1951 sed

168 1997 324 2051 illam
354 1997 483 2049 aliis
518 1995 862 2065 praebentes,
896 2003 948 2048 et
978 1992 1186 2047 facilius
1229 1990 1649 2046 admonitionem
1692 1998 1778 2042 tu-

167 2087 417 2153 lissent,
463 2096 520 2141 et
566 2086 801 2157 aptiores
845 2085 911 2139 ad
957 2084 1204 2139 morbum
1256 2082 1579 2138 solvendum
1624 2088 1780 2136 erant

176 2194 339 2251 quam
372 2178 669 2249 principes.
704 2177 846 2247 Ergo
873 2176 1032 2231 etiam
1064 2176 1165 2229 hoc
1203 2183 1287 2229 est
1315 2174 1511 2238 inflari,
1548 2188 1646 2243 pro
1673 2172 1779 2225 alio

178 2270 368 2324 exloﬂi
393 2312 413 2337 ,
445 2270 656 2324 etiamsi
687 2269 738 2322 in
769 2269 928 2324 rebus
956 2269 1066 2323 suis
1094 2267 1195 2321 hoc
1220 2266 1378 2321 alicui
1409 2281 1514 2320 non
1545 2263 1775 2319 accidat.

176 2362 330 2417 Sicut
357 2362 511 2416 enim
544 2361 609 2427 is,
639 2361 729 2431 qui
757 2361 825 2415 de
854 2360 1045 2414 alienis
1084 2358 1305 2413 efl‘ertur
1330 2358 1497 2421 vitiis,
1527 2372 1594 2410 ex
1621 2370 1779 2409 arro-

174 2454 356 2524 ganlia
409 2454 514 2507 hoc
557 2451 729 2508 facit:
760 2453 832 2507 ita
876 2452 1035 2507 etiam
1082 2451 1171 2521 qui
1210 2449 1278 2505 de
1324 2448 1495 2520 gloria
1536 2448 1776 2503 alterius.

178 2549 348 2603 Recte
370 2558 564 2602 autem
593 2544 923 2601 inflationem
950 2544 1182 2598 vocavit.

250 2640 589 2709 Arrogantia:
631 2636 842 2691 nmium.
891 2666 962 2676 —
1001 2634 1134 2689 Cum
1169 2634 1310 2689 enim
1342 2631 1641 2687 membrum
1683 2632 1782 2686 ali-

184 2731 319 2801 quod
351 2730 625 2798 insurgit,
667 2728 774 2783 hoc
803 2726 931 2781 nihil
962 2724 1103 2779 aliud
1131 2733 1212 2779 est
1246 2738 1404 2794 quam
1435 2722 1781 2776 inﬂammatio

192 2834 241 2876 et
268 2822 495 2876 morbus
523 2837 544 2875 τ
572 2836 678 2873 non
722 2819 867 2874 enim
912 2819 1069 2874 aliter
1108 2819 1333 2871 alterum
1382 2816 1680 2871 membrum
1724 2815 1783 2869 fit

197 2916 351 2968 altero
379 2912 571 2974 altius,
602 2927 761 2981 quam
801 2926 920 2964 cum
946 2919 1121 2963 tumor
1141 2908 1310 2963 adest.
1349 2909 1439 2962 Sic
1464 2910 1621 2978 igitur
1649 2916 1703 2961 ct
1730 2908 1780 2962 in

195 3020 411 3075 corpore
446 3004 729 3069 Ecclesiae,
759 3002 849 3072 qui
882 3001 1243 3055 inflammatur
1268 3010 1324 3055 et
1347 3000 1566 3053 inflatur
1586 3041 1599 3065 ,
1632 2999 1676 3053 is
1699 3009 1781 3054 est

194 3101 271 3168 qui
300 3098 497 3151 morbo
533 3096 740 3149 laborat
772 3111 786 3146 ε
819 3103 984 3147 tumet
1025 3094 1166 3146 enim
1212 3100 1406 3162 praeter
1442 3106 1783 3146 communem

194 3203 525 3243 mensuram.
575 3186 685 3239 lloc
712 3185 857 3239 enim
882 3195 963 3240 est
1002 3184 1225 3239 inflatio.
1256 3183 1346 3239 Sic
1385 3183 1545 3239 etiam
1584 3183 1635 3237 in
1659 3199 1783 3237 cor-

196 3295 316 3349 pore
344 3279 570 3340 accidit,
598 3276 813 3347 quando
839 3277 1052 3345 Spurius
1075 3277 1289 3346 quidam
1312 3285 1369 3330 et
1394 3277 1565 3331 malus
1593 3277 1786 3331 humor

193 3371 484 3435 influxerit,
521 3385 629 3423 non
661 3378 844 3423 autem
876 3368 1093 3421 solitum
1121 3368 1458 3421 alimentum.
1494 3367 1568 3421 lta
1611 3369 1788 3423 nasci-

192 3472 275 3516 tur
315 3460 631 3531 arrogantia
678 3459 868 3513 alienis
908 3474 1007 3513 nos
1046 3460 1458 3529 cogitationibus
1485 3459 1784 3514 invadenti-

189 3554 302 3608 bus.
336 3555 407 3608 Et
437 3554 565 3607 vide
595 3567 755 3622 quam
780 3552 1023 3621 apposite
1048 3550 1244 3605 dixerit
1268 3592 1282 3615 ,
1318 3549 1401 3604 Ne
1441 3552 1610 3621 inﬂati
1652 3552 1784 3605 sitis.

191 3646 335 3713 Quod
367 3648 521 3701 enim
550 3645 787 3699 inflatum
810 3654 917 3710 est,
950 3654 1211 3699 tumorem
1240 3644 1397 3699 habet
1419 3645 1638 3713 Spiritus
1660 3686 1676 3713 ,
1703 3660 1786 3699 re-

193 3743 391 3809 pletum
430 3742 659 3792 humore
685 3746 958 3807 corrupto.
992 3736 1117 3791 llaec
1149 3750 1309 3805 porro
1348 3736 1498 3801 dicit,
1546 3750 1650 3790 non
1690 3750 1787 3788 cu-

191 3834 463 3886 ratiunem
495 3828 840 3893 exscindens,
885 3828 981 3883 sed
1021 3829 1352 3883 curationem
1384 3828 1527 3882 illam
1568 3843 1686 3897 qua:
1733 3828 1787 3881 in

187 3926 392 3979 malum
427 3924 675 3977 vertitur.
708 3921 797 3975 Vis
824 3921 985 3975 istum
1009 3921 1238 3975 curare?
1266 3920 1382 3975 Non
1415 3920 1667 3989 impedio,
1692 3919 1788 3973 sed

184 4034 290 4073 non
321 4020 378 4072 in
414 4018 713 4088 perniciem
754 4014 999 4070 alterius.
1043 4014 1157 4068 Non
1189 4016 1331 4069 enim
1363 4024 1419 4068 ut
1458 4022 1646 4067 contra
1692 4028 1790 4066 nos

180 4114 420 4168 invicem
445 4110 621 4165 aciem
650 4111 975 4163 instruamus
995 4149 1010 4175 ,
1040 4108 1193 4162 nobis
1223 4107 1332 4161 dati
1361 4116 1483 4161 sunt
1505 4106 1752 4161 doctores
1771 4146 1787 4173 ,

174 4207 275 4261 Sed
321 4214 382 4259 ut
428 4218 535 4257 nos
570 4216 759 4256 omnes
786 4211 972 4255 mutuo
994 4200 1297 4270 jungamus.
1330 4200 1447 4253 Dux
1486 4198 1629 4254 enim
1670 4199 1790 4254 ideo

172 4296 456 4353 exercitui
493 4292 787 4365 pra-ficitur
811 4333 825 4355 ,
860 4300 917 4346 ut
944 4303 1220 4361 separatos
1248 4306 1413 4345 unum
1440 4304 1638 4359 corpus
1669 4289 1789 4343 effi—

171 4394 289 4446 ciat
312 4410 334 4445 ιτ
361 4390 412 4444 si
438 4404 571 4441 vero
600 4384 894 4440 exercitum
918 4384 1227 4438 divulsurus
1267 4384 1366 4446 sit,
1392 4382 1593 4436 inimici
1623 4380 1792 4449 tiiagis

169 4501 346 4555 quam
384 4483 546 4537 ducis
577 4482 749 4534 locum
781 4480 988 4547 implet.
1019 4479 1072 4533 7.
1103 4478 1229 4543 Quis
1256 4478 1386 4531 enim
1426 4486 1473 4529 te
1508 4474 1793 4528 discernit?

170 4579 307 4648 quid
355 4577 499 4629 enim
547 4572 696 4626 habes
731 4572 867 4643 quod
908 4588 1006 4624 non
1049 4571 1331 4642 accepisti?
1362 4569 1531 4623 Missis
1575 4568 1791 4623 demum

169 4672 466 4737 subditis,
501 4668 569 4722 ad
611 4668 877 4737 principes
903 4664 1250 4720 convertitur.
1298 4664 1412 4718 Hoc
1457 4672 1634 4717 autem
1678 4660 1793 4714 vult

170 4765 507 4834 significare
536 4777 551 4816 z
585 4759 860 4815 Undenam
904 4757 1074 4826 liquet
1108 4754 1248 4826 quod
1293 4764 1347 4808 tu
1392 4754 1586 4824 dignus
1632 4752 1792 4806 laude

174 4857 304 4911 sis?
349 4855 631 4908 factumne
676 4860 760 4905 est
806 4848 1109 4920 judicium?
1151 4846 1495 4919 przecessitnc
1523 4843 1794 4901 examen?

180 4964 253 5001 an
287 4945 552 5017 probatio
574 4984 589 5008 ,
620 4958 687 4997 au
717 4951 965 4997 accurata
996 4939 1352 5011 perquisitio?
1393 4938 1497 4993 Sed
1537 4938 1640 4992 hoc
1684 4952 1793 4991 non

183 5038 377 5109 possis
424 5036 625 5089 dicere.
666 5033 817 5101 Quod
861 5033 904 5086 si
935 5032 1178 5086 homines
1203 5030 1467 5085 calculum
1496 5029 1710 5095 ferunt;
1741 5039 1797 5086 at

185 5145 300 5182 non
337 5136 555 5182 rectum
584 5135 665 5179 est
688 5126 903 5179 illorum
928 5122 1210 5193 judicium.
1244 5122 1512 5176 Ponamus
1541 5130 1720 5177 autem
1744 5130 1797 5177 te

185 5222 427 5292 dignum
453 5219 611 5274 laude
632 5234 773 5285 esse,
803 5227 856 5273 et
881 5233 1006 5273 vere
1024 5217 1248 5287 gratiam
1269 5226 1321 5270 et
1343 5216 1543 5270 donum
1571 5214 1792 5282 habere,

190 5332 299 5371 nec
330 5322 648 5383 corruptum
692 5327 814 5367 esse
852 5311 1129 5365 hominum
1167 5309 1426 5379 judicium
1459 5327 1473 5365 :
1502 5324 1675 5379 neque
1719 5308 1797 5363 sic

194 5407 490 5479 oportebat
519 5407 684 5460 altum
716 5420 925 5475 sapere.
950 5403 1091 5458 Nihil
1120 5404 1263 5459 enim
1293 5418 1359 5458 ex
1388 5412 1440 5458 te
1471 5402 1667 5467 habes,
1700 5400 1796 5455 sed

199 5516 227 5553 a
263 5502 376 5556 Deo
402 5498 680 5569 accepisti.
713 5497 823 5552 Cur
847 5511 976 5565 ergo
1000 5504 1053 5550 te
1079 5494 1279 5549 habere
1307 5493 1526 5549 simulas
1552 5494 1625 5558 id,
1652 5493 1797 5564 quod

206 5609 305 5650 non
339 5593 555 5649 babes?
604 5592 676 5646 At
717 5599 770 5643 tu
816 5588 919 5643 hoc
950 5588 1154 5655 habes,
1184 5598 1237 5642 et
1280 5587 1610 5642 aliittecum.
1654 5585 1797 5657 Ergo

207 5701 317 5741 cum
362 5681 648 5756 acceperis
690 5680 873 5748 habes,
904 5695 1011 5736 non
1060 5679 1162 5736 hoc
1192 5679 1275 5734 vel
1302 5678 1463 5748 illud,
1495 5678 1588 5735 sed
1614 5680 1795 5734 omnia

208 5792 310 5848 qua:
343 5779 535 5835 habes.

257 5871 309 5930 2.
338 5871 463 5932 Non
495 5872 654 5929 enim
687 5865 806 5923 haec
829 5873 917 5922 tua
948 5871 1094 5924 recte
1122 5863 1262 5923 facta
1302 5873 1446 5936 sunt,
1475 5864 1569 5924 sed
1601 5879 1669 5922 ex
1699 5863 1795 5922 Dei

1873 511 2044 579 gratia
2074 513 2410 581 proveniunt.
2440 511 2497 568 Si
2527 510 2688 569 fidem
2718 513 2943 584 dixeris,
2970 531 3037 572 ex
3065 520 3344 577 vocatione
3374 524 3463 579 illa

1868 609 2055 673 venit;
2094 608 2138 663 si
2161 609 2538 664 remissionem
2564 618 2925 680 peccatorum,
2958 614 3003 668 si
3038 616 3385 681 charismata,
3416 621 3461 675 si

1868 696 2124 754 doctrinm
2148 699 2399 765 verbum,
2429 701 2475 755 si
2497 700 2753 757 virtutes‘
2784 720 2798 755 :
2826 706 3004 758 omnia
3033 705 3158 762 inde
3185 710 3462 780 accepisti.

1869 789 2005 855 Quid
2036 805 2164 860 ergo
2194 790 2381 855 habes,
2411 808 2595 862 quaeso
2624 803 2696 859 te,
2732 795 2874 863 quod
2902 811 3008 851 non
3034 799 3329 867 acceperis,
3367 800 3461 856 sed

1869 894 1937 935 ex
1968 889 2017 935 te
2046 881 2160 951 ipso
2182 893 2327 937 recte
2356 883 2673 953 acquisieris
2693 886 2717 937 ν
2740 887 2873 940 nihil
2913 887 3094 943 dicere
3133 892 3327 960 possis.
3356 890 3461 947 Sed

1870 972 2148 1042 accepisti.
2171 982 2225 1028 et
2252 973 2374 1029 ideo
2402 975 2567 1029 altum
2602 977 2753 1045 sapis
2781 976 2804 1029 ?
2833 977 2961 1033 Ideo
3000 989 3148 1034 certe
3181 982 3465 1050 oportebat

1873 1066 2101 1136 teipsum
2139 1067 2445 1137 deprimere
2472 1086 2487 1133 ;
2521 1085 2625 1124 non
2650 1071 2792 1125 enim
2823 1081 2968 1127 tuum
3000 1082 3086 1128 est
3116 1075 3167 1129 id
3195 1077 3338 1145 quod
3369 1077 3464 1131 tibi

1871 1156 2053 1211 datum
2079 1167 2181 1223 est,
2210 1159 2303 1213 sed
2327 1159 2521 1215 dantis.
2546 1161 2599 1216 Si
2630 1162 2773 1217 enim
2799 1165 3071 1233 accepisti,
3099 1167 3166 1220 ab
3197 1168 3287 1222 illo
3313 1184 3468 1223 acce-

1873 1251 1995 1321 pisti
2033 1269 2045 1305 :
2077 1253 2121 1307 si
2149 1253 2217 1307 ab
2246 1253 2338 1307 illo
2376 1254 2665 1325 accepisti,
2699 1272 2805 1310 non
2838 1272 2950 1311 rem
2983 1267 3124 1312 luam
3162 1261 3412 1329 accepisti
3449 1280 3463 1316 :

1873 1344 2016 1415 quod
2055 1346 2103 1400 si
2152 1362 2259 1400 non
2299 1362 2412 1401 rem
2456 1356 2599 1402 tuam
2630 1350 2919 1419 accepisti,
2960 1366 3056 1407 cur
3088 1354 3251 1407 altum
3283 1355 3462 1425 sapis,

1873 1438 2025 1508 quasi
2056 1453 2166 1493 rem
2202 1450 2345 1493 tuam
2378 1439 2581 1495 habens
2611 1440 2635 1493 ?
2675 1440 3035 1508 Quamobrem
3064 1445 3373 1516 snbjungit:
3405 1446 3469 1503 Si

1874 1540 2041 1585 autem
2085 1533 2345 1601 accepisti,
2386 1532 2510 1603 quid
2547 1534 2786 1603 gloriaris
2829 1537 2976 1605 quasi
3018 1553 3120 1590 non
3162 1540 3416 1608 acceperis
3444 1541 3470 1594 Ρ

1874 1622 2008 1677 Cum
2037 1638 2166 1693 ergo
2192 1639 2257 1678 ex
2288 1639 2553 1680 concursu
2576 1625 2775 1680 dictum
2795 1642 2948 1681 suum
2970 1628 3268 1697 probasset,
3290 1640 3472 1685 osten-

1876 1713 2059 1769 ditvel
2083 1716 2245 1769 inulta
2278 1716 2382 1770 illis
2407 1716 2620 1782 deesse,
2652 1726 2705 1772 et
2726 1719 2839 1772 ait:
2871 1719 3029 1774 Certe
3058 1721 3265 1775 etiamsi
3291 1725 3469 1777 omnia

1876 1807 2241 1876 accepissetis,
2273 1822 2379 1861 non
2409 1816 2684 1877 oporteret
2721 1810 2979 1879 gloriari;
3027 1811 3155 1867 nihil
3200 1813 3345 1867 enim
3376 1831 3471 1868 ve-

1877 1908 2048 1952 strum
2077 1906 2196 1953 est:
2228 1913 2369 1953 nunc
2400 1910 2576 1954 autem
2608 1901 2772 1955 multa
2804 1903 2953 1957 vobis
2980 1902 3191 1958 desunt.
3226 1905 3293 1959 Et
3319 1906 3472 1962 initio

1877 1989 2093 2059 quidem
2131 1988 2234 2045 hoc
2261 1991 2621 2047 subindicavit
2644 1995 2870 2049 dicens:
2906 1994 3027 2049 Non
3058 1998 3200 2067 potui
3225 1998 3360 2054 vobis
3396 2002 3473 2054 lo-

1877 2080 1964 2149 qui
1991 2090 2044 2133 ut
2070 2081 2416 2150 spiritualibus
2443 2098 2463 2146 ;
2489 2092 2563 2150 et,
2606 2082 2758 2138 Nihil
2786 2085 3017 2157 judicavi
3056 2104 3136 2141 me
3172 2090 3303 2145 scire
3342 2092 3474 2145 inter

1879 2187 1986 2239 vos,
2010 2173 2107 2226 nisi
2128 2172 2306 2227 Jesum
2328 2174 2609 2253 Christum,
2631 2187 2675 2231 et
2696 2178 2864 2246 ipsum
2883 2181 3181 2249 crucifixum
3204 2182 3325 2237 :hie
3346 2199 3475 2238 vero

1880 2263 2003 2319 illos
2045 2264 2248 2334 pudore
2274 2265 2560 2321 alliciendo
2602 2268 2651 2322 id
2685 2269 2813 2325 facit
2840 2271 3027 2327 dicens
3055 2291 3067 2325 :
3101 2273 3155 2329 8.
3184 2273 3305 2328 Jam
3334 2286 3476 2330 satu-

1879 2356 1980 2409 rati
2004 2358 2143 2424 estis,
2166 2358 2282 2428 jam
2300 2359 2482 2413 divites
2512 2362 2633 2430 facti
2661 2362 2807 2426 estis;
2834 2363 2888 2418 Id
2917 2372 3018 2429 est,
3048 2364 3199 2421 Nulla
3239 2383 3299 2422 re
3326 2368 3470 2422 indi-

1881 2449 2017 2519 getis
2046 2449 2320 2520 deinteps,
2342 2451 2566 2520 perfecti
2587 2455 2854 2521 evasistis,
2885 2456 3059 2525 ipsum
3083 2458 3296 2513 culmen
3316 2460 3475 2514 attin-

1880 2540 2023 2610 gitis,
2055 2540 2251 2596 nullius
2274 2557 2375 2612 ope
2398 2558 2492 2597 vos
2517 2559 2674 2613 egere
2706 2547 2928 2613 putatis,
2951 2564 3054 2602 non
3086 2551 3473 2618 apostolorum,

1882 2647 1989 2687 non
2017 2633 2320 2689 doctorum.
2352 2634 2472 2687 lam
2492 2638 2707 2690 saturati
2735 2640 2872 2692 estis.
2895 2640 3123 2695 Etrecte
3150 2642 3298 2710 illud,
3330 2642 3473 2705 Jam,

1882 2725 2157 2793 usurpavit
2193 2740 2224 2778 a
2261 2734 2500 2794 tempore
2542 2727 2833 2782 ostendens
2876 2729 3226 2800 improbabile
3264 2749 3384 2789 esse
3424 2735 3475 2788 id

1882 2813 2025 2883 quod
2044 2815 2247 2882 dicunt,
2273 2824 2371 2871 eta
2396 2818 2604 2872 ratione
2632 2819 2861 2873 alienam
2892 2836 3012 2877 esse
3030 2823 3241 2877 illorum
3272 2826 3478 2895 opinio-

1883 2920 2033 2960 nem.
2070 2905 2302 2977 Ideoque
2344 2908 2627 2963 traducens
2673 2911 2792 2964 illos
2823 2911 3032 2967 dicebat
3063 2931 3075 2967 :
3110 2913 3239 2969 Tam
3278 2917 3385 2971 cito
3411 2929 3477 2971 ad

1885 2995 2047 3050 ﬁnem
2100 2998 2459 3068 pervenistis,
2511 3001 2653 3070 quod
2705 3001 2817 3056 fieri
2861 3020 2966 3058 non
3014 3015 3221 3075 poterat
3262 3019 3477 3078 promer

1888 3088 2120 3160 tempus.
2156 3092 2485 3147 Pcrl'ccliora
2524 3096 2666 3148 enim
2708 3096 2759 3150 in
2795 3097 2971 3151 futuro
3003 3110 3220 3153 manent
3254 3118 3268 3154 :
3300 3104 3482 3170 paucis

1884 3182 2029 3237 enim
2061 3184 2293 3238 saturari
2338 3182 2530 3239 infirmi
2575 3195 2657 3240 est
2704 3187 2911 3254 animi;
2943 3190 3124 3258 paucis
3171 3191 3480 3247 existimare

1885 3289 1945 3331 se
1974 3274 2193 3330 divitem
2223 3275 2359 3343 fieri,
2390 3280 2698 3333 nauseantis
2720 3288 2803 3334 est
2832 3291 2885 3335 et
2913 3282 3096 3337 miseri
3124 3300 3137 3337 :
3164 3284 3480 3340 insatiabilis

1886 3366 2028 3421 enim
2052 3376 2136 3421 est
2164 3368 2332 3436 pietas
2360 3385 2372 3421 :
2402 3379 2457 3424 et
2485 3370 2703 3438 puerilis
2728 3382 2811 3425 est
2842 3374 3039 3427 mentis
3061 3389 3088 3426 a
3116 3376 3292 3444 primo
3321 3392 3479 3434 acce-

1889 3460 1991 3529 ptis
2035 3468 2224 3528 putare
2254 3474 2314 3515 se
2357 3469 2525 3516 totum
2553 3464 2848 3533 accepisse,
2878 3474 2931 3519 et
2962 3481 3082 3521 cum
3116 3468 3199 3521 vix
3227 3469 3400 3523 adhuc
3429 3470 3479 3524 in

1888 3552 2165 3621 prooemiis
2217 3553 2344 3620 sint,
2376 3568 2441 3609 ac
2482 3554 2527 3608 si
2569 3553 2729 3609 ﬁnem
2778 3558 3282 3626 apprchendissent,
3316 3560 3481 3615 altum

1890 3660 2101 3714 sapere.
2138 3645 2341 3701 Deinde
2373 3646 2423 3700 in
2453 3648 2801 3717 sequentibus
2832 3650 3001 3718 magis
3033 3649 3152 3703 illos
3177 3650 3380 3720 pudore
3407 3653 3485 3705 af-

1890 3736 2018 3791 ficit.
2044 3736 2175 3791 Cum
2199 3738 2423 3793 dixisset
2444 3740 2609 3804 enim,
2633 3740 2752 3793 Jmn
2770 3743 2989 3795 saturuti
3006 3744 3144 3809 estis,
3166 3743 3439 3812 subjunxit
3468 3762 3482 3796 :

1888 3826 2011 3880 lam
2038 3830 2215 3883 divites
2245 3832 2369 3899 facti
2398 3832 2517 3885 estis
2541 3847 2559 3883 :
2587 3832 2694 3884 sine
2722 3834 2864 3887 nobis
2892 3838 3139 3903 regnastis
3172 3844 3257 3889 :et
3287 3837 3484 3890 utinam

1890 3925 2186 3989 regnaretis,
2204 3925 2426 3976 utetiam
2449 3940 2538 3977 nos
2561 3925 2814 3977 vobiscum
2840 3943 3185 3996 regnat-emus.
3207 3930 3483 3986 Gravitate

1892 4012 2056 4065 multa
2089 4012 2275 4080 plenus
2299 4022 2382 4067 est
2404 4027 2603 4067 sermo.
2632 4014 2758 4068 ldeo
2799 4014 3043 4069 ultimum
3089 4017 3236 4071 illum
3271 4020 3481 4074 induxit

1892 4113 2013 4173 post
2039 4104 2257 4157 multam
2305 4105 2749 4174 increpationem.
2779 4105 2853 4160 lta
2896 4108 3038 4161 enim
3071 4110 3247 4179 gravis
3285 4121 3367 4165 est
3393 4112 3487 4166 ad-

1893 4195 2119 4249 monitio
2155 4203 2210 4249 et
2234 4196 2602 4265 acceptabilis,
2632 4212 2753 4251 eum
2786 4208 2907 4268 post
2936 4200 3307 4256 accusationes
3348 4202 3486 4257 infe-

1892 4297 2087 4343 runtur
2110 4289 2277 4343 verba
2306 4304 2426 4359 qua:
2470 4287 2727 4357 pudorem
2775 4290 3054 4345 incutiant.
3089 4292 3203 4346 l‘loc
3228 4294 3372 4347 enim
3400 4294 3486 4349 vel

1896 4379 2261 4449 impudentem
2295 4386 2474 4448 potest
2507 4379 2742 4433 animum
2773 4380 3029 4435 cohibere
3048 4423 3063 4446 ,
3093 4391 3145 4436 et
3174 4385 3342 4453 magis
3367 4399 3490 4453 per-

1895 4472 2183 4540 stringere,
2225 4485 2385 4540 quam
2428 4469 2708 4524 manifesta
2740 4470 3041 4536 accusatio,
3078 4480 3487 4543 temperareque

1897 4563 2138 4618 dolorem
2186 4571 2241 4617 et
2290 4562 2673 4631 impudentiam
2727 4578 2794 4617 ex
2842 4564 3182 4619 accusatione
3228 4564 3488 4619 inducen-

1896 4655 2041 4710 dam.
2076 4654 2207 4709 Illud
2253 4663 2431 4708 autem
2486 4654 2537 4708 in
2579 4654 2757 4709 verbis
2798 4655 3054 4723 pudorem
3112 4656 3490 4711 incutientibus

1897 4748 2335 4819 magisvmirabile
2364 4756 2475 4810 est,
2509 4747 2651 4817 quod
2682 4746 2790 4801 duo
2824 4747 3056 4802 habeant
3086 4749 3356 4803 contraria
3386 4766 3400 4814 ;
3436 4758 3493 4803 et

1896 4842 2199 4914 graviorem
2245 4842 2486 4910 inlligant
2533 4841 2741 4911 plagam
2776 4857 2936 4910 quam
2983 4843 3264 4897 manifesta
3304 4844 3488 4898 crimi-

1899 4937 2064 4998 natio,
2095 4946 2147 4990 et
2169 4949 2290 4990 eum
2318 4934 2406 5004 qui
2436 4934 2676 5003 arguitur
2702 4934 3000 5003 graviorem
3039 4933 3333 4989 sectionem
3365 4951 3487 5004 pas-

1899 5041 2038 5087 smn,
2071 5025 2137 5079 ad
2184 5025 2441 5094 majorem
2477 5026 2809 5080 tolerantiam
2855 5035 3134 5094 apparent.
3181 5025 3308 5080 Sine
3350 5027 3492 5081 nobis

1898 5118 2163 5189 regnastis.
2199 5117 2294 5171 Hic
2321 5132 2509 5186 magna
2538 5125 2621 5171 est
2648 5115 2920 5185 emphasis
2946 5124 3000 5170 et
3029 5126 3215 5170 contra
3243 5116 3492 5171 doctores

1900 5221 1955 5267 et
1985 5221 2171 5267 contra
2196 5210 2510 5279 discipulos.
2535 5210 2849 5265 Ostenditur
2874 5209 2999 5264 hinc
3023 5210 3141 5265 illos
3166 5210 3367 5264 nullam
3398 5209 3498 5264 ha-

1901 5302 2031 5357 bere
2068 5301 2454 5356 conscientiam
2484 5310 2647 5371 atque
2676 5300 2964 5355 admodum
2992 5302 3184 5356 stultos
3213 5316 3351 5356 esse.
3383 5301 3491 5357 Hoc

1902 5393 2043 5448 enim
2072 5392 2186 5446 vult
2227 5391 2410 5447 dicere
2450 5409 2463 5444 :
2495 5391 2551 5446 In
2582 5392 2851 5447 laboribus
2877 5393 3055 5446 omnia
3084 5403 3211 5447 sunt
3248 5407 3491 5448 commu-

1901 5486 1989 5540 nia
2017 5494 2073 5540 et
2107 5484 2264 5539 nobis
2308 5494 2361 5540 et
2392 5484 2544 5537 vobis
2570 5502 2585 5551 ;
2634 5483 2684 5538 in
2715 5485 2950 5554 praemiis
2988 5493 3167 5539 autem
3198 5493 3253 5539 ct
3277 5483 3491 5539 coronis

1903 5591 1999 5631 vos
2042 5577 2196 5647 primi
2243 5577 2394 5631 estis.
2437 5575 2542 5631 Sed
2587 5575 2703 5630 haec
2732 5575 2915 5631 dicens
2956 5590 3063 5630 non
3102 5575 3261 5631 doleo
3293 5593 3306 5629 :
3335 5574 3491 5631 ideo-

1902 5685 2009 5741 que
2056 5669 2331 5740 subjunxit
2378 5687 2392 5724 :
2444 5667 2511 5723 Et
2564 5670 2761 5724 utinam
2814 5670 3113 5740 regnaretis.
3170 5667 3371 5726 Deinde
3420 5683 3487 5723 ne
3536 5700 3537 5703 η

3034 5798 3044 5825 Ι

1977 5869 1992 5898 ¹
2021 5876 2154 5935 Haec,
2176 5869 2219 5923 si
2238 5869 2452 5931 virtutes,
2476 5865 2658 5918 desunt
2677 5867 2727 5917 In
2749 5864 2913 5916 editis.
