3992 6440
637 391 708 448 99
1411 385 1469 437 S.
1507 379 1780 436 JUANNIS
1815 373 2280 433 CIIRYSOSTOMI
2321 374 2631 434 ARClllEP.
2670 377 3193 439 CONSTAN'HNOP.
3758 395 3841 457 ml)

642 503 915 560 videretur
953 499 1122 556 ironia
1157 497 1272 553 haec
1300 510 1454 559 esse,
1485 493 1702 559 adjecit,
1736 490 1802 547 Ut
1844 499 1891 544 et
1935 507 2029 545 nos
2059 489 2222 544 uobis-

639 613 759 650 cum
790 606 1136 665 regnaremus.
1169 585 1380 642 Etenim
1418 593 1471 637 et
1511 596 1641 648 nos,
1686 581 1890 651 inquit,
1924 579 2038 634 haec
2081 579 2220 635 bona

639 683 954 754 consequuti
986 692 1249 736 essemus.
1280 674 1466 730 Viden‘
1493 671 1761 742 quomodo
1802 670 1960 726 simul
2001 679 2055 724 et
2107 684 2222 739 gra-

641 779 855 830 vitatem
910 783 964 828 et
1013 785 1193 826 curam
1253 765 1504 822 ostendat
1565 765 2047 834 philosophumque
2103 761 2220 816 ani-

641 866 838 921 mum?
893 861 1080 918 Viden‘
1144 858 1415 929 quomodo
1474 856 1634 913 etiam
1708 854 1900 910 fastum
1965 854 2214 909 auferat:

639 959 692 1012 9.
723 957 856 1010 Puto
877 955 1008 1008 enim
1027 953 1160 1024 quod
1181 951 1320 1006 Deus
1341 967 1432 1004 nos
1455 950 1710 1018 apostolos
1730 949 2022 1004 novissimos
2043 958 2213 1002 osten-

637 1050 745 1112 dit,
795 1058 1053 1116 tamquam
1105 1045 1255 1098 morti
1297 1044 1593 1098 destinatos.
1661 1041 1879 1097 Multam
1918 1041 2219 1110 emphasim

633 1152 689 1199 et
710 1142 1027 1212 gravitatem
1052 1153 1236 1194 rursus
1257 1137 1506 1201 exhibet,
1535 1152 1656 1190 cum
1679 1136 1842 1199 dicit,
1873 1134 2004 1189 Nos.
2034 1135 2216 1204 Neque

636 1236 738 1289 hoc
759 1233 834 1288 illi
856 1233 986 1287 satis
1017 1231 1134 1297 fuit,
1165 1230 1258 1285 sed
1280 1239 1337 1285 et
1358 1229 1668 1298 dignitatem
1700 1229 1995 1297 subjunxit,
2028 1229 2214 1284 admo-

633 1327 760 1383 dum
781 1339 876 1381 eos
895 1325 1288 1395 perstringens:
1309 1321 1441 1386 Nos,
1455 1323 1644 1392 inquit,
1659 1321 1942 1391 apostolos;
1963 1321 2051 1391 qui
2075 1321 2216 1375 mala

635 1417 866 1487 patimur
903 1417 1176 1470 innumera
1197 1455 1212 1479 ,
1242 1413 1332 1482 qui
1362 1411 1633 1482 religionis
1665 1411 2092 1482 praedicationem
2120 1427 2210 1467 se-

635 1509 924 1569 tninamus,
953 1506 1041 1576 qui
1072 1519 1164 1559 vos
1191 1504 1256 1559 ad
1282 1513 1478 1558 tantam
1509 1503 1899 1573 philosophiam
1925 1503 2207 1560 ducimus:

635 1597 736 1652 hos
770 1598 1091 1658 novissimos
1119 1594 1351 1650 ostendit
1382 1606 1648 1664 tamquam
1677 1595 1833 1648 morti
1875 1594 2168 1650 deStinatos
2189 1637 2206 1661 ,

635 1688 739 1744 hoc
769 1697 886 1754 est,
931 1696 988 1743 ut
1025 1687 1321 1742 damnatos.
1353 1686 1644 1756 Postquam
1681 1687 1824 1741 enim
1854 1686 2018 1752 dixit,
2065 1687 2136 1742 Ut
2162 1697 2211 1744 et.

633 1797 724 1834 nos
759 1779 1010 1834 vobiscum
1039 1794 1391 1848 regnaremus,
1440 1786 1492 1832 et
1531 1778 1794 1832 sermonis
1821 1777 2210 1834 vehementiam

635 1871 936 1939 mitigavit;
967 1878 1025 1924 ut
1049 1883 1117 1924 ne
1149 1869 1267 1922 illos
1298 1867 1605 1938 frangeret,
1637 1867 1863 1937 idipsum
1907 1883 2092 1923 rursus
2116 1883 2206 1922 as-

633 1963 792 2017 sumit
833 1977 952 2016 cmn
1004 1959 1190 2028 majori
1229 1960 1513 2028 gravitate,
1555 1968 1610 2014 et
1631 1959 1745 2014 ait:
1777 1957 1912 2014 Puto
1947 1977 2038 2032 ego
2073 1962 2207 2030 quod

631 2053 770 2108 Deus
791 2070 880 2108 nos
906 2052 1162 2122 apostolos
1192 2053 1487 2106 novissimos
1517 2052 1748 2117 ostendit,
1782 2062 2034 2123 tamquam
2059 2056 2208 2108 morti

619 2147 924 2202 destinatos.
949 2145 1082 2201 Nam
1110 2155 1165 2199 ut
1189 2161 1291 2215 ego
1322 2145 1500 2210 video,
1529 2146 1717 2216 inquit,
1737 2147 2020 2217 etiamque
2048 2163 2114 2204 ex
2141 2148 2206 2205 iis

627 2254 746 2305 quae
779 2253 872 2293 vos
900 2235 1097 2302 dicitis,
1131 2237 1371 2291 omnium
1399 2237 1742 2306 abjectissimi
1770 2253 1868 2294 nos
1892 2249 1948 2294 et
1968 2239 2203 2297 damnati

625 2346 830 2394 smnus,
863 2329 953 2399 qui
992 2329 1059 2384 ad
1101 2329 1407 2398 patiendum
1457 2343 1669 2399 semper
1696 2332 1929 2401 expositi
1971 2348 2201 2400 sumus;

621 2436 720 2475 vos
747 2430 926 2476 autem
956 2422 1067 2490 jam
1096 2437 1317 2490 regnum
1344 2431 1398 2477 et
1428 2421 1657 2478 honores
1685 2435 1739 2478 et
1763 2425 1978 2494 praemia
2014 2426 2202 2496 imagi-

620 2515 841 2568 namini.
875 2514 1072 2569 Volens
1099 2525 1278 2569 autem
1309 2515 1374 2570 ad
1395 2517 1651 2584 majorem
1681 2517 2064 2573 absurditatem
2084 2534 2206 2574 ora-

618 2605 817 2660 tionem
859 2605 1163 2670 deducere,
1206 2614 1261 2659 et
1300 2605 1588 2662 ostendere
1629 2623 1749 2664 esse
1797 2609 1943 2665 illam
1983 2614 2202 2671 omnino

616 2697 1025 2768 improbabilem
1061 2715 1075 2763 ;
1108 2714 1214 2753 non
1243 2699 1405 2765 dixit,
1428 2700 1539 2754 Nos
1575 2709 1722 2757 certe
1751 2717 1936 2758 sumus
1965 2707 2199 2760 novissi-

617 2789 688 2844 mi
718 2789 872 2854 ;sed,
903 2790 1010 2844 Nos
1035 2791 1174 2845 Deus
1205 2792 1525 2846 novissimos
1548 2791 1691 2848 fecit.
1724 2794 1831 2850 Nec
1856 2798 1986 2852 satis
2020 2799 2201 2854 habuit

614 2877 842 2945 dixisse,
886 2878 1206 2936 Novissimos
1234 2898 1253 2944 ;
1284 2883 1375 2936 sed
1405 2883 1681 2951 subjunxit
1705 2895 1758 2940 et
1789 2886 1946 2941 Morti
1978 2889 2200 2944 destina-

614 2979 711 3036 tos,
743 2980 798 3024 ut
825 2971 907 3026 vel
943 2970 1230 3026 admodum
1261 2973 1477 3028 insanus
1502 2976 1678 3043 quivis
1708 2976 1969 3032 dictorum
2001 2981 2199 3050 impro-

613 3058 944 3120 habilitatem
974 3060 1214 3127 videret,
1259 3063 1528 3134 verbaque
1566 3065 1796 3124 dolentis
1822 3079 1877 3124 et
1911 3070 2196 3128 admodum

612 3149 732 3205 illos
759 3149 963 3220 pudore
986 3150 1268 3206 efficientis
1293 3167 1431 3207 esse.

681 3242 736 3298 3.
781 3233 936 3295 Pauli
975 3245 1261 3312 prudentia.
1289 3274 1359 3284 --
1386 3244 1452 3304 Et
1493 3246 1612 3302 vide
1646 3247 1795 3304 Pauli
1836 3251 2193 3320 prudentiam.

612 3334 654 3388 Λ
688 3333 881 3403 quibus
922 3334 1100 3404 seipse
1139 3345 1442 3404 opportuno
1482 3346 1726 3406 tempore
1765 3343 2000 3408 extollit,
2032 3359 2196 3412 seque

613 3423 980 3479 honorabilem
1022 3435 1078 3480 et
1128 3442 1378 3496 magnum
1408 3429 1689 3496 ostendit;
1733 3432 1801 3488 ab
1841 3433 2028 3489 iisdem
2073 3436 2193 3494 illos

611 3531 752 3570 nunc
778 3517 981 3586 pudore
1010 3518 1173 3574 afficit
1194 3560 1207 3583 ,
1236 3517 1544 3576 damnatum
1573 3537 1633 3579 se
1663 3539 1877 3581 vocans.
1913 3527 2082 3582 Tanta
2107 3546 2194 3586 res

609 3613 694 3661 est
721 3609 1034 3677 congruenti
1066 3619 1307 3678 tempore
1344 3611 1522 3666 omnia
1549 3611 1748 3669 facere.
1779 3615 1932 3671 Morti
1962 3618 2194 3674 destina-

611 3697 820 3762 tes,hos
837 3698 1120 3754 damnatos
1139 3710 1316 3768 vocat,
1334 3703 1423 3771 qui
1441 3702 1588 3758 mille
1606 3705 1864 3760 mortibus
1882 3707 2026 3777 digni
2048 3719 2188 3767 sunt.

613 3790 749 3856 Quia
773 3792 1113 3860 spectaculum
1141 3793 1265 3861 facti
1291 3809 1466 3848 sumus
1493 3795 1704 3860 mundo,
1737 3805 1783 3850 et
1806 3800 2000 3868 angelis
2030 3811 2076 3854 et
2102 3801 2192 3855 Ito-

609 3882 850 3936 minibus.
867 3881 1001 3948 Quid
1019 3891 1100 3936 cst
1117 3882 1244 3938 illud
1255 3928 1267 3947 ,
1285 3885 1643 3952 Spectaculum
1655 3888 1779 3958 facti
1791 3906 1963 3946 sumus
1977 3895 2193 3949 mundo!

605 3970 723 4027 Non
761 3972 814 4026 in
855 3974 1048 4043 angulo
1075 3989 1183 4028 uno
1213 3991 1384 4046 neque
1424 3977 1474 4032 in
1516 3993 1678 4047 parva
1715 3979 1860 4035 orbis
1890 3993 2044 4051 parte
2077 3985 2191 4042 haec

605 4063 874 4132 patimur,
917 4063 1128 4133 inquit;
1162 4065 1258 4120 sed
1301 4066 1497 4137 ubique
1530 4078 1584 4123 et
1620 4069 1762 4140 apud
1803 4086 2011 4127 omnes.
2052 4074 2189 4140 Quid

606 4151 707 4206 sibi
737 4153 850 4206 vult
879 4162 1081 4222 autem,
1117 4153 1181 4207 Et
1209 4157 1446 4226 angelis?
1483 4157 1716 4214 Possunt
1739 4159 2046 4220 hominibus
2069 4179 2190 4220 esse

604 4243 993 4310 spectaculum,
1023 4244 1118 4298 sed
1149 4261 1254 4300 non
1295 4248 1519 4316 angelis,
1549 4250 1764 4319 quando
1790 4252 1913 4306 vilia
1942 4263 2068 4308 sunt
2093 4270 2190 4324 ge-

603 4341 721 4398 sta;
749 4344 804 4388 at
831 4336 1124 4390 certamina
1157 4346 1336 4392 nostra
1362 4337 1480 4390 talia
1513 4349 1657 4406 sunt,
1683 4350 1739 4394 ut
1764 4341 1920 4412 digna
1943 4345 2050 4398 sint
2070 4360 2189 4415 qum

604 4435 912 4496 spectentur
929 4425 996 4481 ab
1017 4427 1242 4497 angelis.
1273 4428 1404 4482 Vide
1421 4431 1691 4496 quomodo
1707 4447 1770 4486 ex
1801 4435 2011 4502 iisdem,
2039 4440 2189 4506 queis

603 4531 664 4570 se
693 4517 850 4572 vilem
880 4517 1042 4582 dicit,
1072 4533 1131 4572 se
1173 4533 1358 4572 rursus
1389 4534 1636 4588 magnum
1663 4524 1912 4580 ostendat
1937 4542 1950 4578 :
1978 4541 2042 4581 ex
2071 4531 2188 4598 qni-

603 4606 704 4661 bus
728 4615 904 4660 autem
935 4606 1010 4660 illi
1040 4607 1205 4661 altum
1235 4609 1535 4678 sapiebant,
1569 4613 1688 4667 illos
1714 4629 1834 4670 esse
1863 4617 1995 4672 viles
2015 4628 2068 4673 et
2095 4622 2189 4675 ab-

599 4695 774 4764 jectos
801 4695 1129 4765 pronuntiet.
1150 4697 1284 4762 Quia
1304 4698 1446 4752 enim
1474 4702 1664 4755 stultos
1692 4718 1813 4759 esse
1837 4721 1993 4775 quam
2021 4709 2187 4766 videri

604 4785 916 4854 prudentes,
943 4795 998 4840 et
1027 4785 1266 4842 infirmos
1287 4803 1407 4844 esse
1436 4806 1595 4860 quam
1617 4791 1782 4849 fortes
1808 4836 1823 4862 ,
1856 4806 1910 4852 et
1933 4799 2188 4869 inglorios

602 4891 725 4932 esse
748 4893 907 4949 quam
935 4880 1202 4950 gloriosos
1237 4892 1294 4938 et
1319 4882 1576 4950 illustres,
1609 4887 1868 4957 abjectins
1896 4907 2017 4947 esse
2043 4895 2189 4950 vide-

602 4970 792 5036 batur;
816 4980 870 5026 et
891 4971 1004 5027 hazc
1019 4972 1234 5042 quidem
1254 4975 1306 5030 in
1330 4975 1447 5031 illos
1469 4987 1551 5032 est
1571 4979 1934 5051 conjecturas,
1955 4985 2038 5039 illa
2058 5003 2185 5043 vero

603 5062 718 5132 ipse
753 5062 851 5118 sibi
876 5063 1167 5120 vindicavit
1201 5084 1214 5118 :
1247 5067 1483 5124 ostendit
1518 5071 1634 5125 hare
1660 5073 1765 5127 illis
1794 5089 1914 5130 esse
1940 5077 2181 5143 meliora,

601 5155 646 5208 si
677 5154 890 5224 quidem
919 5172 1016 5226 per
1042 5157 1156 5212 haec
1184 5173 1290 5214 non
1333 5160 1608 5220 hominum
1653 5166 1847 5234 ntodo,
1890 5169 1985 5225 sed
2026 5172 2184 5228 etiam

602 5245 912 5314 angelorum
959 5248 1210 5318 populum
1260 5251 1325 5308 ad
1375 5253 1456 5306 sui
1498 5259 1862 5324 spectaculum
1897 5264 2181 5326 convertit.

600 5333 716 5388 Non
762 5335 904 5391 enim
949 5339 1106 5393 nobis
1154 5349 1236 5403 est
1278 5342 1589 5402 colluctatio
1636 5347 1895 5405 adversus
1942 5351 2185 5410 homines

600 5431 842 5491 tantum,
874 5426 967 5481 sed
1012 5429 1175 5483 etiam
1216 5431 1478 5488 adversus
1517 5435 1861 5507 incorporeas
1892 5452 2184 5511 potestates

600 5511 833 5584 (Ep/tes.
861 5515 914 5570 6.
949 5515 1078 5589 η).
1131 5517 1361 5591 Ideoque
1399 5539 1647 5594 magnum
1677 5529 1842 5600 sedet
1891 5532 2176 5592 theatrum.

601 5603 690 5657 10.
717 5602 826 5686 Nos
851 5607 992 5661 stulti
1021 5619 1226 5678 propter
1247 5611 1524 5683 Christum,
1548 5632 1633 5671 vos
1653 5629 1818 5675 autem
1843 5625 2113 5694 prudentes
2130 5630 2184 5682 in

603 5682 820 5750 Christo.
843 5697 1070 5752 Rursus
1111 5698 1214 5755 hoc
1253 5697 1319 5755 ad
1346 5703 1605 5771 pudorem
1633 5682 1993 5769 incutiendum
2027 5717 2178 5785 dixit,

606 5787 891 5844 ostendens
921 5789 1035 5845 fieri
1077 5805 1185 5846 non
1227 5807 1390 5864 posse
1434 5804 1489 5852 ut
1529 5797 1646 5858 haec
1670 5806 1937 5861 contraria
1965 5809 2179 5864 contin-

2315 503 2466 566 gant,
2497 510 2597 550 nec
2621 512 2778 564 posse
2807 513 2888 562 ea,
2923 515 3042 568 qua:
3075 510 3277 556 tantum
3303 519 3333 560 a
3361 521 3420 563 se
3448 521 3625 584 mutuo
3659 515 3845 588 distant,

2319 587 2371 642 in
2403 604 2566 642 unum
2598 590 2907 646 convenire.
2959 592 3242 660 Quomodo
3268 599 3410 655 enim
3439 603 3553 660 ﬁeri
3580 615 3754 677 potest,
3781 614 3844 670 in-

2323 669 2458 740 quit,
2492 687 2590 728 vos
2618 675 2909 745 prudentes
2931 685 2986 734 et
3015 695 3114 735 nos
3135 681 3324 740 stultos
3349 699 3464 741 esse
3484 687 3533 742 in
3560 669 3720 758 rebus,
3741 669 3840 765 qua:

2322 772 2446 817 sunt
2475 763 2672 820 Christi
2703 768 2725 822 τ
2753 768 2887 836 Quia
2916 771 3058 827 enim
3089 772 3162 827 illi
3204 775 3414 844 quidem
3452 763 3838 853 verberabantur,

2321 850 2780 926 despiciebantur,
2818 859 3082 919 dedecore
3109 864 3485 936 alliciebantur,
3513 881 3566 927 et
3603 875 3718 930 nihil
3743 850 3840 937 esse

2320 943 2803 1015 existimabantur;
2850 951 2951 1022 ipsi
2988 963 3164 1009 autem
3197 956 3398 1014 honore
3426 959 3731 1035 fruebantur,
3768 987 3838 1027 sa-

2320 1035 2631 1108 pientesque
2652 1057 2714 1097 ac
2732 1044 3017 1112 prudentes
3034 1050 3173 1119 apud
3200 1052 3393 1108 multos
3413 1058 3836 1122 existimabantur:

2321 1125 2441 1226 ideo
2472 1127 2584 1184 haec
2612 1131 2742 1188 dicit
2773 1151 2786 1187 :
2813 1135 2946 1204 Quia
2971 1141 3237 1209 quomodo
3274 1143 3383 1200 fieri
3413 1157 3581 1217 potest
3615 1162 3668 1206 ut
3694 1155 3741 1216 ii,
3768 1159 3836 1226 qui

2319 1214 2435 1271 haec
2456 1221 2744 1288 praedicant
2768 1265 2782 1288 ,
2806 1228 3175 1287 existimentur
3198 1234 3250 1288 in
3281 1236 3344 1290 iis
3368 1243 3578 1307 versari,
3607 1258 3714 1313 quae
3740 1260 3838 1304 sunt

2318 1307 2421 1363 illis
2446 1316 2710 1370 contraria
2741 1317 2764 1370 Υ
2795 1318 2908 1374 Nos
2933 1323 3124 1390 inﬁrmi
3145 1367 3158 1388 ,
3191 1343 3277 1381 vos
3298 1339 3459 1383 autem
3479 1307 3640 1400 fortes:
3671 1335 3719 1390 id
3742 1349 3834 1406 est,

2315 1399 2422 1456 Nos
2447 1405 2691 1473 pellimur
2714 1417 2767 1464 et
2807 1418 3272 1484 persequutionem
3302 1399 3543 1490 patimur,
3578 1442 3665 1483 vos
3690 1399 3834 1486 autem

2312 1494 2598 1551 securitate
2637 1506 2691 1553 et
2729 1499 2984 1560 famulatu
3027 1507 3194 1562 multo
3236 1510 3491 1568 fruimini.
3535 1517 3635 1574 Sed
3671 1521 3718 1576 id
3749 1539 3833 1579 non

2313 1586 2510 1656 patitur
2554 1591 2942 1658 prtedicationis
2973 1610 3181 1656 natura.
3210 1602 3324 1659 Nos
3359 1607 3574 1678 inglorii,
3601 1627 3678 1667 vos
3700 1626 3836 1670 autem

2311 1677 2537 1744 gloriosi.
2572 1681 2668 1737 Hic
2693 1686 2901 1743 nobiles
2942 1692 3180 1760 respicit,
3208 1697 3298 1765 qui
3327 1698 3395 1754 de
3415 1677 3752 1761 exterioribus
3774 1711 3836 1763 al-

2313 1775 2423 1823 ttttn
2455 1773 2752 1842 sapiebant.
2788 1781 2872 1834 il.
2910 1781 3079 1852 Usque
3105 1786 3155 1839 in
3191 1789 3321 1842 lianc
3360 1792 3532 1848 horam
3561 1807 3602 1850 et
3629 1802 3836 1856 esurimus

2310 1869 2356 1913 et
2381 1861 2608 1929 sitimus,
2642 1877 2690 1920 et
2714 1871 2842 1923 nudi
2869 1890 3068 1941 sumus,
3099 1887 3146 1930 et
3182 1881 3410 1949 colaphis
3435 1887 3679 1955 rwdimur,
3709 1892 3778 1946 l2.
3802 1903 3836 1946 et

2308 1951 2596 2010 laboramus
2634 1972 2896 2029 operantes
2937 1968 3166 2023 manibus
3213 1976 3412 2029 nostris.
3455 1976 3561 2033 lloc
3600 1991 3706 2046 est,
3743 1983 3833 2038 Non

2313 2055 2491 2099 vetera
2523 2063 2703 2114 narro,
2733 2053 2826 2107 sed
2853 2057 2992 2125 quod
3031 2060 3158 2113 mihi
3189 2077 3427 2132 prmsens
3456 2077 3652 2138 tempus
3677 2075 3834 2128 testili-

2307 2143 2475 2189 catur.
2497 2137 2856 2198 Hntnanarum
2880 2147 3073 2218 quippe
3097 2167 3276 2207 rerum
3301 2156 3452 2212 nobis
3469 2160 3602 2214 nulla
3621 2163 3832 2231 ratiucst,

2309 2241 2483 2296 neque
2512 2234 2715 2287 externi
2737 2238 3074 2306 splendoris;
3105 2243 3197 2298 sed
3227 2245 3296 2300 ad
3324 2247 3486 2303 Deum
3507 2252 3665 2306 solum
3694 2257 3835 2325 respi-

2305 2317 2476 2380 cimus
2508 2341 2520 2375 :
2553 2323 2692 2391 quod
2721 2326 2916 2397 ubique
2958 2330 3136 2388 facere
3175 2337 3332 2392 nobis
3375 2345 3719 2400 necessarium
3753 2357 3832 2400 est.

2305 2405 2487 2478 Neque
2523 2413 2662 2466 enim
2693 2419 2866 2487 angeli
2909 2428 3110 2478 tantum
3156 2441 3255 2480 nos
3289 2439 3560 2498 spectant,
3588 2435 3672 2490 sed
3703 2436 3832 2491 etiam

2303 2509 2427 2554 ante
2469 2501 2588 2556 illos
2621 2506 2733 2574 ipse
2766 2511 3109 2579 agonotheta.
3142 2515 3257 2572 Non
3300 2520 3476 2591 itaque
3509 2524 3622 2580 aliis
3653 2541 3836 2596 egemus

2303 2589 2687 2653 laudatoribus.
2718 2600 2830 2656 lloc
2858 2605 2998 2658 enim
3029 2617 3113 2662 est
3143 2609 3216 2664 illi
3243 2616 3610 2672 contumeliam
3635 2619 3830 2684 inferre,

2300 2697 2422 2738 cum
2455 2686 2599 2743 illum
2626 2693 2776 2760 quasi
2807 2695 2872 2748 ad
2905 2713 3004 2752 nos
3026 2698 3325 2759 laudandos
3350 2721 3454 2762 non
3489 2709 3612 2764 satis
3637 2713 3700 2765 sit
3721 2727 3834 2780 prte-

2303 2783 2684 2846 tercurrentes,
2713 2783 2778 2838 ad
2804 2801 3092 2844 conservos
3115 2808 3488 2863 properamus.
3515 2799 3832 2868 Quemadmo-

2300 2864 2426 2921 dum
2455 2871 2597 2926 enim
2631 2874 2720 2944 qui
2750 2875 2802 2929 in
2836 2893 2996 2946 parvo
3027 2882 3236 2938 theatro
3274 2864 3580 2960 decertant,
3620 2908 3832 2962 magnum

2300 2969 2575 3029 quzcrunt,
2602 2966 2752 3034 quasi
2778 2966 2906 3023 illud
2935 2985 3039 3025 non
3071 2973 3305 3031 sufficiat
3329 2979 3394 3033 ad
3424 2983 3830 3039 ostentationem:

2299 3049 2378 3103 sic
2416 3059 2468 3105 et
2506 3052 2562 3120 ii,
2589 3056 2678 3124 qui
2709 3068 2833 3113 ante
2875 3059 2966 3116 Dei
3003 3064 3187 3120 oculos
3232 3067 3544 3139 decertant,
3575 3074 3832 3144 deindeque

2299 3138 2510 3198 laudem
2541 3142 2816 3203 hominum
2835 3164 3164 3224 quaerentes,
3195 3167 3247 3212 et
3272 3138 3833 3231 majorentdimittentcs

2299 3243 2355 3286 ut
2379 3236 2640 3292 minorem
2659 3253 3034 3314 assequamur,
3060 3263 3312 3320 magnum
3333 3254 3435 3310 sibi
3455 3258 3710 3311 attrahunt
3725 3273 3832 3328 Sup-

2297 3327 2536 3397 plicium.
2567 3331 2678 3388 Hoc
2703 3350 2831 3406 ergo
2857 3340 3034 3394 omnia
3056 3355 3145 3395 sus
3165 3342 3341 3414 deque
3369 3350 3542 3414 vertit,
3565 3350 3662 3404 hoc
3677 3327 3833 3405 odiem

2299 3427 2465 3475 totum
2503 3423 2766 3493 turbavit,
2793 3429 2935 3498 quod
2963 3431 3028 3486 ad
3059 3431 3304 3491 homines
3325 3441 3662 3510 respicientes
3683 3441 3831 3496 omnia

2297 3511 2590 3572 faciamus:
2619 3519 2748 3574 etin
2776 3520 2930 3577 bonis
2955 3524 3084 3580 nihil
3115 3542 3234 3584 esse
3261 3529 3516 3587 ducamus
3540 3533 3671 3604 quod
3693 3534 3832 3589 Deum

2296 3605 2586 3664 habeamus
2611 3611 2965 3682 laudatorem,
2996 3618 3092 3674 sed
3113 3634 3142 3674 a
3171 3626 3450 3680 conservis
3477 3641 3754 3696 quaeramus
3772 3623 3835 3679 fa-

2294 3715 2434 3754 mam
2461 3711 2515 3755 et
2543 3702 2762 3771 gloriam
2789 3725 2805 3761 :
2835 3716 2890 3762 et
2914 3709 2966 3763 in
2992 3714 3278 3768 contrariis
3305 3732 3515 3772 rursum
3542 3719 3645 3773 Deo
3671 3717 3834 3786 despe-

2293 3801 2400 3858 cto,
2433 3792 2675 3851 homines
2707 3796 3074 3858 formidemus.
3107 3805 3269 3874 Atqui
3315 3809 3416 3880 ipsi
3447 3810 3706 3866 nobiscum
3741 3817 3833 3863 sta-

2291 3885 2425 3940 bunt
2472 3895 2598 3943 ante
2645 3890 2874 3946 tribunal
2922 3893 3088 3963 illud,
3123 3897 3254 3953 nihil
3301 3917 3398 3958 nos
3419 3902 3688 3972 iuvantes;
3719 3901 3834 3957 Deus

2291 3986 2470 4031 autem
2491 4018 2508 4044 ,
2540 3995 2697 4048 quem
2717 3981 2829 4051 jam
2857 3983 3209 4054 deSpicimus,
3241 3995 3560 4048 sententiam
3588 3995 3637 4049 in
3659 4008 3748 4049 nos
3769 3991 3833 4047 fe-

2292 4076 2396 4122 ret.
2429 4069 2675 4124 Attamen
2703 4087 2825 4127 cum
2872 4074 2985 4130 haec
3028 4079 3294 4150 sciamus,
3326 4083 3392 4138 ad
3419 4083 3654 4140 homines
3690 4083 3834 4138 inhia-

2291 4173 2410 4213 mus
2426 4161 2589 4230 :quod
2607 4172 2690 4217 est
2710 4164 2938 4234 primum
2962 4180 3238 4237 peccatum
3269 4193 3283 4228 :
3312 4175 3630 4247 homineque
3649 4176 3832 4231 vidente

2292 4248 2541 4306 fornicari
2568 4269 2726 4308 nemo
2755 4256 3003 4326 voluerit,
3032 4261 3127 4316 sed
3151 4263 3359 4321 etiamsi
3387 4269 3516 4322 vitio
3545 4269 3628 4322 illo
3653 4267 3832 4329 ardeat,

2290 4341 2512 4398 affectus
2556 4344 2696 4399 illius
2728 4350 2967 4418 tyrannis
2999 4351 3066 4406 ab
3112 4353 3385 4411 hominum
3427 4359 3710 4415 reverentia
3736 4358 3834 4411 vin-

2290 4433 2466 4488 citur:
2502 4435 2609 4490 Deo
2639 4449 2814 4493 autem
2849 4440 3064 4497 vidente
3108 4460 3212 4499 non
3242 4449 3406 4502 modo
3446 4450 3498 4504 in
3527 4449 3767 4504 adulteria
3790 4453 3834 4501 et

2291 4525 2344 4578 in
2377 4526 2756 4583 fornicationes
2781 4544 3166 4602 prorumpunt,
3205 4537 3300 4591 sed
3332 4549 3389 4594 et
3416 4541 3519 4595 alia
3554 4541 3702 4610 longe
3737 4552 3837 4608 gra-

2290 4617 2439 4672 viora
2469 4619 2668 4676 audent
2697 4631 2751 4677 et
2793 4623 2908 4678 ausi
2951 4636 3098 4681 sunt.
3130 4629 3212 4683 An
3243 4630 3344 4683 hoc
3380 4648 3510 4704 ergo
3547 4634 3708 4687 solum
3748 4644 3835 4685 non

2289 4707 2484 4762 sufﬁcit
2511 4717 2567 4763 ut
2593 4711 2739 4767 mille
2774 4711 2993 4768 fulmina
3035 4715 3103 4772 de
3131 4718 3261 4772 caelo
3291 4721 3623 4777 inferantur?
3650 4722 3712 4776 Et
3731 4717 3836 4788 quid

2287 4797 2410 4854 dico
2429 4799 2688 4856 adulteria
2710 4812 2764 4858 et
2782 4803 3204 4863 fornicationes?
3224 4810 3354 4864 Nam
3383 4813 3468 4868 his
3487 4814 3637 4883 longe
3659 4813 3836 4867 minora

2289 4900 2412 4946 ante
2434 4891 2677 4948 homines
2708 4904 3016 4964 perpetrare
3045 4900 3332 4956 metuimus
3352 4943 3368 4967 ,
3401 4904 3493 4958 sed
3527 4905 3632 4958 Deo
3653 4903 3837 4955 vidente

2289 5000 2395 5038 non
2424 4986 2571 5041 item.
2597 4985 2731 5042 llinc
2758 4998 2903 5057 parta
2932 4999 3058 5045 sunt
3080 4992 3216 5046 mala
3242 4996 3442 5060 omnia,
3471 4995 3608 5063 quod
3631 4995 3679 5048 in
3702 4992 3838 5047 rebus

2289 5091 2406 5146 qua:
2431 5092 2555 5132 vere
2594 5093 2770 5148 prava:
2800 5088 2921 5134 sunt
2949 5097 3054 5135 non
3085 5081 3247 5137 Deum
3269 5125 3284 5152 ,
3317 5086 3412 5139 sed
3439 5085 3676 5140 homines
3705 5093 3838 5136 reve-

2289 5184 2522 5224 reamur.
2548 5169 2779 5242 Ideoque
2803 5173 2964 5227 etiam
2991 5189 3075 5241 ea,
3103 5191 3222 5245 quae
3248 5193 3371 5232 vere
3397 5179 3532 5233 bona
3553 5185 3688 5240 sunt,
3715 5185 3839 5243 qum-

2288 5275 2391 5330 que
2418 5262 2598 5316 multis
2624 5280 2729 5318 non
2757 5264 2894 5319 bona
2922 5281 3041 5320 esse
3068 5267 3334 5334 videntur,
3363 5270 3614 5341 fugimus,
3643 5281 3743 5324 non
3768 5277 3837 5318 reo

2290 5367 2407 5405 rum
2461 5362 2703 5408 naturam
2749 5357 3150 5427 examinantes,
3200 5360 3294 5416 sed
3345 5361 3414 5417 ad
3458 5361 3599 5432 vulgi
3640 5356 3837 5430 gloriam

2289 5442 2656 5512 respicientes.

2358 5535 2410 5588 4.
2444 5533 2502 5588 ln
2531 5536 2684 5590 malis
2716 5552 2929 5607 quoque
2967 5539 3199 5610 idipsum
3227 5553 3540 5613 praestamus
3569 5561 3583 5599 :
3611 5539 3826 5613 quadam

2287 5626 2428 5680 enim
2452 5641 2570 5696 qua:
2590 5641 2716 5682 vere
2747 5627 2885 5682 bona
2912 5645 3016 5684 non
3045 5643 3189 5698 sunt,
3214 5634 3308 5689 sed
3332 5634 3452 5687 talia
3479 5633 3716 5689 videntur
3737 5640 3839 5684 esse

2289 5719 2488 5784 multis,
2521 5732 2586 5773 ex
2613 5719 2800 5774 eadem
2818 5723 3203 5779 consuetudine
3227 5735 3282 5778 ut
3305 5725 3441 5779 bona
3465 5724 3837 5796 persequimur;

2290 5811 2361 5867 ita
2384 5821 2440 5867 ut
2466 5813 2713 5883 utrinque
2742 5828 3167 5887 corrumpantur.
3218 5819 3464 5876 Fortasse
3486 5819 3663 5876 multis
3674 5815 3836 5873 obscu-
