3992 6424
186 312 254 368 99
1301 313 1365 372 IN
1404 311 1623 372 EPIST.
1656 314 1677 368 ι
1718 311 1799 368 Al]

1905 311 2006 370 [ιιι.
2047 313 2283 380 HOMIL.
2319 321 2438 381 ΧΠ.

203 437 340 488 ἐστιν
363 452 374 469 ·
403 435 503 490 Ἐν
544 437 654 510 μὲν
685 439 796 504 τοῖς
826 438 1008 502 πόνοις
1051 435 1217 508 φησὶν
1251 431 1392 488 εἶναι
1421 435 1600 490 πάντα
1642 432 1798 488 κοινά

207 520 294 573 καὶ
335 521 477 590 ἡμῖν
535 522 638 576 καὶ
693 524 841 593 ὑμῖν,
901 525 962 576 ἐν
1011 522 1070 575 δέ
1107 523 1220 584 τοῖς
1266 521 1521 582 ἐπάθλοις
1560 520 1800 583 καὶτοῖς

213 605 500 675 στεφάνοις
543 606 710 677 ὑμεῖς
752 608 978 678 πρῶτοι.
1021 605 1162 659 Ἀλλ’
1192 607 1294 660 οὐκ
1322 604 1475 673 ἀλγῶ
1506 603 1683 657 ταῦτα
1710 602 1799 655 λέ-

213 705 322 759 γων
345 705 358 716 ·
395 687 478 742 διὸ
512 691 612 743 καὶ
644 691 915 760 ἐπήγαγεν·
964 693 1073 744 Kal
1106 689 1332 758 ὄφελόν
1367 706 1433 758 γε
1481 687 1799 741 ἐϐασιλεύ-

207 789 380 827 σατε.
417 771 577 837 Εἶτα,
645 774 734 826 ἴνα
786 774 860 844 μὴ
898 773 1025 845 δόξῃ
1076 771 1329 844 εἰρωνεία
1363 789 1449 835 τις
1494 767 1656 836 εἶναι,
1705 773 1802 824 ἐπ-

214 860 420 925 ήγαγεν
441 874 456 890 ο
502 857 640 912 Ἵνα
689 856 789 911 καὶ
814 856 985 926 ἡμεῖς
1021 856 1166 926 ὑμῖν
1189 855 1800 924 συμϐασιλεύσωμεν.

217 941 324 994 Kal
357 941 470 1012 γὰρ
510 940 599 1006 ἂν,
631 942 786 1011 φησὶ,
822 941 917 994 καὶ
959 943 1120 1010 ἡμεῖς
1153 939 1359 994 τούτων
1412 937 1752 1010 ἐπετύχομεν
1774 951 1802 979 8

213 1026 321 1077 τῶν
353 1025 604 1093 ἀγαθῶν.
641 1020 795 1088 Εἶδες
825 1024 942 1088 πῶς
975 1024 1110 1094 ὁμοῦ
1144 1025 1240 1078 καὶ
1260 1023 1362 1094 τὴν
1400 1022 1681 1094 βαρύτητα
1712 1023 1806 1075 καὶ

212 1110 310 1180 τὴν
345 1108 679 1181 κηδεμονίαν
713 1109 1048 1162 ἐνδείκνυται
1079 1111 1174 1162 καὶ
1201 1109 1301 1178 τὴν
1336 1108 1624 1177 φιλόσοφον
1665 1106 1805 1175 γνώ-

211 1213 362 1265 pm);
415 1196 560 1262 'Upa
595 1194 712 1258 πῶς
750 1195 1001 1266 καθαιρεῖ
1041 1194 1254 1248 καὶτὸν
1297 1193 1466 1262 τῦφον
1491 1193 1557 1246 δι’
1589 1186 1664 1247 ὧν
1697 1195 1800 1246 ἐπ-

207 1281 335 1345 άγει
393 1277 603 1346 λέγων’
664 1277 867 1332 Δοκῶι»
916 1277 1028 1347 γὰρ
1064 1277 1153 1331 ὅτι
1202 1280 1235 1330 ό
1286 1276 1431 1342 Θεὸς
1469 1274 1627 1346 ἡμᾶς
1659 1275 1802 1337 τοὺς

197 1362 606 1426 ἀποστόλους
653 1359 952 1430 ἐσχάτους
999 1360 1339 1428 ἀπέδειξεν,
1373 1360 1454 1425 ὡς
1511 1360 1799 1414 ἐπιθανα-

197 1447 402 1510 τίους.
435 1445 643 1516 Πολλὴν
669 1445 769 1517 τὴν
795 1445 1030 1515 ἔμφασιν
1065 1447 1159 1500 καὶ
1190 1445 1290 1518 τὴν
1327 1444 1606 1517 βαρύτητα
1632 1444 1800 1498 ἐνδεί⁶

203 1545 407 1582 κνυται
455 1528 619 1582 πάλιν
663 1528 740 1600 τῷ
783 1530 979 1591 εἰπεῖν,
1049 1527 1254 1597 Ἡμᾶς.
1305 1529 1416 1582 Kal
1459 1527 1580 1581 οὐδὲ
1624 1526 1800 1598 τούτῳ

198 1613 490 1683 ἠρκέσθη,
521 1612 656 1666 ἀλλά
694 1612 790 1666 καὶ
816 1611 876 1664 τὸ
909 1611 1128 1682 ἀξίωμα
1168 1612 1437 1681 ἐπήγαγε,
1475 1611 1682 1682 σφόδρα
1705 1611 1802 1664 αὑ-

196 1698 316 1751 τῶν
368 1696 829 1766 καθικνούμενος’
892 1695 1088 1766 Ήμᾶς,
1144 1697 1301 1767 φησί,
1342 1696 1484 1764 τοὺς
1527 1695 1796 1750 ἀποστό-

195 1787 392 1848 λους·
429 1781 560 1844 τοὺς
591 1780 658 1834 τὰ
681 1779 852 1851 μυρία
882 1780 1254 1850 ὑπομένοντας
1282 1780 1448 1843 κακά,
1489 1781 1616 1843 τοὺς
1641 1779 1798 1831 σπεί-

201 1883 408 1937 ροντας
436 1866 504 1918 τὸ
529 1865 795 1936 κήρυγμα
825 1864 926 1935 τῆς
957 1863 1264 1928 εὐσεϐείας,
1304 1865 1431 1927 τοὺς
1463 1865 1556 1917 ἐπὶ
1586 1863 1686 1936 τὴν
1712 1881 1800 1934 φι-

200 1950 472 2019 λοσοφίαν
519 1948 726 2018 ταύτην
764 1943 908 2018 ὑμᾶς
946 1948 1214 2016 ἄγοντας·
1261 1948 1486 2012 τούτους
1537 1949 1800 2020 ἐσχάτους

199 2029 519 2098 ἀπέδειξεῦ,
545 2033 622 2097 ὼς
669 2032 1071 2097 ἐπιθανατίους,
1120 2032 1418 2098 τουτέστιν,
1461 2032 1537 2097 ώς
1577 2031 1798 2088 καταδί-

199 2137 355 2182 κους.
398 2117 623 2189 Ἐπειδὴ
649 2116 758 2188 γάρ
782 2111 954 2179 εἶπεν,
992 2117 1127 2170 Ἵνα
1151 2117 1249 2171 καὶ
1271 2116 1446 2185 ἡμεῖς
1487 2117 1627 2187 ὑμῖν
1646 2134 1800 2186 συμ-

200 2202 693 2270 ϐασιλεύσωμεν,
743 2200 838 2253 καί⁸
889 2198 1122 2271 ἐχάλασε
1153 2199 1233 2270 τῷ
1265 2199 1410 2272 λόγῳ
1439 2200 1498 2254 τὸ
1527 2201 1756 2272 σφοδρόν
1780 2218 1795 2234 ο

200 2287 289 2340 ἴνα
315 2285 399 2356 μὴ
429 2284 636 2347 αὑτοὺς
664 2282 890 2356 ἐκλύσῃ,
913 2283 1284 2354 ἀναλαμϐάνει
1313 2285 1476 2338 πάλιν
1501 2283 1632 2338 αὐτὸ
1661 2285 1798 2355 μετά

199 2371 458 2435 πλείονος
495 2367 862 2440 βαρυθυμίας,
910 2368 1002 2422 καί
1037 2384 1205 2439 φησι·
1239 2367 1401 2421 Δοκῶ
1447 2368 1578 2438 γὰρ,
1628 2368 1714 2422 ὅτι
1766 2372 1799 2423 δ

203 2455 353 2519 Θεὸς
378 2453 544 2522 ἡμᾶς
567 2452 710 2517 τοὺς
733 2452 1118 2518 ἀποστόλους
1133 2451 1435 2521 ἐσχάτους
1457 2451 1797 2519 ἀπέδειξεν,

197 2540 279 2604 ὡς
313 2537 771 2601 ἐπιθανατίους.
837 2535 924 2598 Ὦς
956 2534 1065 2604 γὰρ
1115 2534 1248 2606 ὁρῶ,
1303 2537 1457 2607 φησί,
1495 2535 1589 2589 καί¹
1623 2537 1681 2603 ἐξ
1723 2529 1799 2590 ὧν

200 2626 365 2694 ὑμεῖς
396 2639 562 2692 φατε,
602 2621 652 2674 οἰ
691 2619 912 2672 πάντων
942 2619 1256 2690 ἀτιμότεροι
1299 2620 1394 2673 καὶ
1425 2621 1475 2673 οἱ
1515 2621 1800 2676 κατάδικοι

199 2709 368 2777 ⁴ἡμεῖς
391 2707 590 2775 ἐσμεν,
627 2703 678 2756 οἳ
702 2705 779 2766 εἰς
803 2703 865 2755 τὸ
905 2702 1135 2774 πάσχειν
1160 2703 1247 2756 ἀεὶ
1271 2702 1458 2766 κακῶς
1483 2704 1800 2775 ’προϐεϐλή-

205 2793 380 2864 μεθα·
433 2791 602 2860 ὑμεῖς
648 2787 705 2841 δὲ
764 2789 865 2860 ἤδη
928 2787 1205 2858 βασιλείαν
1259 2787 1557 2857 καὶτιμὰς
1591 2789 1685 2843 καὶ
1729 2791 1799 2844 τὰ

204 2876 418 2930 ἔπαθλα
448 2871 818 2944 φαντάζεσθε.
853 2871 1183 2941 Βουλόμενος
1215 2870 1271 2925 δὲ
1304 2873 1384 2934 εἰς
1412 2872 1636 2926 πλείονα
1675 2873 1801 2926 ἀτοο

209 2963 331 3014 πίαν
356 2959 682 3026 ἀπαγαγεῖν
705 2955 796 3008 τὸν
824 2954 1005 3023 λόγον,
1030 2955 1124 3008 xal
1151 2955 1319 3020 δεῖξαι
1346 2955 1508 3008 αὐτὸν
1536 2957 1798 3011 ἀπίθανον

207 3044 320 3115 μεθ’
353 3041 701 3110 ὑπερϐολῆς,
731 3039 833 3091 οὐκ
857 3038 1033 3102 εἶπεν,
1076 3039 1158 3091 ὃτι
1199 3038 1413 3102 Ἀπλῶς
1441 3041 1603 3110 ἡμεῖς
1630 3042 1800 3111 ἐσμεν

203 3130 447 3198 ἔσχατοι,
482 3124 624 3188 ἀλλ’,
668 3123 725 3176 Ὀ
759 3122 889 3185 Θεὸς
929 3123 1077 3193 ἡμᾶς
1107 3120 1369 3192 ἐσχάτους
1399 3123 1645 3196 ἐποίησε.
1690 3127 1802 3180 Kal

203 3213 296 3265 οὐκ
322 3207 587 3281 ἠρκέσθη
613 3206 689 3278 τῷ
716 3209 890 3259 εἰπεῖν
933 3203 1290 3274 Ἐσχάτους,
1323 3205 1461 3260 ἀλλὰ
1487 3208 1798 3281 προσέθηκε

203 3297 293 3348 καὶ
350 3291 822 3354 Ἔπιθανατίους
842 3306 855 3318 ·
882 3289 967 3342 ἵνα
997 3290 1141 3342 καὶὸ
1177 3289 1381 3360 σφόδρα
1413 3290 1640 3360 ἀνόητος
1673 3311 1800 3347 συν-

203 3380 313 3450 ειδῇ
353 3378 470 3430 τῶν
501 3373 809 3446 εἰρημένων
851 3372 912 3425 τὸ
950 3372 1234 3440 ἀπίθανον,
1264 3375 1357 3427 καὶ
1394 3374 1477 3426 ὅτι
1504 3375 1800 3444 ἀλγοῦντος

201 3459 266 3534 ἦν
290 3462 362 3515 τὰ
395 3459 676 3528 λεγόμενα
697 3455 794 3510 καὶ
830 3456 1035 3527 σφόδρα
1065 3457 1264 3519 αὐτοὺς
1288 3457 1660 3530 ἐντρέποντος.

270 3546 469 3615 γ’.Καὶ
492 3543 597 3612 ὅρα
608 3540 819 3594 Παύλου
843 3540 1076 3594 σύνεσιν.
1096 3542 1212 3610 Ἀφ’
1229 3535 1304 3595 ὧν
1329 3543 1719 3614 ἐαυτὸν,ήνίκα
1734 3545 1800 3600 ἂν

204 3626 238 3706 ᾖ
275 3628 509 3699 καιρὸς,
563 3623 780 3695 ἐπαίρει
827 3623 920 3676 καὶ
971 3623 1168 3694 σεμνὸν
1211 3623 1451 3678 δείκνυσι
1484 3628 1578 3680 καὶ
1625 3628 1800 3698 μέγαν

207 3717 370 3780 ποιεῖ,
405 3711 523 3765 ἀπὸ
556 3708 762 3762 τούτων
789 3707 1032 3771 ἐκείνους
1071 3708 1324 3779 ἐντρέπει
1359 3709 1474 3774 νῦν,
1509 3711 1802 3768 κατάδικον

210 3798 401 3852 ἐαυτὸν
423 3793 632 3847 καλῶν.
669 3789 936 3845 Τοσοῦτὸν
961 3793 1077 3844 ἐστι
1113 3791 1252 3862 μετὰ
1295 3793 1388 3846 τοῦ
1439 3793 1591 3866 μου]
1627 3813 1800 3866 προσ-

206 3883 440 3953 ήκοντος
464 3874 664 3947 καιροῦ
696 3874 876 3928 πάντα
908 3876 1106 3929 ποιεῖν.
1151 3875 1604 3943 Ἐπιθανιιτίους
1627 3878 1684 3931 δὲ
1711 3881 1801 3932 ἐν-

205 3964 385 4020 ταῦθα
417 3960 551 4022 τοὺς
585 3958 910 4022 καταδίκους
950 3957 1120 4027 λέγει,
1167 3960 1259 4012 καὶ
1311 3960 1521 4031 μυρίων
1555 3961 1800 4018 θανάτων

204 4049 420 4116 ἀξίους.
457 4044 592 4097 Ὀτι
635 4042 884 4110 θέατρον
912 4041 1282 4113 ἐγενήθημεν
1320 4041 1400 4109 τῷ
1446 4045 1653 4115 κόσμῳ
1699 4047 1801 4101 καὶ

204 4132 492 4204 ἀγγέλοις
519 4127 619 4182 καὶ
647 4125 1001 4195 ἀνθρώποις.
1029 4127 1096 4180 Τί
1121 4129 1260 4195 ἐστι,
1290 4129 1554 4198 Θέατρον
1591 4131 1801 4202 ἐγενή-

203 4221 401 4287 θημεγ
425 4211 511 4278 τῷ
532 4211 770 4281 κόσμῳς
808 4210 922 4264 Οὐκ
955 4212 1014 4264 ἐν
1038 4211 1212 4284 γωνίᾳ
1242 4213 1340 4283 μιᾷ
1369 4213 1492 4266 οὐδέ
1524 4215 1584 4268 ἐν
1615 4217 1800 4288 μικρῷ

201 4303 300 4373 τῆς
338 4296 675 4366 οἰκουμένης
710 4294 866 4365 μέρει
894 4291 1066 4348 ταῦτα
1095 4296 1399 4368 πάσχομεν,
1429 4300 1615 4370 φησὶν,
1665 4301 1802 4356 ἀλλά

202 4379 498 4450 πανταχοῦ
528 4377 626 4432 καὶ
670 4377 763 4430 ἐπὶ
812 4377 1054 4432 πάντων.
1084 4376 1150 4430 Τί
1181 4379 1240 4432 δέ
1270 4381 1406 4446 ἐστι,
1467 4381 1578 4435 Καὶ
1627 4384 1802 4453 ἀγγέ-

200 4473 372 4534 λοιςς
404 4463 559 4516 Ἀντὶ
585 4460 704 4524 τοῦ,
735 4460 890 4515 Ἐστι
911 4460 1010 4531 μὲν
1037 4460 1351 4533 ἀνθρώποις
1371 4460 1514 4518 εἶναι
1549 4464 1798 4540 θέατρον,

203 4551 413 4623 μηκέτι
447 4547 508 4600 δὲ
532 4544 807 4614 ἀγγέλοις,
847 4545 975 4598 ὅταν
1009 4544 1200 4616 εὐτελῆ
1246 4546 1316 4600 τὰ
1347 4548 1609 4618 γινόμενα
1732 4553 1800 4607 τὰ

197 4637 256 4690 δὲ
283 4632 452 4706 ἡμῶν
477 4628 837 4705 παλαίσματα
864 4627 1112 4695 τοιαῦτα,
1141 4629 1229 4707 ῶς
1256 4630 1351 4684 καὶ
1375 4631 1472 4702 τῆς
1499 4633 1802 4707 ἀγγελικῆς

197 4704 444 4787 θεωρίας
464 4704 595 4778 ἀξια
623 4707 787 4767 εῖναι.
823 4713 964 4782 Ὅρα
997 4712 1092 4782 ἀφ’
1129 4704 1205 4766 ὧν
1231 4713 1423 4768 ἐαυτὸν
1448 4704 1800 4785 ἐξευτελίζει,

197 4803 324 4865 πῶς
348 4799 526 4854 πάλιν
550 4797 725 4870 μέγαν
752 4793 1026 4850 δείκνυσιν
1045 4810 1060 4825 ⁶
1089 4798 1186 4867 ἀφ’
1211 4790 1286 4851 ὧν
1328 4799 1386 4852 δὲ
1415 4802 1612 4855 ἐκεῖνοι
1655 4803 1802 4872 μέγα

199 4883 498 4957 φρονοῦσι,
527 4879 645 4944 πῶς
681 4879 877 4942 αὐτοὺς
921 4879 1162 4944 εὐτελεῖς
1206 4882 1524 4953 ἀποφαίνει.
1581 4883 1800 4959 Ἐπειδὴ

201 4970 312 5040 γὰρ
347 4968 418 5021 τὸ
454 4965 677 5036 μωροὺς
717 4959 861 5017 εἶναι
897 4962 992 5016 τοῦ
1034 4965 1334 5036 φρονίμους
1367 4967 1677 5036 φαίνεσθαι,
1707 4971 1802 5026 καὶ

196 5051 260 5104 τὸ
283 5049 547 5110 ἀσθενεῖς
567 5043 708 5101 εἶναι
746 5046 842 5100 τοῦ
869 5048 1124 5119 ἰσχυροὺς
1148 5048 1431 5118 γίνεσθαι,
1477 5051 1571 5104 καὶ
1596 5051 1656 5105 τὸ
1683 5051 1802 5106 ἀτί-

202 5153 345 5206 μους
377 5129 523 5188 εῐναι
546 5131 639 5186 τοῦ
667 5131 912 5198 ἐνδόξους
939 5133 1038 5186 καὶ
1061 5137 1382 5204 περιφανεῖς
1414 5137 1799 5210 εὐτελέστερον

198 5213 346 5282 εἶναι
379 5217 585 5282 ἐδόκει,
612 5216 797 5270 καὶτὰ
819 5214 918 5286 μὲν
945 5216 1176 5282 ἐκείνοις
1205 5218 1391 5288 μέλλει
1416 5220 1799 5292 προσρίπτειν,

194 5303 272 5355 τά
299 5301 361 5355 δὲ
393 5299 560 5364 αὐτὸς
589 5298 916 5364 κατεδέξατο
933 5315 947 5329 ·
973 5299 1248 5356 δείκνυσιν
1271 5303 1354 5356 ὅτι
1374 5303 1548 5358 ταῦτα
1570 5304 1799 5359 ἐκείνων

197 5388 442 5458 ἀμείνω,
477 5385 534 5438 εῖ
563 5401 628 5454 γε
653 5383 744 5438 διὰ
768 5384 942 5440 ταῦτα
978 5384 1054 5456 μὴ
1102 5386 1263 5455 μόνον
1301 5388 1628 5460 ἀνθρώπων,
1659 5391 1798 5445 ἀλλά

194 5474 295 5525 καὶ
322 5469 514 5524 αὐτῶν
542 5468 652 5522 τῶν
685 5467 934 5537 ἀγγέλων
956 5467 1046 5524 τὸν
1068 5468 1237 5540 δῆμον
1268 5471 1402 5542 πρὸς
1428 5472 1526 5544 τὴν
1559 5473 1797 5546 Θεωρίαν

195 5554 515 5626 ἐπέστρεψε
535 5554 637 5625 τὴν
663 5552 895 5606 ἑαυτῶν.
922 5552 996 5606 Οὐ
1019 5552 1130 5623 γὰρ
1156 5553 1294 5626 πρὸς
1311 5555 1630 5628 ἀνθρώπους
1663 5560 1796 5628 ἡμῖν

195 5641 230 5710 ἡ
261 5641 416 5710 πάλη
455 5638 640 5709 μόνον,
681 5635 820 5694 ἀλλά
847 5637 942 5692 καὶΙ
969 5637 1106 5708 πρὸς
1138 5637 1237 5702 τὰς
1263 5641 1590 5711 ἀσωμάτους
1637 5643 1800 5697 δυνά-

200 5741 346 5793 μεις.
379 5723 481 5778 Διά
503 5722 666 5778 τοῦτο
697 5721 790 5776 καὶ
841 5721 987 5793 μέγα
1028 5720 1258 5794 θέατρον
1287 5724 1542 5797 κάθηται.
1599 5726 1796 5798 Ἡμεῖς

245 5910 270 5972 ἐι
315 5901 582 5972 ρεςεὸαιαγ
605 5899 928 5972 ἐπίτύχωμεν.
992 5900 1022 5942 h
1048 5899 1310 5966 Legebalur
1336 5902 1456 5964 εἶδες
1477 5905 1578 5964 πῶς
1601 5907 1796 5972 καθαρεῖ

199 5965 281 6012 τὸν
298 5965 447 6029 τῦφον
459 5979 475 6029 ;
501 5967 667 6020 Δοκῶ.

3399 327 3500 384 100

1902 435 2088 503 μωροὶ
2120 438 2220 494 διὰ
2253 442 2534 510 Χριστὸν,
2561 442 2733 512 ὑμεῖς
2759 441 2828 497 δὲ
2849 445 3127 513 φρόνιμοι
3151 443 3222 500 ἐν
3241 447 3495 516 Χριστῷ.

1908 518 2081 573 Πάλιν
2115 523 2210 576 καί.
2264 523 2425 578 τοῦτο
2461 526 2834 598 ἐντρεπτικῶς
2887 528 3102 599 εἴρηκε,
3150 528 3366 593 δεικνὺς
3414 533 3499 586 ὅτι

1901 606 2141 675 πρᾶγμά
2165 610 2315 662 ἐστιν
2341 609 2604 664 ἀδύνατον
2637 611 2812 666 ταῦτα
2840 612 3116 683 συμϐῆναι
3153 613 3221 667 τὰ
3254 615 3498 679 ἐναντία,

1900 689 1996 740 καὶ
2023 690 2124 743 οὐκ
2163 690 2314 746 ἐστιν
2365 695 2423 746 ἐν
2459 697 2572 758 τοῖς
2620 696 2808 759 αὐτοῖς
2836 698 2907 750 τὰ
2941 696 3198 751 τοσοῦτον
3248 698 3500 768 ἀλλήλων

1905 771 2178 843 ἀπέχοντα
2211 776 2509 832 συνελθεῖν.
2539 779 2665 842 Πῶς
2695 778 2805 851 γὰρ
2835 778 2934 844 ἐνι,
2986 781 3171 849 φησὶν.
3203 781 3347 851 ὑμᾶς
3398 781 3499 850 μὲν

1907 855 2209 927 φρονίμους
2239 854 2402 924 εἶναι,
2431 863 2576 932 ἡμᾶς
2610 861 2667 914 δὲ
2703 864 2922 932 μωροὺς
2953 863 3011 916 ἐν
3043 865 3158 926 τοῖς
3189 865 3331 917 κατὰ
3363 864 3491 935 Χρι-

1907 938 2032 992 στὸν
2057 942 2383 1013 πράγμασιν
2405 961 2419 1009 ;
2460 945 2683 1016 Ἐπειδὴ
2713 946 2822 1017 γὰρ
2843 947 2997 1000 αὐτοὶ
3023 947 3122 1016 μὲν
3152 946 3450 1002 ἐτύπτοντο
3468 960 3492 989 ο

1905 1023 2001 1076 καί
2050 1026 2487 1097 κατεφρονοῦντο
2538 1029 2633 1082 καὶ
2682 1029 3013 1100 ἠτιμάζοντο
3061 1032 3153 1084 καὶ
3178 1031 3328 1084 οὐδὲν
3355 1029 3496 1085 εἶναι

1905 1105 2221 1176 ἐνομίζοντο
2245 1147 2260 1173 ,
2297 1111 2497 1164 ἐκεῖνοι
2552 1111 2608 1164 δὲ
2655 1113 2826 1184 τιμῆς
2875 1113 3169 1178 ἀπέλαυον,
3209 1115 3304 1167 καί
3339 1115 3497 1182 σοφοί

1903 1205 2050 1254 τινες
2094 1193 2190 1245 καὶ
2223 1195 2436 1246 συνετοί¹
2485 1195 2638 1266 παρά
2696 1196 2911 1260 πολλοῖς
2966 1196 3375 1263 ὐπωπτεύοντο,
3407 1197 3498 1251 διὰ

1903 1275 2064 1328 τοῦτο
2093 1275 2266 1332 ταῦτά
2296 1295 2485 1350 φησιν,
2516 1281 2597 1333 ὅτι
2641 1279 2764 1343 Πῶς
2791 1281 2869 1334 ἔνι
2896 1282 3022 1344 τοὺς
3053 1281 3121 1334 τὰ
3141 1281 3364 1334 τοιαῦτα
3395 1298 3498 1352 κη-

1906 1357 2226 1431 ρύττοντας,
2266 1361 2362 1414 ἐπὶ
2389 1365 2502 1427 τοῖς
2551 1364 2819 1428 ἐναντίοις
2865 1364 3272 1419 ὑποπτεύεσθαι
3323 1363 3492 1432 είναις

1914 1441 2106 1510 Ἡμεῖς
2161 1444 2475 1511 ἀσθενεῖς,
2521 1446 2694 1516 ὑμεῖς
2739 1447 2810 1500 δὲ
2863 1449 3124 1516 ἰσχυροί.
3180 1449 3493 1517 Τουτέστιν,

1916 1525 2108 1594 Ἡμεῖς
2155 1527 2534 1600 ἐλαυνόμεθα,
2571 1531 2924 1602 διωκόμεθα·
2991 1534 3149 1602 ὑμεῖς
3199 1531 3258 1585 δέ
3305 1533 3493 1598 ἀδείας

1903 1607 2206 1666 ἀπολαύετε
2257 1612 2352 1666 καὶ
2401 1613 2697 1685 θεραπείας
2729 1614 2955 1684 πολλῆς.
2997 1615 3138 1667 Ἀλλ’
3172 1616 3272 1668 οὐκ
3301 1616 3494 1685 ἀνέχε-

1902 1707 1990 1744 ται
2027 1693 2123 1746 τοῦ
2152 1694 2510 1766 κηρύγματος
2544 1698 2576 1766 ἡ
2613 1697 2796 1766 φύσις.
2841 1696 3042 1766 Ἡμεῖς
3063 1696 3278 1768 ἄτιμοι,
3321 1696 3495 1767 ὑμεῖς

1901 1773 1971 1826 δὲ
1992 1775 2254 1842 ἔνδοξοι.
2307 1779 2574 1833 Ἐνταῦθα
2603 1780 2741 1852 πρὸς
2769 1782 2897 1844 τοὺς
2927 1781 3170 1850 εὐγενεῖς
3215 1783 3496 1838 ἀποτείνε-

1901 1875 1990 1912 ται
2018 1860 2115 1914 καὶ
2157 1861 2299 1932 μέγα
2329 1863 2664 1934 φρονοῦντας
2693 1864 2788 1916 ἐπὶ
2809 1867 2922 1928 τοῖς
2943 1863 3164 1929 ἔξωθεν.
3193 1867 3366 1936 Ἀχρι
3382 1863 3494 1934 τῆς

1903 1943 2033 2011 ἄρτι
2063 1943 2220 2014 ὧρας
2238 1947 2336 1999 καί
2374 1945 2670 2017 πεινῶμεν
2703 1947 2799 2002 καὶ
2819 1947 3106 2017 διψῶμεν,
3134 1949 3231 2003 καί
3262 1967 3492 2019 γυμνη-

1902 2027 2173 2096 τεύομεν,
2206 2028 2306 2082 καὶ
2339 2028 2796 2100 κολαφιζόμεθα,
2827 2032 2926 2084 καὶ
2953 2032 3358 2102 ἀστατοῦμεν,
3392 2031 3493 2086 καί

1902 2111 2206 2182 κοπιῶμεν
2235 2113 2612 2184 ἐργαζόμενοι
2661 2115 2794 2182 ταῖς
2847 2115 3025 2180 ἰδίαις
3073 2117 3270 2186 χερσί.
3327 2118 3494 2172 Τουτ-

1903 2196 2083 2263 ἐστιν,
2117 2197 2193 2251 Οὐ
2232 2198 2443 2252 παλαιά
2479 2198 2773 2270 διηγοῦμαι
2810 2199 3148 2270 πράγματα,
3186 2199 3302 2254 ἀλλ’
3347 2201 3495 2274 άπερ

1903 2280 1998 2334 καὶ
2021 2281 2050 2332 6
2080 2281 2270 2351 παρών
2303 2299 2394 2352 μοι
2430 2283 2621 2355 καιρὸς
2657 2285 2948 2355 μαρτυρεῖ.
2990 2283 3112 2337 Τῶν
3135 2283 3245 2355 γὰρ
3283 2283 3498 2356 ἀνθρω-

1902 2362 2075 2417 πίνων
2104 2366 2240 2436 ήμῖν
2291 2365 2450 2433 λόγος
2478 2365 2658 2429 οὐδεὶς
2691 2366 2812 2418 οὐδὲ
2871 2368 2973 2437 τῆς
3019 2366 3219 2434 ἔξωθεν
3255 2385 3497 2438 περιφα-

1901 2447 2070 2514 νείας,
2105 2448 2242 2502 ἀλλά
2268 2449 2404 2520 πρὸς
2433 2449 2524 2502 τὸν
2549 2449 2681 2502 Θεὸν
2704 2449 3005 2521 ἀφορῶμεν
3037 2451 3198 2520 μόνον
3214 2468 3227 2482 ο
3258 2453 3287 2505 δ
3312 2452 3377 2523 δὴ
3401 2453 3497 2506 καὶ

1903 2533 2052 2604 ἡμᾶς
2085 2533 2348 2603 πράττειν
2383 2531 2661 2603 πανταχοῦ
2685 2534 3006 2602 ἀναγκαῖον.
3039 2536 3114 2587 Οὐ
3153 2535 3262 2606 γὰρ
3289 2535 3354 2606 δὴ
3395 2537 3497 2605 ἄγ-

1905 2615 2055 2684 γελοι
2097 2615 2367 2686 θεωροῦσι
2395 2616 2578 2686 μόνον,
2611 2615 2748 2669 ἀλλά
2782 2618 2876 2670 καὶ
2909 2618 3018 2688 πρὸ
3040 2619 3264 2672 ἐκείνων
3292 2620 3321 2671 6
3348 2621 3497 2689 ἀγω-

1903 2699 2147 2770 νοθέτης.
2173 2699 2266 2770 Μὴ
2293 2699 2474 2752 τοίνυν
2499 2698 2704 2770 ἐτέρων
2725 2701 2960 2771 δεόμεθα
2980 2703 3304 2757 ἐπαινετῶν.
3325 2704 3498 2758 Τοῦτο

1903 2784 2012 2855 γὰρ
2049 2784 2254 2837 ἐκεῖνόν
2300 2785 2450 2836 ἐστιν
2497 2784 2753 2854 ὑϐρίσαι,
2797 2785 2926 2838 ὅταν
2979 2786 3054 2849 ώς
3086 2786 3186 2839 οὐκ
3219 2788 3497 2858 ἀρκοῦντα

1902 2868 2040 2938 πρὸς
2057 2867 2118 2919 τὸ
2134 2866 2412 2937 θαυμάσαι
2433 2867 2896 2937 παρατρέχοντες,
2929 2868 3021 2922 ἐπὶ
3050 2869 3174 2933 τοὺς
3192 2868 3345 2943 [101]
3372 2890 3498 2925 συν-

1903 2949 2122 3013 δούλους
2153 2949 2496 3020 σπεύδωμεν.
2538 2950 2806 3022 Καθάπερ
2836 2950 2946 3022 γὰρ
2969 2954 3016 3004 οἰ
3052 2954 3110 3006 ἐν
3156 2953 3338 3025 μικρῷ
3369 2955 3496 3010 θεά-

1903 3052 2016 3106 τρῳ
2047 3034 2446 3104 ἀγωνιζόμενοι
2479 3035 2622 3104 μέγα
2652 3033 2931 3105 ζητοῦσιν,
2965 3035 3040 3099 ὡς
3069 3036 3170 3090 οὐκ
3199 3037 3498 3108 ἀρκοῦντος

1903 3121 2088 3183 αὐτοῖς
2135 3118 2271 3189 πρὸς
2324 3117 2584 3184 ἐπίδειξιν
2634 3116 2661 3156 ἀ
2701 3117 2954 3173 ἐκείνουο
3010 3119 3155 3174 οὕτω
3207 3123 3300 3175 καὶ
3353 3125 3402 3176 οἰ
3438 3125 3497 3178 ἐν

1900 3202 2202 3273 ὀφθαλμοῖς
2244 3200 2338 3255 τοῦ
2383 3199 2519 3254 Θεοῦ
2563 3199 2999 3272 ἀγωνιζόμενοι,
3051 3200 3171 3258 εἶτα
3209 3203 3308 3276 τὴν
3344 3209 3498 3277 παρά

1903 3286 2212 3359 ἀνθρώποις
2243 3283 2534 3356 ζητοῦντες
2557 3285 2856 3357 εὐφημίαν,
2880 3287 2980 3358 τὴν
3010 3289 3233 3359 μείζονα
3268 3290 3499 3359 ἀφέντες

1905 3373 1999 3425 καὶ
2032 3371 2132 3441 τῆς
2165 3369 2448 3432 ἐλάττονος
2501 3370 2802 3440 ἐφιέμενοι,
2834 3371 3077 3442 μεγάλην
3129 3373 3341 3437 ἑαυτοῖς
3373 3375 3499 3426 ἐπι-

1905 3455 2153 3508 σπῶνται
2192 3453 2438 3507 κόλασιν.
2464 3453 2638 3506 Τοῦτο
2667 3453 2796 3521 γοῦν
2835 3455 2948 3508 ἀνω
2979 3457 3074 3509 καὶ
3123 3457 3275 3510 κάτω
3316 3457 3498 3510 πάντα

1904 3540 2200 3607 πεποίηκε,
2225 3537 2384 3590 τοῦτο
2411 3536 2746 3608 συνετάραξε
2767 3538 2868 3609 τὴν
2899 3540 3227 3611 οἰκουμένην
3253 3542 3494 3606 ἃπασαν,

1901 3625 1985 3678 ὅτι
2032 3622 2170 3695 πρὸς
2201 3618 2526 3690 ἀνθρώπους
2572 3619 2864 3690 βλέποντες
2900 3624 3117 3676 ᾶπαντα
3155 3623 3494 3696 πράττομεν,

1902 3709 2007 3762 κάν
2038 3708 2151 3770 τοῖς
2179 3703 2404 3774 ἀγαθοῖς
2427 3703 2579 3757 οὐδὲν
2607 3704 2890 3777 ἡγούμεθα
2930 3705 2992 3758 τὸ
3036 3707 3128 3760 τὸν
3179 3707 3314 3762 Θεὸν
3349 3708 3497 3780 ἔχειν

1903 3787 2248 3863 θαυμαστὴν,
2279 3787 2398 3842 ἀλλ’
2432 3785 2805 3860 ἐπιζητοῦμεν
2834 3789 2932 3860 τὴν
2959 3792 3112 3862 παρὰ
3134 3795 3243 3856 τοῖς
3268 3793 3498 3863 ὁμοδού-

1901 3875 2015 3938 λοις
2043 3871 2421 3942 εὐδοκίμησινο
2455 3871 2555 3923 κάν
2573 3873 2685 3934 τοῖς
2713 3874 2979 3937 ἐναντίοις
3013 3875 3177 3929 πάλιν
3206 3875 3374 3930 αὐτοῦ
3397 3895 3498 3932 καο

1902 3956 2349 4029 σωφρονήσαντες
2377 3995 2391 4018 ,
2436 3953 2760 4024 ἀνθρώπους
2802 3955 3146 4028 δεδοίκαμεν.
3192 3960 3387 4014 Καίτοι
3429 3979 3496 4031 γε

1903 4041 2060 4097 αὐτοὶ
2093 4037 2210 4110 μεθ’
2237 4039 2394 4109 ἡμῶν
2432 4035 2721 4107 στήσονται
2746 4040 2838 4092 ἐπὶ
2868 4039 2962 4092 τοῦ
2983 4041 3229 4110 βήματος
3258 4045 3494 4110 ἐκείνου,

1902 4126 2057 4181 οὐδὲν
2074 4125 2223 4196 ἡμᾶς
2244 4121 2584 4193 ὠφελοῦντες
2601 4139 2613 4151 ο
2647 4124 2674 4176 6
2691 4124 2748 4177 δὲ
2768 4124 2921 4190 Θεὸς,
2947 4122 3008 4181 οῦ
3038 4127 3495 4200 καταφρονοῦμεν

1903 4211 2020 4277 νῦν,
2054 4209 2218 4273 αὐτὸς
2262 4209 2400 4262 οῖσει
2440 4209 2539 4279 τὴν
2567 4207 2749 4279 ψῆφον
2791 4211 2944 4281 ⁴ἡμῖν.
2995 4212 3135 4265 Ἀλλ’
3171 4214 3355 4284 ὅμως,
3399 4217 3496 4269 καὶ

1901 4295 2075 4350 ταῦτα
2111 4293 2335 4358 εἰδότες,
2364 4292 2502 4364 πρὸς
2523 4293 2848 4362 ἀνθρώπους
2875 4295 2955 4348 ἐτι
2989 4297 3320 4368 κεχήναμεν,
3356 4299 3495 4370 ὅπερ

1903 4379 2052 4434 ἐστὶν
2067 4379 2374 4449 ἁμάρτημα
2396 4377 2630 4450 πρῶτον.
2665 4380 2772 4432 Kal
2793 4379 3084 4451 ἀνθρώπου
3110 4381 3209 4451 μὲν
3231 4383 3491 4453 ὁρῶντος,

1902 4466 2004 4518 οὐκ
2032 4462 2099 4516 ἄν
2120 4479 2204 4526 τις
2229 4461 2405 4515 ’έλοιτο
2441 4462 2748 4534 πορνεύειν,
2770 4463 2908 4517 ἀλλά
2933 4464 3036 4518 κᾶν
3073 4467 3334 4536 μυριάκις
3363 4467 3493 4537 φλέ-

1902 4564 2072 4618 γηται
2093 4545 2172 4616 τῷ
2199 4545 2374 4616 κακῷ,
2403 4548 2619 4600 νικᾶται
2647 4547 2742 4601 τοῦ
2778 4548 2985 4611 πάθους
3023 4551 3058 4620 ἡ
3097 4552 3354 4620 τυραννὶς
3387 4553 3494 4605 ὑπὸ

1902 4631 2004 4701 τῆς
2029 4629 2140 4683 τῶν
2189 4629 2493 4700 ἀνθρώπων
2549 4631 2768 4696 αἰδοῦς·
2802 4631 2896 4685 τοῦ
2945 4631 3082 4686 Θεοῦ
3135 4633 3194 4687 δὲ
3221 4635 3491 4704 ὁρῶντος,

1903 4713 2026 4784 οὐχί
2067 4711 2412 4785 μοιχεύουσιν
2453 4713 2576 4768 οὐδέ
2621 4715 2949 4788 πορνεύουσι
2988 4716 3170 4785 μόνον,
3215 4717 3354 4772 ἀλλά
3399 4721 3496 4772 καὶ

1902 4798 2069 4870 ἐτερα
2107 4797 2288 4868 πολλῷ
2336 4797 2698 4871 χαλεπώτερα
2742 4800 2932 4853 πολλοὶ
2975 4801 3347 4873 τετολμήκασι
3397 4805 3496 4859 καὶ

1902 4881 2166 4952 τολμῶσι.
2199 4880 2372 4934 Τοῦτο
2404 4877 2497 4936 οῦν
2529 4884 2688 4953 μόνον
2721 4884 2818 4954 οὐχ
2864 4884 3048 4938 ἰκανὸν
3089 4886 3317 4957 μυρίους
3349 4889 3493 4943 ἀνωο

1905 4965 1997 5020 θεν
2032 4966 2313 5036 σκηπτούς
2356 4969 2748 5035 κατενεγκείν;
2802 4969 2914 5020 Kal
2957 4969 3013 5021 τί
3047 4969 3192 5036 λέγω
3245 4973 3496 5042 μοιχείας

1903 5049 2000 5105 καὶ
2031 5050 2292 5122 πορνείας
2317 5066 2332 5115 ;
2360 5049 2441 5103 Τὰ
2463 5047 2571 5120 γὰρ
2597 5048 2780 5120 πολλῷ
2802 5051 3012 5106 τούτων
3048 5052 3257 5107 ἐλάττω
3277 5055 3370 5108 ἐπὶ
3393 5055 3495 5126 μὲν

1903 5133 2002 5188 ἀνθ
2012 5132 2211 5202 ρώπων
2244 5132 2568 5203 δεδοίκαμεν
2600 5135 2936 5202 πράττοντες
2958 5153 2972 5168 ο
2998 5135 3134 5189 Θεοῦ
3154 5137 3209 5190 δέ
3231 5139 3491 5211 ὁρῶντος,

1902 5217 2110 5274 οὐκέτι.
2137 5215 2238 5269 Διὰ
2265 5215 2332 5288 δὴ
2368 5216 2527 5270 τοῦτο
2567 5218 2747 5272 πάντα
2778 5219 2977 5292 ἐτέχθη
3022 5221 3089 5274 τὰ
3111 5223 3288 5288 κακά,
3323 5223 3406 5277 ὅτι
3435 5225 3495 5278 ἐν

1902 5302 2017 5364 τοῖς
2049 5301 2221 5364 ὄντως
2263 5311 2288 5340 ο
2313 5303 2516 5365 ’κακοῖς
2543 5303 2606 5355 οὐ
2639 5303 2732 5355 τὸν
2761 5303 2916 5368 Θεὸν,
2950 5303 3088 5359 ἀλλά
3122 5307 3250 5370 τοὺς
3281 5307 3494 5379 ἀνθρώ-

1902 5402 2039 5448 πους
2065 5385 2388 5456 αἰδούμεθα.
2429 5387 2528 5440 Διά
2557 5404 2639 5440 τοι
2670 5386 2832 5441 τοῦτο
2861 5389 2956 5442 καὶ
2987 5391 3056 5443 τά
3087 5389 3256 5455 ὅντως
3281 5393 3488 5461 ἀγαθὰ,

1901 5471 1962 5524 οὐ
1996 5470 2259 5524 δοκοῦντα
2312 5465 2454 5525 εῖναι
2504 5473 2732 5526 τοιαῦτα
2766 5476 2879 5538 τοῖς
2919 5475 3156 5542 πολλοῖς,
3189 5476 3487 5548 φεύγομεν,

1900 5555 1962 5608 οὐ
1984 5555 2082 5626 τὴν
2104 5555 2214 5609 τῶν
2235 5556 2580 5626 πραγμάτων
2603 5556 2952 5624 ἐξετάζοντες
2979 5560 3164 5631 φύσιν,
3192 5562 3328 5616 ἀλλὰ
3354 5562 3490 5631 πρὸς

1898 5637 2002 5710 τὴν
2037 5637 2195 5703 δόξαν
2224 5639 2332 5693 τῶν
2363 5640 2575 5695 πολλῶν
2602 5643 3025 5708 ἀποϐλέποντες.

1971 5720 2038 5774 δ’.
2057 5721 2166 5775 Kal
2189 5723 2406 5778 ἐπὶτῶν
2432 5725 2621 5780 κακῶν
2639 5725 2701 5780 τὸ
2719 5726 2852 5781 αὐτὸ
2877 5726 3036 5782 τοῦτο
3057 5726 3357 5798 πάσχοντες
3379 5726 3487 5780 πά-

1965 5855 1988 5915 _¢
2017 5846 2088 5896 Ila
2109 5847 2234 5915 Reg.
2261 5849 2393 5915 Edjli
2417 5850 2741 5915 vero._ém_:61)
2766 5851 2856 5915 γὰρ
2879 5851 3011 5902 ἐτύπ.
3076 5849 3103 5889 ἀ
3127 5850 3208 5915 Sic
3231 5851 3356 5914 Reg.
3387 5851 3491 5901 Mo-

1899 5911 1994 6019 lo'gl.
2033 5923 2170 5975 vero,
2199 5910 2460 5975 ἀρκοῦντος
2497 5913 2611 5977 πρὸς
2652 5910 2884 5970 ἐπίδειξίν.
2981 5927 3004 5954 ε
3027 5913 3288 5979 Legebalur
3309 5910 3358 5965 ἐν
3389 5914 3489 5971 τοῖς

1961 5986 2049 6022 τω.
