3992 6416
520 335 618 392 ιοι
1229 329 1288 386 S.
1327 328 1613 384 .IOANNIS
1648 323 2142 383 CIIRYSOSTOJH
2181 323 2504 382 ARCHIEP.
2547 324 3101 383 CONSTANTINOP.

521 447 627 510 λιν,
657 446 759 499 οὐκ
787 441 915 498 ὄντα
932 439 1025 498 οῦν
1047 461 1166 498 τινα
1194 443 1376 512 ἀγαθά
1401 443 1494 495 καὶ
1516 442 1657 496 καλά
1682 437 1823 496 εἶναι
1852 441 2114 496 δοκοῦντα

523 531 640 589 τοῖς
683 528 917 591 πολλοῖς,
967 527 1044 590 ὡς
1090 526 1270 594 ἀγαθά
1320 527 1431 578 ἀπὸ
1481 527 1580 594 τῆς
1612 526 1781 594 αὐτῆς
1823 524 2113 595 συνηθείας

3681 332 3774 390 {0‘2

2221 457 2342 502 σαν,
2372 441 2465 494 καὶ
2504 441 2818 509 κατεγέλων
2849 443 2958 495 τῶν
2983 439 3395 495 διαϐαλλόντων.
3437 440 3572 495 Ἀλλ’
3592 443 3783 512 ἀγαθόν

2219 539 2280 575 σε
2309 523 2457 592 λέγει
2485 523 2580 575 καὶ
2609 525 2876 593 χρηστόν;
2910 527 3008 578 Ἂν
3045 525 3144 595 μὲν
3166 523 3406 587 τοιοῦτος
3436 519 3521 597 ᾖς,
3557 527 3779 598 μηδόλως

527 612 817 682 διώκομεν
841 610 981 663 ὥστε
1004 608 1340 680 ἑκατέρωθεν
1366 607 1704 677 φθείρεσθαι.
1724 607 1878 678 Τάχα
1898 606 2112 668 πολλοῖς

527 697 907 764 ἀσαφέστερον
953 690 1090 746 εἶναι
1134 692 1281 745 δοκεῖ
1313 691 1372 744 τὸ
1400 691 1589 762 λεχθέν
1612 709 1624 722 ·
1660 691 1858 745 οὐκοῦν
1897 690 2115 758 ἀνάγκη

529 780 665 833 αὐτὸ
700 777 1028 846 σαφέστερον
1058 777 1252 827 εἰπεῖν.
1290 776 1458 828 Ὅταν
1487 775 1842 845 πορνεύωμεν
1874 775 1978 845 (δεῖ
2006 773 2116 844 γὰρ

530 863 638 915 ἀπὸ
658 861 764 914 τῶν
785 859 1092 930 εἰρημένων
1108 858 1422 929 ἄρξασθαι),
1445 858 1769 929 ἀνθρώπους
1799 857 2116 927 φοϐούμεθα

534 944 752 1014 μᾶλλον,
791 943 823 1014 ἢ
855 943 945 994 τὸν
973 941 1128 996 Θεόν.
1163 942 1314 994 Ἐπεί⁵
1335 938 1429 995 οῦν
1449 940 1621 1004 οὕτως
1654 943 1879 1005 ἐαυτούς
1912 939 2118 1012 ὐπεθή-

532 1044 705 1096 καμεν
731 1025 979 1086 ἐκείνοις,
1015 1027 1108 1076 καὶ
1136 1025 1406 1088 δεσπότας
1436 1025 1594 1096 ἡμῶν
1627 1027 1826 1088 αὐτοὺς
1856 1026 2117 1096 ἐποιήσα-

534 1127 652 1180 μεν,
687 1108 856 1160 πολλά
891 1108 947 1158 δέ
975 1110 1086 1171 τοῖς
1115 1107 1408 1170 δεσπόταις
1439 1109 1652 1172 τούτοις
1683 1110 1777 1162 καί¹
1803 1107 1938 1161 ἄλλα
1965 1107 2118 1160 δοκεῖ

531 1190 668 1245 εἶναι
705 1191 851 1244 κακά
879 1191 979 1244 οὐκ
1005 1193 1133 1244 ὅντα
1168 1192 1337 1258 κακά,
1374 1193 1601 1244 κάκεῖνα
1641 1192 1914 1261 φεύγομεν
1954 1190 2117 1243 πάλιν

531 1276 752 1345 ὁμοίως.
801 1270 926 1328 Οἷον
967 1274 1027 1326 τὸ
1071 1276 1128 1327 ἐν
1167 1275 1328 1345 πενία
1375 1275 1475 1346 ζῇν
1515 1274 1731 1336 πολλοῖς
1779 1275 1930 1326 δοκεῖ
1976 1268 2116 1326 εἶναι

532 1359 753 1429 αἰσχρόν
775 1374 787 1387 ’
818 1359 912 1412 καὶ
947 1360 1222 1428 φεύγομεν
1255 1359 1353 1428 τὴν
1382 1360 1593 1422 πενίαν,
1625 1359 1726 1410 οὐκ
1757 1359 1943 1417 ἐπειδὴ
1969 1359 2118 1410 ἐστιν

532 1443 776 1512 αἰσχρὸν,
808 1442 932 1494 οὐδέ
965 1443 1152 1512 ἐπειδὴ
1175 1442 1332 1494 τοῦτο
1364 1441 1738 1512 πεπείσμεθα,
1777 1441 1894 1494 ἀλλ’
1931 1441 2118 1512 ἐπειδὴ

532 1528 644 1588 τοῖς
673 1524 967 1587 δεσπόταις
1006 1524 1164 1594 ἡμῶν
1200 1518 1514 1577 εἶναιδοκεῖ
1548 1524 1706 1577 τοῦτο
1738 1523 1985 1594 αἰσχρὸν,
2020 1523 2121 1576 κά-

537 1609 748 1671 κείνους
772 1608 1111 1678 δεδοίκαμεν.
1147 1609 1316 1661 Πάλιν
1339 1609 1400 1661 τὸ
1435 1607 1801 1679 ἀτιμάζεσθαι
1833 1609 1927 1660 καὶ
1960 1611 2124 1660 εὐκα-

536 1693 877 1764 ταφρόνητον
913 1688 1049 1744 εἶναι
1085 1695 1180 1745 καὶ
1205 1692 1387 1762 πάσης
1417 1693 1574 1756 ἐκτὸς
1602 1692 1942 1755 δυναστείας,
1975 1691 2123 1745 δοκεῖ

535 1781 650 1840 τοῖς
684 1777 897 1840 πολλοῖς
928 1776 1127 1846 ὁμοίως
1147 1771 1285 1829 εἶναι
1315 1776 1575 1846 αἰσχύνης
1604 1777 1804 1846 πολλῆς
1843 1777 1937 1830 καὶ
1971 1776 2124 1828 εὐτε-

537 1861 708 1922 λείας.
746 1859 918 1913 Τοῦτο
951 1859 1113 1912 πάλιν
1142 1859 1437 1930 φεύγομεν,
1462 1859 1584 1912 οὐδέ
1615 1859 1778 1912 αὐτοῦ
1819 1857 2124 1927 καταγινώο

543 1960 784 2009 σκοντες,
824 1941 960 1995 ἀλλά
993 1943 1084 1996 διὰ
1125 1943 1222 2012 τὴν
1266 1942 1378 1996 τῶν
1422 1941 1699 1995 δεσποτῶν
1723 1941 1880 2012 ἡμῶν
1918 1941 2120 2010 ψῆφον.

542 2027 714 2081 Πάλιν
738 2028 834 2081 καὶ
856 2027 918 2078 ἐκ
944 2025 1038 2078 τοῦ
1063 2025 1308 2078 ἐναντίου
1332 2024 1431 2096 τὴν
1459 2025 1627 2095 αὐτὴν
1662 2024 2006 2094 ὑπομένομεν
2034 2023 2126 2076 λύο

544 2129 652 2182 μην
673 2126 686 2140 ·
709 2111 769 2163 τὸ
797 2111 906 2180 γὰρ
930 2109 1176 2163 πλουτεῖν
1203 2109 1410 2177 ἀγαθὸν
1439 2103 1760 2173 εἶναιδοκεῖ,
1787 2109 1878 2160 καὶ
1906 2109 1934 2159 ό
1958 2105 2126 2176 τῦφος

543 2195 638 2248 καὶ
670 2195 726 2246 αἱ
761 2192 908 2256 δόξαι
957 2193 1054 2246 καὶ
1107 2193 1168 2245 τὸ
1203 2191 1566 2262 περίϐλεπτον
1600 2185 1774 2243 εἶναι’
1825 2189 1921 2242 καὶ
1969 2188 2128 2242 τοῦτο

543 2279 706 2332 πάλιν
731 2279 1035 2347 διώκομεν,
1077 2276 1197 2330 οὐδέ
1245 2274 1480 2329 ἐνταῦθα
1519 2275 1616 2346 τὴν
1640 2275 1749 2326 τῶν
1782 2273 2127 2344 πραγμάτων

543 2361 974 2430 ἐπισκεψάμενοι
1014 2359 1176 2428 φύσιν
1219 2359 1300 2411 ὃτι
1334 2357 1510 2428 καλὴ,
1545 2357 1660 2410 ἀλλ’
1685 2358 1794 2411 ἀπὸ
1828 2358 1926 2428 τῆς
1971 2357 2130 2427 δόξης

542 2445 654 2498 τῶν
707 2444 982 2497 δεσποτῶν
1027 2441 1178 2514 [102]
1215 2441 1376 2512 ήμῶν
1421 2441 1802 2508 πεπεισμένοι.
1849 2441 2130 2512 Δεσπότης

543 2529 654 2599 γάρ
684 2527 839 2597 ἡμῶν
871 2528 900 2579 ό
927 2525 1097 2596 δῆμός
1123 2526 1268 2578 ἐστι’
1306 2525 1402 2578 καὶ
1423 2525 1636 2588 ὁπολῦς
1674 2524 1830 2594 δχλος
1862 2523 2131 2594 δεσπότης

543 2614 694 2683 ῶμὸς
716 2612 811 2664 καὶ
834 2609 1097 2682 τύραννος
1119 2608 1374 2680 χαλεπός.
1407 2609 1540 2661 Οὐδὲ
1567 2609 1672 2679 γὰρ
1697 2610 1965 2678 ἐπιταγῆς
1982 2606 2131 2676 αὐτῷ

543 2699 625 2750 δεῖ
653 2695 788 2768 πρὸς
815 2696 874 2748 τὸ
895 2694 1232 2764 ἀκουσθῆναι
1263 2694 1393 2763 παρ’
1423 2692 1600 2762 ἡμῶν,
1629 2692 1744 2746 ἀλλ’
1776 2694 1939 2762 ἀρκεῖ
1971 2690 2132 2760 μόνον

547 2783 694 2852 ἡμᾶς
723 2780 924 2832 εἰδέναι
978 2779 1030 2830 τί
1081 2776 1325 2848 βούλεται
1349 2816 1363 2841 ,
1422 2777 1515 2828 καὶ
1552 2776 1719 2846 χωρὶς
1755 2775 2134 2844 ἐπιτάγματος

548 2865 773 2933 είκομεν
792 2877 807 2892 ⁸
847 2860 1086 2931 τοσαύτῃ
1117 2859 1297 2930 εὐνοίᾳ
1324 2861 1450 2928 περὶ
1481 2859 1642 2910 αὐτὸν
1667 2856 2003 2928 κεχρήμεθα.
2025 2858 2134 2910 Καὶ

548 2949 578 2999 ό
613 2947 713 3014 μὲν
745 2945 877 3006 Θεὸς
907 2943 1025 2996 καθ’
1056 2942 1292 3012 ἑκάστην
1323 2941 1567 2994 ἀπειλῶν
1598 2941 1693 2993 καὶ
1725 2940 1995 2993 νουθετῶν
2031 2939 2134 3012 τὴν

550 3030 786 3101 ⁴ἡμέραν,
819 3030 920 3081 οὐκ
948 3026 1202 3081 ἀκούεται
1227 3045 1238 3056 ·
1271 3028 1298 3078 ό
1320 3025 1376 3078 δέ
1399 3026 1564 3088 πολὺς
1593 3024 1748 3094 ὸχλος
1781 3026 1873 3077 καὶ
1899 3025 2135 3088 ἄτακτος

552 3115 646 3166 καὶ
677 3109 1025 3183 συρφετώδης
1052 3109 1172 3162 οὐδὲ
1207 3107 1474 3177 ἐπιταγῆς
1509 3108 1701 3177 χρείαν
1729 3108 1864 3177 ἔχει,
1890 3106 2007 3160 ἀλλ’
2037 3108 2136 3177 ἀρ-

551 3200 640 3251 κεῖ
661 3197 820 3267 μόνον
841 3195 1011 3260 δεῖξαι
1045 3193 1186 3245 τίσιν
1206 3191 1522 3262 ἀρέσκεται,
1554 3193 1648 3242 καὶ
1665 3192 1841 3243 πάντα
1858 3190 2135 3244 ὑπακούο-

556 3298 656 3352 μεν
685 3278 904 3340 εὐθέως.
933 3279 1042 3330 Καὶ
1059 3275 1177 3339 πῶς
1205 3276 1271 3328 ἄν
1295 3292 1378 3336 τις
1397 3274 1642 3337 τούτους,
1665 3276 1854 3344 φησὶν,
1875 3273 2134 3345 ἀποφύγῃ

551 3365 680 3426 τοὺς
708 3361 1010 3425 δεσπότας;
1048 3361 1112 3412 Εἰ
1145 3359 1330 3429 μεῖζον
1359 3358 1538 3410 αὐτῶν
1581 3357 1837 3428 φρόνημα
1872 3356 2050 3421 λάϐοι,
2087 3357 2137 3409 εἰ

551 3451 651 3520 τὴν
675 3447 784 3500 τῶν
816 3445 1155 3517 πραγμάτων
1179 3442 1537 3510 ἐπισκέψαιτο
1563 3441 1746 3509 φύσιν,
1770 3442 1819 3492 εἰ
1841 3441 2138 3512 καταγνοίη

553 3534 652 3602 τῆς
683 3531 792 3584 τῶν
829 3527 1040 3583 πολλῶν
1069 3528 1275 3597 ψήφου,
1307 3528 1354 3578 εί
1387 3525 1494 3594 πρὸ
1525 3526 1634 3576 τῶν
1666 3525 1842 3580 ἄλλων
1881 3525 2138 3578 ἁπάντων

556 3619 612 3668 ἐν
644 3617 753 3678 τοῖς
786 3613 954 3674 ὅντως
977 3613 1226 3680 αἰσχροῖς
1261 3607 1542 3661 παιδεύσει
1577 3608 1773 3660 ἐαυτὸν
1819 3607 1894 3678 μὴ
1931 3607 2142 3678 ἀνθρώ-

556 3715 713 3760 πους,
749 3695 888 3749 ἀλλὰ
916 3693 1004 3746 τὸν
1038 3692 1338 3762 ἀκοίμητον
1384 3690 1662 3760 ὀφθαλμὸν
1699 3691 2014 3754 δεδοικέναι,
2047 3690 2142 3743 καὶ

561 3782 748 3839 ἐντοῖς
797 3776 1023 3844 ἀγαθοῖς
1071 3776 1233 3827 πάλιν
1273 3775 1398 3837 τοὺς
1427 3773 1558 3844 παρ’
1586 3773 1799 3825 ἐκείνου
1843 3773 2141 3840 στεφάνους

557 3863 762 3932 ζητεῖν.
798 3858 958 3911 Οὕτω
990 3857 1099 3930 γὰρ
1130 3857 1250 3910 οὐδέ
1282 3858 1340 3908 ἐν
1369 3860 1483 3919 τοῖς
1517 3855 1700 3918 ἄλλοις
1743 3855 1925 3908 αὐτῶν
1959 3854 2142 3919 ἀνεξό-

561 3945 724 4016 μεθα.
771 3943 829 3996 Ὀ
851 3942 982 4014 γάρ,
1023 3942 1185 4012 ἡνίκα
1212 3939 1278 3992 ἂν
1304 3939 1577 4010 κατορθοῖ,
1614 3939 1690 4010 μὴ
1732 3939 1917 4004 ἀξίους
1949 3940 2141 4009 κρίνας

559 4028 799 4092 ἐκείνους
827 4027 1024 4080 εἰδέναι
1051 4024 1215 4077 αὐτοῦ
1247 4025 1314 4076 τά
1337 4023 1761 4093 κατορθώματα,
1790 4022 1906 4075 ἀλλ’
1941 4023 2142 4093 ἀρκού-

561 4130 720 4186 μενος
742 4115 810 4183 τῇ
833 4107 926 4164 τοῦ
949 4108 1084 4162 Θεοῦ
1111 4109 1298 4177 ψήφῳ,
1318 4108 1440 4159 οὐδέ
1465 4109 1521 4158 ἐν
1549 4109 1659 4168 τοῖς
1689 4107 1952 4168 ἐναντίοις
1984 4106 2142 4173 λόγον

557 4196 740 4251 αὐτῶν
771 4194 881 4259 ἐξει
901 4193 1045 4246 τινά.
1078 4192 1187 4244 Καὶ
1215 4191 1332 4253 πῶς
1366 4188 1497 4244 αὐτὸ
1531 4188 1690 4243 τοῦτο
1730 4187 1905 4250 ἔσται,
1936 4189 2098 4258 φησίν
2125 4204 2140 4254 ;

629 4343 914 4414 Ἐννόησον
932 4341 982 4394 τί
1003 4340 1101 4413 μὲν
1118 4339 1422 4411 ἄνθρωπος,
1438 4337 1490 4391 τί
1506 4337 1560 4390 δέ
1573 4337 1724 4403 Θεὸς,
1740 4337 1834 4391 καλ⁵
1851 4337 1970 4390 τίνα
1984 4338 2141 4404 ἀφεὶς

558 4428 666 4480 τίνι
699 4425 1090 4497 προσφεύγεις,
1127 4423 1222 4475 καὶ
1240 4422 1450 4492 ταχέως
1477 4420 1747 4492 διορθώση
1777 4421 1838 4473 τὸ
1867 4422 1999 4474 πᾶν.
2025 4421 2146 4474 Ἀν-

561 4514 779 4582 θρωπος
817 4509 923 4562 ὐπὸ
946 4509 1044 4577 τὴν
1078 4506 1248 4577 αὐτὴν
1270 4503 1546 4575 ἁμαρτίαν
1591 4504 1674 4555 σοὶ
1717 4507 1894 4557 κεῖται
1923 4505 2016 4556 καὶ
2047 4504 2145 4576 τὴν

562 4593 744 4666 κρίσιν
771 4592 866 4645 καὶ
880 4592 981 4660 τὴν
1001 4589 1224 4641 κόλασιν
1243 4604 1256 4616 ·
1286 4587 1382 4640 άνθ
1390 4602 1573 4656 ρωπος
1595 4587 1918 4656 ματαιότητι
1939 4586 2148 4656 ὡμοιώ-

563 4679 656 4747 θη,
683 4676 776 4730 καὶ
807 4675 987 4746 κρίσιν
1017 4671 1186 4744 ὀρθὴν
1208 4672 1307 4723 οὐκ
1337 4670 1472 4740 ἔχει,
1494 4671 1588 4724 καὶ
1607 4670 1777 4722 δεῖται
1806 4669 1906 4739 τῆς
1938 4668 2144 4724 άνωθεν

560 4758 899 4830 διορθώσεως
917 4773 930 4787 ·
949 4756 1046 4811 ἄνθ
1053 4771 1258 4828 ρωπος,
1285 4757 1354 4825 γῆ
1377 4756 1472 4807 καὶ
1496 4753 1712 4818 σποδὸς,
1733 4753 1836 4806 κᾶν
1856 4753 2142 4825 ἐπαινέσῃ,

563 4843 826 4904 πολλάκις
855 4839 1040 4903 άπλῶς
1070 4838 1449 4901 ἐπαινέσεται,
1487 4836 1521 4908 ἢ
1554 4836 1691 4907 πρὸς
1731 4837 1912 4908 χάριν,
1941 4835 1973 4906 ἢ
2009 4837 2146 4907 πρὸς

563 4924 889 4996 ἀπέχθειανο
926 4922 1028 4977 κᾶν
1053 4919 1284 4991 διαϐάλῃ
1311 4922 1405 4974 καὶ
1434 4920 1814 4990 κατηγορήσῃ,
1845 4918 2011 4972 πάλιν
2037 4918 2146 4973 ἀπὸ

561 5011 661 5080 τῆς
690 5009 860 5080 αὐτῆς
886 5008 1046 5061 τοῦτο
1065 5003 1628 5078 ἐργάσεταιγνώμης.
1673 5003 1817 5056 Ἀλλ’
1844 5005 1944 5073 οὐχ
1966 5005 1994 5056 ό
2013 5003 2146 5068 Θεὸς

561 5095 757 5158 οὕτως,
799 5092 912 5146 ἀλλ’
950 5092 1189 5162 ἄληπτος
1225 5090 1258 5160 ή
1288 5090 1468 5160 ψῆφος
1503 5088 1691 5153 αὐτοῦ,
1734 5090 1829 5141 καὶ
1870 5088 2084 5159 καθαρά
2111 5089 2146 5159 ή

563 5176 742 5247 κρίσις
769 5175 954 5230 αὐτοῦ.
987 5176 1098 5228 Καὶ
1127 5173 1234 5245 χρὴ
1263 5173 1351 5226 διά
1371 5173 1545 5226 ταῦτα
1572 5173 1660 5226 ἀεὶ
1687 5171 1825 5244 πρὸς
1854 5171 2018 5225 αὐτὸν
2048 5188 2148 5223 κα-

562 5259 855 5331 ταφεύγειν
873 5276 886 5289 ·
909 5259 971 5312 οὐ
1004 5259 1092 5311 διὰ
1116 5256 1288 5311 ταῦτα
1314 5256 1371 5309 δὲ
1403 5256 1586 5328 μόνον,
1612 5254 1726 5309 ἀλλ’
1750 5257 1835 5309 δτι
1863 5257 1959 5308 καὶ
1981 5253 2146 5317 αὐτὸς

562 5343 809 5415 ἐποίησε,
833 5343 924 5395 καὶ
945 5341 1183 5412 φείδεται
1208 5357 1303 5395 σου
1337 5341 1572 5410 μάλιστα
1596 5341 1835 5404 πάντων,
1861 5340 1953 5393 καὶ
1978 5338 2145 5392 αὐτοῦ

564 5426 659 5482 σοῦ
694 5427 898 5499 μᾶλλόν
933 5442 992 5478 σε
1021 5425 1232 5496 ἀγαπᾷ.
1275 5424 1339 5476 Τί
1367 5424 1548 5477 τοίνυν
1587 5424 1816 5492 ἀφέντες
1843 5423 1988 5493 ἐχειν
2012 5423 2147 5477 θαυ-

567 5511 770 5582 μαστὸν
820 5509 1134 5578 ἐπαινέτην,
1190 5506 1326 5579 πρὸς
1365 5507 1651 5578 ἄνθρωπον
1697 5509 2144 5577 καταφεύγομεν,

563 5595 652 5649 τὸν
680 5593 854 5658 οὐδὲν,
881 5592 972 5645 τὸν
999 5591 1142 5660 εἰκῆ,
1171 5589 1262 5642 τὸν
1280 5589 1466 5653 ἁπλῶς
1493 5607 1508 5655 ;
1536 5592 1678 5662 Πονη
1689 5591 1778 5659 ρόν
1808 5608 1867 5644 σε
1887 5589 2036 5659 λέγει
2053 5591 2148 5645 καὶ

568 5677 762 5751 μιαρὸν
791 5677 892 5730 οὐκ
917 5674 1045 5728 ὅντα
1065 5672 1306 5726 τοιοῦτον
1330 5688 1344 5738 ;
1367 5672 1552 5744 Ταύτῃ
1579 5673 1782 5743 μᾶλλον
1804 5673 1968 5726 αὐτὸν
2001 5673 2150 5744 ἐλέη-

567 5775 682 5825 σον,
701 5761 795 5812 καὶ
815 5759 1086 5828 δάκρυσον
1113 5756 1194 5808 ὃτι
1224 5755 1564 5828 διέφθαρται,
1607 5755 1703 5808 καὶ
1727 5756 2144 5828 καταφρόνησον

565 5843 731 5896 αὐτοῦ
763 5843 864 5912 τῆς
887 5844 1045 5915 δόξης
1064 5882 1080 5908 ,
1117 5840 1199 5893 ὅτι
1243 5842 1570 5911 πεπήρωται
1608 5839 1775 5893 αὐτοῦ
1806 5839 1876 5892 τὰ
1902 5843 2001 5912 τῆς
2028 5840 2146 5894 δια-

569 5927 717 5992 νοίας
749 5927 1004 5999 ὄμματα·
1053 5925 1175 5979 ἐπεὶ
1212 5925 1305 5982 καί⁵
1339 5927 1386 5979 οί
1418 5924 1708 5981 ἀπόστολοι
1755 5923 1927 5979 ταῦτα
1977 5925 2144 5994 ἡκου-

2219 609 2502 678 χαυνωθῇς
2524 607 2633 660 ὑπὸ
2664 608 2765 677 τῆς
2792 609 2979 678 δόξηςο
2998 608 3063 661 ἂν
3090 609 3147 662 δέ
3175 609 3248 680 μὴ
3274 604 3338 682 ᾖς
3359 608 3615 676 τοιοῦτος¹
3637 610 3781 664 πλέον

2218 691 2655 763 καταφρόνησον,
2693 693 2788 745 καὶ
2835 693 3128 764 χλευασίαν
3169 692 3230 745 τὸ
3261 695 3491 763 πρᾶγμα
3524 691 3656 746 εἷναι
3703 697 3779 748 νό-

2222 775 2366 844 μιζε.
2397 775 2586 827 Βούλει
2631 775 2822 844 μαθεῖν
2873 776 2983 829 τῶν
3013 777 3224 830 πολλῶν
3257 776 3354 838 τὰς
3410 777 3646 847 κρίσεις,
3680 779 3784 842 πῶς

2218 858 2324 910 εἰσ¹ι
2355 857 2751 929 διεφθαρμέναι
2782 859 2878 913 καὶ
2907 859 3172 929 ἄχρηστοι
3218 860 3312 913 καὶ
3357 859 3589 927 γέλωτος
3629 859 3782 925 άξιαι,

2218 943 2313 996 καὶ
2339 944 2392 995 αἰ
2425 944 2522 1013 μέν
2549 943 2872 1012 μεμηνότων
2903 944 2998 996 καὶ
3027 943 3416 1011 ἐξεστηκότων,
3446 945 3500 995 αἱ
3527 943 3582 996 δὲ
3603 945 3785 997 παίδων

2219 1026 2585 1088 ύποτιτθίων;
2625 1027 2891 1078 Ἀκουσον
2921 1026 3148 1080 ἀνωθεν.
3199 1024 3339 1096 Ἐρῶ
3385 1024 3441 1077 δέ
3481 1042 3560 1078 σοι
3599 1027 3786 1097 κρίσεις

2219 1109 2344 1179 οὐχὶ
2378 1109 2477 1170 τάς
2507 1107 2599 1160 τοῦ
2630 1109 2804 1178 δήμου
2841 1108 3019 1179 μόνον,
3049 1107 3185 1161 ἀλλὰ
3212 1111 3306 1161 καὶ
3335 1107 3435 1170 τὰς
3461 1107 3566 1160 τῶν
3586 1108 3786 1162 δοκούνο

2218 1206 2329 1243 των
2350 1187 2488 1244 εἶναι
2512 1193 2859 1258 σοφωτάτων,
2895 1191 3001 1243 τῶν
3029 1191 3087 1256 ἐξ
3131 1191 3307 1261 ἀρχῆς
3348 1190 3668 1260 νομοθετῶν.
3703 1191 3788 1254 Τίς

2215 1276 2334 1350 γὰρ
2356 1275 2420 1329 ἂν
2450 1277 2618 1342 δόξειε
2643 1276 2796 1345 παρά
2824 1278 2934 1338 τοῖς
2961 1274 3176 1337 πολλοῖς
3203 1272 3510 1343 σοφώτερος
3544 1270 3678 1326 εἰναι
3706 1274 3786 1326 τοῦ

2220 1359 2572 1431 νομισθέντος
2628 1359 2781 1424 ἀξίου
2848 1359 3036 1411 πόλεσι
3087 1359 3182 1411 καὶ
3227 1357 3422 1427 δήμοις
3469 1357 3785 1426 νομοθετεῖνς

2234 1443 2374 1498 Ἀλλ’
2398 1445 2548 1513 ὅμως
2582 1445 2694 1506 τοῖς
2741 1445 2927 1512 σοφοῖς
2969 1440 3181 1503 τούτοις
3233 1441 3294 1492 τὸ
3337 1441 3621 1510 πορνεύειν
3653 1440 3788 1492 οὐδὲν

2221 1523 2364 1581 εἶναι
2389 1527 2538 1579 δοκεῖ
2556 1526 2792 1595 πονηρὸν
2822 1525 2944 1579 οὐδέ
2965 1525 3245 1587 κολάσεως
3280 1523 3449 1588 ἄξιον.
3475 1523 3660 1586 Οὐδεὶς
3674 1524 3789 1591 γοῦν

2221 1612 2332 1666 τῶν
2359 1611 2539 1682 νόμων
2565 1610 2715 1683 [105]
2738 1609 2848 1662 τῶν
2875 1609 3076 1674 ἔξωθεν
3107 1607 3242 1663 αὐτὸ
3271 1608 3554 1672 ἐκόλασεν,
3584 1606 3699 1660 οὐδέ
3721 1611 3790 1670 εἰς

2222 1694 2573 1764 δικαστήριον
2603 1693 2855 1746 εἵλκυσεν
2885 1691 3139 1745 ἐντεῦθεν
3160 1710 3173 1723 ·
3197 1691 3335 1745 ἀλλά
3363 1691 3468 1744 κᾶν
3499 1689 3692 1763 ἐλκύσῃ
3720 1708 3790 1754 τις

2225 1777 2366 1848 ὑπὲρ
2399 1775 2627 1838 τούτων,
2657 1774 3036 1843 καταγελῶσιν
3065 1775 3114 1827 οί
3147 1773 3353 1837 πολλοὶ,
3379 1773 3475 1826 καὶ
3505 1773 3602 1826 οὐκ
3627 1771 3792 1838 ἀνέξε-

2223 1878 2314 1914 ται
2349 1869 2367 1891 ⁸
2408 1860 2438 1912 ό
2462 1858 2720 1921 δικάζων.
2755 1859 2828 1912 Τὸ
2861 1857 3115 1912 κυϐεύειν
3143 1857 3304 1910 πάλιν
3339 1857 3439 1927 τῆς
3470 1855 3597 1926 παρ’
3627 1854 3791 1908 αὐτῶν

2223 1944 2496 2015 τιμωρίας
2534 1941 2682 1996 ἐστὶν
2719 1940 3028 2012 ἐλεύθερον,
3080 1940 3176 1993 καὶ
3207 1939 3386 2002 οὐδεὶς
3421 1937 3562 2009 ὑπὲρ
3606 1937 3792 1990 τούτων

2225 2027 2382 2097 δίκην
2409 2026 2576 2080 ἔδωκέ
2613 2043 2744 2078 ποτε
2779 2025 2909 2097 παρ’
2941 2025 3190 2086 ἐκείνοις.
3235 2023 3310 2076 Τὸ
3332 2021 3552 2093 μεθύειν
3593 2021 3680 2074 καὶ
3706 2036 3793 2088 γαο

2229 2111 2547 2183 στρίζεσθαι
2583 2111 2644 2163 οὐ
2695 2110 2856 2180 μόνον
2879 2110 2978 2162 οὐκ
3003 2108 3150 2160 ἐστιν
3178 2107 3434 2178 ἔγκλημα
3458 2107 3507 2171 1),
3540 2103 3671 2158 ἀλλά
3712 2104 3793 2155 καὶ

2232 2194 2568 2266 κατόρθωμα
2604 2194 2757 2264 παρά
2805 2191 3021 2255 πολλοῖς
3069 2186 3212 2243 εἷναι
3256 2190 3607 2259 νενόμισται·
3636 2186 3721 2239 καὶ
3746 2185 3794 2236 ἐν

2229 2280 2343 2340 τοῖς
2379 2279 2792 2348 στρατιωτικοῖς
2828 2276 3064 2338 δείπνοις
3097 2273 3266 2344 πολλὴ
3294 2275 3327 2344 ἡ
3361 2272 3458 2325 τοῦ
3497 2271 3794 2342 πράγματος

2232 2360 2454 2431 ἅμιλλα,
2480 2360 2575 2414 καὶ
2623 2359 2674 2411 οί
2714 2358 2950 2429 μάλιστα
2999 2356 3390 2427 σωφρονούσης
3437 2354 3670 2416 διανοίας
3713 2353 3797 2404 καὶ

2233 2444 2484 2514 σώματος
2516 2443 2832 2515 ἐρρωμένου
2867 2443 3132 2512 δεόμενοι,
3166 2436 3314 2496 οὗτοι
3363 2439 3594 2510 μάλιστα
3632 2439 3692 2508 τῇ
3716 2452 3797 2487 τυ-

2237 2527 2440 2599 ραννίδι
2463 2526 2858 2598 παραδέδονται
2888 2525 2989 2595 τῆς
3022 2525 3218 2595 μέθης,
3245 2525 3342 2577 καὶ
3367 2524 3427 2576 τὸ
3456 2523 3612 2592 σῶμα
3641 2535 3796 2588 παρα-

2233 2611 2473 2674 λύοντες,
2507 2611 2599 2663 καὶ
2619 2609 2717 2680 τὴν
2747 2609 2926 2679 ψυχὴν
2952 2607 3292 2671 σκοτοῦντες,
3327 2608 3424 2661 καὶ
3456 2606 3562 2659 τῶν
3597 2600 3796 2673 νομοθεο

2231 2697 2341 2751 τῶν
2370 2695 2544 2758 οὐδεὶς
2565 2693 2723 2747 τοῦτο
2746 2693 2972 2746 ἐκόλασε
2999 2692 3060 2744 τὸ
3089 2692 3312 2763 ἀμάρτη
3322 2709 3418 2761 μα.

2309 2789 2372 2834 ε’.
2387 2780 2452 2832 Τί
2474 2778 2675 2846 ταύτης
2694 2777 2793 2847 τῆς
2823 2776 3018 2847 μανίας
3048 2777 3226 2847 χεῖρον
3250 2793 3264 2842 ;
3303 2775 3417 2844 Τῆς
3440 2768 3531 2827 οῦν
3551 2769 3798 2841 εὐφημίας

2233 2865 2341 2919 τῶν
2378 2862 2520 2916 οῦτω
2549 2857 2907 2931 διακειμένων
2933 2857 3236 2930 ἀνθρώπων
3271 2858 3565 2929 ἐπιθυμεῖς
3585 2897 3598 2918 ,
3629 2854 3718 2908 καὶ
3745 2852 3795 2905 οὐ

2236 2947 2589 3019 κατορύττεις
2627 2945 2822 2998 σαυτόν
2847 2961 2862 3009 ;
2888 2944 2951 2996 Εἰ
2981 2943 3088 3014 γὰρ
3121 2941 3216 2995 καί⁵
3258 2942 3463 3005 πάντες
3494 2957 3554 2994 σε
3581 2937 3800 3019 ἐθαύμα-

2236 3032 2330 3097 ζον
2353 3017 2402 3084 οἰ
2428 3030 2682 3091 τοιοῦτοι,
2722 3029 2824 3081 οὐκ
2859 3027 3024 3098 ἐχρῆν
3059 3025 3416 3096 αἰσχύνεσθαι
3453 3024 3546 3078 καὶ
3587 3017 3797 3090 ἐγκαλύ-

2237 3115 2490 3179 πτεσθαι,
2513 3131 2588 3166 πα
2599 3112 2645 3184 ρ’
2666 3111 2970 3183 ἀνθρώπων
2992 3111 3133 3164 οὕτω
3149 3109 3560 3181 διεφθαρμένων
3580 3107 3672 3168 τὰς
3693 3101 3795 3173 κρί-

2238 3217 2353 3263 σεις
2393 3197 2752 3269 κροτούμενον
2777 3213 2792 3261 ;
2819 3195 2987 3248 Πάλιν
3018 3194 3336 3265 βλασφημία
3371 3196 3480 3256 τοῖς
3503 3188 3794 3261 νομοθέταις

2237 3284 2388 3337 οὐδὲν
2421 3277 2561 3334 εἶναι
2579 3281 2726 3333 δοκεῖ
2741 3277 2970 3349 φοϐερόν
2991 3289 3010 3316 ο
3023 3295 3036 3308 ⁸
3057 3279 3232 3341 οὐδεὶς
3253 3276 3388 3346 γοῦν
3402 3277 3494 3330 τὸν
3511 3275 3639 3328 Θεὸν
3657 3271 3797 3342 βλασ-

2240 3371 2522 3437 φημήσας,
2565 3365 2644 3426 εἰς
2671 3363 2732 3415 τὸ
2766 3363 3114 3432 δικαστήριον
3153 3360 3416 3430 εἱλκύσθη
3437 3359 3530 3412 καὶ
3555 3357 3701 3426 δίκην
3730 3353 3802 3406 δέν

2238 3450 2430 3503 δωκεν.
2477 3447 2616 3500 Ἀλλ’
2647 3446 2744 3499 ἐὰν
2774 3447 2872 3516 μὲν
2894 3445 2954 3498 τὸ
2983 3445 3197 3515 ἱμάτιόν
3223 3461 3306 3507 τις
3340 3443 3534 3516 κλέψῃ,
3571 3438 3801 3511 ἢβαλάν-

2238 3549 2352 3586 τιον
2381 3532 2633 3603 διατέμῃ,
2665 3531 2758 3584 καὶ
2794 3529 2897 3592 τάς
2932 3527 3174 3598 πλευρὰς
3217 3526 3558 3597 διορύττεται
3596 3525 3683 3577 καὶ
3719 3521 3801 3574 θα⁴

2242 3618 2388 3686 νάτῳ
2418 3614 2774 3686 παραδίδοται
2799 3612 3060 3674 πολλάκις
3079 3628 3092 3642 ο
3123 3611 3214 3663 τὸν
3228 3610 3286 3663 δὲ
3309 3610 3445 3664 Θεὸν
3467 3603 3800 3686 βλασφημῶν,

2241 3701 2341 3754 οὐκ
2362 3685 2684 3767 ἐγκαλεῖται
2725 3695 2880 3767 παρά
2919 3694 3029 3746 τῶν
3070 3693 3175 3760 ἐξω
3207 3692 3538 3762 νομοθετῶν.
3571 3688 3680 3743 Κᾶν
3704 3685 3804 3739 δού-

2241 3785 2341 3854 λην
2375 3779 2720 3850 προσφθείρη
2746 3795 2828 3841 τις
2857 3780 3090 3846 γυναῖκα
3137 3776 3298 3845 έχων,
3323 3777 3479 3829 οὐδὲν
3511 3771 3643 3828 εἶναι
3677 3768 3804 3824 δοκεῖ

2242 3871 2354 3930 τοῖς
2375 3867 2562 3934 νόμοις
2603 3865 2716 3926 τοῖς
2750 3861 2951 3928 ἔξωθεν
2973 3860 3094 3913 οὐδὲ
3126 3862 3240 3924 τοῖς
3272 3859 3511 3923 πολλοῖς.

2314 3948 2505 4000 Βούλει
2539 3946 2633 4000 καὶ
2671 3946 2834 4015 ἕτερα
2879 3943 3042 3996 πάλιν
3076 3943 3310 3996 ἀκοῦσαι
3331 3941 3612 3995 δεικνύντα
3642 3934 3801 3991 αὐτῶν

2239 4033 2340 4104 τὴν
2369 4033 2586 4095 άνοιαν;
2625 4027 2799 4081 ταῦτα
2829 4029 2927 4098 μὲν
2951 4027 3061 4096 γὰρ
3094 4027 3154 4079 οὐ
3183 4026 3507 4090 κολάζουσιν
3527 4066 3542 4091 ,
3575 4015 3801 4104 ἕτεραδὲ

2242 4100 2337 4170 καὶ
2357 4111 2741 4185 νομοθετοῦσιν
2769 4110 2946 4164 αὐτοί.
2985 4110 3118 4162 Τίνα
3149 4105 3243 4162 οὖν
3271 4110 3410 4162 εἰσιν
3433 4109 3645 4171 ἐκείνας
3677 4100 3801 4153 Θέα-

2241 4217 2347 4272 τρα
2378 4197 2692 4265 συνάγουσι,
2756 4196 2847 4248 καὶ
2897 4192 3113 4264 πορνῶν
3160 4193 3277 4244 ἐκεῖ
3321 4188 3596 4260 γυναικῶν
3627 4185 3802 4272 χοροξλς

2243 4263 2556 4350 εἰσάγοντες
2589 4280 2685 4332 καὶ
2729 4278 2928 4339 παῖδας
2958 4263 3442 4348 πεπορνευμένους
3477 4273 3572 4327 καὶ
3613 4270 3685 4330 εἰς
3718 4263 3802 4333 τὴν

2245 4349 2407 4437 φύσιν
2437 4365 2607 4432 αὐτὴν
2634 4361 3040 4432 ἐνυὸρίξοντας,
3071 4359 3358 4423 καθίζουσι
3403 4357 3494 4410 τὸν
3519 4355 3680 4424 δῆμον
3707 4349 3804 4437 ἄνω

2247 4431 2447 4515 πάντα,
2490 4431 2634 4499 οὕτω
2675 4431 2779 4515 τὴν
2821 4443 2976 4496 πόλιν
3004 4441 3486 4512 ψυχαγωγοῦντες,
3527 4437 3664 4491 οὕτω
3693 4431 3803 4488 τοὺς

2249 4533 2522 4604 μεγάλους
2581 4528 2822 4590 ἐκείνους
2862 4525 3142 4596 βασιλέας,
3194 4524 3288 4588 οὓς
3328 4526 3415 4577 ἀεὶ
3457 4519 3803 4604 θαυμάζουσιγ

2247 4592 2340 4669 ἐπὶ
2369 4612 2647 4686 τροπαίοις
2679 4611 2774 4664 καὶ
2805 4611 3006 4674 νίκαις,
3030 4607 3444 4678 στεφανοῦντες.
3477 4606 3660 4658 Καίτοι
3687 4615 3742 4667 γε
3760 4592 3804 4645 τί

2247 4699 2348 4769 τῆς
2380 4681 2548 4767 τιμῆς
2577 4693 2782 4763 ταύτης
2805 4693 3142 4764 ψυχρότερον
3163 4709 3177 4758 ;
3200 4691 3252 4744 τί
3277 4690 3379 4760 τῆς
3403 4689 3591 4760 ἡδονῆς
3612 4681 3805 4769 ἐκείνης

2248 4782 2607 4853 ἀηδέστερονς
2657 4781 2724 4832 ἐκ
2755 4779 2962 4832 τούτων
3001 4773 3094 4830 οὖν
3146 4775 3442 4838 ἐπαινέτας
3491 4772 3667 4840 ζητεῖς
3709 4761 3805 4853 τῶν

2246 4845 2426 4936 ἐρ’γων
2451 4845 2561 4916 τῶν
2594 4845 2741 4928 σῶν;
2781 4862 2877 4914 καὶ
2913 4860 3055 4932 μετά
3102 4858 3389 4930 ὀρχηστῶν
3423 4857 3518 4909 καὶ
3571 4845 3806 4936 μαλακῶν

2247 4927 2343 5002 id“!
2368 4946 2553 5018 μίμων
2583 4947 2680 5000 καὶ
2695 4927 3211 5015 πορνῶν-γυναικῶν
3232 4927 3509 5011 εὐφημίας
3537 4927 3806 4992 ἀπολαύειν

2249 5032 2424 5094 θέλεις
2445 5070 2460 5096 ,
2493 5031 2615 5083 εἰπέ
2651 5045 2778 5101 μοις
2817 5027 3054 5091 καὶπῶς
3084 5028 3186 5079 οὐκ
3220 5027 3286 5080 ἂν
3328 5026 3411 5094 εἴη
3446 5019 3614 5075 ταῦτα
3650 5025 3808 5101 παρα·

2247 5115 2396 5177 νοίας
2429 5099 2664 5184 ἐσχάτης
2687 5129 2702 5178 ;
2742 5112 2946 5176 Ἡδέως
2969 5111 3080 5182 γὰρ
3105 5109 3170 5163 ἂν
3202 5109 3397 5169 αὐτοὺς
3424 5103 3645 5178 ἐροίμην
3668 5115 3681 5127 ·
3703 5099 3807 5147 Δει-

2247 5199 2338 5252 νὸν
2354 5199 2481 5260 τοὺς
2501 5196 2602 5266 τῆς
2626 5194 2844 5264 φύσεως
2873 5192 3277 5266 ἀνατρέπεσθαι
3308 5192 3525 5260 νόμους,
3541 5184 3632 5239 καὶ
3652 5191 3808 5266 παρα-

2246 5281 2448 5353 νόμους
2479 5261 2799 5348 εἰσάγεσθαι
2836 5261 3047 5348 μίξειςς
3088 5277 3308 5339 πάντως
3350 5271 3586 5344 ἐροῦσιν,
3614 5266 3691 5318 ὅτι
3705 5261 3807 5352 δει-

2249 5367 2338 5419 νόν
2357 5379 2372 5393 °
2399 5362 2621 5417 δοκοῦσι
2666 5361 2799 5431 γοῦν
2825 5361 2921 5415 καὶ
2971 5359 3224 5424 κολάζειν
3273 5357 3334 5410 τὸ
3367 5355 3620 5424 ἀνόμημα
3645 5356 3802 5431 τουτιοο

2249 5450 2315 5503 Τί
2340 5443 2433 5502 οῦν
2460 5448 2586 5510 τοὺς
2612 5425 2980 5518 ἡταιρηκότας
3009 5443 3252 5504 ἐκείνους
3296 5439 3566 5507 είσάγεις;
3602 5430 3698 5518 καὶ.
3719 5425 3805 5478 οὐκ

2248 5536 2490 5603 εἰσάγεις
2516 5514 2699 5604 μόνον,
2731 5514 2870 5585 ἀλλά
2897 5529 2992 5582 καὶ
3021 5528 3187 5598 τιμᾷς
3221 5525 3442 5598 μυρίαις
3470 5521 3562 5604 καί
3601 5514 3805 5584 άφάτοις

2247 5620 2512 5690 δωρεαῖς;
2559 5613 2821 5685 ’Δλλαχοῦ
2859 5613 2983 5676 τούς
3007 5611 3077 5665 τά
3106 5609 3334 5664 τοιαῦτα
3381 5603 3688 5690 τολμῶντας
3723 5608 3804 5690 κρξ

2247 5685 2446 5768 λάξων,
2501 5699 2736 5755 ἐνταῦθα
2775 5698 2834 5752 δέ
2873 5696 2970 5750 καὶ
3016 5695 3092 5758 ὡς
3140 5694 3457 5764 εὐεργέταις
3510 5685 3698 5745 κοινοῖς
3720 5685 3806 5744 τῆς

2311 5873 2338 5903 ⁸
2368 5872 2516 5932 Reg.,
2537 5871 2618 5918 καὶ
2651 5871 2781 5932 ὅμως
2804 5869 3057 5932 ᾇνέχεταιη
3103 5867 3135 5906 δ
3161 5868 3310 5932 Reg,
3356 5868 3410 5932 οὐ
3453 5865 3590 5932 μόνον
3620 5857 3670 5908 οὐ
3691 5847 3806 5904 δοκεῖ

2253 5933 2320 5995 εγ.
2369 5909 2516 5984 ’ΐῖιῖ
2540 5909 2834 5996 ἰὶέεἷῗξὶιῖιῖ
2845 5909 3147 5992 ἶὲἔόῖῖῡδὲν
3165 5909 3530 5998 ἓῑῐὲιῗφόἐεᾷὀν.
