3992 6450
275 422 356 481 IM
1408 423 1472 476 IN
1514 418 1728 477 EPIST.
1773 415 1791 471 Ι
1855 416 1941 470 AD
1981 412 2136 469 GOR.
2181 413 2410 469 llOlllL.
2455 413 2568 470 ΧΗ.

274 556 377 597 nus
399 556 534 597 esse
565 544 800 598 videtur
833 543 887 598 id
930 541 1067 612 quod
1111 542 1311 597 dictum
1352 549 1435 592 est
1465 557 1479 589 ,-
1511 550 1730 591 necesse
1769 546 1901 602 ergo

278 642 353 688 est
398 632 456 687 id
507 634 733 688 clarius
776 635 1088 704 explanare.
1134 632 1268 688 Cum
1313 631 1640 686 fornicamur
1667 627 1905 696 (oportet

283 725 420 781 enim
448 740 482 779 a
509 726 636 794 jam
666 728 838 782 dictis
866 726 1143 796 incipere),
1170 724 1414 778 homines
1437 725 1606 792 magis
1628 721 1900 786 timemus,

292 836 441 889 quam
492 821 707 876 Deum.
742 822 882 889 Quia
913 821 1071 890 igitur
1103 834 1200 874 nos
1229 819 1307 873 sic
1342 818 1422 873 eis
1450 814 1795 885 subjecimus,
1835 811 1903 866 il-

301 913 480 978 losque
508 912 777 967 dominas
809 922 1023 967 nostros
1050 910 1456 972 constituimus;
1477 907 1640 962 multa
1666 919 1795 959 vero
1822 903 1904 958 his

306 1007 527 1061 dominis
553 1019 687 1060 esse
718 1006 864 1059 mala
898 1004 1162 1070 videntur,
1205 1017 1325 1072 qua:
1356 1005 1494 1054 mala
1538 1004 1816 1060 nonsunt,
1849 1004 1903 1049 et

313 1100 392 1153 ills
410 1098 668 1152 similiter
700 1098 955 1166 fugimus.
996 1096 1236 1164 Exempli
1277 1107 1458 1158 causa,
1503 1091 1554 1145 in
1588 1094 1902 1161 paupertate

313 1192 483 1244 vivere
515 1189 707 1244 multis
733 1197 889 1257 turpe
916 1202 1033 1242 esse
1062 1186 1274 1240 videtur
1306 1202 1318 1238 :
1343 1195 1398 1238 et
1422 1189 1786 1252 paupertatem
1817 1177 1899 1232 fu-

310 1284 499 1353 gimus,
531 1297 643 1335 non
677 1281 820 1349 quod
867 1280 1033 1349 turpis
1061 1279 1131 1333 sit
1175 1292 1274 1331 nec
1303 1274 1445 1347 quod
1478 1284 1687 1343 turpem
1713 1270 1901 1326 creda-

311 1392 443 1439 mus,
474 1375 573 1430 sed
603 1376 728 1445 quia
760 1374 990 1429 dominis
1019 1370 1216 1427 nostris
1242 1384 1364 1425 esse
1396 1368 1563 1436 turpis
1585 1366 1818 1430 videtur,
1845 1372 1900 1418 et

309 1468 428 1520 illus
460 1468 734 1520 timemus.
782 1465 985 1519 Rursus
1029 1461 1337 1518 iubonorari
1386 1468 1441 1515 et
1468 1458 1739 1515 contemni
1783 1455 1902 1509 lllll-

308 1563 524 1632 Iamque
567 1562 767 1616 habere
794 1569 1134 1631 potestatem,
1175 1572 1204 1611 a
1233 1555 1414 1610 multis
1444 1564 1597 1623 turpe
1629 1561 1683 1607 et
1707 1549 1900 1604 vilissi-

307 1670 458 1709 mum
504 1655 863 1709 existimatur.
910 1652 1024 1707 lloc
1064 1664 1273 1708 rursum
1322 1647 1582 1717 fugimus,
1633 1656 1738 1697 non
1784 1655 1900 1696 rem

304 1748 655 1809 damnantes,
693 1746 784 1801 sed
818 1753 1033 1815 propter
1071 1742 1410 1797 dominorum
1448 1749 1749 1793 nostrorum
1777 1749 1900 1790 sen-

305 1843 555 1895 tentiam.
589 1839 819 1893 Rursum
847 1853 876 1892 e
903 1836 1171 1891 contrario
1197 1831 1440 1888 eamdem
1462 1830 1693 1901 patimur
1714 1824 1896 1897 perni-

302 1935 442 1987 ciem
477 1950 493 1985 :
523 1948 648 1986 nam
676 1931 892 1984 divitem
925 1943 1064 1992 esse,
1098 1927 1298 1982 bonum
1326 1939 1447 1980 esse
1474 1921 1705 1988 videtur,
1736 1921 1893 1975 item-

298 2040 408 2095 que
439 2024 614 2077 fastus
642 2033 695 2075 et
718 2020 883 2090 gloria
908 2029 961 2073 et
989 2017 1200 2072 claritas
1225 2034 1239 2071 :
1267 2024 1322 2071 et
1344 2014 1445 2069 hoc
1473 2028 1684 2068 rursum
1714 2024 1896 2081 perse-

297 2116 544 2183 quimur,
574 2128 682 2167 non
713 2127 887 2167 rerum
921 2120 1162 2164 naturam
1195 2118 1253 2163 ut
1298 2109 1493 2162 bonam
1520 2103 1890 2175 respicientes,

300 2208 395 2263 sed
422 2223 496 2261 ex
518 2205 773 2275 Opinione
795 2204 1132 2258 dominorum
1161 2209 1467 2256 nostrorum
1499 2195 1757 2267 persuasi.
1791 2194 1894 2248 Do-

300 2301 482 2354 minus
505 2298 708 2369 quippe
735 2307 915 2351 noster
944 2305 1025 2350 est
1064 2294 1325 2363 populus;
1354 2302 1407 2348 et
1437 2290 1577 2361 vulgi
1609 2288 1760 2344 turba
1791 2285 1890 2342 do-

297 2395 479 2446 tniuus
507 2401 617 2453 εει,
643 2404 816 2442 s:evus
842 2386 1195 2456 immanisque
1223 2394 1502 2455 tyrannus.
1536 2380 1718 2451 Neque
1746 2379 1891 2433 enim

293 2498 437 2552 opus
456 2490 544 2536 est
576 2488 634 2532 ut
659 2480 903 2549 imperet,
934 2486 988 2530 ut
1012 2477 1060 2531 ei
1090 2476 1478 2545 obsequamur;
1510 2470 1603 2526 sed
1631 2470 1760 2526 satis
1785 2478 1887 2534 est,

292 2576 344 2629 si
370 2589 475 2627 nos
514 2570 648 2643 quid
688 2570 763 2624 illi
794 2571 997 2639 placeat
1024 2568 1275 2632 sciamus,
1310 2572 1367 2621 et
1394 2564 1510 2619 sine
1547 2563 1698 2632 jussu
1732 2576 1890 2632 pare-

295 2679 415 2717 mus
441 2681 458 2715 :
493 2671 643 2716 tanta
671 2659 870 2713 utimur
894 2672 1019 2728 erga
1056 2658 1205 2712 illum
1233 2654 1624 2711 benevolentia.
1663 2653 1729 2709 Et
1752 2653 1890 2707 Deus

298 2757 515 2825 quidem
541 2752 786 2824 quotidie
816 2752 990 2806 minas
1032 2742 1304 2804 intentans
1335 2757 1390 2805 et
1431 2747 1748 2813 admonens,
1781 2762 1889 2801 non

306 2849 552 2912 auditur;
585 2845 741 2899 turba
768 2854 946 2899 autem
979 2841 1348 2911 incomposita,
1372 2840 1470 2894 ftex
1495 2840 1792 2904 hominum,
1823 2853 1890 2893 ne

312 2939 553 2993 mndata
580 2936 796 3007 quidem
822 2949 959 3006 opus
985 2934 1178 2996 habet;
1207 2933 1300 2989 sed
1328 2934 1458 2989 satis
1483 2941 1588 2997 est,
1612 2939 1668 2986 ut
1692 2930 1890 2987 indicet

305 3034 419 3102 quid
445 3031 553 3087 sibi
581 3030 809 3100 placeat,
840 3039 896 3084 et
925 3027 1104 3082 statim
1137 3027 1188 3080 in
1216 3025 1465 3081 omnibus
1506 3025 1606 3095 ipsi
1632 3025 1887 3095 obsequi-

302 3140 435 3178 mur.
467 3122 538 3177 Et
573 3119 869 3190 quomodo,
899 3118 1125 3188 inquies,
1169 3116 1332 3171 hosce
1369 3117 1616 3170 dominos
1654 3115 1888 3187 effugere

298 3218 410 3290 quis
434 3214 654 3284 possit?
693 3212 748 3268 Si
789 3210 1043 3282 majorem
1071 3225 1227 3280 quam
1258 3208 1332 3263 illi
1362 3222 1580 3263 sensum
1625 3215 1884 3273 assumat,

298 3311 344 3366 si
363 3324 547 3365 rerum
562 3314 811 3361 naturam
831 3312 1056 3374 spectet,
1078 3304 1124 3359 si
1150 3301 1293 3373 vulgi
1322 3301 1584 3358 calculum
1605 3301 1884 3371 despiciat,

294 3402 340 3457 si
362 3411 491 3455 ante
519 3399 629 3453 alia
654 3397 837 3452 omnia
864 3396 916 3450 in
947 3395 1031 3462 iis,
1062 3410 1182 3465 qua:
1212 3396 1338 3451 vere
1369 3396 1540 3465 turpia
1567 3401 1712 3461 sunt,
1736 3393 1885 3463 seip-

296 3509 411 3548 sum
442 3495 514 3547 ita
544 3492 807 3555 instituat,
845 3498 902 3543 ut
932 3504 1037 3543 non
1074 3487 1338 3551 homines,
1363 3485 1458 3542 sed
1487 3487 1788 3541 insomnem
1820 3484 1883 3539 il-

301 3587 405 3639 lum
432 3584 653 3639 oculum
698 3590 919 3645 metuat,
948 3589 1002 3635 et
1036 3578 1089 3635 in
1123 3578 1277 3633 bonis
1320 3594 1530 3633 rursum
1567 3593 1792 3632 coronas
1818 3576 1887 3631 ab

296 3677 385 3732 illo
410 3685 644 3747 qna-rat.
675 3676 747 3728 Ita
771 3673 913 3728 enim
946 3686 1117 3742 neque
1156 3670 1209 3725 in
1251 3671 1369 3725 aliis
1400 3670 1673 3725 hominum
1701 3684 1885 3723 auram

304 3768 552 3823 feremus.
583 3766 717 3822 Nam
745 3765 832 3834 qui
871 3778 992 3819 eum
1024 3773 1167 3819 recte
1205 3763 1333 3833 agit.
1366 3777 1431 3817 ne
1456 3762 1646 3831 dignos
1669 3761 1884 3830 quidem

304 3872 481 3914 censet
507 3859 655 3922 illos,
676 3856 770 3927 qui
793 3872 885 3910 sua
914 3867 1060 3911 recte
1082 3854 1215 3909 facta
1238 3855 1435 3919 norint,
1461 3852 1554 3906 sed
1572 3852 1660 3905 Dei
1679 3851 1887 3906 calculo

304 3964 587 4007 contentus
608 3963 712 4013 est,
746 3965 917 4017 neque
940 3949 992 4003 in
1011 3946 1295 4002 contrariis
1318 3949 1549 4016 aliquam
1578 3959 1763 3997 eorum
1797 3958 1884 3996 ra-

306 4045 502 4099 tionem
528 4041 769 4096 habebit.
824 4038 893 4094 Et
930 4037 1199 4109 qumnodo
1226 4077 1240 4099 ,
1283 4037 1518 4106 inquies,
1570 4034 1670 4089 hoc
1714 4034 1886 4103 ipsum

301 4136 437 4191 erit?
1070 4132 1078 4140 ’

370 4226 658 4280 Hominum
683 4222 857 4276 laudes
893 4238 993 4275 non
1020 4219 1324 4290 qIIBI'L’fIdtL’,
1359 4218 1446 4273 sed
1481 4216 1591 4271 Dei.
1614 4246 1683 4257 ——
1703 4215 1886 4285 Cogita

301 4319 423 4389 quid
454 4318 528 4371 sit
550 4320 736 4379 homo,
760 4313 885 4383 quid
908 4314 975 4366 sit
1005 4312 1161 4377 Deus,
1193 4320 1248 4365 et
1267 4326 1372 4379 quo
1392 4309 1616 4363 dimisso
1637 4307 1885 4389 adquem

302 4411 598 4480 confugias,
632 4418 686 4461 et
714 4408 818 4461 cito
845 4416 1015 4459 totum
1040 4404 1294 4473 corriges.
1319 4401 1490 4456 Homo
1513 4412 1689 4456 tecum
1706 4385 1886 4454 eidem

304 4513 522 4572 peccato
570 4498 831 4568 subjacet,
885 4496 1058 4550 eidem
1094 4494 1318 4565 judicio,
1359 4492 1534 4547 eidem
1579 4489 1885 4560 supplicio:

301 4614 464 4651 nomo
498 4594 718 4648 vanitati
748 4592 935 4647 similis
966 4595 1134 4646 factus
1152 4600 1254 4657 est,
1278 4602 1482 4645 rectum
1501 4588 1759 4658 judicium
1784 4600 1887 4640 non

304 4691 485 4752 lmbet,
517 4696 575 4742 et
615 4701 842 4756 superna
881 4694 1003 4753 eget
1028 4681 1367 4738 correctione
1406 4698 1420 4734 :
1458 4680 1642 4743 homo,
1671 4687 1812 4734 terra
1837 4686 1893 4732 et

299 4782 459 4843 ciuis,
493 4780 539 4832 si
573 4777 773 4843 laudet,
817 4791 962 4844 sape
1005 4783 1206 4830 temere
1241 4772 1495 4838 laudabit,
1536 4778 1628 4825 aut
1666 4770 1733 4825 ad
1772 4783 1892 4840 gra-

308 4877 432 4925 tiam
474 4877 570 4924 aut
609 4883 673 4923 ex
702 4867 853 4931 odio;
885 4867 929 4921 si
957 4862 1313 4922 calumnietur
1342 4873 1397 4919 et
1427 4872 1664 4929 accuset,
1705 4875 1892 4916 rursus

310 4961 497 5014 ardent
525 4959 708 5012 animo
734 4957 783 5011 id
814 4957 954 5011 facit.
986 4958 1055 5011 At
1082 4971 1185 5011 non
1221 4955 1290 5009 ita
1324 4957 1497 5019 Deus;
1539 4953 1633 5008 sed
1664 4953 1893 5021 irrepre—

312 5051 587 5106 hensibilis
610 5060 693 5103 est
714 5049 827 5118 ejus
846 5049 1104 5114 ealculus,
1136 5059 1188 5102 et
1218 5063 1404 5117 purum
1432 5046 1691 5116 judicium
1722 5045 1890 5100 illius.

307 5145 544 5214 Ideoque
584 5152 797 5212 oportet
833 5156 1046 5210 semper
1071 5141 1139 5195 ad
1186 5142 1332 5196 illum
1358 5138 1683 5211 confugere;
1717 5152 1896 5208 neque

308 5241 431 5294 ideo
458 5246 689 5301 tantum,
718 5235 811 5291 sed
836 5222 958 5306 quia
979 5236 1136 5290 etiam
1159 5235 1272 5304 ipse
1294 5243 1345 5288 te
1368 5234 1509 5299 fecit,
1527 5242 1578 5288 et
1594 5234 1713 5304 plus
1733 5246 1894 5302 quam

308 5345 504 5387 omnes
538 5328 632 5383 tibi
663 5331 855 5397 paruit,
900 5328 1173 5398 magisque
1217 5336 1267 5381 te
1309 5336 1474 5393 amat,
1502 5340 1659 5395 quam
1699 5333 1752 5377 tu
1783 5323 1896 5392 ipse

309 5439 358 5479 te
385 5438 563 5479 ames.
600 5419 708 5476 Cur
743 5436 870 5489 ergo
917 5428 1023 5474 tam
1061 5420 1289 5474 mirabili
1320 5418 1487 5472 misso
1517 5416 1791 5472 laudatore
1828 5414 1897 5470 ad

312 5520 585 5573 hominem
610 5517 943 5587 confugimus
969 5515 1060 5584 qui
1085 5514 1219 5568 nihil
1246 5523 1350 5580 est,
1380 5513 1471 5584 qui
1499 5512 1693 5566 frustra
1721 5521 1775 5566 et
1814 5521 1896 5565 te-

315 5627 459 5667 mete
485 5609 665 5664 omnia
697 5607 853 5662 facit?
882 5606 1077 5661 Malum
1109 5615 1160 5662 te
1201 5605 1331 5660 dicit
1354 5616 1406 5661 et
1428 5593 1740 5666 seelestum,
1771 5615 1894 5656 cum

316 5706 429 5760 talis
462 5719 571 5759 non
610 5703 727 5758 sis?
770 5701 863 5756 Illa
904 5700 971 5757 de
997 5716 1157 5756 causa
1186 5700 1356 5770 magis
1383 5700 1532 5754 illum
1563 5698 1822 5753 miserare
1846 5704 1902 5751 et

321 5797 470 5862 deﬂe,
498 5797 620 5869 quia
651 5801 941 5865 corruptus
964 5803 1066 5859 est,
1095 5793 1317 5863 ejusque
1339 5791 1564 5863 gloriam
1591 5797 1898 5854 contemne,

322 5893 432 5960 quia
471 5906 588 5964 ejus
635 5888 838 5944 mentis
874 5886 1013 5943 oculi
1059 5885 1308 5941 excarcati
1354 5894 1477 5942 sunt
1516 5882 1817 5954 :siquidcm
1846 5891 1900 5938 et

628 5987 911 6045 Panos.
959 5980 1076 6040 (in.
1130 5981 1290 6041 LXI.

3507 422 3605 474 102

2015 529 2241 599 apostoli
2274 528 2388 585 haec
2416 529 2715 596 audierunt,
2750 540 2799 585 et
2831 531 2949 586 illos
2976 546 3035 587 se
3064 533 3455 591 calumniantes
3484 536 3603 590 irri-

2009 631 2219 677 serunt.
2249 623 2318 678 At
2339 631 2390 676 te
2421 622 2616 678 bonum
2648 634 2700 678 et
2730 624 2913 678 utilem
2941 624 3109 680 dicit?
3146 624 3205 681 Si
3236 627 3356 682 talis
3385 627 3600 697 quidem

2007 712 2103 779 sis,
2137 712 2284 767 nullo
2310 712 2469 767 modo
2510 729 2541 767 a
2591 713 2680 768 tali
2728 714 2894 783 gloria
2921 716 3251 781 emolliat-is;
3279 719 3323 772 si
3350 734 3454 773 non
3481 718 3603 774 talis

2006 804 2106 872 sis,
2126 804 2292 875 magis
2313 804 2552 874 deSpice,
2584 817 2635 861 et
2661 821 2773 861 rem
2796 821 2915 861 esse
2944 809 3052 862 risu
3080 809 3293 880 dignam
3324 820 3469 881 puta.
3505 811 3599 865 Vis

2007 893 2143 948 seire
2168 909 2327 963 quam
2349 904 2599 966 corrupta
2626 895 2734 950 sint
2762 897 2902 967 vulgi
2925 890 3147 968 judicia,
3177 916 3338 970 quam
3366 901 3598 964 imuilia,

2006 999 2163 1055 quam
2203 987 2460 1052 ridicula;
2516 998 2569 1043 et
2606 991 2706 1044 alia
2748 990 2960 1062 quidem
2992 993 3282 1050 furentium
3327 1005 3380 1050 et
3417 1007 3600 1053 meme

2004 1085 2300 1145 captorum,
2333 1078 2435 1131 alia
2484 1094 2611 1133 vero
2661 1080 2939 1137 infandum
2983 1084 3334 1142 lactentiutn?
3368 1090 3505 1146 Audi
3541 1103 3599 1148 ut

2004 1165 2203 1223 fuerint
2229 1168 2337 1238 jam
2363 1171 2512 1225 olim.
2539 1171 2746 1227 Judicia
2778 1189 2906 1229 vero
2931 1176 3020 1231 tibi
3051 1178 3341 1248 proferant,
3371 1199 3476 1237 non
3503 1199 3597 1254 pu-

2006 1258 2115 1329 puli
2145 1268 2372 1328 tantum,
2396 1262 2489 1317 scd
2530 1278 2716 1319 eorum
2744 1265 2831 1336 qui
2869 1268 3249 1337 sapientissimi
3281 1289 3401 1330 esse
3443 1277 3594 1332 vide-

2005 1351 2231 1419 bantur,
2263 1354 2460 1425 quique
2486 1356 2819 1425 legislatores
2850 1360 3082 1416 fuerunt.
3113 1364 3243 1430 Quis
3268 1366 3409 1421 enim
3452 1371 3593 1438 apud

2006 1443 2192 1515 vulgus
2221 1447 2512 1516 sapientior
2540 1448 2707 1505 videri
2736 1452 2903 1521 possit
2928 1468 3016 1520 eo,
3046 1457 3132 1526 qui
3157 1456 3351 1527 dignus
3382 1459 3594 1516 habitus

2001 1544 2104 1601 est,
2139 1545 2194 1591 ut
2218 1537 2520 1594 civitatibus
2545 1548 2600 1595 et
2631 1542 2842 1613 populis
2872 1543 3017 1614 leges
3040 1550 3301 1616 poneret?
3333 1554 3583 1608 Attamen

2003 1630 2151 1686 hisce
2200 1632 2529 1701 sapientibus
2574 1635 2825 1692 fornicari
2875 1638 3005 1693 nihil
3062 1640 3273 1697 videtur
3313 1658 3432 1699 esse
3465 1646 3588 1700 mali

2002 1737 2101 1777 nec
2130 1723 2404 1793 punitione
2431 1724 2673 1797 dignum.
2704 1727 2860 1783 Nulla
2889 1730 3032 1785 enim
3059 1746 3277 1788 externa
3311 1735 3395 1790 lex
3426 1737 3591 1790 turni-

1999 1822 2209 1870 catores
2238 1815 2346 1870 ulta
2394 1827 2507 1884 est,
2541 1834 2715 1890 neque
2759 1819 2861 1876 hac
2914 1821 2983 1878 de
3024 1838 3186 1879 causa
3223 1825 3288 1880 ad
3328 1826 3587 1897 judicium

2000 1906 2195 1972 traxit;
2223 1905 2316 1962 sed
2339 1907 2545 1963 etiamsi
2576 1909 2695 1980 quis
2725 1925 2791 1966 eo
2819 1911 3080 1978 trahatur,
3112 1915 3261 1970 multi
3286 1916 3511 1972 irrident
3536 1931 3601 1973 ut‘

1993 1997 2157 2067 judex
2195 1998 2246 2053 id
2274 2014 2380 2054 non
2412 2000 2629 2070 patitur.
2661 2003 2795 2059 Alea
2827 2004 3014 2060 ludere
3053 2023 3239 2064 rursus
3280 2010 3421 2079 apud
3468 2012 3588 2067 illus

1997 2091 2258 2162 supplicio
2288 2093 2519 2149 liberum
2560 2104 2662 2160 est,
2703 2107 2758 2152 et
2790 2113 2946 2153 nemo
2980 2099 3079 2153 hac
3114 2101 3182 2157 de
3207 2117 3367 2157 causa
3403 2119 3585 2174 ptems

1996 2184 2161 2241 dedit.
2193 2186 2448 2242 lnebriari
2475 2197 2529 2243 et
2560 2189 2868 2262 ingurgitari
2898 2194 3022 2247 cibo
3053 2211 3158 2249 non
3192 2195 3352 2250 modo
3379 2199 3586 2253 eritnen

1998 2286 2229 2344 nonest,
2273 2280 2367 2334 sed
2395 2288 2541 2336 recte
2570 2281 2764 2337 Ιῖιειιηη
2806 2300 2837 2339 a
2868 2285 3051 2340 multis
3097 2296 3338 2357 putatum
3366 2289 3502 2344 fuit:
3531 2302 3587 2345 et

1998 2370 2048 2423 in
2086 2371 2255 2426 cmuis
2291 2372 2610 2427 militaribus
2638 2373 2806 2429 multa
2844 2390 2906 2430 ea
2936 2375 3003 2431 de
3040 2394 3096 2430 re
3126 2388 3205 2433 est
3233 2380 3582 2443 concertatio,

1994 2474 2048 2518 et
2076 2464 2165 2534 qui
2197 2464 2427 2521 maxime
2456 2476 2614 2537 egent
2638 2482 2764 2521 smia
2794 2481 2973 2524 mente
2996 2480 3054 2525 et
3084 2472 3307 2528 robusto
3330 2489 3580 2543 corpore.

1995 2553 2048 2609 hi
2073 2557 2304 2610 maxime
2331 2556 2608 2612 ebrietatis
2641 2559 2909 2630 tyrannidi
2953 2576 3013 2616 se
3041 2561 3263 2629 dedunt,
3303 2573 3358 2619 et
3386 2580 3583 2636 corpus

1995 2647 2348 2704 diSSolventes
2377 2660 2432 2704 et
2457 2652 2690 2704 animam
2721 2651 2955 2706 tenebris
2976 2653 3352 2722 nilundentes;
3379 2656 3584 2712 nullus-

1993 2754 2099 2811 que
2126 2740 2395 2810 legislator
2422 2739 2525 2795 hoc
2545 2741 2728 2796 vitium
2757 2744 2984 2812 punivit.
3358 2763 3363 2769 ·

2064 2831 2117 2886 5.
2151 2831 2287 2897 Quid
2318 2831 2417 2887 hac
2443 2832 2647 2887 insania
2680 2834 2866 2904 pejus?
2890 2835 3024 2890 Num
3054 2852 3181 2907 ergo
3203 2838 3388 2896 laudes
3408 2838 3585 2895 homi-

1993 2937 2139 2988 num,
2182 2922 2271 2992 qui
2312 2923 2391 2978 sic
2428 2921 2602 2979 affecti
2632 2935 2774 2989 sunt,
2828 2927 3076 2995 requiris.
3106 2941 3158 2981 et
3205 2946 3308 2983 non
3352 2932 3580 2999 teipsum

1991 3014 2238 3071 defodis?
2266 3014 2322 3072 Si
2351 3016 2495 3071 enim
2525 3031 2715 3072 omnes
2744 3018 3004 3089 ejusmodi
3040 3023 3282 3077 homines
3311 3034 3360 3078 te
3398 3023 3584 3079 lauda-

1992 3118 2133 3174 rent,
2164 3123 2342 3163 annon
2370 3117 2645 3179 oporteret
2670 3111 2991 3167 erubescere
3019 3121 3074 3168 et
3105 3114 3309 3183 pudore
3348 3116 3579 3171 sull‘undi

1992 3200 2367 3269 plaudentibus
2397 3201 2722 3267 hominibus,
2755 3219 2982 3274 quorum
3007 3205 3203 3275 judicia
3236 3208 3305 3262 ita
3328 3223 3580 3281 corrupta

1989 3292 2151 3347 sunt?
2180 3292 2386 3348 Rursus
2416 3293 2747 3364 blasphemia
2778 3296 3169 3366 legislatoribus
3204 3315 3308 3352 non
3340 3302 3582 3359 terribile

1990 3382 2261 3454 quidpiam
2282 3399 2404 3441 esse
2432 3385 2676 3441 videtur:
2701 3402 2859 3441 nemo
2885 3388 3027 3442 enim
3055 3389 3143 3459 qui
3172 3390 3223 3445 in
3250 3391 3412 3454 Deum
3439 3394 3582 3448 blas-

1992 3473 2275 3545 phemarit,
2318 3476 2386 3531 ad
2425 3477 2654 3533 tribunal
2693 3489 2934 3549 raptatus
2978 3478 3077 3535 fuit
3119 3491 3172 3537 et
3201 3497 3385 3551 poenas
3410 3485 3575 3541 dedit.

1990 3570 2094 3627 Sed
2122 3571 2167 3626 si
2194 3572 2313 3643 quis
2343 3581 2545 3629 vestem
2584 3572 2811 3642 feretur,
2839 3585 2931 3629 aut
2977 3592 3286 3631 crumenam
3324 3578 3575 3646 disseeet,

1991 3676 2046 3720 et
2070 3665 2235 3721 latera
2284 3666 2383 3736 ipsi
2421 3667 2725 3721 lacerantur
2753 3678 2807 3723 et
2846 3682 2988 3738 smpe
3030 3680 3200 3724 niorlc
3244 3672 3575 3727 ntulctatur:

1990 3760 2079 3830 qui
2104 3770 2283 3815 autem
2314 3760 2365 3815 in
2393 3760 2560 3817 Deum
2588 3761 2924 3831 blasphemat
2944 3806 2959 3830 ,
2995 3779 3099 3819 non
3131 3777 3417 3820 accusatur
3439 3769 3578 3835 apud

1990 3859 2241 3906 externos
2268 3852 2623 3923 legislatores.
2655 3854 2722 3909 Et
2761 3858 2804 3908 si
2834 3857 2955 3925 quis
2984 3872 3205 3911 uxorem
3232 3857 3455 3924 habens,
3483 3875 3581 3913 an-

1990 3945 2168 4000 cillam
2199 3946 2370 4011 vitiet,
2416 3945 2467 3999 id
2510 3945 2642 4000 nihil
2693 3947 2831 4017 apud
2861 3958 3109 4003 externas
3156 3949 3299 4019 leges
3342 3961 3397 4006 et
3437 3953 3578 4021 apud
3648 3979 3652 3982 ι

1993 4039 2188 4091 multos
2216 4051 2337 4092 esse
2362 4037 2590 4091 videtur.

2062 4127 2398 4182 Themi-orum
2440 4129 2589 4181 ratio.
2609 4125 2992 4197 Ilippodromus
3039 4141 3086 4184 et
3127 4148 3312 4202 pugna:
3353 4133 3577 4202 ferarum

1991 4221 2183 4291 quales.
2214 4249 2286 4259 —
2317 4219 2410 4274 Vis
2433 4220 2536 4274 alia
2562 4236 2771 4289 quoque
2801 4221 2989 4276 audire
3014 4239 3133 4292 quae
3161 4223 3397 4295 ipsorum
3438 4226 3579 4281 insa-

1995 4312 2136 4366 niam
2166 4310 2489 4366 ostendant?
2514 4326 2635 4365 nam
2680 4311 2795 4366 lnec
2820 4312 3036 4381 quidem
3073 4329 3177 4368 non
3208 4318 3455 4386 puniunt,
3483 4320 3577 4373 sed

1993 4404 2126 4458 alias
2154 4403 2296 4473 leges
2325 4412 2586 4457 statuunt.
2615 4404 2921 4469 Quasnam?
2943 4404 3172 4458 Theatra
3199 4405 3476 4474 colligunt,
3510 4408 3579 4462 il-

1995 4493 2153 4564 loque
2197 4493 2539 4549 meretricum
2584 4495 2779 4549 choros
2816 4494 3106 4558 inducunt,
3145 4506 3200 4550 et
3240 4511 3432 4566 pueros
3459 4513 3581 4552 cor—

1996 4595 2201 4656 ruptos,
2247 4586 2336 4655 qui
2382 4595 2626 4640 naturam
2668 4588 2991 4642 contumelia
3033 4587 3293 4654 afficiunt,
3326 4591 3576 4660 populum

1998 4687 2165 4733 totum
2195 4679 2247 4732 in
2278 4680 2554 4748 superiore
2581 4681 2700 4733 loco
2730 4680 2919 4735 sedere
2943 4680 3170 4749 jubcnt;
3203 4683 3281 4736 sic
3306 4683 3579 4740 civitatem

1997 4779 2322 4837 recreantes,
2350 4770 2430 4826 sic
2455 4786 2675 4841 magnos
2699 4772 2820 4826 illos
2845 4788 3019 4844 reges,
3048 4788 3182 4842 quos
3205 4790 3419 4843 semper
3440 4778 3582 4832 cele-

1998 4866 2154 4921 brant
2176 4865 2248 4920 ob
2276 4874 2474 4934 tropma
2513 4874 2671 4933 atque
2707 4866 2977 4930 victorias,
3010 4877 3351 4922 coronantes.
3384 4868 3582 4925 Verunt

1998 4956 2125 5027 quid
2146 4966 2229 5011 est
2252 4956 2355 5012 hoc
2382 4956 2584 5010 honore
2611 4954 2896 5026 frigidius?
2917 4957 3041 5026 quid
3072 4957 3171 5013 hac
3192 4960 3465 5029 voluptate
3496 4963 3578 5015 in-

1998 5047 2199 5118 gratius
2214 5049 2238 5101 ?
2252 5063 2319 5101 ex
2335 5047 2487 5102 hisne
2504 5049 2698 5118 qua-ris
2720 5059 2991 5118 gestorum
3014 5059 3222 5104 tuorum
3246 5052 3584 5109 laudatores?

2001 5147 2202 5195 etcum
2232 5138 2592 5203 saltatoribus,
2647 5139 2918 5206 mollibus,
2967 5141 3145 5196 mimis
3184 5159 3247 5198 ac
3291 5147 3589 5204 meretrici-

2004 5231 2122 5297 bus,
2167 5232 2282 5297 vis,
2331 5246 2514 5301 quzeso
2557 5240 2645 5297 te,
2687 5232 2845 5289 laude
2886 5234 3026 5288 frui?
3076 5245 3131 5289 et
3171 5238 3440 5306 quomodo
3486 5257 3591 5296 non

2003 5322 2204 5379 fuerint
2228 5323 2344 5379 hare
2370 5335 2625 5379 extremae
2659 5324 2986 5379 dementize?
3015 5325 3266 5383 Libenter
3293 5330 3437 5384 enim
3470 5331 3593 5386 illos

2007 5419 2392 5487 interrogarem
2416 5433 2435 5471 :
2462 5416 2811 5487 Iudiguumue
2828 5426 2911 5471 est
2934 5429 3133 5473 naturae
3161 5418 3306 5490 leges
3327 5430 3592 5488 evertere,

1975 5522 2062 5568 et
2091 5512 2323 5567 nefarios
2369 5510 2625 5566 inducere
2668 5510 2876 5565 coitus?
2926 5512 3157 5566 Omnino
3197 5512 3378 5569 dicent
3405 5530 3595 5569 omnes

2007 5621 2122 5662 rem
2150 5618 2272 5660 esse
2300 5601 2568 5674 indignam
2594 5620 2609 5667 ;
2642 5601 2891 5658 videntur
2920 5605 3062 5659 enim
3093 5605 3194 5660 hoc
3222 5604 3409 5675 punire
3439 5603 3595 5676 ﬂagi-

2009 5695 2161 5751 tium.
2187 5693 2294 5749 Cur
2322 5708 2452 5765 ergo
2471 5693 2706 5749 cinaedos
2728 5694 2848 5748 illos
2870 5693 3099 5760 inducis,
3129 5710 3230 5750 nec
3252 5694 3413 5750 modo
3440 5695 3598 5751 indu—

2011 5788 2112 5853 cis,
2144 5786 2240 5840 sed
2271 5786 2431 5841 etiam
2474 5785 2770 5840 innumeris
2795 5795 2849 5840 et
2891 5784 3250 5841 ineﬂabilibus
3277 5785 3448 5842 donas
3482 5805 3598 5845 mu-

2013 5878 2279 5937 neribus?
2309 5877 2443 5934 Cum
2472 5877 2599 5933 alibi
2625 5891 2719 5934 eos
2745 5876 2836 5948 qui
2865 5876 2990 5931 talia
3032 5875 3233 5931 audent
3266 5877 3476 5948 punias,
3516 5881 3600 5937 hic

3174 5984 3212 6042 Ἰ
