3992 6418
516 375 617 432 103

515 506 663 561 quasi
680 503 995 545 communes
1011 487 1237 544 civitatis
1254 486 1523 542 beneficos
1545 484 1827 553 insumptis
1844 482 2099 553 pecuniis,

516 583 733 652 pitblico
759 593 975 651 sumptu
1003 581 1149 649 ipsos
1175 576 1295 632 alis.
1322 578 1412 644 At,
1441 575 1673 646 inquies,
1702 572 1930 629 infames
1955 581 2099 625 sunt.

517 674 623 727 Cur
645 688 775 743 ergo
806 672 925 727 illos
958 668 1222 725 instituis?
1246 682 1343 722 cur
1386 682 1483 737 per
1512 665 1741 722 infames
1785 664 1907 720 illos
1952 676 2104 734 rcges

516 766 790 820 honoras?
817 780 913 819 cur
940 763 1182 818 civitates
1205 760 1440 816 enecas?
1466 775 1562 814 cur
1589 760 1640 812 in
1678 758 1799 812 illos
1832 764 1974 812 tanta
2006 757 2106 810 im-

516 858 703 925 pendis
725 857 748 910 ?
770 872 888 910 nam
911 855 953 909 si
986 852 1211 907 infames
1232 860 1380 918 sunt,
1398 849 1826 920 expeliidebent.
1845 848 1952 902 (iur
1970 862 2104 918 ergo

516 952 638 1006 illos
687 948 910 1004 infames
942 946 1252 1001 fecisti?an
1286 952 1346 999 ut
1380 942 1622 1006 laudans,
1664 956 1732 995 an
1792 949 1851 994 ut
1900 939 2102 994 conde-

514 1041 731 1096 mnans?
744 1040 809 1095 Ut
825 1037 1190 1096 condemnans
1210 1035 1634 1107 utique.Ergone
1653 1042 1715 1088 ut
1738 1032 2105 1088 condemnans

514 1130 739 1186 infames
768 1129 920 1193 facis,
943 1137 998 1184 et
1024 1137 1084 1183 ut
1106 1124 1450 1181 honorabiles
1469 1125 1592 1180 illos
1609 1124 1819 1179 visurus
1841 1121 2097 1185 accurris,

512 1221 746 1287 miraris,
777 1219 983 1287 laudas,
1011 1218 1335 1288 applaudis?
1373 1216 1510 1285 Quid
1541 1230 1675 1286 opus
1704 1225 1787 1271 est
1817 1215 1999 1270 dicere
2035 1213 2103 1268 de

514 1312 758 1378 fallaciis,
791 1327 912 1383 qua:
950 1312 1000 1364 in
1050 1308 1416 1380 hippodromis
1450 1318 1505 1364 et
1552 1308 1603 1363 iu
1639 1307 1829 1378 pugnis
1870 1305 2103 1361 ferarum

512 1403 908 1457 admittuntur?
934 1402 1059 1457 Hauc
1098 1402 1295 1472 quippe
1331 1400 1478 1455 omni
1521 1409 1740 1470 stupore
1769 1407 1893 1455 sunt
1920 1398 2099 1469 plena,

512 1496 815 1565 doceatque
868 1494 1081 1549 assidue
1129 1493 1383 1563 populum
1439 1507 1559 1547 esse
1600 1490 2099 1556 immisericordem,

512 1603 714 1644 smvum
745 1596 800 1643 et
837 1586 1209 1652 inhumanum,
1238 1596 1562 1656 exercetque
1588 1583 1654 1639 ad
1682 1584 1970 1640 videndum
2000 1582 2102 1638 bo-

514 1681 688 1737 miues
736 1681 1052 1752 discerptas,
1095 1681 1409 1752 sanguinem
1461 1680 1711 1746 effusum,
1764 1690 1814 1734 et
1868 1677 2100 1735 ferarum

513 1772 899 1826 immanitatem
943 1774 1120 1826 omnia
1164 1771 1604 1828 confundentem.
1655 1771 1727 1826 Et
1774 1770 1874 1825 hos
1913 1784 2103 1824 omnes

513 1863 734 1918 morbos
758 1862 1025 1932 sapientes
1051 1863 1125 1918 illi
1147 1863 1481 1933 legislatures
1499 1863 1566 1918 ab
1592 1864 1742 1917 initio
1759 1862 2099 1929 induxerunt,

515 1955 888 2025 plaudentibus
909 1970 972 2010 ac
997 1954 1312 2009 mirantibus
1340 1953 1667 2010 civitatibus.
1689 1953 1815 2018 Sed,
1835 1954 1879 2009 si
1910 1953 2100 2023 placet,

516 2051 600 2104 his
627 2042 843 2106 omissis
873 2065 991 2116 qua:
1035 2058 1244 2120 aperte,
1273 2056 1332 2103 ut
1374 2050 1425 2103 in
1462 2048 1713 2103 confesso
1738 2058 1842 2114 est,
1872 2048 2101 2104 absurda

513 2149 660 2206 sunt,
690 2142 815 2196 licet
844 2140 922 2194 sic
952 2154 1058 2195 non
1101 2140 1274 2195 visum
1316 2139 1386 2195 sit
1412 2140 1650 2195 externis
1689 2140 2099 2209 legislatoribus,

515 2235 583 2288 ad
631 2233 942 2290 honoranda
978 2242 1242 2304 praecepta
1285 2232 1584 2297 veniamus,
1631 2243 1684 2287 et
1715 2233 1915 2287 videbis
1942 2233 2101 2286 etiam

516 2327 607 2381 illa
641 2342 708 2381 ex
761 2327 1050 2380 multorum
1083 2325 1336 2395 opinione
1384 2332 1638 2395 corrupta
1678 2324 1859 2379 fuisse.
1890 2323 2101 2378 Cannu-

514 2419 658 2474 bium
706 2420 848 2474 enim
890 2434 977 2474 res
1019 2417 1349 2473 honorabilis
1389 2433 1509 2473 esse
1538 2417 1748 2473 videtur
1780 2425 1835 2473 et
1861 2416 2018 2473 nobis
2051 2426 2106 2472 et

513 2512 751 2566 externis
781 2529 793 2563 :
825 2520 878 2566 et
905 2518 985 2565 est
1013 2525 1139 2565 vere
1161 2508 1513 2574 honorabile;
1543 2507 1638 2564 sed
1662 2508 1715 2563 in
1746 2508 2104 2564 celebratione

514 2604 819 2674 nuptiarum
844 2644 860 2668 ,
894 2612 971 2657 tot
1001 2603 1239 2659 ridicula:
1266 2617 1353 2657 res
1379 2600 1649 2667 accidunt,
1671 2612 1802 2673 quot
1830 2611 1951 2670 post
1990 2600 2106 2657 hzec

512 2695 743 2751 audituri
773 2698 922 2750 estis.
967 2694 1099 2750 Nam
1146 2710 1213 2750 ex
1249 2692 1638 2750 consuetudine
1680 2693 1829 2747 multi
1860 2692 2102 2762 occupati

513 2805 577 2844 ac
604 2789 837 2860 decepti,
864 2804 1046 2843 earum
1066 2788 1450 2843 absurditatem
1471 2803 1574 2842 non
1599 2795 1809 2853 norunt,
1828 2787 1921 2842 sed
1942 2798 2101 2858 egent

513 2881 633 2935 aliis
661 2881 749 2949 qui
780 2880 900 2934 illos
928 2879 1177 2935 doceant.
1211 2879 1426 2935 Etenim
1472 2878 1707 2945 cinerem,
1736 2879 2000 2950 cymbala,
2035 2878 2102 2933 ti-

512 2972 639 3039 biae,
668 2971 830 3027 verba
858 2972 1170 3042 canticaquc
1212 2973 1408 3041 turpia,
1443 2971 1792 3035 temulentitc,
1829 2985 2103 3025 comessa-

515 3066 711 3130 tiones,
745 3066 1020 3135 multaque
1048 3064 1246 3118 diaboli
1274 3063 1535 3119 colluvies
1571 3074 1696 3118 tunc
1725 3063 2011 3119 inducitur.
2039 3064 2100 3119 Et

517 3158 631 3212 seio
662 3157 875 3227 quidem
920 3171 1004 3211 me
1044 3154 1332 3210 ridiculum
1379 3154 1568 3219 videri,
1611 3154 1755 3224 quod
1784 3156 1900 3209 inec
1925 3170 2093 3224 repre-

516 3249 772 3313 hendam,
816 3258 872 3303 et
899 3248 1055 3318 vulgo
1098 3247 1352 3307 stolidum
1393 3246 1710 3313 existimari,
1760 3248 1850 3318 qui
1894 3259 2105 3303 veteres

516 3344 664 3414 leges
691 3352 1084 3398 transmoveam
1112 3359 1124 3395 :
1155 3357 1301 3406 nam,
1345 3350 1399 3395 ut
1426 3356 1586 3410 supra
1609 3340 1742 3407 dixi,
1780 3357 1845 3395 ex
1869 3356 2103 3397 consue-

516 3436 703 3492 tudine
729 3451 915 3506 magna
947 3435 1193 3505 deceptio
1221 3434 1424 3504 paritur
1452 3450 1465 3486 :
1492 3443 1727 3488 attamen
1759 3436 1871 3488 haec
1891 3433 2103 3490 dicendi

517 3531 678 3586 ﬁnem
707 3546 810 3584 non
842 3530 1053 3585 faciam.
1102 3528 1352 3583 Fortas<e
1391 3527 1552 3591 enim,
1588 3526 1833 3593 fortasse,
1865 3527 1965 3582 etsi
1997 3542 2102 3582 non

517 3636 724 3687 onmes,
754 3619 907 3692 pauci
938 3629 1117 3676 tamen
1162 3633 1261 3675 nos
1290 3618 1586 3689 excipient,
1614 3626 1670 3673 et
1697 3619 1896 3674 malent
1925 3618 2104 3674 nobis-

515 3728 638 3767 cum
665 3711 920 3778 derideri,
951 3726 1111 3782 quam
1140 3726 1262 3766 cum
1292 3710 1398 3766 illis
1424 3725 1521 3765 nos
1538 3710 1807 3790 deridere,
1832 3711 1942 3767 risu
1959 3722 2104 3767 certe

517 3804 772 3876 laerymis
814 3802 977 3873 digno
1025 3803 1341 3874 magnisque
1388 3802 1561 3873 poenis
1602 3812 1764 3873 atque
1805 3803 2101 3872 suppliciis.

516 3896 797 3967 Quomodo
839 3897 981 3951 enim
1026 3911 1134 3950 non
1180 3895 1342 3951 fuerit
1372 3904 1610 3951 extrema
1650 3895 1992 3951 damnatione
2020 3896 2104 3952 di-

513 4005 698 4059 gnum,
745 3990 1005 4059 virginem
1048 4003 1169 4059 qtue
1215 3997 1479 4058 perpetuo
1518 3988 1728 4044 vixerat
1760 3987 1812 4042 in
1846 3988 2100 4055 thaluno,

514 4100 741 4155 qumque
767 4100 794 4137 a
827 4083 994 4152 prima
1038 4089 1196 4138 :etate
1227 4080 1606 4137 verecundiam
1637 4080 1916 4145 didicerat,
1948 4080 2105 4137 dere-

516 4187 676 4246 pente
705 4174 820 4245 cegi
852 4173 918 4228 ad
960 4172 1335 4244 deponendum
1366 4174 1648 4243 pudorem,
1694 4181 1750 4226 et
1798 4174 2101 4242 nuptiarum

515 4264 669 4320 initio
697 4262 1076 4332 impudentiam
1107 4262 1310 4329 doceri,
1340 4272 1393 4318 et
1423 4279 1453 4318 a
1482 4263 1692 4319 lascivis
1715 4262 2104 4332 petulantibus-

515 4371 621 4425 que
651 4355 801 4421 viris,
827 4354 1235 4411 fornicatoribus
1266 4364 1320 4409 et
1351 4355 1598 4410 mollibus
1629 4356 1680 4408 in
1713 4355 1944 4410 medium
1976 4371 2104 4426 pro-

515 4446 674 4501 duci?
704 4445 846 4517 quod
874 4446 1018 4502 enim
1052 4446 1250 4499 malum
1281 4446 1333 4499 in
1364 4461 1497 4499 nova
1527 4461 1724 4516 sponsa
1754 4463 1863 4501 non
1894 4449 2103 4503 insere-

513 4548 602 4590 tur
626 4536 695 4590 ab
722 4537 810 4589 illo
837 4533 965 4591 die?
986 4534 1339 4606 lmpudentia,
1367 4535 1681 4604 petulantia,
1703 4537 2102 4611 iuvereeundia,

513 4641 669 4681 vana:
708 4625 891 4696 gloria:
933 4640 1087 4680 amor
1124 4643 1138 4679 :
1175 4627 1319 4682 volet
1361 4626 1503 4682 enim
1539 4627 1657 4683 dies
1681 4643 1869 4687 omnes
1908 4632 2107 4691 habere

515 4715 600 4769 his
625 4715 848 4771 similes.
865 4714 1001 4771 Hinc
1019 4716 1270 4771 mulieres
1288 4717 1520 4787 profusa:
1536 4728 1591 4774 et
1607 4728 1932 4791 sumptuose
1951 4726 2102 4794 fiunt,

515 4808 642 4864 hinc
690 4807 1050 4877 impudentes,
1101 4807 1225 4864 hinc
1270 4810 1396 4881 ipsis
1427 4812 1563 4866 mala
1595 4812 1895 4870 innumera.
1925 4816 2106 4889 Neque

512 4899 645 4954 mihi
666 4897 814 4954 dicas
833 4899 1299 4955 consuetudinem.
1327 4900 1459 4956 Nam
1490 4905 1534 4959 si
1567 4905 1765 4959 malum
1792 4916 1894 4975 est,
1923 4924 1991 4964 ne
2018 4925 2108 4966 se-

511 4990 616 5044 mel
647 4988 860 5058 quidem
896 4987 1017 5056 fiat;
1062 4991 1107 5045 si
1156 4988 1379 5053 bonum,
1422 5007 1637 5062 semper
1672 4993 1781 5052 flat.
1827 4996 1921 5053 Dic
1961 5003 2103 5055 enim

512 5080 668 5146 mihi,
698 5079 977 5137 fornicatio
998 5097 1177 5138 nonne
1198 5084 1334 5138 mala
1365 5087 1489 5139 est?
1509 5102 1575 5140 an
1604 5103 1731 5157 ergo
1748 5092 2106 5149 concedemus

510 5173 654 5226 illam
685 5173 771 5228 vel
804 5174 977 5229 semel
1008 5175 1291 5231 exerceri?
1316 5174 1685 5249 Nequaquam.
1716 5179 1938 5246 Quare?
1968 5185 2102 5251 Quia

509 5256 725 5320 etiamSi
753 5267 919 5321 semel
950 5275 1153 5321 tantum
1185 5266 1293 5331 fiat,
1344 5268 1477 5322 mala
1510 5278 1688 5325 tamen
1718 5281 1819 5327 est.
1852 5274 2034 5345 Itaque
2056 5277 2103 5332 si

513 5370 706 5410 novatn
737 5371 987 5426 Sponsam
1026 5359 1104 5414 sic
1147 5359 1405 5415 obiectari
1449 5358 1645 5416 malum
1675 5375 1787 5432 est,
1829 5381 1899 5422 ne
1935 5369 2104 5424 semel

513 5448 729 5520 quidem
760 5448 885 5514 fiat;
919 5450 963 5503 si
992 5450 1189 5505 bonum
1216 5461 1318 5517 est,
1349 5466 1564 5522 semper
1585 5455 1696 5509 fiat.

585 5542 640 5595 6.
680 5539 997 5611 Nuptiarum
1032 5542 1160 5595 ritus
1205 5542 1500 5598 describitur
1528 5554 1574 5598 et
1598 5545 2104 5617 damnatum—Quid

515 5627 695 5698 igitur,
725 5644 910 5701 quaeso
937 5638 1017 5696 te,
1050 5631 1278 5701 inquies,
1309 5637 1593 5703 nuptiasoe
1624 5637 1878 5693 incusas?
1904 5640 2058 5695 Absit
2085 5658 2099 5696 :

520 5734 624 5774 non
655 5724 722 5777 ita
753 5725 994 5788 insanio,
1023 5724 1116 5779 sed
1144 5740 1206 5781 ea
1234 5744 1352 5795 qua:
1392 5729 1443 5782 in
1477 5729 1685 5799 nuptias
1717 5730 1935 5788 advecta
1957 5744 2101 5801 sunt,

520 5810 815 5881 pigmenta,
851 5815 1024 5872 fucum
1053 5824 1104 5871 et
1142 5817 1409 5890 superflua
1453 5821 1553 5877 alia
1594 5823 1830 5893 ejusdem
1865 5826 2098 5895 generis.

1178 345 1273 429 (S.
1314 370 1590 428 JO.\N.\"iS
1627 366 2097 424 ClliiYSOSTOlli
2139 365 2460 427 AllCillEP.
2501 371 3033 431 CONSTANTINOP.
3676 390 3766 450 104

2212 482 2343 539 Nam
2388 488 2466 544 sic
2508 490 2709 546 multos
2751 492 2819 547 ab
2857 493 2950 549 illo
2979 495 3067 551 die
3091 497 3322 563 attrahet
3362 509 3654 571 amatores,
3683 522 3765 561 an-

2212 584 2424 648 tequam
2455 595 2576 636 cum
2627 597 2827 653 sponso
2852 595 3026 642 coeat.
3057 586 3162 644 Sed
3194 591 3344 646 multi
3383 594 3617 650 mulieris
3653 612 3763 668 spe-

2210 669 2346 722 ciem
2370 673 2725 730 mirabuntur.
2756 677 2821 731 Et
2839 678 2964 748 quid
2989 682 3141 734 tum?
3165 681 3385 739 Etiamsi
3412 697 3552 741 casta
3589 687 3759 759 fuerit,

2210 762 2297 815 vix
2338 762 2557 835 effugiet
2584 768 2775 824 malam
2821 773 3223 841 suspicionem;
3265 777 3346 832 sin
3377 780 3638 850 negligens
3665 783 3765 840 fue-

2208 853 2311 916 rit,
2338 856 2444 910 cito
2468 860 2707 928 capietur
2726 903 2741 927 ,
2768 875 2987 935 accepta
3026 866 3094 920 ab
3121 867 3213 921 illo
3240 868 3327 924 die
3359 870 3587 927 libidinis
3623 892 3764 931 occa-

2208 948 2380 1000 sione.
2421 949 2667 1004 Attamen
2705 968 2825 1007 cum
2869 963 3013 1009 tanta
3054 957 3179 1013 hinc
3240 961 3374 1015 mala
3420 965 3681 1031 oriantur,
3724 971 3767 1026 si

2207 1036 2423 1102 quando
2460 1039 2541 1094 his
2561 1039 2919 1112 abstineatur,
2935 1050 3318 1106 contumeliam
3357 1069 3468 1109 rem
3501 1056 3647 1113 istam
3683 1075 3772 1113 vo-

2208 1138 2331 1183 cant
2359 1130 2464 1197 illi,
2495 1134 2584 1202 qui
2617 1136 2897 1203 pecoribus
2939 1154 3045 1193 non
3076 1143 3326 1198 meliores
3354 1155 3509 1213 sunt,
3550 1159 3602 1203 et
3638 1150 3765 1206 indi-

2208 1234 2363 1289 gnam
2397 1239 2508 1276 rem
2559 1235 2776 1294 putant,
2807 1230 2850 1283 si
2880 1231 3073 1287 mulier
3114 1233 3203 1288 illa
3228 1236 3410 1290 multis
3439 1256 3539 1293 non
3585 1242 3767 1309 produ-

2207 1322 2359 1367 catur
2388 1331 2560 1385 neque
2586 1332 2869 1376 commune
2892 1322 3154 1380 theatrum
3181 1329 3543 1396 spectantibus
3563 1345 3764 1402 prostet.

2207 1403 2365 1472 Atqui
2406 1409 2643 1475 oportuit
2688 1412 2996 1469 existimare
3042 1456 3062 1484 ,
3133 1421 3223 1478 illa
3272 1434 3527 1479 consueta
3578 1436 3765 1483 contu-

2208 1496 2457 1561 meliam,
2513 1501 2678 1555 risum
2724 1512 2779 1557 et
2829 1507 3147 1563 comoediam
3200 1509 3418 1567 inferre.
3463 1513 3593 1568 Nam
3640 1531 3770 1572 nunc

2207 1600 2419 1655 quoque
2444 1589 2556 1643 scio
2587 1590 2699 1648 fore
2725 1602 2781 1648 ut
2810 1596 2960 1650 multi
2985 1612 3082 1652 nos
3105 1607 3163 1654 ut
3182 1601 3374 1657 stultos
3393 1612 3445 1658 et
3469 1606 3573 1659 risu
3596 1605 3769 1677 dignos

2210 1679 2515 1770 improbent
2561 1700 2575 1737 :
2615 1684 2709 1738 sed
2760 1685 2974 1743 irrideri
3023 1691 3232 1759 patiar,
3263 1691 3392 1747 dum
3441 1697 3562 1753 hinc
3589 1699 3767 1770 aliquid

2208 1769 2339 1825 lucri
2390 1773 2671 1829 referatur.
2729 1777 2939 1834 Etenim
3009 1782 3265 1839 ridiculus
3306 1802 3517 1856 essem,
3563 1792 3605 1845 si
3655 1769 3769 1847 dum

2208 1858 2395 1916 hortor
2437 1875 2491 1917 ιιι
2523 1867 2662 1937 vulgi
2702 1868 2876 1938 gloria
2930 1872 3295 1944 despiciatnr,
3322 1880 3436 1949 ipse
3477 1890 3600 1937 ante
3648 1884 3769 1939 alios

2209 1952 2311 2009 hoc
2368 1957 2557 2012 morbo
2598 1974 2838 2029 caperer.
2887 1963 3018 2020 \‘ide
3067 1982 3185 2038 quae
3226 1969 3351 2026 hinc
3405 1972 3649 2045 deinceps
3689 1992 3768 2031 se-

2207 2057 2439 2139 quantur
2483 2066 2633 2105 :non
2666 2053 2839 2109 solum
2890 2056 3164 2125 interdiu,
3209 2062 3307 2117 sed
3357 2066 3518 2119 etiam
3562 2082 3769 2139 vespere

2208 2138 2352 2194 viros
2377 2140 2556 2197 ebrios
2580 2155 2631 2200 et
2673 2146 2881 2203 deliciis
2910 2150 3158 2208 incensos
3177 2197 3191 2220 ,
3220 2156 3313 2226 qui
3339 2158 3404 2212 ad
3436 2138 3769 2216 formamvir-

2207 2231 2346 2300 ginei
2393 2235 2567 2289 vultus
2613 2241 3047 2309 conspiciendam
3099 2260 3221 2301 sese
3269 2262 3552 2318 apparanl.
3605 2254 3773 2323 Neque

2208 2323 2351 2380 demi
2384 2336 2585 2383 tantum
2611 2372 2624 2395 ,
2655 2332 2748 2385 sed
2776 2333 2934 2389 etiam
2967 2352 3062 2405 per
3087 2337 3263 2395 forum
3289 2342 3357 2396 ad
3384 2346 3771 2401 ostentationem

2208 2415 2494 2485 incedunt,
2525 2437 2647 2478 cum
2679 2425 2911 2483 illCl'l‘lliS
2936 2428 3082 2485 illam
3115 2447 3330 2490 summo
3355 2452 3574 2507 vespere
3606 2440 3772 2495 tradu-

2208 2520 2425 2576 centes,
2457 2521 2515 2567 ut
2557 2528 2585 2567 a
2627 2517 2835 2571 cunctis
2872 2522 3266 2591 conspiciatur,
3309 2528 3442 2582 nihil
3482 2530 3618 2585 aliud
3660 2530 3771 2587 hinc

2207 2598 2529 2668 suadentes,
2561 2618 2721 2669 quam
2753 2616 2812 2662 ut
2846 2623 3061 2665 omnem
3106 2613 3195 2667 illa
3243 2617 3504 2685 pudorem
3538 2620 3772 2692 deinceps

2209 2700 2388 2784 ponat.
2436 2692 2617 2765 Neque
2646 2696 2733 2753 hic
2754 2700 2977 2770 gradum
3007 2704 3235 2772 sistunt,
3268 2708 3365 2765 sed
3406 2726 3524 2766 cum
3554 2714 3771 2784 turpibus

2208 2783 2386 2838 verbis
2416 2785 2557 2840 illam
2585 2788 2784 2845 ducunt
2815 2809 2827 2843 :
2854 2802 2908 2848 et
2933 2793 3036 2850 hoc
3061 2812 3275 2868 quoque
3305 2801 3360 2857 in
3394 2802 3563 2875 legem
3585 2783 3773 2862 transiit

2208 2878 2347 2945 apud
2377 2878 2591 2933 multos.
2623 2881 2688 2936 Et
2718 2884 2953 2955 fugitivi,
2986 2889 3313 2948 verberones
3343 2894 3637 2965 innumeri,
3665 2914 3771 2969 per-

2209 2969 2395 3062 niciosi
2443 2971 2688 3029 Immincs
2710 2992 2831 3032 cum
2865 2979 3075 3037 licentia
3101 2983 3322 3042 demum
3351 2991 3525 3046 omnia
3550 3010 3638 3062 pro
3665 2992 3771 3048 libi-

2208 3057 2335 3115 dine
2360 3062 2656 3134 proferunt,
2682 3069 2794 3124 sive
2824 3070 2875 3124 in
2899 3072 3038 3126 illam
3067 3074 3184 3130 sive
3209 3077 3261 3133 in
3289 3057 3675 3150 sponsum-cum
3695 3085 3770 3139 illa

2211 3151 2604 3223 hahitaturum;
2648 3167 2702 3213 ct
2749 3161 2878 3217 nihil
2910 3164 3235 3235 honestum,
3267 3171 3366 3226 sed
3401 3176 3566 3244 turpia
3613 3177 3773 3232 omnia

2209 3255 2261 3299 et
2304 3246 2654 3307 obscoenitate
2701 3253 2875 3322 plena.
2905 3256 3096 3312 Annon
3128 3261 3348 3330 probam
3379 3269 3631 3323 castitatis
3657 3269 3773 3324 doc-

2211 3335 2401 3391 trinam
2433 3340 2688 3412 percipiet
2713 3359 2933 3415 sponsa,
2968 3348 3094 3404 talia
3126 3350 3338 3419 videns,
3374 3357 3498 3411 talia
3528 3358 3774 3415 audiens?

2210 3427 2275 3520 Et
2303 3440 2575 3486 certamen
2616 3436 2881 3503 quoddam
2912 3448 2994 3493 est
3018 3440 3341 3500 diabolicum
3370 3448 3506 3504 inter
3536 3465 3653 3516 eos,
3694 3451 3773 3520 qui

2207 3518 2275 3573 ad
2303 3520 2423 3575 talia
2446 3524 2818 3595 cohortantur,
2853 3539 2909 3584 ut
2933 3531 3024 3586 alii
3052 3532 3188 3589 alios
3217 3551 3477 3607 superent
3497 3518 3775 3612 opprobriis

2207 3623 2263 3668 et
2283 3616 2504 3686 impuris
2534 3619 2722 3687 dictis,
2747 3624 2901 3693 queis
2927 3638 3219 3696 praesentes
3250 3630 3539 3705 deturpant
3565 3653 3578 3690 :
3608 3635 3775 3706 illique

2211 3706 2441 3766 victores
2471 3712 2775 3782 discedunt,
2817 3720 2904 3788 qui
2936 3721 3132 3791 probra
3164 3733 3218 3779 et
3244 3728 3418 3797 magis
3446 3730 3613 3801 turpia
3650 3730 3774 3785 dicta

2209 3803 2507 3873 projeccre.
2552 3806 2687 3863 Novi
2716 3810 2930 3880 quidem
2976 3828 3062 3869 me
3092 3815 3405 3888 molestum,
3434 3836 3709 3877 onerosum
3727 3832 3775 3875 et

2208 3891 2572 3964 importunum
2596 3914 2736 3967 esse,
2761 3904 2851 3972 qui
2879 3904 3001 3960 vitae
3036 3908 3366 3979 voluptatem
3396 3915 3669 3984 quamdam
3693 3913 3777 3968 ab.

2209 3986 2473 4046 scindam.
2506 3988 2629 4047 Ideo
2656 3992 2844 4057 doleo,
2877 3997 3018 4065 quod
3046 4013 3134 4053 res
3161 4009 3267 4054 tam
3300 4002 3527 4075 ingratae
3552 4006 3776 4075 voluptas

2210 4091 2330 4133 esse
2358 4088 2628 4149 putentur.
2659 4083 2941 4150 Quomodo
2965 4128 2979 4151 ,
3004 4102 3188 4157 quaeso
3208 4131 3223 4155 ,
3253 4107 3362 4147 non
3390 4096 3644 4164 ingratum
3673 4096 3776 4149 fac-

2210 4170 2299 4239 rit,
2327 4174 2662 4231 contumeliis
2690 4185 2745 4233 et
2788 4179 2995 4248 probris
3019 4181 3180 4249 afﬁci,
3209 4193 3265 4239 et
3290 4186 3362 4240 ab
3399 4189 3641 4244 omnibus
3664 4204 3771 4242 cum

2210 4276 2403 4333 sponsa
2431 4264 2695 4323 dedecore
2731 4278 2786 4324 et
2810 4269 3098 4341 ignominia
3129 4275 3348 4330 notari?
3374 4279 3439 4333 Et
3464 4279 3510 4334 si
3537 4277 3776 4349 quispim

2210 4370 2277 4409 ex
2325 4354 2442 4410 foro
2482 4358 2694 4428 coniugi
2727 4369 2831 4415 tua:
2875 4364 3244 4430 maledixerit,
3286 4367 3567 4425 innumera
3610 4381 3778 4424 moves

2210 4446 2459 4516 negotia,
2508 4458 2562 4501 et
2600 4464 2704 4505 non
2751 4450 2965 4507 vitalem
3010 4468 3131 4511 esse
3179 4456 3340 4512 vitam
3385 4461 3684 4523 existimas;
3730 4467 3781 4510 et

2210 4538 2424 4594 civitate
2453 4549 2561 4595 tota
2596 4553 2858 4610 prmsente
2895 4545 3022 4600 dum
3064 4550 3293 4620 turpiter
3319 4553 3436 4623 agis
3458 4568 3577 4609 cum
3619 4552 3777 4607 futura

2209 4629 2436 4698 conjuge
2457 4670 2473 4694 ,
2505 4632 2704 4700 gaudes
2731 4644 2787 4688 et
2811 4643 2867 4692 te
2894 4640 3173 4695 ostentas?
3197 4649 3252 4694 et
3276 4652 3491 4711 quantae
3530 4642 3640 4697 liazc
3666 4650 3779 4696 sunt

2211 4721 2470 4778 insaniae?
2496 4725 2565 4778 At
2585 4765 2604 4792 ,
2634 4726 2842 4796 inquies
2861 4770 2874 4792 ,
2905 4728 3022 4784 inec
3045 4746 3110 4787 ex
3131 4736 3520 4790 consuetudine
3544 4734 3688 4790 fiunt.
3718 4732 3779 4789 Et

2148 4876 2149 4879 η
2210 4813 2334 4869 ideo
2353 4815 2585 4871 maxime
2611 4816 2896 4888 lugendum
2918 4862 2932 4885 ,
2965 4822 3106 4891 quod
3133 4839 3247 4879 rem
3274 4825 3325 4880 in
3353 4825 3777 4883 consuetudinem

2209 4906 2535 4962 concluserit
2565 4908 2830 4966 diabolus.
2864 4913 2997 4981 Quia
3024 4914 3169 4971 enim
3200 4920 3400 4988 nuptiae
3430 4935 3516 4975 res
3544 4929 3663 4975 sunt
3692 4918 3779 4972 ho-

2211 4996 2469 5051 norabilis
2489 5038 2505 5063 ,
2537 5014 2657 5068 qua:
2697 5016 2865 5070 genus
2896 5017 3139 5061 nostrum
3166 5021 3449 5065 conservet
3474 5020 3527 5066 et
3563 5019 3780 5080 augeat.

2211 5096 2265 5142 et
2292 5088 2579 5145 multorum
2610 5093 2681 5147 sit
2704 5108 2865 5151 causa
2893 5095 3155 5153 bonorum
3173 5140 3188 5164 ,
3218 5098 3406 5156 dolore
3434 5101 3651 5158 atl‘ectus
3676 5115 3780 5155 ina-

2213 5179 2386 5249 lignus
2415 5181 2526 5248 ille,
2559 5192 2613 5236 et
2636 5185 2811 5241 sciens
2841 5188 2972 5243 illud
3000 5194 3454 5263 propugnaculum
3475 5209 3596 5251 esse
3609 5204 3780 5250 contra

2211 5269 2651 5344 fornicationem,
2698 5279 2806 5333 alio
2837 5280 2925 5334 ille
2950 5281 3112 5337 modo
3141 5299 3356 5341 omnem
3385 5286 3779 5343 fornicationem

2212 5361 2435 5419 inducit.
2467 5364 2522 5418 in
2548 5366 2741 5423 talibus
2764 5370 2908 5424 enim
2929 5373 3157 5429 canibus
3177 5376 3357 5432 multa:
3375 5377 3609 5448 virgines
3632 5375 3781 5431 dede-

2212 5469 2339 5511 core
2384 5466 2508 5510 sunt
2549 5458 2772 5515 ati'ectaz.
2804 5461 2954 5529 Quod
2988 5465 3034 5519 si
3075 5482 3182 5522 non
3211 5483 3453 5539 semper,
3491 5478 3547 5525 at
3584 5468 3779 5525 interim

2212 5548 2346 5603 satis
2374 5558 2455 5605 est
2484 5550 2711 5607 daemOni
2730 5594 2744 5620 ,
2774 5555 2916 5623 quod
2948 5556 3036 5611 illa
3067 5559 3229 5614 verba
3259 5570 3310 5614 et
3332 5561 3571 5631 improba
3590 5559 3779 5617 cantica

2213 5651 2265 5694 et
2293 5655 2544 5710 sponsam
2576 5644 2929 5712 traduxerim,
2959 5660 3012 5704 et
3043 5664 3301 5721 sponsum
3326 5668 3448 5707 cum
3479 5669 3662 5723 pompa
3693 5665 3780 5722 per

2214 5732 2386 5789 forum
2431 5737 2843 5793 transmiserint.
2898 5740 3096 5798 Deinde
3141 5746 3260 5813 quia
3314 5746 3428 5802 ham
3477 5748 3527 5802 in
3576 5753 3781 5812 vespera

2216 5825 2350 5883 fiunt
2370 5868 2390 5899 η.
2421 5846 2488 5887 nc
2535 5834 2768 5890 tenebrze
2822 5835 3086 5891 malorum
3129 5837 3381 5897 horumce
3431 5843 3603 5897 ve‘um
3647 5845 3782 5895 sint.
