3992 6426
280 363 378 419 l0!"

282 480 509 541 πόλεως.
540 476 639 530 καὶ
670 478 940 549 χρήματα
972 477 1306 541 ἀναλίσκεις,
1340 478 1435 532 καὶ
1470 466 1532 530 ἔκ
1563 474 1671 527 τῶν
1704 472 1867 543 δημο-

291 566 419 619 σίων
450 562 651 627 αὖτοὺς
702 564 932 632 τρέφεις
980 562 1404 632 δαπανημάτων.
1475 560 1615 614 Ἀλλ’
1663 557 1874 628 ἄτιμοι,

287 650 475 719 φησὶν,
509 646 640 702 είσί.
673 646 742 699 Τί
768 641 863 701 οὖν
912 646 1111 709 αὐτοὺς
1140 644 1546 717 παιδοτριϐεῖς;
1580 642 1631 697 τί
1665 637 1757 695 οὖν
1787 639 1878 693 διὰ

288 736 400 789 τῶν
441 732 657 803 ἀτίμων
685 732 813 794 τοὺς
844 729 1103 800 βασιλέας
1136 730 1337 801 τιμᾷς;
1372 729 1427 782 τί
1470 726 1654 792 δὲτὰς
1699 724 1883 788 πόλεις

288 816 746 891 ἐκτραχηλίζειςς
775 814 829 869 τί
852 815 910 868 δὲ
928 815 1009 878 εἰς
1036 814 1232 878 αὐτοὺς
1257 813 1493 867 τοσαῦτα
1520 811 1799 881 δαπανᾷςς
1834 809 1882 861 εί

288 902 403 974 γὰρ
428 900 620 971 ἄτιμοί
653 901 813 963 είσιν,
844 896 1247 952 ἀπελαύνεσθαι
1276 896 1444 968 ἐχρῆν
1472 896 1601 959 τοὺς
1629 892 1881 963 ἀτίμους.

285 987 453 1050 Τίνος
488 985 550 1040 δὲ
582 985 768 1039 ἕνεκεν
789 980 1018 1054 ἀτίμους
1045 983 1289 1054 εἰργάσω
1310 998 1325 1046 ;
1349 981 1425 1045 ὡς
1446 977 1689 1034 ἐπαινῶν
1706 1018 1721 1043 ,
1748 977 1782 1048 ἢ
1809 978 1884 1042 ῶς

290 1068 698 1139 κατεγνωκώςς
725 1065 875 1141 [104]
918 1066 1176 1137 Δηλονότι
1205 1067 1282 1130 ὼς
1316 1062 1704 1133 κατεγνωκὼς.
1750 1058 1887 1114 Εἶτα

291 1155 371 1220 ὡς
398 1153 503 1226 μὲν
530 1149 892 1220 κατεγνωκὼς
930 1150 1161 1221 ἀτίμους
1208 1152 1402 1214 ποιεῖς,
1434 1149 1509 1212 ὡς
1540 1146 1596 1199 δὲ
1631 1146 1886 1216 ἐντίμους

291 1241 518 1312 τρέχεις
563 1237 846 1308 ὀψόμενος,
881 1235 975 1288 καὶ
1022 1235 1325 1306 θαυμάζεις
1372 1234 1467 1288 καὶ
1491 1232 1756 1296 ἐπαινεῖς,
1789 1230 1887 1283 καὶ

291 1326 556 1397 κροτεῖς;
597 1322 708 1376 Kal
757 1319 809 1374 τί
846 1320 926 1375 δεῖ
956 1320 1138 1389 λέγειν
1169 1319 1266 1382 τάς
1311 1316 1651 1389 μαγγανείας
1681 1317 1781 1380 τὰς
1828 1317 1885 1369 ἐν

290 1409 423 1471 ταῖς
444 1404 854 1476 ἱπποδρομίαις,
890 1404 989 1467 τὰς
1008 1406 1066 1457 ἐν
1085 1405 1204 1466 ταῖς
1230 1401 1338 1455 τῶν
1366 1401 1570 1473 θηρίων
1593 1400 1848 1470 ἁμίλλαις
1868 1417 1883 1467 ;

292 1493 494 1560 Πάσης
533 1490 643 1561 γὰρ
677 1488 770 1542 καὶ
803 1489 987 1542 ἐκεῖνα
1010 1485 1397 1559 παραπληξίας
1419 1484 1615 1557 μεστά,
1641 1482 1886 1537 παιδεύει

290 1575 390 1628 τὸν
412 1572 586 1643 δῆμον
616 1571 855 1642 συνεχῶς
881 1570 1086 1642 ἀνηλεῆ
1116 1587 1239 1624 τινα
1295 1570 1440 1640 ἔχειν
1488 1570 1585 1622 καὶ
1614 1567 1763 1639 ὠμὸν
1792 1567 1887 1621 καὶ

293 1656 676 1727 ἀπάνθρωπον
704 1654 904 1725 τρόπον
931 1665 973 1717 ·,
997 1655 1093 1708 καὶ
1114 1652 1388 1725 γυμνάζει
1412 1654 1545 1725 όρᾷν
1565 1650 1887 1723 ἀνθρώπους

296 1738 793 1810 σπαραττομένους
846 1737 940 1792 καὶ
992 1731 1135 1805 αἷμα
1191 1738 1497 1808 καταρρέον
1539 1736 1635 1788 καὶ
1683 1734 1889 1805 θηρίων

292 1824 569 1895 ὠμότητα
606 1822 785 1876 πάντα
838 1821 1198 1891 συγχέουσαν.
1253 1822 1365 1874 Kal
1400 1818 1575 1873 ταῦτα
1604 1819 1785 1872 πάντα
1837 1819 1887 1872 οί

298 1908 465 1976 σοφοὶ
500 1905 789 1975 νομοθέται
823 1902 882 1970 ἐξ
910 1905 1086 1976 ἀρχῆς
1103 1904 1474 1975 ἐπεισήγαγω
1495 1904 1563 1956 τά
1581 1903 1885 1972 νοσήματα,

297 1991 398 2046 καὶ
442 1988 725 2060 κροτοῦσιν
774 1988 830 2041 al
874 1988 1057 2051 πόλεις
1088 1987 1183 2040 καὶ
1222 1986 1584 2057 θαυμάζουσι.
1632 1985 1796 2049 Ἀλλ’,
1840 1987 1889 2039 εί

299 2074 511 2143 βούλει.
536 2071 707 2126 ταῦτα
736 2070 986 2141 ἀφέντες,
1013 2069 1048 2124 6.
1070 2070 1318 2142 φανερῶς
1344 2071 1442 2141 μὲν
1479 2069 1575 2123 καὶ
1594 2068 1890 2139 ὁμολογου-

301 2157 484 2229 μένως
540 2156 689 2208 ἐστὶν
723 2155 920 2219 ἄτοπα,
955 2156 1068 2218 τοῖς
1104 2154 1158 2208 δέ
1189 2153 1388 2220 ἔξωθεν
1432 2153 1750 2224 νομοθέταις
1790 2153 1891 2206 ούκ

300 2240 508 2307 ἔδοξεν,
568 2240 662 2293 ἐπὶ
708 2239 776 2291 τὰ
830 2237 1004 2308 σεμνά
1037 2238 1439 2310 προστάγματα
1490 2237 1770 2308 ἔλθωμεν,
1798 2237 1892 2290 καὶ

299 2325 425 2394 ὕψει
463 2325 561 2377 καλ⁵
587 2322 760 2375 ταῦτα
790 2321 900 2376 ἀπὸ
931 2321 1032 2393 τῆς
1062 2321 1171 2375 τῶν
1200 2320 1412 2375 πολλῶν
1445 2320 1603 2392 δόξης
1634 2321 1894 2392 διεφθάρα-

303 2409 471 2479 μένα.
516 2408 578 2461 Ὀ
601 2406 712 2478 γὰρ
742 2406 923 2476 γάμος
960 2406 1195 2475 πρᾶγμα
1218 2404 1402 2475 τίμιον
1434 2398 1575 2458 εἶναι
1623 2403 1770 2457 δοκεῖ
1797 2404 1893 2457 καὶ

300 2494 440 2561 ἡμῖν
469 2490 568 2543 καὶ
597 2492 710 2553 τοῖς
741 2486 942 2553 ἔξωθεν
962 2502 976 2517 ⁶
1009 2489 1102 2541 καὶ
1133 2486 1250 2541 ἔστι
1290 2487 1498 2558 τίμιονε
1533 2486 1670 2542 ἀλλά
1696 2488 1892 2558 γάμων

297 2575 671 2645 τελουμένων,
685 2571 920 2627 τοσαῦτα
939 2570 1323 2640 καταγέλαστα
1337 2571 1547 2641 γίνεται
1569 2571 1890 2643 πράγματα,

294 2659 402 2713 ὅσα
433 2658 638 2712 αὐτίκα
684 2654 1006 2711 ἀκούσεσθε.
1074 2655 1210 2708 Ὑπὸ
1238 2654 1349 2726 γὰρ
1392 2656 1494 2726 τῆς
1529 2655 1814 2725 συνηθείας
1844 2657 1891 2709 οί

300 2744 494 2799 πολλοὶ
525 2741 884 2811 κατεχόμενοι
908 2740 1005 2795 καὶ
1036 2738 1546 2811 παραλογιζόμενοι,
1570 2739 1690 2793 ούδέ
1718 2740 1893 2809 διαγι-

301 2827 613 2880 νώσκουσιν
635 2823 814 2878 αὐτῶν
838 2822 900 2877 τὸ
924 2822 1147 2887 ἄτοπον,
1173 2821 1289 2876 ἀλλ’
1316 2823 1521 2894 ἐτέρων
1549 2821 1758 2877 δέονται
1783 2823 1894 2878 τῶν

307 2908 694 2964 διδασκόντων.
718 2905 832 2961 Καὶ
856 2905 967 2978 γὰρ
988 2908 1199 2978 χορεῖαι
1222 2905 1319 2960 καὶ
1340 2904 1600 2977 κύμϐαλα
1628 2906 1724 2959 καὶ
1738 2905 1893 2960 αὐλοὶ

311 2994 401 3047 καὶ
434 2993 666 3066 ῥήματα
694 2991 789 3046 καλ⁵
808 2990 1029 3063 ᾄσματα
1060 2990 1262 3063 αἰσχρά
1291 2990 1386 3045 καὶ
1411 2989 1574 3062 μέθαι
1595 2991 1689 3044 καὶ
1716 2990 1893 3063 κῶμοι

304 3078 401 3130 καὶ
433 3076 607 3138 πολὺς
628 3077 657 3129 6
687 3073 781 3127 τοῦ
810 3073 1060 3128 διαϐόλου
1088 3073 1211 3127 τότε
1243 3074 1598 3144 ἐπεισάγεται
1634 3074 1889 3146 φορυτός.

303 3159 418 3213 Kal
467 3154 589 3212 οἶδα
628 3157 725 3228 μὲν
758 3158 840 3211 δτι
894 3156 1030 3224 δόξω
1061 3157 1469 3227 καταγέλαστος
1521 3154 1658 3211 εἶναι
1690 3157 1893 3213 τούτων

304 3241 842 3313 ἐπιλαμϐανόμενος,
899 3241 994 3294 καί⁹
1036 3240 1237 3312 πολλὴν
1294 3240 1517 3312 ὀφλήσω
1570 3240 1723 3309 παρά
1781 3243 1894 3305 τοῖς

305 3326 530 3389 πολλοῖς
580 3324 787 3389 ἄνοιαν,
847 3324 972 3387 τοὺς
1006 3324 1272 3389 παλαιοὺς
1303 3324 1504 3396 νόμους
1545 3324 1888 3395 μετακινῶν⁹

304 3411 449 3481 ὅπερ
477 3407 591 3479 γὰρ
616 3408 785 3478 ἔφθην
822 3406 1013 3473 εἰπὼν,
1049 3407 1218 3471 πολὺς
1256 3407 1356 3477 τῆς
1389 3405 1680 3479 συνηθείας
1725 3408 1754 3461 6
1786 3425 1894 3461 πα-

311 3492 678 3564 ραλογισμός·
725 3491 841 3545 ἀλλ’
891 3492 1041 3562 ὅμως
1081 3491 1141 3546 οὐ
1174 3490 1455 3563 παύσομαι
1494 3492 1666 3546 ταῦτα
1696 3493 1891 3561 λέγων.

310 3578 480 3640 Ἴσως
513 3576 645 3647 γὰρ,
689 3574 840 3639 ῐσως,
891 3573 994 3628 κᾶν
1022 3574 1097 3645 μὴ
1148 3574 1373 3639 πάντες,
1405 3574 1522 3627 ἀλλ’
1545 3575 1718 3645 ὀλίγοι
1752 3577 1895 3641 τινὲς

306 3662 461 3732 ἡμᾶς
521 3658 893 3723 ἀποδέξονται,
955 3659 1050 3711 καὶ
1109 3659 1432 3730 αἱρήσονται
1484 3660 1895 3729 καταγελᾶσθαι

311 3745 435 3816 μεθ’
466 3742 658 3815 ήμῶν,
704 3743 739 3813 ἦ
768 3741 930 3813 γελᾷν
971 3743 1120 3813 ἡμᾶς
1150 3743 1268 3812 μετ’
1302 3742 1528 3797 ἐκείνων
1559 3744 1771 3814 γέλωτα
1799 3745 1894 3799 δα-

312 3828 500 3900 κρύων
548 3826 697 3891 ἀξιον
750 3828 843 3880 καὶ
888 3824 1089 3897 πολλῆς
1132 3825 1409 3891 κολάσεως
1453 3828 1547 3881 καὶ
1602 3830 1894 3901 τιμωρίας.

313 3912 440 3976 Πῶς
464 3910 580 3982 γὰρ
609 3912 708 3964 οὐκ
731 3910 797 3964 ἂν
813 3911 900 3981 εἴη
923 3911 1023 3979 τῆς
1045 3911 1279 3981 ἐσχάτης
1306 3910 1703 3981 καταγνώσεως
1722 3914 1893 3979 ἄξιον,

316 3995 595 4066 παρθένον
616 3992 1051 4065 θαλαμευθεῖσαν
1081 3993 1279 4058 διόλου,
1302 3995 1397 4048 καὶ
1430 3993 1709 4065 μαθοῦσαν
1730 3996 1899 4051 αἰδεῖ-

318 4079 441 4133 σθαι
470 4078 585 4133 ἀπὸ
628 4081 727 4150 τῆς
772 4077 996 4149 πρῶτης
1038 4077 1272 4148 ἡλικίας,
1328 4078 1523 4151 ἀθρόον
1565 4081 1897 4150 ἀναγκάζειν

316 4163 536 4216 ἃπασαν
572 4164 753 4231 ἐκχεῖν
775 4160 873 4232 τὴν
902 4160 1058 4229 αίδὼ,
1095 4161 1191 4215 καὶ
1230 4164 1295 4214 ἐκ
1335 4164 1639 4234 προοιμίων
1677 4165 1771 4218 τοῦ
1799 4168 1897 4235 γά.

320 4262 420 4315 μου
461 4245 566 4316 τὴν
618 4242 1004 4314 ἀναισχυντίαν
1048 4244 1346 4310 παιδεύειν,
1387 4248 1483 4300 καὶ
1516 4247 1775 4317 ἀσελγέσι
1804 4250 1897 4304 καὶ

314 4327 583 4398 ἀσέμνοις
610 4326 832 4398 ἀνδράσι
853 4328 948 4381 καὶ
974 4327 1191 4399 πόρνοις
1218 4330 1312 4382 καὶ
1340 4329 1607 4400 μαλακοῖς
1628 4332 1707 4394 είς
1732 4331 1898 4402 μέσον

314 4410 491 4482 αὐτὴν
530 4409 882 4481 προτιθέναις
928 4413 1080 4464 ποῖον
1126 4412 1236 4482 γὰρ
1270 4412 1332 4465 οὒ
1381 4412 1782 4483 φυτευθὴσεται
1828 4418 1894 4487 τῇ

313 4494 506 4567 νύμφῃ
534 4494 707 4547 κακὸν
726 4494 834 4547 ἀπὸ
857 4494 959 4563 τῆς
978 4494 1193 4565 ἡμέρας
1214 4494 1429 4563 ἐκείνης
1449 4512 1464 4561 ;
1489 4496 1893 4567 Ἀναισχυντία,

320 4578 612 4648 ἰταμότης,
668 4576 911 4630 ἀναίδεια
935 4615 951 4641 ,
1007 4575 1166 4648 δόξης
1197 4574 1339 4650 έρως
1374 4577 1609 4631 ἀτόπου’
1661 4581 1756 4633 καὶ
1788 4582 1898 4654 γὰρ

317 4661 645 4729 ἐθελήσουσι
683 4659 782 4725 τάς
825 4660 1040 4731 ἡμέρας
1078 4659 1142 4732 δὴ
1200 4660 1377 4724 πάσας
1422 4661 1683 4727 τοιαύτας
1728 4663 1894 4734 ἔχειν.

327 4743 617 4799 Ἐντεῦθεν
649 4744 958 4806 πολυτελεῖς
989 4745 1046 4798 αί
1067 4748 1324 4814 γυναῖκες
1346 4743 1588 4814 γίνονται
1619 4747 1649 4788 b
1684 4750 1777 4802 καὶ
1801 4749 1897 4803 δα-

319 4831 591 4898 πανηραὶ,
618 4827 864 4881 ἐντεῦθεν
887 4827 1143 4895 ἀναιδεῖς,
1184 4827 1434 4882 ἐντεῦθεν
1469 4831 1660 4893 αὐταῖς
1686 4832 1754 4885 τά
1792 4850 1896 4904 μυ-

322 4912 414 4984 ρία
440 4911 612 4965 κακά.
642 4912 752 4965 Kal
782 4912 857 4983 μή
913 4929 1002 4983 μοι
1030 4911 1158 4981 λέγε
1201 4914 1301 4984 τὴν
1342 4913 1654 4985 συνήθειαν.
1708 4914 1773 4971 Εἰ
1799 4919 1897 4989 μὲν

321 4999 431 5068 γὰρ
466 4996 723 5069 πονηρὸν,
758 4996 897 5068 μηδὲ
922 4997 1066 5064 ἅπαξ
1098 4998 1360 5067 γινέσθω·
1397 5000 1445 5052 εί
1475 5000 1532 5053 δὲ
1564 5000 1790 5069 ἀγαθὸν,
1812 5005 1898 5057 ἀεὶ

320 5081 581 5150 γινέσθω.
608 5081 742 5135 Εἰπὲ
776 5082 885 5151 γάρ
926 5099 1037 5152 μοι,
1085 5080 1147 5135 τὺ
1199 5081 1487 5155 πορνεύειν
1519 5085 1582 5137 οὐ
1628 5085 1896 5157 πονηρόν;

318 5160 432 5235 ἄρα
471 5160 566 5218 οὖν
616 5165 1047 5235 συγχωρήσομεν
1076 5165 1181 5219 κᾶν
1209 5163 1360 5231 ἀπαξ
1405 5166 1565 5221 τοῦτο
1602 5167 1893 5236 γενέσθαις

314 5248 610 5317 υυδαμῶς.
643 5247 744 5301 Διά
768 5249 856 5313 τί;
889 5247 1011 5301 Ὀτι
1052 5247 1152 5303 κᾶν
1185 5248 1331 5316 ἅπαξ
1369 5249 1615 5323 γένηται,
1663 5253 1898 5324 πονηρόν

319 5334 475 5385 ἔστιν
487 5332 705 5402 ὁμοίως.
730 5331 891 5384 Ὥστε
921 5329 1018 5385 καὶ
1046 5330 1108 5384 τὸ
1138 5332 1525 5403 φαιδρύνεσθαι
1549 5333 1648 5407 τήν
1676 5336 1897 5408 νύμφην

316 5415 517 5477 οὔτως,
542 5415 593 5467 εί
632 5415 733 5485 μὲν
757 5412 874 5467 ἔστι
913 5414 1166 5485 πονηρὸν,
1215 5416 1351 5487 μηδὲ
1373 5417 1519 5485 ἀπαξ
1548 5417 1810 5486 γινέσθω*
1847 5420 1896 5473 εί

316 5499 375 5553 δὲ
408 5499 473 5551 οὐ
505 5497 761 5569 πονηρὸν,
797 5498 893 5551 καὶ
928 5497 1017 5551 ἀεὶ
1042 5498 1293 5565 γινέσθω.

390 5578 543 5654 [1051
575 5581 639 5633 Τί
672 5573 798 5646 οὖν,
845 5582 1007 5651 φησὶ,
1042 5581 1348 5646 διαϐάλλεις
1393 5583 1487 5637 τὸν
1530 5583 1736 5654 γάμον,
1773 5583 1895 5638 είπέ

324 5680 446 5735 μοις
470 5666 560 5736 Μὴ
586 5664 818 5733 γένοιτο·
847 5665 945 5734 οὐχ
969 5663 1113 5718 οὓτω
1145 5665 1428 5736 μαίνομαι,
1455 5667 1590 5721 ἀλλά
1612 5667 1681 5721 τά
1710 5669 1898 5732 κακῶς

323 5749 693 5820 ὶπισυρὸμενα
734 5747 814 5819 τῷ
842 5747 1038 5820 γάμῳ,
1072 5748 1141 5802 τά
1174 5751 1550 5822 ὲπιτρίμματα
1572 5791 1587 5818 ,
1615 5754 1717 5816 τάς
1760 5754 1896 5807 ὑπο-

382 5909 408 5940 ι
436 5909 611 5974 τρόπον
642 5908 806 5974 Δάερςῑ
833 5904 883 5974 in
906 5907 1083 5974 fdilis,
1105 5906 1190 5974 sed
1217 5905 1426 5974 habmur
1446 5904 1497 5974 ἰιι
1519 5906 1678 5974 Regio
1710 5910 1896 5974 codice,

329 5969 475 6024 Nelei
542 5976 570 6015 δ
596 5971 814 6023 Γίνονται
832 5972 881 6019 ιιι
906 5969 1058 6032 Regio
1096 5969 1200 6019 cod.
1228 5969 1455 6033 habelur,
1479 5972 1527 6019 In
1557 5969 1706 6022 editis
1730 5973 1892 6026 deest.

1308 362 1372 419 IN.
1415 360 1642 420 Ι·.Ρ18Τ.
1680 360 1701 414 1
1744 357 1835 413 Al)
1876 353 2037 413 COR.
2107 355 2339 413 HOMIL.
2384 357 2501 413 XII.

3470 365 3573 418 MM

1986 468 2221 538 γραφάς,
2247 470 2345 542 τὴν
2371 470 2539 542 ἄλλην
2560 469 2880 541 περιεργίαν
2905 469 3144 526 ἃπασαν.
3172 468 3280 524 Kal
3309 470 3416 543 γὰρ
3441 474 3574 527 πολ-

1984 550 2112 616 λοὺς
2145 553 2255 607 ἀπὸ
2294 554 2395 625 τῆς
2423 555 2640 625 ἡμέρας
2671 552 2888 625 ἐκείνης
2914 553 3146 623 λήψεται
3175 553 3303 616 τοὺς
3336 556 3574 625 ἐραστὰς

1987 635 2082 688 καὶ
2114 636 2223 709 πρὸ
2250 636 2343 690 τοῦ
2380 638 2665 709 μέλλοντος
2695 637 2830 707 αὐτῇ
2860 637 3152 689 συνοικεῖν.
3191 635 3352 689 Ἀλλά
3387 637 3577 693 πολλοὶ

1984 716 2357 791 θαυμάσονται
2395 721 2493 794 τὴν
2521 722 2758 791 γυναῖκα
2798 722 2899 791 τῆς
2936 718 3107 789 ὧρας.
3144 721 3255 773 Kal
3288 719 3341 773 τί
3377 720 3574 789 τοῦτο;

1986 805 2085 858 "Av
2106 805 2203 877 μὲν
2236 805 2346 876 γὰρ
2379 804 2614 877 σώφρων
2643 800 2701 879 ᾗ,
2752 803 2906 875 μόλις
2943 802 3291 873 διαφεύξεται
3331 803 3433 874 τὴν
3474 822 3575 858 πο-

1933 910 1942 931 ι
1984 890 2156 961 νηράν
2186 890 2440 959 ὑποψίαν
2471 889 2597 943 εἰδὲ
2631 888 2975 960 ἠμελημένη,
2998 886 3209 958 ταχέως
3239 886 3333 941 καὶ
3367 887 3576 942 ἁλώσε-

1983 991 2098 1038 ται,
2132 972 2387 1045 ἀφορμὴν
2406 972 2695 1041 ἀσελγείας
2717 971 2958 1025 λαϐοῦσα
2975 972 3075 1042 τὴν
3096 970 3314 1042 ἡμέραν
3334 972 3574 1044 ἐκείνην.

1997 1056 2138 1110 Ἀλλ’
2170 1058 2320 1128 ὅμως
2348 1056 2619 1109 τοσούτων
2652 1056 2821 1110 όντων
2850 1054 3068 1121 κακῶν,
3117 1055 3247 1108 ὅταν
3276 1054 3351 1125 μὴ
3400 1055 3576 1109 ταῦτα

1984 1141 2233 1212 γένηται,
2264 1139 2419 1211 ὕϐριν
2454 1140 2516 1194 τὸ
2547 1142 2783 1211 πρᾶγμα
2820 1138 3081 1194 καλοῦσιν
3120 1139 3171 1192 οί
3206 1138 3576 1209 βοσκημάτων

1985 1224 2139 1278 οὐδὲν
2166 1225 2461 1294 ἀμείνους,
2498 1224 2592 1278 καὶ
2623 1224 2795 1278 δεινὸν
2834 1221 3116 1275 ποιοῦνται
3151 1221 3211 1275 τὸ
3250 1220 3327 1293 μὴ
3360 1222 3578 1287 πολλοῖς

1987 1308 2275 1378 φαίνεσθαι
2302 1309 2400 1379 τὴν
2420 1311 2675 1377 γυναῖκα,
2704 1307 2837 1378 μηδέ
2856 1305 3178 1376 προκεῖσθαι
3207 1305 3431 1377 θέατρον
3457 1323 3578 1359 κοι-

1987 1393 2076 1447 νὺν
2118 1396 2231 1457 τοῖς
2265 1392 2454 1463 ὁρῶσι.
2494 1392 2684 1444 Καίτοι
2726 1409 2790 1460 γε
2826 1390 2985 1462 ὓϐριν
3019 1390 3189 1460 ἐχρῆν
3222 1390 3464 1461 νομίζειν
3509 1392 3578 1444 τά

1987 1477 2249 1547 γινόμενα
2298 1476 2391 1529 καὶ
2432 1476 2645 1545 γέλωτα
2679 1476 2774 1529 καὶ
2816 1474 3107 1544 κωμῳδίαν
3133 1493 3145 1504 ·
3177 1475 3301 1528 ἐπεὶ
3345 1475 3441 1527 καὶ
3482 1473 3579 1528 νῦν

1988 1555 2128 1625 οἴδα,
2159 1559 2241 1612 ὃτι
2270 1558 2469 1629 πολλὴν
2506 1560 2695 1614 ἄνοιαν
2731 1559 2825 1612 καὶ
2852 1559 3068 1627 γέλωτα
3102 1558 3260 1628 ἡμῶν
3288 1557 3577 1627 καταγνώ-

1990 1661 2175 1697 σονται
2194 1660 2207 1673 ·
2247 1642 2362 1697 ἀλλ’
2401 1642 2533 1696 οῖσω
2562 1644 2653 1697 τὸν
2683 1644 2918 1712 γέλωτα,
2946 1643 3075 1697 ὃταν
3103 1660 3157 1695 τι
3189 1642 3418 1715 γένηται
3445 1643 3578 1715 κέρ-

1987 1726 2097 1791 δος.
2124 1727 2234 1780 Kal
2254 1727 2364 1797 γὰρ
2390 1725 2455 1780 ἂν
2483 1727 2604 1799 εἰήν
2635 1727 3064 1797 καταγέλαστος,
3096 1731 3146 1782 εί
3169 1728 3456 1799 παραινῶν
3480 1730 3583 1800 τῆς

1988 1820 2099 1872 τῶν
2128 1818 2342 1872 πολλῶν
2366 1819 2524 1887 δόξης
2546 1822 2938 1891 καταφρονεῖν,
2964 1820 3127 1885 αὐτὸς
3151 1821 3257 1893 πρὸ
3276 1820 3381 1875 τῶν
3406 1820 3582 1877 ἄλλων

1990 1902 2311 1975 χειρωθείην
2330 1901 2409 1973 τῷ
2430 1901 2613 1956 πάθει.
2656 1903 2756 1956 ’ἰδὲ
2776 1904 2847 1956 τὰ
2880 1901 3130 1957 ἐντεῦθεν
3161 1903 3367 1958 λοιπόνο
3397 1905 3497 1959 οὐκ
3524 1906 3583 1958 ἐν

1990 1985 2175 2057 ἡμέρᾳ
2206 1986 2387 2057 μόνον,
2424 1985 2558 2040 ἁλλά
2591 1987 2686 2039 καὶ
2718 1990 2774 2039 ἐν
2808 1987 3020 2058 ἑσπέρᾳ
3052 1986 3355 2059 μεθύοντας
3378 1988 3584 2059 ἄνδρας

1990 2071 2086 2123 καὶ
2107 2069 2530 2141 κεκαρωμένους
2547 2070 2640 2123 καὶ
2658 2071 3091 2141 πεπυρωμένους
3107 2072 3212 2125 ὑπὸ
3230 2071 3332 2142 τῆς
3347 2072 3581 2143 τρυφῆς.

1990 2154 2039 2207 οῖ
2070 2153 2266 2218 κάλλος
2295 2167 2316 2194 ο
2351 2154 2526 2223 ὄψεως
2546 2155 2680 2226 όρᾷν
2714 2155 3198 2225 παρασκευάζουσι
3221 2156 3581 2228 παρθενικῆς.

1993 2236 2101 2291 Kal
2126 2236 2248 2290 οὐδὲ
2273 2238 2365 2290 ἐπὶ
2387 2236 2490 2307 τῆς
2513 2237 2719 2304 οἰκίας,
2740 2237 2879 2291 ἀλλά
2901 2238 2994 2291 καὶ
3028 2237 3117 2292 διὰ
3141 2240 3243 2309 τῆς
3264 2240 3471 2312 ἀγορᾶς
3502 2242 3585 2303 εἰς

1992 2319 2251 2385 ἐπίδειξιν
2269 2320 2707 2391 ὲκπομπεύουσι,
2732 2321 2872 2391 μετὰ
2890 2320 3192 2391 λαμπάδων
3216 2321 3386 2393 αὐτὴν
3410 2339 3586 2392 παρα·

1992 2406 2305 2476 πέμποντες
2336 2406 2394 2459 ἐν
2428 2406 2636 2477 ἑσπέρᾳ
2674 2405 2904 2478 βαθείᾳ,
2945 2406 3021 2469 ὡς
3047 2408 3214 2460 πᾶσιν
3256 2405 3428 2478 αὐτὴν
3458 2409 3585 2460 ἐπι-

1991 2488 2321 2555 δείκνυσθαι,
2347 2488 2415 2543 δι’
2452 2483 2526 2543 ὧν
2560 2488 2809 2543 ποιοῦσιν
2838 2488 2994 2543 οὐδὲν
3022 2489 3208 2560 ἕτερον
3248 2489 3585 2560 παραινοῦν-

1991 2591 2104 2637 τες,
2132 2573 2165 2643 ﬁ
2197 2574 2279 2627 ὅτι
2314 2574 2495 2627 πᾶσαν
2522 2572 2897 2627 ἀποδύσασθαι
2926 2572 3034 2645 χρὴ
3072 2573 3261 2629 λοιπὸν
3291 2576 3388 2646 τὴν
3424 2574 3582 2631 αἰδώ.

1993 2656 2105 2710 Kal
2130 2655 2253 2709 οὐδὲ
2284 2657 2448 2727 μέχρι
2477 2655 2686 2709 τούτων
2713 2656 2982 2723 ἵστανται,
3007 2656 3144 2711 ἀλλά
3172 2658 3315 2729 μετά
3338 2657 3585 2730 αἰσχρῶν

1996 2739 2255 2811 ῥημάτων
2285 2740 2453 2811 αὐτὴν
2496 2739 2688 2805 ἄγουσι
2711 2758 2725 2773 ο
2754 2741 2851 2795 καὶ
2882 2740 3045 2796 τοῦτο
3071 2743 3238 2814 νόμος
3265 2742 3383 2796 ἐστ)⁸
3429 2743 3587 2815 παρὰ

1992 2826 2105 2888 τοῖς
2149 2822 2387 2886 πολλοῖς.
2437 2824 2549 2877 Kal
2591 2823 2859 2896 δραπέται
2906 2825 3001 2879 καὶ
3054 2826 3343 2896 μαστιγίαι
3398 2827 3588 2898 μυρίοι

1992 2909 2139 2972 τινες
2176 2908 2272 2962 καὶ
2305 2908 2541 2979 ὀλέθριοι
2577 2908 2714 2976 μετὰ
2746 2908 2930 2974 ἀδείας
2958 2908 3144 2963 λοιπὸν
3168 2909 3387 2964 ἀπάντα
3412 2910 3584 2980 φθέγ-

1994 3008 2203 3060 γονται,
2224 2991 2366 3065 ἆπερ
2393 2990 2460 3044 ἂν
2495 2990 2816 3062 βούλωνται,
2848 2992 2929 3056 εἷς
2957 3010 3019 3046 τε
3049 2993 3267 3064 ἐκείνην
3299 2993 3378 3058 εἷς
3404 3011 3464 3046 τε
3494 2994 3587 3048 τὸν

1995 3074 2181 3146 ἐκείνῃ
2222 3076 2492 3127 συνοικεῖν
2546 3073 2846 3145 μέλλοντα·
2896 3075 2993 3129 καὶ
3028 3075 3228 3146 σεμνὸν
3264 3076 3363 3145 μὲν
3396 3076 3585 3141 οὐδὲν,

1997 3159 2176 3212 πάντα
2205 3157 2261 3211 δὲ
2306 3158 2697 3230 ἀσχημοσύνης
2734 3159 2996 3230 γέμοντα.
3040 3159 3226 3232 Καλὴν
3255 3160 3311 3214 δέ
3342 3163 3440 3232 οὐχ
3475 3162 3590 3229 ἕξει

1994 3242 2343 3297 διδασκαλίαν
2381 3241 2738 3314 σωφροσύνης
2761 3245 2795 3314 ἡ
2825 3242 3036 3314 νύμφη,
3063 3243 3293 3299 τοιαῦτα
3326 3245 3424 3316 μὲν
3444 3246 3588 3316 ὀρῶ-

1996 3345 2089 3391 σα,
2128 3327 2357 3383 τοιαῦτα
2390 3325 2448 3380 δὲ
2481 3328 2787 3393 ἀκούουσα;
2830 3328 2941 3381 Kal
2974 3327 3178 3401 ἅμιλλά
3206 3328 3289 3392 τίς
3323 3331 3439 3383 ἐστι
3465 3330 3587 3383 δια-

1995 3411 2187 3483 ϐολικὴ
2216 3411 2324 3465 τῶν
2354 3412 2422 3466 τά
2449 3411 2676 3465 τοιαῦτα
2694 3411 3126 3482 παραινούντων,
3146 3411 3588 3481 ὑπερϐάλλεσθαι

1996 3493 2260 3566 θατέρους
2282 3498 2348 3566 τῇ
2381 3494 2490 3548 τῶν
2520 3494 2741 3548 ὀνειδῶν
2776 3494 2870 3549 καὶ
2898 3497 2965 3564 τῇ
3001 3494 3110 3547 τῶν
3142 3493 3385 3565 αἰσχρῶν
3411 3495 3589 3567 ῥημά-

1995 3594 2105 3631 των
2131 3571 2438 3650 φιλοτῖμίᾳ,
2468 3577 2536 3630 δι’
2571 3572 2649 3632 ὧν
2679 3576 3104 3649 καταισχύνουσι
3125 3577 3254 3641 τοὺς
3280 3578 3586 3643 συνιόντας.

1996 3664 2241 3715 κάκεῖνοι
2265 3663 2588 3734 νικήσαντες
2618 3661 2887 3733 ἀπῆλθον,
2922 3661 3036 3715 ὅσοι
3066 3660 3288 3714 πλείονα
3310 3661 3380 3714 τὰ
3407 3662 3584 3735 ὀνείδη

1996 3746 2093 3798 καὶ
2126 3746 2354 3815 μείζονα
2391 3745 2459 3799 τὰ
2498 3745 2703 3818 αἰσχρὰ
2743 3744 3142 3818 προσέρριψαν.
3185 3744 3297 3798 Kal
3331 3740 3452 3798 οἶδα
3484 3745 3586 3817 μὲν

1995 3828 2075 3880 ὅτι
2109 3828 2367 3899 φορτικός
2400 3829 2483 3892 τίς
2527 3831 2642 3898 εἰμι
2677 3830 2771 3882 καὶ
2800 3827 3047 3899 ἐπαχθὴς
3074 3829 3169 3882 καὶ
3194 3827 3476 3894 δύσκολος,
3508 3828 3587 3892 ὡς

1995 3909 2192 3981 ἡδονήν
2216 3927 2341 3963 τινα
2359 3911 2710 3980 περικόπτων
2728 3911 2824 3964 τοῦ
2851 3910 2990 3979 βίου.
3020 3912 3122 3964 Διά
3146 3911 3256 3983 γάρ
3274 3911 3435 3965 τοῦτο
3457 3928 3586 3964 πεν-

1997 3992 2099 4059 θῶ,
2128 3993 2212 4046 ὅτι
2241 3992 2309 4046 τά
2333 3993 2471 4065 ἀηδῆ
2496 3992 2658 4064 ἡδονή
2683 4010 2769 4056 τις
2792 3990 2933 4047 εἶναι
2958 3994 3294 4064 νενόμισται.
3328 3994 3451 4056 Πῶς
3472 3993 3584 4065 γάρ

1996 4077 2097 4131 οὐκ
2125 4076 2311 4148 ἀηδὲς,
2342 4077 2465 4129 εἰπέ
2490 4093 2603 4145 μοι,
2633 4077 2696 4130 τὸ
2720 4076 3048 4148 ὑϐρίζεσθαι
3076 4077 3173 4130 καὶ
3200 4075 3580 4147 λοιδορεῖσθαι,

1996 4160 2058 4213 τὺ
2087 4158 2238 4231 παρά
2265 4159 2484 4213 πάντων
2509 4157 2877 4228 ἀτιμάζεσθαι
2903 4159 3042 4230 μετά
3062 4159 3162 4230 τῆς
3184 4159 3433 4232 νύμφης;
3461 4161 3584 4215 Κᾶν

2001 4243 2100 4311 μὲν
2130 4239 2211 4308 εἷς
2240 4260 2324 4306 τις
2352 4243 2452 4313 τῆς
2475 4242 2685 4312 ἀγορᾶς
2710 4243 2810 4312 τὴν
2837 4241 3195 4296 συνοικοῦσαν
3219 4243 3348 4316 εῖπῃ
3373 4244 3583 4311 κακῶς,

2001 4327 2173 4398 μυρία
2197 4328 2365 4389 κινεῖς
2399 4325 2735 4397 πράγματα,
2773 4325 2869 4379 καὶ
2904 4324 3139 4379 ἀϐίωτον
3166 4322 3309 4379 εἶναι
3339 4327 3431 4381 τὸν
3467 4326 3585 4398 βίον

1998 4410 2261 4480 νομίζεις
2288 4410 2387 4480 τῆς
2414 4407 2479 4460 δὲ
2519 4407 2729 4472 πόλεως
2763 4407 3047 4479 παρούσης
3074 4409 3297 4480 ἁπάσης
3329 4410 3581 4480 ἀσχημο-

1998 4494 2106 4549 νῶν
2130 4493 2267 4564 μετά
2290 4492 2388 4559 τῆς
2419 4494 2688 4545 συνοικεῖν
2722 4490 3045 4563 μελλούσης,
3075 4492 3287 4563 χαίρεις
3320 4493 3416 4547 καὶ
3446 4493 3581 4546 καλ-

1997 4578 2247 4650 λωπίζῃς
2293 4577 2389 4631 καὶ
2429 4577 2606 4645 πόσης
2638 4576 2815 4630 ταῦτα
2850 4575 3078 4646 μανίας;
3124 4575 3285 4631 Ἀλλά
3322 4577 3582 4649 συνήθεια

1997 4663 2058 4718 τὸ
2080 4661 2317 4733 πρᾶγμά
2338 4663 2476 4725 ἐστι,
2502 4658 2656 4731 φησί.
2685 4661 2785 4713 Διά
2801 4660 2908 4732 γὰρ
2924 4659 3081 4713 τοῦτο
3102 4659 3322 4733 θρηνεῖν
3344 4660 3581 4731 μάλιστα

1998 4746 2169 4812 ἀξιον,
2199 4742 2354 4818 106]
2386 4744 2469 4797 ὅτι
2496 4745 2555 4797 ἐν
2590 4742 2852 4815 συνηθείᾳ
2879 4743 2940 4796 τὸ
2968 4745 3200 4815 πρᾶγμα
3228 4744 3583 4798 κατέκλεισεν

1996 4835 2025 4887 6
2048 4829 2312 4893 διάϐολος.
2348 4827 2567 4899 Ἐπειδὴ
2591 4828 2700 4899 γὰρ
2715 4830 2745 4882 ὀ
2764 4828 2940 4897 γάμος
2962 4826 3197 4899 πρᾶγμά
3216 4830 3332 4882 ἐστι
3357 4829 3579 4899 σεμνὸν,

1996 4917 2090 4972 καὶ
2126 4914 2187 4967 τὸ
2220 4913 2376 4982 γένος
2406 4910 2565 4983 ἡμῶν
2614 4909 2980 4981 συγκροτοῦν,
3009 4913 3122 4979 ,καὶ
3154 4911 3365 4965 πολλῶν
3402 4914 3580 4967 αῖτιον

1993 4998 2219 5067 ἀγαθῶν
2240 5038 2254 5062 ,
2285 4996 2618 5067 δακνόμενος
2641 4997 2671 5048 ὀ
2714 4994 2951 5066 πονηρὸς
2978 4995 3185 5060 ἐκεῖνος
3214 4995 3264 5060 δ,
3300 4998 3394 5052 καὶ
3417 4999 3576 5062 εἰδὼς

1994 5082 2076 5135 ὅτι
2109 5080 2253 5135 κατὰ
2282 5080 2381 5149 τῆς
2413 5078 2670 5151 πορνείας
2720 5076 3177 5148 ἐπιτετείχισται,
3208 5079 3411 5151 ἑτέρως
3442 5098 3578 5152 nop-

1995 5165 2146 5219 νείαν
2173 5164 2455 5231 ἐπεισάγει
2484 5162 2683 5215 πᾶσαν.
2704 5160 2904 5214 Πολλαὶ
2926 5160 3055 5229 γοῦν
3074 5164 3133 5216 ἐν
3161 5165 3281 5225 ταῖς
3303 5163 3579 5226 τοιαύταις

1999 5247 2238 5310 συνόδοις
2263 5246 2358 5300 καὶ
2383 5243 2836 5318 κατῃσχύνθησαν
2867 5244 3149 5316 παρθένοιο
3173 5247 3221 5299 εί
3253 5244 3309 5298 δὲ
3337 5246 3412 5318 μὴ
3439 5264 3579 5302 πανι

1997 5333 2187 5404 ταχοῦ,
2217 5330 2337 5385 ἀλλ’
2361 5328 2619 5401 ἀρκεῖτῷ
2647 5328 2865 5398 δαίμονι
2893 5328 3032 5392 τέως
3056 5329 3240 5383 ἐκεῖνα
3259 5329 3328 5384 τά
3355 5333 3579 5402 ῥήματα

1998 5418 2094 5472 καὶ
2126 5416 2196 5469 τά
2224 5414 2444 5486 ᾄσματα
2476 5414 2661 5466 ἐκεῖνα
2688 5412 2757 5465 τά
2790 5429 2925 5481 πονη
2937 5412 3003 5482 ρά
3024 5452 3039 5477 ,
3072 5414 3166 5465 καὶ
3200 5413 3579 5485 παραδειγμα-

1995 5502 2145 5556 τίσαι
2175 5499 2276 5571 τὴν
2301 5497 2543 5567 νύμφην,
2567 5496 2662 5550 καὶ
2689 5496 3076 5567 ὲκπομπεῦσαι
3108 5496 3203 5549 τὸν
3231 5497 3465 5566 νυμφίον
3485 5497 3579 5550 διὰ

1995 5585 2098 5656 τῆς
2125 5583 2350 5654 ἀγορᾶς.
2381 5577 2493 5634 Εἶτ’
2515 5579 2816 5651 ἐπειδήπερ
2845 5581 2902 5632 ἐν
2924 5578 3134 5649 ἑσπέρᾳ
3152 5579 3324 5633 ταῦτα
3342 5578 3575 5646 γίνεται,

1998 5669 2085 5723 ἴνα
2116 5665 2250 5738 μηδὲ
2280 5665 2342 5718 τὸ
2370 5664 2562 5727 σκότος
2594 5660 3008 5733 παραπέτασμα
3094 5661 3202 5714 τῶν
3242 5662 3428 5714 κακῶν
3456 5661 3578 5714 τούη

1997 5770 2133 5816 των,
2168 5749 2554 5816 ἐπεισάγονται
2581 5745 2864 5817 λαμπάδες
2895 5745 3088 5800 πολλα)⁵
3120 5745 3223 5799 οὐκ
3254 5745 3427 5799 ἐῶσαι
3456 5745 3582 5801 λαν-

2063 5917 2086 5945 ε
2108 5912 2251 5975 “93,.
2275 5913 2449 5975 τρυφῆς
2478 5908 2541 5963 εἷς
2563 5905 2757 5975 κάλλος,
2799 5903 2927 5975 τοι-ιο
2948 5901 3147 5975 mplius.
3175 5961 3187 5975 ι
3210 5897 3414 5975 d_Reg..
3440 5901 3469 5950 δ
3490 5917 3580 5975 για-

1998 5976 2137 6041 νηρὸς
2153 5963 2332 6036 δείμων
2352 5963 2543 6026 ἐκεῖνος.
2574 5968 2682 6021 Mox
2712 5967 2881 6020 Morel.
2907 5963 3056 6024 male,
3081 5963 3199 6026 μετὰ
3222 5969 3305 6023 τῆς
3342 5966 3576 6027 πορνείας.
