3992 6414
253 369 347 428 105

260 525 485 578 lucernae
515 516 861 572 inducuntur
898 511 1104 573 multae,
1134 521 1252 576 quae
1285 501 1672 573 turpitudinem
1696 498 1865 554 latere

263 632 362 671 non
414 611 626 667 sinunt.
675 607 820 675 Quid
873 604 1015 659 enim
1053 601 1152 655 sibi
1197 598 1310 652 vult
1360 595 1527 649 multa
1556 593 1644 647 illa
1675 591 1868 646 turba?

268 705 386 777 quid
426 701 708 758 ebrietas?
758 697 886 769 quid
932 690 1157 748 listnlze?
1188 702 1367 744 nonne
1401 685 1591 777 palam,
1617 691 1698 738 est
1752 680 1869 736 haec

271 776 557 861 adhiberi,
611 803 669 846 ut
724 807 793 844 ne
842 789 876 843 ii
914 784 1164 857 quidem,
1198 781 1287 852 qui
1333 781 1385 833 in
1431 776 1678 832 domibus
1705 782 1866 837 sunt,

273 893 414 963 gravi
442 902 643 943 somno
669 883 851 939 obruti
882 880 994 934 hasc
1022 878 1287 946 ignorent,
1319 871 1413 963 sed
1443 886 1473 925 a
1503 868 1693 924 fistulis
1719 865 1869 921 exci-

277 962 365 1039 tati
410 991 464 1037 et
492 991 733 1049 superne
763 990 827 1028 ex
861 968 1115 1025 cancellis
1148 981 1267 1021 sese
1304 962 1662 1026 inclinantes,
1707 966 1871 1013 testes

276 1076 380 1131 sint
409 1072 555 1127 illius
579 1063 901 1125 comendae?
926 1060 1064 1129 Quid
1090 1057 1291 1113 dixeris
1321 1055 1388 1111 de
1435 1053 1574 1122 ipsis
1609 1049 1868 1115 canticis,

278 1181 400 1237 qua:
441 1162 593 1218 omni
622 1161 779 1229 plena
823 1164 944 1209 sunt
973 1149 1298 1220 impudicitia
1318 1188 1333 1213 ,
1365 1158 1589 1216 quaaque
1611 1139 1872 1237 absurdos

279 1234 496 1313 amores
516 1294 532 1319 ,
563 1250 867 1321 illegitimos
893 1243 1228 1306 concubitus,
1257 1240 1545 1294 domorum
1566 1234 1873 1291 eversiones

277 1363 332 1407 et
361 1352 675 1403 innumeras
699 1343 953 1395 inducunt
974 1335 1284 1406 tragmtlias,
1316 1341 1372 1388 et
1399 1346 1540 1400 smpe
1567 1343 1760 1384 nomen
1787 1325 1873 1381 di.-

283 1441 406 1497 lecti
448 1450 506 1494 et
537 1435 762 1489 amanti
794 1432 1025 1494 habent,
1057 1439 1359 1495 nomenque
1384 1422 1596 1477 dilectae
1625 1430 1679 1473 et
1726 1432 1874 1473 ama-

281 1536 378 1587 sia:
397 1533 424 1586 ’ἔ
460 1529 725 1597 Quodque
751 1523 965 1594 gravi-ts
995 1530 1096 1582 est,
1138 1518 1220 1570 bis
1248 1517 1445 1570 adsunt
1472 1513 1729 1583 virgines,
1756 1522 1876 1579 qua:

281 1640 501 1680 omnem
535 1629 793 1675 exiiernnt
829 1614 1101 1683 pudorem,
1134 1609 1186 1662 in
1216 1608 1473 1661 honorem
1501 1618 1735 1675 sponsaa,
1767 1608 1875 1655 imo

285 1720 338 1773 in
358 1711 785 1774 contumeliam;
812 1718 860 1762 et
890 1708 1118 1761 salutem
1149 1715 1303 1755 suam
1326 1697 1585 1767 produnt,
1620 1696 1868 1762 interque

283 1810 523 1879 juvenes
571 1801 826 1856 indecore
866 1813 925 1853 se
973 1800 1204 1865 gerunt,
1255 1787 1455 1856 ineptis
1500 1784 1788 1841 cantilenis
1817 1788 1872 1838 et

285 1875 478 1955 verbis
496 1891 747 1963 turpibus
767 1905 888 1943 cum
910 1885 1150 1943 satanica
1174 1879 1493 1952 symphonia
1513 1883 1745 1931 utentes.
1766 1875 1865 1929 Atl-

284 1988 487 2049 bncue,
520 1996 724 2050 qna-so,
777 1978 1071 2045 interrogas
1100 1974 1365 2027 undeuam
1411 1966 1709 2024 adulteria?
1737 1964 1878 2020 unde

283 2071 706 2131 fomicationes?
734 2069 872 2123 unde
903 2066 1204 2134 nuptiarum
1235 2060 1608 2130 corruptiones
1629 2059 1652 2110 ?
1675 2059 1745 2112 At
1772 2072 1877 2111 non

283 2171 536 2238 ingenua:
563 2174 616 2217 et
644 2164 878 2215 honestae
899 2200 913 2218 ,
946 2157 1154 2225 inquies
1174 2196 1188 2220 ,
1222 2154 1322 2208 hoc
1348 2152 1568 2207 faciunt.
1602 2148 1712 2204 Cur
1750 2163 1881 2218 ergo

283 2276 372 2313 me
421 2256 650 2316 irrides,
694 2268 813 2306 cum
860 2249 974 2317 ipse
1006 2250 1141 2301 banc
1188 2246 1357 2313 legem
1399 2251 1523 2297 ante
1566 2257 1653 2297 me
1702 2239 1880 2295 scias?

283 2355 419 2407 Nam
462 2351 510 2404 si
543 2349 680 2401 bona
719 2351 845 2397 Slllll
889 2342 976 2395 illa
1001 2382 1016 2407 ,
1061 2339 1178 2393 sine
1221 2337 1341 2390 illas
1378 2349 1592 2405 quoque
1618 2333 1668 2387 id
1697 2346 1877 2403 agere.

285 2447 423 2501 Num
466 2441 593 2512 quia
623 2439 724 2493 ille
754 2438 802 2490 in
835 2440 1149 2505 paupertate
1182 2428 1415 2483 vivunt?
1444 2441 1622 2481 nonne
1664 2434 1718 2481 et
1747 2425 1880 2494 ipsa:

283 2538 523 2607 virgines
550 2540 705 2597 sunt,
737 2530 959 2599 illasque
984 2523 1246 2581 castitatis
1274 2537 1456 2576 curam
1487 2520 1687 2574 habere
1714 2531 1881 2587 opor-

284 2641 354 2684 tet
374 2630 401 2681 ’ἔ
432 2626 585 2680 Nunc
625 2631 801 2676 autem
824 2619 947 2672 dum
970 2616 1131 2671 saltat
1157 2614 1306 2683 virgo
1349 2612 1399 2665 in
1426 2609 1698 2665 communi
1724 2608 1880 2663 theae

286 2736 366 2777 ιιι)
389 2716 781 2789 impudicorum
807 2712 1083 2780 juveuum,
1106 2721 1305 2772 annon,
1325 2718 1528 2775 quasi),
1548 2702 1758 2756 videtur
1785 2700 1882 2756 tibi

288 2818 365 2870 vel
396 2810 686 2868 meretrice
723 2802 1093 2860 inltonestior?
1118 2799 1271 2868 Quod
1320 2800 1363 2853 si
1404 2797 1610 2853 dixeris
1655 2796 1883 2851 ancillas

296 2910 341 2963 id
368 2908 556 2962 facere
574 2945 590 2969 ,
618 2917 791 2972 neque
819 2898 897 2953 sic
923 2898 1081 2951 linem
1109 2894 1247 2949 facio
1276 2903 1328 2948 te
1356 2891 1645 2948 arensandi
1670 2908 1684 2945 :
1710 2904 1886 2963 neque

293 3002 431 3058 anim
460 2998 569 3052 illis
596 2994 646 3048 id
678 2990 959 3061 oportebat
987 2986 1241 3059 permitti.
1761 3036 1765 3041 ,

358 3094 414 3145 7.
442 3087 643 3144 Omnia
671 3084 812 3139 enim
845 3080 972 3135 hinc
998 3078 1135 3133 mala
1177 3077 1444 3141 oriuntur,
1475 3073 1616 3145 quod
1671 3072 1886 3128 familia:

291 3184 492 3240 nullam
536 3178 830 3231 habeamus
873 3172 1180 3235 rationem;
1213 3169 1305 3223 sed
1332 3167 1400 3221 ad
1445 3183 1560 3222 rem
1589 3165 1888 3234 despicien-

290 3280 413 3332 dam
459 3272 595 3328 satis
637 3277 719 3324 est
772 3266 986 3324 dicere.
1030 3262 1229 3319 Servus
1275 3269 1394 3320 est.
1447 3258 1661 3313 ancilla:
1690 3265 1820 3312 sunt
1863 3272 1879 3310 :

291 3367 503 3427 eti:nu.~i
532 3360 771 3433 quotidie
791 3357 1009 3411 audiant
1043 3375 1057 3411 :
1086 3352 1153 3407 In
1179 3352 1381 3408 Christo
1406 3350 1536 3405 Iesu
1563 3367 1665 3404 non
1685 3365 1884 3415 servus,

294 3480 391 3517 non
422 3461 550 3514 liber
580 3464 655 3511 est
709 3452 853 3523 (Gul.
896 3451 950 3505 5.
996 3449 1112 3519 28).
1144 3447 1225 3502 Tu
1255 3463 1382 3500 vero
1420 3458 1618 3514 equum
1670 3442 1886 3514 quidem

297 3571 401 3608 non
441 3549 679 3617 despicis
709 3560 807 3599 nre
836 3543 1045 3596 asinum
1073 3580 1091 3604 ,
1142 3538 1235 3592 sed
1281 3537 1411 3591 nihil
1445 3551 1550 3590 non
1578 3535 1692 3605 agis
1736 3541 1794 3588 ιιι
1823 3549 1891 3590 ne

298 3643 469 3698 vitiosi
514 3643 685 3702 tiant;
730 3649 915 3689 servos
961 3641 1138 3685 autem
1185 3628 1419 3696 deSpicis
1461 3626 1649 3680 eadem
1680 3639 1784 3696 qua
1835 3634 1890 3679 tu

301 3734 554 3806 przcditns
581 3726 803 3783 anima?
835 3724 898 3779 Et
925 3722 1051 3793 quid
1081 3721 1201 3775 dico
1224 3736 1335 3774 seri
1348 3734 1432 3782 os,
1463 3717 1679 3788 quando
1728 3715 1890 3771 etiam

301 3841 351 3884 et
391 3826 536 3880 filios
565 3831 618 3877 et
649 3819 826 3873 lilias?
856 3816 993 3884 Quid
1047 3829 1178 3869 vero
1225 3811 1454 3881 postea?
1483 3809 1720 3864 Necesse
1766 3819 1849 3863 eSt
1874 3847 1889 3872 ,

304 3930 360 3975 ut
379 3919 538 3974 dolor
566 3914 744 3969 statim
778 3912 988 3975 subeat,
1020 3923 1141 3962 cum
1171 3906 1246 3961 illi
1278 3917 1466 3958 omnes
1496 3917 1709 3972 pessum
1732 3909 1890 3966 eant;

303 4027 444 4080 sa’pe
489 4017 674 4063 autem
728 4001 1019 4057 maximum
1069 4013 1281 4068 quoque
1324 3995 1619 4058 damnum,
1669 4008 1794 4047 cum
1839 3991 1891 4045 in

308 4105 458 4159 turba
487 4109 548 4154 ct
592 4095 823 4152 tumultu
867 4093 1031 4147 multa
1058 4105 1219 4144 aurea
1252 4090 1482 4157 pretiosa
1515 4094 1755 4155 pereant.
1790 4085 1892 4139 Dc-

304 4198 427 4254 inde
474 4203 600 4265 post
647 4189 862 4259 nuptias
911 4186 956 4240 si
998 4193 1154 4238 natus
1201 4181 1365 4236 fuerit
1408 4178 1614 4244 infans,
1646 4178 1892 4233 eamdem

307 4290 608 4346 videbimus
658 4280 950 4336 amentiam
993 4287 1047 4331 et
1095 4276 1258 4328 nmlta
1307 4271 1551 4344 symbola
1577 4271 1687 4325 risu
1716 4270 1893 4340 plena.

309 4385 435 4439 Nam
481 4396 609 4437 cum
656 4375 841 4430 infanti
875 4388 1068 4426 nomen
1100 4371 1377 4439 imponere
1406 4365 1739 4433 oportuerit,
1789 4380 1895 4418 non

308 4486 615 4533 sanctorum
646 4469 860 4525 nomine
894 4463 1166 4534 appeiiant
1190 4501 1205 4525 ,
1237 4469 1293 4512 ιιι
1338 4468 1550 4512 veteres
1576 4457 1702 4509 olim
1734 4453 1896 4509 facie-

312 4572 466 4634 bant;
495 4563 593 4620 sed
640 4559 880 4616 acet-usis
927 4554 1157 4611 lucernis
1190 4551 1385 4622 quibus
1414 4549 1631 4603 nomina
1663 4547 1895 4613 indunt,

313 4670 434 4716 nato
462 4671 662 4713 nomen
689 4652 877 4706 indunt
902 4648 1039 4716 ejus,
1069 4661 1188 4716 qua:
1215 4643 1417 4698 diutius
1444 4642 1618 4695 lucem
1649 4640 1896 4705 dederit;

316 4756 437 4809 hinc
461 4748 816 4820 conjicienles
838 4744 1068 4797 futurum
1097 4748 1152 4793 ut
1178 4736 1273 4791 diu
1301 4736 1465 4790 vivat.
1499 4733 1700 4789 Deinde
1726 4733 1774 4787 si
1801 4733 1902 4788 im-

316 4855 581 4900 maturum
606 4845 778 4893 morte
804 4832 1003 4899 corripi
1028 4829 1347 4899 contigerit,
1394 4835 1453 4879 ut
1492 4839 1637 4895 smpe
1664 4823 1900 4890 accidit,

319 4939 515 4995 multus
560 4941 814 5001 sequetur
835 4925 1033 4982 diaboli
1065 4923 1224 4989 risus,
1257 4918 1399 4992 quod
1431 4918 1555 4973 illos
1581 4932 1680 4973 ceu
1708 4918 1904 4973 stultos

323 5045 513 5103 pueros
538 5021 917 5083 ludificaverit.

409 5120 681 5194 Ligamina
736 5126 783 5173 et
847 5112 1157 5184 crepitacula
1225 5107 1581 5178 superstitiosa
1606 5147 1621 5169 ,
1693 5105 1909 5173 alia:th

320 5213 718 5272 superstitiones.
743 5205 968 5272 ——Qnid
1017 5203 1217 5259 dixeris
1263 5201 1332 5255 de
1360 5197 1705 5270 ligaminibus
1744 5205 1801 5250 et
1841 5194 1912 5250 de

320 5276 659 5375 crepitacillis
686 5298 868 5356 manui
895 5295 1147 5368 appensis
1173 5302 1227 5349 et
1254 5292 1325 5348 de
1351 5291 1582 5345 stamine
1607 5289 1862 5344 coccineo
1891 5327 1907 5352 ,

320 5403 495 5469 deque
514 5398 635 5453 aliis
658 5393 843 5449 nndtis
868 5388 1073 5446 insania
1102 5386 1309 5458 plenis;
1333 5398 1454 5438 cum
1477 5390 1751 5452 oporteret
1779 5380 1911 5435 nihil

322 5491 466 5548 aliud
495 5505 664 5561 puero
704 5488 1112 5551 circumponere
1130 5521 1146 5546 ,
1175 5494 1333 5550 quam
1362 5476 1540 5532 crucis
1565 5473 1911 5529 custodiam?

320 5585 473 5641 Nunc
496 5592 677 5637 autem
708 5578 798 5633 hic
841 5573 1058 5646 quidem
1094 5568 1377 5641 despectui
1417 5576 1501 5624 est
1529 5566 1773 5631 habitus,
1822 5563 1919 5635 qui

322 5679 583 5736 convertit
616 5683 785 5728 totmn
816 5667 1003 5723 orbem
1032 5674 1293 5719 terrarum
1315 5702 1331 5726 ,
1361 5669 1411 5715 et
1450 5672 1668 5728 gravem
1700 5655 1917 5710 diabolo

328 5776 532 5843 plagam
589 5766 786 5823 inﬂixit
820 5771 1093 5828 totamque
1122 5757 1238 5826 ejus
1281 5754 1573 5824 potentiam
1617 5749 1919 5843 subvertit:

328 5840 643 5938 Subtcgmrn
684 5867 866 5916 autem
898 5862 953 5910 et
996 5861 1202 5907 stamen
1241 5846 1457 5917 aliaque
1486 5842 1735 5915 ligamina
1764 5840 1914 5896 sitni-

1374 348 1435 405 IN
1475 344 1691 402 EPIST.
1736 343 1754 398 ι
1818 341 1908 397 AD
1943 340 2102 398 COR.
2142 341 2369 399 llOMlL.
2416 345 2528 402 XII.

3465 360 3563 418 Ιθιῆ

1985 458 2083 524 lia,
2132 474 2193 515 ea
2224 470 2349 515 sunt
2387 464 2540 532 queis
2583 462 2820 521 creditur
2860 469 3009 538 pueri
3065 473 3246 530 tutela.
3306 475 3561 535 Dicatnne

1972 549 2115 605 aliud
2141 552 2309 623 magis
2334 552 2655 610 ridiculum?
2680 554 2785 612 Sed
2814 575 2974 614 nemo
3016 578 3115 618 nos
3143 565 3563 636 importunitatis

1971 652 2215 710 accuset,
2246 643 2291 698 si
2331 660 2568 718 eousque
2594 648 2847 717 procedat
2876 653 3069 709 oratio.
3102 654 3232 711 Nam
3261 658 3351 730 qui
3381 671 3566 731 putre-

1973 730 2152 787 dinem
2188 735 2297 789 vult
2332 737 2647 805 emundare,
2678 754 2786 795 non
2818 743 3088 800 recusabit
3114 747 3261 816 prius
3282 730 3565 821 inquinare

1976 839 2166 879 manus
2205 840 2349 883 suas.
2381 828 2642 895 Quidnam
2674 847 2802 904 ergo
2826 845 2908 890 est
2934 835 3035 892 hoc
3060 838 3380 898 ridiculum?
3410 845 3562 912 Quod

1976 918 2190 988 quidem
2232 921 2363 977 nihil
2388 938 2510 979 esse
2552 924 2799 993 videtur,
2827 929 3058 1002 ideoque
3080 934 3413 1004 ingemisco;
3468 943 3566 997 scd

1976 1021 2059 1065 est
2086 1012 2405 1084 principium
2438 1016 2659 1073 insanire
2687 1029 2740 1075 et
2766 1030 3023 1080 extremae
3050 1025 3341 1085 dementia:
3370 1031 3386 1063 ¹
3408 1071 3422 1088 .
3456 1031 3564 1088 Lu-

1979 1115 2089 1160 tum
2125 1106 2379 1164 mulit-res
2402 1109 2454 1164 in
2482 1110 2676 1168 balneo
2701 1114 3046 1186 accipientes,
3076 1123 3312 1178 nutrices
3337 1165 3353 1190 ,
3386 1133 3440 1179 et
3464 1141 3561 1180 an-

1977 1198 2147 1266 cilla},
2180 1198 2345 1270 digito
2371 1200 2669 1274 tingentes,
2700 1206 2755 1261 in
2797 1210 2947 1278 pueri
2995 1208 3171 1268 fronte
3212 1213 3563 1285 imprimunt:

1979 1302 2034 1347 ct
2074 1293 2120 1349 si
2174 1295 2292 1366 quis
2340 1296 2665 1368 interroget,
2698 1299 2837 1369 Quid
2883 1303 2984 1360 sibi
3028 1306 3146 1361 vult
3186 1307 3387 1378 lutum,
3437 1314 3567 1383 quid

1979 1401 2192 1443 CtBnum
2212 1389 2235 1442 ἲ
2256 1389 2448 1444 Malum
2474 1393 2665 1448 avertit
2686 1395 2921 1462 oculum,
2947 1398 3213 1470 inquiunt,
3237 1403 3567 1476 livoremque

1979 1493 2035 1536 et
2063 1480 2339 1540 invidiam.
2372 1484 2550 1556 Pap-u,
2576 1498 2771 1557 quanta
2797 1492 2877 1543 vis
2908 1490 3025 1557 luti,
3054 1503 3251 1563 quanta
3279 1497 3419 1552 caeni
3461 1513 3559 1567 po.

1982 1577 2186 1630 testas?
2216 1585 2428 1633 tantane
2448 1588 2505 1632 ut
2539 1589 2701 1635 totam
2730 1581 2930 1638 diaboli
2956 1585 3128 1641 aciem
3157 1589 3421 1662 proﬂiget.
3453 1593 3568 1650 Non

1983 1668 2208 1737 pudore,
2239 1684 2440 1737 quaeso,
2476 1673 2902 1730 sntfmidemini?
2933 1692 3038 1732 non
3069 1679 3151 1733 vel
3183 1695 3306 1737 sero
3357 1683 3569 1740 tandem

1982 1762 2178 1818 diaboli
2229 1762 2450 1834 laqueos
2505 1767 2846 1837 intelligetis,
2903 1773 3177 1842 quomodo
3229 1776 3298 1831 ab
3352 1778 3570 1836 ineunte

1982 1861 2140 1908 mtate
2184 1855 2462 1910 machinas
2487 1872 2612 1913 suas
2659 1859 2910 1928 paulatim
2944 1861 3196 1919 inducat?
3221 1865 3355 1921 Nam
3401 1869 3448 1926 si
3489 1871 3573 1925 ln-

1987 1955 2095 1998 lutn
2125 1945 2226 2001 hoc
2253 1945 2433 2011 faciat,
2463 1964 2559 2003 cur
2585 1966 2689 2003 non
2722 1960 2780 2006 tu
2828 1953 2880 2007 in
2911 1954 3087 2011 fronte
3116 1966 3198 2012 tu:
3234 1959 3463 2030 idipsum
3492 1962 3573 2017 fa-

1984 2038 2064 2091 cis
2087 2078 2101 2099 ,
2131 2052 2253 2093 cum
2297 2038 2379 2093 vir
2404 2040 2479 2094 sis
2505 2049 2560 2096 et
2608 2043 2763 2111 plena
2806 2054 2964 2100 tetate
2983 2088 2996 2110 ,
3021 2057 3073 2103 et
3114 2049 3394 2120 plusquam
3444 2071 3575 2125 puer

1984 2127 2195 2185 invidos
2222 2129 2462 2186 habeas?
2484 2148 2583 2187 cur
2611 2150 2716 2188 non
2746 2136 2857 2191 luto
2908 2139 3069 2194 illinis
3118 2151 3289 2197 totum
3336 2151 3577 2218 corpus?

1986 2237 2108 2276 nam
2137 2222 2182 2278 si
2215 2223 2267 2279 in
2296 2222 2476 2280 fronte
2506 2236 2708 2283 tantam
2733 2228 2893 2286 habet
2922 2236 3196 2296 virtutem.
3229 2253 3326 2293 cur
3365 2256 3471 2295 non
3525 2251 3577 2298 te

1985 2325 2154 2372 totum
2186 2319 2296 2373 luto
2324 2320 2574 2397 inungis?
2604 2322 2728 2378 llaec
2754 2332 2879 2380 sunt
2905 2327 3044 2383 risus
3071 2339 3124 2384 et
3148 2333 3410 2405 comoedia
3440 2345 3576 2390 sata-

1985 2411 2104 2465 nica
2131 2452 2145 2474 ,
2177 2427 2297 2482 qua:
2324 2429 2429 2467 non
2454 2414 2519 2468 ad
2550 2415 2850 2472 irrisionem
2880 2427 3087 2475 tantum
3113 2462 3128 2487 ,
3156 2424 3250 2479 sed
3282 2425 3349 2480 ad
3374 2428 3577 2497 gehen-

1987 2518 2110 2557 nam
2168 2505 2468 2572 prazripitat
2519 2522 2612 2561 eos
2652 2510 2741 2578 qui
2801 2510 3160 2582 decipiuntur.
3216 2517 3380 2574 Certe
3436 2522 3576 2590 quod

1985 2595 2125 2665 apud
2156 2595 2375 2652 Gnaeos
2408 2598 2528 2652 talia
2560 2600 2706 2664 fiant,
2732 2602 2926 2657 mirum
2954 2620 3060 2660 non
3082 2615 3202 2674 est;
3230 2605 3375 2680 quod
3397 2620 3577 2668 autem

1986 2686 2125 2756 apud
2155 2702 2248 2742 eos
2277 2689 2364 2758 qui
2390 2704 2605 2745 crucem
2636 2691 2861 2747 adorant
2888 2735 2903 2760 ,
2944 2703 2999 2751 et
3023 2700 3400 2769 mysteriorum
3429 2718 3579 2760 arca-

1989 2796 2178 2836 norum
2227 2781 2516 2851 participes
2541 2794 2704 2850 sunt,
2734 2793 2788 2839 et
2830 2794 2977 2842 tanta
3028 2788 3495 2864 philosophantur,
3526 2798 3577 2852 id

1987 2886 2133 2930 certe
2173 2876 2354 2931 multis
2384 2876 2636 2948 lacrymis
2662 2886 2743 2933 est
2772 2878 3012 2949 dignum.
3061 2883 3203 2939 Deus
3231 2894 3282 2940 te
3314 2899 3582 2956 unguento

1990 2971 2254 3040 spirituali
2281 2971 2589 3037 honoravit,
2617 2983 2672 3028 ct
2698 2985 2750 3029 tu
2785 2976 2895 3030 luto
2922 2977 3088 3033 lilium
3118 2979 3411 3053 deturpas?
3443 2986 3581 3041 Deus

1992 3075 2046 3122 te
2069 3065 2381 3131 decoravit,
2413 3075 2461 3121 et
2498 3074 2550 3120 tn
2577 3069 2805 3137 teipsnm
2831 3069 3167 3128 dedecoras?
3195 3083 3249 3129 et
3271 3088 3392 3131 cum
3424 3093 3583 3148 opor-

1994 3166 2132 3211 teret
2153 3158 2204 3211 in
2228 3156 2406 3214 fronte
2431 3174 2644 3214 crucem
2667 3160 3006 3231 adscribere,
3030 3180 3150 3234 quae
3167 3166 3580 3237 insuperabilrm

1996 3251 2214 3306 tutelam
2242 3250 2484 3322 prmbct;
2519 3264 2573 3307 tu
2601 3252 2685 3308 his
2723 3255 2960 3310 dimissis
2988 3256 3039 3311 in
3067 3259 3361 3315 satanicam
3394 3277 3585 3317 amen-

1997 3344 2121 3399 tiam
2149 3344 2391 3400 decidis?
2417 3346 2471 3401 Si
2490 3346 2684 3417 quibus
2704 3357 2882 3404 autem
2903 3347 3018 3405 haec
3032 3366 3193 3422 parva
3224 3368 3343 3409 esse
3365 3356 3588 3412 videan-

1997 3447 2117 3506 tur,
2145 3439 2357 3495 discant
2400 3441 2450 3496 id
2494 3457 2615 3499 esse
2659 3459 2973 3514 magnorum
3015 3462 3233 3501 causam
3278 3449 3539 3505 malorum
3569 3493 3585 3519 ,

1998 3550 2170 3604 neque
2192 3535 2357 3590 Paulo
2376 3536 2550 3591 visum
2574 3536 2736 3592 fuisse
2767 3552 2925 3606 parva
2950 3539 3240 3610 negligere.
3259 3542 3395 3608 Quid
3418 3544 3586 3611 enim,

1996 3643 2200 3698 qttmso,
2233 3628 2411 3684 minus
2434 3639 2538 3695 est,
2566 3644 2726 3699 quam
2751 3637 2807 3685 ut
2834 3630 2994 3685 homo
3021 3643 3179 3702 caput
3208 3635 3455 3703 operiat?
3481 3636 3586 3692 Sed

2001 3720 2118 3775 vide
2142 3729 2395 3791 quantam
2428 3720 2587 3791 hujus
2614 3719 2692 3775 rei
2718 3737 2900 3775 curam
2927 3721 3119 3778 habeat
3138 3764 3155 3790 ,
3177 3732 3371 3780 etcum
3393 3738 3589 3799 quanta

2001 3812 2283 3880 prohibeat
2309 3812 2645 3866 vehementia
2669 3853 2686 3879 ,
2736 3821 2848 3868 tum
2874 3814 2977 3868 alia
3016 3815 3178 3869 multa
3209 3816 3428 3884 dicens,
3479 3828 3588 3873 tum

2000 3903 2140 3972 quod
2172 3912 2507 3968 capntsuum
2529 3902 2848 3958 dehonestet
2879 3905 2928 3975 (Ι
2965 3905 3083 3961 Cor.
3107 3908 3193 3962 ll.
3218 3907 3296 3978 tl).
3328 3909 3383 3963 Si
3410 3920 3587 3963 autem

2001 3998 2091 4069 qui
2140 3997 2268 4066 legit
2327 4005 2480 4063 Capttl
2511 4035 2526 4060 ,
2571 3997 2745 4066 ipsum
2794 3996 3149 4062 dehonestat;
3181 4000 3272 4068 qui
3310 3999 3420 4054 luto
3460 4002 3587 4055 illud

2004 4090 2192 4160 ungit,
2240 4088 2511 4159 quomodo
2541 4104 2646 4142 non
2676 4104 2899 4158 puerum
2928 4089 3101 4145 reddit
3127 4091 3541 4148 abominandum
3569 4096 3591 4148 ?

2002 4179 2291 4252 quomodo,
2322 4194 2526 4250 quasso,
2559 4179 2778 4234 addurit
2807 4195 2928 4234 eum
2961 4181 3027 4236 ad
3058 4198 3249 4238 manus
3269 4185 3596 4240 sacerdotis?

2002 4274 2272 4344 quomodo
2300 4273 2554 4342 precaris,
2583 4282 2641 4325 ut
2666 4273 2965 4344 presbyteri
2995 4289 3154 4328 mantt
3179 4277 3508 4345 signaculum
3537 4287 3590 4332 in

2004 4366 2179 4420 fronte
2202 4376 2507 4434 apponatur
2535 4402 2549 4426 ,
2602 4363 2690 4418 ubi
2722 4365 2830 4417 luto
2859 4365 3098 4419 tinxisti?
3122 4365 3229 4431 Ne,
3260 4367 3454 4423 fratres
3476 4412 3489 4433 ,
3531 4387 3596 4424 nc

2006 4458 2122 4514 lucc
2144 4458 2385 4522 faciatis;
2419 4456 2513 4511 sed
2539 4458 2607 4511 ab
2635 4457 2850 4512 ineunte
2876 4468 3032 4512 attate
3057 4474 3248 4528 pueros
3298 4461 3587 4529 spiritualiv

2007 4554 2110 4609 bus
2154 4551 2320 4606 armis
2367 4551 2571 4604 nmnitc
2591 4589 2606 4615 ,
2637 4558 2692 4603 et
2721 4549 2912 4603 docete
2936 4564 3030 4604 eos
3053 4565 3212 4603 manu
3261 4550 3491 4606 frontem
3520 4570 3562 4606 si
3583 4585 3595 4592 -

2007 4659 2208 4717 gnare;
2240 4644 2401 4700 etiam
2429 4643 2580 4712 prius
2602 4656 2760 4712 quam
2810 4642 3010 4712 possint
3050 4644 3152 4697 hoc
3192 4658 3351 4697 manu
3382 4642 3558 4698 facere
3584 4685 3599 4712 ,

2011 4752 2104 4792 vos
2132 4735 2231 4805 ipsi
2261 4733 2341 4789 eis
2365 4748 2581 4789 crucem
2612 4733 2924 4802 imprimite.

2083 4832 2425 4901 Prwﬁcurum
2460 4845 2599 4882 usus.
2623 4825 2847 4893 -—Quid
2878 4826 3078 4881 dixeris
3104 4826 3171 4881 de
3198 4827 3317 4881 aliis
3348 4829 3600 4882 sataniuis

2013 4923 2482 4983 observationibus
2525 4922 2577 4974 in
2620 4919 2895 4975 doloribus
2925 4920 3060 4974 uteri
3089 4928 3142 4974 et
3178 4920 3229 4973 in
3261 4931 3413 4990 partu
3446 4921 3600 4975 adhi-

2014 5021 2162 5086 bitis,
2186 5033 2318 5090 quas
2339 5014 2658 5073 obstetrices
2682 5014 2735 5069 in
2762 5015 2952 5083 capitis
2973 5014 3055 5067 sui
3079 5014 3276 5068 malum
3308 5015 3604 5071 inducunt?

2015 5112 2085 5169 de
2140 5112 2208 5166 iis
2250 5110 2377 5165 item
2407 5124 2525 5180 qua:
2567 5108 2618 5161 itt
2650 5113 2823 5161 morte
2847 5145 2864 5172 ,
2901 5113 2955 5160 et
2988 5120 3109 5159 cmn
3142 5121 3340 5177 corpus
3383 5108 3600 5164 effertur

2018 5205 2378 5269 adhibentur;
2406 5201 2635 5273 ejulatus
2664 5215 2855 5268 nempe
2876 5242 2891 5266 ,
2925 5200 3170 5270 p'anctns
3201 5200 3372 5257 insani
3400 5245 3414 5269 ,
3445 5205 3609 5259 stulta

2018 5299 2073 5355 in
2112 5294 2372 5369 sepulcris
2415 5294 2668 5360 admissa,
2698 5295 2839 5347 circa
2868 5303 3209 5347 monumenta
3240 5295 3499 5361 studium,
3524 5297 3612 5351 in-

2024 5390 2402 5461 tempcstivum
2445 5397 2500 5442 et
2546 5386 2829 5442 ridiculum
2862 5386 3195 5456 pra-{irarum
3227 5404 3417 5457 agmen
3443 5432 3459 5456 ,
3494 5389 3608 5443 die—

2025 5499 2143 5540 rum
2169 5479 2594 5543 observationes,
2626 5492 2833 5533 necnon
2860 5478 3134 5549 ingrcssns
3163 5487 3214 5532 et
3252 5480 3470 5533 exitus?
3503 5479 3607 5532 llo-

2029 5594 2217 5633 rmnne
2240 5617 2256 5642 ,
2307 5591 2489 5643 qua's‘o
2514 5613 2528 5636 ,
2561 5571 2775 5627 venaris
2799 5569 3066 5641 gloriam?
3103 5578 3157 5624 et
3183 5570 3454 5640 quomodo
3499 5569 3614 5626 iure

2086 5710 2104 5743 ¹
2130 5707 2223 5758 llic
2244 5707 2384 5757 locus
2423 5705 2493 5755 sic
2517 5702 2682 5766 habet;
2702 5701 2750 5766 in
2777 5715 2875 5750 uno
2903 5701 3067 5766 Reg;
3100 5695 3239 5766 Quod
3263 5693 3459 5766 quidem
3486 5691 3613 5766 nihil

2022 5753 2612 5832 naM-{ntalipia-isque
2634 5763 2842 5832 videtur.
2872 5763 2958 5811 sed
2976 5753 3049 5811 ἓδι
3071 5753 3365 5822 principium
3388 5753 3614 5806 inermiu—

2027 5832 2197 5895 titatis,
2219 5837 2269 5883 et
2288 5836 2521 5883 extrema:
2538 5830 2792 5878 uenientia;
2819 5835 2955 5888 opus.
