3992 6390
439 386 538 441 107

441 515 547 555 non
577 504 825 553 extremm
863 489 1146 548 dementi-.e
1177 486 1374 543 fuerint
1394 526 1408 551 ,
1441 485 1714 539 hominum
1743 482 1813 537 ita
1851 488 2028 535 mente

441 605 820 671 corruptorum
844 600 900 647 et
926 590 1101 646 omnia
1131 597 1330 640 temere
1351 583 1619 654 agentium
1642 581 1862 650 gloriam
1885 593 2028 647 quae-

442 704 586 754 rere,
607 703 730 743 cum
757 692 1030 754 oporteret
1056 693 1265 747 semper
1291 675 1358 730 ad
1393 675 1689 730 insomnem
1731 672 1877 724 illum
1895 685 2017 723 coo-

443 785 629 851 lugere
658 779 873 835 oculum
895 818 908 840 ,
939 784 993 829 ct
1019 773 1130 843 ejus
1158 770 1479 826 sententiam
1511 775 1816 836 Spectantes
1847 763 2026 817 omnia

445 878 624 929 facere
669 887 731 926 ac
755 867 980 924 dicere?
1011 866 1070 920 lli
1095 873 1241 918 certe
1268 862 1478 917 etiamsi
1507 858 1743 920 laudent,
1774 854 1903 909 nihil
1933 869 2026 906 vos

439 969 627 1038 iuvare
658 970 910 1034 poterunt
938 978 950 1012 :
976 960 1066 1013 ille
1091 973 1239 1021 vero,
1263 956 1306 1010 si
1329 964 1475 1025 gesta
1503 961 1682 1006 nostra
1707 949 1806 1020 ipsi
1831 946 2027 1001 fuerint

442 1093 456 1101 _
489 1073 1736 1100 _______________________.

438 1302 566 1357 CU’.
596 1301 650 1354 4.
683 1314 738 1354 v.
770 1295 858 1352 10.
902 1293 1014 1348 Nos
1056 1291 1194 1346 stulti
1226 1296 1427 1361 propter
1471 1284 1722 1338 Christum
1759 1279 2016 1351 (necesse

509 1394 652 1450 enim
696 1399 780 1446 est
809 1389 934 1442 hinc
975 1400 1184 1440 rursum
1217 1394 1518 1435 sermonem
1564 1373 1908 1439 resumere);
1941 1385 2026 1421 vos

510 1494 682 1538 autem
711 1479 983 1550 prudentes
1007 1479 1060 1529 in
1087 1474 1288 1529 Christo
1318 1487 1335 1524 :
1365 1485 1456 1522 nos
1501 1464 1712 1533 inﬁrmi,
1745 1479 1830 1516 vos
1861 1469 2032 1513 autent

514 1582 707 1648 fortes;
736 1589 821 1626 vos
845 1568 1076 1640 gloriosi,
1107 1582 1198 1618 nos
1229 1572 1395 1616 autem
1417 1557 1639 1630 inglorii.

513 1673 572 1726 I.
616 1669 905 1737 Postquam
934 1662 1195 1734 gravitate
1240 1657 1406 1712 multa
1436 1667 1738 1709 sermonem
1776 1648 2030 1716 impleve—

440 1775 546 1829 rat,
594 1760 648 1815 id
687 1758 830 1830 quod
879 1756 1022 1811 onmi
1071 1752 1296 1808 crimine
1343 1741 1887 1818 majorem‘inl‘erebat
1922 1741 2032 1809 pla-

441 1870 586 1926 gam,
620 1853 708 1906 hic
737 1865 858 1904 cum
890 1847 1148 1916 dignitate
1181 1843 1279 1897 sibi
1316 1837 1632 1910 congruenti
1658 1835 1761 1888 hoc
1792 1841 1983 1887 tractat
2012 1846 2028 1883 :

443 1925 499 2004 et
527 1962 649 2001 cum
682 1944 926 2006 dixisset,
971 1940 1097 1994 Sine
1125 1936 1267 1991 nobis
1304 1932 1595 2005 regnastis;
1636 1937 1712 1994 et,
1761 1925 1898 1979 Deus
1941 1939 2032 1976 nos

444 2037 746 2092 novissimos
799 2032 1035 2096 ostendit,
1090 2039 1348 2097 tamquam
1391 2033 1540 2077 morti
1584 2019 1892 2079 destinatos;
1938 2029 2033 2084 per

443 2129 722 2200 sequentia
764 2125 998 2181 ostendit
1029 2119 1298 2192 quomodo
1348 2115 1506 2172 morti
1537 2111 1788 2169 destinati
1828 2115 2030 2174 essent,

443 2225 630 2277 dicens
659 2238 674 2275 :
707 2219 817 2275 Nos
860 2217 998 2273 stulti
1028 2225 1072 2270 et
1110 2212 1302 2282 inﬁrmi
1328 2222 1375 2265 et
1405 2208 1630 2280 inglorii,
1663 2206 1751 2260 lI.
1792 2213 1838 2257 et
1869 2203 2034 2256 esuri-

425 2332 556 2369 ‘mus
585 2323 632 2368 et
657 2313 876 2374 sitinms,
907 2318 951 2362 et
981 2306 1105 2360 nudi
1134 2321 1328 2369 sumus,
1359 2315 1407 2358 et
1446 2299 1674 2369 colaphis
1699 2295 1960 2355 credimur,
1988 2301 2035 2346 et

445 2403 702 2460 instabiles
745 2417 934 2464 sumus,
975 2398 1064 2451 1‘2.
1101 2407 1147 2450 et
1185 2395 1471 2448 laboramus
1510 2399 1774 2461 aperantes
1805 2387 2036 2440 manibus

444 2497 633 2550 nostris
665 2510 683 2548 :
711 2509 830 2564 quae
870 2490 1061 2546 indicia
1093 2504 1218 2543 vere
1248 2496 1400 2541 erant
1425 2484 1705 2540 ductorum
1737 2489 1791 2536 et
1816 2487 2034 2550 aposto-

445 2589 638 2642 lorum.
659 2588 728 2639 At
754 2584 826 2639 illi
855 2583 906 2637 in
927 2580 1211 2636 contrariis
1235 2579 1397 2632 altum
1419 2575 1720 2644 sapiebant,
1751 2573 1802 2626 in
1828 2570 2038 2639 sapien-

446 2682 538 2740 tia,
573 2679 623 2731 in
649 2676 839 2747 gloria,
870 2675 922 2728 in
950 2673 1174 2738 divitiis,
1205 2669 1347 2740 quod
1377 2669 1786 2721 honorarentur.
1818 2661 1884 2717 Ut
1910 2675 2039 2728 ergo

449 2774 660 2826 illorum
682 2771 874 2824 fastum
905 2767 1190 2835 deprimat,
1218 2775 1270 2817 et
1293 2759 1544 2817 ostendat
1567 2760 1617 2813 in
1651 2758 1716 2812 iis
1749 2771 1854 2810 non
1879 2753 2040 2808 modo

449 2880 556 2917 non
583 2860 821 2932 gloriari,
849 2857 942 2912 sed
970 2857 1130 2912 etiam
1160 2853 1363 2924 pudore
1393 2851 1531 2904 allici
1563 2856 1831 2918 oportere,
1868 2845 2040 2914 primo

448 2957 572 3011 illos
603 2952 832 3007 traducit
858 2949 1064 3015 dicens,
1091 2947 1216 3002 Sine
1254 2944 1396 2999 nobis
1425 2943 1694 3014 regnastis.
1741 2940 1855 3008 Ego
1896 2938 2039 2992 enim

449 3047 590 3106 dico,
625 3042 816 3114 inquit,
847 3055 1082 3110 praesens
1115 3048 1323 3105 tempus
1350 3051 1454 3090 non
1481 3033 1701 3087 honoris
1725 3045 1899 3098 neque
1923 3030 2040 3099 glo-

453 3137 545 3190 ria:
574 3150 716 3199 esse,
750 3133 902 3204 queis
931 3146 1025 3185 vos
1069 3129 1339 3190 l‘ruimini;
1384 3125 1478 3180 sed
1513 3121 1946 3194 persequutionis
1989 3127 2042 3173 et

451 3227 926 3292 contumeliarum,
959 3238 1092 3294 quas
1140 3239 1237 3276 nos
1281 3220 1529 3290 patimur.
1561 3216 1711 3284 Quod
1754 3216 1800 3269 si
1827 3213 1928 3267 hoc
1970 3212 2042 3266 ita

455 3338 560 3374 non
592 3320 680 3384 sit,
710 3318 809 3374 etsi
832 3317 942 3387 jam
974 3324 1183 3383 tempus
1205 3310 1652 3366 remunerationis
1677 3307 1767 3372 sit,
1801 3316 1859 3360 ut
1889 3304 2042 3358 video

456 3413 585 3482 (hoc
623 3422 803 3466 autem
829 3425 923 3480 per
955 3408 1180 3462 ironiam
1221 3404 1396 3474 dicit),
1429 3417 1524 3456 vos
1555 3401 1768 3472 quidem
1796 3398 2041 3468 discipuli

451 3506 568 3576 jam
602 3505 901 3574 regnastis;
937 3517 1036 3554 nos
1076 3508 1252 3551 autem
1300 3495 1547 3550 doctores
1575 3502 1627 3548 et
1673 3491 1922 3561 apostoli,
1953 3489 2041 3558 qui

457 3606 588 3652 ante
637 3609 826 3651 omnes
876 3589 1182 3647 mercedem
1230 3589 1474 3657 accipere
1529 3584 1877 3647 debebamus,
1937 3596 2041 3635 non

452 3687 618 3743 modo
644 3687 797 3742 vobis
838 3683 1166 3755 posteriores
1206 3696 1408 3744 sumus,
1453 3679 1547 3733 sed
1596 3678 1755 3732 etiam
1790 3687 1845 3730 ut
1884 3675 2042 3729 morti

458 3781 731 3845 destinati,
774 3777 825 3833 id
854 3787 937 3831 est
979 3775 1242 3839 damnati,
1282 3787 1493 3841 semper
1535 3771 1586 3824 in
1629 3769 1940 3839 ignominia,
1991 3768 2042 3821 in

466 3871 741 3942 periculis,
773 3870 823 3922 in
851 3868 991 3922 fame
1029 3866 1288 3935 degimus,
1322 3861 1642 3917 contumelia
1685 3860 1862 3914 alie-eti
1906 3869 2044 3912 tam-

456 3981 614 4034 quam
663 3961 829 4028 stulti,
878 3959 1011 4030 pulsi
1067 3967 1122 4013 et
1179 3956 1533 4011 intolerabilia
1577 3954 1856 4024 patientes.
1918 3952 2044 4006 litec

460 4071 621 4120 porro
648 4053 880 4118 dicebat,
915 4062 971 4104 ut
998 4065 1063 4104 ex
1095 4049 1159 4104 iis
1189 4048 1534 4118 persuaderet
1566 4047 1715 4116 ipsis,
1743 4046 1884 4117 quod
1915 4060 2045 4116 apo-

457 4149 721 4202 stolorum
753 4156 902 4216 gesta
929 4143 1190 4198 deberent
1217 4142 1475 4204 :emulari,
1504 4140 1741 4210 pericula
1774 4154 1967 4208 nempe
1993 4148 2048 4192 ct

465 4239 842 4300 Contumelias,
896 4252 1003 4290 non
1035 4246 1211 4290 autem
1245 4235 1500 4288 honorem
1549 4243 1600 4287 et
1638 4231 1860 4302 gloriam
1895 4248 1907 4284 :
1943 4246 2046 4284 non

461 4331 606 4385 enim
652 4329 761 4394 illa,
801 4327 895 4383 sed
926 4327 1042 4382 lucc
1071 4325 1303 4396 postulat
1346 4324 1671 4394 praedicatio.
1702 4323 1805 4379 Sed
1835 4323 1936 4378 hoc
1967 4334 2047 4377 ta-

463 4439 586 4476 men
619 4438 722 4475 non
754 4420 957 4474 directe
987 4417 1138 4482 dicit,
1172 4426 1229 4470 ut
1259 4432 1325 4470 ne
1355 4415 1599 4469 videatur
1632 4415 1760 4484 ipsis
1791 4415 2049 4470 molestus

461 4531 618 4581 esse;
647 4513 741 4568 sed
774 4522 831 4567 ut
861 4513 1009 4566 illum
1041 4510 1288 4574 decebat,
1319 4509 1396 4562 sic
1427 4518 1618 4562 tractat
1648 4508 1785 4562 hanc
1811 4509 2051 4577 increpa-

465 4611 685 4662 tionem.
737 4604 867 4658 Nam
913 4605 955 4657 si
1010 4603 1212 4656 directe
1254 4616 1557 4656 sermonem
1607 4600 1922 4667 induxisset,
1972 4602 2049 4656 sic

466 4701 706 4752 dir-turns
729 4704 846 4750 erat
874 4713 887 4750 :
918 4694 1120 4748 Erratis
1149 4702 1204 4747 et
1229 4691 1472 4745 fallimini
1502 4701 1556 4745 et
1583 4693 1737 4761 longe
1762 4692 1962 4746 abestis
1987 4693 2052 4746 ab

467 4787 833 4847 admonitione
860 4785 1152 4857 apostolica
1185 4803 1198 4840 :
1232 4791 1446 4853 oportet
1483 4784 1625 4837 enim
1655 4785 1952 4853 apostolum
2000 4793 2054 4838 et

471 4884 776 4940 ministrum
805 4879 1000 4934 Christi
1031 4877 1251 4932 stultum
1276 4876 1468 4943 videri,
1495 4886 1657 4946 atque
1688 4876 1739 4930 in
1770 4875 2053 4930 afﬂictione

470 4989 525 5034 et
553 4982 862 5044 contemptu
890 4972 1107 5042 degere,
1139 4979 1195 5026 ut
1228 4985 1326 5024 nos
1355 4969 1630 5039 degimus;
1678 4985 1769 5023 vos
1797 4979 1972 5024 autem
2003 4971 2052 5024 in

467 5066 760 5125 contrariis
799 5067 947 5121 estis.
980 5063 1083 5120 Sed
1115 5065 1190 5118 sic
1223 5061 1335 5117 haec
1361 5063 1530 5131 magis
1557 5062 1677 5117 illos
1719 5062 2053 5117 commovis-

474 5173 617 5229 sent,
659 5169 842 5231 utpote
869 5175 986 5229 quae
1029 5156 1392 5227 apostolorum
1440 5155 1682 5209 encomia
1711 5170 1820 5226 pra:
1863 5170 1924 5210 se
1954 5156 2060 5210 ler-

473 5262 618 5317 rent,
643 5261 698 5305 et
727 5253 848 5305 illos
877 5249 1233 5306 reddidissent
1257 5247 1592 5312 audaciores,
1625 5255 1683 5301 ut
1713 5246 1804 5316 qui
1831 5263 2058 5302 accusa-

475 5355 663 5399 rentur
689 5342 970 5407 socordim,
1003 5341 1177 5394 inanis
1205 5339 1388 5411 gloria:
1418 5350 1473 5395 et
1501 5339 1828 5395 divitiarum.
1854 5341 2059 5396 Idcirco

481 5451 585 5491 non
619 5436 720 5490 hoc
759 5432 918 5489 modo
943 5432 1083 5487 dicta
1125 5430 1444 5502 procedunt,
1490 5431 1583 5486 sed
1615 5433 1742 5496 alio,
1771 5435 1858 5503 qui
1893 5436 2060 5505 magis

475 5528 693 5602 quidem
719 5525 1044 5598 perstringit,
1075 5524 1167 5592 sed
1195 5525 1370 5578 minus
1395 5524 1651 5581 molestus
1679 5538 1783 5581 est.
1813 5529 2064 5598 Quapro—

477 5630 596 5693 pter
622 5619 691 5673 ita
726 5616 934 5689 profert
961 5616 1255 5670 orationem
1300 5631 1394 5684 per
1425 5617 1669 5684 ironiam,
1705 5618 1928 5674 dicens:
1966 5619 2064 5674 Vos

476 5721 648 5764 autem
679 5715 831 5782 fortes
860 5719 908 5765 et
929 5708 1156 5781 gloriosi.
1183 5707 1312 5761 Nam
1344 5708 1388 5763 si
1418 5708 1584 5762 ironia
1614 5725 1716 5763 non
1745 5725 1870 5765 usus
1896 5722 2061 5775 esset,

477 5799 550 5853 ita
582 5801 838 5857 dixisset:
874 5801 1012 5857 Fieri
1059 5816 1160 5855 non
1208 5808 1397 5869 potest,
1431 5811 1485 5855 ut
1527 5800 1659 5856 alius
1690 5803 1880 5858 stultus
1913 5813 2064 5873 pute-

1221 374 1274 430 S.
1308 370 1584 430 JOANNIS
1620 364 2097 437 ειιιιϊευδίτωιι
2137 365 2453 426 Αιιιῖίιιειδ.
2496 368 3024 425 (ΞΟΝΞΤᾹΝΠΝΟΡ.

3619 367 3735 425 108

2133 491 2350 551 accepta
2378 524 2394 548 ,
2442 492 2497 538 et
2547 482 2632 540 hic
2668 485 2980 552 splendidos
3012 485 3199 541 reddet
3251 487 3382 542 etin
3423 485 3501 541 l'ut
3526 503 3603 540 iro
3632 490 3736 541 die

2133 589 2324 629 arcana
2379 575 2462 630 illa
2514 575 2650 630 bona
2699 579 2897 633 tribuet
2942 596 2954 632 :
3003 597 3122 650 qua}
3153 597 3252 636 nos
3291 597 3482 635 omnes
3507 584 3733 650 assequi

2133 669 2402 738 contingat
2425 709 2441 731 ,
2476 671 2642 738 gratia
2676 680 2728 725 et
2764 671 3098 742 benignitate
3134 675 3343 728 Domini
3383 677 3550 728 nostri
3595 676 3737 730 Jesu

2131 759 2369 822 Christi,
2404 760 2616 828 quicum
2652 762 2791 816 Patri
2817 772 2870 816 et
2920 779 3022 816 una
3049 764 3269 834 Spiritui
3298 776 3486 819 sancto
3527 766 3732 835 gloria,

2134 851 2326 919 honor,
2353 855 2656 923 imperitttn,
2683 871 2819 911 nunc
2837 867 3139 929 etsentpcr,
3163 869 3217 914 ct
3245 861 3294 913 in
3323 859 3521 914 saecula
3546 875 3692 913 Stet-it
3714 888 3732 898 -

2135 945 2328 998 lormn.
2360 947 2554 1002 Amen.

1773 1126 2121 1191 HOMILIA
2165 1125 2339 1186 XIII.

2138 1285 2242 1340 tur,
2275 1275 2413 1330 alius
2441 1277 2696 1348 prudens,
2744 1280 2879 1334 alius
2908 1280 3080 1345 fortis,
3126 1283 3263 1338 alios
3296 1285 3556 1340 'ntiunw.
3593 1302 3737 1352 ιπηι-

2135 1369 2400 1424 diratioue
2429 1381 2712 1440 utrumque
2737 1389 2839 1427 non
2872 1376 2885 1404 ¹
2920 1375 3238 1444 postulante.
3273 1377 3412 1434 Nam
3459 1380 3501 1431 si
3538 1380 3735 1433 liceret

2139 1461 2234 1514 llOS
2260 1461 2412 1526 tales,
2443 1463 2576 1516 alios
2603 1462 2746 1518 aliud
2774 1479 2910 1528 esse,
2943 1482 3061 1534 qua:
3106 1483 3134 1518 ξ)
3165 1469 3316 1521 nobis
3348 1469 3730 1536 proferuntur.

2135 1554 2366 1621 aliquam
2393 1554 2620 1608 fortasse
2641 1557 2903 1612 rationem
2931 1557 3192 1614 haberent
3216 1578 3228 1615 :
3259 1578 3328 1616 nu
3356 1581 3399 1614 ιο
3419 1575 3595 1617 autem
3628 1567 3738 1622 hoc

2139 1658 2243 1696 non
2277 1644 2424 1712 licet,
2470 1647 2720 1701 nimirum
2752 1649 3065 1717 prudentem
3111 1652 3193 1705 vel
3235 1653 3526 1721 gloriosum
3557 1657 3738 1712 videri

2137 1751 2201 1789 ac
2246 1737 2361 1791 sine
2390 1739 2629 1806 periculo
2670 1741 2885 1810 degere.
2928 1743 3020 1796 Sin
3062 1745 3260 1810 minus,
3302 1763 3523 1803 necesse
3560 1761 3743 1805 estut

2142 1829 2284 1884 Deus
2311 1846 2410 1886 vos
2439 1833 2592 1886 nobis
2621 1835 2935 1902 prmtulerit,
2957 1851 3052 1888 vos
3075 1836 3363 1906 discipulos
3391 1840 3738 1906 doctoribus,

2137 1920 2228 1990 qui
2257 1921 2532 1976 innumera
2568 1926 2707 1994 passi
2753 1940 2956 1980 sumus.
3001 1928 3152 1994 Quod
3181 1931 3224 1983 si
3255 1930 3357 1984 hoc
3383 1947 3542 1987 nemo
3570 1934 3740 1989 dixe-

2140 2013 2224 2078 rit,
2266 2020 2434 2068 restat
2474 2024 2531 2068 ut
2577 2026 2757 2070 nostra
2788 2032 2880 2072 vos
2926 2021 3340 2088 persequamini.
3392 2022 3459 2077 Et
3498 2039 3566 2078 ne
3606 2027 3743 2095 quis

2138 2115 2309 2174 poet.
2363 2107 2553 2175 inquit,
2603 2122 2689 2162 me
2717 2110 2979 2177 praeterita
3012 2119 3212 2166 tantum
3255 2128 3734 2174 commemorare:

2145 2195 2314 2264 Usque
2358 2197 2412 2249 in
2454 2197 2584 2250 hanc
2615 2197 2794 2251 lteram
2838 2207 2885 2252 ct
2931 2201 3180 2255 esurimus
3221 2203 3490 2258 etsitimus
3531 2216 3578 2259 et
3605 2209 3745 2261 nudi

2139 2306 2336 2342 sumus.
2371 2289 2552 2345 Viden‘
2577 2299 2740 2344 totam
2768 2290 3191 2347 Christianorum
3225 2297 3388 2349 vitam
3419 2299 3576 2352 talem
3606 2315 3745 2354 esse

2141 2381 2359 2448 debere,
2391 2398 2496 2436 non
2527 2399 2632 2437 uno
2659 2383 2745 2438 vel
2775 2385 2944 2438 altero
2969 2385 3095 2440 die?
3123 2387 3304 2457 Neque
3331 2389 3473 2444 enim
3501 2392 3739 2458 athleta,

2141 2474 2230 2542 qui
2275 2477 2325 2528 in
2358 2489 2464 2528 uno
2504 2483 2708 2529 tantum
2745 2477 2916 2530 victor
2957 2479 3253 2532 certamine
3295 2491 3585 2535 coronatus
3622 2495 3743 2547 εει,

2145 2565 2336 2619 iterum
2363 2577 2651 2620 coronatur
2676 2582 2797 2620 eum
2827 2569 3189 2623 succubuerit.
3224 2569 3295 2623 Et
3324 2573 3591 2637 esurimus,
3636 2577 3747 2630 ad-

2144 2674 2330 2714 versus
2359 2675 2452 2714 eos
2479 2660 2567 2728 qui
2597 2659 2648 2713 in
2677 2661 2882 2716 deliciis
2903 2672 3066 2731 agunt
3094 2679 3107 2714 :
3141 2671 3186 2717 et
3207 2664 3436 2734 colaphis
3464 2667 3741 2734 credimur,

2144 2752 2401 2807 adversus
2421 2768 2516 2808 eos
2541 2754 2627 2823 qui
2653 2754 2814 2808 inﬂati
2837 2764 2959 2808 sunt
2983 2774 2994 2810 :
3027 2767 3073 2809 et
3096 2757 3353 2814 instabiles
3377 2777 3549 2814 sumus
3572 2764 3738 2831 pulsi,

2145 2847 2400 2900 adversus
2429 2861 2522 2901 eos
2550 2847 2636 2916 qui
2668 2847 2918 2902 labuntur
2951 2865 2964 2901 :
2995 2859 3039 2903 et
3078 2851 3202 2904 nudi
3241 2869 3437 2919 sumus,
3474 2855 3744 2910 adversus

2147 2955 2240 2994 eos
2267 2940 2354 3010 qui
2387 2949 2511 2992 sunt
2537 2939 2728 2993 divites
2756 2957 2767 2992 :
2795 2950 2842 2994 et
2868 2940 3177 3006 laboramus,
3201 2944 3312 3013 jam
3351 2955 3538 3001 contra
3570 2948 3745 3004 falsos

2148 3032 2438 3100 apostolos,
2471 3031 2558 3100 qui
2589 3045 2687 3086 nec
2718 3032 2964 3088 laborare
2991 3049 3092 3088 nec
3121 3036 3412 3104 periclitari
3445 3040 3741 3105 sustinent,

2147 3123 2240 3178 sed
2272 3123 2367 3193 ipsi
2398 3122 2623 3176 fructum
2654 3124 2972 3193 percipiunt.
3003 3129 3071 3180 At
3099 3141 3197 3181 nos
3223 3144 3328 3182 non
3374 3130 3474 3195 sic,
3523 3132 3696 3201 inquit
3726 3152 3742 3197 ;

2147 3219 2241 3272 ενι]
2265 3235 2384 3273 eum
2411 3223 2646 3277 externis
2669 3224 2920 3294 periculis
2942 3241 3040 3279 nos
3060 3241 3271 3295 quoque
3298 3240 3552 3297 perpetuo
3581 3245 3746 3283 exer-

2146 3324 2329 3364 cenms
2355 3312 2556 3367 labore.
2602 3314 2861 3385 Quodque
2889 3316 3059 3385 majus
3104 3327 3205 3384 est,
3254 3334 3412 3373 nemo
3443 3322 3609 3389 possit
3653 3322 3745 3375 di-

2147 3416 2270 3456 cere
2302 3418 2398 3456 nos
2427 3403 2540 3458 hinc
2567 3421 2709 3474 (egre
2738 3406 2875 3461 ferre
2903 3420 2992 3460 aut
3021 3420 3404 3478 persequentes
3432 3426 3528 3464 nos
3570 3427 3742 3466 accu-

2150 3507 2304 3547 Sare:
2335 3495 2452 3549 illos
2479 3497 2620 3550 enim
2648 3497 2736 3566 qui
2767 3511 2863 3551 nos
2891 3508 3103 3564 vexant,
3149 3515 3242 3569 per
3263 3503 3528 3555 contraria
3559 3519 3748 3556 r.-mu—

2150 3601 2422 3640 noramus.
2454 3587 2568 3642 Hoc
2590 3588 2786 3658 quippe
2832 3605 3080 3659 maguum
3110 3601 3211 3655 cst,
3257 3608 3361 3646 non
3390 3603 3567 3647 autem
3600 3595 3747 3652 male

2148 3679 2293 3747 pati;
2337 3680 2479 3749 quod
2520 3682 2768 3736 omnibus
2801 3693 2884 3737 est
2933 3700 3249 3752 commune;
3293 3703 3478 3742 verum
3531 3692 3744 3759 patienv

2152 3781 2231 3825 tes
2260 3789 2357 3826 nec
2386 3789 2527 3842 aagre
2556 3789 2657 3830 nec
2691 3775 2907 3847 indigne
2938 3777 3090 3832 ferre.

2221 3861 2275 3916 2.
2317 3862 2424 3919 Nos
2465 3875 2642 3920 autem
2693 3882 2800 3921 non
2847 3869 3007 3923 modo
3053 3885 3158 3924 non
3203 3887 3345 3940 :rgre
3371 3872 3613 3939 ferimus,
3644 3877 3743 3931 sed

2149 3956 2308 4009 etiam
2347 3957 2713 4024 exsultamus;
2757 3960 2910 4028 cujus
2955 3962 3032 4015 rei
3065 3963 3166 4017 hoc
3206 3965 3416 4032 signum
3466 3977 3568 4032 est,
3597 3973 3743 4036 quod

2150 4062 2265 4111 eos,
2310 4047 2398 4116 qui
2443 4049 2596 4102 nobis
2642 4050 2778 4104 mala
2810 4051 3063 4119 inferunt,
3095 4057 3382 4111 contrariis
3423 4072 3745 4114 remunere-

2153 4153 2290 4191 mus.
2322 4138 2471 4204 Quod
2500 4151 2676 4194 antem
2708 4141 2808 4196 hoc
2837 4142 3093 4210 facerent,
3121 4147 3242 4199 audi
3269 4150 3544 4217 sequentia
3575 4167 3587 4198 :
3620 4151 3746 4204 Ma-

2152 4228 2439 4293 ledicimur,
2469 4240 2516 4282 et
2548 4231 2915 4296 benedicimus;
2957 4238 3391 4305 persequutionem
3419 4241 3663 4308 patimur,
3695 4254 3746 4296 et

2153 4321 2494 4388 sustinemus;
2537 4324 2624 4378 15.
2656 4323 3089 4394 blasphemamur,
3133 4337 3178 4380 et
3222 4329 3563 4398 obsecramus,
3608 4344 3747 4388 tam-

2153 4429 2303 4480 quam
2331 4425 2664 4483 purgamenta
2707 4417 2883 4469 mundi
2907 4419 3028 4487 facti
3067 4435 3260 4474 sumas.
3296 4421 3408 4476 [loc
3448 4433 3550 4488 est,
3597 4427 3747 4481 stulti

2158 4516 2374 4575 propter
2395 4506 2687 4562 Christum.
2711 4509 2841 4564 Nam
2866 4511 2953 4579 qui
2985 4511 3122 4566 male
3149 4528 3339 4582 passus
3360 4525 3461 4581 est,
3493 4527 3549 4571 et
3571 4534 3750 4590 neque

2157 4617 2212 4653 δυ
2244 4603 2517 4657 ulciscitur
2563 4619 2736 4675 neque
2779 4605 2945 4670 dolet,
2977 4609 3172 4663 stultus
3200 4610 3412 4668 videtur
3452 4629 3574 4670 esse
3600 4618 3745 4686 apud

2161 4705 2413 4749 externos
2459 4707 2512 4750 et
2552 4698 2810 4767 inglorius
2839 4700 3211 4770 inﬁrmusque.
3261 4705 3338 4758 Ac
3367 4719 3435 4759 ne
3467 4707 3743 4763 molestio-

2159 4802 2270 4841 rem
2298 4787 2548 4843 redderet
2568 4790 2889 4854 orationem,
2919 4791 2983 4844 ad
3011 4793 3220 4846 illorum
3250 4795 3524 4851 civitatem
3551 4814 3755 4855 aarnm-

2162 4896 2258 4935 nas
2299 4881 2580 4946 reducens,
2627 4883 2752 4953 quid
2804 4883 2978 4939 dicit?
3029 4883 3400 4956 Purgamenta,
3446 4907 3552 4944 non
3602 4894 3754 4948 urbis

2162 4985 2376 5040 vestrm,
2423 4974 2516 5029 sed
2545 4977 2722 5030 mundi
2760 4979 2881 5048 facti
2921 4997 3128 5046 sumus;
3162 4992 3218 5036 et
3266 4999 3472 5052 rursus,
3507 4985 3753 5041 Omnium

2163 5068 2468 5136 peripsema,
2511 5083 2616 5122 non
2647 5079 2882 5124 vestrum
2923 5080 3148 5137 tantum,
3179 5074 3272 5128 sed
3305 5077 3567 5132 omnium.
3600 5079 3751 5135 Sicut

2164 5173 2294 5228 ergo
2337 5175 2458 5212 cum
2501 5159 2567 5214 de
2610 5161 2809 5216 Christi
2851 5179 2977 5216 cura
3012 5165 3264 5233 loquitur,
3299 5177 3458 5233 terra,
3516 5172 3652 5226 cado
3697 5185 3752 5228 et

2165 5251 2309 5304 Omni
2355 5261 2598 5305 creatura
2629 5253 2850 5316 relictis,
2898 5270 3112 5309 crucem
3150 5257 3201 5310 in
3235 5261 3412 5312 medio
3455 5263 3605 5329 ponit
3635 5281 3648 5314 :
3683 5265 3754 5319 ita

2165 5340 2324 5394 etiam
2357 5341 2570 5410 quando
2598 5342 2664 5396 ad
2692 5359 2750 5398 se
2773 5344 2885 5397 vult
2905 5345 3193 5412 attrahere,
3223 5349 3388 5416 signis
3422 5355 3743 5418 praztermis-

2167 5431 2262 5496 sis,
2297 5448 2414 5501 qua:
2459 5442 2676 5504 pr0pter
2717 5435 2862 5504 ipsos
2903 5451 3091 5504 passus
3139 5449 3223 5493 est
3248 5440 3397 5495 dicit.
3428 5441 3500 5495 Ita
3538 5459 3756 5514 quoque

2167 5523 2405 5578 solemus
2433 5539 2551 5579 cum
2582 5526 2774 5594 injuria
2805 5526 3068 5583 al'ﬁcimur
3093 5531 3174 5583 vel
3203 5531 3528 5602 despicimur
3566 5552 3595 5588 a
3638 5543 3758 5607 qui—

2173 5616 2417 5683 busdam,
2450 5634 2568 5687 qua:
2596 5635 2692 5688 pro
2721 5620 2828 5674 illis
2855 5623 2994 5691 passi
3026 5637 3212 5679 sumus
3245 5626 3295 5679 in
3327 5627 3559 5683 medium
3589 5630 3758 5686 addu-

2235 5819 2250 5849 ¹
2291 5816 2341 5867 ln
2367 5815 2653 5878 quihusdam
2678 5815 2823 5868 Codd.
2850 5818 2993 5872 deest
3016 5820 3234 5884 negatio.
