3992 6422
261 346 346 403 lilii
1318 338 1381 395 IN
1422 336 1612 394 EPIST
1654 336 1671 391 l
1737 334 1826 391 Al)
1865 334 2019 391 COR.
2065 335 2289 392 IlOillL.
2337 337 2471 393 Xlll.

267 477 393 518 cere.
436 458 689 512 Ontniunt
733 459 1017 533 pcripsema
1060 473 1215 525 usque
1249 455 1437 507 adhuc.
1470 453 1853 507 Vehementem

272 556 461 625 plagam
489 551 709 606 inducit
754 552 808 606 in
840 552 963 604 line.
999 547 1260 614 Omnium,
1294 546 1484 616 inquit,
1531 560 1636 597 non
1669 558 1853 613 perse-
1889 597 1895 603 ,

268 644 557 717 quentium.
608 642 710 697 sed
758 657 947 697 eorum
993 648 1211 710 propter
1252 652 1389 708 quos
1420 637 1535 717 haec
1580 635 1855 703 patimur:

270 740 365 793 hoc
413 746 517 798 est,
545 734 796 804 Magnam
828 733 958 803 ipsis
1001 731 1227 803 gratiam
1268 716 1747 783 habeofGraviter
1774 722 1857 779 fe-

266 831 429 885 rentis
454 837 542 884 est
565 827 816 891 verbum,
850 840 955 880 non
984 822 1128 894 quod
1155 822 1271 892 ipse
1312 829 1557 889 angatttr,
1588 816 1684 873 sed
1715 813 1856 884 quod

267 921 385 974 illos
424 918 792 990 perstringere
835 915 985 971 velit.
1034 912 1167 968 Nam
1217 912 1307 982 qui
1350 918 1524 981 potest
1570 909 1853 963 innumera

270 1012 506 1083 lu'oferre
553 1010 804 1078 erimina,
849 1008 973 1063 illos
1013 1006 1229 1062 salutat.
1276 1002 1574 1072 ldeojubet
1609 999 1857 1055 Christus

264 1102 623 1158 wntumelias
662 1114 761 1155 nos
805 1106 1081 1152 mansuete
1107 1097 1264 1159 ferre,
1311 1102 1447 1147 utet
1488 1091 1588 1159 ipsi
1621 1089 1856 1160 philuso-

266 1197 517 1263 phemnr,
550 1200 605 1248 et
634 1191 1051 1248 contumeliosos
1087 1186 1292 1257 pudore
1335 1184 1502 1254 magis
1532 1182 1849 1235 afficiamus.

261 1286 378 1341 Non
407 1287 557 1340 enim
597 1283 670 1338 ita
708 1280 1031 1337 contumelia
1072 1278 1334 1341 afficiens,
1370 1286 1426 1329 ιιι
1453 1276 1616 1328 silens
1646 1274 1746 1327 hoc
1778 1272 1856 1326 fa-

257 1380 353 1434 cit.
416 1377 627 1433 Deinde
669 1377 789 1447 quia
835 1375 967 1430 vidit
1012 1373 1406 1429 intolerabilem
1461 1385 1582 1425 esse
1624 1371 1850 1439 plagam,

257 1473 443 1527 Statim
494 1473 569 1525 illi
614 1470 855 1525 medetur
892 1468 1117 1523 dicens:
1158 1468 1239 1521 14.
1279 1465 1398 1519 Non
1444 1475 1496 1517 ut
1542 1464 1854 1532 confundam

257 1582 344 1617 ros
368 1565 484 1617 Iure
516 1563 697 1624 scribo,
728 1562 815 1616 sed
842 1570 895 1614 ut
935 1561 1070 1629 ﬁlios
1098 1577 1231 1613 meos
1272 1559 1479 1613 dilectos
1506 1574 1706 1611 moneo.
1740 1555 1852 1609 Non

258 1668 314 1711 ιιι
341 1655 563 1728 pudore
590 1655 819 1709 afficiam
862 1668 979 1720 vos,
1024 1652 1212 1723 inquit,
1253 1651 1367 1705 lucc
1394 1647 1724 1715 dieo.'Quod
1761 1663 1854 1716 per

256 1753 423 1806 verba
453 1751 600 1807 fecit,
633 1764 691 1803 se
717 1764 822 1802 non
854 1746 1045 1803 fecisse
1071 1746 1228 1810 dicit;
1272 1746 1380 1798 imo
1409 1760 1535 1797 vero
1577 1758 1634 1797 se
1665 1742 1853 1795 fet-isse

254 1844 411 1907 dicit,
457 1842 556 1896 scd
606 1857 710 1894 non
764 1840 903 1893 malo
949 1839 1128 1893 animo
1173 1837 1253 1891 vel
1294 1850 1361 1891 ex
1407 1834 1550 1888 odio.
1604 1834 1727 1887 Ilaac
1771 1841 1855 1887 est

252 1937 405 1993 cnim
437 1938 641 2006 Optima
686 1934 912 1997 ruratio,
950 1949 1067 1986 cum
1112 1931 1335 1987 verbum
1367 1929 1590 1993 dixeris,
1621 1940 1849 1981 excusa-

254 2030 465 2084 tionem
496 2044 562 2081 υς
591 2038 770 2082 mente
800 2024 1057 2095 proferre.
1087 2023 1216 2078 Nam
1248 2022 1365 2077 lure
1392 2037 1496 2076 non
1524 2021 1704 2074 dicere
1746 2033 1851 2072 non

254 2122 477 2182 licebat,
508 2120 634 2188 quia
666 2118 947 2172 incorreeti
978 2117 1336 2171 mansissent:
1362 2121 1640 2183 postquam
1671 2121 1849 2165 autem

253 2212 494 2275 dixerat,
526 2210 731 2279 plagam
764 2208 1057 2261 iacnt-alam
1083 2205 1414 2275 relinquere,
1438 2218 1600 2275 grave
1628 2201 1848 2257 fuisset:

249 2319 422 2374 (μήτε
460 2318 588 2356 cum
634 2302 892 2371 gravitate
931 2306 1168 2354 excusat.
1215 2299 1326 2353 hoc
1356 2297 1498 2354 enim
1544 2312 1649 2351 non
1681 2295 1843 2379 modo

249 2396 579 2451 incisionem
610 2409 712 2446 non
740 2393 896 2452 tollit.
921 2391 1015 2447 sed
1041 2391 1202 2446 etiam
1225 2389 1411 2457 efficit,
1440 2397 1497 2444 ut
1528 2388 1846 2459 profundius

248 2489 531 2559 iungatur,
584 2486 711 2541 dum
760 2486 924 2556 plaga:
968 2483 1209 2538 dolorem
1256 2498 1472 2538 clunem
1521 2480 1847 2536 consolatur.

246 2582 347 2647 Qui
370 2579 526 2633 enim
559 2576 706 2631 audit
732 2578 904 2645 ipsum
934 2590 1041 2629 non
1067 2573 1504 2643 exprobrantem,
1535 2570 1628 2626 sed
1656 2586 1845 2625 amau-

247 2683 351 2728 tem
385 2672 507 2725 haec
532 2670 733 2732 dicere,
758 2667 1006 2722 libentius
1022 2667 1412 2721 correctianm
1443 2665 1655 2732 accipit.
1672 2662 1843 2716 Multa

250 2774 330 2820 est
352 2764 451 2818 hic
496 2775 718 2832 quoque
744 2761 981 2831 gravitas
1019 2767 1074 2814 et
1113 2758 1180 2815 ad
1214 2758 1469 2828 pudorem
1518 2756 1847 2826 provocatio.

257 2857 364 2912 Non
414 2857 570 2911 etiim
603 2864 662 2909 ut
686 2855 898 2919 doctor,
947 2870 1053 2908 non
1096 2862 1153 2907 ut
1198 2853 1498 2923 apostolus,
1529 2866 1635 2905 non
1676 2860 1731 2904 nt
1758 2857 1845 2921 qui

261 2950 555 3019 discipulos
585 2948 834 3013 habeam,
861 2946 1001 3017 quod
1027 2946 1300 3017 dignitatis
1333 2954 1435 3010 est,
1469 2943 1584 3010 sed,
1618 2942 1686 2999 Ut
1712 2943 1847 3013 ﬁlios

258 3061 385 3098 natos
431 3042 728 3096 carissimos
756 3055 930 3094 moneo
959 3054 977 3091 :
1008 3053 1106 3093 nec
1137 3047 1339 3092 tantum
1374 3036 1533 3102 filios,
1568 3036 1661 3093 scd
1700 3036 1847 3091 desi-

254 3138 493 3191 deratus.
547 3135 812 3206 Ignoscite
862 3130 1012 3197 mihi,
1059 3130 1249 3200 inqttit,
1298 3130 1341 3184 si
1389 3129 1516 3200 quid
1562 3130 1845 3185 molestum

253 3230 360 3282 dixi
395 3250 411 3283 :
446 3228 570 3281 ha-c
619 3241 683 3281 ex
727 3224 1009 3279 dilectione
1053 3224 1202 3275 fiunt.
1247 3221 1355 3276 Nec
1383 3221 1539 3285 dixit,
1584 3220 1847 3290 Corripio,

253 3319 369 3381 sed,
407 3317 620 3371 .lloneo.
665 3315 796 3383 Quis
823 3330 950 3369 vero
988 3330 1092 3367 non
1141 3312 1277 3367 ferat
1306 3323 1512 3383 patrem
1552 3311 1846 3377 dolentem,

252 3422 302 3463 et
330 3426 453 3480 qua:
473 3410 634 3463 decet
661 3405 1069 3463 consulentem?
1102 3405 1224 3460 Ideo
1252 3421 1355 3458 non
1382 3405 1495 3459 haec
1526 3406 1669 3473 prius
1692 3404 1846 3469 dixit,

256 3500 348 3556 sed
382 3512 669 3571 postquam
696 3500 902 3568 plagam
927 3497 1211 3551 inﬂixerat.
1243 3494 1381 3564 Quid
1410 3496 1568 3566 ergo?
1590 3496 1838 3564 inquies;

258 3608 363 3646 non
395 3600 626 3661 parcunt
669 3589 824 3643 nobis
870 3588 955 3641 alii
985 3586 1270 3642 doctores?
1299 3586 1415 3641 Non
1456 3588 1534 3641 sic
1561 3584 1705 3652 dico,
1747 3585 1842 3639 sed

261 3699 359 3738 non
410 3686 484 3738 ita
534 3692 776 3751 parcunt.
824 3680 1017 3734 Verum
1050 3681 1153 3733 hoc
1195 3677 1409 3749 quidem
1462 3677 1696 3732 breviter
1739 3693 1844 3731 non

264 3777 412 3837 dixit,
440 3774 542 3828 sed
576 3789 671 3843 per
700 3772 874 3826 studia
915 3782 968 3828 et
998 3773 1211 3826 nomina
1239 3770 1343 3825 hoc
1371 3771 1644 3834 indicavit,
1677 3778 1735 3824 ut
1759 3769 1846 3839 qui

267 3866 614 3935 pasdagogum
646 3862 877 3932 posuerit
908 3873 956 3917 et
990 3875 1213 3933 patrem.
1247 3862 1335 3917 15.
1367 3859 1504 3915 Nam
1525 3869 1569 3913 et
1596 3862 1640 3914 si
1667 3859 1851 3913 multos

266 3957 590 4027 pedagogos,
623 3956 815 4026 inquit,
849 3955 1072 4009 habeatis
1095 3956 1145 4007 in
1173 3952 1393 4016 Clitisto,
1426 3951 1515 4006 sed
1541 3969 1640 4006 non
1669 3953 1850 4006 nutltos

266 4060 449 4113 intres.
501 4046 618 4102 Non
664 4047 975 4116 d;gnitatem
1020 4047 1104 4101 hic
1150 4046 1406 4106 ostendit.
1460 4045 1555 4100 sed
1607 4044 1849 4099 caritatis

264 4138 725 4209 magnitudinem;
757 4153 931 4206 neque
978 4138 1094 4191 illos
1124 4137 1439 4208 perstrinxit
1461 4152 1583 4189 emn
1623 4135 1847 4200 addidit,

264 4230 326 4283 In
355 4230 590 4294 Christo,
622 4230 716 4284 sed
756 4229 1067 4284 Consulatus
1097 4241 1179 4283 est
1209 4229 1351 4294 illos,
1387 4244 1491 4282 non
1517 4228 1847 4294 adulatores,

261 4323 352 4377 sed
392 4322 717 4392 pzcdagogus
755 4338 952 4377 vocans
1000 4323 1139 4388 illos,
1180 4322 1268 4392 qui
1316 4321 1492 4376 studia
1538 4330 1593 4375 et
1638 4320 1850 4375 labores

261 4414 525 4478 ferebant,
572 4431 829 4486 suamque
868 4431 1049 4469 curam
1096 4413 1346 4469 ostendit.
1386 4414 1509 4468 ideo
1559 4430 1663 4467 non
1693 4413 1848 4480 dixit,

261 4505 362 4561 Sed
392 4524 502 4560 non
534 4507 729 4560 multos
754 4508 1019 4571 doctores,
1047 4506 1163 4571 sed,
1194 4505 1311 4558 Non
1342 4505 1526 4559 multos
1548 4514 1730 4574 patres.
1762 4505 1851 4559 Sic

262 4617 364 4656 non
417 4600 732 4671 dignitatem
782 4614 1052 4671 atponere
1100 4600 1289 4665 voluit,
1337 4615 1509 4668 neque
1564 4598 1851 4654 ostendere

262 4692 401 4761 quod
427 4693 652 4746 multam
681 4693 957 4745 utilitatem
987 4692 1053 4745 ab
1080 4692 1195 4762 ipso
1217 4692 1577 4761 accepissent;
1606 4690 1699 4745 sed
1727 4706 1848 4745 cmn

260 4784 646 4846 concessisset,
677 4787 817 4854 quod
851 4786 923 4838 illi
953 4785 1115 4837 multa
1147 4784 1519 4854 perstitissent
1548 4784 1674 4853 ipsis
1704 4783 1851 4853 (talis

264 4877 404 4929 enim
432 4886 553 4930 erat
572 4876 937 4948 pa-dagogus),
960 4874 1261 4931 dilectionis
1287 4876 1720 4944 exsltperautiam
1748 4874 1848 4929 sibi

267 4981 533 5024 reservat.
558 4970 701 5023 'l'alis
720 4973 860 5024 enim
890 4980 971 5025 est
1001 4981 1172 5039 pater.
1197 4968 1306 5024 Nec
1331 4968 1460 5023 dicit
1480 4969 1659 5032 modo,
1681 4967 1849 5023 Nemo

269 5073 359 5114 ros
399 5061 469 5115 ita
524 5072 690 5119 amat.
739 5061 879 5130 quini
922 5062 1125 5131 absque
1168 5060 1586 5130 reprehensiOue
1628 5061 1847 5126 fuisset;

261 5159 352 5213 sed
382 5174 501 5212 rem
537 5157 612 5211 uti
646 5166 790 5225 gesta
820 5157 973 5211 estin
1007 5156 1241 5213 medium
1273 5155 1507 5211 adducit.
1537 5155 1721 5223 Qualis
1764 5155 1849 5210 illa

259 5250 411 5305 erat?
442 5249 586 5304 Nam
634 5250 688 5302 in
717 5249 914 5304 Christo
960 5248 1087 5303 Jesu
1136 5265 1222 5321 per
1249 5249 1581 5319 Evangelia»:
1626 5264 1716 5319 ego
1765 5263 1850 5301 vos

262 5345 432 5407 omini.
491 5344 547 5396 In
600 5341 815 5397 Christo
869 5342 993 5396 .Iesu
1038 5359 1053 5395 :
1102 5357 1205 5394 non
1260 5340 1387 5394 Inibi
1436 5340 1537 5395 hoc
1581 5338 1848 5393 adscr-ibo.

262 5436 464 5492 Rursus
490 5437 616 5492 illos
643 5436 849 5507 pungit,
874 5436 961 5506 qui
989 5435 1087 5490 sibi
1122 5435 1329 5488 laudem
1355 5434 1615 5488 doctrina:
1647 5433 1851 5487 tribne~

261 5532 404 5587 bant.
448 5529 551 5584 Vos
581 5529 720 5584 enim
766 5528 906 5593 estis,
954 5528 1143 5594 inquit,
1191 5525 1513 5595 signaculum
1541 5523 1854 5593 apostolatus

264 5627 352 5678 mei
379 5625 428 5699 (Ι
448 5664 462 5677 .
497 5623 621 5679 Cor.
658 5621 713 5677 9.
742 5621 822 5690 ‘2).
855 5620 920 5674 Et
952 5634 1185 5684 rursum,
1223 5618 1329 5689 Ego
1361 5617 1622 5685 plantavi;
1659 5626 1714 5672 et
1742 5616 1850 5682 hic,

263 5716 362 5787 qu
388 5719 568 5791 genui.
605 5716 725 5771 Non
755 5712 912 5775 dixit,
957 5712 1274 5767 Antmnliavi
1302 5711 1556 5775 verbum;
1593 5710 1709 5774 sed,
1746 5709 1854 5781 Ego

266 5814 419 5885 guttai,
455 5828 667 5869 natum
713 5821 845 5863 usus
877 5805 1200 5861 nominibus.
1234 5804 1405 5860 Unum
1435 5803 1575 5859 enim
1605 5803 1679 5857 illi
1710 5818 1851 5858 cura:

3454 344 3556 399 “0

1969 458 2103 517 erat,
2136 460 2193 506 ut
2220 452 2564 508 dilectionem
2615 468 2740 525 erga
2770 453 2892 509 illos
2937 469 3086 509 suam
3129 457 3406 513 exhiberet
3476 459 3554 513 llli

1967 557 2199 613 namque
2223 560 2345 600 cum
2366 561 2395 599 a
2420 561 2504 601 me
2525 547 2877 616 accepisttent,
2908 564 3001 602 vos
3030 549 3384 618 induxerunt;
3412 555 3552 621 quod

1964 644 2145 691 autem
2180 636 2367 693 fideles
2406 638 2545 704 sitis,
2580 654 2675 708 per
2723 656 2809 695 me
2850 640 3044 695 factum
3094 654 3195 698 est.
3228 645 3360 713 Quia
3409 645 3552 700 enim

1962 726 2122 790 dixit,
2158 726 2227 782 Ut
2255 728 2411 796 ﬁlios,
2439 745 2506 784 ne
2528 730 2852 785 adulationis
2876 734 3097 787 verluuu
3127 750 3247 790 esse
3272 737 3552 789 existima-

1963 833 2070 884 res,
2108 834 2219 874 rem
2248 821 2417 890 ipsam
2443 824 2665 891 profert.
2708 823 2798 878 {6.
2828 823 2973 895 Rogo
3013 826 3167 894 igitur
3189 844 3294 890 vos,
3325 829 3552 881 imitato-

1960 924 2041 962 res
2068 910 2166 963 mei
2187 920 2361 979 estote,
2391 912 2518 965 sicut
2545 922 2592 966 et
2632 930 2723 984 ego
2766 911 2974 968 Christi.
3012 917 3189 986 Daque,
3237 928 3431 987 quanta
3462 922 3551 971 do.

1961 1002 2126 1057 ctoris
2153 1001 2365 1068 ﬁducia,
2396 1020 2553 1075 quam
2578 1015 2825 1060 accurata
2852 1006 3047 1077 imago,
3076 1025 3197 1062 cum
3225 1011 3384 1063 etiam
3415 1013 3552 1065 alios

1961 1092 2026 1145 ad
2059 1094 2157 1148 hoc
2186 1094 2448 1149 advocat?
2478 1096 2592 1151 Non
2626 1112 2745 1152 sese
2772 1099 3037 1155 extollens
3059 1109 3236 1154 autem
3270 1100 3371 1157 huc
3397 1104 3546 1170 facit,

1959 1186 2054 1242 sed
2082 1198 2139 1241 ut
2164 1189 2411 1243 ostendat
2440 1191 2648 1245 facilem
2677 1206 2797 1246 esse
2826 1192 3098 1247 virtutem.

2031 1280 2084 1334 5.
2113 1278 2366 1335 Christum
2393 1282 2582 1335 imitari
2623 1299 2908 1351 possumus.
2943 1283 3298 1353 Chrysostomo
3327 1286 3535 1352 plaudi-

1961 1382 2063 1426 tur.
2118 1372 2273 1426 Pauli
2316 1384 2362 1427 et
2405 1374 2564 1443 ipsius
2609 1376 2849 1429 virtutum
2892 1376 3373 1447 dcsrriptio.—-—Ne
3420 1378 3547 1432 mihi

1960 1467 2101 1521 enim
2134 1466 2360 1532 dixeris,
2392 1467 2506 1521 Non
2537 1483 2749 1537 poSsmn
2779 1480 2827 1522 te
2857 1470 3048 1522 imitari
3077 1487 3089 1521 :
3118 1480 3170 1524 tu
3201 1470 3387 1524 doctor
3411 1485 3470 1525 es
3494 1481 3551 1525 et

1961 1574 2208 1629 magnus.
2242 1559 2355 1612 Non
2384 1560 2525 1613 enim
2560 1572 2762 1614 tantum
2796 1564 2950 1631 spatii
2982 1564 3121 1616 inter
3149 1579 3232 1616 me
3259 1573 3314 1617 ct
3340 1578 3434 1616 vos
3464 1564 3546 1616 in-

1960 1662 2146 1720 terest,
2176 1664 2432 1723 quantum
2460 1655 2597 1708 inter
2618 1654 2888 1709 Christum
2914 1665 2965 1709 et
2997 1673 3081 1709 me
3104 1666 3366 1709 ::ttl:ttttett
3398 1656 3545 1709 illum

1959 1760 2057 1815 ego
2089 1745 2323 1799 imitatus
2349 1761 2486 1799 smn.
2519 1745 2652 1799 Cum
2707 1762 2833 1814 ergo
2891 1745 3139 1815 Ephesiis
3181 1747 3386 1810 scribit,
3439 1762 3545 1799 non

1958 1853 2016 1894 se
2034 1839 2262 1893 medium
2282 1838 2447 1908 ponit,
2469 1839 2561 1893 sed
2585 1841 2763 1893 statim
2786 1840 3133 1909 ipsosomnes
3159 1841 3282 1893 illuc
3305 1840 3542 1901 adducit,

1958 1931 2134 1987 Estote
2162 1933 2440 1986 imitatores
2475 1932 2567 1987 Dei
2598 1932 2813 2003 (Ep/tes.
2846 1934 2899 1988 5.
2946 1933 2994 2004 ι)
3026 1932 3212 1986 dicens
3238 1952 3250 1986 :
3280 1934 3364 1986 hic
3396 1950 3542 1997 vero,

1956 2026 2078 2095 quia
2102 2024 2346 2080 infirmos
2363 2026 2761 2095 alloquebatur,
2785 2026 3018 2096 seipsnm
3041 2026 3377 2094 interposuit.
3401 2026 3549 2079 Alio-

1957 2118 2083 2189 quin
2109 2128 2284 2173 autem
2307 2118 2564 2184 ostendit,
2590 2119 2731 2188 qttrd
2756 2119 2832 2173 sic
2852 2134 3064 2188 quoque
3087 2119 3163 2171 fas
3185 2119 3251 2172 sit
3273 2114 3544 2171 Christum

1958 2211 2174 2265 imitari.
2208 2209 2338 2264 Nam
2365 2210 2453 2280 qui
2482 2220 2790 2264 accuratum
2821 2210 3150 2279 signaculmn
3180 2218 3261 2263 est
3289 2208 3544 2272 imitatus,

1955 2303 2304 2375 archetypum
2351 2302 2587 2357 imitatus
2636 2313 2737 2357 est.
2782 2302 3068 2356 Videamus
3111 2317 3237 2372 ergo
3278 2301 3548 2371 quomodo

1960 2395 2076 2466 ipse
2104 2394 2376 2449 Christum
2410 2394 2648 2449 imitatus
2677 2394 2764 2447 sit.
2796 2391 2929 2446 Nam
2971 2392 3274 2459 hujusmodi
3322 2392 3547 2446 imitatio

1956 2505 2062 2544 non
2085 2497 2324 2559 tempore
2340 2496 2391 2542 et
2411 2495 2527 2541 arte
2547 2500 2682 2554 opus
2704 2484 2882 2551 habet,
2902 2485 2994 2538 sed
3019 2485 3292 2554 prtqmsito
3315 2493 3539 2539 tantum.

1957 2580 2013 2636 ln
2044 2580 2266 2653 pictoris
2297 2580 2440 2633 enim
2489 2577 2761 2632 officinam
2807 2577 3029 2646 ingressi
3056 2617 3071 2640 ,
3114 2592 3218 2630 non
3254 2577 3546 2643 poterimus

1955 2673 2239 2743 imaginem
2273 2672 2466 2725 imitari
2488 2712 2503 2733 ,
2534 2670 2742 2725 etiamsi
2784 2670 2926 2724 illam
2960 2670 3154 2725 millies
3185 2670 3502 2738 aSpieiamns
3529 2687 3542 2722 :

1956 2768 2097 2822 lnmc
2143 2777 2321 2820 autem
2355 2765 2434 2819 vel
2476 2780 2542 2820 ex
2590 2766 2707 2819 solo
2748 2763 2932 2818 auditu
2975 2763 3170 2817 imitari
3201 2764 3345 2817 licet.
3380 2761 3547 2817 Vultis

1956 2877 2087 2932 ergo
2109 2902 2123 2925 ,
2155 2859 2331 2914 tabula
2360 2859 2412 2912 in
2442 2857 2677 2913 medium
2707 2857 2934 2912 adducta
2957 2897 2972 2922 ,
3004 2856 3368 2910 tlescrilnunns
3395 2873 3441 2906 γι
3464 2855 3547 2909 bis

1956 2953 2108 3009 Pauli
2152 2952 2455 3005 institutum
2506 2949 2662 3004 \‘itu‘?
2708 2950 2915 3004 Prostet
2963 2949 3122 3019 igitur
3162 2949 3333 3003 tabula
3380 2949 3549 3002 multo

1955 3043 2288 3114 Splendidior
2336 3057 2495 3112 quam
2544 3043 2704 3109 regia:
2756 3040 3032 3111 imagines.
3088 3039 3216 3093 Nam
3268 3039 3409 3111 quod
3463 3040 3548 3093 hie

1954 3136 2258 3206 subjicitur,
2283 3149 2390 3187 non
2414 3144 2536 3188 sunt
2559 3147 2769 3186 asseres
2790 3131 3161 3201 conglutinati,
3183 3147 3286 3182 ttutt
3314 3130 3546 3198 impositi

1954 3228 2233 3293 sindones,
2264 3225 2358 3279 sed
2391 3239 2525 3293 opus
2550 3223 2640 3277 Dei
2674 3222 2952 3291 subjicitur
2976 3239 2988 3274 :
3013 3223 3186 3275 anima
3212 3223 3353 3275 cnim
3383 3231 3465 3276 est
3493 3232 3547 3275 et

1953 3335 2170 3388 corpus.
2222 3318 2409 3373 Anima
2446 3317 2537 3371 Dei
2577 3331 2714 3387 opus
2740 3356 2752 3378 ,
2788 3330 2891 3369 non
2920 3314 3237 3377 hominum;
3272 3324 3320 3369 et
3352 3329 3550 3384 corpus

1954 3411 2224 3467 similiter.
2254 3410 2350 3464 llic
2377 3408 2687 3478 plansistis?
2714 3407 2818 3462 Sed
2848 3423 2950 3460 non
2980 3406 3080 3461 hoc
3108 3407 3385 3475 plausuum
3415 3417 3549 3458 tem.

1956 3486 2061 3575 pus
2082 3511 2186 3567 est,
2206 3502 2297 3557 sed
2331 3502 2384 3556 in
2412 3499 2758 3571 sequentibus
2792 3511 3000 3568 tempus
3030 3498 3312 3569 plaudi-udi
3344 3508 3395 3552 et
3428 3498 3548 3551 imi-

1957 3594 2102 3651 tandi
2126 3593 2249 3650 erit.
2272 3593 2487 3647 Interim
2507 3592 2648 3647 enim
2680 3590 2898 3645 materia
2921 3591 3220 3660 subjicitur.
3244 3591 3551 3644 communis

1954 3687 2225 3743 omnibus.
2250 3686 2441 3740 Anima
2465 3685 2605 3739 enim
2629 3684 2695 3740 ab
2716 3686 2892 3737 anima
2913 3683 3041 3738 nihil
3065 3683 3264 3749 differt,
3286 3691 3547 3750 quatenus

1954 3778 2132 3833 anima
2156 3786 2260 3842 est,
2285 3777 2377 3832 sed
2400 3778 2733 3846 prepositmn
2754 3776 3109 3831 differentiam
3129 3773 3382 3828 ostendit.
3401 3774 3550 3827 Sicut

1954 3868 2100 3923 enim
2131 3882 2327 3937 corpus
2364 3884 2392 3920 a
2434 3882 2662 3935 corpore
2688 3908 2702 3928 ,
2736 3875 3001 3935 quatenus
3031 3882 3226 3934 corpus
3252 3873 3369 3931 est,
3418 3864 3547 3918 nihil

1955 3960 2166 4025 dill'ert;
2196 3959 2290 4014 sed
2321 3958 2498 4014 simile
2525 3967 2607 4012 est
2636 3968 2691 4011 et
2714 3974 2913 4025 corpus
2936 3958 3081 4011 l’anli
3110 3968 3163 4011 et
3194 3971 3387 4024 corpus
3414 3957 3551 4007 ιιιιιι-

1959 4063 2157 4118 torum,
2186 4054 2277 4105 sed
2314 4050 2548 4119 perirula
2582 4050 2722 4104 illius
2750 4065 2948 4118 corpus
2974 4050 3079 4102 alin
3107 4063 3335 4117 corpore
3362 4048 3549 4117 splen-

1956 4144 2134 4200 didius
2163 4142 2401 4197 efﬁciunt
2433 4161 2447 4196 :
2482 4142 2551 4195 ita
2582 4150 2636 4194 et
2663 4140 2729 4195 de
2758 4141 2931 4196 anima
2975 4140 3278 4195 dicendum.
3315 4139 3549 4192 i’onatur

1928 4222 1931 4225 r
1957 4251 2086 4305 ergo
2118 4234 2298 4288 tabula
2330 4232 2484 4287 nobis
2506 4275 2521 4299 ,
2554 4232 2729 4285 anima
2774 4247 2969 4301 nempe
3012 4231 3180 4286 Pauli.
3218 4231 3339 4285 lla-c
3371 4230 3547 4283 tabula

1958 4343 2128 4396 nuper
2168 4324 2383 4395 jacchat
2432 4323 2649 4393 fuligine
2689 4322 2914 4376 obducta
2942 4365 2957 4387 ,
2993 4323 3144 4393 plena
3176 4323 3290 4376 telis
3320 4337 3548 4375 ananca-

1957 4434 2074 4473 rum
2112 4434 2124 4469 :
2157 4416 2289 4470 nihil
2335 4414 2476 4469 enim
2514 4425 2597 4469 est
2632 4415 2958 4483 blasphemia
2992 4414 3160 4483 pejus.
3192 4414 3323 4481 Quia
3368 4422 3549 4466 autem

1959 4509 2101 4562 venit
2131 4508 2197 4573 is,
2225 4507 2313 4577 qui
2342 4506 2518 4560 omnia
2546 4506 2919 4567 transformat;
2949 4514 3005 4561 et
3027 4505 3155 4558 vidit
3179 4522 3283 4560 non
3309 4521 3372 4559 ex
3405 4503 3553 4572 igua-

1958 4599 2041 4653 via
2071 4607 2126 4653 et
2156 4597 2401 4652 socordia
2443 4598 2512 4650 ita
2543 4597 2809 4666 depictam
2838 4611 2958 4650 (‘SSC
2980 4638 2995 4662 ,
3027 4595 3119 4651 sed
3152 4609 3214 4649 ex
3248 4593 3552 4663 imperitia,

1955 4702 2012 4745 et
2055 4688 2196 4760 quod
2236 4704 2340 4744 non
2385 4688 2608 4742 haberet
2647 4687 2807 4742 flores
2852 4688 3096 4756 pietatis;
3140 4687 3310 4741 zelum
3354 4686 3552 4754 quippe.

1957 4779 2209 4846 habebat,
2239 4780 2452 4835 colores
2489 4795 2617 4835 vero
2647 4797 2751 4834 non
2781 4780 3031 4845 aderant;
3065 4795 3171 4832 non
3203 4795 3343 4832 ennn
3378 4779 3554 4833 telum

1957 4871 2251 4928 secundum
2283 4870 2564 4927 scientiam
2598 4871 2827 4927 habebat
2854 4890 2867 4924 :
2893 4872 2983 4926 dat
3022 4871 3097 4925 illi
3131 4870 3315 4924 florem
3348 4873 3545 4924 verita-

1959 4967 2047 5033 tis,
2080 4966 2130 5020 id
2157 4976 2260 5031 est,
2290 4967 2550 5037 gratiam;
2580 4981 2643 5019 ac
2671 4973 2892 5034 repente
2922 4966 3121 5034 regiam
3153 4963 3389 5018 ostendit
3419 4965 3555 5016 ima-

1956 5060 2160 5130 ginem.
2193 5060 2447 5128 Acceptis
2478 5074 2709 5128 namque
2747 5058 3021 5112 coloribus
3045 5098 3060 5122 ,
3107 5073 3227 5111 cum
3275 5057 3554 5112 didicisset

1959 5153 2043 5206 illa
2071 5167 2189 5222 qua:
2219 5152 2522 5222 ignorabat,
2559 5166 2664 5204 non
2697 5151 3029 5220 exspectavit
3059 5160 3288 5219 tempus,
3319 5151 3411 5205 sed
3443 5160 3559 5204 sta-

1960 5242 2055 5296 tim
2085 5242 2321 5310 Optimus
2350 5241 2538 5297 artifex
2585 5242 2733 5296 visus
2759 5253 2880 5305 est;
2924 5253 2978 5296 et
3006 5242 3179 5312 primo
3204 5242 3434 5296 ostendit
3471 5259 3561 5296 re-

1957 5335 2099 5403 gium
2132 5343 2292 5405 caput
2317 5376 2331 5398 ,
2376 5334 2647 5388 Christum
2683 5335 3014 5403 praedicans;
3048 5334 3242 5389 deinde
3287 5336 3563 5405 reliquum.

1958 5443 2174 5497 Corpus,
2208 5427 2348 5496 quod
2379 5438 2460 5482 est
2489 5437 2793 5481 accuratum
2818 5428 2939 5482 vita:
2967 5428 3290 5482 institutum.
3314 5427 3563 5482 l‘ictores

1959 5520 2197 5591 quidem,
2226 5536 2347 5575 cum
2379 5536 2437 5574 se
2470 5520 2814 5584 incluserint,
2844 5534 2966 5574 cum
2995 5521 3338 5575 accuratione
3361 5532 3557 5586 magna

1959 5624 2015 5668 et
2042 5613 2223 5682 quiete
2247 5614 2428 5667 omnia
2463 5612 2680 5678 faciunt,
2711 5613 2907 5667 nemini
2937 5612 3071 5667 ostia
3100 5611 3403 5680 aperientes
3427 5629 3441 5663 :
3468 5609 3566 5663 hic

1960 5716 2140 5761 autem
2171 5707 2223 5760 in
2265 5707 2444 5761 medio
2487 5707 2622 5761 orbe
2663 5706 2896 5761 tabuiam
2944 5718 3277 5775 preponens,
3307 5702 3566 5756 omnibus

1967 5800 2461 5859 contradicentibus
2484 5842 2500 5865 ,
2542 5799 2988 5875 tumultuantibus
3009 5840 3024 5862 ,
3067 5794 3401 5851 turbantibus
3422 5833 3442 5863 ,
3484 5796 3562 5849 ita
