3992 6438
565 399 666 458 HI

566 518 710 573 hanc
741 516 938 587 regiam
967 513 1249 584 imaginem
1279 509 1420 574 fecit,
1448 524 1547 562 nec
1569 503 1975 576 prohibebatur,
2005 500 2150 555 ideo-

565 623 672 677 que
712 608 925 662 dicebat
953 624 967 660 :
997 601 1371 674 Spectaculum
1418 598 1542 653 facti
1581 609 1767 651 smnus
1812 592 2047 657 mundo,
2096 591 2149 644 in

562 699 746 754 medio
771 708 925 753 terra:
946 705 1000 750 et
1020 695 1184 750 maris
1204 701 1257 748 et
1277 691 1391 748 ca-li
1413 699 1467 746 et
1489 689 1650 743 totius
1670 687 1838 752 orbis,
1862 685 2151 753 mundique

570 792 729 861 hujus
759 800 865 845 tam
888 788 1155 844 sensibilis
1175 801 1335 857 quam
1358 782 1669 853 spiritualis,
1699 779 1993 849 depiiigcns
2020 778 2151 830 inia-

564 885 764 955 ginem.
803 880 974 936 Vultis
1016 893 1225 949 quoque
1263 887 1486 931 caeteras
1529 874 1645 942 ejus
1689 881 1867 940 partes
1911 868 2091 921 videre
2120 882 2150 919 τι

565 975 741 1043 rapite
771 988 937 1041 ttSque
970 968 1261 1026 deorsum?
1302 977 1394 1023 aut
1434 965 1596 1021 vultis
1624 965 1691 1019 ab
1722 960 1958 1017 inferiori
1999 967 2150 1028 parte

565 1081 869 1122 sermonem
916 1078 1133 1119 sursum
1185 1060 1548 1117 deducamus?
1597 1054 1972 1123 Contemplare
2019 1066 2148 1120 ergo

563 1167 792 1215 S‘atnam
843 1171 1084 1222 auream,
1132 1154 1241 1209 imo
1284 1168 1346 1207 ea
1395 1150 1789 1221 pretiosiorem,
1837 1145 2049 1216 qualem
2093 1144 2148 1197 in

563 1252 697 1307 cado
725 1261 872 1308 stare
902 1265 996 1320 par
1020 1258 1137 1314 est;
1167 1262 1271 1301 non
1298 1246 1512 1316 plumbo
1537 1244 1768 1297 vinctam
1791 1281 1806 1303 ,
1838 1252 2011 1307 neque
2041 1252 2147 1290 uno

563 1343 612 1398 iu
644 1343 763 1398 loco
793 1341 1052 1412 positam;
1080 1338 1173 1393 sed
1199 1353 1226 1390 a
1251 1335 1546 1392 Jerusalem
1572 1347 1743 1403 usque
1774 1329 1842 1384 ad
1873 1327 2138 1398 Illyricum

561 1445 866 1492 currentem
896 1444 949 1491 et
976 1434 1028 1487 in
1057 1431 1365 1502 Hispaniam
1394 1429 1708 1492 abeuntem,
1752 1433 1808 1479 et
1845 1439 1964 1493 quze
1992 1419 2146 1492 quasi

562 1528 700 1581 alata
731 1542 826 1596 per
854 1526 1040 1581 orbem
1070 1534 1224 1579 terra:
1256 1523 1474 1578 feratur.
1507 1520 1643 1589 Quid
1673 1519 1755 1573 his
1784 1515 2006 1587 pedibus
2032 1514 2145 1569 fieri

562 1619 733 1690 pOSsit
755 1616 1051 1688 speciosius
1072 1657 1087 1681 ,
1119 1615 1208 1685 qni
1238 1623 1400 1668 totam
1431 1628 1549 1683 qua:
1573 1611 1673 1666 sub
1699 1608 1813 1663 sole
1841 1616 1921 1662 est
1948 1616 2143 1660 terram

564 1708 950 1780 pervaserunt?
979 1708 1126 1763 Hanc
1150 1708 1381 1778 speciem
1422 1706 1532 1775 jam
1560 1704 1685 1757 olim
1718 1701 1973 1772 proiiheta
2004 1714 2142 1769 pne-

560 1801 757 1857 dieavit
791 1800 1012 1856 dicens:
1042 1801 1208 1867 Quam
1245 1799 1459 1869 speciosi
1496 1798 1647 1868 pedes
1690 1794 2143 1865 euangelizandum

561 1910 736 1964 pacem
759 1891 909 1965 (Isai.
942 1892 1033 1949 52.
1061 1891 1151 1963 7)!
1181 1891 1368 1945 Viden‘
1393 1905 1551 1960 quam
1582 1888 1786 1960 pulchri
1816 1888 1978 1956 pedes
2003 1886 2143 1941 sint?

562 1985 725 2040 Visne
752 1995 807 2041 et
834 1994 1016 2053 peetus
1041 1982 1259 2038 videre?
1283 1981 1513 2047 Accede,
1542 1979 1643 2034 huc
1664 1979 1824 2034 etiam
1850 1979 1939 2032 tilii
1964 1985 2143 2031 osten-

559 2079 703 2145 dam,
735 2088 789 2134 et
817 2078 986 2133 multo
1012 2076 1346 2147 splendidius
1372 2075 1608 2135 videbis,
1638 2089 1797 2144 quam
1831 2071 1996 2142 pedes
2025 2071 2143 2125 illos

559 2172 855 2243 speciosus,
887 2180 937 2226 et
968 2170 1086 2241 ipso
1112 2168 1308 2225 veteris
1333 2167 1654 2238 legislatoris
1676 2175 1915 2236 pectore.
1935 2164 2143 2234 Moyses

556 2264 775 2332 quidem
805 2261 1009 2316 tabulas
1037 2262 1262 2331 gestavit
1298 2259 1533 2329 lapideas
1559 2273 1573 2322 ;
1607 2258 1693 2311 hic
1721 2272 1846 2311 vero
1874 2257 2013 2311 intus
2044 2256 2141 2308 ha-

557 2355 673 2408 buit
703 2353 1011 2418 Christum,
1043 2352 1210 2421 ipsam
1259 2351 1457 2419 regiam
1504 2348 1741 2419 geStaliat
1777 2348 2058 2419 imaginem
2088 2358 2143 2402 et

560 2442 933 2513 propitiatorii.
962 2442 1090 2496 ‘ldco
1116 2440 1435 2496 Clierubiiiis
1460 2439 1829 2494 honorabilior
1858 2447 1992 2492 erat.
2025 2437 2139 2492 Non

554 2539 699 2592 enim
729 2538 849 2591 talis
878 2537 998 2592 inde
1028 2552 1129 2591 vox
1172 2535 1478 2598 ferebatur,
1509 2535 1683 2604 qualis
1709 2535 1864 2599 hinc;
1895 2535 1987 2589 sed
2033 2535 2142 2590 illic

556 2632 707 2699 plura
735 2628 1030 2684 disserebat
1055 2627 1123 2681 de
1148 2628 1455 2691 sensilibus,
1486 2643 1548 2682 ex
1575 2627 1754 2697 lingua
1783 2638 1958 2681 autem
1992 2626 2138 2681 Pauli

550 2720 621 2773 de
651 2720 809 2775 rebus
835 2735 952 2788 qua:
992 2734 1156 2790 supra
1195 2718 1356 2773 caelos
1394 2728 1519 2773 sunt
1548 2736 1561 2772 :
1591 2728 1646 2773 et
1677 2735 1740 2773 ex
1773 2719 2139 2787 proiiitiatorio

552 2810 756 2866 Judaris
782 2811 910 2865 solis
936 2810 1153 2864 oracula
1186 2809 1408 2871 ferebat,
1444 2809 1569 2865 hinc
1594 2826 1722 2864 vero
1751 2811 1843 2863 toti
1874 2819 2136 2864 terrarum

556 2902 673 2956 orbi
700 2920 714 2956 :
740 2913 792 2955 et
823 2901 932 2956 illic
958 2901 1171 2970 quidem
1200 2915 1295 2969 per
1321 2900 1553 2955 inanima
1575 2942 1590 2967 ,
1634 2900 1721 2956 hic
1750 2917 1875 2958 vero
1904 2917 1999 2971 per
2026 2903 2136 2956 ani-

554 3012 695 3051 niam
727 2997 920 3050 virtute
947 2994 1245 3064 praeditam.

625 3089 679 3142 4.
715 3086 827 3142 Hoc
864 3086 1292 3156 propitiatoriuni
1335 3084 1468 3138 ca-lo
1498 3084 1826 3154 splendidius
1851 3093 2001 3151 erat,
2034 3102 2137 3141 non

552 3179 829 3234 stellarum
878 3176 1134 3232 varietate
1178 3176 1383 3246 fulgens
1428 3192 1600 3246 neque
1646 3176 1810 3230 radiis
1853 3178 2132 3244 solarihns,

553 3271 649 3325 διιά
682 3273 851 3340 ipsum
874 3269 1043 3324 solem
1065 3269 1285 3341 justitize
1311 3269 1508 3324 habens
1538 3268 1659 3323 inde
1685 3268 1860 3321 radios
1883 3269 2135 3322 emitten-

556 3374 684 3418 tem.
723 3363 788 3418 Et
813 3362 915 3417 hoc
943 3362 1155 3432 quidem
1188 3363 1375 3416 ca‘lum
1405 3363 1574 3415 nubes
1603 3360 1821 3415 subiens
1849 3360 2136 3433 aliquando

558 3455 763 3509 tristius
793 3453 965 3509 reddit
990 3472 1003 3508 :
1028 3463 1211 3523 pectus
1241 3469 1368 3507 vero
1400 3452 1527 3507 illud
1561 3455 1704 3508 nulla
1737 3469 1985 3521 umquam
2018 3454 2137 3506 talis

554 3557 844 3615 tcmpesms
875 3545 1076 3610 subiit;
1109 3546 1215 3599 imo
1249 3546 1423 3615 potius
1468 3561 1611 3615 saipe
1639 3554 1983 3615 tempestates
2020 3546 2139 3601 sub-

556 3638 926 3693 tercurrebant
976 3637 1178 3703 inultm,
1225 3637 1318 3689 sed
1367 3636 1540 3690 lucem
1591 3652 1697 3689 non
1743 3636 2133 3700 obseuraliant;

554 3729 650 3784 sed
684 3729 735 3783 in
768 3729 938 3782 media
972 3729 1262 3782 tentationc
1291 3737 1343 3781 et
1375 3727 1425 3781 in
1459 3728 1708 3797 periculis
1742 3728 1825 3782 Iuv
1863 3729 1945 3782 illa
1978 3729 2136 3782 efful-

551 3821 729 3890 gebat.
777 3819 1134 3885 Quainolrem
1182 3819 1297 3887 ipse
1338 3818 1540 3873 catenis
1583 3819 1791 3874 vinetus
1836 3819 2134 3873 clamabat:

568 3910 782 3967 Verbum
826 3911 917 3965 Dei
956 3928 1057 3965 non
1106 3923 1175 3965 est
1222 3912 1491 3983 alligatum
1534 3913 1612 3982 (2.
1662 3912 1792 3966 Tim.
1839 3912 1892 3966 2.
1935 3913 2011 3979 9).
2059 3914 2133 3968 Ita

552 4020 767 4074 semper
796 4020 892 4073 per
918 4004 1058 4057 illam
1088 4003 1317 4074 linguam
1348 4003 1527 4058 radios
1553 4005 1861 4067 emittebat;
1897 4022 1994 4060 nec
2022 4022 2136 4059 nie-

559 4108 646 4151 tns
677 4112 774 4151 nec
804 4096 1095 4166 perieulum
1130 4107 1314 4166 peetus
1347 4096 1471 4149 illud
1503 4098 1788 4150 obscurum
1821 4097 2133 4154 reddebant.

558 4190 812 4245 Fortasse
841 4189 1054 4245 videtur
1086 4200 1270 4259 pectus
1303 4190 1429 4244 illud
1479 4191 1640 4260 pedes
1688 4192 1842 4261 longe
1873 4200 2016 4245 retro
2049 4207 2136 4244 re-

554 4283 797 4352 linquere
823 4298 836 4337 :
859 4282 952 4337 sed
980 4282 1053 4336 illi
1085 4292 1260 4337 tamen
1289 4291 1346 4335 ut
1376 4281 1539 4351 pedes
1563 4281 1765 4352 pulchri
1790 4291 1932 4348 sunt,
1960 4296 2013 4338 et
2036 4283 2137 4339 hac

554 4375 714 4429 cliani
745 4384 798 4429 ut
826 4384 1011 4444 pectus
1040 4374 1317 4444 pulchrum
1346 4383 1447 4427 est.
1482 4374 1570 4427 Vis
1600 4383 1655 4426 et
1687 4386 1927 4429 ventrem
1962 4376 2139 4431 videre

555 4466 897 4535 speciosum?
929 4465 1065 4519 Audi
1095 4465 1218 4532 quid
1250 4464 1317 4519 de
1345 4465 1435 4518 illo
1461 4463 1603 4518 dicat
1628 4487 1636 4516 :
1666 4466 1724 4519 Si
1752 4465 1891 4518 cibus
1922 4469 2139 4520 scanda-

554 4559 677 4612 lizat
707 4561 921 4628 fratrem
950 4572 1132 4612 meum.
1163 4571 1261 4608 non
1287 4556 1544 4607 comedam
1574 4572 1778 4609 carnem
1797 4556 1849 4608 in
1875 4566 2137 4610 wternmn.

561 4651 639 4720 (1.
672 4649 793 4705 Cor.
824 4650 877 4704 8.
913 4645 1023 4720 1⁸5).
1058 4648 1262 4702 Bonum
1301 4655 1385 4701 est
1413 4663 1628 4701 carnem
1671 4664 1776 4701 non
1813 4648 2096 4703 comedere
2121 4691 2137 4717 ,

556 4758 658 4800 uec
686 4743 866 4797 vinum
910 4741 1127 4805 bibere,
1159 4756 1330 4809 neque
1360 4756 1472 4794 rem
1503 4755 1892 4810 quamcumque
1912 4783 1926 4805 ,
1959 4741 2010 4795 in
2036 4759 2139 4812 qua

559 4836 724 4891 frater
755 4843 875 4887 tuus
904 4830 1190 4885 otTeiiditur
1214 4841 1303 4884 aut
1333 4831 1751 4898 scandalizatur,
1775 4841 1865 4885 aut
1896 4832 2137 4888 infirma-

557 4940 666 4984 tur.
714 4925 849 4981 Esca
891 4925 1068 4990 acturi,
1110 4934 1156 4980 et
1204 4934 1373 4980 venter
1413 4926 1539 4981 escis
1592 4925 1726 4998 (Id;
1755 4926 1807 4980 6.
1857 4925 1965 4998 15).
2000 4927 2137 4995 Quid

559 5020 662 5073 hoc
690 5027 877 5073 ventre
904 5015 1065 5070 fuerit
1085 5016 1402 5084 Speciosius,
1429 5015 1519 5086 qui
1547 5016 1617 5070 ita
1645 5017 1833 5072 doctus
1856 5028 1970 5072 erat
1991 5020 2142 5087 quie-

556 5127 730 5187 scere,
772 5120 823 5168 et
854 5124 1070 5165 onmem
1100 5109 1504 5178 temperantiam
1534 5109 1813 5177 exhibere,
1845 5111 1933 5180 qui
1980 5112 2142 5166 seiret

557 5206 799 5270 esurire,
845 5204 1042 5259 famem
1074 5204 1181 5273 pati
1211 5214 1267 5259 et
1296 5204 1478 5259 sitire?
1510 5204 1966 5287 Quemadmodum
1994 5206 2138 5261 enim

554 5315 728 5370 equus
771 5299 907 5354 bene
945 5308 1189 5352 assuetus
1230 5297 1468 5352 habenas
1497 5297 1699 5353 habens
1731 5314 1920 5353 :mreas
1941 5342 1956 5364 ,
1986 5299 2054 5352 ita
2087 5310 2142 5354 et

557 5391 643 5445 hic
688 5403 975 5445 numerose
1024 5388 1304 5444 incedebat
1345 5403 1467 5444 eum
1522 5398 1724 5443 natura:
1764 5392 2139 5446 necessitatem

555 5488 869 5554 superasset
894 5496 908 5534 :
933 5495 1058 5535 nam
1088 5481 1328 5536 Christus
1368 5480 1646 5535 incedebat
1679 5481 1730 5535 in
1764 5482 1874 5535 illo.
1911 5482 2021 5536 lloc
2049 5499 2143 5535 att-

559 5584 664 5629 tem
694 5583 802 5629 tam
830 5582 1192 5645 temperanter
1220 5584 1433 5643 agente,
1465 5573 1638 5642 palam
1671 5584 1752 5628 est
1784 5575 1967 5628 vitiant
1998 5575 2139 5629 aliud

559 5681 719 5721 omne
748 5667 977 5720 solutum
1007 5665 1188 5721 fuisse.
1225 5666 1312 5721 Vis
1340 5667 1500 5721 etiam
1529 5666 1708 5720 videre
1738 5681 1829 5721 eas
1858 5684 1976 5736 qua:
2004 5684 2143 5724 nunc

560 5763 687 5807 sunt
722 5757 945 5810 manus?
988 5767 1080 5809 aut
1118 5756 1195 5809 vis
1227 5756 1373 5825 prius
1404 5757 1613 5811 illorum
1644 5757 1922 5827 pristinam
1954 5760 2141 5830 nequi-

561 5846 690 5900 tiam
732 5847 944 5906 videre?
982 5850 1253 5921 Ingressus
1296 5851 1385 5907 ille
1432 5848 1644 5919 domos,
1687 5870 1857 5927 nuper
1902 5873 2043 5914 viros
2086 5868 2141 5914 et

1384 391 1439 446 S.
1464 387 1742 446 JUANNIS
1771 386 2039 442 (illllYSO
2064 383 2140 437 ~Tt

2284 381 2599 442 ARGllllﬁP.
2639 389 3177 450 (IUNSTANTINUP.
3716 407 3803 464 ll!

2260 498 2511 556 mulieres
2543 502 2815 568 trahebat.
2849 522 2954 563 non
2984 510 3085 564 viri
3112 526 3298 568 manus
3342 512 3571 583 habens,
3603 517 3688 575 sed
3713 522 3799 576 im-

2262 592 2434 646 manis
2464 591 2613 649 ferze.
2649 596 2936 668 Postquam
2976 611 3157 656 autem
3187 604 3394 660 colores
3421 610 3647 663 veritatis
3674 628 3805 669 acce-

2260 682 2356 751 pit,
2409 693 2464 737 et
2505 686 2833 754 spiritualem
2883 692 3165 760 peritiam,
3218 711 3320 750 non
3372 698 3508 752 ultra
3554 702 3643 754 viri
3682 705 3804 759 luere

2257 790 2447 830 manus
2477 777 2601 844 illae,
2634 780 2728 835 sed
2758 784 3089 851 Spirituales,
3120 789 3355 857 quotidie
3379 793 3575 846 catenis
3601 799 3802 851 constri-

2256 876 2355 919 cta‘
2380 883 2394 932 ;
2427 877 2482 922 et
2513 872 2780 927 neminem
2811 890 3064 945 umquam
3092 890 3494 947 percusserunt,
3524 884 3611 937 sed
3638 887 3803 945 milli-es

2259 970 2526 1024 percussa:
2555 972 2699 1015 sunt.
2733 963 2904 1021 Hasce
2936 983 3136 1023 manus
3155 972 3441 1041 aliquando
3469 975 3644 1046 vipera
3672 993 3801 1034 reve-

2256 1057 2359 1102 rita
2388 1059 2470 1104 est
2499 1072 2511 1106 :
2544 1068 2647 1107 non
2677 1057 2819 1109 enim
2849 1057 2958 1127 jam
2990 1071 3145 1115 crant
3175 1062 3406 1119 hominis
3432 1081 3648 1133 manus;
3677 1069 3801 1125 ideo-

2255 1155 2357 1208 que
2387 1158 2490 1196 nou
2519 1146 2691 1216 attigit
2717 1163 2827 1202 eas.
2866 1151 2954 1205 \‘is
2981 1154 3140 1208 etiam
3173 1164 3377 1225 tergum
3407 1158 3585 1214 videre
3612 1162 3801 1231 reliquis

2255 1235 2509 1289 membris
2553 1238 2766 1295 simile?
2797 1242 2931 1297 Audi
2969 1245 3094 1314 quid
3126 1247 3194 1302 de
3238 1248 3328 1302 illo
3358 1250 3497 1304 dicat
3524 1270 3536 1304 :
3562 1253 3801 1324 Quinquies

2250 1329 2604 1398 quadragenas
2648 1349 2749 1385 una
2790 1335 2955 1389 minus
2993 1340 3161 1408 accepi
3207 1358 3241 1393 a
3275 1341 3499 1397 Iudicis.
3544 1343 3635 1398 Ter
3668 1349 3799 1417 rirgis

2251 1434 2408 1472 (ανδρες
2433 1438 2577 1487 sum,
2622 1425 2776 1478 semel
2816 1427 3076 1496 lapidatus
3103 1448 3233 1491 sum.
3268 1443 3343 1487 ter
3365 1437 3675 1507 naufragium
3704 1457 3801 1506 per-

2252 1515 2363 1578 tuli,
2393 1526 2537 1570 nocte
2565 1527 2611 1570 et
2632 1519 2714 1573 die
2738 1519 2790 1573 in
2811 1523 3065 1593 profundo
3090 1525 3244 1581 maris
3269 1529 3346 1597 fui
3369 1526 3415 1598 (Ι
3440 1570 3449 1580 .
3481 1528 3597 1584 Cor.
3623 1532 3698 1585 11.
3722 1531 3799 1585 2i.

2248 1602 2366 1670 23).
2398 1604 2501 1659 Sed
2542 1624 2608 1662 ne
2650 1624 2748 1663 nos
2792 1612 2843 1665 in
2890 1613 3207 1680 profundum
3250 1617 3567 1673 immensum
3599 1621 3801 1692 dejecti,

2250 1697 2476 1751 multum
2505 1700 2948 1773 circumagamur,
2993 1706 3201 1778 singula
3242 1709 3360 1779 ejus
3389 1712 3617 1767 membra
3645 1730 3798 1782 perse-

2251 1799 2510 1859 quentes;
2542 1808 2641 1864 age
2666 1794 2774 1865 jam
2805 1811 2833 1849 a
2865 1812 3093 1868 corpore
3118 1800 3481 1870 discedentes,
3523 1806 3669 1861 aliam
3696 1810 3797 1878 pul-

2248 1880 2610 1939 ehritudinem
2654 1888 2957 1955 videamus,
3001 1908 3195 1964 nempe
3222 1910 3250 1948 a
3278 1898 3634 1964 vestimentis,
3662 1916 3800 1971 quam

2248 1975 2522 2033 dmmones
2551 1982 2965 2048 reverebantur;
3011 1986 3236 2058 ideoque
3265 1988 3564 2058 fugiebant,
3596 2002 3647 2047 et
3668 1997 3801 2064 agri-

2249 2068 2460 2123 tndines
2503 2071 2780 2128 curabant.
2814 2075 2879 2129 Et
2909 2077 3232 2148 ubicumque
3278 2092 3559 2150 appareret
3601 2084 3796 2149 Paulus,

2246 2159 2421 2212 omnia
2452 2161 2715 2217 cedebant
2743 2174 2797 2219 et
2834 2168 3220 2224 amovebantirr
3241 2212 3256 2237 ,
3298 2182 3481 2242 utpote
3508 2189 3623 2228 cum
3661 2175 3799 2231 adve-

2247 2253 2413 2307 nisset
2437 2253 2585 2309 orbis
2611 2267 2871 2312 terrarum
2898 2261 3062 2331 pugil.
3087 2264 3164 2317 Ac
3187 2267 3630 2332 quemadmodum
3654 2268 3702 2331 ii,
3722 2268 3795 2336 qui

2250 2347 2444 2399 multas
2474 2348 2525 2401 in
2559 2348 2698 2404 bello
2729 2352 2909 2423 plagas
2935 2368 3255 2424 acceperunt
3279 2400 3293 2420 ,
3336 2361 3379 2414 si
3418 2361 3638 2417 viderint
3671 2379 3797 2415 arma

2246 2439 2361 2506 ejus
2387 2440 2475 2509 qui
2510 2441 2630 2495 illos
2661 2447 2920 2511 percussit
2942 2489 2959 2511 ,
2993 2447 3316 2506 horrescunt
3338 2468 3353 2506 :
3378 2451 3448 2505 ita
3480 2463 3530 2508 et
3558 2454 3799 2509 ila-mones

2244 2531 2575 2586 semicinctia
2607 2542 2809 2589 tantum
2857 2537 3098 2594 videntes
3122 2580 3149 2607 ν
3178 2541 3541 2599 discedebant.
3575 2545 3665 2600 Ubi
3694 2554 3795 2599 sunt

2245 2637 2386 2676 nunc
2413 2624 2607 2679 divites
2632 2667 2645 2691 ,
2687 2629 2779 2697 qui
2813 2630 2864 2684 in
2896 2631 3096 2687 divitiis
3126 2634 3292 2689 altum
3325 2639 3568 2707 sapiunt?
3596 2640 3675 2695 ubi
3703 2638 3791 2705 illi,

2244 2713 2332 2781 qui
2373 2714 2654 2783 dignitates
2698 2734 2822 2773 suas
2867 2735 3148 2778 numerant
3194 2736 3611 2798 suniptuosaqne
3648 2731 3794 2785 vesti-

2242 2806 2457 2859 menta?
2482 2804 2613 2860 Cum
2640 2808 2723 2863 bis
2743 2825 2801 2864 se
2831 2824 3231 2883 comparantes,
3251 2834 3349 2872 sua
3381 2821 3557 2875 omnia
3577 2819 3794 2875 videbunt

2241 2912 2363 2952 esse
2397 2913 2609 2953 cmuum
2652 2910 2706 2955 et
2752 2902 2939 2957 Intuin.
2986 2906 3047 2960 Et
3086 2909 3210 2975 quid
3254 2910 3377 2965 dico
3422 2914 3714 2967 vestimenta
3750 2921 3797 2966 et

2243 2990 2445 3043 aurea?
2466 2990 2519 3044 Si
2550 2992 2691 3045 enim
2715 2995 2832 3061 quis
2857 2995 2981 3049 inibi
3007 2999 3167 3053 totius
3185 3001 3334 3056 orbis
3358 3003 3626 3073 imperium
3646 3004 3791 3062 daret.

2242 3095 2473 3150 unguem
2522 3083 2694 3137 solum
2744 3085 2925 3149 Pauli,
2976 3088 3076 3142 isto
3121 3089 3350 3160 imperio
3399 3093 3661 3149 fortiorem
3696 3108 3794 3148 esse

2243 3183 2506 3240 putarem,
2539 3188 2907 3244 paupertatem
2936 3179 3070 3248 ejus,
3097 3184 3242 3235 omni
3270 3186 3795 3257 volnptate,.igooliili-

2245 3269 2404 3317 tatem
2436 3266 2582 3319 omni
2609 3267 2800 3336 gloria,
2835 3270 3088 3326 omnibus
3112 3273 3314 3329 divitiis
3341 3276 3647 3340 nuditatem,
3674 3275 3796 3328 omni

2243 3355 2451 3410 licentia
2494 3356 2754 3427 impactus
2794 3376 2950 3416 sacro
3003 3364 3077 3418 illi
3131 3367 3290 3437 capiti
3352 3369 3645 3439 colaphos,
3675 3366 3794 3419 oniai

2242 3447 2542 3504 diademate
2582 3451 2787 3520 lapides
2825 3469 2959 3523 quos
2990 3458 3224 3527 excepit.
3254 3458 3404 3515 Hanc
3441 3476 3677 3518 coronam
3716 3458 3795 3510 de-

2239 3541 2575 3611 sideremus,
2622 3544 2803 3600 dilecti
2830 3564 2844 3600 :
2871 3556 2925 3601 et
2956 3550 3168 3605 etiamsi
3203 3556 3551 3621 persequutio
3589 3570 3682 3608 non
3720 3553 3799 3614 sit,

2244 3633 2455 3689 interim
2486 3652 2583 3691 nos
2612 3652 2994 3708 prieparemus.
3022 3641 3207 3711 Neque
3234 3646 3379 3699 enim
3408 3661 3437 3699 a
3466 3646 3796 3714 persequutio-

2244 3728 2398 3782 nibus
2430 3740 2633 3783 tantum
2668 3729 2753 3785 hic
2784 3732 2866 3785 vir
2904 3733 3218 3803 Splendidus
3247 3749 3364 3792 erat
3392 3757 3405 3792 :
3430 3754 3549 3792 nam
3577 3738 3793 3791 diccbat:

2242 3818 2446 3891 Castigo
2486 3837 2672 3891 corpus
2715 3839 2879 3876 meum
2927 3826 3006 3895 (ι.
3040 3825 3157 3880 Cor.
3190 3827 3242 3882 9.
3272 3829 3402 3897 27);
3432 3829 3531 3884 hoc
3560 3844 3676 3884 vero
3699 3828 3794 3879 sine

2243 3915 2656 3982 persequutione
2686 3924 2831 3970 recte
2860 3916 2971 3970 lieri
2999 3930 3193 3987 p0test.
3220 3919 3286 3973 Et
3308 3921 3622 3976 admonebat
3645 3918 3801 3973 carnis

2241 4019 2423 4058 enram
2455 4021 2560 4058 non
2592 4005 2886 4061 faciendam
2916 4024 3035 4062 es~e
3062 4010 3126 4062 ad
3157 4012 3614 4081 coneiipiscentins
3642 4010 3789 4081 (liam.

2246 4095 2332 4149 13.
2367 4095 2491 4166 H);
2525 4106 2578 4151 et
2608 4113 2828 4151 rursus:
2860 4097 3111 4153 Habentes
3145 4102 3389 4154 alimenta
3433 4114 3480 4157 et
3518 4113 3689 4167 restes,
3730 4099 3793 4151 liis

2243 4189 2458 4241 contenti
2486 4189 2642 4243 simus
2670 4188 2744 4259 (1.
2780 4190 2914 4243 Titii.
2947 4191 2999 4246 6.
3032 4191 3109 4261 8).
3142 4193 3221 4247 Ad
3252 4193 3369 4248 hinc
3395 4195 3533 4249 enim
3565 4210 3661 4246 non
3681 4204 3795 4259 opus

2242 4292 2324 4334 est
2349 4282 2869 4350 persequutionibus.
2897 4283 2960 4336 Et
2980 4284 3264 4351 opulentos
3293 4301 3505 4356 quoque
3527 4286 3590 4338 ad
3622 4295 3794 4350 tenipo-

2244 4373 2471 4427 rantiam
2501 4373 2724 4427 vocabat
2748 4374 2934 4428 dicens
2960 4393 2972 4426 :
3003 4376 3105 4441 Qui
3136 4377 3307 4430 volunt
3339 4396 3447 4432 esse
3474 4378 3658 4439 divites,
3689 4371 3792 4427 inci-

2243 4468 2367 4519 dunt
2396 4467 2448 4519 in
2479 4468 2802 4520 tentationem
2844 4466 2953 4537 (Ib.
2994 4484 3042 4521 ιι.
3074 4468 3150 4539 9).
3194 4468 3248 4523 Si
3299 4469 3460 4539 igitur
3489 4484 3584 4523 nos
3612 4479 3795 4536 quoque

2242 4557 2319 4612 sic
2359 4573 2746 4625 exerceamus,
2793 4560 2844 4613 in
2892 4575 3118 4630 agonem
3161 4561 3391 4630 ingressi
3422 4558 3795 4616 coronabiniur:

2244 4656 2298 4701 et
2325 4648 2449 4703 licet
2476 4651 2819 4720 perseqiintio
2842 4666 2944 4704 non
2973 4651 3063 4717 sit,
3089 4652 3252 4706 multa
3281 4668 3381 4723 pro
3404 4653 3485 4708 his
3507 4644 3802 4721 recipiemus

2244 4739 2482 4809 praemia.
2525 4739 2581 4794 Si
2621 4756 2749 4796 vero
2777 4756 2970 4812 corpus
3001 4742 3395 4811 inipingueinus
3414 4783 3430 4807 ,
3459 4755 3508 4797 et
3540 4750 3794 4811 porcorum

2249 4831 2411 4884 vitam
2437 4832 2694 4887 ducamus
2714 4877 2728 4898 ,
2761 4838 2921 4887 etiam
2955 4832 3006 4887 in
3039 4849 3170 4904 pace
3201 4834 3364 4887 multa
3395 4842 3601 4903 peccata
3629 4827 3799 4883 admit-

2248 4934 2423 4979 temus
2446 4939 2509 4979 ac
2535 4924 2772 4980 dedecus
2800 4927 3050 4981 feremus.
3093 4925 3208 4980 Non
3236 4926 3384 4981 vides
3411 4926 3657 4980 adversus
3683 4932 3800 4991 quos

2247 5015 2400 5069 nobis
2420 5015 2489 5069 sit
2507 5015 2849 5071 colluctatio?
2867 5015 3137 5073 Adversus
3156 5017 3499 5087 incorporeas
3513 5021 3795 5086 potestates.

2248 5108 2528 5175 Quomodo
2558 5123 2687 5179 ergo
2713 5124 2833 5163 cum
2867 5124 2991 5164 caro
3033 5110 3235 5175 simus,
3282 5110 3377 5166 has
3420 5098 3798 5179 superabinius?

2247 5199 2377 5254 Nam
2416 5201 2460 5254 si
2508 5215 2630 5254 cum
2680 5200 2897 5257 homine
2943 5202 3062 5271 quis
3100 5212 3427 5272 pugnaturus
3468 5203 3797 5269 temperanter

2246 5292 2529 5348 comedere
2557 5293 2749 5362 debet,
2792 5295 2958 5349 multo
2988 5295 3155 5364 magis
3183 5295 3227 5349 si
3253 5295 3507 5349 adversus
3530 5293 3794 5345 dzemonas.

2246 5385 2470 5453 Quando
2513 5397 2690 5440 autem
2722 5402 2842 5440 eum
2873 5388 3055 5441 carnis
3086 5388 3406 5457 pinguedine
3434 5384 3627 5439 divitiis
3654 5380 3795 5435 etiam

2248 5480 2504 5536 fuerimus
2555 5480 2797 5549 alligati,
2852 5480 2991 5533 unde
3040 5480 3371 5535 adversarios
3424 5465 3797 5547 superabimus?

2253 5573 2529 5627 Vinculum
2561 5572 2703 5628 enim
2731 5581 2851 5626 sunt
2879 5571 3099 5636 di\iti:e,
3135 5570 3405 5625 vinculum
3430 5583 3588 5639 grave
3614 5565 3690 5624 iis,
3718 5556 3793 5627 qui

2247 5665 2352 5719 illis
2385 5665 2458 5719 uti
2507 5664 2747 5717 nesciunt
2772 5705 2785 5727 ,
2838 5673 3093 5734 tyrannus
3132 5662 3361 5717 crudelis
3390 5670 3439 5714 et
3472 5658 3792 5712 inhumanus.

2248 5758 2423 5812 servis
2469 5757 2581 5812 suis
2611 5757 2789 5810 omnia
2837 5757 3109 5822 imperans
3156 5754 3222 5809 ad
3266 5752 3542 5823 perniciem
3593 5743 3721 5804 Sed.
3755 5736 3792 5789 Si

2250 5852 2473 5907 velimus
2500 5895 2513 5920 ,
2552 5853 2683 5905 lianc
2713 5849 2958 5905 acerbam
3002 5847 3334 5920 tyrannidem
3365 5861 3394 5902 c
3424 5843 3553 5900 Solio
3581 5831 3789 5893 dcculiB'
