3992 6420
246 366 336 422 111
1351 369 1418 426 ΙΝ
1449 367 1666 424 EPIST.
1691 369 1711 423 1
1740 367 1856 421 ADI

1961 363 2012 417 Β.
2046 359 2280 416 1103111..
2311 359 2450 415 XIII.

251 479 456 551 κόσμῳ,
482 477 546 532 ἐν
581 479 746 554 μέσῳ
779 481 890 554 γῆς
915 483 1007 542 καὶ
1035 483 1332 553 θαλάσσης,
1365 483 1460 537 καὶ
1485 481 1582 536 τοῦ
1610 480 1842 553 οὐρανοῦ

261 563 352 618 καὶ
374 563 474 634 τῆς
500 561 850 637 οἰκουμένης
883 565 1122 637 ἀπάσης,
1149 566 1245 620 καὶ
1278 565 1374 619 τοῦ
1420 565 1628 638 κόσμου
1657 564 1752 618 τοῦ
1784 580 1844 616 τε

263 647 520 718 αἰσθητοῦ
547 647 646 702 τοῦ
673 666 738 703 τε
774 649 994 722 νοητοῦ,
1025 651 1126 722 τὴν
1149 651 1333 705 εἰκόνα
1356 649 1686 722 ζωγραφῶν.
1717 647 1852 701 Βού-

261 729 422 785 λεσθε
453 731 554 786 καὶ
589 731 665 786 τὰ
702 733 868 788 λοιπὰ
903 733 1044 806 μέρη
1083 733 1288 804 ταύτης
1315 733 1464 800 ἰδεῖν,
1495 733 1566 786 τὰ
1603 732 1712 786 ἀπὸ
1749 731 1851 801 τῆς

265 813 515 887 κεφαλῆς
543 815 734 882 κάτω;
769 817 802 887 ἢ
837 816 1094 888 βούλεσθε
1133 817 1378 872 κάτωθεν
1401 817 1494 870 τὸν
1527 816 1684 885 λόγον
1717 816 1850 869 ἀνα-

263 899 531 970 γάγωμεν
556 918 572 962 ;
596 899 707 955 Θέα
733 900 915 954 τοίνυν
937 901 1232 973 ἀνδριάντα
1261 899 1520 970 χρυσοῦν,
1557 899 1756 968 μᾶλλον
1793 896 1852 950 δέ

264 983 363 1036 καὶ
407 981 604 1036 τούτου
647 983 994 1054 τιμιώτερον,
1045 985 1140 1038 καὶ
1185 980 1298 1038 οἷον
1345 985 1404 1037 ἐν
1443 981 1592 1052 [HS]
1635 980 1852 1052 οὐρανῷ

267 1065 498 1120 ἑστάναι
540 1065 707 1131 είκδς,
735 1066 796 1119 06
835 1067 1069 1138 μολίϐδῳ
1110 1065 1557 1138 προσδεδεμένον,
1605 1065 1727 1119 οὐδὲ
1771 1063 1853 1118 ἐνί⁹

267 1149 564 1219 ίδρυμένον
605 1151 808 1222 χωρίῳ,
841 1149 958 1204 ἀλλ’
986 1150 1095 1204 ἀπὸ
1143 1149 1502 1222 Ἰερουσαλήμ
1549 1149 1712 1222 μέχρι
1755 1147 1852 1202 τοῦ

273 1231 581 1304 Ἰλλυρικοῦ
613 1233 888 1305 τρέχοντα,
924 1233 1019 1288 καὶ
1043 1235 1124 1299 εἰς
1161 1233 1438 1288 Ἱσπανίαν
1471 1234 1720 1295 ἀπιόντα,
1757 1232 1854 1286 καὶ

259 1315 554 1386 πανταχοῦ
591 1317 693 1387 τῆς
715 1317 1038 1388 οἰκουμένης
1069 1317 1318 1389 καθάπερ
1355 1317 1662 1388 ὑπόπτερον
1692 1315 1855 1386 φερό-

260 1415 458 1468 μενον.
489 1400 555 1454 Τί
576 1400 683 1471 γὰρ
711 1399 822 1454 τῶν
851 1400 1028 1455 ποδῶν
1055 1401 1264 1456 τούτων
1296 1403 1629 1474 ὡραιότερον
1655 1397 1852 1470 γένοιτ’

255 1481 356 1547 ἂν,
393 1482 505 1536 τῶν
549 1481 766 1538 ἃπασαν
793 1484 1128 1539 ἐπελθόντων
1160 1485 1259 1556 τὴν
1291 1486 1379 1555 ὑφ’
1413 1486 1550 1558 ἡλίῳ
1591 1485 1854 1556 κειμένην

252 1565 372 1635 γῆν
396 1584 414 1634 ;
447 1566 668 1638 Ταύτην
692 1567 792 1638 τὴν
817 1567 1130 1642 ὡραιότητα
1161 1570 1257 1624 καὶ
1281 1571 1309 1624 6
1334 1571 1624 1642 προφήτης
1643 1567 1854 1625 ἀνωθεν

253 1647 535 1718 κηρύττει
569 1649 763 1720 λέγων·
807 1651 902 1718 Ὡς
933 1651 1136 1720 ὡραῖοι
1163 1655 1216 1706 ol
1253 1653 1438 1720 πόδες
1463 1651 1582 1707 τῶν
1606 1654 1855 1721 εὐαγγε-

249 1729 595 1800 λιζομένων
607 1731 852 1802 εἰρήνην
865 1735 886 1786 .'
900 1730 1055 1798 Εἶδες
1071 1734 1189 1798 πῶς
1210 1736 1365 1790 καλοὶ
1381 1737 1430 1790 οἰ
1453 1735 1615 1799 πόδες
1631 1753 1646 1800 ;
1669 1733 1855 1798 Θέλεις

254 1813 358 1867 καὶ
393 1812 458 1867 τὸ
493 1814 687 1885 στῆθος
713 1815 881 1882 ίδεῖν;
911 1815 1082 1888 Δεῦρό
1117 1835 1200 1872 σοι
1233 1817 1393 1886 δείξω
1417 1819 1514 1873 καὶ
1549 1819 1728 1881 τοῦτο,
1758 1817 1854 1870 καὶ

253 1894 452 1966 πολλῷ
503 1896 882 1969 λαμπρότερον
928 1899 1047 1970 ὕψει
1097 1899 1208 1954 τῶν
1267 1901 1448 1956 ποδῶν
1488 1901 1696 1954 τούτων
1744 1899 1854 1954 τῶν

251 1977 514 2049 ὡραίων,
541 1981 634 2034 καὶ
664 1981 844 2034 αὐτῶν
876 1983 984 2035 τῶν
1004 1983 1098 2036 τοῦ
1122 1983 1350 2039 παλαιοῦ
1376 1985 1669 2054 νομοθέτου
1697 1986 1855 2056 στέρ-

252 2079 393 2116 νων.
445 2065 688 2135 Μωῦσῆς
738 2065 838 2134 μὲν
885 2065 994 2137 γάρ
1041 2067 1256 2131 πλάκας
1291 2067 1561 2132 ἐϐάσταζε
1605 2067 1851 2132 λιθίναςο

249 2139 424 2210 οὗτος
465 2146 526 2200 δέ
557 2147 718 2202 αὑτὸν
747 2148 958 2204 ἔνδοθεν
987 2145 1099 2221 εἶχε
1138 2151 1228 2204 16v
1263 2151 1522 2224 Χριστὸν,
1556 2152 1726 2224 αὐτὴν
1753 2152 1854 2223 τὴν

254 2225 561 2300 βασιλικὴν
605 2229 800 2301 ἔφερεν
851 2231 1036 2286 είκόνα
1086 2233 1312 2288 καὶτοῦ
1361 2235 1714 2306 ίλαστηρίου·
1765 2234 1854 2288 διὰ

247 2312 426 2366 τοῦτο
473 2315 572 2367 καὶ
615 2313 724 2369 τῶν
776 2316 1058 2387 Χερουϐὶμ
1111 2319 1437 2390 σεμνότερος
1481 2315 1570 2390 ἦν.
1629 2319 1705 2373 U6
1743 2319 1854 2390 γάρ

249 2395 493 2470 τοιαύτη
555 2400 779 2472 ἐφέρετο
825 2402 1035 2456 ἐκεῖθεν
1064 2403 1252 2474 φωνὴ,
1288 2405 1375 2458 οἶα
1421 2403 1695 2470 ἐντεῦθεν,
1736 2405 1852 2458 ἀλλ’
1886 2464 1890 2467 ,

251 2480 479 2534 ἐκεῖθεν
525 2482 625 2552 μὲν
665 2485 734 2538 τά
783 2485 1006 2539 πλείονα
1049 2485 1180 2557 περὶ
1229 2485 1506 2558 αἰσθητῶν
1543 2486 1815 2556 διελέγετο
1835 2529 1850 2552 ,

250 2566 370 2619 ἀπὸ
399 2565 456 2619 δέ
489 2565 592 2636 τῆς
619 2568 830 2622 Παύλου
860 2568 1107 2639 γλώττης
1139 2571 1269 2641 περί
1295 2569 1406 2623 τῶν
1435 2569 1578 2640 ὑπὲρ
1603 2571 1732 2635 τοὺς
1755 2571 1850 2624 οὐ-

252 2650 466 2722 ρανοὺς
512 2651 897 2722 πραγμάτων
952 2653 1044 2706 καὶ
1088 2653 1198 2706 ἀπὸ
1245 2652 1346 2723 μέν
1383 2651 1480 2706 τοῦ
1537 2652 1852 2727 ίλαστηρῖου

263 2732 559 2796 Ἰουδαίοις
583 2733 918 2804 ἐχρημάτιζε
955 2735 1155 2806 μόνοις,
1193 2734 1447 2790 ἐντεῦθεν
1477 2735 1534 2789 δὲ
1563 2739 1630 2809 τῇ
1671 2738 1854 2791 οἰκου-

259 2817 406 2889 μένῃ
435 2815 594 2889 πάσῃ
617 2832 632 2846 ·
662 2817 826 2871 κάκεῖ
859 2819 959 2890 μὲν
989 2817 1078 2873 διὰ
1116 2818 1366 2892 ἀψύχων,
1401 2819 1639 2875 ἐνταῦθα
1673 2820 1732 2876 δέ
1763 2819 1854 2876 διὰ

261 2899 444 2972 ψυχῆς
477 2900 765 2972 ἐναρέτου.

325 3067 394 3122 δ’.
408 3066 588 3122 Τοῦτο
597 3069 694 3122 καὶ
711 3067 935 3142 ούρανοῦ
947 3069 1328 3145 λαμπρότερον
1346 3067 1416 3147 ἦν
1439 3073 1500 3128 16
1514 3075 1850 3150 ἱλαστήριον,

258 3151 321 3205 06
373 3151 630 3222 ποικιλίᾳ
677 3153 892 3224 ἄστρων
939 3154 1433 3227 καταλαμπόμενον
1475 3159 1586 3212 066'
1638 3161 1853 3214 ἀκτῖσιν

259 3235 550 3304 ἡλιακαῖς,
575 3234 693 3288 ἀλλ’
729 3235 894 3290 αὑτὸν
920 3237 1010 3290 τὸν
1038 3238 1196 3310 ἥλιον
1225 3240 1324 3310 τῆς
1352 3239 1697 3312 δικαιοσύνης
1729 3242 1854 3314 ἔχον

258 3319 478 3372 ἐκεῖθεν
507 3319 740 3387 ἀφιέντα
768 3319 877 3396 τὰς
898 3320 1142 3386 ἀκτῖνας.
1175 3323 1284 3376 Καὶ
1309 3323 1502 3378 τοῦτον
1531 3327 1630 3396 μὲν
1654 3327 1746 3380 τὸν
1765 3328 1854 3381 06-

266 3403 431 3476 ρανὸν
459 3402 626 3472 νέφος
651 3393 964 3474 ὑποδραμόν
989 3421 1118 3459 ποτε
1145 3393 1600 3482 σκυθρωπότερον
1625 3409 1852 3483 ἐργάζει

259 3503 378 3551 ται,
411 3486 474 3540 16
507 3485 568 3538 δέ
605 3485 800 3556 στῆθος
830 3489 1011 3541 ἐκεῖνο
1032 3490 1208 3554 οὐδεὶς
1249 3491 1532 3564 ύπέδραμέ
1575 3511 1706 3548 ποτε
1737 3512 1854 3566 χει-

268 3572 387 3643 μὼν
412 3569 680 3635 τοιοῦτος’
713 3572 916 3643 μᾶλλον
939 3573 998 3626 δέ
1022 3573 1337 3646 ύπέδραμον
1375 3575 1473 3647 μὲν
1511 3577 1698 3632 πολλοί
1721 3579 1855 3632 πολ-

265 3655 425 3719 λάκις
453 3654 747 3726 χειμῶνες,
773 3655 836 3709 τὸ
855 3656 914 3710 δὲ
940 3655 1055 3726 φῶς
1079 3659 1181 3712 οὐκ
1207 3661 1568 3714 ἐπεσκότισαν
1586 3673 1634 3725 ³,
1658 3663 1775 3717 ἀλλ’
1797 3666 1854 3717 ἐν

274 3739 424 3810 μέσῳ
458 3737 545 3810 τῷ
586 3737 880 3810 πειρασμῷ
917 3740 1008 3795 καὶ
1043 3743 1157 3804 τοῖς
1185 3742 1452 3808 κινδύνοις
1481 3745 1542 3798 16
1573 3744 1690 3816 φῶς
1746 3748 1856 3800 ἀπ-

273 3824 483 3895 ἐλαμπε
504 3823 682 3876 τοῦτο.
703 3822 795 3876 Διὸ
809 3823 1074 3888 καίαύτὸς
1097 3825 1284 3880 ἅλυσιν
1302 3827 1683 3900 περικείμενος
1700 3829 1852 3884 ἐϐόα·

282 3909 345 3961 '0
375 3908 566 3978 λόγος
587 3906 695 3960 τοῦ
727 3905 875 3962 Θεοῦ
907 3908 980 3962 οὐ
1007 3907 1260 3964 δέδεται.
1303 3909 1490 3975 Οῦτως
1521 3913 1609 3966 ἀεὶ
1643 3913 1731 3967 διὰ
1757 3915 1856 3984 τῆς

273 3991 523 4062 γλώττης
550 3989 766 4062 ἐκείνης
789 3989 944 4061 ἠφίει
984 3991 1081 4056 τὰς
1123 3992 1380 4058 ἀκτῖνας*
1427 3995 1522 4048 καὶ
1566 3997 1628 4049 06
1667 3995 1854 4066 φόϐος,

275 4075 333 4128 06
357 4073 602 4137 κίνδυνος
623 4073 684 4126 16
707 4073 904 4144 στῆθος
929 4076 1104 4128 ἐκεῖνο
1127 4075 1454 4147 σκυθρωπὸν
1480 4077 1674 4132 ἐποίει.
1701 4079 1858 4150 Τάχα

277 4155 638 4230 παρελαύνειν
659 4155 806 4210 δοκεῖ
821 4155 887 4210 16
917 4156 1110 4229 στῆθος
1131 4159 1260 4224 τοὺς
1287 4161 1474 4224 πόδαςο
1503 4160 1638 4216 ἀλλά
1665 4163 1857 4217 κάκεῖ-

276 4257 355 4295 νοι
391 4240 471 4304 ώς
504 4240 666 4304 πόδες
689 4239 860 4308 καλοὶ,
890 4241 986 4294 καὶ
1021 4241 1180 4296 τοῦτο
1203 4242 1278 4307 ὡς
1301 4244 1516 4315 στῆθος.
1550 4245 1738 4300 Βούλει
1763 4235 1858 4302 κάι

276 4325 525 4394 γαστέρα
553 4323 682 4377 ἰδεῖν
706 4322 948 4396 ὡραίαν;
985 4325 1250 4380 ’Ἄκουσον
1274 4327 1328 4380 τί
1355 4345 1488 4400 φησι
1517 4331 1644 4402 περί
1666 4331 1854 4402 αύτῆςο

276 4411 345 4462 ει
384 4405 605 4476 ,βρῶμα
648 4405 1034 4468 σκανδαλίζει
1058 4409 1165 4463 τὸν
1188 4409 1460 4480 ἀδελφόν
1480 4429 1622 4482 μου,
1673 4415 1746 4468 o6
1769 4413 1856 4484 μὴ

276 4486 443 4556 φάγω
467 4484 616 4554 κρέα
642 4489 728 4552 εἰς
747 4484 854 4541 τὸν
869 4485 1074 4544 αἰῶνα.
1101 4489 1280 4543 Καλὸν
1297 4491 1358 4544 τὸ
1385 4491 1460 4563 μὴ
1484 4495 1677 4561 φαγεῖν
1695 4495 1856 4564 κρέα,

281 4569 418 4642 μηδὲ
439 4571 588 4623 πιεῖν
613 4564 776 4630 οἶνον.
800 4570 934 4642 μηδέ
954 4573 1012 4626 ἐν
1026 4564 1072 4640 ᾧ
1095 4573 1124 4626 6
1143 4571 1372 4642 ἁδελφός
1403 4591 1496 4628 σου
1523 4577 1860 4646 προσκόπτει

277 4653 313 4725 ῆ
347 4651 762 4718 σκανδαλίζεται
795 4653 828 4725 ἢ
853 4653 1090 4709 ἀσθενεῖ.
1121 4655 1200 4711 Τὰ
1225 4657 1512 4726 ,βρώματα
1535 4659 1607 4728 τῇ
1635 4661 1857 4728 κοιλίᾳ,

277 4737 378 4790 καί
411 4738 450 4806 ἠ
475 4737 677 4792 κοιλία
699 4737 826 4802 τοῖς
846 4736 1140 4808 βρώμασι.
1183 4739 1250 4793 Τί
1275 4739 1481 4812 ταύτης
1507 4742 1606 4813 τῆς
1626 4745 1862 4813 γαστρὸς

281 4819 474 4888 γένοιτ’
501 4819 569 4874 ἂν
589 4819 916 4892 ώραιότερον
941 4821 1044 4892 τῆς
1078 4820 1220 4876 οῦτω
1253 4823 1696 4898 πεπαιδευμένης
1733 4828 1863 4898 ἠρε-

290 4910 426 4979 μεῖν,
453 4907 553 4961 καί
583 4906 937 4980 σωφροσύνην
969 4909 1152 4964 πᾶσαν
1195 4909 1604 4984 δεδιδαγμένης,
1646 4913 1742 4967 καὶ
1785 4914 1863 4968 εί-

287 4992 432 5057 δυίας
455 4991 556 5045 καὶ
581 4993 774 5063 πεινῇν
808 4993 904 5046 καὶ
926 4991 1218 5063 λιμώττειν
1242 4995 1338 5047 καὶ
1363 4993 1558 5065 διψῇν;
1591 4996 1862 5067 Καθάπερ

287 5073 391 5146 γάρ
424 5075 596 5138 ἵππος
633 5073 895 5146 εῦτακτος
925 5075 1135 5146 χρυσῆν
1176 5075 1334 5146 ήνίαν
1359 5075 1560 5142 λαϐὼν,
1594 5077 1736 5132 οὕτω
1769 5078 1863 5134 καὶ

285 5145 422 5228 αῦτη
449 5155 704 5228 εὔρυθμα
729 5145 940 5222 ίϐάδιζε
965 5157 1066 5228 τῆς
1093 5145 1308 5226 φύσεως
1329 5159 1428 5229 τὴν
1445 5161 1690 5230 ἀνάγκην
1707 5163 1864 5234 νική-

287 5257 441 5296 σασα’
483 5241 647 5311 όγάρ
693 5239 928 5313 Χριστὸς
971 5241 1214 5307 ἐϐάδιζεν
1259 5243 1318 5297 ἐν
1361 5243 1522 5314 αὐτῇ.
1562 5245 1779 5316 Ταύτης
1807 5245 1863 5299 δὲ

284 5324 425 5379 οὕτω
457 5322 866 5396 σωφρονούσης,
895 5321 1118 5398 εὔδηλον
1169 5327 1252 5380 ὅτι
1299 5327 1396 5381 καὶ
1441 5327 1474 5398 ἠ
1525 5327 1660 5398 ἄλλη
1713 5331 1864 5384 πᾶσα

285 5408 449 5462 κακία
489 5407 699 5462 ἐλύετο.
747 5406 938 5461 Βούλει
963 5409 1060 5462 καὶ
1091 5410 1280 5480 χεῖρας
1335 5410 1464 5464 ἰδεῖν
1513 5411 1617 5474 τὰς
1648 5411 1780 5479 νῦνὲ
1827 5412 1860 5484 ἧ

286 5491 460 5562 βούλει
489 5491 590 5562 τὴν
643 5491 918 5562 προτέραν
947 5490 1128 5544 αὐτῶν
1174 5491 1442 5564 πρότερον
1492 5495 1692 5548 κακίαν
1741 5495 1865 5551 θεά-

287 5575 522 5638 σασθαις
573 5573 978 5646 [εἰσερχόμενος
1014 5565 1172 5638 οὗτος
1203 5575 1284 5638 εἰς
1327 5577 1427 5640 τὰς
1457 5577 1656 5643 οἰκίας,
1701 5577 1863 5650 ἔσυρε

287 5660 472 5733 πρώην
495 5659 702 5729 ἄνδρας
734 5658 828 5711 καὶ
851 5658 1139 5726 γυναῖκας,
1173 5656 1322 5732 [114]
1365 5659 1487 5732 οὐχὶ
1529 5660 1725 5734 ἀνδρὸς
1754 5665 1866 5734 χεῖ.

343 5916 365 5944 ⁸
391 5912 654 5976 Πρε.,ούκ
693 5909 1234 5976 ἐπισκότησανη-εινῑι.
1270 5913 1320 5963 in
1353 5926 1527 5975 marg.
1555 5913 1642 5966 οὐκ
1667 5914 1866 5966 ἐπεσκό-

289 5993 434 6041 τισαν,
459 5973 576 6038 nime
613 5988 727 6024 vera
748 5973 899 6026 lectio
919 5981 1010 6024 est.
1039 5973 1165 6026 Ιίθίιὶ
1187 5975 1272 6024 οὐκ
1298 5973 1590 6026 ins-07.01100.

3437 360 3534 415 Hi

1953 493 2072 547 90;,
2114 475 2250 528 ἀλλά
2293 473 2484 545 θηρίου
2533 471 2682 536 τινος
2723 471 2964 544 χαλεποῦ
3003 471 3165 544 ἔχων.
3215 472 3436 545 Ἐπειδὴ
3477 475 3535 527 δὲ

1949 560 2018 612 τὰ
2037 557 2306 630 χρώματα
2326 558 2426 627 τῆς
2453 555 2714 626 ἀληθείας
2735 556 2894 610 ἔλαϐε
2922 555 3016 610 καί
3037 556 3138 628 τὴν
3159 557 3536 628 πνευματικὴν

1958 641 2276 712 ἐμπειρίαν,
2301 640 2486 694 οὐκέτι
2517 639 2712 710 ἀνδρὸς
2744 639 2990 708 ἐγένοντο
3034 641 3092 692 αἰ
3137 641 3318 710 χεῖρες
3349 633 3532 702 αὗται,

1958 724 2094 780 ἀλλά
2139 723 2530 794 πνευματικαὶ,
2568 721 2690 776 καθ’
2729 723 2966 794 ἑκάστην
2999 723 3214 795 ἡμέραν
3242 723 3538 794 δεσμούμε-

1957 828 2046 864 ναι
2075 809 2320 863 ἁλύσεσι·
2361 806 2456 862 καὶ
2483 806 2724 878 ἔπληξαν
2757 806 2857 876 μὲν
2883 806 3073 860 οὐδένα
3105 807 3256 873 ποτὲ,
3287 807 3535 878 ἐπλήγη..

1959 907 2058 946 σαν
2081 891 2139 944 δὲ
2167 892 2445 962 μυριάκις.
2486 889 2718 961 ᾘδέσθη
2747 889 2878 942 ποτέ
2922 891 3016 944 καὶ
3051 889 3168 960 ἔχις
3201 890 3406 954 ταύτας
3435 890 3536 954 τὰς

1955 979 2177 1048 χεῖρας·
2204 976 2266 1028 o6
2306 973 2416 1047 γὰρ
2455 970 2598 1046 ἦσαν
2643 973 2933 1044 ἀνθρώπου
2967 977 3146 1046 χεῖρες
3193 974 3399 1030 λοιπόν·
3445 975 3536 1030 διὰ
3653 1033 3661 1045 ,

1959 1059 2118 1112 τοῦτο
2138 1058 2260 1112 ούδέ
2289 1057 2572 1128 καθήψατο
2592 1055 2791 1110 αὐτῶν.
2824 1057 3013 1111 Βούλει
3034 1059 3214 1112 καὶτὰ
3236 1059 3381 1112 νῶτα
3407 1059 3535 1112 ἰδεῖν

1956 1143 2069 1205 τοῖς
2101 1141 2308 1204 λοιποῖς
2353 1140 2566 1194 ἐοικότα
2609 1138 2864 1210 μέλεσινς
2902 1140 3166 1193 Ἀκουσον
3193 1141 3247 1194 τί
3276 1159 3408 1211 φησι
3443 1141 3535 1194 καὶ

1957 1223 2084 1293 περὶ
2117 1221 2318 1276 αὐτῶν·
2357 1221 2650 1288 Πεντάκις
2693 1222 3147 1290 τεσσαράκοντα
3185 1227 3342 1292 παρὰ
3391 1225 3538 1294 μίαν

1957 1305 2179 1360 ἔλαϐον
2211 1304 2330 1359 ὑπὸ
2387 1304 2710 1370 Ἰουδαίων,
2763 1305 2890 1372 τρίς
2927 1305 3318 1374 ἐρῤαπίσθην,
3373 1305 3538 1370 ἅπαξ

1955 1387 2309 1453 ἐλιθάσθην,
2351 1387 2479 1454 τρίς
2519 1387 2888 1454 ἐναυάγησα,
2929 1387 3308 1458 νυχθήμερον
3346 1389 3414 1442 ἐν
3457 1385 3539 1452 τῷ

1951 1469 2124 1536 ,βυθῷ
2148 1472 2472 1538 πεποίηκα.
2513 1470 2655 1524 Ἀλλ’
2689 1470 2776 1524 ἵνα
2815 1471 2890 1541 μὴ
2933 1471 3026 1524 καὶ
3066 1473 3227 1542 ἡμεῖς
3263 1473 3343 1534 είς
3377 1470 3538 1542 βυθὸν

1958 1552 2186 1626 ἄπειρον
2219 1553 2573 1623 ἐμπεσόντες,
2598 1554 2767 1608 πολλὰ
2800 1554 3242 1627 περιενεχθῶμεν
3269 1553 3390 1608 καθ’
3410 1555 3542 1608 ἔκα-

1961 1655 2086 1692 στον
2109 1637 2278 1692 αὑτοῦ
2296 1637 2404 1691 τῶν
2432 1637 2610 1708 μελῶν
2629 1638 2894 1704 ἐπιόντες,
2909 1637 3068 1710 δεῦρο
3086 1639 3422 1702 ἀποστάντες
3441 1635 3538 1691 106

1960 1719 2234 1791 σώματος,
2267 1720 2454 1787 ἓτερον
2477 1719 2674 1784 κάλλος
2703 1721 2904 1791 ἴδωμεν
2930 1721 2988 1774 16
3014 1721 3122 1774 ἀπὸ
3142 1720 3252 1775 τῶν
3285 1721 3537 1791 ἱματίων.

1957 1801 1987 1856 ὃ
2028 1803 2123 1857 καὶ
2157 1803 2409 1874 δαίμονες
2456 1802 2783 1874 ᾐδέσθησανο
2833 1803 2914 1856 διὸ
2959 1803 3056 1858 καὶ
3106 1805 3260 1857 αὐτοὶ
3293 1803 3540 1874 ἔφευγον,

1958 1887 2054 1940 καὶ
2097 1889 2380 1958 νοσήματα
2423 1885 2774 1956 ἐδραπέτευε.
2811 1886 2924 1941 Καὶ
2969 1887 3213 1958 ὅπουπερ
3250 1887 3316 1941 ἂν
3368 1885 3541 1958 ἐφάνη

1958 1967 2192 2032 Παῦλος,
2222 1969 2400 2023 πάντα
2443 1969 2716 2040 ὑπεχώρει
2755 1971 2850 2023 καὶ
2893 1969 3240 2036 ύπεξίστατο,
3291 1969 3544 2040 καθάπερ

1957 2051 2052 2104 τοῦ
2088 2052 2188 2122 τῆς
2237 2051 2564 2122 οἰκουμένης
2607 2052 2876 2123 ἀριστέως
2915 2051 3384 2123 παραγενομένου.
3433 2051 3544 2105 Καὶ

1957 2131 2148 2204 ῶσπερ
2175 2135 2224 2187 οί
2251 2134 2453 2196 πολλάς
2483 2133 2742 2198 λαϐόντες
2784 2136 2842 2188 ἐν
2882 2135 3106 2206 πολέμῳ
3149 2134 3386 2206 πληγὰς,
3438 2134 3546 2187 κᾶν

1958 2215 2121 2270 ὅπλον
2161 2217 2314 2271 ῐδωσι
2339 2216 2435 2270 τοῦ
2454 2217 2757 2290 πλήξαντος
2777 2217 2994 2283 06106;,
3024 2219 3374 2288 πεφρίκασινο
3401 2214 3546 2270 οὕτω

1958 2298 2023 2370 δὴ
2050 2301 2144 2354 καὶ
2163 2303 2212 2354 οί
2236 2301 2511 2372 δαίμονες,
2550 2300 2872 2372 σημικίνθια
2921 2301 3082 2372 μόνον
3135 2301 3401 2374 ὁρῶντες,
3453 2299 3546 2364 ἐξα

1962 2383 2196 2437 ίσταντο.
2216 2383 2326 2437 Ποῦ
2358 2383 2455 2438 νῦν
2481 2385 2621 2438 εἰσιν
2643 2386 2692 2437 οἰ
2723 2383 3098 2452 πλουτοῦντες,
3116 2385 3212 2438 καί
3242 2384 3384 2454 μέγα
3414 2399 3546 2454 φρο-

1956 2465 2179 2530 νοῦντες
2209 2467 2304 2520 ἐπὶ
2330 2468 2616 2538 χρήμασις
2665 2465 2770 2520 ποῦ
2803 2468 2854 2520 οἰ
2902 2466 2969 2520 τά
3003 2466 3292 2537 ἀξιώματα
3337 2465 3546 2521 ἑαυτῶν

1957 2548 2340 2620 ἀριθμοῦντες,
2359 2553 2456 2603 καὶ
2479 2548 2550 2602 τὰ
2577 2549 2767 2620 ἱμάτια
2787 2549 2857 2602 τά
2877 2548 3140 2620 πολυτελῆ
3163 2566 3178 2615 ;
3208 2547 3350 2621 Πρὸς
3371 2547 3546 2601 10610

1960 2632 2404 2704 παραϐάλλοντες
2431 2633 2680 2697 ἑαυτοὺς,
2707 2632 2880 2700 πηλὸν
2911 2629 3135 2701 ὄψονται
3160 2631 3254 2684 καὶ
3284 2629 3545 2702 βόρϐορον

1956 2716 2026 2770 τά
2065 2716 2276 2770 ἐαυτῶν
2307 2715 2544 2770 ἅπαντα.
2574 2715 2686 2770 Καὶ
2711 2715 2764 2769 τί
2788 2715 2932 2784 λέγω
2958 2715 3147 2786 ἱμάτια
3178 2713 3274 2768 καὶ
3302 2712 3502 2784 χρυσία
3527 2729 3542 2778 ;

1959 2800 2022 2853 Εἰ
2052 2799 2160 2871 γάρ
2192 2817 2282 2870 μοι
2309 2799 2409 2868 τῆς
2437 2799 2766 2870 οἰκουμένης
2801 2799 2970 2852 ἔδωκέ
3005 2815 3089 2860 τις
3135 2795 3414 2869 κρατῆσαι
3438 2795 3546 2850 πά-

1959 2900 2081 2954 σης,
2103 2884 2194 2937 τὸν
2223 2881 2390 2952 ὄνυχα
2421 2881 2582 2952 μόνον
2608 2881 2822 2935 Παύλου
2851 2882 3029 2953 πάσης
3047 2879 3114 2934 ἂν
3141 2880 3240 2951 τῆς
3271 2877 3547 2950 βασιλείας

1957 2967 2176 3038 ἐκείνης
2207 2965 2555 3037 ἰσχυρότερον
2581 2960 2720 3018 εἰναι
2743 2965 2994 3034 ἐνόμισα,
3015 2965 3196 3034 πάσης
3215 2963 3424 3035 τρυφῆς
3446 2962 3547 3035 τὴν

1957 3049 2186 3114 πενίαν,
2221 3051 2402 3120 πάσης
2439 3047 2599 3120 δόξης
2639 3047 2737 3120 τὴν
2775 3045 3012 3112 ἀδοξίαν,
3065 3049 3266 3111 παντὸς
3309 3047 3544 3100 πλούτου

1958 3133 2056 3205 τὴν
2107 3133 2420 3204 γύμνωσιν,
2462 3134 2642 3204 πάσης
2697 3131 2882 3196 ἁδείας
2923 3131 3015 3184 τὸν
3071 3130 3409 3201 κολαφισμὸν
3447 3131 3548 3202 τῆς

1963 3216 2114 3287 ἱερᾶς
2144 3216 2360 3286 ἐκείνης
2395 3215 2660 3285 κεφαλῆς,
2695 3215 2900 3278 παντὸς
2935 3214 3267 3286 διαδήματος
3309 3213 3437 3276 τοὺς
3463 3212 3548 3266 λί-

1960 3299 2088 3362 θους
2119 3297 2212 3361 οὒς
2235 3297 2478 3364 ἐδέξατο.
2516 3297 2716 3354 Τοῦτον
2765 3297 3095 3368 ποθήσωμεν
3133 3297 3225 3350 τὸν
3260 3295 3548 3365 στέφανον,

1959 3381 2254 3454 ἀγαπητοί’
2289 3383 2384 3435 καί
2413 3383 2458 3434 εἰ
2489 3381 2564 3452 μὴ
2592 3381 2828 3452 διωγμός
2853 3382 2993 3444 ἐστι,
3019 3379 3160 3443 τέως
3189 3377 3549 3449 παρασκευά-

1962 3483 2146 3537 σωμεν
2177 3463 2424 3528 ἑαυτούς.
2460 3466 2596 3519 υύδέ
2615 3465 2726 3536 γὰρ
2749 3461 2904 3528 0610;
2928 3464 3038 3518 άπὸ
3075 3462 3334 3534 διωγμῶν
3369 3462 3548 3532 μόνων

1957 3543 2028 3620 ἦν
2053 3547 2305 3617 λαμπρὸς
2337 3549 2366 3600 ό
2395 3547 2556 3619 ἀνήρ’
2588 3549 2682 3602 καὶ
2707 3547 2814 3618 γάρ
2844 3547 3048 3616 ἔλεγενο
3084 3543 3409 3606 Ὕποπιέζω
3425 3561 3546 3615 μου

1959 3631 2025 3684 τὸ
2051 3629 2242 3700 σῶμα⁹
2260 3631 2420 3684 τοῦτο
2438 3629 2496 3684 δὲ
2527 3633 2620 3685 καὶ
2642 3631 2812 3702 χωρὶς
2837 3631 3078 3702 διωγμοῦ
3106 3629 3328 3684 δυνατὸν
3349 3644 3548 3699 κατορ-

1961 3715 2110 3770 θοῦν.
2144 3704 2255 3769 Καὶ)
2277 3715 2376 3786 τῆς
2403 3715 2608 3787 σαρκδς
2629 3716 2886 3787 πρόνοιαν
2910 3715 2984 3786 μή
3015 3711 3288 3768 ποιεῖσθαι
3313 3728 3386 3766 πα
3397 3711 3546 3785 ρῄνει

1961 3803 2040 3864 εἰς
2079 3797 2394 3870 ἐπιθυμίας
2427 3799 2522 3854 καὶ
2565 3798 2746 3860 πάλιν,
2783 3801 3066 3869 Ἔχοντες
3094 3797 3416 3866 διατροφὰς
3446 3795 3548 3850 καί

1961 3881 2384 3950 σκεπάσματα,
2418 3881 2651 3946 τούτοις
2684 3881 3196 3948 ἀρκεσθησόμεθα.
3245 3879 3343 3942 Εἰς
3373 3879 3548 3933 ταῦτα

1961 3967 2071 4038 γὰρ
2103 3965 2362 4036 διωγμῶν
2393 3965 2455 4017 o6
2481 3963 2658 4035 χρεία.
2687 3963 2798 4017 Καὶ
2835 3964 2962 4027 τοὺς
2997 3964 3266 4034 εὐπόρους
3309 3961 3366 4014 δὲ
3405 3963 3547 4016 ἐσω-

1963 4047 2224 4122 φρόνιζε,
2279 4047 2494 4116 λέγων·
2524 4049 2605 4100 ’οί
2649 4047 3014 4114 ,βουλόμενοι
3063 4044 3384 4109 πλουτεῖν,
3443 4044 3547 4115 ἑμ-

1962 4135 2300 4186 πίπτουσιν
2327 4133 2416 4196 εις
2446 4127 2802 4197 πειρασμόν.
2847 4128 2972 4180 Ἐάν
3000 4122 3094 4180 οῦν
3122 4126 3216 4180 καὶ
3260 4129 3422 4198 ἡμεῖς
3451 4127 3546 4181 06-

1963 4234 2074 4280 τως
2108 4215 2339 4277 ἑαυτοὺς
2371 4214 2725 4285 ἀσκήσωμεν,
2757 4212 2838 4276 είς
2878 4211 2972 4265 τὸν
2996 4209 3185 4279 ἀγῶνα
3215 4210 3549 4276 εἰσελθόντες

1967 4296 2524 4370 στεφανωθησόμεθα,
2554 4297 2648 4350 καὶ
2671 4295 2912 4366 διωγμοῦ
2941 4293 3016 4366 μὴ
3047 4294 3336 4366 παρόντος,
3375 4295 3549 4350 πολλὰ

1966 4383 2108 4455 ὑπὲρ
2151 4381 2333 4437 αὐτῶν
2359 4377 2644 4451 ληψόμεθα
2673 4377 2744 4432 τὰ
2777 4377 3024 4449 βραδεῖα·
3071 4378 3168 4434 ἐὰν
3201 4379 3259 4433 δὲ
3287 4378 3548 4432 λιπαίνω-

1969 4483 2069 4538 μεν
2095 4466 2156 4518 τὸ
2184 4465 2344 4534 σῶμα
2368 4463 2464 4517 καὶ
2495 4461 2691 4534 χοίρων
2739 4461 2854 4531 βίον
2896 4460 3100 4534 ζῶμεν,
3133 4462 3229 4515 καὶ
3265 4463 3324 4514 ἐν
3357 4464 3544 4534 εἰρήνῃ

1967 4549 2139 4603 πολλὰ
2163 4545 2601 4620 ἁμαρτησόμεθα
2627 4545 2718 4598 καί
2737 4543 2998 4616 αἰσχύνην
3015 4543 3254 4614 οἴσομεν.
3275 4545 3386 4616 Οὐχ
3415 4547 3547 4618 ὁρᾷς

1967 4633 2105 4704 πρὸς
2135 4632 2436 4702 τίναςήμῖν
2470 4631 2503 4701 ή
2533 4629 2714 4701 πάλης
2743 4629 2886 4700 Πρὸς
2907 4629 3006 4693 τὰς
3037 4629 3362 4700 ἀσωμάτους
3387 4629 3548 4685 δυνά-

1970 4733 2110 4786 μεις.
2143 4715 2270 4778 Πῶς
2309 4708 2404 4768 οὖν
2423 4753 2438 4778 ,
2469 4711 2672 4786 σάρκες
2697 4713 2871 4776 ὄντες,
2909 4711 3112 4767 τούτων
3142 4714 3545 4784 περιεσόμεθα;

1967 4799 2030 4852 Εἰ
2056 4797 2165 4869 γάρ
2194 4797 2333 4869 πρὸς
2361 4795 2682 4868 ἀνθρώπους
2708 4813 2793 4858 τις
2831 4795 3098 4862 παλαίων,
3123 4796 3295 4850 δεῖται
3329 4798 3544 4868 σωφρό-

1966 4899 2072 4945 νως
2106 4881 2410 4944 ἑστιᾶσθαι,
2453 4879 2632 4950 πολλῷ
2662 4879 2860 4950 μᾶλλον
2898 4879 3032 4952 πρὸς
3062 4879 3343 4950 δαίμονας.
3377 4880 3546 4936 Ὅταν

1966 4965 2025 5018 δὲ
2059 4964 2196 5035 μετὰ
2221 4963 2324 5032 τῆς
2351 4961 2725 5035 πολυσαρκίας
2747 4962 2843 5015 καὶ
2874 4961 2949 5033 τῷ
2972 4961 3185 5032 πλούτῳ
3203 4955 3355 5034 ὦμεν
3384 4980 3546 5034 προσ·

1965 5033 2262 5120 δεδεμένοι,
2295 5047 2458 5101 πόθεν
2477 5033 2822 5118 κρατήσομεν
2849 5045 2960 5100 τῶν
2981 5033 3290 5102 ἀντιπάλων
3305 5063 3319 5112 ;
3337 5033 3543 5118 Δεσμὺς

1967 5130 2078 5202 γάρ
2099 5133 2248 5182 ἐστιν
2277 5131 2304 5182 6
2332 5127 2580 5193 πλοῦτος,
2611 5127 2763 5201 [115]
2805 5129 3004 5200 δεσμὸς
3033 5129 3265 5199 χαλεπὸς
3296 5132 3407 5194 τοῖς
3444 5131 3546 5185 οὐκ

1968 5214 2162 5268 εἰδόσιν
2191 5212 2340 5284 αὐτῷ
2372 5211 2630 5283 χρῆσθαι,
2663 5211 2922 5282 τύραννος
2948 5210 3100 5282 ὠμὸς
3129 5212 3222 5266 καὶ
3249 5213 3545 5284 ἀπάνθρω-

1969 5314 2090 5361 πος,
2118 5295 2212 5350 ἐπὶ
2263 5295 2408 5366 λύμῃ
2446 5294 2553 5349 τῶν
2599 5294 2957 5350 δουλευόντων
3001 5294 3179 5350 πάντα
3217 5295 3540 5350 ἐπιτάττων.

1979 5379 2144 5446 Ἀλλ’,
2193 5379 2290 5432 ἐὰν
2324 5379 2587 5449 θέλωμεν,
2632 5379 2732 5450 τὴν
2771 5378 2975 5450 πικρὰν
3014 5377 3218 5450 ταύτην
3253 5379 3544 5450 τυραννίδα

1970 5462 2079 5516 ἀπὸ
2128 5461 2224 5515 τοῦ
2279 5460 2467 5532 θρόνου
2521 5460 3007 5532 καταστρέψομεν,
3063 5463 3160 5516 καὶ
3195 5463 3326 5532 ἡμῖν
3376 5465 3543 5517 εἴκειν

1969 5546 2288 5618 ποιήσομεν,
2311 5543 2424 5597 ἀλλ’
2452 5543 2551 5598 ούκ
2571 5543 2895 5596 ἐπιτάττειν.
2921 5543 3045 5608 Πῶς
3067 5540 3162 5598 οῦν
3181 5544 3338 5599 τοῦτο
3357 5545 3540 5612 ἔσταις

1971 5631 2139 5684 Ὅταν
2173 5629 2251 5690 εἰς
2277 5626 2483 5690 πάντας
2509 5626 2603 5680 τὸν
2637 5625 2860 5680 πλοῦτον
2883 5626 3245 5699 διανέμωμεν.
3276 5628 3419 5690 Ἕως
3444 5627 3544 5698 μὲν

1971 5713 2080 5784 γάρ
2109 5711 2176 5766 ἂν
2213 5707 2426 5783 μόνοςῇ
2458 5708 2592 5780 πρὸς
2634 5709 2826 5772 μόνους
2856 5709 3108 5780 καθάπερ
3139 5709 3344 5782 λῃστής
3372 5728 3457 5774 τις
3484 5713 3546 5764 ἐν

1971 5793 2198 5868 ἐρημίᾳ,
2229 5791 2406 5846 πάντα
2437 5791 2730 5862 ἐργάζεται
2755 5791 2822 5845 τὰ
2848 5793 3015 5846 κακά·
3046 5793 3174 5846 ὃταν
3196 5791 3252 5846 δέ
3273 5792 3354 5858 εἰς
3379 5792 3544 5864 μέσον

1971 5880 2132 5936 αὑτὸν
2165 5877 2479 5944 ἀγάγωμεν,
2533 5873 2716 5928 οὐκέτι
2749 5873 2906 5945 ήμῶν
2951 5875 3247 5946 κρατήσει,
3281 5873 3542 5931 πάντοθεν

1980 5973 2137 6032 αὐτὸν
2169 5967 2387 6024 πάντων
2419 5961 2474 6015 δε
2484 5959 2782 6033 σμούντων.
3009 5957 3013 5960 ’
