3992 6422
192 414 267 504 in
1231 436 1293 491 IN
1336 433 1549 491 EPIST.
1590 432 1609 486 t
1673 428 1764 484 AD
1801 428 1960 484 con.
2002 428 2229 483 thMtL.
2269 426 2408 484 le.
2456 471 2468 483 .

188 576 314 625 mus,
351 568 405 614 et
436 556 604 612 nobis
634 556 841 613 cedere
871 551 1248 622 componemus
1269 592 1284 617 ,
1335 567 1439 602 non
1481 549 1768 616 imperare.

187 650 445 718 Quomodo
473 666 610 719 ergo
640 649 747 702 hoc
774 648 903 702 lict?
923 645 1052 700 Cum
1081 643 1296 698 divitias
1323 639 1571 693 omnibus
1597 635 1778 691 distri-

192 749 422 800 huemus.
455 744 647 797 Donec
672 758 821 795 t‘lllm
847 740 1116 809 opulentia
1145 736 1253 789 sola
1282 750 1402 788 cmn
1431 732 1562 789 Solis
1589 731 1689 786 erit
1724 738 1782 784 nt

194 844 309 895 latro
335 839 390 889 in
425 834 762 900 solitudine,
793 833 973 885 omnia
1006 828 1196 883 inferet
1239 826 1374 881 mala
1399 839 1558 879 zeum
1598 831 1777 877 autent

196 933 319 986 illam
358 929 414 982 in
450 927 694 982 medium
723 925 1052 979 adducemus
1075 962 1091 987 ,
1125 935 1230 975 non
1264 919 1401 973 ultra
1430 916 1583 971 nobis
1612 915 1781 984 impe—

195 1023 335 1087 nbit,
366 1036 497 1074 eum
525 1034 719 1072 omnes
751 1018 895 1070 illam
927 1014 1157 1083 undique
1184 1011 1422 1080 alligent.

263 1116 317 1170 5.
365 1111 619 1165 Pernnim
661 1126 760 1163 non
802 1109 983 1171 malm,
1029 1111 1069 1158 si
1113 1103 1234 1157 bene
1261 1103 1364 1156 illis
1394 1096 1784 1153 utentum—lit

188 1209 299 1261 lucc
330 1205 502 1267 dico,
538 1221 643 1255 non
667 1200 807 1271 quod
853 1209 1062 1267 peccata
1094 1196 1201 1251 sint
1234 1193 1503 1263 pecuniae;
1534 1191 1630 1246 sed
1661 1206 1784 1260 pec-

186 1310 362 1353 eatum
392 1307 477 1351 est
522 1311 631 1349 non
677 1309 769 1347 eas
809 1290 1128 1361 pauperibus
1159 1287 1479 1341 distribuere
1504 1326 1519 1351 ,
1562 1293 1614 1337 et
1645 1284 1783 1338 male

182 1396 286 1447 illis
312 1393 415 1443 uti.
449 1388 591 1443 Nihil
616 1392 753 1440 enim
785 1386 980 1438 malum
1013 1382 1150 1437 Deus
1180 1379 1323 1445 fecit,
1348 1377 1439 1433 Sed
1463 1377 1640 1431 omnia
1668 1375 1785 1429 val-

181 1486 248 1538 de
281 1486 452 1536 lmua.
497 1479 679 1549 Itaque
717 1479 868 1530 boum
912 1475 1070 1528 etiam
1114 1482 1240 1526 sunt
1285 1469 1527 1539 pecunia:
1552 1509 1566 1532 ,
1608 1465 1701 1520 sed
1741 1465 1785 1519 si

185 1572 599 1643 possidentibus
630 1584 732 1621 non
764 1570 1066 1635 imperent,
1095 1563 1136 1616 si
1171 1568 1535 1631 paupertatem
1558 1556 1787 1628 proximi

188 1668 430 1719 solvant.
476 1661 666 1730 Neque
694 1659 836 1713 enim
883 1657 969 1710 lux
1008 1653 1094 1708 illa
1143 1654 1315 1717 bona,
1349 1666 1465 1718 quae
1497 1666 1602 1703 non
1646 1646 1791 1702 delet

184 1757 449 1811 tenebras
472 1796 487 1817 ,
531 1752 624 1807 sed
656 1759 811 1819 auget
834 1764 924 1803 eas
949 1765 964 1812 ;
993 1761 1168 1816 neque
1196 1745 1409 1799 divitias
1438 1743 1515 1796 sic
1542 1740 1786 1810 appella-

184 1854 311 1913 rim,
347 1862 480 1917 qua:
518 1860 623 1899 non
651 1844 859 1897 solvant
887 1848 1288 1910 paupertatem,
1323 1834 1415 1889 sed
1451 1840 1684 1903 augeant
1724 1830 1790 1884 il-

182 1946 318 1997 lant.
354 1940 495 1995 Nam
524 1941 612 2008 qui
634 1937 784 1992 dives
805 1945 906 1993 est.
942 1949 1045 1988 non
1070 1932 1265 2002 quatrit
1288 1930 1354 1983 ab
1379 1928 1499 1982 aliis
1523 1925 1788 1994 accipere,

179 2034 279 2088 sed
312 2031 446 2085 aliis
475 2046 635 2099 opem
667 2027 808 2083 ferre
851 2043 865 2080 :
895 2025 984 2096 qui
1017 2039 1144 2079 vero
1183 2022 1250 2077 ab
1280 2021 1399 2074 aliis
1427 2018 1617 2089 qiuerit
1647 2015 1792 2070 acci-

186 2141 339 2193 I‘EI'".
373 2124 490 2192 iam
525 2138 630 2175 non
657 2120 805 2174 dives
825 2126 927 2183 est,
956 2115 1048 2171 sed
1081 2116 1195 2185 ipse
1225 2126 1442 2182 pauper.
1479 2109 1660 2179 Itaque
1685 2122 1792 2161 non

189 2216 397 2269 divitia:
427 2214 586 2267 malae
626 2221 788 2277 sunt,
819 2209 914 2264 sed
941 2222 1143 2278 pauper
1182 2203 1394 2258 animus
1419 2243 1434 2267 ,
1464 2200 1554 2270 qui
1585 2198 1794 2253 divitias

190 2306 420 2362 deducit
446 2307 502 2359 in
539 2312 927 2375 paupertatem.
968 2299 1030 2353 lli
1075 2295 1384 2351 miseriores
1414 2302 1539 2347 sunt
1569 2290 1677 2345 illis
1704 2286 1794 2358 qui

188 2404 241 2454 iu
270 2398 588 2469 angiportis
619 2393 942 2459 mendicant,
972 2391 1038 2446 iis
1058 2390 1145 2460 qui
1171 2385 1300 2443 caui
1326 2394 1378 2440 et
1408 2382 1649 2438 nmtilato
1678 2394 1798 2435 coro

188 2509 326 2565 pore
353 2501 528 2557 sunt;
557 2497 614 2544 et
635 2488 724 2558 qui
754 2485 940 2541 sericis
977 2479 1377 2553 splendidisque
1406 2473 1642 2529 vestibus
1663 2471 1797 2526 ami-

189 2562 259 2642 cti
287 2593 458 2647 sunt,
483 2582 553 2636 iis
578 2579 670 2650 qui
694 2578 884 2632 laceris
913 2573 1101 2646 pannis
1131 2571 1456 2632 induuntur;
1481 2564 1646 2636 quiin
1682 2562 1797 2618 foro

192 2679 435 2748 superbe
458 2672 717 2727 incedunt
746 2668 1028 2723 inferiores
1081 2672 1205 2718 sunt
1225 2660 1292 2716 iis
1324 2700 1340 2726 ,
1395 2657 1489 2729 qui
1540 2657 1591 2710 in
1644 2653 1798 2709 biviis

197 2772 403 2821 vadunt
427 2775 483 2821 et
508 2764 564 2818 in
586 2764 735 2816 aulas
756 2756 1146 2830 ingrediuntur,
1170 2753 1237 2807 ab
1262 2752 1369 2805 imo
1392 2748 1623 2803 clamant
1649 2760 1800 2799 men-

204 2863 470 2916 dicantes.
509 2857 573 2912 lli
605 2869 833 2922 namque
864 2852 1027 2905 Deum
1062 2846 1301 2910 laudant,
1333 2851 1388 2896 et
1417 2836 1799 2895 misericordiae

213 2952 505 3019 nutumque
537 2942 891 3016 philosophia:
908 2939 1066 2995 verba
1090 2935 1368 3007 proferunt
1392 2949 1407 2986 :
1433 2931 1657 2997 ideoque
1683 2928 1800 2980 illos

207 3044 534 3097 miserantur
560 3047 615 3092 et
652 3049 841 3090 manus
884 3031 1014 3102 ipsis
1051 3027 1393 3101 porrigimus,
1422 3038 1484 3077 ac
1510 3035 1797 3093 numquam

201 3146 547 3187 accusamus.
580 3127 680 3194 Qui
712 3134 888 3179 autem
920 3121 1059 3176 male
1086 3117 1298 3173 divitias
1327 3112 1634 3185 possident,
1676 3124 1802 3164 cru-

203 3223 461 3286 delitatis,
490 3216 866 3280 immanitatis,
897 3212 1097 3283 rapina:
1125 3220 1181 3265 et
1207 3204 1661 3275 concupiscentiae
1682 3216 1794 3255 vcr-

206 3319 263 3371 ba
287 3317 612 3387 proferunt.
649 3309 771 3365 ideo
800 3306 939 3378 apud
971 3319 1158 3359 onmes
1185 3299 1361 3356 odiosi
1383 3308 1438 3353 et
1468 3296 1677 3352 ridiculi
1706 3294 1798 3349 ha-

204 3410 423 3462 bentur.
456 3402 758 3459 Considera
788 3408 962 3455 autem
984 3439 997 3461 ,
1025 3396 1149 3467 quid
1177 3392 1317 3463 apud
1343 3404 1532 3446 omnes
1558 3388 1801 3443 homines

206 3512 360 3572 turpe
379 3512 507 3553 esse
536 3495 817 3558 videatur,
850 3505 916 3544 au
939 3505 968 3542 a
990 3486 1248 3543 divitibus
1276 3492 1458 3553 petere
1495 3495 1562 3533 an
1592 3479 1660 3532 ab
1685 3478 1803 3531 ino-

207 3569 401 3663 pibus?
432 3590 621 3646 Palam
654 3594 801 3641 certe
826 3593 928 3647 est,
960 3581 1027 3636 ab
1065 3579 1336 3648 inopibus.
1373 3575 1486 3630 lloc
1524 3574 1702 3642 itaque
1733 3569 1801 3622 fa-

210 3661 349 3738 ciunt
369 3683 608 3745 divites;
629 3693 734 3732 non
754 3675 895 3729 enim
910 3672 1171 3728 auderent
1191 3670 1254 3722 ad
1275 3666 1498 3723 ditiores
1520 3661 1799 3717 accedere.
1864 3680 1877 3693 ·

214 3778 306 3844 Qui
327 3786 514 3830 autem
546 3769 896 3831 mendicant,
930 3781 957 3820 a
985 3761 1337 3833 locupletibus
1368 3766 1556 3829 petunt
1583 3772 1597 3808 :
1630 3768 1803 3823 neque

216 3871 349 3924 enim
382 3866 668 3923 mendicus
702 3877 731 3915 a
761 3860 1008 3916 mendico
1032 3857 1195 3927 petit,
1228 3854 1323 3910 sed
1362 3869 1390 3907 a
1417 3849 1621 3914 divite;
1652 3848 1801 3902 dives

216 3973 383 4016 autem
408 3972 701 4030 pauperem
728 3952 1003 4023 discerpit.
1030 3951 1236 4005 Rursus
1265 3945 1413 4018 quid,
1448 3958 1631 4014 qu:eso
1651 3982 1665 4006 ,
1706 3940 1803 3993 lto-

218 4055 435 4119 bestius,
467 4067 499 4105 a
532 4048 838 4104 lubentibus
864 4054 918 4099 et
940 4042 1163 4115 gratiam
1188 4036 1504 4093 habentibus
1535 4039 1799 4102 accipere,

214 4161 277 4199 an
298 4148 499 4201 invitos
527 4155 725 4211 cogere
749 4148 804 4194 et
832 4133 1175 4207 perturbare?
1194 4131 1373 4186 Palam
1401 4137 1483 4183 est
1525 4123 1802 4178 honestius

213 4252 325 4293 esse
345 4236 551 4292 invitos
574 4248 680 4286 non
702 4231 937 4285 turbare.
962 4225 1070 4281 Sed
1098 4225 1200 4278 huc
1214 4220 1406 4276 divites
1429 4216 1644 4273 iaciunt.
1670 4213 1803 4268 Nam

211 4341 475 4397 pauperes
511 4340 541 4378 a
573 4321 876 4375 lubentibus
904 4314 1174 4384 accipiunt
1198 4321 1253 4368 et
1283 4309 1508 4381 gratiam
1559 4302 1803 4360 babenti-

206 4393 341 4483 bus';
368 4417 571 4472 divites
588 4424 766 4468 autem
788 4412 856 4465 ab
886 4407 1070 4464 invitis
1096 4418 1150 4461 et
1176 4398 1596 4471 repugnantibus
1623 4412 1636 4449 :
1662 4393 1802 4464 quod

206 4511 432 4581 majoris
464 4519 554 4563 est.
604 4502 931 4575 paupertatis
969 4495 1379 4555 demonstratio.
1431 4492 1487 4547 Si
1540 4487 1684 4543 enim
1734 4485 1802 4540 ad

206 4579 497 4671 prandium
528 4613 685 4652 nemo
713 4596 838 4650 velit
863 4590 1139 4653 accedere,
1171 4587 1272 4641 nisi
1301 4583 1523 4656 gratiam
1553 4579 1654 4650 ipsi
1701 4579 1800 4632 ha-

202 4694 328 4750 beat
372 4694 420 4746 is
448 4690 542 4762 qui
586 4688 809 4751 invitat,
839 4683 1107 4754 quomodo
1138 4680 1335 4733 bonum
1370 4674 1528 4729 fuerit
1549 4671 1803 4743 pecunias

201 4789 251 4839 vi
281 4781 653 4852 extorquere?
678 4779 851 4834 Canes
887 4793 1062 4831 nonne
1092 4775 1210 4828 ideo
1237 4784 1553 4825 aversantur
1576 4774 1630 4820 et
1665 4763 1801 4832 fugi-

205 4893 328 4932 nius
356 4877 621 4931 latrantes
641 4915 655 4937 ,
685 4870 822 4942 quod
854 4869 1011 4924 nobis
1032 4867 1246 4921 assidue
1278 4864 1478 4917 instent
1505 4868 1558 4914 et
1586 4872 1683 4912 nos
1711 4872 1802 4908 nr-

3377 441 3475 497 ιιι

1882 542 2084 611 geant?
2117 542 2226 599 lloe
2253 554 2306 598 ct
2332 544 2525 598 divites
2554 543 2771 600 faciunt.
2805 547 2869 601 At
2900 551 3174 606 honestius
3197 592 3212 617 ,
3254 563 3311 606 ut
3349 569 3470 608 cum

1883 634 2027 688 dono
2067 633 2206 689 adsit
2247 649 2439 691 metus.
2492 638 2605 693 lloc
2643 651 2791 694 certe
2818 642 3055 697 omnium
3104 648 3471 715 turpissimum

1885 735 1967 779 est
1998 744 2010 778 :
2040 726 2128 796 qui
2157 729 2300 781 enim
2330 731 2506 784 omnia
2538 741 2714 785 movet
2743 743 2797 785 ut
2829 734 3053 803 accipiat
3077 779 3092 802 ,
3120 753 3224 807 quo
3257 739 3472 796 homine

1887 820 2055 887 magis
2083 820 2338 875 ridiculus
2380 838 2483 876 non
2518 821 2708 878 fuerit?
2752 826 2958 880 Etenim
2990 842 3131 897 sa-pe
3162 847 3282 885 eum
3310 848 3472 886 canes

1887 921 2289 977 tuetueremus,
2334 929 2394 967 ea
2424 928 2544 984 quae
2588 911 2902 971 tenebamus
2947 918 3287 987 projecimun
3333 923 3472 989 Quid

1887 1018 2096 1067 rursus,
2127 1004 2214 1059 die
2242 1005 2407 1072 mihi,
2452 1007 2661 1077 turpius
2703 1012 2894 1077 pannis
2938 1010 3132 1066 laci-ris
3177 1015 3471 1070 involutum

1888 1107 2104 1165 petere,
2146 1113 2212 1151 an
2262 1102 2462 1153 sericas
2505 1111 2684 1156 ves:cs
2737 1099 3290 1170 ferentem?anqu
3333 1110 3475 1163 enim

1888 1190 2007 1258 quis
2036 1189 2187 1244 dives
2214 1206 2368 1245 senes
2397 1192 2527 1246 colit
2556 1208 2849 1264 pauperes,
2885 1206 2939 1248 ut
2982 1211 3068 1249 res
3100 1198 3311 1251 illorum
3338 1204 3477 1254 acci-

1893 1281 2018 1347 piat,
2047 1280 2254 1334 etiamsi
2290 1281 2487 1335 liberos
2519 1283 2767 1347 habeant,
2795 1301 2896 1355 qua
2926 1289 3078 1341 venia
3108 1288 3302 1358 dignus
3327 1292 3427 1345 erit
3453 1293 3478 1346 ἲ

1889 1368 1942 1424 Si
1984 1372 2139 1424 vultis
2187 1384 2403 1436 autem,
2448 1374 2558 1444 ip-a
2604 1391 2814 1446 quoque
2865 1378 3024 1429 verba
3068 1380 3475 1444 exatnineunts;

1892 1479 2135 1531 qmeuam
2174 1465 2379 1519 scilicet
2408 1465 2599 1520 divites
2633 1478 2874 1535 petentes
2905 1470 3077 1522 diram
3103 1514 3116 1534 ,
3147 1484 3198 1524 et
3234 1490 3479 1540 quamam

1893 1570 2174 1625 pauperes.
2207 1557 2342 1623 Quid
2364 1574 2490 1628 ergo
2515 1561 2639 1613 dicit
2670 1575 2867 1629 panper
2887 1562 2909 1614 ?
2931 1563 3080 1628 Quod
3111 1567 3196 1633 qui
3221 1566 3308 1619 dat
3332 1569 3477 1621 elve-

1894 1662 2171 1718 mosynam
2204 1666 2307 1703 non
2338 1665 2498 1720 parce
2530 1652 2705 1715 dabit,
2737 1654 2876 1721 quod
2907 1670 2966 1708 ea
3012 1656 3102 1709 (Ιιοι
3147 1672 3265 1726 qum
3305 1675 3333 1710 a
3376 1660 3483 1712 Deo

1894 1750 2048 1804 sunt,
2091 1741 2228 1810 quod
2272 1741 2408 1795 [)eus
2453 1743 2521 1796 sit
2550 1742 2807 1813 benignus
2845 1754 2899 1801 et
2941 1746 3140 1815 majora
3184 1750 3479 1805 retribuat:

1895 1849 2012 1903 qtue
2058 1834 2234 1888 omnia
2267 1837 2617 1906 philosophia:
2651 1848 2775 1892 sunt
2800 1840 2958 1893 verba
3003 1850 3053 1895 et
3092 1843 3484 1897 exhortationis

1896 1936 1950 1982 et
1974 1928 2204 1983 consilii.
2241 1929 2408 1995 [iOgal
2436 1932 2574 1985 enim
2607 1938 2659 1986 te
2685 1933 2750 1986 ad
2787 1934 3066 1987 Dominum
3108 1936 3365 2004 respicias
3385 1979 3401 2002 ,
3431 1948 3484 1991 et

1898 2030 2096 2075 metum
2126 2022 2218 2076 tibi
2250 2022 2384 2076 tollit
2416 2025 2606 2077 futurm
2630 2026 2958 2094 paupertatis
2983 2044 2997 2079 :
3026 2041 3088 2080 ac
3115 2028 3337 2083 multam
3367 2031 3485 2098 quis

1901 2111 2078 2166 videat
2102 2112 2396 2168 doctrinam
2443 2116 2493 2168 in
2536 2116 2715 2170 verbis
2761 2118 3198 2174 mendicantium.
3247 2122 3476 2176 υινῑιιιιη

1899 2211 2078 2259 autem
2093 2205 2253 2258 verba
2277 2206 2451 2276 qualia
2473 2215 2596 2261 sunt
2616 2207 2640 2259 ἲ
2671 2207 2981 2274 Porcorum,
3001 2224 3216 2277 cauum,
3237 2211 3484 2278 inpurum

1899 2295 2230 2366 aliarumque
2248 2298 2498 2351 ferarum.
2529 2298 2662 2352 Nam
2679 2299 2766 2353 alii
2793 2298 2862 2355 de
2891 2299 3111 2367 mensis,
3136 2302 3203 2355 de
3225 2303 3485 2367 ohsmtiis,

1900 2384 1967 2440 de
1997 2384 2386 2454 condimentis,
2416 2386 2484 2442 dc
2514 2387 2640 2444 vino
2670 2392 2846 2443 omnis
2872 2392 3087 2460 generis
3106 2433 3122 2457 ,
3152 2392 3220 2446 de
3245 2410 3486 2462 unguen-

1904 2476 1991 2544 tis,
2015 2476 2081 2532 de
2108 2479 2364 2542 vestibus,
2396 2478 2568 2550 deque
2593 2481 2738 2534 omni
2767 2482 2875 2535 alio
2899 2482 3025 2537 luxu
3056 2493 3111 2538 et
3136 2484 3443 2554 profusione
3472 2505 3488 2542 :

1901 2568 1989 2622 alii
2031 2569 2100 2623 de
2130 2571 2342 2637 usuris,
2370 2569 2438 2625 de
2468 2568 2804 2637 fmuoribus;
2837 2581 2892 2626 et
2926 2574 3153 2628 schedas
3192 2575 3487 2646 tingentes,

1901 2676 1964 2715 ac
2000 2661 2304 2717 debitorum
2349 2663 2742 2719 intolerabilem
2795 2667 3106 2722 attollentes
3161 2672 3487 2741 magnitudi-

1903 2772 2048 2821 nem,
2080 2765 2348 2827 tamquam
2375 2772 2405 2811 a
2437 2758 2676 2828 patribus
2703 2768 2758 2815 et
2780 2760 2892 2814 avis
2911 2760 3120 2816 initium
3141 2767 3489 2834 sumpserint,

1903 2848 2058 2918 hujus
2085 2848 2335 2916 domum,
2366 2851 2507 2906 illius
2534 2866 2721 2922 agrum
2741 2894 2757 2921 ,
2787 2854 3009 2910 alterius
3044 2858 3367 2926 mancipium
3399 2876 3492 2913 au-

1905 2941 2081 2996 ferunt
2113 2941 2498 3014 facultatesque
2518 2959 2726 3000 omnes.
2757 2944 2894 3012 Quid
2920 2961 3050 3002 vero
3076 2946 3277 3002 dixeris
3297 2949 3362 3003 de
3385 2957 3493 3005 tes-

1905 3035 2175 3099 tamentis,
2198 3051 2318 3106 qua:
2346 3050 2451 3090 non
2491 3044 2824 3103 atramento,
2867 3034 2962 3092 sed
2992 3038 3251 3109 sanguine
3294 3040 3490 3107 serip'a

1903 3127 2065 3181 sunt?
2093 3128 2199 3182 Aut
2223 3128 2366 3183 enim
2396 3128 2449 3183 in
2477 3144 2583 3183 non
2605 3128 2882 3184 ferendum
2900 3129 3145 3185 inductos
3173 3131 3491 3201 periculum,

1904 3228 1996 3274 aut
2022 3220 2243 3276 modicis
2273 3221 2552 3291 promissis
2581 3221 2902 3287 incantatus,
2926 3237 3061 3292 quos
3090 3223 3320 3278 viderint
3346 3242 3493 3293 qnze-

1905 3311 2025 3365 dam
2059 3311 2266 3366 modica
2296 3312 2662 3381 possidentes.
2695 3327 2762 3368 co
2799 3312 3126 3368 induxerunt
3151 3324 3206 3368 ut
3236 3324 3492 3382 cognatos

1904 3419 2094 3458 omnes
2120 3413 2172 3459 et
2199 3413 2509 3474 paupertate
2534 3419 2676 3474 sarpe
2704 3413 2989 3474 pereuntes
3011 3404 3203 3459 "llSSiiS
3232 3403 3490 3470 facerent,

1905 3510 2070 3567 seque
2102 3512 2195 3566 pro
2222 3496 2325 3551 illis
2354 3496 2577 3551 heredes
2599 3495 2985 3551 adscriberent.
3017 3494 3142 3551 llaec
3168 3504 3343 3549 autem
3362 3512 3494 3565 qua.

1906 3606 2152 3645 rumnam
2196 3588 2428 3644 ferarum
2469 3604 2574 3642 non
2617 3598 2872 3658 superant
2914 3586 3226 3641 feritatem?
3256 3587 3493 3656 Quaproo

1909 3693 2026 3752 pter
2045 3724 2060 3746 ,
2091 3682 2317 3735 obsecro
2338 3722 2352 3746 ,
2383 3695 2574 3735 omnes
2602 3678 2907 3750 Itujusmodi
2953 3678 3165 3733 divitias
3203 3679 3491 3750 fugiamus.

1909 3785 2089 3844 turpes
2114 3781 2168 3827 et
2193 3771 2429 3827 cordibus
2460 3773 2683 3828 refertas
2708 3787 2723 3838 ;
2753 3780 2806 3827 et
2839 3772 3147 3842 Spirituales
3176 3772 3294 3828 illas
3324 3773 3496 3842 possi-

1906 3864 2149 3927 deamus,
2184 3865 2570 3932 thesaurosque
2605 3862 2657 3916 in
2692 3864 2826 3917 cado
2855 3865 3212 3934 requiramus.
3245 3863 3375 3918 Nam
3403 3867 3492 3934 qui

1908 3953 2009 4009 hos
2039 3953 2271 4016 habent,
2303 3952 2375 4006 illi
2421 3961 2568 4007 certe
2603 3952 2795 4007 divites
2835 3961 2980 4017 sunt,
3022 3954 3094 4006 illi
3136 3955 3395 4021 Opttleuti,
3439 3965 3495 4008 et

1906 4043 2157 4099 fruuntur
2183 4043 2430 4096 munibus
2458 4058 2578 4111 qua:
2606 4042 2691 4096 hic
2716 4052 2770 4097 et
2796 4043 2907 4097 illic
2931 4053 3073 4096 sunt.
3104 4043 3202 4110 Qui
3232 4044 3374 4097 etaim
3405 4059 3495 4098 se.-

1907 4135 2138 4192 Cundum
2171 4134 2261 4188 Iiei
2285 4132 2504 4187 verbum
2531 4147 2730 4203 pauper
2749 4147 2869 4189 esse
2889 4134 3022 4199 vult,
3047 4135 3284 4187 oiunium
3308 4134 3497 4189 domos

1910 4228 2072 4284 habet
2111 4236 2347 4297 apertas.
2380 4226 2511 4281 Nam
2542 4227 2624 4292 ei,
2654 4227 2743 4297 qui
2774 4236 2988 4296 propter
3019 4227 3182 4281 Deum
3215 4228 3342 4281 nihil
3374 4244 3494 4296 pos-

1908 4320 2047 4377 sidet
2068 4362 2084 4385 ,
2114 4321 2479 4390 unusquisque
2504 4333 2598 4373 sua
2625 4317 2872 4374 confert:
2904 4319 2992 4388 qui
3026 4334 3151 4371 vero
3181 4336 3338 4388 parva
3370 4335 3494 4374 cmn

1910 4411 2164 4482 injusﬁtia
2198 4411 2311 4465 vult
2354 4408 2590 4475 habere,
2620 4409 2857 4463 omnium
2897 4409 2998 4463 sibi
3027 4410 3161 4463 ostia
3193 4410 3403 4463 clausit.
3432 4410 3492 4465 Ut

1907 4520 2035 4576 ergo
2064 4515 2119 4560 et
2147 4520 2264 4575 qua:
2305 4503 2395 4557 hic
2421 4514 2473 4559 et
2500 4520 2619 4573 qua:
2649 4504 2755 4558 illic
2780 4513 2905 4559 Sunt
2941 4505 3079 4558 bona
3107 4519 3457 4574 assequamur
3478 4545 3493 4564 ,

1905 4600 2163 4670 eligamus
2185 4597 2459 4652 immolant
2486 4607 2538 4651 et
2563 4597 2916 4650 immortalem
2947 4596 3272 4665 «meientiant
3298 4614 3311 4648 :
3337 4612 3496 4664 quam

1907 4693 2105 4745 utinam
2140 4704 2238 4744 nos
2261 4705 2450 4744 omnes
2476 4704 2871 4755 consequamur
2893 4690 3059 4760 gratia
3082 4702 3134 4744 et
3173 4690 3498 4760 benignitate

1907 4783 2117 4839 Domini
2149 4782 2316 4837 nostri
2347 4782 2474 4837 .lcsu
2502 4781 2725 4844 Christi,
2756 4792 2862 4835 etc.

212 4978 2848 5029 _______________________________..___———__

258 5085 281 5101 ⁹
1649 5066 1794 5129 HOli

1900 5063 1992 5123 .lA
2039 5059 2213 5121 XIV.

200 5229 331 5285 Ctr.
361 5229 417 5284 4.
460 5244 516 5282 v.
552 5227 634 5280 l7.
670 5224 790 5277 Ideo
832 5222 944 5276 misi
981 5220 1048 5273 ad
1093 5235 1178 5273 vos
1225 5213 1576 5275 Timotheum,
1601 5209 1686 5280 qui
1720 5217 1794 5264 est

272 5321 417 5390 ﬁlim
466 5334 608 5372 incus
651 5317 863 5370 dilectus
907 5324 952 5367 et
995 5311 1161 5383 fidelis
1198 5310 1252 5362 in
1292 5306 1549 5367 Domino,
1581 5301 1667 5368 qui
1711 5316 1797 5355 vos

270 5411 697 5482 conuuonefaciet
724 5409 831 5461 vias
860 5422 1015 5470 meas,
1046 5419 1160 5475 quo:
1185 5410 1299 5455 sunt
1336 5400 1388 5453 in
1415 5396 1615 5451 Christo
1646 5391 1682 5446 Ι
1687 5409 1794 5447 esu.

272 5509 326 5561 1.
364 5502 568 5557 Paulus
598 5502 712 5572 igne
741 5498 1017 5552 ardentior.
1045 5493 1226 5547 —-—llic
1251 5504 1463 5559 quoque
1489 5484 1799 5542 consideres

209 5600 361 5653 velim
388 5608 713 5667 generosam
737 5590 993 5651 animam,
1023 5587 1144 5656 igne
1169 5581 1528 5638 ardentiorem
1550 5584 1604 5632 et
1628 5574 1800 5629 acrio-

213 5707 334 5749 rem.
368 5690 603 5746 Volebat
625 5686 838 5757 quidem
869 5683 983 5752 ipse
1007 5679 1220 5744 adesse,
1248 5673 1540 5731 Corinthiis
1569 5669 1800 5723 maxime

217 5787 284 5838 sic
306 5779 699 5855 a-grotantibus
733 5784 790 5832 ct
826 5773 1090 5830 seditione
1131 5767 1360 5840 agitatis.
1393 5764 1567 5821 Probe
1596 5760 1800 5817 sciebat

224 5878 344 5933 enim
365 5918 382 5945 ,
412 5888 586 5946 quam
614 5870 894 5944 prodesset
938 5861 1217 5935 discipulis
1262 5859 1547 5934 praesentia
1580 5872 1676 5915 sua
1699 5898 1715 5927 ,
1745 5860 1803 5911 et

1906 5214 2162 5276 quantum
2192 5203 2410 5259 obesset
2434 5201 2696 5259 absentia.
2733 5202 2802 5257 Et
2833 5202 2961 5256 illud
2992 5201 3205 5272 quidem
3246 5198 3499 5254 indicavit

1907 5299 1959 5353 in
1996 5298 2232 5368 Epistula
2260 5297 2325 5351 ad
2359 5296 2729 5366 Philippenses
2750 5335 2764 5361 ,
2794 5295 2980 5349 dicens
3003 5336 3017 5360 ,
3051 5293 3171 5348 Non
3202 5306 3253 5347 ut
3280 5294 3331 5345 in
3362 5307 3497 5360 prm-

1907 5391 2085 5451 sentia,
2112 5405 2224 5442 mea
2270 5397 2502 5454 tantum,
2536 5387 2623 5440 sed
2654 5386 2811 5440 multo
2842 5386 3005 5456 magis
3045 5400 3179 5438 num:
3207 5398 3403 5453 quoque
3446 5382 3499 5434 in

1908 5481 2131 5535 absentia
2160 5497 2271 5535 mea
2296 5522 2311 5541 ,
2352 5496 2465 5533 cum
2496 5489 2674 5532 timore
2715 5487 2762 5532 et
2791 5488 3004 5531 tremore
3043 5478 3252 5530 salutent
3281 5484 3495 5529 restrain

1907 5573 2184 5644 aper-mnini
2235 5570 2495 5646 (Philipp.
2537 5571 2592 5626 ἓ.
2624 5569 2722 5641 1:2)
2752 5588 2764 5625 :
2797 5569 2900 5624 hoc
2939 5578 3116 5623 autem
3158 5567 3398 5621 ostendit
3441 5567 3491 5617 in

1909 5665 2007 5718 hac
2036 5663 2263 5733 epistola
2290 5662 2475 5717 dicens
2500 5678 2513 5716 :
2550 5661 2635 5715 18.
2682 5659 2962 5729 Tamquam
3004 5675 3105 5712 non
3134 5666 3371 5710 venturus
3398 5655 3493 5707 sim

1907 5757 1975 5809 ad
1991 5756 2287 5825 vos,inﬂati
2322 5764 2437 5809 sunt
2461 5753 2667 5824 quidam
2692 5768 2712 5816 ,'
2742 5752 2822 5808 19.
2856 5753 3056 5806 veniam
3093 5760 3282 5803 autem.
3327 5747 3494 5802 Festi-

1910 5849 2070 5915 nabat
2107 5849 2287 5921 itaque
2331 5856 2388 5905 et
2412 5846 2660 5919 cupiebat
2700 5846 2815 5917 ipse
2841 5845 3075 5912 adesse;
3111 5842 3206 5897 sed
3244 5842 3367 5915 quia
3394 5839 3501 5896 hoc
