  <div class='ocr_page' id='page_1' title='image "/cluster/home/n/w/nwhite01/storage/ocr_20150623/61:no.10/coo.31924054869619/121.png"; bbox 0 0 3992 6412; ppageno 0'>
   <div class='ocr_carea' id='block_1_1' title="bbox 595 378 693 430">
    <p class='ocr_par' dir='ltr' id='par_1_1' title="bbox 595 378 693 430">
     <span class='ocr_line' id='line_1_1' title="bbox 595 378 693 430; baseline 0 0"><span class='ocrx_word' id='word_1_1' title='bbox 595 378 693 430; x_wconf 73' lang='lat' dir='ltr'><strong>H5</strong></span> 
     </span>
    </p>
   </div>
   <div class='ocr_carea' id='block_1_2' title="bbox 597 494 2181 567">
    <p class='ocr_par' dir='ltr' id='par_1_2' title="bbox 597 494 2181 567">
     <span class='ocr_line' id='line_1_2' title="bbox 597 494 2181 567; baseline 0.001 -20"><span class='ocrx_word' id='word_1_2' title='bbox 597 496 831 551; x_wconf 88' lang='lat' dir='ltr'><strong>nondum</strong></span> <span class='ocrx_word' id='word_1_3' title='bbox 865 497 1092 562; x_wconf 81' lang='lat' dir='ltr'><strong>licebat,</strong></span> <span class='ocrx_word' id='word_1_4' title='bbox 1125 497 1478 567; x_wconf 74' lang='lat' dir='ltr'><strong>promissione</strong></span> <span class='ocrx_word' id='word_1_5' title='bbox 1503 494 1763 548; x_wconf 73' lang='lat' dir='ltr'><strong>adventus</strong></span> <span class='ocrx_word' id='word_1_6' title='bbox 1791 494 1871 548; x_wconf 91' lang='lat' dir='ltr'><strong>sui</strong></span> <span class='ocrx_word' id='word_1_7' title='bbox 1914 494 2033 548; x_wconf 85' lang='lat' dir='ltr'><strong>illos</strong></span> <span class='ocrx_word' id='word_1_8' title='bbox 2059 508 2181 548; x_wconf 85' lang='lat' dir='ltr'><strong>cor-</strong></span> 
     </span>
    </p>
   </div>
   <div class='ocr_carea' id='block_1_3' title="bbox 595 585 2180 661">
    <p class='ocr_par' dir='ltr' id='par_1_3' title="bbox 595 585 2180 661">
     <span class='ocr_line' id='line_1_3' title="bbox 595 585 2180 661; baseline -0.001 -21"><span class='ocrx_word' id='word_1_9' title='bbox 595 590 762 657; x_wconf 74' lang='lat' dir='ltr'><strong>rigit:</strong></span> <span class='ocrx_word' id='word_1_10' title='bbox 822 604 995 661; x_wconf 90' lang='lat' dir='ltr'><strong>neque</strong></span> <span class='ocrx_word' id='word_1_11' title='bbox 1039 591 1141 644; x_wconf 89' lang='lat' dir='ltr'><strong>hoc</strong></span> <span class='ocrx_word' id='word_1_12' title='bbox 1161 588 1565 651; x_wconf 85' lang='lat' dir='ltr'><strong>tantummodo,</strong></span> <span class='ocrx_word' id='word_1_13' title='bbox 1606 585 1698 642; x_wconf 86' lang='lat' dir='ltr'><strong>sed</strong></span> <span class='ocrx_word' id='word_1_14' title='bbox 1725 587 1883 641; x_wconf 87' lang='lat' dir='ltr'><strong>etiam</strong></span> <span class='ocrx_word' id='word_1_15' title='bbox 1927 586 2180 640; x_wconf 81' lang='lat' dir='ltr'><strong>missione</strong></span> 
     </span>
    </p>
   </div>
   <div class='ocr_carea' id='block_1_4' title="bbox 591 675 2182 749">
    <p class='ocr_par' dir='ltr' id='par_1_4' title="bbox 591 675 2182 749">
     <span class='ocr_line' id='line_1_4' title="bbox 591 675 2182 749; baseline -0.003 -19"><span class='ocrx_word' id='word_1_16' title='bbox 591 679 856 747; x_wconf 73' lang='lat' dir='ltr'><strong>discipuli.</strong></span> <span class='ocrx_word' id='word_1_17' title='bbox 908 678 1037 732; x_wconf 81' lang='lat' dir='ltr'><strong>Ideo</strong></span> <span class='ocrx_word' id='word_1_18' title='bbox 1079 692 1309 749; x_wconf 85' lang='lat' dir='ltr'><strong>namque</strong></span> <span class='ocrx_word' id='word_1_19' title='bbox 1331 718 1347 741; x_wconf 94' lang='lat'><strong>,</strong></span> <span class='ocrx_word' id='word_1_20' title='bbox 1397 677 1605 747; x_wconf 90' lang='lat' dir='ltr'><strong>inquit,</strong></span> <span class='ocrx_word' id='word_1_21' title='bbox 1636 677 1752 730; x_wconf 84' lang='lat' dir='ltr'><strong>misi</strong></span> <span class='ocrx_word' id='word_1_22' title='bbox 1779 677 1847 729; x_wconf 86' lang='lat' dir='ltr'><strong>ad</strong></span> <span class='ocrx_word' id='word_1_23' title='bbox 1872 691 1958 730; x_wconf 75' lang='lat' dir='ltr'><strong>nos</strong></span> <span class='ocrx_word' id='word_1_24' title='bbox 2009 675 2182 730; x_wconf 83' lang='lat' dir='ltr'><strong>Timo-</strong></span> 
     </span>
    </p>
   </div>
   <div class='ocr_carea' id='block_1_5' title="bbox 590 768 2178 839">
    <p class='ocr_par' dir='ltr' id='par_1_5' title="bbox 590 768 2178 839">
     <span class='ocr_line' id='line_1_5' title="bbox 590 768 2178 839; baseline 0 -18"><span class='ocrx_word' id='word_1_25' title='bbox 590 770 784 822; x_wconf 78' lang='lat' dir='ltr'><strong>theum.</strong></span> <span class='ocrx_word' id='word_1_26' title='bbox 808 768 934 823; x_wconf 77' lang='lat' dir='ltr'><strong>Ideo</strong></span> <span class='ocrx_word' id='word_1_27' title='bbox 961 786 982 824; x_wconf 91' lang='lat'><strong><em>:</em></strong></span> <span class='ocrx_word' id='word_1_28' title='bbox 1001 769 1204 839; x_wconf 84' lang='lat' dir='ltr'><strong>quare?</strong></span> <span class='ocrx_word' id='word_1_29' title='bbox 1226 769 1359 837; x_wconf 83' lang='lat' dir='ltr'><strong>Quia</strong></span> <span class='ocrx_word' id='word_1_30' title='bbox 1390 778 1625 823; x_wconf 86' lang='lat' dir='ltr'><strong>vestrum</strong></span> <span class='ocrx_word' id='word_1_31' title='bbox 1650 777 1707 822; x_wconf 88' lang='grc' dir='ltr'><strong>ιιι</strong></span> <span class='ocrx_word' id='word_1_32' title='bbox 1739 768 1966 822; x_wconf 92' lang='lat' dir='ltr'><strong>ﬁliorum</strong></span> <span class='ocrx_word' id='word_1_33' title='bbox 1993 780 2178 821; x_wconf 86' lang='lat' dir='ltr'><strong>curam</strong></span> 
     </span>
    </p>
   </div>
   <div class='ocr_carea' id='block_1_6' title="bbox 591 856 2178 930">
    <p class='ocr_par' dir='ltr' id='par_1_6' title="bbox 591 856 2178 930">
     <span class='ocr_line' id='line_1_6' title="bbox 591 856 2178 930; baseline -0.001 -17"><span class='ocrx_word' id='word_1_34' title='bbox 591 874 720 929; x_wconf 86' lang='lat' dir='ltr'><strong>gero</strong></span> <span class='ocrx_word' id='word_1_35' title='bbox 740 898 759 925; x_wconf 95' lang='lat'><strong>,</strong></span> <span class='ocrx_word' id='word_1_36' title='bbox 789 869 847 913; x_wconf 91' lang='lat' dir='ltr'><strong>ut</strong></span> <span class='ocrx_word' id='word_1_37' title='bbox 874 860 965 930; x_wconf 89' lang='lat' dir='ltr'><strong>qui</strong></span> <span class='ocrx_word' id='word_1_38' title='bbox 1001 873 1097 914; x_wconf 86' lang='lat' dir='ltr'><strong>vos</strong></span> <span class='ocrx_word' id='word_1_39' title='bbox 1124 860 1422 930; x_wconf 79' lang='lat' dir='ltr'><strong>genuerint.</strong></span> <span class='ocrx_word' id='word_1_40' title='bbox 1452 858 1664 913; x_wconf 87' lang='lat' dir='ltr'><strong>Etcum</strong></span> <span class='ocrx_word' id='word_1_41' title='bbox 1712 856 2178 913; x_wconf 88' lang='lat' dir='ltr'><strong>commendatione</strong></span> 
     </span>
    </p>
   </div>
   <div class='ocr_carea' id='block_1_7' title="bbox 592 948 2177 1020">
    <p class='ocr_par' dir='ltr' id='par_1_7' title="bbox 592 948 2177 1020">
     <span class='ocr_line' id='line_1_7' title="bbox 592 948 2177 1020; baseline 0.001 -21"><span class='ocrx_word' id='word_1_42' title='bbox 592 964 838 1020; x_wconf 77' lang='lat' dir='ltr'><strong>personze</strong></span> <span class='ocrx_word' id='word_1_43' title='bbox 869 959 951 1005; x_wconf 89' lang='lat' dir='ltr'><strong>est</strong></span> <span class='ocrx_word' id='word_1_44' title='bbox 975 950 1203 1020; x_wconf 87' lang='lat' dir='ltr'><strong>epistola</strong></span> <span class='ocrx_word' id='word_1_45' title='bbox 1229 968 1243 1004; x_wconf 91' lang='lat'><strong>:</strong></span> <span class='ocrx_word' id='word_1_46' title='bbox 1279 951 1380 1017; x_wconf 86' lang='lat' dir='ltr'><strong>Qui</strong></span> <span class='ocrx_word' id='word_1_47' title='bbox 1407 959 1480 1004; x_wconf 84' lang='lat' dir='ltr'><strong>est</strong></span> <span class='ocrx_word' id='word_1_48' title='bbox 1518 950 1656 1019; x_wconf 79' lang='lat' dir='ltr'><strong>ﬁlius</strong></span> <span class='ocrx_word' id='word_1_49' title='bbox 1684 966 1823 1005; x_wconf 86' lang='lat' dir='ltr'><strong>meus</strong></span> <span class='ocrx_word' id='word_1_50' title='bbox 1849 948 2061 1002; x_wconf 81' lang='lat' dir='ltr'><strong>dilectus</strong></span> <span class='ocrx_word' id='word_1_51' title='bbox 2081 989 2096 1013; x_wconf 94' lang='lat'><strong>,</strong></span> <span class='ocrx_word' id='word_1_52' title='bbox 2130 958 2177 1002; x_wconf 84' lang='lat' dir='ltr'><strong>et</strong></span> 
     </span>
    </p>
   </div>
   <div class='ocr_carea' id='block_1_8' title="bbox 591 1040 2175 1112">
    <p class='ocr_par' dir='ltr' id='par_1_8' title="bbox 591 1040 2175 1112">
     <span class='ocr_line' id='line_1_8' title="bbox 591 1040 2175 1112; baseline -0.002 -17"><span class='ocrx_word' id='word_1_53' title='bbox 591 1042 758 1112; x_wconf 79' lang='lat' dir='ltr'><strong>ﬁdelis</strong></span> <span class='ocrx_word' id='word_1_54' title='bbox 785 1041 843 1096; x_wconf 82' lang='lat' dir='ltr'><strong>in</strong></span> <span class='ocrx_word' id='word_1_55' title='bbox 878 1040 1096 1096; x_wconf 86' lang='lat' dir='ltr'><strong>Domino</strong></span> <span class='ocrx_word' id='word_1_56' title='bbox 1121 1082 1134 1095; x_wconf 93' lang='lat'><strong>.</strong></span> <span class='ocrx_word' id='word_1_57' title='bbox 1179 1042 1291 1097; x_wconf 88' lang='lat' dir='ltr'><strong>lloc</strong></span> <span class='ocrx_word' id='word_1_58' title='bbox 1319 1051 1498 1097; x_wconf 89' lang='lat' dir='ltr'><strong>autem</strong></span> <span class='ocrx_word' id='word_1_59' title='bbox 1524 1041 1687 1108; x_wconf 93' lang='lat' dir='ltr'><strong>dixit,</strong></span> <span class='ocrx_word' id='word_1_60' title='bbox 1733 1049 1790 1096; x_wconf 90' lang='lat' dir='ltr'><strong>et</strong></span> <span class='ocrx_word' id='word_1_61' title='bbox 1833 1050 1893 1095; x_wconf 92' lang='lat' dir='ltr'><strong>ut</strong></span> <span class='ocrx_word' id='word_1_62' title='bbox 1936 1055 2175 1094; x_wconf 89' lang='lat' dir='ltr'><strong>amorem</strong></span> 
     </span>
    </p>
   </div>
   <div class='ocr_carea' id='block_1_9' title="bbox 593 1131 2177 1203">
    <p class='ocr_par' dir='ltr' id='par_1_9' title="bbox 593 1131 2177 1203">
     <span class='ocr_line' id='line_1_9' title="bbox 593 1131 2177 1203; baseline -0.003 -14"><span class='ocrx_word' id='word_1_63' title='bbox 593 1150 748 1189; x_wconf 73' lang='lat' dir='ltr'><strong>suum</strong></span> <span class='ocrx_word' id='word_1_64' title='bbox 777 1133 1067 1197; x_wconf 89' lang='lat' dir='ltr'><strong>ostendat,</strong></span> <span class='ocrx_word' id='word_1_65' title='bbox 1098 1144 1155 1190; x_wconf 86' lang='lat' dir='ltr'><strong>et</strong></span> <span class='ocrx_word' id='word_1_66' title='bbox 1183 1144 1239 1189; x_wconf 91' lang='lat' dir='ltr'><strong>ut</strong></span> <span class='ocrx_word' id='word_1_67' title='bbox 1275 1135 1399 1189; x_wconf 89' lang='lat' dir='ltr'><strong>illos</strong></span> <span class='ocrx_word' id='word_1_68' title='bbox 1425 1141 1688 1203; x_wconf 63' lang='lat' dir='ltr'><strong>prteparet</strong></span> <span class='ocrx_word' id='word_1_69' title='bbox 1716 1131 1782 1186; x_wconf 90' lang='lat' dir='ltr'><strong>ad</strong></span> <span class='ocrx_word' id='word_1_70' title='bbox 1827 1131 1975 1185; x_wconf 91' lang='lat' dir='ltr'><strong>illum</strong></span> <span class='ocrx_word' id='word_1_71' title='bbox 2019 1146 2177 1185; x_wconf 85' lang='lat' dir='ltr'><strong>rere-</strong></span> 
     </span>
    </p>
   </div>
   <div class='ocr_carea' id='block_1_10' title="bbox 588 1223 2174 1298">
    <p class='ocr_par' dir='ltr' id='par_1_10' title="bbox 588 1223 2174 1298">
     <span class='ocr_line' id='line_1_10' title="bbox 588 1223 2174 1298; baseline -0.003 -18"><span class='ocrx_word' id='word_1_72' title='bbox 588 1238 771 1282; x_wconf 89' lang='lat' dir='ltr'><strong>renter</strong></span> <span class='ocrx_word' id='word_1_73' title='bbox 794 1228 1104 1284; x_wconf 85' lang='lat' dir='ltr'><strong>videndum.</strong></span> <span class='ocrx_word' id='word_1_74' title='bbox 1143 1228 1328 1298; x_wconf 85' lang='lat' dir='ltr'><strong>Neque</strong></span> <span class='ocrx_word' id='word_1_75' title='bbox 1370 1236 1575 1282; x_wconf 89' lang='lat' dir='ltr'><strong>tantum</strong></span> <span class='ocrx_word' id='word_1_76' title='bbox 1610 1225 1821 1280; x_wconf 80' lang='lat' dir='ltr'><strong>ﬁdelem</strong></span> <span class='ocrx_word' id='word_1_77' title='bbox 1845 1225 1975 1278; x_wconf 87' lang='lat' dir='ltr'><strong>dicit</strong></span> <span class='ocrx_word' id='word_1_78' title='bbox 1999 1266 2013 1289; x_wconf 90' lang='lat'><strong>,</strong></span> <span class='ocrx_word' id='word_1_79' title='bbox 2043 1223 2137 1276; x_wconf 89' lang='lat' dir='ltr'><strong>sed</strong></span> <span class='ocrx_word' id='word_1_80' title='bbox 2159 1263 2174 1286; x_wconf 93' lang='lat'><strong>,</strong></span> 
     </span>
    </p>
   </div>
   <div class='ocr_carea' id='block_1_11' title="bbox 588 1315 2175 1391">
    <p class='ocr_par' dir='ltr' id='par_1_11' title="bbox 588 1315 2175 1391">
     <span class='ocr_line' id='line_1_11' title="bbox 588 1315 2175 1391; baseline -0.004 -17"><span class='ocrx_word' id='word_1_81' title='bbox 588 1319 654 1375; x_wconf 82' lang='lat' dir='ltr'><strong>In</strong></span> <span class='ocrx_word' id='word_1_82' title='bbox 681 1320 932 1387; x_wconf 87' lang='lat' dir='ltr'><strong>Domino;</strong></span> <span class='ocrx_word' id='word_1_83' title='bbox 959 1322 1008 1377; x_wconf 90' lang='lat' dir='ltr'><strong>id</strong></span> <span class='ocrx_word' id='word_1_84' title='bbox 1032 1332 1134 1390; x_wconf 87' lang='lat' dir='ltr'><strong>est,</strong></span> <span class='ocrx_word' id='word_1_85' title='bbox 1165 1323 1217 1377; x_wconf 91' lang='lat' dir='ltr'><strong>in</strong></span> <span class='ocrx_word' id='word_1_86' title='bbox 1246 1323 1407 1377; x_wconf 82' lang='lat' dir='ltr'><strong>rebus</strong></span> <span class='ocrx_word' id='word_1_87' title='bbox 1429 1337 1547 1391; x_wconf 75' lang='lat' dir='ltr'><strong>qua:</strong></span> <span class='ocrx_word' id='word_1_88' title='bbox 1573 1318 1863 1374; x_wconf 87' lang='lat' dir='ltr'><strong>secundum</strong></span> <span class='ocrx_word' id='word_1_89' title='bbox 1895 1315 2175 1370; x_wconf 90' lang='lat' dir='ltr'><strong>Dominum</strong></span> 
     </span>
    </p>
   </div>
   <div class='ocr_carea' id='block_1_12' title="bbox 586 1406 2175 1480">
    <p class='ocr_par' dir='ltr' id='par_1_12' title="bbox 586 1406 2175 1480">
     <span class='ocr_line' id='line_1_12' title="bbox 586 1406 2175 1480; baseline -0.004 -15"><span class='ocrx_word' id='word_1_90' title='bbox 586 1421 732 1467; x_wconf 89' lang='lat' dir='ltr'><strong>sunt.</strong></span> <span class='ocrx_word' id='word_1_91' title='bbox 761 1413 915 1480; x_wconf 84' lang='lat' dir='ltr'><strong>Quod</strong></span> <span class='ocrx_word' id='word_1_92' title='bbox 945 1414 990 1468; x_wconf 88' lang='lat' dir='ltr'><strong>si</strong></span> <span class='ocrx_word' id='word_1_93' title='bbox 1034 1414 1087 1468; x_wconf 90' lang='lat' dir='ltr'><strong>in</strong></span> <span class='ocrx_word' id='word_1_94' title='bbox 1114 1412 1458 1468; x_wconf 72' lang='lat' dir='ltr'><strong>srecularibus</strong></span> <span class='ocrx_word' id='word_1_95' title='bbox 1488 1411 1648 1467; x_wconf 94' lang='lat' dir='ltr'><strong>rebus</strong></span> <span class='ocrx_word' id='word_1_96' title='bbox 1676 1409 1884 1464; x_wconf 84' lang='lat' dir='ltr'><strong>ﬁdelem</strong></span> <span class='ocrx_word' id='word_1_97' title='bbox 1913 1421 2032 1461; x_wconf 89' lang='lat' dir='ltr'><strong>esse</strong></span> <span class='ocrx_word' id='word_1_98' title='bbox 2062 1406 2175 1459; x_wconf 88' lang='lat' dir='ltr'><strong>laus</strong></span> 
     </span>
    </p>
   </div>
   <div class='ocr_carea' id='block_1_13' title="bbox 584 1497 2175 1573">
    <p class='ocr_par' dir='ltr' id='par_1_13' title="bbox 584 1497 2175 1573">
     <span class='ocr_line' id='line_1_13' title="bbox 584 1497 2175 1573; baseline -0.006 -15"><span class='ocrx_word' id='word_1_99' title='bbox 584 1514 704 1570; x_wconf 68' lang='lat' dir='ltr'><strong>est,</strong></span> <span class='ocrx_word' id='word_1_100' title='bbox 737 1505 906 1559; x_wconf 90' lang='lat' dir='ltr'><strong>multo</strong></span> <span class='ocrx_word' id='word_1_101' title='bbox 951 1505 1119 1573; x_wconf 78' lang='lat' dir='ltr'><strong>magis</strong></span> <span class='ocrx_word' id='word_1_102' title='bbox 1163 1505 1215 1558; x_wconf 91' lang='lat' dir='ltr'><strong>in</strong></span> <span class='ocrx_word' id='word_1_103' title='bbox 1258 1502 1641 1573; x_wconf 89' lang='lat' dir='ltr'><strong>spiritualibus.</strong></span> <span class='ocrx_word' id='word_1_104' title='bbox 1691 1500 1747 1555; x_wconf 91' lang='lat' dir='ltr'><strong>Si</strong></span> <span class='ocrx_word' id='word_1_105' title='bbox 1794 1514 1923 1570; x_wconf 83' lang='lat' dir='ltr'><strong>ergo</strong></span> <span class='ocrx_word' id='word_1_106' title='bbox 1949 1497 2175 1551; x_wconf 87' lang='lat' dir='ltr'><strong>dilectus</strong></span> 
     </span>
    </p>
   </div>
   <div class='ocr_carea' id='block_1_14' title="bbox 588 1588 2173 1665">
    <p class='ocr_par' dir='ltr' id='par_1_14' title="bbox 588 1588 2173 1665">
     <span class='ocr_line' id='line_1_14' title="bbox 588 1588 2173 1665; baseline -0.005 -18"><span class='ocrx_word' id='word_1_107' title='bbox 588 1596 706 1663; x_wconf 87' lang='lat' dir='ltr'><strong>ejus</strong></span> <span class='ocrx_word' id='word_1_108' title='bbox 735 1596 874 1651; x_wconf 90' lang='lat' dir='ltr'><strong>ﬁlius</strong></span> <span class='ocrx_word' id='word_1_109' title='bbox 900 1596 988 1659; x_wconf 90' lang='lat' dir='ltr'><strong>sit,</strong></span> <span class='ocrx_word' id='word_1_110' title='bbox 1011 1596 1183 1663; x_wconf 85' lang='lat' dir='ltr'><strong>cogita</strong></span> <span class='ocrx_word' id='word_1_111' title='bbox 1208 1603 1438 1665; x_wconf 87' lang='lat' dir='ltr'><strong>quantus</strong></span> <span class='ocrx_word' id='word_1_112' title='bbox 1463 1595 1532 1649; x_wconf 89' lang='lat' dir='ltr'><strong>sit</strong></span> <span class='ocrx_word' id='word_1_113' title='bbox 1558 1608 1710 1647; x_wconf 89' lang='lat' dir='ltr'><strong>amor</strong></span> <span class='ocrx_word' id='word_1_114' title='bbox 1732 1590 1875 1645; x_wconf 84' lang='lat' dir='ltr'><strong>Pauli</strong></span> <span class='ocrx_word' id='word_1_115' title='bbox 1909 1592 1959 1643; x_wconf 90' lang='lat' dir='ltr'><strong>in</strong></span> <span class='ocrx_word' id='word_1_116' title='bbox 1981 1588 2173 1643; x_wconf 76' lang='lat' dir='ltr'><strong>(Zorin-</strong></span> 
     </span>
    </p>
   </div>
   <div class='ocr_carea' id='block_1_15' title="bbox 588 1682 2168 1757">
    <p class='ocr_par' dir='ltr' id='par_1_15' title="bbox 588 1682 2168 1757">
     <span class='ocr_line' id='line_1_15' title="bbox 588 1682 2168 1757; baseline -0.004 -18"><span class='ocrx_word' id='word_1_117' title='bbox 588 1685 753 1751; x_wconf 83' lang='lat' dir='ltr'><strong>thios,</strong></span> <span class='ocrx_word' id='word_1_118' title='bbox 783 1702 1007 1757; x_wconf 88' lang='lat' dir='ltr'><strong>quorum</strong></span> <span class='ocrx_word' id='word_1_119' title='bbox 1034 1688 1200 1756; x_wconf 80' lang='lat' dir='ltr'><strong>gratia</strong></span> <span class='ocrx_word' id='word_1_120' title='bbox 1236 1687 1303 1740; x_wconf 83' lang='lat' dir='ltr'><strong>ab</strong></span> <span class='ocrx_word' id='word_1_121' title='bbox 1329 1685 1422 1740; x_wconf 90' lang='lat' dir='ltr'><strong>illo</strong></span> <span class='ocrx_word' id='word_1_122' title='bbox 1443 1686 1667 1740; x_wconf 88' lang='lat' dir='ltr'><strong>voluerit</strong></span> <span class='ocrx_word' id='word_1_123' title='bbox 1700 1682 1959 1753; x_wconf 88' lang='lat' dir='ltr'><strong>separari.</strong></span> <span class='ocrx_word' id='word_1_124' title='bbox 1990 1682 2043 1736; x_wconf 90' lang='lat' dir='ltr'><strong>Si</strong></span> <span class='ocrx_word' id='word_1_125' title='bbox 2068 1696 2168 1734; x_wconf 89' lang='lat' dir='ltr'><strong>au-</strong></span> 
     </span>
    </p>
   </div>
   <div class='ocr_carea' id='block_1_16' title="bbox 590 1773 2174 1846">
    <p class='ocr_par' dir='ltr' id='par_1_16' title="bbox 590 1773 2174 1846">
     <span class='ocr_line' id='line_1_16' title="bbox 590 1773 2174 1846; baseline -0.003 -15"><span class='ocrx_word' id='word_1_126' title='bbox 590 1787 699 1832; x_wconf 89' lang='lat' dir='ltr'><strong>tem</strong></span> <span class='ocrx_word' id='word_1_127' title='bbox 729 1776 901 1833; x_wconf 90' lang='lat' dir='ltr'><strong>ﬁdelis</strong></span> <span class='ocrx_word' id='word_1_128' title='bbox 938 1778 1043 1841; x_wconf 91' lang='lat' dir='ltr'><strong>sit,</strong></span> <span class='ocrx_word' id='word_1_129' title='bbox 1075 1778 1341 1846; x_wconf 88' lang='lat' dir='ltr'><strong>inculpatc</strong></span> <span class='ocrx_word' id='word_1_130' title='bbox 1377 1792 1466 1833; x_wconf 89' lang='lat' dir='ltr'><strong>res</strong></span> <span class='ocrx_word' id='word_1_131' title='bbox 1499 1775 1913 1831; x_wconf 88' lang='lat' dir='ltr'><strong>administrabit.</strong></span> <span class='ocrx_word' id='word_1_132' title='bbox 1953 1773 2053 1840; x_wconf 85' lang='lat' dir='ltr'><strong>Qui</strong></span> <span class='ocrx_word' id='word_1_133' title='bbox 2089 1788 2174 1827; x_wconf 74' lang='lat' dir='ltr'><strong>vos</strong></span> 
     </span>
    </p>
   </div>
   <div class='ocr_carea' id='block_1_17' title="bbox 589 1863 2177 1941">
    <p class='ocr_par' dir='ltr' id='par_1_17' title="bbox 589 1863 2177 1941">
     <span class='ocr_line' id='line_1_17' title="bbox 589 1863 2177 1941; baseline -0.002 -19"><span class='ocrx_word' id='word_1_134' title='bbox 589 1870 1024 1941; x_wconf 77' lang='lat' dir='ltr'><strong>cominonefaciet.</strong></span> <span class='ocrx_word' id='word_1_135' title='bbox 1055 1869 1171 1924; x_wconf 87' lang='lat' dir='ltr'><strong>Non</strong></span> <span class='ocrx_word' id='word_1_136' title='bbox 1198 1870 1360 1935; x_wconf 88' lang='lat' dir='ltr'><strong>dicit,</strong></span> <span class='ocrx_word' id='word_1_137' title='bbox 1396 1868 1619 1924; x_wconf 88' lang='lat' dir='ltr'><strong>Docebit</strong></span> <span class='ocrx_word' id='word_1_138' title='bbox 1642 1909 1656 1927; x_wconf 84' lang='lat'><strong>.</strong></span> <span class='ocrx_word' id='word_1_139' title='bbox 1690 1882 1757 1922; x_wconf 84' lang='lat' dir='ltr'><strong>ne</strong></span> <span class='ocrx_word' id='word_1_140' title='bbox 1805 1866 1854 1921; x_wconf 89' lang='lat' dir='ltr'><strong>id</strong></span> <span class='ocrx_word' id='word_1_141' title='bbox 1897 1881 2040 1935; x_wconf 81' lang='lat' dir='ltr'><strong>a-gre</strong></span> <span class='ocrx_word' id='word_1_142' title='bbox 2069 1863 2177 1919; x_wconf 87' lang='lat' dir='ltr'><strong>fer—</strong></span> 
     </span>
    </p>
   </div>
   <div class='ocr_carea' id='block_1_18' title="bbox 589 1955 2172 2031">
    <p class='ocr_par' dir='ltr' id='par_1_18' title="bbox 589 1955 2172 2031">
     <span class='ocr_line' id='line_1_18' title="bbox 589 1955 2172 2031; baseline -0.003 -16"><span class='ocrx_word' id='word_1_143' title='bbox 589 1970 709 2015; x_wconf 88' lang='lat' dir='ltr'><strong>rent</strong></span> <span class='ocrx_word' id='word_1_144' title='bbox 734 2003 748 2025; x_wconf 90' lang='lat'><strong>,</strong></span> <span class='ocrx_word' id='word_1_145' title='bbox 785 1972 841 2014; x_wconf 91' lang='lat' dir='ltr'><strong>ut</strong></span> <span class='ocrx_word' id='word_1_146' title='bbox 871 1960 959 2031; x_wconf 91' lang='lat' dir='ltr'><strong>qui</strong></span> <span class='ocrx_word' id='word_1_147' title='bbox 997 1961 1066 2014; x_wconf 89' lang='lat' dir='ltr'><strong>ab</strong></span> <span class='ocrx_word' id='word_1_148' title='bbox 1114 1962 1231 2030; x_wconf 89' lang='lat' dir='ltr'><strong>ipso</strong></span> <span class='ocrx_word' id='word_1_149' title='bbox 1253 1960 1546 2016; x_wconf 84' lang='lat' dir='ltr'><strong>discerent.</strong></span> <span class='ocrx_word' id='word_1_150' title='bbox 1586 1959 1817 2028; x_wconf 87' lang='lat' dir='ltr'><strong>Ideoque</strong></span> <span class='ocrx_word' id='word_1_151' title='bbox 1848 1958 1902 2011; x_wconf 93' lang='lat' dir='ltr'><strong>in</strong></span> <span class='ocrx_word' id='word_1_152' title='bbox 1931 1958 2034 2011; x_wconf 91' lang='lat' dir='ltr'><strong>ﬁne</strong></span> <span class='ocrx_word' id='word_1_153' title='bbox 2054 1955 2128 2010; x_wconf 90' lang='lat' dir='ltr'><strong>ait</strong></span> <span class='ocrx_word' id='word_1_154' title='bbox 2158 1973 2172 2010; x_wconf 90' lang='lat'><strong>:</strong></span> 
     </span>
    </p>
   </div>
   <div class='ocr_carea' id='block_1_19' title="bbox 593 2049 2170 2124">
    <p class='ocr_par' dir='ltr' id='par_1_19' title="bbox 593 2049 2170 2124">
     <span class='ocr_line' id='line_1_19' title="bbox 593 2049 2170 2124; baseline -0.005 -16"><span class='ocrx_word' id='word_1_155' title='bbox 593 2053 736 2122; x_wconf 79' lang='lat' dir='ltr'><strong>Opus</strong></span> <span class='ocrx_word' id='word_1_156' title='bbox 765 2054 895 2107; x_wconf 87' lang='lat' dir='ltr'><strong>enim</strong></span> <span class='ocrx_word' id='word_1_157' title='bbox 927 2052 1024 2107; x_wconf 79' lang='lat' dir='ltr'><strong>Dei</strong></span> <span class='ocrx_word' id='word_1_158' title='bbox 1053 2063 1294 2124; x_wconf 83' lang='lat' dir='ltr'><strong>aperutur</strong></span> <span class='ocrx_word' id='word_1_159' title='bbox 1322 2055 1519 2106; x_wconf 81' lang='lat' dir='ltr'><strong>sicutet</strong></span> <span class='ocrx_word' id='word_1_160' title='bbox 1544 2068 1634 2122; x_wconf 84' lang='lat' dir='ltr'><strong>ego</strong></span> <span class='ocrx_word' id='word_1_161' title='bbox 1662 2052 1737 2121; x_wconf 80' lang='lat' dir='ltr'><strong>(l.</strong></span> <span class='ocrx_word' id='word_1_162' title='bbox 1768 2049 1885 2104; x_wconf 85' lang='lat' dir='ltr'><strong>Cor.</strong></span> <span class='ocrx_word' id='word_1_163' title='bbox 1922 2049 2009 2102; x_wconf 75' lang='grc'><strong>16.</strong></span> <span class='ocrx_word' id='word_1_164' title='bbox 2040 2049 2127 2113; x_wconf 74' lang='grc'><strong>10)</strong></span> <span class='ocrx_word' id='word_1_165' title='bbox 2157 2064 2170 2100; x_wconf 92' lang='lat'>:</span> 
     </span>
    </p>
   </div>
   <div class='ocr_carea' id='block_1_20' title="bbox 589 2140 2175 2217">
    <p class='ocr_par' dir='ltr' id='par_1_20' title="bbox 589 2140 2175 2217">
     <span class='ocr_line' id='line_1_20' title="bbox 589 2140 2175 2217; baseline -0.004 -16"><span class='ocrx_word' id='word_1_166' title='bbox 589 2163 657 2202; x_wconf 89' lang='lat' dir='ltr'><strong>ne</strong></span> <span class='ocrx_word' id='word_1_167' title='bbox 683 2147 801 2217; x_wconf 84' lang='lat' dir='ltr'><strong>quis</strong></span> <span class='ocrx_word' id='word_1_168' title='bbox 831 2162 960 2217; x_wconf 87' lang='lat' dir='ltr'><strong>ergo</strong></span> <span class='ocrx_word' id='word_1_169' title='bbox 992 2146 1139 2201; x_wconf 91' lang='lat' dir='ltr'><strong>illum</strong></span> <span class='ocrx_word' id='word_1_170' title='bbox 1172 2146 1453 2216; x_wconf 72' lang='lat' dir='ltr'><strong>despiciat.</strong></span> <span class='ocrx_word' id='word_1_171' title='bbox 1486 2144 1635 2198; x_wconf 82' lang='lat' dir='ltr'><strong>Nulla</strong></span> <span class='ocrx_word' id='word_1_172' title='bbox 1664 2142 1805 2198; x_wconf 91' lang='lat' dir='ltr'><strong>enim</strong></span> <span class='ocrx_word' id='word_1_173' title='bbox 1834 2143 1885 2195; x_wconf 90' lang='lat' dir='ltr'><strong>in</strong></span> <span class='ocrx_word' id='word_1_174' title='bbox 1915 2140 2175 2210; x_wconf 79' lang='lat' dir='ltr'><strong>apostolis</strong></span> 
     </span>
    </p>
   </div>
   <div class='ocr_carea' id='block_1_21' title="bbox 587 2230 2174 2308">
    <p class='ocr_par' dir='ltr' id='par_1_21' title="bbox 587 2230 2174 2308">
     <span class='ocr_line' id='line_1_21' title="bbox 587 2230 2174 2308; baseline -0.004 -16"><span class='ocrx_word' id='word_1_175' title='bbox 587 2248 703 2292; x_wconf 85' lang='lat' dir='ltr'><strong>erat</strong></span> <span class='ocrx_word' id='word_1_176' title='bbox 731 2237 959 2305; x_wconf 78' lang='lat' dir='ltr'><strong>invidia,</strong></span> <span class='ocrx_word' id='word_1_177' title='bbox 994 2238 1086 2291; x_wconf 85' lang='lat' dir='ltr'><strong>sed</strong></span> <span class='ocrx_word' id='word_1_178' title='bbox 1112 2253 1275 2292; x_wconf 89' lang='lat' dir='ltr'><strong>unum</strong></span> <span class='ocrx_word' id='word_1_179' title='bbox 1315 2237 1662 2308; x_wconf 81' lang='lat' dir='ltr'><strong>spectabant,</strong></span> <span class='ocrx_word' id='word_1_180' title='bbox 1694 2249 1887 2302; x_wconf 89' lang='lat' dir='ltr'><strong>nempe</strong></span> <span class='ocrx_word' id='word_1_181' title='bbox 1920 2230 2174 2286; x_wconf 72' lang='lat' dir='ltr'><strong>Ecclesim</strong></span> 
     </span>
    </p>
   </div>
   <div class='ocr_carea' id='block_1_22' title="bbox 589 2323 2171 2395">
    <p class='ocr_par' dir='ltr' id='par_1_22' title="bbox 589 2323 2171 2395">
     <span class='ocr_line' id='line_1_22' title="bbox 589 2323 2171 2395; baseline -0.003 -15"><span class='ocrx_word' id='word_1_182' title='bbox 589 2328 994 2383; x_wconf 78' lang='lat' dir='ltr'><strong>:rdiﬁcationem</strong></span> <span class='ocrx_word' id='word_1_183' title='bbox 1033 2348 1045 2382; x_wconf 87' lang='lat'><strong>:</strong></span> <span class='ocrx_word' id='word_1_184' title='bbox 1075 2338 1128 2382; x_wconf 88' lang='lat' dir='ltr'><strong>et</strong></span> <span class='ocrx_word' id='word_1_185' title='bbox 1168 2329 1213 2381; x_wconf 91' lang='lat' dir='ltr'><strong>si</strong></span> <span class='ocrx_word' id='word_1_186' title='bbox 1263 2328 1437 2381; x_wconf 87' lang='lat' dir='ltr'><strong>minor</strong></span> <span class='ocrx_word' id='word_1_187' title='bbox 1460 2335 1577 2381; x_wconf 86' lang='lat' dir='ltr'><strong>erat</strong></span> <span class='ocrx_word' id='word_1_188' title='bbox 1616 2326 1660 2379; x_wconf 89' lang='lat' dir='ltr'><strong>is</strong></span> <span class='ocrx_word' id='word_1_189' title='bbox 1688 2324 1775 2395; x_wconf 90' lang='lat' dir='ltr'><strong>qui</strong></span> <span class='ocrx_word' id='word_1_190' title='bbox 1810 2323 2132 2393; x_wconf 84' lang='lat' dir='ltr'><strong>Operabatnr</strong></span> <span class='ocrx_word' id='word_1_191' title='bbox 2155 2363 2171 2386; x_wconf 94' lang='lat'><strong>,</strong></span> 
     </span>
    </p>
   </div>
   <div class='ocr_carea' id='block_1_23' title="bbox 586 2416 2175 2486">
    <p class='ocr_par' dir='ltr' id='par_1_23' title="bbox 586 2416 2175 2486">
     <span class='ocr_line' id='line_1_23' title="bbox 586 2416 2175 2486; baseline -0.003 -13"><span class='ocrx_word' id='word_1_192' title='bbox 586 2435 706 2473; x_wconf 88' lang='lat' dir='ltr'><strong>cum</strong></span> <span class='ocrx_word' id='word_1_193' title='bbox 738 2419 882 2474; x_wconf 90' lang='lat' dir='ltr'><strong>omni</strong></span> <span class='ocrx_word' id='word_1_194' title='bbox 930 2420 1107 2474; x_wconf 89' lang='lat' dir='ltr'><strong>studio</strong></span> <span class='ocrx_word' id='word_1_195' title='bbox 1138 2419 1389 2474; x_wconf 87' lang='lat' dir='ltr'><strong>fovebant</strong></span> <span class='ocrx_word' id='word_1_196' title='bbox 1437 2419 1584 2473; x_wconf 88' lang='lat' dir='ltr'><strong>illum</strong></span> <span class='ocrx_word' id='word_1_197' title='bbox 1631 2427 1687 2473; x_wconf 89' lang='lat' dir='ltr'><strong>et</strong></span> <span class='ocrx_word' id='word_1_198' title='bbox 1722 2418 1998 2486; x_wconf 88' lang='lat' dir='ltr'><strong>juvabant.</strong></span> <span class='ocrx_word' id='word_1_199' title='bbox 2032 2416 2175 2483; x_wconf 83' lang='lat' dir='ltr'><strong>Qua-</strong></span> 
     </span>
    </p>
   </div>
   <div class='ocr_carea' id='block_1_24' title="bbox 588 2506 2172 2581">
    <p class='ocr_par' dir='ltr' id='par_1_24' title="bbox 588 2506 2172 2581">
     <span class='ocr_line' id='line_1_24' title="bbox 588 2506 2172 2581; baseline -0.001 -18"><span class='ocrx_word' id='word_1_200' title='bbox 588 2523 807 2581; x_wconf 85' lang='lat' dir='ltr'><strong>propter</strong></span> <span class='ocrx_word' id='word_1_201' title='bbox 833 2527 938 2565; x_wconf 89' lang='lat' dir='ltr'><strong>non</strong></span> <span class='ocrx_word' id='word_1_202' title='bbox 972 2513 1102 2566; x_wconf 71' lang='lat' dir='ltr'><strong>Salis</strong></span> <span class='ocrx_word' id='word_1_203' title='bbox 1131 2511 1316 2565; x_wconf 81' lang='lat' dir='ltr'><strong>habuit</strong></span> <span class='ocrx_word' id='word_1_204' title='bbox 1339 2510 1521 2565; x_wconf 77' lang='lat' dir='ltr'><strong>dicere</strong></span> <span class='ocrx_word' id='word_1_205' title='bbox 1540 2552 1555 2576; x_wconf 95' lang='lat'><strong>,</strong></span> <span class='ocrx_word' id='word_1_206' title='bbox 1584 2508 2010 2579; x_wconf 77' lang='lat' dir='ltr'><strong>Cmnntone/‘aciet</strong></span> <span class='ocrx_word' id='word_1_207' title='bbox 2033 2526 2050 2570; x_wconf 88' lang='lat'><strong>;</strong></span> <span class='ocrx_word' id='word_1_208' title='bbox 2078 2506 2172 2561; x_wconf 92' lang='lat' dir='ltr'><strong>sed</strong></span> 
     </span>
    </p>
   </div>
   <div class='ocr_carea' id='block_1_25' title="bbox 588 2599 2166 2673">
    <p class='ocr_par' dir='ltr' id='par_1_25' title="bbox 588 2599 2166 2673">
     <span class='ocr_line' id='line_1_25' title="bbox 588 2599 2166 2673; baseline -0.003 -15"><span class='ocrx_word' id='word_1_209' title='bbox 588 2603 799 2658; x_wconf 88' lang='lat' dir='ltr'><strong>illorum</strong></span> <span class='ocrx_word' id='word_1_210' title='bbox 842 2603 1093 2657; x_wconf 81' lang='lat' dir='ltr'><strong>invidiam</strong></span> <span class='ocrx_word' id='word_1_211' title='bbox 1144 2604 1315 2673; x_wconf 85' lang='lat' dir='ltr'><strong>magis</strong></span> <span class='ocrx_word' id='word_1_212' title='bbox 1371 2601 1687 2657; x_wconf 81' lang='lat' dir='ltr'><strong>abscindere</strong></span> <span class='ocrx_word' id='word_1_213' title='bbox 1736 2604 1924 2654; x_wconf 89' lang='lat' dir='ltr'><strong>volens</strong></span> <span class='ocrx_word' id='word_1_214' title='bbox 1977 2599 2166 2670; x_wconf 52' lang='lat' dir='ltr'><strong>(iure.</strong></span> 
     </span>
    </p>
   </div>
   <div class='ocr_carea' id='block_1_26' title="bbox 588 2690 2175 2765">
    <p class='ocr_par' dir='ltr' id='par_1_26' title="bbox 588 2690 2175 2765">
     <span class='ocr_line' id='line_1_26' title="bbox 588 2690 2175 2765; baseline -0.002 -15"><span class='ocrx_word' id='word_1_215' title='bbox 588 2697 673 2750; x_wconf 90' lang='lat' dir='ltr'><strong>uis</strong></span> <span class='ocrx_word' id='word_1_216' title='bbox 705 2710 935 2765; x_wconf 82' lang='lat' dir='ltr'><strong>namque</strong></span> <span class='ocrx_word' id='word_1_217' title='bbox 975 2705 1091 2748; x_wconf 90' lang='lat' dir='ltr'><strong>erat</strong></span> <span class='ocrx_word' id='word_1_218' title='bbox 1133 2692 1475 2765; x_wconf 76' lang='lat' dir='ltr'><strong>Tinmtheus)</strong></span> <span class='ocrx_word' id='word_1_219' title='bbox 1502 2710 1515 2748; x_wconf 90' lang='lat'><strong>:</strong></span> <span class='ocrx_word' id='word_1_220' title='bbox 1545 2693 1665 2748; x_wconf 90' lang='lat' dir='ltr'><strong>idco</strong></span> <span class='ocrx_word' id='word_1_221' title='bbox 1704 2692 2015 2760; x_wconf 70' lang='lat' dir='ltr'><strong>subiunxit,</strong></span> <span class='ocrx_word' id='word_1_222' title='bbox 2053 2690 2175 2747; x_wconf 75' lang='lat' dir='ltr'><strong>Vina</strong></span> 
     </span>
    </p>
   </div>
   <div class='ocr_carea' id='block_1_27' title="bbox 589 2785 2167 2854">
    <p class='ocr_par' dir='ltr' id='par_1_27' title="bbox 589 2785 2167 2854">
     <span class='ocr_line' id='line_1_27' title="bbox 589 2785 2167 2854; baseline -0.001 -14"><span class='ocrx_word' id='word_1_223' title='bbox 589 2805 748 2843; x_wconf 78' lang='lat' dir='ltr'><strong>nicas.</strong></span> <span class='ocrx_word' id='word_1_224' title='bbox 803 2787 920 2843; x_wconf 87' lang='lat' dir='ltr'><strong>Non</strong></span> <span class='ocrx_word' id='word_1_225' title='bbox 975 2787 1280 2851; x_wconf 85' lang='lat' dir='ltr'><strong>suas,scd,</strong></span> <span class='ocrx_word' id='word_1_226' title='bbox 1332 2785 1510 2854; x_wconf 81' lang='lat' dir='ltr'><strong>Mens;</strong></span> <span class='ocrx_word' id='word_1_227' title='bbox 1551 2787 1603 2842; x_wconf 91' lang='lat' dir='ltr'><strong>id</strong></span> <span class='ocrx_word' id='word_1_228' title='bbox 1657 2797 1761 2849; x_wconf 87' lang='lat' dir='ltr'><strong>est,</strong></span> <span class='ocrx_word' id='word_1_229' title='bbox 1806 2786 2167 2849; x_wconf 75' lang='lat' dir='ltr'><strong>mconomias,</strong></span> 
     </span>
    </p>
   </div>
   <div class='ocr_carea' id='block_1_28' title="bbox 587 2880 2175 2952">
    <p class='ocr_par' dir='ltr' id='par_1_28' title="bbox 587 2880 2175 2952">
     <span class='ocr_line' id='line_1_28' title="bbox 587 2880 2175 2952; baseline -0.001 -15"><span class='ocrx_word' id='word_1_230' title='bbox 587 2880 851 2952; x_wconf 86' lang='lat' dir='ltr'><strong>pericula,</strong></span> <span class='ocrx_word' id='word_1_231' title='bbox 898 2896 1098 2946; x_wconf 86' lang='lat' dir='ltr'><strong>mores,</strong></span> <span class='ocrx_word' id='word_1_232' title='bbox 1158 2882 1322 2952; x_wconf 77' lang='lat' dir='ltr'><strong>leges,</strong></span> <span class='ocrx_word' id='word_1_233' title='bbox 1370 2889 1587 2947; x_wconf 83' lang='lat' dir='ltr'><strong>statuta,</strong></span> <span class='ocrx_word' id='word_1_234' title='bbox 1638 2895 1874 2937; x_wconf 85' lang='lat' dir='ltr'><strong>canones</strong></span> <span class='ocrx_word' id='word_1_235' title='bbox 1918 2881 2175 2951; x_wconf 80' lang='lat' dir='ltr'><strong>apostoli-</strong></span> 
     </span>
    </p>
   </div>
   <div class='ocr_carea' id='block_1_29' title="bbox 584 2970 2173 3037">
    <p class='ocr_par' dir='ltr' id='par_1_29' title="bbox 584 2970 2173 3037">
     <span class='ocr_line' id='line_1_29' title="bbox 584 2970 2173 3037; baseline -0.001 -10"><span class='ocrx_word' id='word_1_236' title='bbox 584 2987 678 3027; x_wconf 88' lang='lat' dir='ltr'><strong>cos</strong></span> <span class='ocrx_word' id='word_1_237' title='bbox 732 2980 787 3026; x_wconf 88' lang='lat' dir='ltr'><strong>et</strong></span> <span class='ocrx_word' id='word_1_238' title='bbox 835 2971 934 3025; x_wconf 87' lang='lat' dir='ltr'><strong>alia</strong></span> <span class='ocrx_word' id='word_1_239' title='bbox 983 2974 1183 3026; x_wconf 87' lang='lat' dir='ltr'><strong>omnia.</strong></span> <span class='ocrx_word' id='word_1_240' title='bbox 1214 2972 1344 3037; x_wconf 86' lang='lat' dir='ltr'><strong>Quia</strong></span> <span class='ocrx_word' id='word_1_241' title='bbox 1378 2972 1519 3026; x_wconf 86' lang='lat' dir='ltr'><strong>enim</strong></span> <span class='ocrx_word' id='word_1_242' title='bbox 1571 2970 1741 3037; x_wconf 76' lang='lat' dir='ltr'><strong>dixit,</strong></span> <span class='ocrx_word' id='word_1_243' title='bbox 1803 2970 1949 3025; x_wconf 84' lang='lat' dir='ltr'><strong>Nudi</strong></span> <span class='ocrx_word' id='word_1_244' title='bbox 2001 2988 2173 3025; x_wconf 86' lang='lat' dir='ltr'><strong>sumus</strong></span> 
     </span>
    </p>
   </div>
   <div class='ocr_carea' id='block_1_30' title="bbox 590 3063 2170 3134">
    <p class='ocr_par' dir='ltr' id='par_1_30' title="bbox 590 3063 2170 3134">
     <span class='ocr_line' id='line_1_30' title="bbox 590 3063 2170 3134; baseline 0.001 -18"><span class='ocrx_word' id='word_1_245' title='bbox 590 3072 636 3116; x_wconf 83' lang='lat' dir='ltr'><strong>et</strong></span> <span class='ocrx_word' id='word_1_246' title='bbox 676 3063 905 3134; x_wconf 77' lang='lat' dir='ltr'><strong>Colupltis</strong></span> <span class='ocrx_word' id='word_1_247' title='bbox 958 3063 1199 3118; x_wconf 72' lang='lat' dir='ltr'><strong>ca’dinmr</strong></span> <span class='ocrx_word' id='word_1_248' title='bbox 1249 3075 1295 3118; x_wconf 85' lang='lat' dir='ltr'><strong>et</strong></span> <span class='ocrx_word' id='word_1_249' title='bbox 1354 3065 1615 3118; x_wconf 79' lang='lat' dir='ltr'><strong>instabiles</strong></span> <span class='ocrx_word' id='word_1_250' title='bbox 1659 3082 1834 3118; x_wconf 84' lang='lat' dir='ltr'><strong>sumus</strong></span> <span class='ocrx_word' id='word_1_251' title='bbox 1864 3080 1882 3117; x_wconf 86' lang='lat'><em>:</em></span> <span class='ocrx_word' id='word_1_252' title='bbox 1913 3074 1966 3118; x_wconf 80' lang='lat' dir='ltr'><strong>et</strong></span> <span class='ocrx_word' id='word_1_253' title='bbox 2011 3065 2124 3118; x_wconf 82' lang='lat' dir='ltr'><strong>ll:l:C</strong></span> <span class='ocrx_word' id='word_1_254' title='bbox 2155 3104 2170 3130; x_wconf 90' lang='lat'><strong>,</strong></span> 
     </span>
    </p>
   </div>
   <div class='ocr_carea' id='block_1_31' title="bbox 587 3156 2170 3228">
    <p class='ocr_par' dir='ltr' id='par_1_31' title="bbox 587 3156 2170 3228">
     <span class='ocr_line' id='line_1_31' title="bbox 587 3156 2170 3228; baseline 0.002 -19"><span class='ocrx_word' id='word_1_255' title='bbox 587 3156 790 3226; x_wconf 88' lang='lat' dir='ltr'><strong>inquit.</strong></span> <span class='ocrx_word' id='word_1_256' title='bbox 828 3158 1004 3210; x_wconf 83' lang='lat' dir='ltr'><strong>omnia</strong></span> <span class='ocrx_word' id='word_1_257' title='bbox 1039 3174 1133 3210; x_wconf 85' lang='lat' dir='ltr'><strong>vos</strong></span> <span class='ocrx_word' id='word_1_258' title='bbox 1159 3156 1605 3212; x_wconf 85' lang='lat' dir='ltr'><strong>commonefaciet</strong></span> <span class='ocrx_word' id='word_1_259' title='bbox 1654 3167 1709 3211; x_wconf 92' lang='lat' dir='ltr'><strong>et</strong></span> <span class='ocrx_word' id='word_1_260' title='bbox 1755 3157 1900 3228; x_wconf 82' lang='lat' dir='ltr'><strong>leges</strong></span> <span class='ocrx_word' id='word_1_261' title='bbox 1950 3157 2170 3226; x_wconf 83' lang='lat' dir='ltr'><strong>Christi,</strong></span> 
     </span>
    </p>
   </div>
   <div class='ocr_carea' id='block_1_32' title="bbox 586 3247 2175 3319">
    <p class='ocr_par' dir='ltr' id='par_1_32' title="bbox 586 3247 2175 3319">
     <span class='ocr_line' id='line_1_32' title="bbox 586 3247 2175 3319; baseline 0.001 -18"><span class='ocrx_word' id='word_1_262' title='bbox 586 3255 648 3301; x_wconf 88' lang='lat' dir='ltr'><strong>nl</strong></span> <span class='ocrx_word' id='word_1_263' title='bbox 668 3247 901 3301; x_wconf 78' lang='lat' dir='ltr'><strong>inercses</strong></span> <span class='ocrx_word' id='word_1_264' title='bbox 917 3247 1111 3302; x_wconf 85' lang='lat' dir='ltr'><strong>deleat.</strong></span> <span class='ocrx_word' id='word_1_265' title='bbox 1147 3247 1346 3301; x_wconf 84' lang='lat' dir='ltr'><strong>Deinde</strong></span> <span class='ocrx_word' id='word_1_266' title='bbox 1372 3250 1644 3318; x_wconf 76' lang='lat' dir='ltr'><strong>superiora</strong></span> <span class='ocrx_word' id='word_1_267' title='bbox 1676 3258 1926 3319; x_wconf 87' lang='lat' dir='ltr'><strong>repetens</strong></span> <span class='ocrx_word' id='word_1_268' title='bbox 1948 3248 2175 3318; x_wconf 84' lang='lat' dir='ltr'><strong>subjun-</strong></span> 
     </span>
    </p>
   </div>
   <div class='ocr_carea' id='block_1_33' title="bbox 583 3336 2177 3408">
    <p class='ocr_par' dir='ltr' id='par_1_33' title="bbox 583 3336 2177 3408">
     <span class='ocr_line' id='line_1_33' title="bbox 583 3336 2177 3408; baseline 0.003 -18"><span class='ocrx_word' id='word_1_269' title='bbox 583 3338 705 3408; x_wconf 79' lang='lat' dir='ltr'><strong>git,</strong></span> <span class='ocrx_word' id='word_1_270' title='bbox 766 3337 894 3402; x_wconf 67' lang='lat' dir='ltr'><strong>Qui:</strong></span> <span class='ocrx_word' id='word_1_271' title='bbox 943 3348 1057 3392; x_wconf 86' lang='lat' dir='ltr'><strong>sunt</strong></span> <span class='ocrx_word' id='word_1_272' title='bbox 1109 3338 1162 3391; x_wconf 87' lang='lat' dir='ltr'><strong>in</strong></span> <span class='ocrx_word' id='word_1_273' title='bbox 1210 3336 1409 3393; x_wconf 80' lang='lat' dir='ltr'><strong>Christo</strong></span> <span class='ocrx_word' id='word_1_274' title='bbox 1464 3360 1483 3395; x_wconf 82' lang='lat'><strong>.&#39;</strong></span> <span class='ocrx_word' id='word_1_275' title='bbox 1536 3341 1714 3393; x_wconf 80' lang='lat' dir='ltr'><strong>omnia</strong></span> <span class='ocrx_word' id='word_1_276' title='bbox 1768 3340 1840 3395; x_wconf 91' lang='lat' dir='ltr'><strong>uti</strong></span> <span class='ocrx_word' id='word_1_277' title='bbox 1881 3342 2018 3395; x_wconf 76' lang='lat' dir='ltr'><strong>solet</strong></span> <span class='ocrx_word' id='word_1_278' title='bbox 2075 3341 2177 3395; x_wconf 83' lang='lat' dir='ltr'><strong>Do-</strong></span> 
     </span>
    </p>
   </div>
   <div class='ocr_carea' id='block_1_34' title="bbox 591 3433 2175 3506">
    <p class='ocr_par' dir='ltr' id='par_1_34' title="bbox 591 3433 2175 3506">
     <span class='ocr_line' id='line_1_34' title="bbox 591 3433 2175 3506; baseline 0.001 -19"><span class='ocrx_word' id='word_1_279' title='bbox 591 3435 737 3488; x_wconf 88' lang='lat' dir='ltr'><strong>tnino</strong></span> <span class='ocrx_word' id='word_1_280' title='bbox 769 3433 1028 3500; x_wconf 77' lang='lat' dir='ltr'><strong>referens,</strong></span> <span class='ocrx_word' id='word_1_281' title='bbox 1053 3442 1107 3487; x_wconf 90' lang='lat' dir='ltr'><strong>et</strong></span> <span class='ocrx_word' id='word_1_282' title='bbox 1138 3433 1240 3488; x_wconf 89' lang='lat' dir='ltr'><strong>ﬁde</strong></span> <span class='ocrx_word' id='word_1_283' title='bbox 1261 3434 1417 3504; x_wconf 86' lang='lat' dir='ltr'><strong>digna</strong></span> <span class='ocrx_word' id='word_1_284' title='bbox 1446 3435 1722 3505; x_wconf 87' lang='lat' dir='ltr'><strong>sequentia</strong></span> <span class='ocrx_word' id='word_1_285' title='bbox 1747 3435 1977 3490; x_wconf 85' lang='lat' dir='ltr'><strong>reddens</strong></span> <span class='ocrx_word' id='word_1_286' title='bbox 2006 3454 2018 3489; x_wconf 93' lang='lat'>:</span> <span class='ocrx_word' id='word_1_287' title='bbox 2043 3451 2175 3506; x_wconf 88' lang='lat' dir='ltr'><strong>qna-</strong></span> 
     </span>
    </p>
   </div>
   <div class='ocr_carea' id='block_1_35' title="bbox 594 3526 2170 3599">
    <p class='ocr_par' dir='ltr' id='par_1_35' title="bbox 594 3526 2170 3599">
     <span class='ocr_line' id='line_1_35' title="bbox 594 3526 2170 3599; baseline 0.001 -19"><span class='ocrx_word' id='word_1_288' title='bbox 594 3542 655 3582; x_wconf 86' lang='lat' dir='ltr'><strong>re</strong></span> <span class='ocrx_word' id='word_1_289' title='bbox 706 3527 886 3582; x_wconf 91' lang='lat' dir='ltr'><strong>subdit</strong></span> <span class='ocrx_word' id='word_1_290' title='bbox 930 3544 943 3582; x_wconf 89' lang='lat'><strong>:</strong></span> <span class='ocrx_word' id='word_1_291' title='bbox 1000 3526 1145 3582; x_wconf 82' lang='lat' dir='ltr'><strong>Sicut</strong></span> <span class='ocrx_word' id='word_1_292' title='bbox 1197 3528 1379 3599; x_wconf 84' lang='lat' dir='ltr'><strong>ubique</strong></span> <span class='ocrx_word' id='word_1_293' title='bbox 1429 3528 1481 3581; x_wconf 86' lang='lat' dir='ltr'><strong>in</strong></span> <span class='ocrx_word' id='word_1_294' title='bbox 1537 3529 1672 3582; x_wconf 86' lang='lat' dir='ltr'><strong>omni</strong></span> <span class='ocrx_word' id='word_1_295' title='bbox 1724 3527 1955 3583; x_wconf 68' lang='lat' dir='ltr'><strong>Ecclesia</strong></span> <span class='ocrx_word' id='word_1_296' title='bbox 2000 3530 2170 3582; x_wconf 74' lang='lat' dir='ltr'><strong>doceo.</strong></span> 
     </span>
    </p>
   </div>
   <div class='ocr_carea' id='block_1_36' title="bbox 586 3616 2175 3687">
    <p class='ocr_par' dir='ltr' id='par_1_36' title="bbox 586 3616 2175 3687">
     <span class='ocr_line' id='line_1_36' title="bbox 586 3616 2175 3687; baseline -0.001 -14"><span class='ocrx_word' id='word_1_297' title='bbox 586 3617 734 3673; x_wconf 80' lang='grc' dir='ltr'><strong>Ν.1ιῑι</strong></span> <span class='ocrx_word' id='word_1_298' title='bbox 763 3617 902 3687; x_wconf 88' lang='lat' dir='ltr'><strong>apud</strong></span> <span class='ocrx_word' id='word_1_299' title='bbox 932 3633 1024 3672; x_wconf 90' lang='lat' dir='ltr'><strong>vos</strong></span> <span class='ocrx_word' id='word_1_300' title='bbox 1057 3618 1177 3671; x_wconf 90' lang='lat' dir='ltr'><strong>novi</strong></span> <span class='ocrx_word' id='word_1_301' title='bbox 1208 3616 1316 3671; x_wconf 79' lang='lat' dir='ltr'><strong>dixi</strong></span> <span class='ocrx_word' id='word_1_302' title='bbox 1349 3638 1362 3673; x_wconf 85' lang='lat'><strong>:</strong></span> <span class='ocrx_word' id='word_1_303' title='bbox 1397 3618 1585 3673; x_wconf 88' lang='lat' dir='ltr'><strong>horum</strong></span> <span class='ocrx_word' id='word_1_304' title='bbox 1632 3618 1758 3673; x_wconf 90' lang='lat' dir='ltr'><strong>mihi</strong></span> <span class='ocrx_word' id='word_1_305' title='bbox 1796 3617 2025 3673; x_wconf 73' lang='lat' dir='ltr'><strong>conscia:</strong></span> <span class='ocrx_word' id='word_1_306' title='bbox 2052 3626 2175 3672; x_wconf 88' lang='lat' dir='ltr'><strong>sunt</strong></span> 
     </span>
    </p>
   </div>
   <div class='ocr_carea' id='block_1_37' title="bbox 591 3710 2176 3779">
    <p class='ocr_par' dir='ltr' id='par_1_37' title="bbox 591 3710 2176 3779">
     <span class='ocr_line' id='line_1_37' title="bbox 591 3710 2176 3779; baseline 0.001 -15"><span class='ocrx_word' id='word_1_307' title='bbox 591 3711 811 3779; x_wconf 61' lang='lat' dir='ltr'><strong>I‘L‘lltlllm</strong></span> <span class='ocrx_word' id='word_1_308' title='bbox 840 3724 1028 3769; x_wconf 90' lang='lat' dir='ltr'><strong>omnes</strong></span> <span class='ocrx_word' id='word_1_309' title='bbox 1062 3710 1336 3765; x_wconf 65' lang='lat' dir='ltr'><strong>Ecclesiaa.</strong></span> <span class='ocrx_word' id='word_1_310' title='bbox 1370 3710 1494 3764; x_wconf 81' lang='lat' dir='ltr'><strong>Vias</strong></span> <span class='ocrx_word' id='word_1_311' title='bbox 1520 3720 1696 3764; x_wconf 89' lang='lat' dir='ltr'><strong>autem</strong></span> <span class='ocrx_word' id='word_1_312' title='bbox 1730 3711 1845 3765; x_wconf 88' lang='lat' dir='ltr'><strong>illas</strong></span> <span class='ocrx_word' id='word_1_313' title='bbox 1877 3712 1928 3767; x_wconf 91' lang='lat' dir='ltr'><strong>in</strong></span> <span class='ocrx_word' id='word_1_314' title='bbox 1960 3711 2176 3766; x_wconf 81' lang='lat' dir='ltr'><strong>Christo</strong></span> 
     </span>
    </p>
   </div>
   <div class='ocr_carea' id='block_1_38' title="bbox 587 3799 2173 3869">
    <p class='ocr_par' dir='ltr' id='par_1_38' title="bbox 587 3799 2173 3869">
     <span class='ocr_line' id='line_1_38' title="bbox 587 3799 2173 3869; baseline 0.001 -14"><span class='ocrx_word' id='word_1_315' title='bbox 587 3800 743 3867; x_wconf 76' lang='grc' dir='ltr'><strong>(Ιίι-ἱι,</strong></span> <span class='ocrx_word' id='word_1_316' title='bbox 775 3800 1064 3855; x_wconf 76' lang='lat' dir='ltr'><strong>ostendens</strong></span> <span class='ocrx_word' id='word_1_317' title='bbox 1090 3800 1207 3855; x_wconf 88' lang='lat' dir='ltr'><strong>illas</strong></span> <span class='ocrx_word' id='word_1_318' title='bbox 1238 3799 1368 3854; x_wconf 86' lang='lat' dir='ltr'><strong>nihil</strong></span> <span class='ocrx_word' id='word_1_319' title='bbox 1399 3800 1688 3855; x_wconf 89' lang='lat' dir='ltr'><strong>humanum</strong></span> <span class='ocrx_word' id='word_1_320' title='bbox 1718 3801 1939 3869; x_wconf 85' lang='lat' dir='ltr'><strong>habere,</strong></span> <span class='ocrx_word' id='word_1_321' title='bbox 1970 3813 2027 3859; x_wconf 85' lang='lat' dir='ltr'><strong>et</strong></span> <span class='ocrx_word' id='word_1_322' title='bbox 2052 3818 2173 3857; x_wconf 87' lang='lat' dir='ltr'><strong>eum</strong></span> 
     </span>
    </p>
   </div>
   <div class='ocr_carea' id='block_1_39' title="bbox 588 3894 2174 3965">
    <p class='ocr_par' dir='ltr' id='par_1_39' title="bbox 588 3894 2174 3965">
     <span class='ocr_line' id='line_1_39' title="bbox 588 3894 2174 3965; baseline -0.001 -16"><span class='ocrx_word' id='word_1_323' title='bbox 588 3895 713 3964; x_wconf 80' lang='lat' dir='ltr'><strong>ejus</strong></span> <span class='ocrx_word' id='word_1_324' title='bbox 737 3894 935 3949; x_wconf 85' lang='lat' dir='ltr'><strong>auxilio</strong></span> <span class='ocrx_word' id='word_1_325' title='bbox 962 3908 1020 3948; x_wconf 86' lang='lat' dir='ltr'><strong>se</strong></span> <span class='ocrx_word' id='word_1_326' title='bbox 1061 3902 1208 3949; x_wconf 76' lang='lat' dir='ltr'><strong>recte</strong></span> <span class='ocrx_word' id='word_1_327' title='bbox 1247 3894 1424 3948; x_wconf 89' lang='lat' dir='ltr'><strong>omnia</strong></span> <span class='ocrx_word' id='word_1_328' title='bbox 1453 3910 1658 3964; x_wconf 80' lang='lat' dir='ltr'><strong>gerere.</strong></span> <span class='ocrx_word' id='word_1_329' title='bbox 1682 3894 1968 3965; x_wconf 84' lang='lat' dir='ltr'><strong>Postquam</strong></span> <span class='ocrx_word' id='word_1_330' title='bbox 1997 3906 2174 3950; x_wconf 86' lang='lat' dir='ltr'><strong>autem</strong></span> 
     </span>
    </p>
   </div>
   <div class='ocr_carea' id='block_1_40' title="bbox 595 3988 2174 4060">
    <p class='ocr_par' dir='ltr' id='par_1_40' title="bbox 595 3988 2174 4060">
     <span class='ocr_line' id='line_1_40' title="bbox 595 3988 2174 4060; baseline -0.001 -17"><span class='ocrx_word' id='word_1_331' title='bbox 595 3991 709 4044; x_wconf 65' lang='lat' dir='ltr'><strong>haec</strong></span> <span class='ocrx_word' id='word_1_332' title='bbox 734 3989 869 4044; x_wconf 89' lang='lat' dir='ltr'><strong>dixit</strong></span> <span class='ocrx_word' id='word_1_333' title='bbox 893 3997 946 4042; x_wconf 92' lang='lat' dir='ltr'><strong>et</strong></span> <span class='ocrx_word' id='word_1_334' title='bbox 978 3989 1095 4043; x_wconf 81' lang='lat' dir='ltr'><strong>illos</strong></span> <span class='ocrx_word' id='word_1_335' title='bbox 1125 3988 1368 4055; x_wconf 89' lang='lat' dir='ltr'><strong>curavit;</strong></span> <span class='ocrx_word' id='word_1_336' title='bbox 1401 4003 1752 4060; x_wconf 81' lang='lat' dir='ltr'><strong>aggressurus</strong></span> <span class='ocrx_word' id='word_1_337' title='bbox 1779 3989 2174 4044; x_wconf 88' lang='lat' dir='ltr'><strong>accusationem</strong></span> 
     </span>
    </p>
   </div>
   <div class='ocr_carea' id='block_1_41' title="bbox 594 4082 2173 4151">
    <p class='ocr_par' dir='ltr' id='par_1_41' title="bbox 594 4082 2173 4151">
     <span class='ocr_line' id='line_1_41' title="bbox 594 4082 2173 4151; baseline 0.001 -16"><span class='ocrx_word' id='word_1_338' title='bbox 594 4082 956 4146; x_wconf 76' lang='lat' dir='ltr'><strong>tornicatoris,</strong></span> <span class='ocrx_word' id='word_1_339' title='bbox 990 4097 1174 4136; x_wconf 84' lang='lat' dir='ltr'><strong>rursus</strong></span> <span class='ocrx_word' id='word_1_340' title='bbox 1204 4083 1280 4135; x_wconf 87' lang='lat' dir='ltr'><strong>ira</strong></span> <span class='ocrx_word' id='word_1_341' title='bbox 1311 4082 1495 4151; x_wconf 83' lang='lat' dir='ltr'><strong>plenos</strong></span> <span class='ocrx_word' id='word_1_342' title='bbox 1522 4096 1798 4137; x_wconf 87' lang='lat' dir='ltr'><strong>sermones</strong></span> <span class='ocrx_word' id='word_1_343' title='bbox 1823 4082 2038 4149; x_wconf 88' lang='lat' dir='ltr'><strong>emittit,</strong></span> <span class='ocrx_word' id='word_1_344' title='bbox 2069 4097 2173 4136; x_wconf 91' lang='lat' dir='ltr'><strong>non</strong></span> 
     </span>
    </p>
   </div>
   <div class='ocr_carea' id='block_1_42' title="bbox 594 4171 2176 4243">
    <p class='ocr_par' dir='ltr' id='par_1_42' title="bbox 594 4171 2176 4243">
     <span class='ocr_line' id='line_1_42' title="bbox 594 4171 2176 4243; baseline 0.001 -16"><span class='ocrx_word' id='word_1_345' title='bbox 594 4173 736 4236; x_wconf 77' lang='lat' dir='ltr'><strong>quod</strong></span> <span class='ocrx_word' id='word_1_346' title='bbox 761 4173 849 4227; x_wconf 87' lang='lat' dir='ltr'><strong>ille</strong></span> <span class='ocrx_word' id='word_1_347' title='bbox 878 4173 949 4226; x_wconf 88' lang='lat' dir='ltr'><strong>ita</strong></span> <span class='ocrx_word' id='word_1_348' title='bbox 994 4171 1215 4227; x_wconf 82' lang='lat' dir='ltr'><strong>atfectus</strong></span> <span class='ocrx_word' id='word_1_349' title='bbox 1255 4182 1418 4236; x_wconf 87' lang='lat' dir='ltr'><strong>esset,</strong></span> <span class='ocrx_word' id='word_1_350' title='bbox 1450 4171 1546 4228; x_wconf 90' lang='lat' dir='ltr'><strong>sed</strong></span> <span class='ocrx_word' id='word_1_351' title='bbox 1574 4181 1633 4227; x_wconf 90' lang='lat' dir='ltr'><strong>ut</strong></span> <span class='ocrx_word' id='word_1_352' title='bbox 1672 4173 1794 4228; x_wconf 85' lang='lat' dir='ltr'><strong>illos</strong></span> <span class='ocrx_word' id='word_1_353' title='bbox 1827 4173 2091 4243; x_wconf 81' lang='lat' dir='ltr'><strong>corrigat;</strong></span> <span class='ocrx_word' id='word_1_354' title='bbox 2122 4181 2176 4228; x_wconf 86' lang='lat' dir='ltr'><strong>et</strong></span> 
     </span>
    </p>
   </div>
   <div class='ocr_carea' id='block_1_43' title="bbox 595 4263 2175 4337">
    <p class='ocr_par' dir='ltr' id='par_1_43' title="bbox 595 4263 2175 4337">
     <span class='ocr_line' id='line_1_43' title="bbox 595 4263 2175 4337; baseline 0.003 -20"><span class='ocrx_word' id='word_1_355' title='bbox 595 4265 917 4318; x_wconf 73' lang='lat' dir='ltr'><strong>fornicatore</strong></span> <span class='ocrx_word' id='word_1_356' title='bbox 947 4263 1189 4330; x_wconf 86' lang='lat' dir='ltr'><strong>dimisso,</strong></span> <span class='ocrx_word' id='word_1_357' title='bbox 1219 4265 1354 4320; x_wconf 86' lang='lat' dir='ltr'><strong>alios</strong></span> <span class='ocrx_word' id='word_1_358' title='bbox 1381 4265 1689 4334; x_wconf 80' lang='lat' dir='ltr'><strong>alloquitur,</strong></span> <span class='ocrx_word' id='word_1_359' title='bbox 1723 4281 1790 4320; x_wconf 91' lang='lat' dir='ltr'><strong>ne</strong></span> <span class='ocrx_word' id='word_1_360' title='bbox 1819 4267 1930 4321; x_wconf 89' lang='lat' dir='ltr'><strong>suis</strong></span> <span class='ocrx_word' id='word_1_361' title='bbox 1959 4266 2175 4337; x_wconf 88' lang='lat' dir='ltr'><strong>quidem</strong></span> 
     </span>
    </p>
   </div>
   <div class='ocr_carea' id='block_1_44' title="bbox 592 4355 2174 4428">
    <p class='ocr_par' dir='ltr' id='par_1_44' title="bbox 592 4355 2174 4428">
     <span class='ocr_line' id='line_1_44' title="bbox 592 4355 2174 4428; baseline 0.002 -19"><span class='ocrx_word' id='word_1_362' title='bbox 592 4356 769 4410; x_wconf 77' lang='lat' dir='ltr'><strong>verbis</strong></span> <span class='ocrx_word' id='word_1_363' title='bbox 795 4355 1012 4427; x_wconf 86' lang='lat' dir='ltr'><strong>dignum</strong></span> <span class='ocrx_word' id='word_1_364' title='bbox 1045 4357 1190 4411; x_wconf 91' lang='lat' dir='ltr'><strong>illum</strong></span> <span class='ocrx_word' id='word_1_365' title='bbox 1226 4356 1475 4426; x_wconf 86' lang='lat' dir='ltr'><strong>judicans</strong></span> <span class='ocrx_word' id='word_1_366' title='bbox 1502 4373 1515 4410; x_wconf 92' lang='lat'><strong>:</strong></span> <span class='ocrx_word' id='word_1_367' title='bbox 1546 4357 1688 4424; x_wconf 86' lang='lat' dir='ltr'><strong>quod</strong></span> <span class='ocrx_word' id='word_1_368' title='bbox 1718 4372 1841 4427; x_wconf 85' lang='lat' dir='ltr'><strong>erga</strong></span> <span class='ocrx_word' id='word_1_369' title='bbox 1872 4373 2058 4412; x_wconf 84' lang='lat' dir='ltr'><strong>servos</strong></span> <span class='ocrx_word' id='word_1_370' title='bbox 2085 4359 2174 4428; x_wconf 89' lang='lat' dir='ltr'><strong>qui</strong></span> 
     </span>
    </p>
   </div>
   <div class='ocr_carea' id='block_1_45' title="bbox 592 4446 2172 4519">
    <p class='ocr_par' dir='ltr' id='par_1_45' title="bbox 592 4446 2172 4519">
     <span class='ocr_line' id='line_1_45' title="bbox 592 4446 2172 4519; baseline 0.003 -19"><span class='ocrx_word' id='word_1_371' title='bbox 592 4447 878 4500; x_wconf 88' lang='lat' dir='ltr'><strong>admodum</strong></span> <span class='ocrx_word' id='word_1_372' title='bbox 909 4446 1247 4501; x_wconf 78' lang='lat' dir='ltr'><strong>offenderunt</strong></span> <span class='ocrx_word' id='word_1_373' title='bbox 1286 4446 1461 4502; x_wconf 81' lang='lat' dir='ltr'><strong>facere</strong></span> <span class='ocrx_word' id='word_1_374' title='bbox 1490 4448 1743 4505; x_wconf 88' lang='lat' dir='ltr'><strong>solemus.</strong></span> <span class='ocrx_word' id='word_1_375' title='bbox 1778 4449 1845 4502; x_wconf 87' lang='lat' dir='ltr'><strong>Et</strong></span> <span class='ocrx_word' id='word_1_376' title='bbox 1871 4451 1990 4519; x_wconf 85' lang='lat' dir='ltr'><strong>quia</strong></span> <span class='ocrx_word' id='word_1_377' title='bbox 2019 4450 2172 4516; x_wconf 85' lang='lat' dir='ltr'><strong>dixit,</strong></span> 
     </span>
    </p>
   </div>
   <div class='ocr_carea' id='block_1_46' title="bbox 594 4537 2176 4608">
    <p class='ocr_par' dir='ltr' id='par_1_46' title="bbox 594 4537 2176 4608">
     <span class='ocr_line' id='line_1_46' title="bbox 594 4537 2176 4608; baseline 0.003 -16"><span class='ocrx_word' id='word_1_378' title='bbox 594 4537 933 4592; x_wconf 82' lang='lat' dir='ltr'><strong>Timotheum</strong></span> <span class='ocrx_word' id='word_1_379' title='bbox 966 4538 1156 4601; x_wconf 91' lang='lat' dir='ltr'><strong>mitto;</strong></span> <span class='ocrx_word' id='word_1_380' title='bbox 1188 4553 1255 4592; x_wconf 89' lang='lat' dir='ltr'><strong>ne</strong></span> <span class='ocrx_word' id='word_1_381' title='bbox 1298 4537 1418 4591; x_wconf 89' lang='lat' dir='ltr'><strong>ideo</strong></span> <span class='ocrx_word' id='word_1_382' title='bbox 1446 4540 1721 4608; x_wconf 81' lang='lat' dir='ltr'><strong>segniores</strong></span> <span class='ocrx_word' id='word_1_383' title='bbox 1751 4541 1979 4595; x_wconf 71' lang='lat' dir='ltr'><strong>eiadant</strong></span> <span class='ocrx_word' id='word_1_384' title='bbox 2003 4583 2016 4604; x_wconf 92' lang='lat'><strong>,</strong></span> <span class='ocrx_word' id='word_1_385' title='bbox 2054 4542 2176 4596; x_wconf 88' lang='lat' dir='ltr'><strong>vide</strong></span> 
     </span>
    </p>
   </div>
   <div class='ocr_carea' id='block_1_47' title="bbox 592 4626 2176 4698">
    <p class='ocr_par' dir='ltr' id='par_1_47' title="bbox 592 4626 2176 4698">
     <span class='ocr_line' id='line_1_47' title="bbox 592 4626 2176 4698; baseline 0.005 -19"><span class='ocrx_word' id='word_1_386' title='bbox 592 4627 718 4698; x_wconf 87' lang='lat' dir='ltr'><strong>quid</strong></span> <span class='ocrx_word' id='word_1_387' title='bbox 746 4628 887 4681; x_wconf 90' lang='lat' dir='ltr'><strong>dicat</strong></span> <span class='ocrx_word' id='word_1_388' title='bbox 919 4646 932 4681; x_wconf 89' lang='lat'><strong>:</strong></span> <span class='ocrx_word' id='word_1_389' title='bbox 966 4626 1250 4697; x_wconf 84' lang='lat' dir='ltr'><strong>Tamquam</strong></span> <span class='ocrx_word' id='word_1_390' title='bbox 1291 4644 1393 4681; x_wconf 85' lang='lat' dir='ltr'><strong>non</strong></span> <span class='ocrx_word' id='word_1_391' title='bbox 1438 4640 1675 4684; x_wconf 82' lang='lat' dir='ltr'><strong>venturus</strong></span> <span class='ocrx_word' id='word_1_392' title='bbox 1717 4632 1812 4684; x_wconf 88' lang='lat' dir='ltr'><strong>sim</strong></span> <span class='ocrx_word' id='word_1_393' title='bbox 1857 4632 1924 4684; x_wconf 86' lang='lat' dir='ltr'><strong>ad</strong></span> <span class='ocrx_word' id='word_1_394' title='bbox 1951 4648 2037 4688; x_wconf 78' lang='lat' dir='ltr'><strong>vos</strong></span> <span class='ocrx_word' id='word_1_395' title='bbox 2057 4675 2070 4697; x_wconf 92' lang='lat'><strong>,</strong></span> <span class='ocrx_word' id='word_1_396' title='bbox 2101 4635 2176 4688; x_wconf 87' lang='lat' dir='ltr'><strong>sic</strong></span> 
     </span>
    </p>
   </div>
   <div class='ocr_carea' id='block_1_48' title="bbox 590 4717 2177 4795">
    <p class='ocr_par' dir='ltr' id='par_1_48' title="bbox 590 4717 2177 4795">
     <span class='ocr_line' id='line_1_48' title="bbox 590 4717 2177 4795; baseline 0.006 -24"><span class='ocrx_word' id='word_1_397' title='bbox 590 4718 761 4786; x_wconf 71' lang='lat' dir='ltr'><strong>inﬂati</strong></span> <span class='ocrx_word' id='word_1_398' title='bbox 803 4728 919 4771; x_wconf 81' lang='lat' dir='ltr'><strong>sunt</strong></span> <span class='ocrx_word' id='word_1_399' title='bbox 963 4717 1187 4787; x_wconf 83' lang='lat' dir='ltr'><strong>quidam.</strong></span> <span class='ocrx_word' id='word_1_400' title='bbox 1232 4718 1325 4773; x_wconf 88' lang='lat' dir='ltr'><strong>His</strong></span> <span class='ocrx_word' id='word_1_401' title='bbox 1350 4720 1491 4774; x_wconf 91' lang='lat' dir='ltr'><strong>enim</strong></span> <span class='ocrx_word' id='word_1_402' title='bbox 1522 4732 1577 4775; x_wconf 85' lang='lat' dir='ltr'><strong>et</strong></span> <span class='ocrx_word' id='word_1_403' title='bbox 1606 4722 1726 4777; x_wconf 86' lang='lat' dir='ltr'><strong>illos</strong></span> <span class='ocrx_word' id='word_1_404' title='bbox 1772 4725 2078 4795; x_wconf 81' lang='lat' dir='ltr'><strong>perstringit</strong></span> <span class='ocrx_word' id='word_1_405' title='bbox 2122 4737 2177 4782; x_wconf 90' lang='lat' dir='ltr'><strong>et</strong></span> 
     </span>
    </p>
   </div>
   <div class='ocr_carea' id='block_1_49' title="bbox 591 4808 2176 4887">
    <p class='ocr_par' dir='ltr' id='par_1_49' title="bbox 591 4808 2176 4887">
     <span class='ocr_line' id='line_1_49' title="bbox 591 4808 2176 4887; baseline 0.009 -26"><span class='ocrx_word' id='word_1_406' title='bbox 591 4809 729 4861; x_wconf 88' lang='lat' dir='ltr'><strong>alios</strong></span> <span class='ocrx_word' id='word_1_407' title='bbox 754 4809 1010 4880; x_wconf 79' lang='lat' dir='ltr'><strong>quosdam</strong></span> <span class='ocrx_word' id='word_1_408' title='bbox 1039 4849 1054 4874; x_wconf 93' lang='lat'><strong>,</strong></span> <span class='ocrx_word' id='word_1_409' title='bbox 1089 4808 1226 4865; x_wconf 88' lang='lat' dir='ltr'><strong>altos</strong></span> <span class='ocrx_word' id='word_1_410' title='bbox 1259 4810 1469 4866; x_wconf 90' lang='lat' dir='ltr'><strong>illorum</strong></span> <span class='ocrx_word' id='word_1_411' title='bbox 1500 4829 1689 4869; x_wconf 89' lang='lat' dir='ltr'><strong>sensus</strong></span> <span class='ocrx_word' id='word_1_412' title='bbox 1735 4818 2030 4887; x_wconf 72' lang='lat' dir='ltr'><strong>exagitans.</strong></span> <span class='ocrx_word' id='word_1_413' title='bbox 2082 4821 2176 4876; x_wconf 85' lang='lat' dir='ltr'><strong>Est</strong></span> 
     </span>
    </p>
   </div>
   <div class='ocr_carea' id='block_1_50' title="bbox 594 4900 2175 4973">
    <p class='ocr_par' dir='ltr' id='par_1_50' title="bbox 594 4900 2175 4973">
     <span class='ocr_line' id='line_1_50' title="bbox 594 4900 2175 4973; baseline 0.009 -20"><span class='ocrx_word' id='word_1_414' title='bbox 594 4905 737 4953; x_wconf 89' lang='lat' dir='ltr'><strong>enim</strong></span> <span class='ocrx_word' id='word_1_415' title='bbox 768 4900 968 4956; x_wconf 88' lang='lat' dir='ltr'><strong>crimen</strong></span> <span class='ocrx_word' id='word_1_416' title='bbox 1011 4900 1234 4970; x_wconf 86' lang='lat' dir='ltr'><strong>appetiti</strong></span> <span class='ocrx_word' id='word_1_417' title='bbox 1262 4901 1589 4973; x_wconf 80' lang='lat' dir='ltr'><strong>principatus</strong></span> <span class='ocrx_word' id='word_1_418' title='bbox 1611 4945 1627 4968; x_wconf 92' lang='lat'><strong>,</strong></span> <span class='ocrx_word' id='word_1_419' title='bbox 1658 4906 1898 4963; x_wconf 88' lang='lat' dir='ltr'><strong>absentia</strong></span> <span class='ocrx_word' id='word_1_420' title='bbox 1936 4909 2175 4967; x_wconf 87' lang='lat' dir='ltr'><strong>doctoris</strong></span> 
     </span>
    </p>
   </div>
   <div class='ocr_carea' id='block_1_51' title="bbox 591 4992 2171 5073">
    <p class='ocr_par' dir='ltr' id='par_1_51' title="bbox 591 4992 2171 5073">
     <span class='ocr_line' id='line_1_51' title="bbox 591 4992 2171 5073; baseline 0.009 -28"><span class='ocrx_word' id='word_1_421' title='bbox 591 4992 658 5045; x_wconf 83' lang='lat' dir='ltr'><strong>ad</strong></span> <span class='ocrx_word' id='word_1_422' title='bbox 688 4994 1043 5063; x_wconf 80' lang='lat' dir='ltr'><strong>arrogantiam</strong></span> <span class='ocrx_word' id='word_1_423' title='bbox 1077 4995 1172 5049; x_wconf 90' lang='lat' dir='ltr'><strong>uti.</strong></span> <span class='ocrx_word' id='word_1_424' title='bbox 1202 4995 1427 5061; x_wconf 75' lang='lat' dir='ltr'><strong>Quando</strong></span> <span class='ocrx_word' id='word_1_425' title='bbox 1449 4998 1590 5052; x_wconf 89' lang='lat' dir='ltr'><strong>enim</strong></span> <span class='ocrx_word' id='word_1_426' title='bbox 1621 4999 1829 5070; x_wconf 88' lang='lat' dir='ltr'><strong>plebem</strong></span> <span class='ocrx_word' id='word_1_427' title='bbox 1861 5003 2171 5073; x_wconf 84' lang='lat' dir='ltr'><strong>alloquitur,</strong></span> 
     </span>
    </p>
   </div>
   <div class='ocr_carea' id='block_1_52' title="bbox 596 5087 2168 5166">
    <p class='ocr_par' dir='ltr' id='par_1_52' title="bbox 596 5087 2168 5166">
     <span class='ocr_line' id='line_1_52' title="bbox 596 5087 2168 5166; baseline 0.007 -27"><span class='ocrx_word' id='word_1_428' title='bbox 596 5087 864 5158; x_wconf 71' lang='lat' dir='ltr'><strong>perpende</strong></span> <span class='ocrx_word' id='word_1_429' title='bbox 892 5088 1023 5144; x_wconf 87' lang='lat' dir='ltr'><strong>mihi</strong></span> <span class='ocrx_word' id='word_1_430' title='bbox 1052 5087 1321 5157; x_wconf 89' lang='lat' dir='ltr'><strong>quomodo</strong></span> <span class='ocrx_word' id='word_1_431' title='bbox 1341 5089 1405 5143; x_wconf 87' lang='lat' dir='ltr'><strong>ad</strong></span> <span class='ocrx_word' id='word_1_432' title='bbox 1433 5091 1691 5162; x_wconf 88' lang='lat' dir='ltr'><strong>pudorem</strong></span> <span class='ocrx_word' id='word_1_433' title='bbox 1720 5094 1933 5150; x_wconf 87' lang='lat' dir='ltr'><strong>inducat</strong></span> <span class='ocrx_word' id='word_1_434' title='bbox 1960 5114 1976 5163; x_wconf 87' lang='lat'><strong>;</strong></span> <span class='ocrx_word' id='word_1_435' title='bbox 2004 5113 2168 5166; x_wconf 72' lang='lat' dir='ltr'><strong>quam</strong></span> 
     </span>
    </p>
   </div>
   <div class='ocr_carea' id='block_1_53' title="bbox 588 5178 2172 5250">
    <p class='ocr_par' dir='ltr' id='par_1_53' title="bbox 588 5178 2172 5250">
     <span class='ocr_line' id='line_1_53' title="bbox 588 5178 2172 5250; baseline 0.006 -18"><span class='ocrx_word' id='word_1_436' title='bbox 588 5178 659 5233; x_wconf 89' lang='lat' dir='ltr'><strong>do</strong></span> <span class='ocrx_word' id='word_1_437' title='bbox 702 5188 879 5232; x_wconf 88' lang='lat' dir='ltr'><strong>autem</strong></span> <span class='ocrx_word' id='word_1_438' title='bbox 911 5194 1006 5235; x_wconf 87' lang='lat' dir='ltr'><strong>eos</strong></span> <span class='ocrx_word' id='word_1_439' title='bbox 1047 5180 1137 5250; x_wconf 89' lang='lat' dir='ltr'><strong>qui</strong></span> <span class='ocrx_word' id='word_1_440' title='bbox 1164 5179 1218 5234; x_wconf 90' lang='lat' dir='ltr'><strong>in</strong></span> <span class='ocrx_word' id='word_1_441' title='bbox 1247 5196 1405 5235; x_wconf 90' lang='lat' dir='ltr'><strong>causa</strong></span> <span class='ocrx_word' id='word_1_442' title='bbox 1438 5183 1562 5236; x_wconf 89' lang='lat' dir='ltr'><strong>tnali</strong></span> <span class='ocrx_word' id='word_1_443' title='bbox 1612 5192 1737 5238; x_wconf 89' lang='lat' dir='ltr'><strong>sunt</strong></span> <span class='ocrx_word' id='word_1_444' title='bbox 1758 5226 1773 5249; x_wconf 93' lang='lat'><strong>,</strong></span> <span class='ocrx_word' id='word_1_445' title='bbox 1804 5187 2172 5243; x_wconf 83' lang='lat' dir='ltr'><strong>vehementius</strong></span> 
     </span>
    </p>
   </div>
   <div class='ocr_carea' id='block_1_54' title="bbox 589 5269 2172 5350">
    <p class='ocr_par' dir='ltr' id='par_1_54' title="bbox 589 5269 2172 5350">
     <span class='ocr_line' id='line_1_54' title="bbox 589 5269 2172 5350; baseline 0.009 -29"><span class='ocrx_word' id='word_1_446' title='bbox 589 5272 716 5338; x_wconf 82' lang='lat' dir='ltr'><strong>agit.</strong></span> <span class='ocrx_word' id='word_1_447' title='bbox 770 5269 879 5325; x_wconf 88' lang='lat' dir='ltr'><strong>Illis</strong></span> <span class='ocrx_word' id='word_1_448' title='bbox 922 5273 1064 5327; x_wconf 83' lang='lat' dir='ltr'><strong>enim</strong></span> <span class='ocrx_word' id='word_1_449' title='bbox 1091 5271 1257 5334; x_wconf 82' lang='lat' dir='ltr'><strong>dicit,</strong></span> <span class='ocrx_word' id='word_1_450' title='bbox 1291 5274 1532 5328; x_wconf 80' lang='lat' dir='ltr'><strong>Omnium</strong></span> <span class='ocrx_word' id='word_1_451' title='bbox 1575 5278 1901 5349; x_wconf 81' lang='lat' dir='ltr'><strong>peripsema;</strong></span> <span class='ocrx_word' id='word_1_452' title='bbox 1946 5279 2172 5350; x_wconf 87' lang='lat' dir='ltr'><strong>illosque</strong></span> 
     </span>
    </p>
   </div>
   <div class='ocr_carea' id='block_1_55' title="bbox 589 5358 2171 5433">
    <p class='ocr_par' dir='ltr' id='par_1_55' title="bbox 589 5358 2171 5433">
     <span class='ocr_line' id='line_1_55' title="bbox 589 5358 2171 5433; baseline 0.008 -21"><span class='ocrx_word' id='word_1_453' title='bbox 589 5358 797 5412; x_wconf 84' lang='lat' dir='ltr'><strong>leniens</strong></span> <span class='ocrx_word' id='word_1_454' title='bbox 822 5360 988 5427; x_wconf 87' lang='lat' dir='ltr'><strong>addit,</strong></span> <span class='ocrx_word' id='word_1_455' title='bbox 1024 5361 1143 5415; x_wconf 84' lang='lat' dir='ltr'><strong>Non</strong></span> <span class='ocrx_word' id='word_1_456' title='bbox 1171 5372 1226 5416; x_wconf 87' lang='lat' dir='ltr'><strong>ut</strong></span> <span class='ocrx_word' id='word_1_457' title='bbox 1250 5366 1562 5433; x_wconf 83' lang='lat' dir='ltr'><strong>confundant</strong></span> <span class='ocrx_word' id='word_1_458' title='bbox 1588 5381 1695 5432; x_wconf 83' lang='lat' dir='ltr'><strong>vos,</strong></span> <span class='ocrx_word' id='word_1_459' title='bbox 1725 5368 1832 5422; x_wconf 74' lang='lat' dir='ltr'><strong>Itan:</strong></span> <span class='ocrx_word' id='word_1_460' title='bbox 1857 5370 2018 5423; x_wconf 77' lang='lat' dir='ltr'><strong>scribo</strong></span> <span class='ocrx_word' id='word_1_461' title='bbox 2043 5386 2064 5424; x_wconf 92' lang='lat'><strong><em>:</em></strong></span> <span class='ocrx_word' id='word_1_462' title='bbox 2090 5372 2171 5426; x_wconf 88' lang='lat' dir='ltr'><strong>his</strong></span> 
     </span>
    </p>
   </div>
   <div class='ocr_carea' id='block_1_56' title="bbox 583 5449 2171 5530">
    <p class='ocr_par' dir='ltr' id='par_1_56' title="bbox 583 5449 2171 5530">
     <span class='ocr_line' id='line_1_56' title="bbox 583 5449 2171 5530; baseline 0.008 -28"><span class='ocrx_word' id='word_1_463' title='bbox 583 5461 787 5515; x_wconf 85' lang='lat' dir='ltr'><strong>autem,</strong></span> <span class='ocrx_word' id='word_1_464' title='bbox 818 5449 1099 5521; x_wconf 82' lang='lat' dir='ltr'><strong>Tamquam</strong></span> <span class='ocrx_word' id='word_1_465' title='bbox 1123 5470 1223 5507; x_wconf 86' lang='lat' dir='ltr'><strong>non</strong></span> <span class='ocrx_word' id='word_1_466' title='bbox 1248 5467 1485 5509; x_wconf 81' lang='lat' dir='ltr'><strong>venturus</strong></span> <span class='ocrx_word' id='word_1_467' title='bbox 1511 5457 1607 5510; x_wconf 82' lang='lat' dir='ltr'><strong>sim</strong></span> <span class='ocrx_word' id='word_1_468' title='bbox 1636 5458 1705 5510; x_wconf 86' lang='lat' dir='ltr'><strong>ad</strong></span> <span class='ocrx_word' id='word_1_469' title='bbox 1727 5473 1835 5525; x_wconf 79' lang='lat' dir='ltr'><strong>vos,</strong></span> <span class='ocrx_word' id='word_1_470' title='bbox 1860 5461 2027 5530; x_wconf 77' lang='lat' dir='ltr'><strong>inﬂati</strong></span> <span class='ocrx_word' id='word_1_471' title='bbox 2054 5473 2171 5516; x_wconf 76' lang='lat' dir='ltr'><strong>sunt</strong></span> 
     </span>
    </p>
   </div>
   <div class='ocr_carea' id='block_1_57' title="bbox 587 5544 2167 5621">
    <p class='ocr_par' dir='ltr' id='par_1_57' title="bbox 587 5544 2167 5621">
     <span class='ocr_line' id='line_1_57' title="bbox 587 5544 2167 5621; baseline 0.008 -26"><span class='ocrx_word' id='word_1_472' title='bbox 587 5545 833 5611; x_wconf 86' lang='lat' dir='ltr'><strong>quidam;</strong></span> <span class='ocrx_word' id='word_1_473' title='bbox 862 5544 1152 5597; x_wconf 88' lang='lat' dir='ltr'><strong>ostendens</strong></span> <span class='ocrx_word' id='word_1_474' title='bbox 1180 5546 1400 5613; x_wconf 85' lang='lat' dir='ltr'><strong>puerilis</strong></span> <span class='ocrx_word' id='word_1_475' title='bbox 1436 5548 1600 5601; x_wconf 91' lang='lat' dir='ltr'><strong>animi</strong></span> <span class='ocrx_word' id='word_1_476' title='bbox 1627 5565 1748 5605; x_wconf 73' lang='lat' dir='ltr'><strong>esse</strong></span> <span class='ocrx_word' id='word_1_477' title='bbox 1786 5554 2167 5621; x_wconf 76' lang='lat' dir='ltr'><strong>arrogantiam.</strong></span> 
     </span>
    </p>
   </div>
   <div class='ocr_carea' id='block_1_58' title="bbox 576 5632 2172 5710">
    <p class='ocr_par' dir='ltr' id='par_1_58' title="bbox 576 5632 2172 5710">
     <span class='ocr_line' id='line_1_58' title="bbox 576 5632 2172 5710; baseline 0.01 -25"><span class='ocrx_word' id='word_1_478' title='bbox 576 5632 798 5693; x_wconf 66' lang='lat' dir='ltr'><strong>Etenim</strong></span> <span class='ocrx_word' id='word_1_479' title='bbox 827 5635 978 5704; x_wconf 91' lang='lat' dir='ltr'><strong>pueri</strong></span> <span class='ocrx_word' id='word_1_480' title='bbox 1015 5633 1253 5689; x_wconf 87' lang='lat' dir='ltr'><strong>absentia</strong></span> <span class='ocrx_word' id='word_1_481' title='bbox 1285 5638 1525 5708; x_wconf 80' lang='lat' dir='ltr'><strong>magistri</strong></span> <span class='ocrx_word' id='word_1_482' title='bbox 1566 5642 1844 5710; x_wconf 75' lang='lat' dir='ltr'><strong>segniores</strong></span> <span class='ocrx_word' id='word_1_483' title='bbox 1873 5642 2027 5698; x_wconf 81' lang='lat' dir='ltr'><strong>ﬁunt.</strong></span> <span class='ocrx_word' id='word_1_484' title='bbox 2059 5645 2172 5701; x_wconf 85' lang='lat' dir='ltr'><strong>Hoc</strong></span> 
     </span>
    </p>
   </div>
   <div class='ocr_carea' id='block_1_59' title="bbox 590 5718 2169 5798">
    <p class='ocr_par' dir='ltr' id='par_1_59' title="bbox 590 5718 2169 5798">
     <span class='ocr_line' id='line_1_59' title="bbox 590 5718 2169 5798; baseline 0.015 -27"><span class='ocrx_word' id='word_1_485' title='bbox 590 5733 714 5788; x_wconf 77' lang='lat' dir='ltr'><strong>ergo</strong></span> <span class='ocrx_word' id='word_1_486' title='bbox 738 5722 1020 5793; x_wconf 80' lang='lat' dir='ltr'><strong>indicatur,</strong></span> <span class='ocrx_word' id='word_1_487' title='bbox 1051 5736 1106 5780; x_wconf 90' lang='lat' dir='ltr'><strong>et</strong></span> <span class='ocrx_word' id='word_1_488' title='bbox 1133 5725 1273 5796; x_wconf 90' lang='lat' dir='ltr'><strong>quod</strong></span> <span class='ocrx_word' id='word_1_489' title='bbox 1301 5731 1583 5798; x_wconf 73' lang='lat' dir='ltr'><strong>praesentia</strong></span> <span class='ocrx_word' id='word_1_490' title='bbox 1616 5718 1745 5787; x_wconf 80' lang='lat' dir='ltr'><strong>satis</strong></span> <span class='ocrx_word' id='word_1_491' title='bbox 1770 5732 1840 5789; x_wconf 87' lang='lat' dir='ltr'><strong>sit</strong></span> <span class='ocrx_word' id='word_1_492' title='bbox 1866 5733 1930 5789; x_wconf 87' lang='lat' dir='ltr'><strong>ad</strong></span> <span class='ocrx_word' id='word_1_493' title='bbox 1959 5750 2169 5793; x_wconf 81' lang='lat' dir='ltr'><strong>correc-</strong></span> 
     </span>
    </p>
   </div>
   <div class='ocr_carea' id='block_1_60' title="bbox 588 5816 801 5864">
    <p class='ocr_par' dir='ltr' id='par_1_60' title="bbox 588 5816 801 5864">
     <span class='ocr_line' id='line_1_60' title="bbox 588 5816 801 5864; baseline 0.009 -2"><span class='ocrx_word' id='word_1_494' title='bbox 588 5816 801 5864; x_wconf 71' lang='lat' dir='ltr'><strong>tionem.</strong></span> 
     </span>
    </p>
   </div>
   <div class='ocr_carea' id='block_1_61' title="bbox 1310 373 3809 464">
    <p class='ocr_par' dir='ltr' id='par_1_61' title="bbox 1310 373 3809 464">
     <span class='ocr_line' id='line_1_61' title="bbox 1310 373 3809 464; baseline 0.011 -37"><span class='ocrx_word' id='word_1_495' title='bbox 1310 376 1363 427; x_wconf 86' lang='lat' dir='ltr'><strong>S.</strong></span> <span class='ocrx_word' id='word_1_496' title='bbox 1405 373 1678 430; x_wconf 64' lang='lat' dir='ltr'><strong>JOANNlS</strong></span> <span class='ocrx_word' id='word_1_497' title='bbox 1715 374 2191 435; x_wconf 74' lang='lat' dir='ltr'><strong>CHRYSOSTOMI</strong></span> <span class='ocrx_word' id='word_1_498' title='bbox 2232 380 2550 436; x_wconf 76' lang='lat' dir='ltr'><strong>ARClllEP.</strong></span> <span class='ocrx_word' id='word_1_499' title='bbox 2592 382 3124 449; x_wconf 69' lang='lat' dir='ltr'><strong>C0.\S&#39;I‘ANTINOP.</strong></span> <span class='ocrx_word' id='word_1_500' title='bbox 3728 410 3809 464; x_wconf 65' lang='lat' dir='ltr'><strong>uti</strong></span> 
     </span>
    </p>
   </div>
   <div class='ocr_carea' id='block_1_62' title="bbox 2361 496 3812 582">
    <p class='ocr_par' dir='ltr' id='par_1_62' title="bbox 2361 496 3812 582">
     <span class='ocr_line' id='line_1_62' title="bbox 2361 496 3812 582; baseline 0.018 -30"><span class='ocrx_word' id='word_1_501' title='bbox 2361 496 2415 554; x_wconf 71' lang='grc'><strong>2.</strong></span> <span class='ocrx_word' id='word_1_502' title='bbox 2455 498 2915 566; x_wconf 85' lang='lat' dir='ltr'><strong>Quemadmodum</strong></span> <span class='ocrx_word' id='word_1_503' title='bbox 2976 509 3118 561; x_wconf 89' lang='lat' dir='ltr'><strong>enim</strong></span> <span class='ocrx_word' id='word_1_504' title='bbox 3176 509 3327 566; x_wconf 85' lang='lat' dir='ltr'><strong>leone</strong></span> <span class='ocrx_word' id='word_1_505' title='bbox 3379 526 3623 582; x_wconf 65' lang='lat' dir='ltr'><strong>praesente</strong></span> <span class='ocrx_word' id='word_1_506' title='bbox 3666 524 3812 578; x_wconf 76' lang='lat' dir='ltr'><strong>omnia</strong></span> 
     </span>
    </p>
   </div>
   <div class='ocr_carea' id='block_1_63' title="bbox 2248 595 3815 677">
    <p class='ocr_par' dir='ltr' id='par_1_63' title="bbox 2248 595 3815 677">
     <span class='ocr_line' id='line_1_63' title="bbox 2248 595 3815 677; baseline 0.013 -31"><span class='ocrx_word' id='word_1_507' title='bbox 2248 640 2254 646; x_wconf 89' lang='lat'><strong>.</strong></span> <span class='ocrx_word' id='word_1_508' title='bbox 2291 598 2560 647; x_wconf 85' lang='lat' dir='ltr'><strong>terrentur</strong></span> <span class='ocrx_word' id='word_1_509' title='bbox 2586 595 2837 650; x_wconf 84' lang='lat' dir='ltr'><strong>animalia</strong></span> <span class='ocrx_word' id='word_1_510' title='bbox 2868 615 2881 651; x_wconf 88' lang='lat'><strong>:</strong></span> <span class='ocrx_word' id='word_1_511' title='bbox 2911 598 2989 652; x_wconf 90' lang='lat' dir='ltr'><strong>sic</strong></span> <span class='ocrx_word' id='word_1_512' title='bbox 3026 611 3293 677; x_wconf 62' lang='lat' dir='ltr'><strong>prasente</strong></span> <span class='ocrx_word' id='word_1_513' title='bbox 3329 602 3488 658; x_wconf 86' lang='lat' dir='ltr'><strong>Paulo</strong></span> <span class='ocrx_word' id='word_1_514' title='bbox 3515 609 3815 677; x_wconf 78' lang='lat' dir='ltr'><strong>pertimesce-</strong></span> 
     </span>
    </p>
   </div>
   <div class='ocr_carea' id='block_1_64' title="bbox 2286 680 3808 771">
    <p class='ocr_par' dir='ltr' id='par_1_64' title="bbox 2286 680 3808 771">
     <span class='ocr_line' id='line_1_64' title="bbox 2286 680 3808 771; baseline 0.016 -36"><span class='ocrx_word' id='word_1_515' title='bbox 2286 680 2414 736; x_wconf 84' lang='lat' dir='ltr'><strong>bant</strong></span> <span class='ocrx_word' id='word_1_516' title='bbox 2438 683 2474 738; x_wconf 88' lang='lat' dir='ltr'><strong>ii</strong></span> <span class='ocrx_word' id='word_1_517' title='bbox 2501 685 2590 754; x_wconf 90' lang='lat' dir='ltr'><strong>qui</strong></span> <span class='ocrx_word' id='word_1_518' title='bbox 2622 685 2912 742; x_wconf 84' lang='lat' dir='ltr'><strong>Ecclcsiam</strong></span> <span class='ocrx_word' id='word_1_519' title='bbox 2939 693 3382 762; x_wconf 80' lang='lat' dir='ltr'><strong>corrumpebant.</strong></span> <span class='ocrx_word' id='word_1_520' title='bbox 3411 696 3531 752; x_wconf 87' lang='lat' dir='ltr'><strong>Ideo</strong></span> <span class='ocrx_word' id='word_1_521' title='bbox 3554 699 3808 771; x_wconf 79' lang='lat' dir='ltr'><strong>sultjunxit:</strong></span> 
     </span>
    </p>
   </div>
   <div class='ocr_carea' id='block_1_65' title="bbox 2287 772 3814 850">
    <p class='ocr_par' dir='ltr' id='par_1_65' title="bbox 2287 772 3814 850">
     <span class='ocr_line' id='line_1_65' title="bbox 2287 772 3814 850; baseline 0.012 -21"><span class='ocrx_word' id='word_1_522' title='bbox 2287 774 2378 830; x_wconf 71' lang='lat' dir='ltr'><strong>i9.</strong></span> <span class='ocrx_word' id='word_1_523' title='bbox 2428 772 2639 830; x_wconf 86' lang='lat' dir='ltr'><strong>Veniant</strong></span> <span class='ocrx_word' id='word_1_524' title='bbox 2668 788 2838 833; x_wconf 80' lang='lat' dir='ltr'><strong>autem</strong></span> <span class='ocrx_word' id='word_1_525' title='bbox 2865 780 2965 835; x_wconf 76' lang='lat' dir='ltr'><strong>cito</strong></span> <span class='ocrx_word' id='word_1_526' title='bbox 2988 782 3056 835; x_wconf 84' lang='lat' dir='ltr'><strong>ad</strong></span> <span class='ocrx_word' id='word_1_527' title='bbox 3080 798 3166 838; x_wconf 79' lang='lat' dir='ltr'><strong>vos</strong></span> <span class='ocrx_word' id='word_1_528' title='bbox 3197 825 3213 850; x_wconf 89' lang='lat'><strong>,</strong></span> <span class='ocrx_word' id='word_1_529' title='bbox 3256 785 3300 839; x_wconf 89' lang='lat' dir='ltr'><strong>si</strong></span> <span class='ocrx_word' id='word_1_530' title='bbox 3355 784 3597 844; x_wconf 86' lang='lat' dir='ltr'><strong>Dominus</strong></span> <span class='ocrx_word' id='word_1_531' title='bbox 3618 792 3814 849; x_wconf 74' lang='lat' dir='ltr'><strong>voluerit.</strong></span> 
     </span>
    </p>
   </div>
   <div class='ocr_carea' id='block_1_66' title="bbox 2285 863 3812 951">
    <p class='ocr_par' dir='ltr' id='par_1_66' title="bbox 2285 863 3812 951">
     <span class='ocr_line' id='line_1_66' title="bbox 2285 863 3812 951; baseline 0.014 -33"><span class='ocrx_word' id='word_1_532' title='bbox 2285 863 2389 919; x_wconf 85' lang='lat' dir='ltr'><strong>Sed</strong></span> <span class='ocrx_word' id='word_1_533' title='bbox 2432 865 2534 921; x_wconf 92' lang='lat' dir='ltr'><strong>boc</strong></span> <span class='ocrx_word' id='word_1_534' title='bbox 2563 868 2734 922; x_wconf 92' lang='lat' dir='ltr'><strong>solum</strong></span> <span class='ocrx_word' id='word_1_535' title='bbox 2763 870 2943 926; x_wconf 86' lang='lat' dir='ltr'><strong>dicere</strong></span> <span class='ocrx_word' id='word_1_536' title='bbox 2967 914 2981 937; x_wconf 92' lang='lat'><strong>,</strong></span> <span class='ocrx_word' id='word_1_537' title='bbox 3009 875 3382 932; x_wconf 80' lang='lat' dir='ltr'><strong>comminantis</strong></span> <span class='ocrx_word' id='word_1_538' title='bbox 3407 893 3522 935; x_wconf 82' lang='lat' dir='ltr'><strong>esse</strong></span> <span class='ocrx_word' id='word_1_539' title='bbox 3546 880 3812 951; x_wconf 79' lang='lat' dir='ltr'><strong>videbatur;</strong></span> 
     </span>
    </p>
   </div>
   <div class='ocr_carea' id='block_1_67' title="bbox 2284 960 3816 1042">
    <p class='ocr_par' dir='ltr' id='par_1_67' title="bbox 2284 960 3816 1042">
     <span class='ocr_line' id='line_1_67' title="bbox 2284 960 3816 1042; baseline 0.012 -31"><span class='ocrx_word' id='word_1_540' title='bbox 2284 973 2506 1029; x_wconf 89' lang='lat' dir='ltr'><strong>operum</strong></span> <span class='ocrx_word' id='word_1_541' title='bbox 2535 970 2712 1014; x_wconf 90' lang='lat' dir='ltr'><strong>autem</strong></span> <span class='ocrx_word' id='word_1_542' title='bbox 2738 960 3248 1022; x_wconf 87' lang='lat' dir='ltr'><strong>demonstrationem</strong></span> <span class='ocrx_word' id='word_1_543' title='bbox 3273 977 3325 1023; x_wconf 90' lang='lat' dir='ltr'><strong>et</strong></span> <span class='ocrx_word' id='word_1_544' title='bbox 3353 970 3519 1039; x_wconf 89' lang='lat' dir='ltr'><strong>ipsum</strong></span> <span class='ocrx_word' id='word_1_545' title='bbox 3545 977 3816 1042; x_wconf 82' lang='lat' dir='ltr'><strong>promittere</strong></span> 
     </span>
    </p>
   </div>
   <div class='ocr_carea' id='block_1_68' title="bbox 2282 1049 3812 1127">
    <p class='ocr_par' dir='ltr' id='par_1_68' title="bbox 2282 1049 3812 1127">
     <span class='ocr_line' id='line_1_68' title="bbox 2282 1049 3812 1127; baseline 0.011 -24"><span class='ocrx_word' id='word_1_546' title='bbox 2282 1058 2336 1103; x_wconf 89' lang='lat' dir='ltr'><strong>et</strong></span> <span class='ocrx_word' id='word_1_547' title='bbox 2363 1049 2431 1103; x_wconf 91' lang='lat' dir='ltr'><strong>ab</strong></span> <span class='ocrx_word' id='word_1_548' title='bbox 2459 1050 2563 1105; x_wconf 88' lang='lat' dir='ltr'><strong>illis</strong></span> <span class='ocrx_word' id='word_1_549' title='bbox 2590 1053 2827 1123; x_wconf 75' lang='lat' dir='ltr'><strong>exigere,</strong></span> <span class='ocrx_word' id='word_1_550' title='bbox 2858 1053 2961 1111; x_wconf 91' lang='lat' dir='ltr'><strong>hoc</strong></span> <span class='ocrx_word' id='word_1_551' title='bbox 2984 1058 3159 1127; x_wconf 81' lang='lat' dir='ltr'><strong>magni</strong></span> <span class='ocrx_word' id='word_1_552' title='bbox 3188 1069 3240 1113; x_wconf 93' lang='lat' dir='ltr'><strong>et</strong></span> <span class='ocrx_word' id='word_1_553' title='bbox 3269 1059 3505 1115; x_wconf 73' lang='lat' dir='ltr'><strong>sublimis</strong></span> <span class='ocrx_word' id='word_1_554' title='bbox 3526 1074 3633 1118; x_wconf 87' lang='lat' dir='ltr'><strong>erat</strong></span> <span class='ocrx_word' id='word_1_555' title='bbox 3660 1066 3812 1121; x_wconf 88' lang='lat' dir='ltr'><strong>animi.</strong></span> 
     </span>
    </p>
   </div>
   <div class='ocr_carea' id='block_1_69' title="bbox 2282 1142 3813 1226">
    <p class='ocr_par' dir='ltr' id='par_1_69' title="bbox 2282 1142 3813 1226">
     <span class='ocr_line' id='line_1_69' title="bbox 2282 1142 3813 1226; baseline 0.012 -32"><span class='ocrx_word' id='word_1_556' title='bbox 2282 1142 2641 1209; x_wconf 86' lang='lat' dir='ltr'><strong>Quamobrem</strong></span> <span class='ocrx_word' id='word_1_557' title='bbox 2679 1155 2732 1200; x_wconf 89' lang='lat' dir='ltr'><strong>et</strong></span> <span class='ocrx_word' id='word_1_558' title='bbox 2760 1144 2860 1201; x_wconf 90' lang='lat' dir='ltr'><strong>ltoc</strong></span> <span class='ocrx_word' id='word_1_559' title='bbox 2886 1148 3180 1217; x_wconf 89' lang='lat' dir='ltr'><strong>subjunxit,</strong></span> <span class='ocrx_word' id='word_1_560' title='bbox 3204 1151 3386 1208; x_wconf 88' lang='lat' dir='ltr'><strong>dicens</strong></span> <span class='ocrx_word' id='word_1_561' title='bbox 3412 1170 3426 1205; x_wconf 92' lang='lat'>:</span> <span class='ocrx_word' id='word_1_562' title='bbox 3456 1153 3518 1209; x_wconf 81' lang='lat' dir='ltr'><strong>Et</strong></span> <span class='ocrx_word' id='word_1_563' title='bbox 3537 1172 3813 1226; x_wconf 79' lang='lat' dir='ltr'><strong>cognoscam,</strong></span> 
     </span>
    </p>
   </div>
   <div class='ocr_carea' id='block_1_70' title="bbox 2282 1242 3814 1316">
    <p class='ocr_par' dir='ltr' id='par_1_70' title="bbox 2282 1242 3814 1316">
     <span class='ocr_line' id='line_1_70' title="bbox 2282 1242 3814 1316; baseline 0.012 -30"><span class='ocrx_word' id='word_1_564' title='bbox 2282 1251 2382 1288; x_wconf 86' lang='lat' dir='ltr'><strong>non</strong></span> <span class='ocrx_word' id='word_1_565' title='bbox 2433 1252 2710 1292; x_wconf 81' lang='lat' dir='ltr'><strong>sermonem</strong></span> <span class='ocrx_word' id='word_1_566' title='bbox 2735 1255 2909 1294; x_wconf 86' lang='lat' dir='ltr'><strong>eorum</strong></span> <span class='ocrx_word' id='word_1_567' title='bbox 2954 1242 3041 1311; x_wconf 86' lang='lat' dir='ltr'><strong>qui</strong></span> <span class='ocrx_word' id='word_1_568' title='bbox 3080 1245 3247 1315; x_wconf 80' lang='lat' dir='ltr'><strong>inﬂati</strong></span> <span class='ocrx_word' id='word_1_569' title='bbox 3291 1256 3449 1316; x_wconf 79' lang='lat' dir='ltr'><strong>sunt,</strong></span> <span class='ocrx_word' id='word_1_570' title='bbox 3480 1250 3565 1304; x_wconf 83' lang='lat' dir='ltr'><strong>sed</strong></span> <span class='ocrx_word' id='word_1_571' title='bbox 3601 1252 3814 1311; x_wconf 63' lang='lat' dir='ltr'><strong>uirtutem.</strong></span> 
     </span>
    </p>
   </div>
   <div class='ocr_carea' id='block_1_71' title="bbox 2281 1325 3815 1405">
    <p class='ocr_par' dir='ltr' id='par_1_71' title="bbox 2281 1325 3815 1405">
     <span class='ocr_line' id='line_1_71' title="bbox 2281 1325 3815 1405; baseline 0.012 -26"><span class='ocrx_word' id='word_1_572' title='bbox 2281 1325 2395 1380; x_wconf 90' lang='lat' dir='ltr'><strong>Non</strong></span> <span class='ocrx_word' id='word_1_573' title='bbox 2423 1329 2564 1382; x_wconf 89' lang='lat' dir='ltr'><strong>enim</strong></span> <span class='ocrx_word' id='word_1_574' title='bbox 2596 1345 2661 1383; x_wconf 81' lang='lat' dir='ltr'><strong>ex</strong></span> <span class='ocrx_word' id='word_1_575' title='bbox 2692 1332 2921 1401; x_wconf 88' lang='lat' dir='ltr'><strong>propriis</strong></span> <span class='ocrx_word' id='word_1_576' title='bbox 2950 1344 3095 1391; x_wconf 91' lang='lat' dir='ltr'><strong>recte</strong></span> <span class='ocrx_word' id='word_1_577' title='bbox 3136 1336 3288 1391; x_wconf 85' lang='lat' dir='ltr'><strong>factis</strong></span> <span class='ocrx_word' id='word_1_578' title='bbox 3317 1379 3334 1405; x_wconf 95' lang='lat'><strong>,</strong></span> <span class='ocrx_word' id='word_1_579' title='bbox 3362 1338 3455 1395; x_wconf 89' lang='lat' dir='ltr'><strong>sed</strong></span> <span class='ocrx_word' id='word_1_580' title='bbox 3499 1354 3563 1395; x_wconf 80' lang='lat' dir='ltr'><strong>ex</strong></span> <span class='ocrx_word' id='word_1_581' title='bbox 3615 1341 3815 1398; x_wconf 81' lang='lat' dir='ltr'><strong>doctoris</strong></span> 
     </span>
    </p>
   </div>
   <div class='ocr_carea' id='block_1_72' title="bbox 2280 1418 3815 1503">
    <p class='ocr_par' dir='ltr' id='par_1_72' title="bbox 2280 1418 3815 1503">
     <span class='ocr_line' id='line_1_72' title="bbox 2280 1418 3815 1503; baseline 0.013 -34"><span class='ocrx_word' id='word_1_582' title='bbox 2280 1418 2519 1473; x_wconf 88' lang='lat' dir='ltr'><strong>absentia</strong></span> <span class='ocrx_word' id='word_1_583' title='bbox 2538 1419 2755 1476; x_wconf 88' lang='lat' dir='ltr'><strong>suborta</strong></span> <span class='ocrx_word' id='word_1_584' title='bbox 2780 1432 2897 1477; x_wconf 87' lang='lat' dir='ltr'><strong>erat</strong></span> <span class='ocrx_word' id='word_1_585' title='bbox 2915 1427 3216 1497; x_wconf 78' lang='lat' dir='ltr'><strong>arrogantia</strong></span> <span class='ocrx_word' id='word_1_586' title='bbox 3249 1446 3263 1482; x_wconf 92' lang='lat'><strong>:</strong></span> <span class='ocrx_word' id='word_1_587' title='bbox 3291 1429 3428 1498; x_wconf 90' lang='lat' dir='ltr'><strong>quod</strong></span> <span class='ocrx_word' id='word_1_588' title='bbox 3453 1431 3616 1501; x_wconf 92' lang='lat' dir='ltr'><strong>ipsum</strong></span> <span class='ocrx_word' id='word_1_589' title='bbox 3637 1448 3815 1503; x_wconf 84' lang='lat' dir='ltr'><strong>quoque</strong></span> 
     </span>
    </p>
   </div>
   <div class='ocr_carea' id='block_1_73' title="bbox 2280 1510 3810 1591">
    <p class='ocr_par' dir='ltr' id='par_1_73' title="bbox 2280 1510 3810 1591">
     <span class='ocr_line' id='line_1_73' title="bbox 2280 1510 3810 1591; baseline 0.012 -29"><span class='ocrx_word' id='word_1_590' title='bbox 2280 1510 2442 1563; x_wconf 87' lang='lat' dir='ltr'><strong>animi</strong></span> <span class='ocrx_word' id='word_1_591' title='bbox 2472 1521 2587 1566; x_wconf 87' lang='lat' dir='ltr'><strong>erat</strong></span> <span class='ocrx_word' id='word_1_592' title='bbox 2612 1511 2975 1584; x_wconf 75' lang='lat' dir='ltr'><strong>despicientia.</strong></span> <span class='ocrx_word' id='word_1_593' title='bbox 3021 1518 3146 1575; x_wconf 86' lang='lat' dir='ltr'><strong>Ideo</strong></span> <span class='ocrx_word' id='word_1_594' title='bbox 3170 1535 3291 1575; x_wconf 91' lang='lat' dir='ltr'><strong>cum</strong></span> <span class='ocrx_word' id='word_1_595' title='bbox 3313 1522 3569 1591; x_wconf 75' lang='lat' dir='ltr'><strong>dixisset,</strong></span> <span class='ocrx_word' id='word_1_596' title='bbox 3599 1525 3707 1580; x_wconf 73' lang='lat' dir='ltr'><strong>Misi</strong></span> <span class='ocrx_word' id='word_1_597' title='bbox 3743 1525 3810 1581; x_wconf 65' lang='grc' dir='ltr'><strong>τιν</strong></span> 
     </span>
    </p>
   </div>
   <div class='ocr_carea' id='block_1_74' title="bbox 2282 1603 3812 1689">
    <p class='ocr_par' dir='ltr' id='par_1_74' title="bbox 2282 1603 3812 1689">
     <span class='ocr_line' id='line_1_74' title="bbox 2282 1603 3812 1689; baseline 0.014 -35"><span class='ocrx_word' id='word_1_598' title='bbox 2282 1603 2535 1656; x_wconf 71' lang='grc' dir='ltr'><strong>υιοιΙιενιηι</strong></span> <span class='ocrx_word' id='word_1_599' title='bbox 2553 1645 2569 1669; x_wconf 87' lang='grc'><strong><em>,</em></strong></span> <span class='ocrx_word' id='word_1_600' title='bbox 2601 1622 2705 1660; x_wconf 90' lang='lat' dir='ltr'><strong>non</strong></span> <span class='ocrx_word' id='word_1_601' title='bbox 2733 1609 2912 1662; x_wconf 87' lang='lat' dir='ltr'><strong>statim</strong></span> <span class='ocrx_word' id='word_1_602' title='bbox 2941 1609 3075 1664; x_wconf 86' lang='lat' dir='ltr'><strong>dixit</strong></span> <span class='ocrx_word' id='word_1_603' title='bbox 3100 1653 3117 1677; x_wconf 90' lang='lat'><strong>,</strong></span> <span class='ocrx_word' id='word_1_604' title='bbox 3149 1611 3370 1668; x_wconf 85' lang='lat' dir='ltr'><strong>Veniam</strong></span> <span class='ocrx_word' id='word_1_605' title='bbox 3397 1656 3412 1681; x_wconf 93' lang='lat'><strong>,</strong></span> <span class='ocrx_word' id='word_1_606' title='bbox 3440 1616 3529 1672; x_wconf 86' lang='lat' dir='ltr'><strong>sed</strong></span> <span class='ocrx_word' id='word_1_607' title='bbox 3554 1634 3666 1673; x_wconf 90' lang='lat' dir='ltr'><strong>cum</strong></span> <span class='ocrx_word' id='word_1_608' title='bbox 3694 1620 3812 1689; x_wconf 80' lang='lat' dir='ltr'><strong>prius</strong></span> 
     </span>
    </p>
   </div>
   <div class='ocr_carea' id='block_1_75' title="bbox 2282 1691 3812 1775">
    <p class='ocr_par' dir='ltr' id='par_1_75' title="bbox 2282 1691 3812 1775">
     <span class='ocr_line' id='line_1_75' title="bbox 2282 1691 3812 1775; baseline 0.01 -28"><span class='ocrx_word' id='word_1_609' title='bbox 2282 1691 2427 1761; x_wconf 89' lang='lat' dir='ltr'><strong>ipsos</strong></span> <span class='ocrx_word' id='word_1_610' title='bbox 2453 1708 2763 1752; x_wconf 82' lang='lat' dir='ltr'><strong>accusasset</strong></span> <span class='ocrx_word' id='word_1_611' title='bbox 2787 1699 2929 1769; x_wconf 91' lang='lat' dir='ltr'><strong>quod</strong></span> <span class='ocrx_word' id='word_1_612' title='bbox 2949 1700 3113 1756; x_wconf 79' lang='lat' dir='ltr'><strong>innati</strong></span> <span class='ocrx_word' id='word_1_613' title='bbox 3130 1714 3332 1772; x_wconf 87' lang='lat' dir='ltr'><strong>essent,</strong></span> <span class='ocrx_word' id='word_1_614' title='bbox 3353 1715 3478 1762; x_wconf 90' lang='lat' dir='ltr'><strong>tunc</strong></span> <span class='ocrx_word' id='word_1_615' title='bbox 3496 1707 3587 1775; x_wconf 88' lang='lat' dir='ltr'><strong>ait,</strong></span> <span class='ocrx_word' id='word_1_616' title='bbox 3619 1707 3812 1763; x_wconf 76' lang='lat' dir='ltr'><strong>Veniant.</strong></span> 
     </span>
    </p>
   </div>
   <div class='ocr_carea' id='block_1_76' title="bbox 2280 1784 3814 1868">
    <p class='ocr_par' dir='ltr' id='par_1_76' title="bbox 2280 1784 3814 1868">
     <span class='ocr_line' id='line_1_76' title="bbox 2280 1784 3814 1868; baseline 0.011 -29"><span class='ocrx_word' id='word_1_617' title='bbox 2280 1784 2412 1840; x_wconf 88' lang='lat' dir='ltr'><strong>Nam</strong></span> <span class='ocrx_word' id='word_1_618' title='bbox 2442 1787 2487 1842; x_wconf 92' lang='lat' dir='ltr'><strong>si</strong></span> <span class='ocrx_word' id='word_1_619' title='bbox 2519 1799 2642 1842; x_wconf 89' lang='lat' dir='ltr'><strong>ante</strong></span> <span class='ocrx_word' id='word_1_620' title='bbox 2669 1792 3067 1848; x_wconf 89' lang='lat' dir='ltr'><strong>accusationem</strong></span> <span class='ocrx_word' id='word_1_621' title='bbox 3097 1793 3229 1850; x_wconf 91' lang='lat' dir='ltr'><strong>illud</strong></span> <span class='ocrx_word' id='word_1_622' title='bbox 3255 1799 3552 1868; x_wconf 75' lang='lat' dir='ltr'><strong>posuisset,</strong></span> <span class='ocrx_word' id='word_1_623' title='bbox 3578 1803 3814 1856; x_wconf 80' lang='lat' dir='ltr'><strong>excusatio</strong></span> 
     </span>
    </p>
   </div>
   <div class='ocr_carea' id='block_1_77' title="bbox 2283 1881 3817 1963">
    <p class='ocr_par' dir='ltr' id='par_1_77' title="bbox 2283 1881 3817 1963">
     <span class='ocr_line' id='line_1_77' title="bbox 2283 1881 3817 1963; baseline 0.012 -28"><span class='ocrx_word' id='word_1_624' title='bbox 2283 1881 2457 1949; x_wconf 88' lang='lat' dir='ltr'><strong>potius</strong></span> <span class='ocrx_word' id='word_1_625' title='bbox 2484 1884 2595 1938; x_wconf 89' lang='lat' dir='ltr'><strong>visa</strong></span> <span class='ocrx_word' id='word_1_626' title='bbox 2620 1883 2829 1951; x_wconf 88' lang='lat' dir='ltr'><strong>fuisset,</strong></span> <span class='ocrx_word' id='word_1_627' title='bbox 2864 1898 2921 1941; x_wconf 93' lang='lat' dir='ltr'><strong>ut</strong></span> <span class='ocrx_word' id='word_1_628' title='bbox 2944 1889 3033 1959; x_wconf 92' lang='lat' dir='ltr'><strong>qui</strong></span> <span class='ocrx_word' id='word_1_629' title='bbox 3065 1905 3171 1945; x_wconf 87' lang='lat' dir='ltr'><strong>non</strong></span> <span class='ocrx_word' id='word_1_630' title='bbox 3195 1892 3473 1963; x_wconf 81' lang='lat' dir='ltr'><strong>defuisset,</strong></span> <span class='ocrx_word' id='word_1_631' title='bbox 3502 1906 3673 1961; x_wconf 81' lang='lat' dir='ltr'><strong>etnon</strong></span> <span class='ocrx_word' id='word_1_632' title='bbox 3694 1914 3817 1953; x_wconf 88' lang='lat' dir='ltr'><strong>com-</strong></span> 
     </span>
    </p>
   </div>
   <div class='ocr_carea' id='block_1_78' title="bbox 2280 1974 3814 2053">
    <p class='ocr_par' dir='ltr' id='par_1_78' title="bbox 2280 1974 3814 2053">
     <span class='ocr_line' id='line_1_78' title="bbox 2280 1974 3814 2053; baseline 0.012 -25"><span class='ocrx_word' id='word_1_633' title='bbox 2280 1974 2503 2029; x_wconf 89' lang='lat' dir='ltr'><strong>minatio</strong></span> <span class='ocrx_word' id='word_1_634' title='bbox 2531 2015 2547 2041; x_wconf 94' lang='lat'><strong>,</strong></span> <span class='ocrx_word' id='word_1_635' title='bbox 2580 1992 2682 2031; x_wconf 87' lang='lat' dir='ltr'><strong>nec</strong></span> <span class='ocrx_word' id='word_1_636' title='bbox 2706 1979 2977 2035; x_wconf 90' lang='lat' dir='ltr'><strong>credibilis</strong></span> <span class='ocrx_word' id='word_1_637' title='bbox 3029 1997 3209 2038; x_wconf 89' lang='lat' dir='ltr'><strong>sermo</strong></span> <span class='ocrx_word' id='word_1_638' title='bbox 3247 1983 3437 2042; x_wconf 79' lang='lat' dir='ltr'><strong>fuisset</strong></span> <span class='ocrx_word' id='word_1_639' title='bbox 3465 2006 3480 2053; x_wconf 90' lang='lat'><strong>;</strong></span> <span class='ocrx_word' id='word_1_640' title='bbox 3511 2006 3647 2045; x_wconf 89' lang='lat' dir='ltr'><strong>nunc</strong></span> <span class='ocrx_word' id='word_1_641' title='bbox 3668 2000 3814 2047; x_wconf 84' lang='lat' dir='ltr'><strong>autem</strong></span> 
     </span>
    </p>
   </div>
   <div class='ocr_carea' id='block_1_79' title="bbox 2280 2068 3815 2152">
    <p class='ocr_par' dir='ltr' id='par_1_79' title="bbox 2280 2068 3815 2152">
     <span class='ocr_line' id='line_1_79' title="bbox 2280 2068 3815 2152; baseline 0.014 -38"><span class='ocrx_word' id='word_1_642' title='bbox 2280 2074 2402 2134; x_wconf 81' lang='lat' dir='ltr'><strong>post</strong></span> <span class='ocrx_word' id='word_1_643' title='bbox 2425 2068 2821 2125; x_wconf 87' lang='lat' dir='ltr'><strong>accusationem</strong></span> <span class='ocrx_word' id='word_1_644' title='bbox 2840 2072 3069 2142; x_wconf 88' lang='lat' dir='ltr'><strong>positum</strong></span> <span class='ocrx_word' id='word_1_645' title='bbox 3096 2073 3320 2144; x_wconf 88' lang='lat' dir='ltr'><strong>dictum,</strong></span> <span class='ocrx_word' id='word_1_646' title='bbox 3345 2088 3400 2133; x_wconf 88' lang='lat' dir='ltr'><strong>et</strong></span> <span class='ocrx_word' id='word_1_647' title='bbox 3428 2078 3530 2135; x_wconf 85' lang='lat' dir='ltr'><strong>fide</strong></span> <span class='ocrx_word' id='word_1_648' title='bbox 3554 2080 3748 2152; x_wconf 87' lang='lat' dir='ltr'><strong>dignum</strong></span> <span class='ocrx_word' id='word_1_649' title='bbox 3772 2091 3815 2136; x_wconf 83' lang='lat' dir='ltr'><strong>et</strong></span> 
     </span>
    </p>
   </div>
   <div class='ocr_carea' id='block_1_80' title="bbox 2282 2157 3814 2238">
    <p class='ocr_par' dir='ltr' id='par_1_80' title="bbox 2282 2157 3814 2238">
     <span class='ocr_line' id='line_1_80' title="bbox 2282 2157 3814 2238; baseline 0.012 -28"><span class='ocrx_word' id='word_1_650' title='bbox 2282 2157 2578 2212; x_wconf 85' lang='lat' dir='ltr'><strong>terribilem</strong></span> <span class='ocrx_word' id='word_1_651' title='bbox 2604 2160 2855 2216; x_wconf 91' lang='lat' dir='ltr'><strong>reddidit.</strong></span> <span class='ocrx_word' id='word_1_652' title='bbox 2881 2163 2949 2218; x_wconf 85' lang='lat' dir='ltr'><strong>Et</strong></span> <span class='ocrx_word' id='word_1_653' title='bbox 2973 2164 3095 2221; x_wconf 90' lang='lat' dir='ltr'><strong>vide</strong></span> <span class='ocrx_word' id='word_1_654' title='bbox 3124 2168 3243 2238; x_wconf 90' lang='lat' dir='ltr'><strong>ejus</strong></span> <span class='ocrx_word' id='word_1_655' title='bbox 3272 2170 3571 2226; x_wconf 89' lang='lat' dir='ltr'><strong>ﬁrmitatem</strong></span> <span class='ocrx_word' id='word_1_656' title='bbox 3596 2173 3814 2227; x_wconf 82' lang='lat' dir='ltr'><strong>securita-</strong></span> 
     </span>
    </p>
   </div>
   <div class='ocr_carea' id='block_1_81' title="bbox 2282 2250 3815 2330">
    <p class='ocr_par' dir='ltr' id='par_1_81' title="bbox 2282 2250 3815 2330">
     <span class='ocr_line' id='line_1_81' title="bbox 2282 2250 3815 2330; baseline 0.01 -29"><span class='ocrx_word' id='word_1_657' title='bbox 2282 2256 2515 2319; x_wconf 88' lang='lat' dir='ltr'><strong>temque.</strong></span> <span class='ocrx_word' id='word_1_658' title='bbox 2540 2250 2654 2304; x_wconf 84' lang='lat' dir='ltr'><strong>Non</strong></span> <span class='ocrx_word' id='word_1_659' title='bbox 2678 2253 2819 2307; x_wconf 89' lang='lat' dir='ltr'><strong>enim</strong></span> <span class='ocrx_word' id='word_1_660' title='bbox 2846 2256 3162 2324; x_wconf 87' lang='lat' dir='ltr'><strong>simpliciter</strong></span> <span class='ocrx_word' id='word_1_661' title='bbox 3187 2258 3346 2324; x_wconf 89' lang='lat' dir='ltr'><strong>dixit,</strong></span> <span class='ocrx_word' id='word_1_662' title='bbox 3392 2260 3609 2327; x_wconf 83' lang='lat' dir='ltr'><strong>Veniam,</strong></span> <span class='ocrx_word' id='word_1_663' title='bbox 3633 2264 3714 2318; x_wconf 82' lang='lat' dir='ltr'><strong>sed</strong></span> <span class='ocrx_word' id='word_1_664' title='bbox 3732 2306 3744 2330; x_wconf 92' lang='lat'><strong>,</strong></span> <span class='ocrx_word' id='word_1_665' title='bbox 3769 2265 3815 2319; x_wconf 86' lang='lat' dir='ltr'><strong>Si</strong></span> 
     </span>
    </p>
   </div>
   <div class='ocr_carea' id='block_1_82' title="bbox 2281 2338 3810 2423">
    <p class='ocr_par' dir='ltr' id='par_1_82' title="bbox 2281 2338 3810 2423">
     <span class='ocr_line' id='line_1_82' title="bbox 2281 2338 3810 2423; baseline 0.01 -31"><span class='ocrx_word' id='word_1_666' title='bbox 2281 2338 2528 2395; x_wconf 84' lang='lat' dir='ltr'><strong>Dominus</strong></span> <span class='ocrx_word' id='word_1_667' title='bbox 2548 2342 2757 2396; x_wconf 80' lang='lat' dir='ltr'><strong>voluerit</strong></span> <span class='ocrx_word' id='word_1_668' title='bbox 2779 2360 2797 2408; x_wconf 86' lang='lat'><strong>;</strong></span> <span class='ocrx_word' id='word_1_669' title='bbox 2825 2361 2923 2401; x_wconf 88' lang='lat' dir='ltr'><strong>nec</strong></span> <span class='ocrx_word' id='word_1_670' title='bbox 2947 2348 3157 2418; x_wconf 81' lang='lat' dir='ltr'><strong>tempds</strong></span> <span class='ocrx_word' id='word_1_671' title='bbox 3173 2352 3519 2407; x_wconf 84' lang='lat' dir='ltr'><strong>constitutum</strong></span> <span class='ocrx_word' id='word_1_672' title='bbox 3538 2356 3693 2423; x_wconf 88' lang='lat' dir='ltr'><strong>ponit.</strong></span> <span class='ocrx_word' id='word_1_673' title='bbox 3708 2356 3810 2420; x_wconf 81' lang='lat' dir='ltr'><strong>Quia</strong></span> 
     </span>
    </p>
   </div>
   <div class='ocr_carea' id='block_1_83' title="bbox 2279 2433 3810 2510">
    <p class='ocr_par' dir='ltr' id='par_1_83' title="bbox 2279 2433 3810 2510">
     <span class='ocr_line' id='line_1_83' title="bbox 2279 2433 3810 2510; baseline 0.009 -25"><span class='ocrx_word' id='word_1_674' title='bbox 2279 2433 2421 2486; x_wconf 91' lang='lat' dir='ltr'><strong>enim</strong></span> <span class='ocrx_word' id='word_1_675' title='bbox 2451 2434 2675 2503; x_wconf 79' lang='lat' dir='ltr'><strong>contigit</strong></span> <span class='ocrx_word' id='word_1_676' title='bbox 2701 2452 2822 2491; x_wconf 89' lang='lat' dir='ltr'><strong>eum</strong></span> <span class='ocrx_word' id='word_1_677' title='bbox 2861 2438 3063 2494; x_wconf 90' lang='lat' dir='ltr'><strong>tardius</strong></span> <span class='ocrx_word' id='word_1_678' title='bbox 3089 2443 3355 2499; x_wconf 88' lang='lat' dir='ltr'><strong>accedere</strong></span> <span class='ocrx_word' id='word_1_679' title='bbox 3374 2487 3390 2510; x_wconf 93' lang='lat'><strong>,</strong></span> <span class='ocrx_word' id='word_1_680' title='bbox 3419 2460 3485 2501; x_wconf 82' lang='lat' dir='ltr'><strong>ex</strong></span> <span class='ocrx_word' id='word_1_681' title='bbox 3512 2446 3701 2502; x_wconf 89' lang='lat' dir='ltr'><strong>incerto</strong></span> <span class='ocrx_word' id='word_1_682' title='bbox 3726 2447 3810 2500; x_wconf 87' lang='lat' dir='ltr'><strong>vult</strong></span> 
     </span>
    </p>
   </div>
   <div class='ocr_carea' id='block_1_84' title="bbox 2279 2523 3812 2609">
    <p class='ocr_par' dir='ltr' id='par_1_84' title="bbox 2279 2523 3812 2609">
     <span class='ocr_line' id='line_1_84' title="bbox 2279 2523 3812 2609; baseline 0.012 -32"><span class='ocrx_word' id='word_1_683' title='bbox 2279 2523 2401 2578; x_wconf 90' lang='lat' dir='ltr'><strong>illos</strong></span> <span class='ocrx_word' id='word_1_684' title='bbox 2423 2524 2612 2581; x_wconf 87' lang='lat' dir='ltr'><strong>dubios</strong></span> <span class='ocrx_word' id='word_1_685' title='bbox 2637 2529 2799 2584; x_wconf 88' lang='lat' dir='ltr'><strong>animi</strong></span> <span class='ocrx_word' id='word_1_686' title='bbox 2850 2539 2907 2585; x_wconf 88' lang='lat' dir='ltr'><strong>et</strong></span> <span class='ocrx_word' id='word_1_687' title='bbox 2948 2547 3240 2602; x_wconf 84' lang='lat' dir='ltr'><strong>suspensos</strong></span> <span class='ocrx_word' id='word_1_688' title='bbox 3272 2540 3579 2594; x_wconf 72' lang='lat' dir='ltr'><strong>tenere..l§t</strong></span> <span class='ocrx_word' id='word_1_689' title='bbox 3621 2557 3681 2595; x_wconf 87' lang='lat' dir='ltr'><strong>ne</strong></span> <span class='ocrx_word' id='word_1_690' title='bbox 3715 2556 3812 2609; x_wconf 84' lang='lat' dir='ltr'><strong>pro-</strong></span> 
     </span>
    </p>
   </div>
   <div class='ocr_carea' id='block_1_85' title="bbox 2279 2622 3811 2703">
    <p class='ocr_par' dir='ltr' id='par_1_85' title="bbox 2279 2622 3811 2703">
     <span class='ocr_line' id='line_1_85' title="bbox 2279 2622 3811 2703; baseline 0.009 -34"><span class='ocrx_word' id='word_1_691' title='bbox 2279 2626 2461 2686; x_wconf 86' lang='lat' dir='ltr'><strong>pterea</strong></span> <span class='ocrx_word' id='word_1_692' title='bbox 2487 2634 2668 2675; x_wconf 89' lang='lat' dir='ltr'><strong>rursus</strong></span> <span class='ocrx_word' id='word_1_693' title='bbox 2693 2622 3010 2688; x_wconf 88' lang='lat' dir='ltr'><strong>concidant,</strong></span> <span class='ocrx_word' id='word_1_694' title='bbox 3027 2625 3263 2692; x_wconf 88' lang='lat' dir='ltr'><strong>addidit,</strong></span> <span class='ocrx_word' id='word_1_695' title='bbox 3282 2628 3413 2684; x_wconf 80' lang='lat' dir='ltr'><strong>Cito.</strong></span> <span class='ocrx_word' id='word_1_696' title='bbox 3447 2630 3512 2686; x_wconf 81' lang='lat' dir='ltr'><strong>Et</strong></span> <span class='ocrx_word' id='word_1_697' title='bbox 3538 2648 3811 2703; x_wconf 82' lang='lat' dir='ltr'><strong>cognoscam,</strong></span> 
     </span>
    </p>
   </div>
   <div class='ocr_carea' id='block_1_86' title="bbox 2278 2716 3812 2787">
    <p class='ocr_par' dir='ltr' id='par_1_86' title="bbox 2278 2716 3812 2787">
     <span class='ocr_line' id='line_1_86' title="bbox 2278 2716 3812 2787; baseline 0.008 -25"><span class='ocrx_word' id='word_1_698' title='bbox 2278 2725 2379 2763; x_wconf 88' lang='lat' dir='ltr'><strong>non</strong></span> <span class='ocrx_word' id='word_1_699' title='bbox 2407 2726 2685 2765; x_wconf 77' lang='lat' dir='ltr'><strong>sermonem</strong></span> <span class='ocrx_word' id='word_1_700' title='bbox 2716 2728 2886 2767; x_wconf 81' lang='lat' dir='ltr'><strong>eorum</strong></span> <span class='ocrx_word' id='word_1_701' title='bbox 2905 2716 3172 2787; x_wconf 82' lang='lat' dir='ltr'><strong>quiinﬂati</strong></span> <span class='ocrx_word' id='word_1_702' title='bbox 3196 2729 3333 2786; x_wconf 85' lang='lat' dir='ltr'><strong>sunt,</strong></span> <span class='ocrx_word' id='word_1_703' title='bbox 3360 2721 3449 2775; x_wconf 81' lang='lat' dir='ltr'><strong>sed</strong></span> <span class='ocrx_word' id='word_1_704' title='bbox 3477 2723 3705 2776; x_wconf 77' lang='lat' dir='ltr'><strong>virtutem.</strong></span> <span class='ocrx_word' id='word_1_705' title='bbox 3723 2722 3768 2775; x_wconf 72' lang='grc' dir='ltr'><strong>Ν·</strong></span> <span class='ocrx_word' id='word_1_706' title='bbox 3787 2739 3812 2774; x_wconf 91' lang='lat' dir='ltr'><strong>n</strong></span> 
     </span>
    </p>
   </div>
   <div class='ocr_carea' id='block_1_87' title="bbox 2278 2798 3814 2882">
    <p class='ocr_par' dir='ltr' id='par_1_87' title="bbox 2278 2798 3814 2882">
     <span class='ocr_line' id='line_1_87' title="bbox 2278 2798 3814 2882; baseline 0.007 -29"><span class='ocrx_word' id='word_1_707' title='bbox 2278 2799 2430 2865; x_wconf 73' lang='lat' dir='ltr'><strong>dixit,</strong></span> <span class='ocrx_word' id='word_1_708' title='bbox 2455 2798 2784 2871; x_wconf 82' lang='lat' dir='ltr'><strong>Cognoscam</strong></span> <span class='ocrx_word' id='word_1_709' title='bbox 2812 2805 3147 2874; x_wconf 88' lang='lat' dir='ltr'><strong>sapientiam,</strong></span> <span class='ocrx_word' id='word_1_710' title='bbox 3177 2824 3352 2880; x_wconf 89' lang='lat' dir='ltr'><strong>neque</strong></span> <span class='ocrx_word' id='word_1_711' title='bbox 3375 2813 3553 2882; x_wconf 84' lang='lat' dir='ltr'><strong>signa;</strong></span> <span class='ocrx_word' id='word_1_712' title='bbox 3581 2814 3664 2869; x_wconf 88' lang='lat' dir='ltr'><strong>sed</strong></span> <span class='ocrx_word' id='word_1_713' title='bbox 3690 2812 3814 2882; x_wconf 79' lang='lat' dir='ltr'><strong>quid?</strong></span> 
     </span>
    </p>
   </div>
   <div class='ocr_carea' id='block_1_88' title="bbox 2280 2889 3814 2974">
    <p class='ocr_par' dir='ltr' id='par_1_88' title="bbox 2280 2889 3814 2974">
     <span class='ocr_line' id='line_1_88' title="bbox 2280 2889 3814 2974; baseline 0.008 -30"><span class='ocrx_word' id='word_1_714' title='bbox 2280 2889 2401 2945; x_wconf 84' lang='lat' dir='ltr'><strong>Non</strong></span> <span class='ocrx_word' id='word_1_715' title='bbox 2427 2908 2707 2948; x_wconf 79' lang='lat' dir='ltr'><strong>sermonem</strong></span> <span class='ocrx_word' id='word_1_716' title='bbox 2736 2911 2755 2962; x_wconf 89' lang='grc'><strong><em>;</em></strong></span> <span class='ocrx_word' id='word_1_717' title='bbox 2783 2905 2837 2950; x_wconf 92' lang='lat' dir='ltr'><strong>et</strong></span> <span class='ocrx_word' id='word_1_718' title='bbox 2865 2896 2994 2953; x_wconf 90' lang='lat' dir='ltr'><strong>illud</strong></span> <span class='ocrx_word' id='word_1_719' title='bbox 3024 2899 3233 2968; x_wconf 87' lang='lat' dir='ltr'><strong>prolato</strong></span> <span class='ocrx_word' id='word_1_720' title='bbox 3264 2905 3484 2959; x_wconf 89' lang='lat' dir='ltr'><strong>nomine</strong></span> <span class='ocrx_word' id='word_1_721' title='bbox 3503 2904 3776 2974; x_wconf 87' lang='lat' dir='ltr'><strong>deprimens</strong></span> <span class='ocrx_word' id='word_1_722' title='bbox 3800 2944 3814 2967; x_wconf 90' lang='lat'><strong>,</strong></span> 
     </span>
    </p>
   </div>
   <div class='ocr_carea' id='block_1_89' title="bbox 2278 2982 3810 3067">
    <p class='ocr_par' dir='ltr' id='par_1_89' title="bbox 2278 2982 3810 3067">
     <span class='ocr_line' id='line_1_89' title="bbox 2278 2982 3810 3067; baseline 0.011 -29"><span class='ocrx_word' id='word_1_723' title='bbox 2278 2993 2333 3038; x_wconf 87' lang='lat' dir='ltr'><strong>et</strong></span> <span class='ocrx_word' id='word_1_724' title='bbox 2359 2982 2463 3039; x_wconf 89' lang='lat' dir='ltr'><strong>hoc</strong></span> <span class='ocrx_word' id='word_1_725' title='bbox 2486 2986 2770 3043; x_wconf 77' lang='lat' dir='ltr'><strong>extollens.</strong></span> <span class='ocrx_word' id='word_1_726' title='bbox 2802 2989 2867 3043; x_wconf 78' lang='lat' dir='ltr'><strong>Et</strong></span> <span class='ocrx_word' id='word_1_727' title='bbox 2894 2989 3106 3045; x_wconf 88' lang='lat' dir='ltr'><strong>interim</strong></span> <span class='ocrx_word' id='word_1_728' title='bbox 3138 3006 3447 3050; x_wconf 88' lang='lat' dir='ltr'><strong>sermonem</strong></span> <span class='ocrx_word' id='word_1_729' title='bbox 3468 2996 3632 3067; x_wconf 88' lang='lat' dir='ltr'><strong>dirigit</strong></span> <span class='ocrx_word' id='word_1_730' title='bbox 3648 2996 3705 3051; x_wconf 89' lang='lat' dir='ltr'><strong>ad</strong></span> <span class='ocrx_word' id='word_1_731' title='bbox 3718 3010 3810 3055; x_wconf 79' lang='lat' dir='ltr'><strong>eos.</strong></span> 
     </span>
    </p>
   </div>
   <div class='ocr_carea' id='block_1_90' title="bbox 2278 3075 3815 3157">
    <p class='ocr_par' dir='ltr' id='par_1_90' title="bbox 2278 3075 3815 3157">
     <span class='ocr_line' id='line_1_90' title="bbox 2278 3075 3815 3157; baseline 0.007 -29"><span class='ocrx_word' id='word_1_732' title='bbox 2278 3075 2369 3145; x_wconf 87' lang='lat' dir='ltr'><strong>qui</strong></span> <span class='ocrx_word' id='word_1_733' title='bbox 2399 3076 2774 3134; x_wconf 82' lang='lat' dir='ltr'><strong>fornicatorem</strong></span> <span class='ocrx_word' id='word_1_734' title='bbox 2803 3079 3073 3137; x_wconf 87' lang='lat' dir='ltr'><strong>fovebant.</strong></span> <span class='ocrx_word' id='word_1_735' title='bbox 3092 3082 3224 3139; x_wconf 86' lang='lat' dir='ltr'><strong>Nam</strong></span> <span class='ocrx_word' id='word_1_736' title='bbox 3242 3085 3286 3139; x_wconf 78' lang='lat' dir='ltr'><strong>si</strong></span> <span class='ocrx_word' id='word_1_737' title='bbox 3312 3086 3460 3142; x_wconf 92' lang='lat' dir='ltr'><strong>illum</strong></span> <span class='ocrx_word' id='word_1_738' title='bbox 3478 3088 3815 3157; x_wconf 84' lang='lat' dir='ltr'><strong>alloqucretur,</strong></span> 
     </span>
    </p>
   </div>
   <div class='ocr_carea' id='block_1_91' title="bbox 2280 3168 3810 3248">
    <p class='ocr_par' dir='ltr' id='par_1_91' title="bbox 2280 3168 3810 3248">
     <span class='ocr_line' id='line_1_91' title="bbox 2280 3168 3810 3248; baseline 0.005 -27"><span class='ocrx_word' id='word_1_739' title='bbox 2280 3182 2383 3223; x_wconf 92' lang='lat' dir='ltr'><strong>non</strong></span> <span class='ocrx_word' id='word_1_740' title='bbox 2412 3168 2613 3225; x_wconf 88' lang='lat' dir='ltr'><strong>diceret</strong></span> <span class='ocrx_word' id='word_1_741' title='bbox 2639 3172 2906 3239; x_wconf 85' lang='lat' dir='ltr'><strong>virtutem,</strong></span> <span class='ocrx_word' id='word_1_742' title='bbox 2929 3174 3022 3229; x_wconf 88' lang='lat' dir='ltr'><strong>sed</strong></span> <span class='ocrx_word' id='word_1_743' title='bbox 3043 3189 3227 3245; x_wconf 87' lang='lat' dir='ltr'><strong>opera,</strong></span> <span class='ocrx_word' id='word_1_744' title='bbox 3247 3191 3370 3246; x_wconf 72' lang='lat' dir='ltr'><strong>qua:</strong></span> <span class='ocrx_word' id='word_1_745' title='bbox 3405 3190 3646 3248; x_wconf 87' lang='lat' dir='ltr'><strong>corrupta</strong></span> <span class='ocrx_word' id='word_1_746' title='bbox 3669 3185 3810 3231; x_wconf 83' lang='lat' dir='ltr'><strong>erant.</strong></span> 
     </span>
    </p>
   </div>
   <div class='ocr_carea' id='block_1_92' title="bbox 2279 3257 3812 3340">
    <p class='ocr_par' dir='ltr' id='par_1_92' title="bbox 2279 3257 3812 3340">
     <span class='ocr_line' id='line_1_92' title="bbox 2279 3257 3812 3340; baseline 0.004 -27"><span class='ocrx_word' id='word_1_747' title='bbox 2279 3257 2348 3313; x_wconf 85' lang='lat' dir='ltr'><strong>Et</strong></span> <span class='ocrx_word' id='word_1_748' title='bbox 2397 3275 2495 3314; x_wconf 85' lang='lat' dir='ltr'><strong>cur</strong></span> <span class='ocrx_word' id='word_1_749' title='bbox 2539 3276 2643 3315; x_wconf 90' lang='lat' dir='ltr'><strong>non</strong></span> <span class='ocrx_word' id='word_1_750' title='bbox 2694 3265 2892 3332; x_wconf 65' lang='lat' dir='ltr'><strong>qurcris</strong></span> <span class='ocrx_word' id='word_1_751' title='bbox 2939 3269 3437 3324; x_wconf 85' lang='lat' dir='ltr'><strong>sermonem?Non</strong></span> <span class='ocrx_word' id='word_1_752' title='bbox 3476 3269 3614 3340; x_wconf 85' lang='lat' dir='ltr'><strong>quod</strong></span> <span class='ocrx_word' id='word_1_753' title='bbox 3662 3269 3812 3324; x_wconf 80' lang='lat' dir='ltr'><strong>verbis</strong></span> 
     </span>
    </p>
   </div>
   <div class='ocr_carea' id='block_1_93' title="bbox 2277 3352 3817 3425">
    <p class='ocr_par' dir='ltr' id='par_1_93' title="bbox 2277 3352 3817 3425">
     <span class='ocr_line' id='line_1_93' title="bbox 2277 3352 3817 3425; baseline 0.007 -21"><span class='ocrx_word' id='word_1_754' title='bbox 2277 3368 2484 3421; x_wconf 86' lang='lat' dir='ltr'><strong>egeam,</strong></span> <span class='ocrx_word' id='word_1_755' title='bbox 2513 3352 2609 3409; x_wconf 86' lang='lat' dir='ltr'><strong>sed</strong></span> <span class='ocrx_word' id='word_1_756' title='bbox 2630 3357 2751 3425; x_wconf 88' lang='lat' dir='ltr'><strong>quia</strong></span> <span class='ocrx_word' id='word_1_757' title='bbox 2777 3356 2830 3410; x_wconf 92' lang='lat' dir='ltr'><strong>in</strong></span> <span class='ocrx_word' id='word_1_758' title='bbox 2863 3358 3060 3414; x_wconf 89' lang='lat' dir='ltr'><strong>virtute</strong></span> <span class='ocrx_word' id='word_1_759' title='bbox 3087 3375 3172 3415; x_wconf 87' lang='lat' dir='ltr'><strong>res</strong></span> <span class='ocrx_word' id='word_1_760' title='bbox 3206 3371 3407 3418; x_wconf 68' lang='lat' dir='ltr'><strong>nostra:</strong></span> <span class='ocrx_word' id='word_1_761' title='bbox 3435 3364 3734 3419; x_wconf 90' lang='lat' dir='ltr'><strong>consistunt.</strong></span> <span class='ocrx_word' id='word_1_762' title='bbox 3761 3360 3817 3416; x_wconf 76' lang='lat' dir='ltr'><strong>Ct</strong></span> 
     </span>
    </p>
   </div>
   <div class='ocr_carea' id='block_1_94' title="bbox 2281 3445 3816 3523">
    <p class='ocr_par' dir='ltr' id='par_1_94' title="bbox 2281 3445 3816 3523">
     <span class='ocr_line' id='line_1_94' title="bbox 2281 3445 3816 3523; baseline 0.01 -27"><span class='ocrx_word' id='word_1_763' title='bbox 2281 3445 2439 3514; x_wconf 79' lang='lat' dir='ltr'><strong>igitur</strong></span> <span class='ocrx_word' id='word_1_764' title='bbox 2462 3446 2514 3499; x_wconf 91' lang='lat' dir='ltr'><strong>in</strong></span> <span class='ocrx_word' id='word_1_765' title='bbox 2540 3447 2681 3502; x_wconf 89' lang='lat' dir='ltr'><strong>bello</strong></span> <span class='ocrx_word' id='word_1_766' title='bbox 2710 3465 2813 3503; x_wconf 91' lang='lat' dir='ltr'><strong>non</strong></span> <span class='ocrx_word' id='word_1_767' title='bbox 2844 3451 3009 3505; x_wconf 90' lang='lat' dir='ltr'><strong>multa</strong></span> <span class='ocrx_word' id='word_1_768' title='bbox 3034 3451 3370 3522; x_wconf 89' lang='lat' dir='ltr'><strong>loquentium</strong></span> <span class='ocrx_word' id='word_1_769' title='bbox 3397 3497 3413 3522; x_wconf 95' lang='lat'><strong>,</strong></span> <span class='ocrx_word' id='word_1_770' title='bbox 3445 3455 3537 3511; x_wconf 81' lang='lat' dir='ltr'><strong>sed</strong></span> <span class='ocrx_word' id='word_1_771' title='bbox 3568 3455 3717 3510; x_wconf 81' lang='lat' dir='ltr'><strong>multa</strong></span> <span class='ocrx_word' id='word_1_772' title='bbox 3743 3469 3816 3523; x_wconf 78' lang='lat' dir='ltr'><strong>pa-</strong></span> 
     </span>
    </p>
   </div>
   <div class='ocr_carea' id='block_1_95' title="bbox 2281 3536 3820 3618">
    <p class='ocr_par' dir='ltr' id='par_1_95' title="bbox 2281 3536 3820 3618">
     <span class='ocr_line' id='line_1_95' title="bbox 2281 3536 3820 3618; baseline 0.006 -30"><span class='ocrx_word' id='word_1_773' title='bbox 2281 3536 2530 3590; x_wconf 85' lang='lat' dir='ltr'><strong>trantium</strong></span> <span class='ocrx_word' id='word_1_774' title='bbox 2554 3547 2679 3592; x_wconf 89' lang='lat' dir='ltr'><strong>sunt</strong></span> <span class='ocrx_word' id='word_1_775' title='bbox 2708 3540 2957 3609; x_wconf 59' lang='lat' dir='ltr'><strong>praeclara</strong></span> <span class='ocrx_word' id='word_1_776' title='bbox 2987 3552 3134 3612; x_wconf 87' lang='lat' dir='ltr'><strong>gesta</strong></span> <span class='ocrx_word' id='word_1_777' title='bbox 3165 3562 3179 3596; x_wconf 89' lang='lat'><strong>:</strong></span> <span class='ocrx_word' id='word_1_778' title='bbox 3206 3545 3275 3599; x_wconf 86' lang='lat' dir='ltr'><strong>ita</strong></span> <span class='ocrx_word' id='word_1_779' title='bbox 3310 3546 3399 3601; x_wconf 90' lang='lat' dir='ltr'><strong>hic</strong></span> <span class='ocrx_word' id='word_1_780' title='bbox 3417 3562 3623 3618; x_wconf 85' lang='lat' dir='ltr'><strong>quoque</strong></span> <span class='ocrx_word' id='word_1_781' title='bbox 3650 3562 3741 3601; x_wconf 89' lang='lat' dir='ltr'><strong>non</strong></span> <span class='ocrx_word' id='word_1_782' title='bbox 3757 3547 3820 3598; x_wconf 84' lang='lat' dir='ltr'><strong>lo-</strong></span> 
     </span>
    </p>
   </div>
   <div class='ocr_carea' id='block_1_96' title="bbox 2280 3630 3821 3703">
    <p class='ocr_par' dir='ltr' id='par_1_96' title="bbox 2280 3630 3821 3703">
     <span class='ocr_line' id='line_1_96' title="bbox 2280 3630 3821 3703; baseline 0.004 -21"><span class='ocrx_word' id='word_1_783' title='bbox 2280 3630 2556 3696; x_wconf 86' lang='lat' dir='ltr'><strong>quentium</strong></span> <span class='ocrx_word' id='word_1_784' title='bbox 2588 3672 2603 3693; x_wconf 90' lang='lat'><strong>,</strong></span> <span class='ocrx_word' id='word_1_785' title='bbox 2634 3631 2726 3685; x_wconf 86' lang='lat' dir='ltr'><strong>sed</strong></span> <span class='ocrx_word' id='word_1_786' title='bbox 2754 3633 3092 3701; x_wconf 84' lang='lat' dir='ltr'><strong>operantium</strong></span> <span class='ocrx_word' id='word_1_787' title='bbox 3122 3645 3198 3689; x_wconf 81' lang='lat' dir='ltr'><strong>est</strong></span> <span class='ocrx_word' id='word_1_788' title='bbox 3232 3636 3479 3692; x_wconf 86' lang='lat' dir='ltr'><strong>victoria.</strong></span> <span class='ocrx_word' id='word_1_789' title='bbox 3509 3640 3677 3693; x_wconf 80' lang='lat' dir='ltr'><strong>Altum</strong></span> <span class='ocrx_word' id='word_1_790' title='bbox 3703 3635 3821 3703; x_wconf 79' lang='lat' dir='ltr'><strong>sapis</strong></span> 
     </span>
    </p>
   </div>
   <div class='ocr_carea' id='block_1_97' title="bbox 2281 3721 3811 3794">
    <p class='ocr_par' dir='ltr' id='par_1_97' title="bbox 2281 3721 3811 3794">
     <span class='ocr_line' id='line_1_97' title="bbox 2281 3721 3811 3794; baseline 0.004 -22"><span class='ocrx_word' id='word_1_791' title='bbox 2281 3721 2351 3774; x_wconf 80' lang='lat' dir='ltr'><strong>ob</strong></span> <span class='ocrx_word' id='word_1_792' title='bbox 2390 3721 2691 3775; x_wconf 87' lang='lat' dir='ltr'><strong>facundiam</strong></span> <span class='ocrx_word' id='word_1_793' title='bbox 2724 3765 2738 3789; x_wconf 93' lang='lat'><strong>,</strong></span> <span class='ocrx_word' id='word_1_794' title='bbox 2773 3723 2974 3794; x_wconf 90' lang='lat' dir='ltr'><strong>inquit;</strong></span> <span class='ocrx_word' id='word_1_795' title='bbox 3025 3725 3120 3780; x_wconf 86' lang='lat' dir='ltr'><strong>sed</strong></span> <span class='ocrx_word' id='word_1_796' title='bbox 3161 3727 3203 3780; x_wconf 92' lang='lat' dir='ltr'><strong>si</strong></span> <span class='ocrx_word' id='word_1_797' title='bbox 3264 3729 3540 3784; x_wconf 87' lang='lat' dir='ltr'><strong>rhetorum</strong></span> <span class='ocrx_word' id='word_1_798' title='bbox 3577 3737 3811 3783; x_wconf 79' lang='lat' dir='ltr'><strong>certamen</strong></span> 
     </span>
    </p>
   </div>
   <div class='ocr_carea' id='block_1_98' title="bbox 2279 3816 3821 3888">
    <p class='ocr_par' dir='ltr' id='par_1_98' title="bbox 2279 3816 3821 3888">
     <span class='ocr_line' id='line_1_98' title="bbox 2279 3816 3821 3888; baseline 0.002 -22"><span class='ocrx_word' id='word_1_799' title='bbox 2279 3823 2425 3868; x_wconf 85' lang='lat' dir='ltr'><strong>esset</strong></span> <span class='ocrx_word' id='word_1_800' title='bbox 2454 3823 2510 3868; x_wconf 89' lang='lat' dir='ltr'><strong>et</strong></span> <span class='ocrx_word' id='word_1_801' title='bbox 2538 3826 2746 3884; x_wconf 90' lang='lat' dir='ltr'><strong>tempus</strong></span> <span class='ocrx_word' id='word_1_802' title='bbox 2779 3857 2795 3882; x_wconf 95' lang='lat'><strong>,</strong></span> <span class='ocrx_word' id='word_1_803' title='bbox 2839 3824 2985 3871; x_wconf 80' lang='lat' dir='ltr'><strong>recte</strong></span> <span class='ocrx_word' id='word_1_804' title='bbox 3024 3816 3145 3872; x_wconf 88' lang='lat' dir='ltr'><strong>ideo</strong></span> <span class='ocrx_word' id='word_1_805' title='bbox 3174 3819 3265 3873; x_wconf 91' lang='lat' dir='ltr'><strong>tibi</strong></span> <span class='ocrx_word' id='word_1_806' title='bbox 3298 3820 3578 3888; x_wconf 86' lang='lat' dir='ltr'><strong>placeres;</strong></span> <span class='ocrx_word' id='word_1_807' title='bbox 3607 3820 3647 3876; x_wconf 88' lang='lat' dir='ltr'><strong>si</strong></span> <span class='ocrx_word' id='word_1_808' title='bbox 3674 3830 3821 3873; x_wconf 86' lang='lat' dir='ltr'><strong>autem</strong></span> 
     </span>
    </p>
   </div>
   <div class='ocr_carea' id='block_1_99' title="bbox 2280 3906 3822 3981">
    <p class='ocr_par' dir='ltr' id='par_1_99' title="bbox 2280 3906 3822 3981">
     <span class='ocr_line' id='line_1_99' title="bbox 2280 3906 3822 3981; baseline 0.003 -23"><span class='ocrx_word' id='word_1_809' title='bbox 2280 3906 2647 3974; x_wconf 74' lang='lat' dir='ltr'><strong>apostolorum</strong></span> <span class='ocrx_word' id='word_1_810' title='bbox 2679 3909 2958 3964; x_wconf 88' lang='lat' dir='ltr'><strong>veritatem</strong></span> <span class='ocrx_word' id='word_1_811' title='bbox 3000 3913 3437 3969; x_wconf 88' lang='lat' dir='ltr'><strong>annuntiantium</strong></span> <span class='ocrx_word' id='word_1_812' title='bbox 3463 3955 3480 3981; x_wconf 91' lang='lat'><strong>,</strong></span> <span class='ocrx_word' id='word_1_813' title='bbox 3515 3925 3568 3970; x_wconf 91' lang='lat' dir='ltr'><strong>et</strong></span> <span class='ocrx_word' id='word_1_814' title='bbox 3608 3913 3736 3968; x_wconf 87' lang='lat' dir='ltr'><strong>illam</strong></span> <span class='ocrx_word' id='word_1_815' title='bbox 3760 3910 3822 3963; x_wconf 85' lang='lat' dir='ltr'><strong>si-</strong></span> 
     </span>
    </p>
   </div>
   <div class='ocr_carea' id='block_1_100' title="bbox 2280 3996 3822 4075">
    <p class='ocr_par' dir='ltr' id='par_1_100' title="bbox 2280 3996 3822 4075">
     <span class='ocr_line' id='line_1_100' title="bbox 2280 3996 3822 4075; baseline 0.009 -26"><span class='ocrx_word' id='word_1_816' title='bbox 2280 3996 2397 4066; x_wconf 87' lang='lat' dir='ltr'><strong>guis</strong></span> <span class='ocrx_word' id='word_1_817' title='bbox 2421 3996 2852 4053; x_wconf 87' lang='lat' dir='ltr'><strong>conﬁrmantium</strong></span> <span class='ocrx_word' id='word_1_818' title='bbox 2887 4042 2903 4068; x_wconf 94' lang='lat'><strong>,</strong></span> <span class='ocrx_word' id='word_1_819' title='bbox 2950 4002 3077 4071; x_wconf 89' lang='lat' dir='ltr'><strong>quid</strong></span> <span class='ocrx_word' id='word_1_820' title='bbox 3127 4003 3333 4059; x_wconf 85' lang='lat' dir='ltr'><strong>inﬂaris</strong></span> <span class='ocrx_word' id='word_1_821' title='bbox 3361 4005 3430 4061; x_wconf 90' lang='lat' dir='ltr'><strong>de</strong></span> <span class='ocrx_word' id='word_1_822' title='bbox 3459 4022 3518 4061; x_wconf 92' lang='lat' dir='ltr'><strong>re</strong></span> <span class='ocrx_word' id='word_1_823' title='bbox 3547 4002 3784 4075; x_wconf 74' lang='lat' dir='ltr'><strong>superﬂua</strong></span> <span class='ocrx_word' id='word_1_824' title='bbox 3808 4040 3822 4063; x_wconf 72' lang='grc' dir='ltr'><strong>ς</strong></span> 
     </span>
    </p>
   </div>
   <div class='ocr_carea' id='block_1_101' title="bbox 2281 4089 3823 4167">
    <p class='ocr_par' dir='ltr' id='par_1_101' title="bbox 2281 4089 3823 4167">
     <span class='ocr_line' id='line_1_101' title="bbox 2281 4089 3823 4167; baseline 0.005 -26"><span class='ocrx_word' id='word_1_825' title='bbox 2281 4105 2399 4159; x_wconf 82' lang='lat' dir='ltr'><strong>qme</strong></span> <span class='ocrx_word' id='word_1_826' title='bbox 2428 4089 2558 4144; x_wconf 88' lang='lat' dir='ltr'><strong>nihil</strong></span> <span class='ocrx_word' id='word_1_827' title='bbox 2585 4100 2688 4157; x_wconf 88' lang='lat' dir='ltr'><strong>est,</strong></span> <span class='ocrx_word' id='word_1_828' title='bbox 2713 4100 2770 4147; x_wconf 87' lang='lat' dir='ltr'><strong>et</strong></span> <span class='ocrx_word' id='word_1_829' title='bbox 2790 4091 2855 4146; x_wconf 88' lang='lat' dir='ltr'><strong>ad</strong></span> <span class='ocrx_word' id='word_1_830' title='bbox 2884 4096 3174 4163; x_wconf 72' lang='lat' dir='ltr'><strong>prmsentia</strong></span> <span class='ocrx_word' id='word_1_831' title='bbox 3202 4096 3335 4152; x_wconf 88' lang='lat' dir='ltr'><strong>nihil</strong></span> <span class='ocrx_word' id='word_1_832' title='bbox 3365 4096 3614 4154; x_wconf 85' lang='lat' dir='ltr'><strong>conferre</strong></span> <span class='ocrx_word' id='word_1_833' title='bbox 3643 4091 3823 4167; x_wconf 77' lang='lat' dir='ltr'><strong>possit?</strong></span> 
     </span>
    </p>
   </div>
   <div class='ocr_carea' id='block_1_102' title="bbox 2280 4181 3823 4257">
    <p class='ocr_par' dir='ltr' id='par_1_102' title="bbox 2280 4181 3823 4257">
     <span class='ocr_line' id='line_1_102' title="bbox 2280 4181 3823 4257; baseline 0.005 -23"><span class='ocrx_word' id='word_1_834' title='bbox 2280 4181 2415 4247; x_wconf 88' lang='lat' dir='ltr'><strong>Quid</strong></span> <span class='ocrx_word' id='word_1_835' title='bbox 2458 4185 2601 4238; x_wconf 81' lang='lat' dir='ltr'><strong>enim</strong></span> <span class='ocrx_word' id='word_1_836' title='bbox 2638 4184 2925 4239; x_wconf 82' lang='lat' dir='ltr'><strong>verborum</strong></span> <span class='ocrx_word' id='word_1_837' title='bbox 2958 4190 3250 4242; x_wconf 84' lang='lat' dir='ltr'><strong>ostentatio</strong></span> <span class='ocrx_word' id='word_1_838' title='bbox 3280 4198 3465 4257; x_wconf 87' lang='lat' dir='ltr'><strong>posset</strong></span> <span class='ocrx_word' id='word_1_839' title='bbox 3492 4189 3557 4245; x_wconf 89' lang='lat' dir='ltr'><strong>ad</strong></span> <span class='ocrx_word' id='word_1_840' title='bbox 3588 4195 3823 4242; x_wconf 83' lang='lat' dir='ltr'><strong>mortuum</strong></span> 
     </span>
    </p>
   </div>
   <div class='ocr_carea' id='block_1_103' title="bbox 2280 4271 3821 4349">
    <p class='ocr_par' dir='ltr' id='par_1_103' title="bbox 2280 4271 3821 4349">
     <span class='ocr_line' id='line_1_103' title="bbox 2280 4271 3821 4349; baseline -0.001 -21"><span class='ocrx_word' id='word_1_841' title='bbox 2280 4274 2646 4329; x_wconf 85' lang='lat' dir='ltr'><strong>suscitandum</strong></span> <span class='ocrx_word' id='word_1_842' title='bbox 2677 4316 2695 4341; x_wconf 93' lang='lat'><strong>,</strong></span> <span class='ocrx_word' id='word_1_843' title='bbox 2737 4284 2831 4330; x_wconf 88' lang='lat' dir='ltr'><strong>aut</strong></span> <span class='ocrx_word' id='word_1_844' title='bbox 2879 4274 3154 4333; x_wconf 72' lang='lat' dir='ltr'><strong>daemones</strong></span> <span class='ocrx_word' id='word_1_845' title='bbox 3194 4278 3477 4349; x_wconf 86' lang='lat' dir='ltr'><strong>pellendos</strong></span> <span class='ocrx_word' id='word_1_846' title='bbox 3514 4322 3529 4347; x_wconf 95' lang='lat'><strong>,</strong></span> <span class='ocrx_word' id='word_1_847' title='bbox 3573 4290 3659 4335; x_wconf 87' lang='lat' dir='ltr'><strong>aut</strong></span> <span class='ocrx_word' id='word_1_848' title='bbox 3702 4271 3821 4330; x_wconf 83' lang='lat' dir='ltr'><strong>aliud</strong></span> 
     </span>
    </p>
   </div>
   <div class='ocr_carea' id='block_1_104' title="bbox 2285 4367 3822 4441">
    <p class='ocr_par' dir='ltr' id='par_1_104' title="bbox 2285 4367 3822 4441">
     <span class='ocr_line' id='line_1_104' title="bbox 2285 4367 3822 4441; baseline 0.007 -20"><span class='ocrx_word' id='word_1_849' title='bbox 2285 4367 2571 4436; x_wconf 87' lang='lat' dir='ltr'><strong>quodpiam</strong></span> <span class='ocrx_word' id='word_1_850' title='bbox 2596 4370 2909 4424; x_wconf 89' lang='lat' dir='ltr'><strong>miraculum</strong></span> <span class='ocrx_word' id='word_1_851' title='bbox 2941 4370 3275 4439; x_wconf 89' lang='lat' dir='ltr'><strong>patrandum.</strong></span> <span class='ocrx_word' id='word_1_852' title='bbox 3306 4372 3400 4428; x_wconf 83' lang='lat' dir='ltr'><strong>llis</strong></span> <span class='ocrx_word' id='word_1_853' title='bbox 3427 4388 3566 4429; x_wconf 89' lang='lat' dir='ltr'><strong>nunc</strong></span> <span class='ocrx_word' id='word_1_854' title='bbox 3592 4386 3714 4441; x_wconf 84' lang='lat' dir='ltr'><strong>opus</strong></span> <span class='ocrx_word' id='word_1_855' title='bbox 3739 4376 3822 4432; x_wconf 66' lang='grc' dir='ltr'><strong>εει,</strong></span> 
     </span>
    </p>
   </div>
   <div class='ocr_carea' id='block_1_105' title="bbox 2280 4459 3825 4535">
    <p class='ocr_par' dir='ltr' id='par_1_105' title="bbox 2280 4459 3825 4535">
     <span class='ocr_line' id='line_1_105' title="bbox 2280 4459 3825 4535; baseline 0 -21"><span class='ocrx_word' id='word_1_856' title='bbox 2280 4468 2336 4514; x_wconf 86' lang='lat' dir='ltr'><strong>et</strong></span> <span class='ocrx_word' id='word_1_857' title='bbox 2391 4475 2483 4529; x_wconf 86' lang='lat' dir='ltr'><strong>per</strong></span> <span class='ocrx_word' id='word_1_858' title='bbox 2541 4460 2654 4516; x_wconf 70' lang='lat' dir='ltr'><strong>haec</strong></span> <span class='ocrx_word' id='word_1_859' title='bbox 2705 4476 2791 4517; x_wconf 85' lang='lat' dir='ltr'><strong>res</strong></span> <span class='ocrx_word' id='word_1_860' title='bbox 2844 4472 3039 4517; x_wconf 69' lang='lat' dir='ltr'><strong>nostrae</strong></span> <span class='ocrx_word' id='word_1_861' title='bbox 3089 4466 3409 4521; x_wconf 88' lang='lat' dir='ltr'><strong>consistunt.</strong></span> <span class='ocrx_word' id='word_1_862' title='bbox 3462 4468 3679 4535; x_wconf 84' lang='lat' dir='ltr'><strong>Ideoque</strong></span> <span class='ocrx_word' id='word_1_863' title='bbox 3720 4459 3825 4515; x_wconf 80' lang='lat' dir='ltr'><strong>sub-</strong></span> 
     </span>
    </p>
   </div>
   <div class='ocr_carea' id='block_1_106' title="bbox 2276 4547 3828 4627">
    <p class='ocr_par' dir='ltr' id='par_1_106' title="bbox 2276 4547 3828 4627">
     <span class='ocr_line' id='line_1_106' title="bbox 2276 4547 3828 4627; baseline 0.005 -26"><span class='ocrx_word' id='word_1_864' title='bbox 2276 4549 2453 4620; x_wconf 83' lang='lat' dir='ltr'><strong>jnnxit</strong></span> <span class='ocrx_word' id='word_1_865' title='bbox 2479 4569 2491 4604; x_wconf 93' lang='lat'><strong>:</strong></span> <span class='ocrx_word' id='word_1_866' title='bbox 2516 4550 2606 4606; x_wconf 69' lang='grc'><strong>20.</strong></span> <span class='ocrx_word' id='word_1_867' title='bbox 2640 4549 2761 4605; x_wconf 88' lang='lat' dir='ltr'><strong>Non</strong></span> <span class='ocrx_word' id='word_1_868' title='bbox 2791 4554 2924 4606; x_wconf 87' lang='lat' dir='ltr'><strong>enim</strong></span> <span class='ocrx_word' id='word_1_869' title='bbox 2954 4555 3006 4607; x_wconf 87' lang='lat' dir='ltr'><strong>in</strong></span> <span class='ocrx_word' id='word_1_870' title='bbox 3035 4571 3264 4609; x_wconf 83' lang='lat' dir='ltr'><strong>sermone</strong></span> <span class='ocrx_word' id='word_1_871' title='bbox 3287 4568 3363 4610; x_wconf 83' lang='lat' dir='ltr'><strong>est</strong></span> <span class='ocrx_word' id='word_1_872' title='bbox 3390 4574 3599 4627; x_wconf 77' lang='lat' dir='ltr'><strong>regnum</strong></span> <span class='ocrx_word' id='word_1_873' title='bbox 3625 4556 3728 4617; x_wconf 84' lang='lat' dir='ltr'><strong>Dei,</strong></span> <span class='ocrx_word' id='word_1_874' title='bbox 3755 4547 3828 4604; x_wconf 69' lang='lat' dir='ltr'><strong>sed</strong></span> 
     </span>
    </p>
   </div>
   <div class='ocr_carea' id='block_1_107' title="bbox 2279 4641 3825 4716">
    <p class='ocr_par' dir='ltr' id='par_1_107' title="bbox 2279 4641 3825 4716">
     <span class='ocr_line' id='line_1_107' title="bbox 2279 4641 3825 4716; baseline -0.001 -22"><span class='ocrx_word' id='word_1_875' title='bbox 2279 4642 2333 4694; x_wconf 88' lang='lat' dir='ltr'><strong>in</strong></span> <span class='ocrx_word' id='word_1_876' title='bbox 2365 4641 2562 4695; x_wconf 84' lang='lat' dir='ltr'><strong>virtute.</strong></span> <span class='ocrx_word' id='word_1_877' title='bbox 2594 4642 2696 4697; x_wconf 79' lang='lat' dir='ltr'><strong>Per</strong></span> <span class='ocrx_word' id='word_1_878' title='bbox 2723 4644 2896 4712; x_wconf 88' lang='lat' dir='ltr'><strong>signa,</strong></span> <span class='ocrx_word' id='word_1_879' title='bbox 2923 4644 3114 4715; x_wconf 88' lang='lat' dir='ltr'><strong>inquit,</strong></span> <span class='ocrx_word' id='word_1_880' title='bbox 3144 4662 3247 4699; x_wconf 91' lang='lat' dir='ltr'><strong>non</strong></span> <span class='ocrx_word' id='word_1_881' title='bbox 3273 4662 3373 4716; x_wconf 89' lang='lat' dir='ltr'><strong>per</strong></span> <span class='ocrx_word' id='word_1_882' title='bbox 3399 4646 3687 4702; x_wconf 82' lang='lat' dir='ltr'><strong>facundiam</strong></span> <span class='ocrx_word' id='word_1_883' title='bbox 3714 4641 3825 4694; x_wconf 82' lang='lat' dir='ltr'><strong>vici-</strong></span> 
     </span>
    </p>
   </div>
   <div class='ocr_carea' id='block_1_108' title="bbox 2282 4733 3827 4803">
    <p class='ocr_par' dir='ltr' id='par_1_108' title="bbox 2282 4733 3827 4803">
     <span class='ocr_line' id='line_1_108' title="bbox 2282 4733 3827 4803; baseline -0.001 -16"><span class='ocrx_word' id='word_1_884' title='bbox 2282 4749 2400 4788; x_wconf 90' lang='lat' dir='ltr'><strong>mus</strong></span> <span class='ocrx_word' id='word_1_885' title='bbox 2422 4770 2437 4794; x_wconf 85' lang='lat'><strong>,</strong></span> <span class='ocrx_word' id='word_1_886' title='bbox 2469 4742 2523 4788; x_wconf 86' lang='lat' dir='ltr'><strong>et</strong></span> <span class='ocrx_word' id='word_1_887' title='bbox 2548 4733 2688 4803; x_wconf 90' lang='lat' dir='ltr'><strong>quod</strong></span> <span class='ocrx_word' id='word_1_888' title='bbox 2719 4734 2895 4788; x_wconf 87' lang='lat' dir='ltr'><strong>divina</strong></span> <span class='ocrx_word' id='word_1_889' title='bbox 2924 4736 2996 4789; x_wconf 87' lang='lat' dir='ltr'><strong>sit</strong></span> <span class='ocrx_word' id='word_1_890' title='bbox 3023 4734 3266 4791; x_wconf 85' lang='lat' dir='ltr'><strong>doctrina</strong></span> <span class='ocrx_word' id='word_1_891' title='bbox 3310 4747 3494 4792; x_wconf 89' lang='lat' dir='ltr'><strong>nostra</strong></span> <span class='ocrx_word' id='word_1_892' title='bbox 3517 4778 3531 4802; x_wconf 94' lang='lat'><strong>,</strong></span> <span class='ocrx_word' id='word_1_893' title='bbox 3559 4743 3613 4791; x_wconf 89' lang='lat' dir='ltr'><strong>et</strong></span> <span class='ocrx_word' id='word_1_894' title='bbox 3637 4744 3827 4803; x_wconf 87' lang='lat' dir='ltr'><strong>regnum</strong></span> 
     </span>
    </p>
   </div>
   <div class='ocr_carea' id='block_1_109' title="bbox 2280 4826 3829 4902">
    <p class='ocr_par' dir='ltr' id='par_1_109' title="bbox 2280 4826 3829 4902">
     <span class='ocr_line' id='line_1_109' title="bbox 2280 4826 3829 4902; baseline -0.003 -23"><span class='ocrx_word' id='word_1_895' title='bbox 2280 4826 2532 4881; x_wconf 63' lang='lat' dir='ltr'><strong>caelorum</strong></span> <span class='ocrx_word' id='word_1_896' title='bbox 2561 4828 2938 4883; x_wconf 89' lang='lat' dir='ltr'><strong>annuntiemus</strong></span> <span class='ocrx_word' id='word_1_897' title='bbox 2960 4871 2976 4895; x_wconf 93' lang='lat'><strong>,</strong></span> <span class='ocrx_word' id='word_1_898' title='bbox 3009 4830 3297 4885; x_wconf 84' lang='lat' dir='ltr'><strong>maximum</strong></span> <span class='ocrx_word' id='word_1_899' title='bbox 3325 4838 3692 4902; x_wconf 80' lang='lat' dir='ltr'><strong>argumentum</strong></span> <span class='ocrx_word' id='word_1_900' title='bbox 3718 4839 3829 4894; x_wconf 78' lang='lat' dir='ltr'><strong>pra:-</strong></span> 
     </span>
    </p>
   </div>
   <div class='ocr_carea' id='block_1_110' title="bbox 2282 4914 3826 4991">
    <p class='ocr_par' dir='ltr' id='par_1_110' title="bbox 2282 4914 3826 4991">
     <span class='ocr_line' id='line_1_110' title="bbox 2282 4914 3826 4991; baseline -0.001 -23"><span class='ocrx_word' id='word_1_901' title='bbox 2282 4915 2512 4982; x_wconf 88' lang='lat' dir='ltr'><strong>bnimus,</strong></span> <span class='ocrx_word' id='word_1_902' title='bbox 2543 4918 2692 4989; x_wconf 87' lang='lat' dir='ltr'><strong>signa</strong></span> <span class='ocrx_word' id='word_1_903' title='bbox 2718 4932 2929 4989; x_wconf 87' lang='lat' dir='ltr'><strong>nempe,</strong></span> <span class='ocrx_word' id='word_1_904' title='bbox 2960 4936 3078 4989; x_wconf 78' lang='lat' dir='ltr'><strong>qua:</strong></span> <span class='ocrx_word' id='word_1_905' title='bbox 3105 4936 3203 4991; x_wconf 89' lang='lat' dir='ltr'><strong>per</strong></span> <span class='ocrx_word' id='word_1_906' title='bbox 3231 4922 3484 4977; x_wconf 86' lang='lat' dir='ltr'><strong>virtutem</strong></span> <span class='ocrx_word' id='word_1_907' title='bbox 3517 4920 3736 4990; x_wconf 87' lang='lat' dir='ltr'><strong>Spiritus</strong></span> <span class='ocrx_word' id='word_1_908' title='bbox 3762 4914 3826 4967; x_wconf 76' lang='lat' dir='ltr'><strong>ia-</strong></span> 
     </span>
    </p>
   </div>
   <div class='ocr_carea' id='block_1_111' title="bbox 2280 5007 3828 5082">
    <p class='ocr_par' dir='ltr' id='par_1_111' title="bbox 2280 5007 3828 5082">
     <span class='ocr_line' id='line_1_111' title="bbox 2280 5007 3828 5082; baseline 0.001 -21"><span class='ocrx_word' id='word_1_909' title='bbox 2280 5007 2472 5062; x_wconf 90' lang='lat' dir='ltr'><strong>cimus.</strong></span> <span class='ocrx_word' id='word_1_910' title='bbox 2498 5009 2552 5064; x_wconf 93' lang='lat' dir='ltr'><strong>Si</strong></span> <span class='ocrx_word' id='word_1_911' title='bbox 2597 5026 2727 5081; x_wconf 74' lang='lat' dir='ltr'><strong>ergo</strong></span> <span class='ocrx_word' id='word_1_912' title='bbox 2759 5011 2934 5079; x_wconf 84' lang='lat' dir='ltr'><strong>magni</strong></span> <span class='ocrx_word' id='word_1_913' title='bbox 2967 5011 3180 5082; x_wconf 86' lang='lat' dir='ltr'><strong>quidam</strong></span> <span class='ocrx_word' id='word_1_914' title='bbox 3207 5012 3306 5066; x_wconf 92' lang='lat' dir='ltr'><strong>viri</strong></span> <span class='ocrx_word' id='word_1_915' title='bbox 3342 5027 3467 5069; x_wconf 89' lang='lat' dir='ltr'><strong>esse</strong></span> <span class='ocrx_word' id='word_1_916' title='bbox 3493 5013 3673 5068; x_wconf 85' lang='lat' dir='ltr'><strong>volunt</strong></span> <span class='ocrx_word' id='word_1_917' title='bbox 3698 5008 3730 5063; x_wconf 90' lang='lat' dir='ltr'><strong>ii</strong></span> <span class='ocrx_word' id='word_1_918' title='bbox 3755 5007 3828 5074; x_wconf 85' lang='lat' dir='ltr'><strong>qui</strong></span> 
     </span>
    </p>
   </div>
   <div class='ocr_carea' id='block_1_112' title="bbox 2282 5100 3828 5171">
    <p class='ocr_par' dir='ltr' id='par_1_112' title="bbox 2282 5100 3828 5171">
     <span class='ocr_line' id='line_1_112' title="bbox 2282 5100 3828 5171; baseline 0.003 -19"><span class='ocrx_word' id='word_1_919' title='bbox 2282 5114 2423 5152; x_wconf 90' lang='lat' dir='ltr'><strong>nunc</strong></span> <span class='ocrx_word' id='word_1_920' title='bbox 2451 5109 2576 5153; x_wconf 88' lang='lat' dir='ltr'><strong>sunt</strong></span> <span class='ocrx_word' id='word_1_921' title='bbox 2604 5100 2791 5161; x_wconf 82' lang='lat' dir='ltr'><strong>inﬂati.</strong></span> <span class='ocrx_word' id='word_1_922' title='bbox 2822 5117 2942 5155; x_wconf 90' lang='lat' dir='ltr'><strong>eum</strong></span> <span class='ocrx_word' id='word_1_923' title='bbox 2971 5102 3261 5170; x_wconf 88' lang='lat' dir='ltr'><strong>advenero,</strong></span> <span class='ocrx_word' id='word_1_924' title='bbox 3284 5103 3602 5165; x_wconf 86' lang='lat' dir='ltr'><strong>ostendant,</strong></span> <span class='ocrx_word' id='word_1_925' title='bbox 3633 5101 3675 5156; x_wconf 90' lang='lat' dir='ltr'><strong>si</strong></span> <span class='ocrx_word' id='word_1_926' title='bbox 3695 5109 3828 5171; x_wconf 79' lang='lat' dir='ltr'><strong>quam</strong></span> 
     </span>
    </p>
   </div>
   <div class='ocr_carea' id='block_1_113' title="bbox 2281 5191 3829 5264">
    <p class='ocr_par' dir='ltr' id='par_1_113' title="bbox 2281 5191 3829 5264">
     <span class='ocr_line' id='line_1_113' title="bbox 2281 5191 3829 5264; baseline -0.001 -20"><span class='ocrx_word' id='word_1_927' title='bbox 2281 5191 2441 5245; x_wconf 85' lang='lat' dir='ltr'><strong>talem</strong></span> <span class='ocrx_word' id='word_1_928' title='bbox 2489 5192 2739 5247; x_wconf 88' lang='lat' dir='ltr'><strong>virtutem</strong></span> <span class='ocrx_word' id='word_1_929' title='bbox 2793 5192 3025 5248; x_wconf 87' lang='lat' dir='ltr'><strong>habeant</strong></span> <span class='ocrx_word' id='word_1_930' title='bbox 3056 5211 3070 5259; x_wconf 92' lang='lat'><strong>;</strong></span> <span class='ocrx_word' id='word_1_931' title='bbox 3101 5210 3275 5264; x_wconf 90' lang='lat' dir='ltr'><strong>neque</strong></span> <span class='ocrx_word' id='word_1_932' title='bbox 3323 5195 3608 5249; x_wconf 87' lang='lat' dir='ltr'><strong>verborum</strong></span> <span class='ocrx_word' id='word_1_933' title='bbox 3663 5192 3829 5246; x_wconf 84' lang='lat' dir='ltr'><strong>fastum</strong></span> 
     </span>
    </p>
   </div>
   <div class='ocr_carea' id='block_1_114' title="bbox 2282 5268 3834 5345">
    <p class='ocr_par' dir='ltr' id='par_1_114' title="bbox 2282 5268 3834 5345">
     <span class='ocr_line' id='line_1_114' title="bbox 2282 5268 3834 5345; baseline 0.001 -11"><span class='ocrx_word' id='word_1_934' title='bbox 2282 5281 2412 5335; x_wconf 92' lang='lat' dir='ltr'><strong>mihi</strong></span> <span class='ocrx_word' id='word_1_935' title='bbox 2445 5282 2742 5337; x_wconf 87' lang='lat' dir='ltr'><strong>obtendant</strong></span> <span class='ocrx_word' id='word_1_936' title='bbox 2773 5301 2787 5337; x_wconf 89' lang='lat'><strong>:</strong></span> <span class='ocrx_word' id='word_1_937' title='bbox 2820 5299 2908 5339; x_wconf 87' lang='lat' dir='ltr'><strong>ars</strong></span> <span class='ocrx_word' id='word_1_938' title='bbox 2938 5285 3080 5339; x_wconf 90' lang='lat' dir='ltr'><strong>enim</strong></span> <span class='ocrx_word' id='word_1_939' title='bbox 3110 5284 3195 5338; x_wconf 89' lang='lat' dir='ltr'><strong>illa</strong></span> <span class='ocrx_word' id='word_1_940' title='bbox 3217 5284 3350 5338; x_wconf 89' lang='lat' dir='ltr'><strong>nihil</strong></span> <span class='ocrx_word' id='word_1_941' title='bbox 3375 5283 3444 5339; x_wconf 86' lang='lat' dir='ltr'><strong>ad</strong></span> <span class='ocrx_word' id='word_1_942' title='bbox 3468 5300 3585 5338; x_wconf 89' lang='lat' dir='ltr'><strong>nos.</strong></span> <span class='ocrx_word' id='word_1_943' title='bbox 3613 5282 3698 5335; x_wconf 70' lang='lat' dir='ltr'><strong>2i.</strong></span> <span class='ocrx_word' id='word_1_944' title='bbox 3719 5268 3834 5345; x_wconf 69' lang='grc' dir='ltr'><strong>Ωυίά</strong></span> 
     </span>
    </p>
   </div>
   <div class='ocr_carea' id='block_1_115' title="bbox 2278 5370 3833 5444">
    <p class='ocr_par' dir='ltr' id='par_1_115' title="bbox 2278 5370 3833 5444">
     <span class='ocr_line' id='line_1_115' title="bbox 2278 5370 3833 5444; baseline 0.001 -20"><span class='ocrx_word' id='word_1_945' title='bbox 2278 5372 2429 5426; x_wconf 70' lang='lat' dir='ltr'><strong>vultis</strong></span> <span class='ocrx_word' id='word_1_946' title='bbox 2451 5371 2478 5425; x_wconf 84' lang='lat'><strong><em>?</em></strong></span> <span class='ocrx_word' id='word_1_947' title='bbox 2500 5373 2552 5426; x_wconf 86' lang='lat' dir='ltr'><strong>in</strong></span> <span class='ocrx_word' id='word_1_948' title='bbox 2576 5374 2715 5444; x_wconf 81' lang='lat' dir='ltr'><strong>virga</strong></span> <span class='ocrx_word' id='word_1_949' title='bbox 2743 5375 2938 5427; x_wconf 81' lang='lat' dir='ltr'><strong>veniam</strong></span> <span class='ocrx_word' id='word_1_950' title='bbox 2966 5374 3035 5428; x_wconf 89' lang='lat' dir='ltr'><strong>ad</strong></span> <span class='ocrx_word' id='word_1_951' title='bbox 3065 5392 3168 5442; x_wconf 80' lang='lat' dir='ltr'><strong>vos,</strong></span> <span class='ocrx_word' id='word_1_952' title='bbox 3198 5392 3264 5430; x_wconf 85' lang='lat' dir='ltr'><strong>an</strong></span> <span class='ocrx_word' id='word_1_953' title='bbox 3291 5375 3343 5429; x_wconf 86' lang='lat' dir='ltr'><strong>in</strong></span> <span class='ocrx_word' id='word_1_954' title='bbox 3363 5377 3579 5430; x_wconf 80' lang='lat' dir='ltr'><strong>caritate</strong></span> <span class='ocrx_word' id='word_1_955' title='bbox 3601 5383 3646 5428; x_wconf 75' lang='lat' dir='ltr'><strong>et</strong></span> <span class='ocrx_word' id='word_1_956' title='bbox 3673 5370 3833 5440; x_wconf 71' lang='lat' dir='ltr'><strong>spirim</strong></span> 
     </span>
    </p>
   </div>
   <div class='ocr_carea' id='block_1_116' title="bbox 2278 5457 3832 5521">
    <p class='ocr_par' dir='ltr' id='par_1_116' title="bbox 2278 5457 3832 5521">
     <span class='ocr_line' id='line_1_116' title="bbox 2278 5457 3832 5521; baseline -0.003 -4"><span class='ocrx_word' id='word_1_957' title='bbox 2278 5464 2682 5518; x_wconf 78' lang='lat' dir='ltr'><strong>mansuetudinis</strong></span> <span class='ocrx_word' id='word_1_958' title='bbox 2710 5464 2734 5517; x_wconf 85' lang='lat'><strong><em>?</em></strong></span> <span class='ocrx_word' id='word_1_959' title='bbox 2759 5463 2982 5518; x_wconf 83' lang='lat' dir='ltr'><strong>Multum</strong></span> <span class='ocrx_word' id='word_1_960' title='bbox 3014 5467 3231 5521; x_wconf 86' lang='lat' dir='ltr'><strong>terroris</strong></span> <span class='ocrx_word' id='word_1_961' title='bbox 3261 5476 3314 5520; x_wconf 89' lang='lat' dir='ltr'><strong>et</strong></span> <span class='ocrx_word' id='word_1_962' title='bbox 3356 5467 3580 5520; x_wconf 90' lang='lat' dir='ltr'><strong>multum</strong></span> <span class='ocrx_word' id='word_1_963' title='bbox 3623 5457 3832 5518; x_wconf 85' lang='lat' dir='ltr'><strong>lenitatis</strong></span> 
     </span>
    </p>
   </div>
   <div class='ocr_carea' id='block_1_117' title="bbox 2279 5554 3836 5627">
    <p class='ocr_par' dir='ltr' id='par_1_117' title="bbox 2279 5554 3836 5627">
     <span class='ocr_line' id='line_1_117' title="bbox 2279 5554 3836 5627; baseline -0.004 -18"><span class='ocrx_word' id='word_1_964' title='bbox 2279 5554 2366 5610; x_wconf 91' lang='lat' dir='ltr'><strong>hic</strong></span> <span class='ocrx_word' id='word_1_965' title='bbox 2391 5571 2571 5610; x_wconf 88' lang='lat' dir='ltr'><strong>sermo</strong></span> <span class='ocrx_word' id='word_1_966' title='bbox 2597 5572 2706 5624; x_wconf 72' lang='lat' dir='ltr'><strong>pra:</strong></span> <span class='ocrx_word' id='word_1_967' title='bbox 2732 5571 2792 5611; x_wconf 85' lang='lat' dir='ltr'><strong>se</strong></span> <span class='ocrx_word' id='word_1_968' title='bbox 2819 5555 2941 5609; x_wconf 87' lang='lat' dir='ltr'><strong>fert.</strong></span> <span class='ocrx_word' id='word_1_969' title='bbox 2979 5556 3165 5611; x_wconf 88' lang='lat' dir='ltr'><strong>Dicere</strong></span> <span class='ocrx_word' id='word_1_970' title='bbox 3189 5559 3356 5624; x_wconf 90' lang='lat' dir='ltr'><strong>enim,</strong></span> <span class='ocrx_word' id='word_1_971' title='bbox 3385 5556 3710 5627; x_wconf 80' lang='lat' dir='ltr'><strong>Cagnoscam,</strong></span> <span class='ocrx_word' id='word_1_972' title='bbox 3729 5561 3836 5603; x_wconf 74' lang='lat' dir='ltr'><strong>sese</strong></span> 
     </span>
    </p>
   </div>
   <div class='ocr_carea' id='block_1_118' title="bbox 2277 5640 3833 5712">
    <p class='ocr_par' dir='ltr' id='par_1_118' title="bbox 2277 5640 3833 5712">
     <span class='ocr_line' id='line_1_118' title="bbox 2277 5640 3833 5712; baseline -0.006 -11"><span class='ocrx_word' id='word_1_973' title='bbox 2277 5647 2601 5702; x_wconf 76' lang='lat' dir='ltr'><strong>continentis</strong></span> <span class='ocrx_word' id='word_1_974' title='bbox 2630 5656 2783 5710; x_wconf 86' lang='lat' dir='ltr'><strong>erat;</strong></span> <span class='ocrx_word' id='word_1_975' title='bbox 2814 5647 2993 5702; x_wconf 88' lang='lat' dir='ltr'><strong>dicere</strong></span> <span class='ocrx_word' id='word_1_976' title='bbox 3017 5658 3194 5703; x_wconf 89' lang='lat' dir='ltr'><strong>autem</strong></span> <span class='ocrx_word' id='word_1_977' title='bbox 3220 5666 3234 5702; x_wconf 92' lang='lat'><strong>:</strong></span> <span class='ocrx_word' id='word_1_978' title='bbox 3260 5646 3400 5712; x_wconf 83' lang='lat' dir='ltr'><strong>Quid</strong></span> <span class='ocrx_word' id='word_1_979' title='bbox 3431 5646 3620 5701; x_wconf 79' lang='lat' dir='ltr'><strong>vultis?</strong></span> <span class='ocrx_word' id='word_1_980' title='bbox 3646 5645 3693 5698; x_wconf 87' lang='lat' dir='ltr'><strong>in</strong></span> <span class='ocrx_word' id='word_1_981' title='bbox 3713 5640 3833 5706; x_wconf 77' lang='lat' dir='ltr'><strong>virga</strong></span> 
     </span>
    </p>
   </div>
   <div class='ocr_carea' id='block_1_119' title="bbox 2277 5736 3834 5808">
    <p class='ocr_par' dir='ltr' id='par_1_119' title="bbox 2277 5736 3834 5808">
     <span class='ocr_line' id='line_1_119' title="bbox 2277 5736 3834 5808; baseline -0.005 -15"><span class='ocrx_word' id='word_1_982' title='bbox 2277 5739 2473 5793; x_wconf 75' lang='lat' dir='ltr'><strong>veniam</strong></span> <span class='ocrx_word' id='word_1_983' title='bbox 2488 5736 2557 5790; x_wconf 84' lang='lat' dir='ltr'><strong>ad</strong></span> <span class='ocrx_word' id='word_1_984' title='bbox 2577 5739 2702 5792; x_wconf 72' lang='lat' dir='ltr'><strong>vos?</strong></span> <span class='ocrx_word' id='word_1_985' title='bbox 2726 5738 2844 5807; x_wconf 89' lang='lat' dir='ltr'><strong>ejus</strong></span> <span class='ocrx_word' id='word_1_986' title='bbox 2868 5747 2952 5793; x_wconf 87' lang='lat' dir='ltr'><strong>est</strong></span> <span class='ocrx_word' id='word_1_987' title='bbox 2972 5737 3061 5808; x_wconf 87' lang='lat' dir='ltr'><strong>qui</strong></span> <span class='ocrx_word' id='word_1_988' title='bbox 3089 5739 3142 5792; x_wconf 89' lang='lat' dir='ltr'><strong>in</strong></span> <span class='ocrx_word' id='word_1_989' title='bbox 3168 5738 3428 5793; x_wconf 71' lang='lat' dir='ltr'><strong>doctrina:</strong></span> <span class='ocrx_word' id='word_1_990' title='bbox 3453 5737 3642 5793; x_wconf 86' lang='lat' dir='ltr'><strong>solium</strong></span> <span class='ocrx_word' id='word_1_991' title='bbox 3665 5745 3834 5788; x_wconf 80' lang='lat' dir='ltr'><strong>ascen-</strong></span> 
     </span>
    </p>
   </div>
   <div class='ocr_carea' id='block_1_120' title="bbox 2285 5819 3831 5903">
    <p class='ocr_par' dir='ltr' id='par_1_120' title="bbox 2285 5819 3831 5903">
     <span class='ocr_line' id='line_1_120' title="bbox 2285 5819 3831 5903; baseline -0.009 -12"><span class='ocrx_word' id='word_1_992' title='bbox 2285 5832 2383 5898; x_wconf 85' lang='lat' dir='ltr'><strong>dit,</strong></span> <span class='ocrx_word' id='word_1_993' title='bbox 2410 5843 2464 5890; x_wconf 87' lang='lat' dir='ltr'><strong>et</strong></span> <span class='ocrx_word' id='word_1_994' title='bbox 2491 5832 2615 5890; x_wconf 87' lang='lat' dir='ltr'><strong>inde</strong></span> <span class='ocrx_word' id='word_1_995' title='bbox 2642 5830 2895 5902; x_wconf 76' lang='lat' dir='ltr'><strong>disserit,</strong></span> <span class='ocrx_word' id='word_1_996' title='bbox 2930 5820 3199 5903; x_wconf 80' lang='lat' dir='ltr'><strong>totamque</strong></span> <span class='ocrx_word' id='word_1_997' title='bbox 3220 5833 3589 5888; x_wconf 76' lang='lat' dir='ltr'><strong>auctoritatem</strong></span> <span class='ocrx_word' id='word_1_998' title='bbox 3624 5819 3831 5891; x_wconf 62' lang='lat' dir='ltr'><strong>accepit.</strong></span> 
     </span>
    </p>
   </div>
  </div>
