3992 6430
246 416 326 473 “5

238 529 359 598 γὰρ,
394 524 562 595 φησὶν,
590 520 825 592 ἔπεμψα
869 520 1012 591 ὑμῖν
1053 523 1346 591 Τιμόθεον.
1376 523 1480 577 Διὰ
1522 522 1700 577 τοῦτο
1724 536 1740 553 ⁸

239 614 391 673 ποίονς
429 608 631 678 Ἐπειδὴ
661 607 731 671 ὡς
773 606 974 660 παίδων
1012 606 1282 677 κήδομαι,
1313 607 1405 660 καὶ
1435 609 1513 671 ὡς
1554 622 1746 675 γεγεν-

238 691 403 761 νηκώς.
447 690 548 744 Kal
590 689 724 758 μετὰ
750 689 846 761 τῆς
893 690 1203 753 συστάσεως
1233 689 1327 742 τοῦ
1359 690 1674 761 προσώπου,
1707 690 1742 760 ἡ

247 772 630 844 Ἐπιστολή⁸”ος
648 772 783 826 ἐστί
800 790 918 841 μου
951 770 1166 826 τέκνον
1190 772 1502 841 ἀγαπητὸν
1529 774 1628 826 καί
1657 786 1753 825 πι-

236 857 357 914 στὸν
378 856 442 910 ἐν
461 857 663 924 Κυρίῳ.
686 853 858 908 Τοῦτο
884 855 940 909 δὲ
962 850 1108 920 εἶπε,
1128 857 1229 926 τήν
1257 873 1317 909 τε
1350 855 1515 909 αὐτοῦ
1536 856 1758 926 ἀγάπην

236 939 491 1011 ἐμφαίνων,
512 938 792 1001 κάκείνους
812 941 1245 1008 παρασκευάζων
1274 938 1569 1010 αἰδεσίμως
1592 938 1757 992 αὐτὸν

239 1022 353 1076 ἰδεῖν.
388 1022 489 1075 Kal
513 1022 608 1090 οὐχ
627 1020 810 1084 ἁπλῶς
850 1021 1062 1088 πιστὸν,
1089 1021 1204 1075 ἀλλ’
1236 1023 1331 1075 Ἐν
1359 1022 1572 1089 Κυρίῳ,
1599 1038 1748 1074 τουτ-

237 1106 367 1169 ἐστιν,
396 1105 450 1158 ἐν
478 1107 587 1169 τοῖς
611 1105 749 1159 κατὰ
772 1105 974 1177 Κύριον
1005 1104 1348 1177 πράγμασιν.
1384 1106 1448 1159 Et
1495 1105 1554 1159 δὲ
1586 1104 1648 1158 τὸ
1700 1106 1757 1157 ἐν

234 1192 321 1252 τοῖς
348 1188 602 1259 βιωτικοῖς
644 1186 782 1243 εἶναί
817 1207 937 1243 τινα
970 1190 1177 1251 πιστὸν,
1232 1189 1529 1260 ἐγκώμιον,
1572 1187 1756 1259 πολλῷ

237 1271 399 1341 μᾶλλον
434 1274 488 1325 ἐν
533 1275 644 1335 τοῖς
687 1275 1099 1343 πνευματικοῖς.
1136 1274 1200 1325 El
1251 1274 1427 1326 τοίνυν
1473 1272 1756 1343 ἀγαπητὸν

233 1352 363 1406 αὐτοῦ
391 1354 590 1417 τέκνον,
624 1356 876 1426 ἐννόησον
903 1356 1043 1427 πόση
1085 1356 1179 1410 τοῦ
1228 1357 1440 1410 Παύλου
1473 1358 1506 1427 ἡ
1541 1356 1753 1425 ἀγάπη,

231 1440 294 1491 ὅτι
313 1438 465 1490 είλετο
483 1436 641 1489 αὑτοῦ
659 1438 993 1509 χωρισθῆναι
1013 1439 1101 1493 διά
1126 1440 1464 1512 Κορινθίους.
1495 1442 1556 1494 Εί
1581 1440 1637 1493 δέ
1662 1439 1756 1492 καὶ

230 1520 420 1587 πιστὸν,
466 1519 716 1591 ἀλήπτως
753 1521 1062 1593 διακονήσει
1104 1525 1219 1586 τοῖς
1266 1525 1609 1596 πράγμασιν.
1656 1524 1757 1588 Ὃς

227 1602 353 1672 ὑμᾶς
386 1602 731 1672 ἀναμνήσει.
772 1604 885 1658 Οὐκ
917 1602 1066 1668 εἶπε,
1098 1606 1341 1674 Διδάξει,
1375 1608 1462 1661 ἵνα
1513 1607 1588 1679 μὴ
1631 1607 1756 1660 δυσ-

227 1688 578 1756 ανασχετῶσιν,
611 1688 685 1751 ὡς
719 1690 849 1759 παρ’
880 1688 1044 1743 αὐτοῦ
1074 1690 1453 1761 μανθάνοντες.
1478 1693 1576 1746 Διά
1602 1690 1758 1745 τοῦτο

227 1772 302 1823 καὶ
325 1772 446 1842 πρὸς
466 1771 542 1840 τῷ
567 1772 707 1825 τέλει
740 1771 873 1841 φησί
892 1789 905 1801 ⁸
946 1774 1015 1827 Τὸ
1042 1774 1152 1843 γὰρ
1195 1775 1374 1844 ἔργον
1414 1776 1637 1843 Κυρίου
1663 1775 1758 1844 ἐρ-

226 1854 433 1920 γάζεται,
468 1855 661 1921 καθὼς
688 1856 787 1909 καὶ
812 1855 927 1926 ἐγώ
957 1874 971 1889 ⁸
1015 1860 1088 1930 μή
1116 1876 1198 1922 τις
1229 1856 1323 1913 οὖν
1353 1859 1516 1913 αὑτὸν
1547 1859 1760 1925 ἐξουθε-

227 1940 355 2008 νήσῃ.
391 1937 570 2002 Οὐδεὶς
613 1939 722 2011 γάρ
754 1935 822 2011 ἧν
872 1941 930 1995 ἐν
981 1942 1301 2007 ἀποστόλοις
1359 1943 1571 2012 φθόνος,
1624 1941 1759 1996 ἀλλά

226 2021 337 2091 πρὸς
368 2021 419 2074 ἐν
443 2020 652 2090 ἐώρων,
685 2023 784 2092 τῆς
821 2023 1149 2095 Ἐκκλησίας
1177 2025 1277 2097 τὴν
1309 2025 1596 2096 οἰκοδομήν
1616 2040 1629 2053 ⁸
1665 2025 1755 2078 καὶ

226 2103 264 2155 εί
276 2102 486 2158 ἐλάττων
503 2100 572 2175 ἦν
599 2108 629 2158 0
652 2106 1037 2176 ἐργαζόμενος,
1057 2110 1415 2180 συνεκρότουν
1437 2108 1600 2161 αὑτὸν
1621 2107 1759 2178 μετά

226 2187 422 2258 σπουδῆς
450 2189 692 2260 ἀπάσης.
722 2190 817 2242 Διά
841 2189 996 2243 τοῦτο
1029 2191 1149 2243 οὐδὲ
1183 2191 1425 2262 ἠρκέσθη
1458 2190 1536 2262 τῷ
1561 2191 1755 2254 εἰπεῖν,

225 2269 560 2340 Ἀναμνήσει,
594 2272 714 2325 ἀλλ’
740 2274 831 2326 ἐπὶ⁸
853 2272 1013 2326 πλέον
1034 2275 1158 2341 άγει
1184 2276 1273 2327 τὸν
1302 2275 1458 2342 λόγον
1486 2286 1535 2339 ει,
1560 2274 1758 2326 ὑποτέ-

232 2353 418 2419 μνεσθαι
461 2353 786 2424 βουλόμενος
835 2354 1017 2409 αὐτῶν
1064 2357 1154 2409 τὸν
1195 2356 1387 2425 φθόνον
1422 2357 1536 2425 (καὶ
1559 2357 1669 2428 γὰρ
1692 2351 1759 2426 ἦν

226 2434 356 2499 νέοςὸ
382 2436 687 2508 Τιμόθεος)’
718 2439 795 2493 διὸ
829 2441 1074 2512 ἐπήγαγε
1097 2458 1110 2471 ⁸
1152 2440 1262 2507 Τὰς
1300 2440 1480 2507 ὁδούς
1507 2459 1647 2510 μου.
1682 2440 1758 2492 00

226 2518 300 2583 τὰς
325 2522 495 2588 αὐτοῦ,
529 2523 672 2577 ἀλλά
690 2524 787 2588 τὰς
821 2526 979 2595 ἐμὰς,
1003 2525 1270 2591 τουτέστι,
1297 2527 1397 2590 τὰς
1426 2528 1759 2597 οίκονομίας,

227 2604 323 2666 τοὺς
346 2607 638 2672 κινδύνους.
677 2609 745 2661 τά
773 2608 865 2677 ἔθη
884 2648 899 2672 ,
941 2610 1067 2672 τοὺς
1103 2611 1320 2680 νόμους,
1349 2611 1474 2675 τοὺς
1504 2610 1759 2681 θεσμοὺς,

227 2686 321 2748 τοὺς
362 2689 579 2753 κανόνας
640 2690 766 2753 τοὺς
794 2691 1205 2756 ἀποστολικοὺς,
1252 2692 1322 2746 τά
1372 2693 1508 2747 ἄλλα
1558 2696 1758 2751 πάντα.

237 2766 412 2841 Ἐπειδὴ
455 2772 560 2844 γὰρ
628 2768 768 2835 εἶπε,
807 2776 1271 2845 Γυμνητεύομεν
1312 2775 1411 2830 καὶ
1451 2776 1764 2847 κολαφιζό-

230 2855 337 2917 μεθα
354 2854 444 2908 καί
467 2856 870 2925 ἀστατοῦμεν,
899 2859 992 2911 καὶ
1016 2858 1208 2925 ταῦτα,
1232 2859 1388 2930 φησὶ,
1415 2861 1592 2914 πάντα
1621 2862 1764 2931 ὑμᾶς

235 2933 479 3008 ἀναμνήσει
508 2940 608 2993 καὶ
641 2940 768 3004 τοὺς
792 2940 991 3011 νόμους
1028 2942 1155 3006 τοὺς
1179 2942 1271 2996 τοῦ
1302 2942 1537 3015 Χριστοῦ
1559 2984 1573 3009 ,
1621 2944 1762 2997 ὥστε

234 3016 300 3081 ﬁ;
323 3022 547 3091 αἱρέσεις
573 3023 812 3080 ἀνελεῖν.
852 3019 984 3077 Εἶτα
1016 3026 1272 3098 ἀνωτέρω
1316 3028 1406 3081 τὸν
1450 3028 1608 3097 λόγον
1671 3028 1764 3081 ἀν-

232 3103 405 3171 αγαγὼν
428 3108 682 3179 ἐπήγαγε
708 3122 724 3137 ⁸
754 3106 830 3162 Τὰ
860 3108 1176 3179 ὲνΧριστῷ
1195 3128 1210 3144 ⁸
1243 3112 1437 3177 πάντα,
1452 3113 1527 3176 ὼς
1552 3112 1763 3177 εἴωθεν,

231 3184 454 3253 ἀνατιθεὶς
496 3190 576 3263 τῷ
606 3192 877 3264 Δεσπότῃ,
918 3193 1011 3246 καὶ
1056 3194 1117 3247 τὸ
1152 3194 1465 3262 ἀξιόπιστον
1497 3196 1604 3250 τῶν
1638 3196 1763 3266 ἑξῆς

230 3271 432 3327 ἐντεῦθεν
490 3276 927 3341 κατασκευάζων
960 3293 974 3307 ⁸
1037 3277 1188 3352 [HS]
1241 3280 1321 3334 διὸ
1375 3282 1471 3334 καὶ
1523 3280 1758 3350 ἐπάγει⁸

229 3356 390 3424 Καθὼς
406 3360 728 3430 πανταχοῦ
752 3362 821 3415 ἐν
842 3361 1009 3432 πάσῃ
1025 3365 1351 3433 Ἐκκλησία
1372 3363 1766 3418 διδάσκω.ού-

230 3434 295 3490 δὲν
317 3442 435 3515 πρὸς
468 3445 620 3514 ὑμᾶς
654 3446 840 3499 καινὸν
871 3443 1054 3500 εἷπον·
1087 3446 1259 3502 ταῦτά
1283 3464 1372 3518 μοι
1404 3447 1765 3501 συνίσασικαὶ

229 3522 271 3573 αἱ
289 3521 448 3580 λοιπαὶ
484 3528 816 3600 Ἐκκλησίαι
842 3533 1030 3585 πᾶσαι.
1067 3532 1251 3596 Ὁδοὺς
1281 3533 1338 3586 δὲ
1354 3531 1525 3596 αὐτάς
1549 3535 1605 3585 ἐν
1630 3533 1765 3599 Χρι-

231 3606 314 3677 6τῷ
334 3626 472 3681 φησι,
507 3613 732 3676 δεικνὺς
758 3615 840 3668 ὅτι
863 3615 1012 3669 οὐδὲν
1039 3615 1254 3687 ἔχουσιν
1276 3615 1636 3687 ἀνθρώπινον,
1671 3617 1765 3669 καὶ

228 3690 287 3770 ὅτι
317 3693 440 3757 μετά
468 3696 565 3765 τῆς
622 3696 833 3750 ἐκεῖθεν
883 3697 1133 3770 βοηθείας
1162 3699 1229 3752 τά
1279 3701 1454 3753 πάντα
1488 3698 1763 3769 κατορθοῖ.

231 3769 378 3827 εἰπὼν
390 3777 441 3830 δὲ
460 3778 644 3833 ταῦτα
660 3780 755 3833 καὶ
780 3769 1124 3850 θεραπεύσας
1146 3783 1409 3846 ἐκείνους,
1437 3783 1531 3836 καὶ
1559 3784 1765 3853 μέλλων

228 3854 473 3925 ἐμϐάλλειν
513 3865 597 3927 είς
650 3862 750 3935 τὴν
797 3864 1133 3935 κατηγορίαν
1160 3865 1255 3918 τοῦ
1307 3866 1762 3937 πεπορνευκότος,

230 3939 356 3993 πάλιν
382 3943 548 4013 θυμοῦ
590 3944 869 4016 γέμοντας
909 3946 1099 4016 λόγους
1148 3948 1394 4017 ἀφίησιν,
1450 3949 1551 4001 ούκ
1604 3949 1768 4010 αὐτὸς

227 4019 362 4077 ταῦτα
390 4028 642 4099 πάσχων,
664 4028 777 4082 ἀλλ’
807 4029 1049 4094 ἐκείνους
1089 4030 1470 4100 διορθούμενος
1497 4046 1509 4059 ⁸
1555 4032 1647 4083 καὶ
1675 4031 1767 4083 τὸν

229 4116 595 4177 πεπορνευκότα
623 4110 920 4180 ἀφεὶς,τοῖς
941 4111 1123 4177 ἄλλοις
1140 4112 1467 4182 διαλέγεται,
1484 4113 1585 4167 ούκ
1604 4114 1768 4179 ἀξιῶν

229 4182 400 4245 ἐκεῖνον
430 4191 551 4247 οὔτε
605 4193 721 4248 τῶν
749 4195 879 4264 παρ’
911 4195 1075 4249 αὑτοῦ
1122 4195 1296 4265 λόγων
1317 4212 1332 4229 ⁸
1361 4197 1498 4269 ὅπερ
1528 4197 1622 4251 ἐπὶ
1658 4198 1770 4252 τῶν

227 4273 418 4329 οἰκετῶν
438 4278 544 4332 τῶν
569 4278 781 4350 σφόδρα
811 4281 1330 4351 προσκεκρουκότων
1352 4280 1629 4352 ποιοῦμεν.
1659 4283 1771 4337 Kal

229 4353 385 4437 ἐπειδὴ
409 4356 581 4427 εἶπεν,
611 4362 698 4414 ὅτι
721 4362 986 4431 Τιμόθεον
1017 4364 1241 4433 πέμπω,
1266 4363 1351 4417 ἵνα
1384 4366 1457 4435 μὴ
1476 4364 1651 4437 τούτῳ
1672 4368 1770 4437 9a-

228 4435 477 4512 θνμότεροι
496 4444 791 4514 γένωνται,
817 4443 919 4515 ὅρα
945 4444 998 4498 τί
1035 4463 1199 4515 φησιν
1219 4462 1234 4476 ⁸
1275 4448 1371 4511 Ὠς
1411 4447 1499 4517 μὴ
1527 4435 1770 4518 ἐρχομέ-

229 4534 319 4573 νου
345 4523 406 4577 δέ
432 4544 551 4595 μου
583 4526 741 4595 πρὸς
772 4525 948 4597 ὑμᾶς,
974 4528 1402 4597 ἐφυσιώθησάν
1433 4547 1613 4597 τινες.
1658 4532 1773 4586 Ἐν-

229 4604 371 4659 ταῦθα
388 4610 491 4681 γάρ
516 4612 615 4664 καὶ
643 4610 868 4665 ἐκείνων
896 4612 1235 4667 καθάπτεται
1256 4613 1347 4666 καὶ
1366 4614 1566 4687 ἐτέρων
1587 4617 1771 4684 τινῶν,

233 4694 498 4771 κατασείων
521 4693 708 4748 αὐτῶν
735 4694 798 4747 τὸ
830 4696 1103 4767 φρόνημα.
1128 4696 1419 4768 Φιλαρχίας
1458 4700 1567 4771 γὰρ
1602 4698 1775 4769 1051-

233 4768 406 4842 κλημα,
429 4779 493 4847 τῇ
521 4778 735 4849 ἐρημίᾳ
763 4777 860 4831 τοῦ
889 4778 1213 4833 διδασκάλου
1247 4781 1327 4843 είς
1374 4768 1635 4835 ἀπόνοιαν
1683 4768 1776 4836 κε-

235 4853 451 4923 λρῆσθαι.
487 4860 664 4914 Ὀταν
693 4859 792 4929 μὲν
817 4855 908 4914 οὖν
930 4860 1065 4933 πρὸς
1093 4863 1220 4926 τοὺς
1260 4862 1489 4927 πολλοὺς
1519 4863 1773 4935 διαλέγη-

239 4950 323 5002 ται,
347 4942 528 4995 σκόπει
558 4942 680 5007 πῶς
728 4943 1095 5016 ἐντρεπτικῶς
1144 4944 1277 4999 αὐτὸ
1310 4948 1488 5000 ποιεῖ’
1541 4948 1669 5001 ὅταν
1720 4947 1777 5002 δὲ

240 5021 345 5089 πρὸς
368 5028 489 5091 τοὺς
513 5027 752 5094 αἰτίους,
787 5027 1321 5101 καταφορικώτερον.
1365 5029 1627 5094 Ἐκείνοις
1681 5033 1779 5102 μὲν

239 5102 323 5173 γὰρ
349 5106 509 5175 λέγει,
538 5109 792 5164 Πάντων
824 5111 1132 5182 περίψημα
1150 5153 1164 5177 ,
1193 5113 1288 5166 καὶ
1330 5112 1651 5185 θεραπεύων
1685 5114 1775 5167 αύ-

234 5186 339 5249 τούς
365 5207 547 5261 φησιν’
583 5194 707 5247 Οὐκ
762 5192 1063 5262 ἐντρέπων
1096 5194 1270 5264 ὑμᾶς,
1306 5195 1508 5266 ’γράφω
1557 5198 1776 5251 ταῦτα·

235 5269 414 5337 τούτοις
437 5276 514 5340 δὲ,
555 5276 650 5343 Ὠς
673 5276 762 5347 μὴ
794 5278 1123 5347 ἐρχομένου
1151 5278 1218 5333 δέ
1242 5297 1364 5349 μου
1399 5280 1549 5349 πρὸς
1599 5279 1777 5351 ὑμᾶς,

235 5351 635 5430 ἐφυσιώθησάν
665 5379 821 5430 τινες
841 5402 855 5427 ,
886 5362 1100 5428 δεικνὺς
1128 5365 1209 5418 ὅτι
1256 5366 1510 5436 παιδικῆς
1544 5366 1779 5431 διανοίας

236 5436 489 5504 nam“:
512 5460 527 5473 ⁸
561 5443 653 5498 καὶ
680 5445 789 5516 γάρ
813 5447 864 5499 οί
899 5446 1085 5509 παῖδες
1125 5449 1192 5517 τῇ
1224 5448 1462 5519 ἀπουσίᾳ
1491 5448 1585 5503 τοῦ
1633 5450 1779 5503 διδα-

238 5520 411 5578 σκάλου
443 5528 801 5601 ῥᾳθυμότεροι
834 5531 1098 5599 γίνονται.
1124 5532 1294 5585 Τοῦτο
1316 5532 1371 5585 δὲ
1402 5530 1495 5588 οὖν
1517 5534 1783 5589 ἐνδείκνυ-

237 5618 328 5689 ται.
354 5612 445 5664 καί
469 5614 552 5665 ὅτι
591 5617 749 5684 ἀρκεῖ
776 5615 912 5685 πρὸς
931 5615 1215 5687 διόρθωσιν
1238 5619 1270 5687 ἡ
1309 5619 1601 5689 παρουσία.

296 5687 354 5758 β’.
378 5692 640 5766 Καθάπερ
667 5698 771 5768 γάρ
826 5698 1041 5763 λέοντος
1080 5702 1348 5770 παρουσία
1378 5687 1589 5755 ἅπαντα
1639 5706 1782 5758 ποιεῖ

244 5776 620 5846 κατεπτηχέναι
642 5782 709 5833 τὰ
732 5780 873 5847 ζῶσκ
907 5781 1051 5835 οὕτω
1079 5782 1170 5836 καὶ
1198 5785 1229 5854 ἡ
1258 5783 1467 5837 Παύλου
1507 5786 1632 5850 τοὺς
1663 5786 1780 5840 δια-

290 5966 314 6020 .“
338 5964 541 6021 Deerant
576 5976 731 6039 verba,
757 5974 856 6039 ἄγει
908 5976 985 6025 τὸν
1006 5977 1160 6039 λόγον.

1198 412 1265 467 ΙΝ
1312 411 1534 469 EPIST.
1577 409 1593 464 Ι
1631 409 1724 464 AD
1758 409 1919 467 COIL
1963 411 2198 471 HOMIL.
2237 413 2373 470 XIV.

3322 415 3426 472 H6

1851 522 2181 595 φθείραντας
2211 525 2308 597 τὴν
2341 524 2688 596 Ἐκκλησίαν.
2716 526 2807 581 Διὸ
2834 529 2927 582 καὶ
2969 527 3164 596 ἐπάγει
3183 546 3197 560 ⁸
3229 528 3431 584 Ἐλεύ-

1850 622 2032 675 σομαι
2052 609 2121 661 δὲ
2146 610 2371 678 ταχέως
2390 610 2542 678 πρὸς
2568 610 2743 679 ὑμᾶς,
2767 612 2875 666 ἐὰν
2889 616 2921 665 ό
2941 613 3150 682 Κύριος
3171 614 3426 682 θελήσῃ.

1866 690 2029 743 Ἀλλά
2065 691 2124 744 τὸ
2156 693 2254 762 μὲν
2291 692 2450 746 τοῦτο
2475 695 2649 746 είπείν
2681 694 3055 765 μόνον,ἐδόκει
3088 695 3318 767 ἀπειλῆς
3350 693 3431 750 εἴ-

1852 790 1940 826 ναι
1960 791 1973 804 ·
2012 773 2071 827 τὸ
2100 773 2157 826 δὲ
2181 775 2275 828 καὶ⁵
2308 775 2407 845 τὴν
2436 776 2542 830 ἀπὸ
2572 776 2681 831 τῶν
2710 776 2885 847 ἔργων
2913 777 3187 843 ἀπόδειξιν
3213 780 3307 833 καὶ
3329 781 3434 832 a0-

1853 855 1945 909 τδν
1992 857 2445 927 ἐπαγγείλασθαι,
2493 859 2786 924 κάκείνους
2836 861 3105 925 ἀπαιτεῖν,
3163 860 3318 915 τοῦτο
3362 858 3433 933 ἦν

1857 939 2259 1010 μεγαλόφρονος
2284 940 2547 1006 διανοίας.
2583 943 2783 1015 Διόπερ
2815 943 2911 997 καὶ
2939 941 3221 1014 προέθηκε
3251 942 3431 1007 τοῦτο,

1854 1023 2024 1078 εἰπών
2049 1040 2062 1055 ⁸
2095 1026 2204 1080 Καὶ
2230 1024 2534 1097 γνώσομαι
2554 1030 2625 1082 οὐ
2648 1028 2755 1081 τὸν
2773 1028 2961 1097 λόγον
2984 1027 3105 1081 τῶν
3126 1044 3433 1096 πεφυσιω-

1847 1104 2070 1174 μένων,
2109 1107 2273 1162 άλλά
2296 1108 2412 1176 τὴν
2434 1109 2712 1181 δύναμιν.
2751 1110 2887 1165 Οὐδὲ
2934 1110 3044 1181 γάρ
3085 1110 3193 1164 ἀπὸ
3232 1126 3432 1180 κατορ-

1854 1189 2124 1261 θωμάτων
2172 1193 2428 1261 οίκείων,
2473 1195 2589 1249 ἀλλ’
2642 1196 2751 1250 ἀπὸ
2803 1196 2905 1266 τῆς
2953 1195 3049 1249 τοῦ
3109 1195 3430 1250 διδασκάλου

1852 1273 2123 1338 ἀπουσίας
2166 1277 2199 1345 ή
2234 1276 2463 1330 ἀπόνοια
2493 1273 2562 1350 ἦν
2582 1296 2597 1311 ο
2628 1280 2765 1350 ὅπερ
2801 1280 2895 1334 καλ⁵
2928 1279 3058 1333 αὐτὸ
3107 1280 3333 1351 γνώμης
3362 1275 3432 1349 ῆν

1853 1358 2358 1429 καταφροητικῆς.
2385 1359 2485 1413 Διά
2520 1361 2679 1415 τοῦτο
2705 1361 2896 1428 εἰπὼν,
2929 1363 3212 1431 Ἐπεμψα
3265 1365 3431 1431 de-

1854 1442 2013 1503 θεον,
2038 1441 2137 1493 οὐκ
2165 1442 2367 1505 εύθέως
2394 1439 2570 1509 εἶπεν,
2616 1444 2936 1517 Ἐλεύσομαι
2959 1487 2973 1512 ,
3004 1444 3140 1499 ἀλλά
3169 1445 3433 1516 πρότερον

1855 1524 2036 1577 αὐτῶν
2065 1527 2482 1597 κατηγορήσας,
2523 1527 2604 1581 ὅτι
2631 1527 3043 1599 ἐφυσιώθησαν,
3073 1528 3194 1582 τότε
3243 1528 3430 1599 φησιν’

1867 1607 2245 1679 Ἐλεύσομαι.
2297 1611 2360 1664 Εί
2412 1612 2509 1683 μὲν
2536 1611 2645 1683 γάρ
2677 1611 2786 1682 πρὸ
2809 1612 2909 1683 τῆς
2930 1611 3264 1683 κατηγορίας
3300 1612 3433 1665 αὐτὸ

1854 1690 2117 1755 τέθεικεν,
2142 1693 2410 1762 ἀπολογία
2434 1695 2633 1765 μᾶλλον
2655 1695 2869 1764 ἐγένετο
2893 1694 3057 1749 αὐτοῦ
3081 1695 3155 1757 ὡς
3174 1695 3275 1748 οὐκ
3298 1696 3434 1748 ἀπο-

1854 1771 2186 1847 λειφθέντος,
2218 1777 2312 1830 καὶ
2341 1778 2441 1831 οὐκ
2469 1778 2689 1848 ἀπειλὴ,
2724 1780 2819 1833 κα)⁸
2849 1778 2971 1832 ούδέ
2996 1772 3151 1841 οὗτος
3178 1778 3207 1817 ι’
3241 1781 3433 1842 πιστὸς

1854 1858 1881 1909 0
1915 1855 2071 1923 λόγος
2095 1853 2162 1929 ἦν
2186 1873 2199 1886 ⁸
2232 1860 2349 1912 νυνὶ
2381 1861 2439 1913 δὲ
2476 1859 2613 1931 μετὰ
2646 1862 2747 1931 τὴν
2795 1859 3129 1931 κατηγορίαν
3163 1858 3297 1922 θεὶς,
3337 1862 3433 1913 καὶ

1856 1938 2169 2002 ἀξιόπιστον
2193 1941 2357 1994 αὐτὸν
2378 1942 2470 1995 καὶ
2492 1942 2720 2014 φοϐερὸν
2742 1942 2985 2014 ἐποίησε.
3010 1940 3118 1995 Kal
3139 1941 3240 2012 ὅρα
3266 1940 3432 1993 αὑτοῦ

1854 2019 1916 2072 τὸ
1939 2020 2158 2090 βέϐαιον
2180 2024 2271 2077 καὶ
2300 2024 2561 2095 ἀσφαλές.
2595 2026 2669 2078 00
2698 2024 2805 2095 γὰρ
2821 2023 3006 2088 ἁπλῶς
3035 2019 3209 2087 εἶπεν,
3230 2023 3436 2077 Ἐλεύο

1857 2117 2059 2172 σομαι,
2098 2105 2237 2169 ἀλλ’,
2280 2106 2418 2161 Ἐὰν
2438 2112 2472 2163 ό
2491 2108 2709 2177 Κύριος
2742 2108 2976 2177 θελήσῃ
2996 2122 3010 2136 ⁸
3041 2108 3135 2160 καὶ
3167 2105 3229 2159 00
3252 2105 3436 2176 τίθησι

1857 2186 2049 2256 χρόνον
2083 2188 2409 2260 ὡρισμένον.
2474 2191 2694 2263 Ἐπειδὴ
2750 2192 2859 2262 γὰρ
2915 2189 3230 2244 συνέϐαινεν
3275 2187 3437 2241 αὑτὸν

1858 2268 2101 2338 βραδέως
2130 2274 2541 2343 παραγενέσθαι
2568 2314 2582 2340 ,
2614 2278 2682 2347 τῇ
2713 2274 2908 2343 ἀδηλία
2945 2272 3192 2343 βούλεται
3238 2271 3437 2333 αὐτοὺς

1856 2354 2183 2423 ἐναγωνίους
2216 2360 2456 2428 ποιῆσαι.
2479 2358 2591 2411 Kal
2621 2359 2710 2412 ἵνα
2735 2357 2810 2429 μὴ
2832 2356 2920 2411 διὰ
2944 2357 3100 2410 τοῦτο
3118 2354 3281 2408 πάλιν
3303 2354 3406 2406 ἀνα
3423 2381 3437 2389 -

1858 2438 2089 2505 πέσωσι,
2134 2440 2465 2512 προσέθηκε·
2521 2441 2774 2510 Ταχέως.
2824 2441 2936 2495 Καὶ
2969 2438 3273 2509 γνώσομαι
3300 2475 3317 2500 ,
3365 2438 3437 2490 οὐ

1857 2523 1967 2576 τὸν
2000 2525 2189 2592 λόγον
2220 2523 2338 2578 τῶν
2367 2525 2857 2596 πεφυσιωμένων,
2893 2523 3053 2578 ἀλλὰ
3088 2521 3205 2589 τὴν
3253 2521 3439 2574 δύναιο

1855 2623 1982 2675 μιν.
2014 2608 2127 2660 Οὐκ
2148 2603 2323 2671 εἶπεν,
2351 2609 2431 2661 ὅτι
2465 2608 2749 2678 Γνώσομαι
2778 2607 2875 2678 τὴν
2909 2604 3120 2675 σοφίαν,
3149 2602 3298 2676 [H9]
3316 2602 3439 2655 ούδέ

1859 2689 1925 2742 τὰ
1957 2693 2180 2760 σημεῖα,
2226 2691 2361 2745 ἀλλά
2384 2693 2437 2744 τί
2458 2709 2473 2757 ;
2501 2694 2583 2745 Οὐ
2612 2692 2720 2745 τὸν
2738 2693 2923 2761 λόγον
2939 2707 2952 2721 ⁸
2977 2691 3199 2743 κάκεῖνο
3224 2687 3301 2757 τῷ
3322 2687 3440 2740 0V0-

1864 2788 1994 2841 ματι
2019 2774 2371 2846 καταφέρων,
2405 2774 2680 2828 καὶτοῦτο
2709 2772 2973 2844 ἐπαίρων.
3004 2771 3115 2825 Kal
3141 2771 3276 2833 τέως
3301 2770 3439 2841 πρὸς

1860 2859 1987 2921 τοὺς
2019 2858 2213 2921 ἄλλους
2243 2859 2588 2913 ἀποτείνεται
2619 2859 2745 2921 τοὺς
2770 2855 3203 2928 συγκροτοῦντας
3232 2854 3325 2907 τὸν
3349 2871 3441 2907 πε·

1863 2942 2224 3011 πορνευκότα.
2256 2943 2319 2995 Εί
2342 2943 2452 3015 γὰρ
2475 2943 2610 3014 πρὸς
2642 2944 2848 2995 ἐκεῖνον
2868 2941 3073 3008 ἔλεγεν,
3102 2939 3202 2991 οὐκ
3228 2938 3293 2991 ἂν
3316 2932 3440 2991 εἷπε

1861 3022 1959 3095 τὴν
1993 3024 2241 3097 δύναμιν,
2272 3027 2410 3081 ἀλλά
2436 3027 2504 3082 τὰ
2549 3027 2706 3097 ἔργα.
2740 3027 2884 3096 ἆπερ
2916 3020 2983 3095 ἦν
3014 3022 3161 3093 αύτῷ
3181 3022 3439 3091 διεφθαρ-

1864 3110 2025 3179 μένα.
2072 3112 2183 3163 Kal
2219 3110 2306 3164 διὰ
2333 3111 2386 3163 τί
2434 3111 2494 3164 ού
2543 3109 2725 3180 ζητεῖς
2756 3110 2847 3163 τὸν
2885 3107 3073 3176 λόγον;
3104 3106 3218 3159 Οὐκ
3252 3105 3440 3175 ἐπειδὴ

1861 3191 2053 3263 ἀπορῶ
2081 3193 2260 3262 λόγου,
2296 3192 2411 3248 ἀλλ’
2443 3192 2632 3266 ἐπειδὴ
2686 3194 2744 3245 ἐν
2794 3192 3021 3261 δυνάμει
3058 3188 3129 3241 τά
3163 3187 3436 3259 ἡμέτερα.

1862 3276 2131 3349 Καθάπερ
2154 3273 2245 3331 οὖν
2279 3278 2337 3332 ἐν
2382 3278 2603 3349 πολέμῳ
2629 3278 2692 3330 00
2726 3278 2833 3330 τῶν
2860 3275 3027 3329 πολλὰ
3054 3273 3443 3345 φθεγγομένων

1861 3360 1921 3413 τὸ
1953 3361 2275 3431 κατορθοῦν,
2320 3362 2456 3415 ἀλλά
2487 3362 2595 3415 τῶν
2628 3359 2796 3413 πολλά
2842 3358 3225 3431 ἐργαζομένων
3245 3373 3257 3386 ⁸
3299 3356 3443 3409 οὕτω

1860 3442 1926 3513 δὴ
1948 3447 2044 3497 καὶ
2074 3444 2329 3507 ἐνταῦθα,
2348 3445 2408 3498 00
2438 3443 2546 3498 τῶν
2571 3442 2895 3510 λαλούντων,
2924 3442 3061 3496 ἀλλά
3084 3442 3192 3495 τῶν
3221 3438 3442 3492 ποιούν-

1861 3530 2035 3599 τωνή
2089 3529 2235 3599 νίκη.
2268 3528 2429 3595 Μέγα
2466 3529 2684 3600 φρονεῖς
2732 3527 2827 3579 ἐπὶ
2874 3524 3196 3595 εύγλωττίᾳ,
3240 3519 3439 3592 φησίν·

1862 3611 1979 3665 ἀλλ’
2006 3613 2053 3666 εί
2089 3612 2188 3681 μὲν
2218 3611 2466 3683 ρητόρων
2491 3612 2519 3663 0
2549 3609 2697 3679 ἀγὼν
2723 3610 2819 3664 καὶ
2838 3611 2866 3662 0
2891 3608 3103 3680 καιρὸς,
3146 3605 3327 3668 καλῶς
3357 3606 3443 3657 ἐν·

1861 3694 2052 3748 τεῦθεν
2083 3695 2360 3766 ἐφρόνεις⁸
2403 3698 2451 3748 εἰ
2494 3694 2552 3748 δὲ
2588 3693 2899 3747 ἀποστόλων
2932 3690 3190 3765 ἀλήθειαν
3235 3703 3442 3755 καταγ-

1863 3779 2183 3848 γελλόντων,
2224 3779 2319 3833 καὶ
2351 3779 2601 3848 σημείοις
2632 3777 2836 3848 ταύτην
2862 3775 3244 3847 βεϐαιούντων,
3269 3773 3321 3824 τί
3346 3789 3445 3824 πε·-

1865 3862 2106 3933 φύσησαι
2136 3864 2228 3915 ἐπὶ
2255 3862 2544 3933 πράγματι
2568 3860 2810 3933 περιττῷ
2840 3861 2935 3914 καὶ
2961 3859 3115 3912 οὐδὲν
3156 3856 3289 3919 όντι,
3321 3854 3443 3908 οὐδὲ

1865 3947 1946 4006 είς
1976 3944 2045 3996 τά
2080 3946 2321 4015 παρόντα
2349 3962 2400 3998 τι
2426 3943 2739 3997 συντελέσαι
2770 3941 3092 4011 δυναμένῳ;
3122 3939 3188 3992 Τί
3218 3940 3327 4007 γάρ
3360 3937 3447 3989 λό-

1865 4042 1978 4097 γων
2005 4025 2263 4091 ἐπίδειξις
2289 4025 2493 4079 δύναιτ’
2529 4026 2595 4078 ἂν
2628 4026 2763 4097 πρὸς
2790 4024 2851 4077 τὸ
2889 4023 3079 4093 νεκρὸν
3113 4020 3443 4089 ἀναστῆσαι,

1865 4110 1901 4182 ἢ
1928 4109 2185 4181 δαίμονας
2210 4109 2424 4172 ἐλάσαι,
2450 4109 2482 4178 ἢ
2502 4107 2669 4177 ἄλλην
2689 4106 2810 4161 τινὰ
2830 4104 3086 4175 τοιαύτην
3105 4101 3445 4175 ἐργάσασθαι

1869 4192 2317 4265 θαυματουργίαν
2339 4209 2354 4254 ;
2374 4191 2591 4246 Τούτων
2617 4191 2673 4245 δὲ
2691 4190 2853 4263 χρεία
2873 4188 2989 4255 νῦν,
3013 4187 3109 4241 καὶ
3131 4186 3220 4241 διὰ
3242 4185 3448 4238 τούτων

1869 4276 1939 4331 τά
1963 4277 2209 4348 ἡμέτερα
2233 4276 2571 4330 συνίσταται.
2607 4273 2700 4327 Διὸ
2727 4273 2825 4327 καὶ
2856 4273 3139 4349 ἐπήγαγεν
3164 4285 3176 4299 ⁸
3209 4270 3289 4323 Οὐ
3338 4265 3450 4337 γὰρ

1870 4361 1940 4414 ὲν
1962 4363 2124 4429 λόγῳ
2160 4360 2198 4427 ἡ
2225 4360 2518 4425 βασιλεία
2551 4357 2658 4413 τοῦ
2701 4357 2872 4423 Θεοῦ,
2902 4356 3041 4410 ἀλλ’
3068 4353 3139 4407 ἐν
3175 4351 3446 4420 δυνάμει.

1872 4444 1969 4499 Διά
2006 4443 2268 4515 σημείων,
2295 4445 2480 4515 φησὶν,
2504 4442 2562 4495 o0
2590 4442 2656 4494 δι’
2679 4442 3013 4512 εὐγλωττίας
3043 4437 3447 4508 ἐκρατήσαμεν,

1872 4530 1968 4583 καὶ
1996 4528 2091 4582 τοῦ
2127 4528 2277 4582 θείαν
2298 4525 2435 4581 εἶναι
2467 4528 2567 4596 τὴν
2595 4525 2938 4580 διδασκαλίαν
2972 4524 3148 4593 ἡμῶν,
3174 4521 3267 4574 καὶ
3297 4519 3452 4589 βασι-

1873 4613 2026 4668 λείαν
2074 4611 2465 4683 καταγγέλλειν
2524 4610 2806 4682 οὐρανῶν,
2866 4608 3131 4680 μεγίστην
3177 4602 3451 4670 ἀπόδειξιν

1876 4697 2245 4768 παρεχόμενοι
2273 4695 2342 4748 τά
2376 4696 2600 4765 σημεῖα,
2640 4694 2785 4764 ἅπερ
2822 4690 3087 4761 ποιοῦμεν
3124 4690 3190 4759 τῇ
3225 4687 3453 4756 δυνάμει

1875 4782 1969 4835 τοῦ
1993 4779 2332 4851 Πνεύματος.
2362 4778 2425 4831 El
2449 4777 2628 4832 τοίνυν
2654 4776 2879 4847 μεγάλοι
2911 4775 3055 4837 τινὲς
3082 4768 3217 4827 εἶναι
3239 4770 3457 4842 βούλον-

1876 4883 1966 4919 ται
1997 4868 2046 4919 οἰ
2076 4862 2482 4934 πεφυσιωμένοι
2502 4860 2619 4927 νῦν,
2652 4861 2873 4915 ἐπειδάν
2903 4857 3322 4929 παραγένωμαι,
3344 4855 3454 4908 δει-

1878 4948 2152 5016 ξάτωσαν,
2198 4946 2253 4999 εί
2286 4962 2410 4999 τινα
2440 4944 2671 5015 δύναμιν
2702 4943 2964 5014 τοιαύτην
2997 4941 3180 5012 ἔχουσι
3200 4955 3214 4971 ⁸
3250 4940 3346 4992 καὶ
3378 4938 3453 5009 μή

1879 5049 1970 5103 μοι
2014 5031 2277 5103 ῥημάτων
2312 5027 2805 5101 προϐαλλέσθωσαν
2849 5025 3132 5096 κόμπους⁸
3166 5022 3317 5077 οὐδὲν
3346 5022 3456 5091 γάρ

1876 5116 2061 5185 ἐκείνη
2099 5114 2236 5185 πρὸς
2279 5115 2428 5184 ἡμᾶς
2461 5116 2495 5185 ἡ
2524 5113 2708 5184 τέχνη.
2748 5111 2808 5165 Τί
2853 5108 3093 5173 θέλετες
3150 5107 3221 5161 ἐν
3256 5104 3459 5175 ῥάϐδῳ

1877 5197 2033 5253 ἔλθω
2050 5199 2200 5267 πρὸς
2226 5197 2406 5269 ὑμᾶς,
2433 5198 2473 5265 ἢ
2500 5197 2570 5250 ἐν
2597 5194 2797 5265 ἀγάπῃ
2844 5191 3138 5263 πνεύματί
3172 5208 3237 5245 τε
3272 5192 3458 5260 πραό-

1879 5297 2088 5348 τητοςξ
2129 5282 2270 5335 Πολὺ
2299 5282 2394 5335 καὶ⁵
2422 5281 2482 5333 τὸ
2509 5279 2739 5350 φοϐερὸν
2786 5278 2898 5349 ἔχει
2925 5280 3018 5331 καὶ
3045 5275 3106 5329 τὸ
3140 5274 3409 5346 προσηνὲς
3430 5275 3460 5326 0

1880 5365 2038 5433 λόγος
2069 5357 2243 5428 οὗτος.
2280 5364 2353 5418 Τὸ
2389 5364 2486 5434 μὲν
2507 5362 2616 5434 γὰρ
2653 5363 2855 5425 εἰπεῖν,
2888 5361 2970 5414 ὅτι
2999 5357 3335 5427 Γνώσομαι,
3377 5355 3459 5407 ἔτι

1885 5448 2289 5519 ὑπεσταλμένον
2312 5442 2380 5518 ἦν
2403 5463 2417 5477 ⁸
2442 5447 2504 5499 τὸ
2530 5446 2587 5499 δὲ
2612 5447 2807 5510 εἰπεῖν,
2833 5444 2894 5498 Τί
2912 5443 3151 5505 θέλετε;
3176 5440 3245 5493 ἐν
3263 5437 3461 5507 ῥάϐδῳ

1880 5530 2036 5586 ἔλθω
2060 5530 2211 5598 πρὸς
2241 5528 2435 5599 ὑμᾶς;
2465 5531 2560 5583 ἐπὶ
2587 5528 2679 5581 τὸν
2709 5525 3086 5581 διδασκαλικὸν
3117 5521 3304 5576 λοιπὸν
3327 5521 3461 5572 ἀνα-

1884 5615 2163 5677 ϐαίνοντος
2187 5614 2378 5685 θρόνον
2406 5612 2663 5668 κάκεῖθεν
2686 5613 2871 5673 αὐτοῖς
2907 5608 3288 5678 διαλεγομένου
3310 5642 3325 5667 ,
3364 5604 3461 5685 καὶ

1882 5700 1981 5770 τὴν
2011 5684 2261 5765 ἐξουσίαν
2287 5698 2648 5760 ἀναλαϐόντος
2679 5697 2881 5749 πᾶσαν.
2912 5694 2977 5746 Τί
3011 5695 3177 5756 ἐστιν,
3231 5688 3327 5777 ἶΕν
3350 5684 3463 5777 ρά-

1885 5769 2042 5849 6δῳ;
2081 5785 2170 5837 Ἑν
2200 5782 2442 5844 κολάσει,
2482 5782 2539 5835 ὲν
2574 5780 2833 5851 τιμωρίᾳ,
2874 5777 3186 5837 τουτέστιν,
3238 5769 3464 5831 Ἀνελῶζ

1952 5968 2159 6035 δίιὶεεη
2184 5971 2292 6020 οὐδὲ
2317 5970 2465 6028 οὕτως
