3992 6430
182 364 258 419 H7

176 476 285 546 Quid
308 483 388 529 est
415 513 429 539 ,
460 471 519 525 In
547 471 685 542 virga
709 470 734 524 ?
760 466 808 523 id
840 476 918 522 est
940 507 955 531 ,
983 466 1036 521 in
1063 464 1412 535 castigatione
1442 505 1456 529 ,
1488 462 1539 516 in
1562 474 1683 528 sup-

174 567 301 638 p'icio
327 583 339 631 ;
367 563 459 618 hoc
487 569 568 616 est
592 603 608 629 ,
645 560 715 616 De
739 557 909 615 medio
936 556 1115 612 tollam
1147 596 1163 622 ,
1191 555 1473 611 excaecabo
1505 570 1518 607 :
1550 551 1692 623 quod

173 660 218 713 in
235 654 464 726 Sapphira
489 653 682 708 Petrus
710 651 849 716 fecit,
873 660 924 704 ct
945 650 1060 719 ipse
1083 649 1133 702 in
1163 647 1348 719 Elyma
1381 659 1557 716 mago.
1582 642 1696 698 Non

173 748 286 805 enim
311 746 410 816 jam
440 743 611 810 dicit,
645 752 903 816 tamquam
943 756 1002 795 se
1044 754 1164 795 cum
1206 739 1315 793 illis
1353 751 1694 807 comparans,

174 840 244 896 sed
273 814 379 893 cum
421 814 759 891 auctoritate.
785 833 852 888 Et
876 835 927 888 in
957 830 1191 889 secunda
1228 830 1456 901 epistola
1487 830 1589 884 hoc
1620 829 1699 899 ip-

175 948 260 989 sum
283 931 442 986 dicere
470 926 886 999 deprehenditur
912 967 928 990 ,
971 940 1090 980 cum
1122 924 1199 978 ait
1226 941 1239 975 :
1266 923 1345 976 Au
1384 922 1698 992 experimen-
1744 988 1761 999 .

176 1037 251 1078 non
266 1022 463 1093 qumitis
488 1022 600 1091 ejus
624 1060 641 1088 ,
667 1020 749 1091 qui
772 1020 823 1074 in
845 1034 923 1072 me
945 1018 1171 1088 loquitur
1189 1059 1202 1082 ,
1226 1014 1412 1070 Christi
1438 1016 1453 1083 (
1485 1013 1539 1067 2.
1575 1011 1693 1066 Cor.

174 1120 236 1176 l3.
260 1116 344 1190 5)?
369 1115 426 1170 In
446 1117 593 1187 virga
618 1114 806 1169 veniam
836 1155 852 1180 ,
881 1129 946 1166 an
972 1113 1023 1165 in
1053 1111 1262 1164 caritate
1286 1110 1311 1162 .9
1337 1106 1473 1176 Quid
1504 1107 1645 1162 enim
1678 1146 1692 1172 ,

169 1213 206 1265 in
229 1211 347 1280 virga
387 1208 570 1263 venire
603 1246 618 1271 ,
650 1220 820 1260 annon
850 1203 1090 1259 caritatis
1117 1201 1141 1256 ?
1184 1199 1435 1255 Caritatis
1476 1197 1693 1268 quidem

167 1310 275 1366 ent;
298 1297 383 1355 sed
416 1299 537 1369 quia
564 1298 653 1368 qui
682 1297 850 1366 diligit
882 1337 896 1362 ,
931 1296 1011 1349 vix
1044 1293 1110 1348 ad
1140 1308 1349 1362 poenam
1379 1289 1692 1345 sumendam

163 1392 332 1446 ducitur
350 1432 364 1456 ,
390 1390 508 1446 ideo
532 1390 604 1444 ita
633 1388 882 1458 loquitur.
904 1386 1038 1441 Cum
1067 1399 1195 1454 ergo
1222 1385 1289 1439 de
1312 1382 1577 1453 supplicio
1605 1381 1691 1436 di-

164 1483 299 1547 cebat,
339 1497 437 1535 non
483 1479 639 1547 dixit,
693 1479 757 1533 Et
796 1476 985 1548 Spiritu
1037 1474 1308 1539 lenitatis,
1359 1473 1473 1539 sed,
1517 1471 1688 1542 Virga.

162 1573 365 1643 Quamvis
386 1571 514 1628 illud
537 1587 748 1644 quoque
765 1570 967 1641 Spiritu
985 1568 1139 1625 ﬁeret
1162 1586 1175 1623 :
1200 1578 1282 1623 est
1302 1567 1442 1623 enim
1472 1565 1691 1637 spiritus

165 1663 530 1722 mansuetudinis
558 1672 615 1719 et
635 1663 850 1735 spiritus
879 1660 1215 1725 severitatis;
1247 1674 1430 1713 verum
1448 1673 1556 1711 non
1580 1656 1691 1711 vult

165 1761 273 1815 illum
315 1760 379 1814 ita
406 1799 419 1823 ,
453 1757 546 1813 sed
606 1772 637 1812 a
683 1755 1083 1826 benignioribns
1129 1768 1343 1809 vocare.
1396 1751 1687 1820 Propterea

164 1852 267 1910 Deus
298 1866 498 1924 quoque
540 1851 750 1906 etiamsi
795 1849 1016 1920 puniat,
1046 1846 1189 1918 quod
1216 1848 1288 1902 sit
1332 1845 1642 1900 misericors
1668 1885 1684 1910 ,

160 1945 419 2015 lmgauimis
433 1956 483 1999 et
507 1943 732 1998 diresin
754 1941 1121 1998 misericordia
1144 1951 1199 1994 et
1228 1937 1682 2003 miserationibus,

157 2052 265 2108 saepe
282 2036 496 2102 dicitur;
528 2034 677 2106 quod
699 2050 828 2090 vero
857 2036 1037 2105 puniat
1071 2076 1085 2099 ,
1118 2031 1284 2088 semel
1336 2041 1429 2086 aut
1465 2031 1547 2086 bis
1594 2040 1682 2085 aut

161 2140 266 2183 certe
290 2145 400 2184 raro
420 2171 433 2193 ,
460 2127 625 2198 idque
652 2135 871 2198 urgente
892 2141 1073 2181 causa.
1120 2124 1188 2179 Et
1219 2123 1339 2178 vide
1366 2123 1683 2193 sapientiam

162 2220 283 2274 Pauli.
320 2220 445 2274 Cum
476 2228 798 2290 potestatem
827 2218 1046 2273 haberet
1078 2260 1092 2282 ,
1123 2217 1434 2272 alterutrius
1477 2216 1552 2271 rei
1592 2214 1684 2270 dat

162 2311 253 2379 ipsis
297 2313 554 2381 optionem
577 2354 591 2378 ,
624 2310 809 2366 dicens
844 2328 857 2364 :
892 2309 1031 2378 Quid
1063 2309 1210 2363 vultis
1237 2308 1262 2363 1’
1287 2323 1373 2364 res
1401 2317 1482 2364 est
1508 2308 1682 2378 posita

156 2403 194 2456 in
214 2412 353 2459 vestra
379 2413 666 2475 potestate.
696 2403 906 2459 Etenim
932 2411 987 2457 et
1016 2402 1118 2457 hoc
1137 2411 1190 2456 et
1209 2401 1333 2456 illud
1351 2410 1433 2457 est
1451 2402 1681 2472 positum

158 2495 200 2548 in
220 2505 366 2550 nostra
396 2505 670 2567 potestate
693 2537 709 2563 ,
741 2503 798 2550 ut
827 2494 910 2549 vel
934 2495 989 2549 in
1018 2494 1315 2564 gehennam
1340 2493 1635 2550 incidamus
1660 2536 1678 2562 ,

159 2586 216 2640 vel
235 2602 426 2657 regnum
453 2602 855 2657 consequamur
885 2605 897 2641 :
931 2587 1182 2657 quoniam
1216 2587 1357 2642 Deus
1386 2588 1464 2643 sic
1493 2587 1677 2642 voluit.

165 2674 406 2745 Ecceenim,
440 2679 618 2750 inquit
639 2720 652 2745 ,
684 2680 847 2750 ignem
875 2688 919 2732 et
944 2695 1128 2748 aquam
1161 2695 1179 2732 :
1206 2678 1275 2733 ad
1303 2679 1440 2748 quod
1464 2680 1679 2733 volueris

167 2770 331 2824 menda
351 2787 551 2825 manum
581 2781 729 2825 tuan:
749 2769 934 2840 (Eecli.
958 2770 1045 2825 15.
1075 2769 1163 2825 16.
1190 2771 1242 2823 in
1271 2766 1492 2843 erco);
1518 2780 1597 2836 et,
1618 2768 1680 2824 Si

172 2861 347 2919 volueritis
370 2904 383 2929 ,
414 2873 460 2917 et
500 2880 583 2918 me
635 2862 898 2918 audieritis
928 2902 943 2927 ,
997 2861 1125 2915 bona
1160 2871 1308 2916 term
1362 2862 1631 2916 comedetis
1660 2862 1674 2892 ¹

172 2952 265 3022 (ιω.
289 2958 330 3009 l.
359 2956 468 3029 19).

211 3047 242 3101 3.
269 3047 474 3120 Regnum
521 3048 771 3103 malorum
811 3047 1062 3119 quomodo
1106 3046 1488 3117 arquirmdum.
1515 3075 1585 3088 ε·-
1610 3048 1680 3102 At

167 3137 324 3197 fortasse
343 3143 474 3197 dicet
496 3140 794 3214 quispiam,
814 3139 971 3196 Volo.
1004 3140 1068 3195 Et
1089 3154 1256 3195 nemo
1282 3140 1355 3194 ita
1377 3140 1572 3195 stultus
1593 3149 1678 3195 est

166 3242 198 3286 ut
215 3234 312 3289 nolit
341 3278 354 3299 ,
379 3234 470 3291 sed
497 3250 614 3291 non
639 3233 833 3290 sufficit
858 3234 986 3289 mihi
1012 3235 1168 3289 velle.
1205 3233 1499 3288 Enimvero
1524 3233 1676 3288 suffi-

160 3322 221 3388 cit,
237 3325 269 3379 si
290 3323 406 3380 velis
428 3336 484 3380 ut
508 3333 751 3396 Oportet,
778 3332 832 3379 et
858 3339 919 3379 ea
949 3323 1112 3379 facias
1138 3338 1255 3394 qua:
1278 3323 1505 3379 volentis
1526 3332 1674 3378 sunt:

159 3429 256 3470 nunc
276 3425 428 3472 autem
458 3432 564 3472 non
599 3414 887 3470 admodum
913 3416 1014 3472 vis.
1038 3414 1114 3469 Et
1139 3414 1240 3470 hoc
1264 3415 1318 3470 in
1346 3414 1466 3470 aliis
1493 3416 1677 3486 explo-

157 3519 286 3561 remus
308 3548 321 3573 ,
348 3510 388 3563 si
418 3510 622 3580 placet.
658 3508 753 3563 Dic
782 3507 924 3563 enim
952 3506 1083 3562 mihi
1117 3549 1132 3572 ,
1176 3508 1267 3579 qui
1296 3508 1409 3562 vult
1453 3523 1675 3562 uxorem

155 3596 297 3656 ducem
323 3642 337 3666 ,
373 3604 572 3657 satisne
611 3600 772 3656 habet
811 3599 953 3670 quod
981 3600 1144 3655 velit?
1169 3598 1512 3671 Nequaquam
1538 3616 1552 3666 ;
1581 3598 1676 3655 sed

118 3760 121 3761 ν
159 3690 266 3745 etiam
285 3694 534 3762 pronubas
559 3692 761 3765 quaerit
787 3733 805 3760 ,
834 3702 890 3748 et
913 3692 1115 3747 amicos
1146 3702 1300 3762 rogat
1327 3705 1510 3746 secum
1537 3691 1674 3763 vigi-

159 3777 255 3849 lent,
280 3785 627 3856 pecuniasth
650 3784 871 3855 colligit.
893 3783 1099 3840 Rursus
1119 3792 1405 3850 mercator,
1438 3772 1541 3838 neu
1573 3783 1673 3838 do-

158 3872 201 3923 mi
215 3873 375 3930 sedens
394 3878 523 3933 satis
546 3876 717 3932 habet
739 3875 881 3947 quod
896 3875 1042 3942 velit,
1073 3874 1165 3931 sed
1187 3890 1377 3930 navem
1399 3874 1672 3940 conducit,

155 3969 188 4013 et
202 3973 352 4020 nautas
369 3968 712 4038 remigesque
731 3966 973 4037 colligit,
1006 3967 1283 4036 pecuniam
1312 3966 1404 4022 dat
1433 3966 1624 4023 fmnori
1656 4008 1671 4034 ,

152 4055 249 4108 etde
266 4056 407 4126 locis,
424 4059 614 4132 deque
636 4074 816 4116 rerum
841 4059 1109 4116 venalium
1140 4058 1315 4129 pretio
1351 4060 1567 4115 curiose
1595 4059 1675 4114 in-

149 4145 280 4211 quirit.
297 4147 559 4216 Quomodo
580 4150 745 4223 igitur
761 4165 866 4206 non
893 4150 1179 4206 absurdum
1195 4149 1351 4207 fuerit
1370 4151 1423 4206 in
1446 4152 1673 4208 terrenis

150 4241 299 4292 tantam
324 4242 571 4300 adhibere
611 4258 828 4310 curam;
855 4243 1045 4299 cmlum
1074 4253 1251 4299 autem
1281 4258 1462 4300 emere
1485 4243 1673 4299 volen-

151 4329 222 4391 leS,
242 4328 332 4384 sola
352 4333 623 4388 voluntate
651 4342 932 4389 contentos
960 4333 1124 4389 esse?
1165 4333 1274 4389 imo
1300 4350 1429 4390 vero
1473 4350 1540 4389 ne
1569 4333 1675 4390 hoc

151 4411 279 4481 iilium
296 4436 405 4477 cum
446 4425 769 4496 congruenti
795 4424 1069 4496 diligentia
1099 4427 1388 4496 prtestare?
1426 4426 1557 4482 Nam
1582 4429 1674 4498 qui

150 4504 231 4560 vult
253 4517 300 4563 ut
320 4524 539 4583 oportet,
574 4529 667 4570 res
689 4529 899 4586 quoque
932 4516 1255 4587 aggreditur,
1303 4532 1422 4587 quae
1460 4518 1527 4573 ad
1557 4533 1671 4573 rem

152 4600 375 4665 expolitam
395 4606 621 4662 ducunt.
651 4606 865 4664 Etenim
895 4608 1109 4678 quando
1137 4610 1345 4664 esuries
1380 4610 1677 4667 necessita-

153 4692 230 4743 ιειη
251 4693 379 4753 aﬂert
403 4700 528 4765 cibi,
573 4712 684 4756 non
707 4710 987 4772 exspectas
1008 4712 1064 4757 ut
1087 4703 1338 4760 alimenta
1366 4710 1559 4775 sponte
1578 4719 1674 4761 sua

154 4778 202 4833 ad
223 4789 263 4837 te
283 4790 503 4858 veniant,
526 4790 626 4847 sed
654 4792 789 4846 nihil
816 4807 923 4848 non
951 4793 1066 4865 agis
1103 4802 1163 4849 ut
1200 4810 1378 4851 escam
1404 4796 1625 4867 colligas
1656 4813 1671 4851 ε

156 4880 195 4923 et
215 4872 254 4929 in
272 4879 413 4938 sitiet
436 4884 489 4939 in
528 4885 751 4957 frigore,
793 4886 846 4941 in
871 4887 1098 4958 aliisque
1145 4888 1395 4945 omnibus
1421 4904 1589 4946 navus
1614 4905 1676 4947 es

157 4970 197 5013 el
216 4966 265 5020 Id
282 4983 445 5029 curam
468 4977 713 5047 corporis
738 4987 970 5048 paratus.
1002 4977 1114 5034 Hoc
1133 4993 1262 5050 ergo
1279 4980 1421 5035 circa
1448 4996 1674 5052 regnum

154 5052 352 5117 nierum
379 5065 558 5135 facito,
582 5077 641 5145 e_t
669 5068 891 5125 omnino
918 5068 1091 5141 ipsum
1131 5073 1501 5145 consequeris.
1553 5071 1678 5130 ideo

152 5151 333 5218 “amitae
355 5161 404 5209 te
420 5131 598 5213 libero
616 5131 838 5214 arbitrio
862 5131 1141 5230 prmditnm
1169 5136 1298 5218 fecit
1317 5131 1495 5230 heus,
1525 5173 1583 5220 ut
1608 5179 1678 5222 ne

156 5241 298 5298 Postea
328 5258 542 5305 accuses
568 5262 694 5306 eum
720 5252 873 5324 quasi
903 5254 1225 5312 necessitate
1252 5255 1554 5328 colligatus.
1593 5259 1675 5316 Tu

155 5342 259 5429 vero
276 5337 334 5394 de
356 5342 438 5409 iis,
466 5358 692 5416 quorum
715 5347 975 5406 honinem
996 5360 1062 5406 'es
1088 5360 1472 5423 consequutus,
1503 5353 1570 5409 de
1590 5354 1676 5422 iis,

155 5434 346 5519 mquam,
364 5436 691 5509 indignaris?
710 5441 843 5498 Nam
864 5443 1061 5502 multos
1083 5444 1260 5501 audivi
1280 5445 1546 5511 dicentes,
1573 5448 1680 5504 Cur

160 5518 351 5580 meieoit
381 5528 676 5601 virtutis,‘si
719 5535 900 5604 velim,
942 5539 1291 5608 compotem?
1316 5536 1424 5594 Sed
1464 5544 1681 5609 oporte-

985 5763 1282 5817 versiculnm
1306 5763 1480 5829 legunt
1504 5777 1517 5816 :
1544 5761 1679 5826 Quod

174 5799 1025 5881 “auma‘snaa'zﬁmw

424 5896 680 5961 Ριτιιοι..
725 5901 843 5965 Gn.
899 5899 1052 5964 LXI.

1158 346 1226 402 1N
1264 344 1478 403 EPIST.
1522 346 1540 399 ι
1604 343 1699 400 AD
1737 341 1890 399 (ΞΟΠ.
1935 341 2164 399 HOMIL.
2209 345 2351 402 XIV.

3302 353 3402 406 “8

1805 458 1965 514 batne
1988 469 2040 516 te
2066 460 2493 517 dormientemet
2514 461 2915 529 dormitantem,
2937 464 3079 519 vitiis
3100 464 3394 525 addictum.

1806 549 2170 621 deliciantem,
2201 554 2372 609 ventri
2404 553 2772 625 indulgentem
2806 555 2858 611 in
2883 556 3074 612 caelum
3105 556 3397 614 inducere?

1805 644 1874 698 At
1900 660 1930 700 a
1961 644 2089 701 vitio
2116 661 2224 701 non
2245 646 2637 703 abstinuisses.’
2655 647 2712 703 Si
2743 649 2885 704 enim
2910 665 3054 706 nunc
3074 650 3396 708 instantibus

1803 734 1982 803 minis,
2017 752 2191 807 neque
2218 738 2296 793 sic
2323 753 2354 793 a
2380 739 2616 809 nequitia
2644 739 2883 796 abstines
2903 782 2919 809 ,
2966 734 3393 800 etiamsi-caelum

1804 826 1897 881 tibi
1949 829 2226 898 praemium
2269 831 2655 901 proposuisset,
2683 834 3023 902 quandonam
3072 836 3394 891 cessavisses

1804 916 1920 973 ﬁeri
1950 920 2231 976 socordior
2253 931 2307 977 et
2339 923 2512 978 multo
2542 923 2816 979 deterior?
2852 924 2967 979 Non
3017 925 3160 981 enim
3215 927 3395 984 dicere

1800 1012 1996 1078 possis,
2030 1010 2278 1068 Ostendit
2303 1013 2518 1083 quidem
2550 1014 2712 1082 bona,
2759 1015 2852 1071 sed
2880 1032 3036 1086 opem
3077 1033 3182 1073 non
3225 1019 3343 1074 tulit
3375 1037 3389 1075 :

1801 1103 2028 1158 multum
2061 1105 2205 1160 enim
2232 1107 2412 1162 auxilii
2451 1107 2543 1164 tibi
2575 1109 2877 1178 pollicetur.
2909 1110 3015 1166 Sed
3068 1112 3258 1178 virtus,
3306 1113 3387 1169 in-

1800 1195 1971 1264 quies,
1996 1210 2224 1252 onerosa
2255 1207 2338 1254 est
2364 1208 2419 1254 et
2447 1200 2708 1265 molesta;
2738 1217 2860 1256 cum
2888 1203 3017 1257 vitio
3038 1214 3218 1260 autem
3252 1205 3391 1260 ntul-

1796 1295 1910 1341 tum
1943 1289 2325 1345 commiscetur
2357 1291 2674 1360 voluptatis;
2723 1302 2777 1347 et
2820 1293 2924 1348 hoc
2964 1294 3179 1365 quidem
3225 1296 3386 1351 latum

1796 1388 1880 1433 est
1907 1389 1961 1434 et
1989 1380 2304 1450 spatiosum,
2329 1386 2495 1437 virtus
2509 1393 2689 1438 autem
2715 1392 2859 1439 arcta
2883 1392 2937 1439 et
2963 1396 3203 1456 angusta.
3225 1387 3382 1451 Num,

1795 1487 2000 1542 quaeso,
2033 1487 2250 1543 semper
2274 1490 2340 1530 an
2378 1475 2446 1529 ab
2476 1476 2628 1530 initio
2650 1477 2813 1533 ambo
2842 1478 3107 1549 ejusmodi
3140 1479 3388 1535 fuerunt?

1796 1563 1871 1619 De
1901 1565 2095 1620 virtute
2124 1567 2267 1622 enim
2302 1566 2500 1623 invitus
2526 1568 2658 1624 dicis
2687 1584 2748 1624 ca
2777 1585 2896 1639 qute
2914 1570 3080 1637 dicis;
3101 1571 3172 1626 ita
3195 1579 3385 1641 potens

1790 1663 1876 1709 est
1899 1657 2113 1712 veritas.
2140 1656 2273 1712 Nam
2308 1659 2353 1713 si
2383 1660 2502 1714 dum
2545 1669 2725 1715 essent
2765 1661 2886 1728 viu‘,
2930 1677 3155 1732 quarum
3187 1663 3288 1718 alia
3318 1664 3383 1717 ad

1791 1745 2086 1813 fornacem,
2119 1750 2220 1805 alia
2246 1750 2312 1805 ad
2342 1752 2647 1822 paradisum
2676 1753 2920 1822 duceret,
2954 1765 3007 1809 et
3035 1755 3140 1810 lata
3167 1756 3381 1827 quidem

1791 1840 1856 1895 ad
1896 1842 2188 1909 fornacem,
2222 1853 2367 1899 arcta
2390 1860 2519 1902 vero
2540 1846 2604 1902 ad
2630 1847 2932 1917 paradisum
2966 1865 2981 1903 :
3012 1858 3186 1903 utram
3213 1849 3383 1919 elige»

1789 1949 1877 1989 res
1908 1935 2093 1989 viam?
2121 1934 2346 1993 Etiamsi
2373 1938 2518 1993 enim
2548 1953 2688 1995 nunc
2716 1939 2994 2010 diSputans
3014 1938 3379 2004 eontradicas.

1788 2028 2129 2095 quantumvis
2156 2027 2439 2099 impudens
2460 2029 2647 2099 fueris,
2673 2029 2739 2087 iis
2757 2046 2875 2102 qua:
2902 2031 2954 2086 in
2984 2032 3233 2089 confesso
3257 2044 3383 2089 sunt

1787 2134 1895 2173 non
1924 2120 2124 2189 poteris
2164 2122 2555 2178 contradicere.
2599 2121 2734 2178 Nam
2790 2122 2933 2195 quod
2985 2139 3048 2180 ea
3093 2124 3163 2179 sit
3213 2126 3381 2196 magis

1784 2211 2054 2283 eligenda,
2081 2229 2200 2284 qua:
2223 2214 2382 2271 habet
2398 2214 2590 2271 durum
2614 2215 2842 2282 initium,
2867 2216 3376 2280 non‘autem‘finem,

1787 2303 1947 2359 abiis
1973 2319 2093 2374 qua:
2145 2305 2196 2359 in
2228 2315 2476 2377 promptu
2526 2317 2653 2362 sunt
2691 2306 2887 2363 docere
2937 2309 3194 2365 conabor.
3228 2309 3294 2364 Et
3332 2298 3377 2364 si

1787 2395 1981 2467 placet,
2012 2406 2157 2453 artes
2187 2399 2417 2469 primum
2445 2409 2770 2457 tractemus:
2792 2401 2896 2457 illa:
2919 2417 3148 2472 namque
3168 2403 3376 2458 initium

1789 2486 1971 2543 labore
1997 2489 2210 2559 plenum
2242 2490 2464 2559 habent,
2510 2491 2671 2549 finem
2714 2508 2844 2549 vero
2893 2503 3279 2565 qumstuosum.
3310 2497 3377 2550 At

1787 2595 1963 2648 nemo,
1994 2581 2224 2651 inquies,
2259 2591 2431 2639 artem
2457 2585 2653 2657 attigit,
2682 2586 2783 2643 nisi
2811 2576 2838 2641 a
2878 2589 3128 2658 quopiam
3157 2603 3375 2660 cogere-

1783 2683 1889 2727 tur.
1918 2671 2049 2727 Nam
2081 2673 2124 2728 si
2149 2688 2281 2743 puer
2299 2674 2380 2729 sui
2402 2675 2541 2745 juris
2572 2677 2660 2744 sit,
2686 2677 2850 2733 malet
2878 2678 2931 2733 in
2960 2678 3167 2734 deliciis
3197 2680 3377 2733 vivere

1784 2763 1957 2831 initio,
1977 2773 2029 2820 ct
2047 2763 2099 2819 in
2126 2765 2230 2821 fine
2251 2766 2527 2822 innumera
2547 2769 2750 2839 perpeti
2778 2768 2939 2836 mala,
2964 2783 3122 2840 quam
3154 2771 3206 2824 in
3231 2770 3375 2841 prin-

1781 2857 1923 2927 cipio
1970 2858 2166 2914 misere
2215 2860 2426 2928 vivere,
2473 2869 2529 2915 et
2579 2861 2822 2917 laborum
2877 2861 3088 2916 illorum
3140 2862 3370 2918 fructum

1782 2962 1967 3022 postea
1992 2953 2224 3025 assequi.
2252 2952 2392 3025 Ergo
2410 2954 2498 3010 illa
2525 2954 2727 3026 eligere
2755 2963 2840 3011 est
2856 2955 3162 3026 orphanica:
3180 2957 3373 3012 mentis

1781 3055 1837 3100 et
1867 3046 2083 3115 puerilis
2107 3048 2369 3103 socordia:
2394 3065 2409 3113 ;
2438 3050 2712 3105 contraria
2753 3063 2884 3105 vero
2909 3048 3186 3121 prudentis
3209 3061 3269 3107 et
3295 3051 3374 3104 vi-

1781 3137 1896 3192 rilis
1922 3137 2104 3193 animi.
2132 3138 2225 3195 Sic
2248 3139 2408 3210 igitur
2433 3148 2488 3196 et
2514 3154 2635 3207 nos,
2667 3139 2771 3196 nisi
2800 3140 2981 3195 animo
3007 3141 3156 3212 pueri
3178 3141 3369 3208 simus,

1781 3244 1887 3285 non
1920 3231 1997 3286 illi
2032 3231 2276 3302 orphano
2302 3241 2359 3288 et
2408 3232 2619 3298 insano,
2657 3232 2750 3289 sed
2801 3232 2879 3289 illi
2921 3241 3128 3305 patrem
3157 3234 3372 3290 habenti

1782 3323 1983 3377 similes
2027 3324 2249 3378 erimus.
2275 3322 2501 3393 Oportet
2524 3339 2650 3395 ergo
2693 3325 2950 3395 puerilem
2977 3334 3213 3381 mentem
3240 3324 3374 3398 abji-

1777 3425 1926 3481 cere,
1950 3429 2055 3468 non
2084 3423 2262 3469 autem
2292 3430 2379 3470 res
2408 3416 2552 3489 ipsas
2575 3430 2850 3484 accusare,
2880 3426 2936 3472 et
2975 3417 3212 3489 aurigam
3242 3428 3371 3474 con.

1779 3504 2018 3559 scientiae
2053 3505 2362 3576 imponere;
2407 3506 2496 3578 qui
2523 3521 2629 3561 non
2674 3507 2815 3562 sinat
2839 3508 3016 3563 ventri
3054 3508 3328 3579 indulgere
3353 3550 3367 3570 .

1779 3592 1873 3649 sed
1900 3610 2118 3651 currere
2146 3604 2201 3651 et
2226 3595 2528 3653 decertare.
2570 3595 2852 3663 Quomodo
2885 3597 3026 3652 enim
3080 3596 3369 3654 absurdum

1779 3703 1887 3743 non
1916 3687 2096 3754 fuerit,
2127 3704 2325 3760 pueros
2371 3704 2493 3746 cum
2522 3689 2711 3745 labore
2738 3699 2792 3745 et
2812 3690 3011 3746 sudore
3041 3690 3246 3746 initium
3272 3689 3371 3746 du-

1779 3793 1904 3835 cere
1930 3779 1982 3834 in
2020 3781 2181 3835 rebus
2211 3796 2329 3852 qua:
2354 3783 2616 3853 principia
2644 3780 2846 3838 habent
2887 3782 3170 3849 laboriosa,
3208 3780 3366 3838 ﬁnem

1778 3880 1957 3925 autem
2007 3872 2297 3941 gratiosum
2327 3891 2339 3938 ;
2369 3888 2468 3929 nos
2494 3882 2672 3929 autem
2701 3877 2976 3931 contrario
3020 3876 3183 3931 modo
3232 3874 3369 3930 affici

1779 3979 1903 4035 erga
1931 3979 2020 4019 res
2047 3965 2398 4035 spirituales?
2449 3965 2675 4021 Etiamsi
2723 3966 2778 4022 in
2816 3968 2976 4022 rebus
3026 3966 3371 4023 saecularibus

1779 4071 1885 4112 non
1918 4056 2138 4112 omnino
2161 4067 2367 4112 certum
2418 4058 2487 4112 sit
2537 4056 2698 4112 finem
2728 4059 2842 4115 fore
2867 4058 3089 4113 bonum.
3118 4058 3250 4114 Nam
3275 4060 3375 4114 im-

1779 4156 1985 4202 matura
2011 4161 2178 4215 mors,
2199 4157 2504 4218 paupertas,
2524 4148 2898 4220 syc0phantia,
2923 4151 3372 4205 rerum'mutatio-

1778 4253 1876 4293 nes
1903 4247 1958 4294 et
1986 4238 2178 4293 similia
2209 4239 2398 4307 multa,
2444 4248 2565 4310 post
2592 4240 2794 4296 multos
2834 4241 3050 4298 labores
3093 4252 3152 4297 ut
3179 4241 3370 4298 fructu

1774 4331 2054 4403 privemur
2077 4331 2337 4386 efﬁciunt.
2354 4331 2418 4389 Si
2442 4348 2570 4388 vero
2589 4332 2749 4389 iidem
2778 4333 2918 4403 quod
2948 4342 3196 4405 quaerunt
3218 4347 3371 4390 asse-

1778 4433 2031 4494 quanlur,
2051 4439 2155 4479 non
2180 4439 2428 4496 magnum
2450 4425 2746 4496 percipient
2765 4425 3025 4491 fructum;
3048 4427 3099 4482 in
3117 4427 3369 4498 praesenti

1779 4531 2011 4587 namque
2035 4516 2139 4571 vita
2172 4516 2263 4572 illa
2291 4518 2470 4572 omnia
2494 4517 2887 4574 dissolvuntur.
2917 4516 3016 4574 Hic
3062 4527 3242 4573 autem
3258 4528 3367 4574 non

1774 4610 2045 4664 currimus
2061 4624 2159 4680 pro
2180 4610 2489 4680 huiusmodi
2512 4610 2678 4667 rebus
2695 4610 2901 4683 frigidis
2920 4619 2976 4666 et
2998 4610 3176 4678 ﬂuxis,
3198 4624 3373 4682 neque

1777 4697 1849 4755 de
1878 4698 1982 4755 [ine
2011 4700 2294 4766 timemus;
2325 4701 2418 4756 sed
2445 4702 2620 4773 major
2643 4710 2699 4757 et
2721 4701 2964 4758 securior
2989 4716 3116 4774 Spes
3140 4710 3225 4758 est
3253 4710 3374 4772 post

1779 4793 2076 4850 discessum
2102 4810 2167 4849 ex
2192 4794 2296 4851 hac
2324 4794 2452 4850 vita.
2480 4794 2739 4864 Quasnam
2764 4810 2894 4866 ergo
2918 4795 3073 4850 venia
3103 4793 3226 4861 erit,
3253 4806 3374 4866 quae

1780 4888 2058 4941 excusatio
2086 4886 2393 4942 nolentibus
2421 4885 2572 4943 adire
2600 4887 2811 4943 labores
2837 4902 2938 4959 pro
2964 4888 3165 4943 virtute
3198 4887 3372 4942 susci-

1778 4977 2048 5047 piendos?
2071 4977 2177 5034 Sed
2207 4978 2382 5034 adhuc
2399 4979 2751 5051 interrogant,
2772 4981 2881 5035 Cur
2904 4988 3129 5050 angusta
3152 4979 3376 5036 est’via?

1782 5070 1865 5126 Ad
1887 5071 2062 5141 regias
2074 5073 2229 5128 aedes
2258 5081 2498 5128 terrenas
2524 5086 2641 5128 non“
2652 5072 2785 5129 sinis
2802 5072 3006 5130 intrare
3023 5082 3377 5130 scortatorem

1782 5177 2105 5234 quemquam
2151 5164 2235 5220 vel
2283 5164 2491 5220 ebrium
2543 5174 2637 5220 aut
2676 5164 2940 5231 mollem;
2972 5174 3041 5221 et
3082 5164 3136 5221 in
3176 5165 3376 5221 caelum

1786 5255 1960 5326 ipsum
1981 5271 2105 5312 cum
2133 5255 2935 5325 licentia,deliciis,~-ebrietate,
2964 5255 3377 5312 avaritiavitiis-

1772 5361 1889 5419 'que
1910 5349 2181 5416 omnibus,
2214 5348 2460 5406 homines
2495 5346 2672 5405 induci
2726 5348 2924 5420 rogas?
2969 5364 3037 5404 an
3088 5348 3195 5404 hoc
3224 5348 3374 5404 venia

1785 5441 2004 5510 dignum
2042 5441 2158 5497 eet?

1858 5533 1913 5588 ιι.
1939 5532 2057 5589 Νοη
2084 5533 2209 5601 hoc,
2228 5526 2470 5606 inquies,
2498 5534 2886 5603 dico;'scd‘cur
2910 5532 3375 5589 virtusmon'viam

1789 5627 1959 5683 latam
1980 5627 2182 5685 habet?
2204 5629 2368 5700 Atqui
2406 5630 2453 5685 si
2472 5630 2725 5697 "velimus,
2743 5627 3042 5684 admodum
3068 5623 3378 5681 faeiﬁs'erit.

1794 5720 1935 5791 Quid
1958 5723 2131 5788 enim,
2160 5736 2367 5793 quaeso,
2410 5721 3058 5789 facilius'est,.mtmnne
3083 5714 3377 5789 perforare.

1793 5823 1849 5870 et
1874 5815 2105 5871 aliorum
2133 5815 2287 5872 bouis
2312 5815 2537 5888 direptis
2559 5815 2611 5871 in
2635 5828 2906 5871 carcerem
2927 5809 3118 5881 conjici
3136 5821 3253 5876 pan
3266 5804 3388 5865 suis

2972 5909 3021 6008 ‘8
