  <div class='ocr_page' id='page_1' title='image "/cluster/home/n/w/nwhite01/storage/ocr_20150623/61:no.10/coo.31924054869619/125.png"; bbox 0 0 3992 6434; ppageno 0'>
   <div class='ocr_carea' id='block_1_1' title="bbox 580 313 698 372">
    <p class='ocr_par' dir='ltr' id='par_1_1' title="bbox 580 313 698 372">
     <span class='ocr_line' id='line_1_1' title="bbox 580 313 698 372; baseline 0.017 -2"><span class='ocrx_word' id='word_1_1' title='bbox 580 313 698 372; x_wconf 68' lang='lat' dir='ltr'><strong>5N9</strong></span> 
     </span>
    </p>
   </div>
   <div class='ocr_carea' id='block_1_2' title="bbox 591 416 2178 491">
    <p class='ocr_par' dir='ltr' id='par_1_2' title="bbox 591 416 2178 491">
     <span class='ocr_line' id='line_1_2' title="bbox 591 416 2178 491; baseline -0.013 0"><span class='ocrx_word' id='word_1_2' title='bbox 591 440 902 491; x_wconf 86' lang='lat' dir='ltr'><strong>contentum</strong></span> <span class='ocrx_word' id='word_1_3' title='bbox 948 427 1090 483; x_wconf 87' lang='lat' dir='ltr'><strong>omni</strong></span> <span class='ocrx_word' id='word_1_4' title='bbox 1135 434 1280 482; x_wconf 86' lang='lat' dir='ltr'><strong>metu</strong></span> <span class='ocrx_word' id='word_1_5' title='bbox 1310 438 1427 477; x_wconf 85' lang='lat' dir='ltr'><strong>esse</strong></span> <span class='ocrx_word' id='word_1_6' title='bbox 1458 416 1723 474; x_wconf 88' lang='lat' dir='ltr'><strong>liberum?</strong></span> <span class='ocrx_word' id='word_1_7' title='bbox 1749 416 1907 486; x_wconf 77' lang='lat' dir='ltr'><strong>Atqui</strong></span> <span class='ocrx_word' id='word_1_8' title='bbox 1938 430 2041 470; x_wconf 88' lang='lat' dir='ltr'><strong>non</strong></span> <span class='ocrx_word' id='word_1_9' title='bbox 2067 416 2178 472; x_wconf 77' lang='lat' dir='ltr'><strong>dixi</strong></span> 
     </span>
    </p>
   </div>
   <div class='ocr_carea' id='block_1_3' title="bbox 594 506 2182 590">
    <p class='ocr_par' dir='ltr' id='par_1_3' title="bbox 594 506 2182 590">
     <span class='ocr_line' id='line_1_3' title="bbox 594 506 2182 590; baseline -0.015 -7"><span class='ocrx_word' id='word_1_10' title='bbox 594 538 785 583; x_wconf 58' lang='lat' dir='ltr'><strong>totum.</strong></span> <span class='ocrx_word' id='word_1_11' title='bbox 809 521 946 590; x_wconf 90' lang='lat' dir='ltr'><strong>Quid</strong></span> <span class='ocrx_word' id='word_1_12' title='bbox 976 520 1120 577; x_wconf 88' lang='lat' dir='ltr'><strong>enim</strong></span> <span class='ocrx_word' id='word_1_13' title='bbox 1152 516 1382 581; x_wconf 89' lang='lat' dir='ltr'><strong>facilius,</strong></span> <span class='ocrx_word' id='word_1_14' title='bbox 1411 512 1496 567; x_wconf 87' lang='lat' dir='ltr'><strong>die</strong></span> <span class='ocrx_word' id='word_1_15' title='bbox 1524 509 1676 574; x_wconf 89' lang='lat' dir='ltr'><strong>mihi,</strong></span> <span class='ocrx_word' id='word_1_16' title='bbox 1706 524 1915 564; x_wconf 80' lang='lat' dir='ltr'><strong>aurum</strong></span> <span class='ocrx_word' id='word_1_17' title='bbox 1943 506 2182 560; x_wconf 86' lang='lat' dir='ltr'><strong>omnium</strong></span> 
     </span>
    </p>
   </div>
   <div class='ocr_carea' id='block_1_4' title="bbox 596 595 2187 686">
    <p class='ocr_par' dir='ltr' id='par_1_4' title="bbox 596 595 2187 686">
     <span class='ocr_line' id='line_1_4' title="bbox 596 595 2187 686; baseline -0.016 -12"><span class='ocrx_word' id='word_1_18' title='bbox 596 621 734 674; x_wconf 87' lang='lat' dir='ltr'><strong>bona</strong></span> <span class='ocrx_word' id='word_1_19' title='bbox 763 611 1095 686; x_wconf 85' lang='lat' dir='ltr'><strong>subripueris</strong></span> <span class='ocrx_word' id='word_1_20' title='bbox 1121 650 1136 676; x_wconf 95' lang='lat'><strong>,</strong></span> <span class='ocrx_word' id='word_1_21' title='bbox 1182 618 1235 662; x_wconf 84' lang='lat' dir='ltr'><strong>et</strong></span> <span class='ocrx_word' id='word_1_22' title='bbox 1260 622 1328 661; x_wconf 86' lang='lat' dir='ltr'><strong>ex</strong></span> <span class='ocrx_word' id='word_1_23' title='bbox 1361 603 1545 675; x_wconf 78' lang='lat' dir='ltr'><strong>paucis</strong></span> <span class='ocrx_word' id='word_1_24' title='bbox 1582 601 1746 656; x_wconf 88' lang='lat' dir='ltr'><strong>breve</strong></span> <span class='ocrx_word' id='word_1_25' title='bbox 1774 610 1982 670; x_wconf 78' lang='lat' dir='ltr'><strong>tempus</strong></span> <span class='ocrx_word' id='word_1_26' title='bbox 2010 597 2063 653; x_wconf 90' lang='lat' dir='ltr'><strong>in</strong></span> <span class='ocrx_word' id='word_1_27' title='bbox 2092 595 2187 651; x_wconf 85' lang='lat' dir='ltr'><strong>tle-</strong></span> 
     </span>
    </p>
   </div>
   <div class='ocr_carea' id='block_1_5' title="bbox 596 688 2185 777">
    <p class='ocr_par' dir='ltr' id='par_1_5' title="bbox 596 688 2185 777">
     <span class='ocr_line' id='line_1_5' title="bbox 596 688 2185 777; baseline -0.014 -13"><span class='ocrx_word' id='word_1_28' title='bbox 596 710 734 764; x_wconf 88' lang='lat' dir='ltr'><strong>liciis</strong></span> <span class='ocrx_word' id='word_1_29' title='bbox 761 705 955 777; x_wconf 81' lang='lat' dir='ltr'><strong>egeris,</strong></span> <span class='ocrx_word' id='word_1_30' title='bbox 989 698 1361 757; x_wconf 89' lang='lat' dir='ltr'><strong>immortaliter</strong></span> <span class='ocrx_word' id='word_1_31' title='bbox 1388 694 1621 765; x_wconf 93' lang='lat' dir='ltr'><strong>torqueri</strong></span> <span class='ocrx_word' id='word_1_32' title='bbox 1648 701 1701 747; x_wconf 91' lang='lat' dir='ltr'><strong>et</strong></span> <span class='ocrx_word' id='word_1_33' title='bbox 1730 691 1907 762; x_wconf 77' lang='lat' dir='ltr'><strong>flagris</strong></span> <span class='ocrx_word' id='word_1_34' title='bbox 1933 688 2090 755; x_wconf 64' lang='grc' dir='ltr'><em>εαθᾶί,</em></span> <span class='ocrx_word' id='word_1_35' title='bbox 2118 704 2185 743; x_wconf 89' lang='lat' dir='ltr'><strong>an</strong></span> 
     </span>
    </p>
   </div>
   <div class='ocr_carea' id='block_1_6' title="bbox 598 786 2186 869">
    <p class='ocr_par' dir='ltr' id='par_1_6' title="bbox 598 786 2186 869">
     <span class='ocr_line' id='line_1_6' title="bbox 598 786 2186 869; baseline -0.016 -11"><span class='ocrx_word' id='word_1_36' title='bbox 598 817 719 858; x_wconf 84' lang='lat' dir='ltr'><strong>cum</strong></span> <span class='ocrx_word' id='word_1_37' title='bbox 745 801 800 854; x_wconf 90' lang='lat' dir='ltr'><strong>in</strong></span> <span class='ocrx_word' id='word_1_38' title='bbox 826 797 968 869; x_wconf 86' lang='lat' dir='ltr'><strong>justa</strong></span> <span class='ocrx_word' id='word_1_39' title='bbox 1006 799 1317 864; x_wconf 71' lang='lat' dir='ltr'><strong>paupertate</strong></span> <span class='ocrx_word' id='word_1_40' title='bbox 1355 786 1552 842; x_wconf 79' lang='lat' dir='ltr'><strong>vixeris</strong></span> <span class='ocrx_word' id='word_1_41' title='bbox 1579 798 1743 856; x_wconf 88' lang='lat' dir='ltr'><strong>parvo</strong></span> <span class='ocrx_word' id='word_1_42' title='bbox 1773 795 2032 852; x_wconf 90' lang='lat' dir='ltr'><strong>tempore,</strong></span> <span class='ocrx_word' id='word_1_43' title='bbox 2063 795 2186 849; x_wconf 86' lang='lat' dir='ltr'><strong>per-</strong></span> 
     </span>
    </p>
   </div>
   <div class='ocr_carea' id='block_1_7' title="bbox 596 873 2189 964">
    <p class='ocr_par' dir='ltr' id='par_1_7' title="bbox 596 873 2189 964">
     <span class='ocr_line' id='line_1_7' title="bbox 596 873 2189 964; baseline -0.011 -20"><span class='ocrx_word' id='word_1_44' title='bbox 596 902 758 964; x_wconf 86' lang='lat' dir='ltr'><strong>petuo</strong></span> <span class='ocrx_word' id='word_1_45' title='bbox 788 898 969 959; x_wconf 91' lang='lat' dir='ltr'><strong>postea</strong></span> <span class='ocrx_word' id='word_1_46' title='bbox 995 885 1050 939; x_wconf 91' lang='lat' dir='ltr'><strong>in</strong></span> <span class='ocrx_word' id='word_1_47' title='bbox 1075 881 1285 939; x_wconf 82' lang='lat' dir='ltr'><strong>deliciis</strong></span> <span class='ocrx_word' id='word_1_48' title='bbox 1324 878 1523 950; x_wconf 78' lang='lat' dir='ltr'><strong>agere?</strong></span> <span class='ocrx_word' id='word_1_49' title='bbox 1552 875 1786 931; x_wconf 90' lang='lat' dir='ltr'><strong>nondum</strong></span> <span class='ocrx_word' id='word_1_50' title='bbox 1822 873 2189 929; x_wconf 87' lang='lat' dir='ltr'><strong>cxaminemus</strong></span> 
     </span>
    </p>
   </div>
   <div class='ocr_carea' id='block_1_8' title="bbox 596 964 2091 1054">
    <p class='ocr_par' dir='ltr' id='par_1_8' title="bbox 596 964 2091 1054">
     <span class='ocr_line' id='line_1_8' title="bbox 596 964 2091 1054; baseline -0.014 -16"><span class='ocrx_word' id='word_1_51' title='bbox 596 981 721 1054; x_wconf 90' lang='lat' dir='ltr'><strong>quid</strong></span> <span class='ocrx_word' id='word_1_52' title='bbox 744 980 815 1037; x_wconf 90' lang='lat' dir='ltr'><strong>sit</strong></span> <span class='ocrx_word' id='word_1_53' title='bbox 840 976 1188 1041; x_wconf 74' lang='lat' dir='ltr'><strong>fructuosius,</strong></span> <span class='ocrx_word' id='word_1_54' title='bbox 1217 970 1314 1027; x_wconf 85' lang='lat' dir='ltr'><strong>sed</strong></span> <span class='ocrx_word' id='word_1_55' title='bbox 1352 970 1564 1025; x_wconf 80' lang='lat' dir='ltr'><strong>interim</strong></span> <span class='ocrx_word' id='word_1_56' title='bbox 1596 966 1721 1039; x_wconf 89' lang='lat' dir='ltr'><strong>quid</strong></span> <span class='ocrx_word' id='word_1_57' title='bbox 1764 967 1834 1022; x_wconf 92' lang='lat' dir='ltr'><strong>sit</strong></span> <span class='ocrx_word' id='word_1_58' title='bbox 1862 964 2091 1019; x_wconf 91' lang='lat' dir='ltr'><strong>facilius.</strong></span> 
     </span>
    </p>
   </div>
   <div class='ocr_carea' id='block_1_9' title="bbox 680 1058 2190 1137">
    <p class='ocr_par' dir='ltr' id='par_1_9' title="bbox 680 1058 2190 1137">
     <span class='ocr_line' id='line_1_9' title="bbox 680 1058 2190 1137; baseline -0.015 -8"><span class='ocrx_word' id='word_1_59' title='bbox 680 1074 852 1129; x_wconf 79' lang='lat' dir='ltr'><strong>Virtus</strong></span> <span class='ocrx_word' id='word_1_60' title='bbox 879 1087 981 1125; x_wconf 84' lang='lat' dir='ltr'><strong>non</strong></span> <span class='ocrx_word' id='word_1_61' title='bbox 1027 1079 1101 1123; x_wconf 80' lang='lat' dir='ltr'><strong>est</strong></span> <span class='ocrx_word' id='word_1_62' title='bbox 1143 1081 1347 1137; x_wconf 73' lang='lat' dir='ltr'><strong>aspera.</strong></span> <span class='ocrx_word' id='word_1_63' title='bbox 1378 1092 1449 1105; x_wconf 91' lang='lat'><strong>—-</strong></span> <span class='ocrx_word' id='word_1_64' title='bbox 1474 1061 1611 1132; x_wconf 86' lang='lat' dir='ltr'><strong>Quid</strong></span> <span class='ocrx_word' id='word_1_65' title='bbox 1654 1058 1943 1130; x_wconf 85' lang='lat' dir='ltr'><strong>jucundius</strong></span> <span class='ocrx_word' id='word_1_66' title='bbox 1981 1063 2190 1126; x_wconf 79' lang='lat' dir='ltr'><strong>gratum</strong></span> 
     </span>
    </p>
   </div>
   <div class='ocr_carea' id='block_1_10' title="bbox 598 1146 2194 1224">
    <p class='ocr_par' dir='ltr' id='par_1_10' title="bbox 598 1146 2194 1224">
     <span class='ocr_line' id='line_1_10' title="bbox 598 1146 2194 1224; baseline -0.013 -3"><span class='ocrx_word' id='word_1_67' title='bbox 598 1166 778 1222; x_wconf 89' lang='lat' dir='ltr'><strong>videre</strong></span> <span class='ocrx_word' id='word_1_68' title='bbox 795 1162 1084 1224; x_wconf 87' lang='lat' dir='ltr'><strong>somnium,</strong></span> <span class='ocrx_word' id='word_1_69' title='bbox 1100 1166 1154 1214; x_wconf 91' lang='lat' dir='ltr'><strong>et</strong></span> <span class='ocrx_word' id='word_1_70' title='bbox 1173 1171 1299 1212; x_wconf 89' lang='lat' dir='ltr'><strong>vere</strong></span> <span class='ocrx_word' id='word_1_71' title='bbox 1321 1153 1582 1224; x_wconf 86' lang='lat' dir='ltr'><strong>supplicio</strong></span> <span class='ocrx_word' id='word_1_72' title='bbox 1602 1151 1738 1206; x_wconf 89' lang='lat' dir='ltr'><strong>aflici</strong></span> <span class='ocrx_word' id='word_1_73' title='bbox 1761 1166 1775 1216; x_wconf 94' lang='lat'><strong>;</strong></span> <span class='ocrx_word' id='word_1_74' title='bbox 1797 1158 1888 1204; x_wconf 91' lang='lat' dir='ltr'><strong>aut</strong></span> <span class='ocrx_word' id='word_1_75' title='bbox 1909 1146 2194 1202; x_wconf 89' lang='lat' dir='ltr'><strong>molestum</strong></span> 
     </span>
    </p>
   </div>
   <div class='ocr_carea' id='block_1_11' title="bbox 601 1243 2195 1321">
    <p class='ocr_par' dir='ltr' id='par_1_11' title="bbox 601 1243 2195 1321">
     <span class='ocr_line' id='line_1_11' title="bbox 601 1243 2195 1321; baseline -0.013 -6"><span class='ocrx_word' id='word_1_76' title='bbox 601 1260 870 1317; x_wconf 88' lang='lat' dir='ltr'><strong>somnium</strong></span> <span class='ocrx_word' id='word_1_77' title='bbox 900 1255 1120 1321; x_wconf 88' lang='lat' dir='ltr'><strong>vidisse,</strong></span> <span class='ocrx_word' id='word_1_78' title='bbox 1150 1262 1206 1309; x_wconf 91' lang='lat' dir='ltr'><strong>et</strong></span> <span class='ocrx_word' id='word_1_79' title='bbox 1232 1264 1359 1305; x_wconf 89' lang='lat' dir='ltr'><strong>vere</strong></span> <span class='ocrx_word' id='word_1_80' title='bbox 1385 1247 1665 1304; x_wconf 86' lang='lat' dir='ltr'><strong>deliciari?</strong></span> <span class='ocrx_word' id='word_1_81' title='bbox 1692 1260 1868 1300; x_wconf 84' lang='lat' dir='ltr'><strong>annon</strong></span> <span class='ocrx_word' id='word_1_82' title='bbox 1909 1243 2083 1314; x_wconf 74' lang='lat' dir='ltr'><strong>palam</strong></span> <span class='ocrx_word' id='word_1_83' title='bbox 2110 1249 2195 1298; x_wconf 88' lang='lat' dir='ltr'><strong>est</strong></span> 
     </span>
    </p>
   </div>
   <div class='ocr_carea' id='block_1_12' title="bbox 602 1334 2198 1422">
    <p class='ocr_par' dir='ltr' id='par_1_12' title="bbox 602 1334 2198 1422">
     <span class='ocr_line' id='line_1_12' title="bbox 602 1334 2198 1422; baseline -0.014 -15"><span class='ocrx_word' id='word_1_84' title='bbox 602 1348 1011 1422; x_wconf 88' lang='lat' dir='ltr'><strong>hocjueundius</strong></span> <span class='ocrx_word' id='word_1_85' title='bbox 1037 1343 1198 1401; x_wconf 83' lang='lat' dir='ltr'><strong>esse?</strong></span> <span class='ocrx_word' id='word_1_86' title='bbox 1218 1341 1501 1411; x_wconf 81' lang='lat' dir='ltr'><strong>Quomodo</strong></span> <span class='ocrx_word' id='word_1_87' title='bbox 1528 1340 1707 1410; x_wconf 84' lang='lat' dir='ltr'><strong>igitur,</strong></span> <span class='ocrx_word' id='word_1_88' title='bbox 1737 1336 1822 1391; x_wconf 90' lang='lat' dir='ltr'><strong>dic</strong></span> <span class='ocrx_word' id='word_1_89' title='bbox 1851 1334 2013 1401; x_wconf 90' lang='lat' dir='ltr'><strong>mihi,</strong></span> <span class='ocrx_word' id='word_1_90' title='bbox 2043 1348 2198 1403; x_wconf 84' lang='lat' dir='ltr'><strong>aspe-</strong></span> 
     </span>
    </p>
   </div>
   <div class='ocr_carea' id='block_1_13' title="bbox 604 1428 2197 1505">
    <p class='ocr_par' dir='ltr' id='par_1_13' title="bbox 604 1428 2197 1505">
     <span class='ocr_line' id='line_1_13' title="bbox 604 1428 2197 1505; baseline -0.012 -6"><span class='ocrx_word' id='word_1_91' title='bbox 604 1460 718 1499; x_wconf 89' lang='lat' dir='ltr'><strong>ram</strong></span> <span class='ocrx_word' id='word_1_92' title='bbox 753 1455 912 1496; x_wconf 89' lang='lat' dir='ltr'><strong>vocas</strong></span> <span class='ocrx_word' id='word_1_93' title='bbox 941 1435 1243 1493; x_wconf 78' lang='lat' dir='ltr'><strong>virtutem?</strong></span> <span class='ocrx_word' id='word_1_94' title='bbox 1285 1447 1476 1505; x_wconf 88' lang='lat' dir='ltr'><strong>aspera</strong></span> <span class='ocrx_word' id='word_1_95' title='bbox 1504 1430 1705 1486; x_wconf 88' lang='lat' dir='ltr'><strong>ctenim</strong></span> <span class='ocrx_word' id='word_1_96' title='bbox 1736 1436 1850 1494; x_wconf 90' lang='lat' dir='ltr'><strong>est,</strong></span> <span class='ocrx_word' id='word_1_97' title='bbox 1882 1428 1926 1481; x_wconf 88' lang='lat' dir='ltr'><strong>si</strong></span> <span class='ocrx_word' id='word_1_98' title='bbox 1954 1441 2074 1480; x_wconf 87' lang='lat' dir='ltr'><strong>cum</strong></span> <span class='ocrx_word' id='word_1_99' title='bbox 2104 1440 2197 1480; x_wconf 89' lang='lat' dir='ltr'><strong>ne-</strong></span> 
     </span>
    </p>
   </div>
   <div class='ocr_carea' id='block_1_14' title="bbox 603 1517 2199 1606">
    <p class='ocr_par' dir='ltr' id='par_1_14' title="bbox 603 1517 2199 1606">
     <span class='ocr_line' id='line_1_14' title="bbox 603 1517 2199 1606; baseline -0.013 -17"><span class='ocrx_word' id='word_1_100' title='bbox 603 1534 857 1606; x_wconf 72' lang='lat' dir='ltr'><strong>gligentia</strong></span> <span class='ocrx_word' id='word_1_101' title='bbox 886 1540 1071 1587; x_wconf 88' lang='lat' dir='ltr'><strong>nostra</strong></span> <span class='ocrx_word' id='word_1_102' title='bbox 1116 1536 1477 1598; x_wconf 87' lang='lat' dir='ltr'><strong>comparetur.</strong></span> <span class='ocrx_word' id='word_1_103' title='bbox 1512 1522 1665 1593; x_wconf 89' lang='lat' dir='ltr'><strong>Quod</strong></span> <span class='ocrx_word' id='word_1_104' title='bbox 1693 1521 1834 1575; x_wconf 90' lang='lat' dir='ltr'><strong>enim</strong></span> <span class='ocrx_word' id='word_1_105' title='bbox 1858 1521 1926 1573; x_wconf 85' lang='lat' dir='ltr'><strong>sit</strong></span> <span class='ocrx_word' id='word_1_106' title='bbox 1953 1517 2119 1572; x_wconf 75' lang='lat' dir='ltr'><strong>facilis</strong></span> <span class='ocrx_word' id='word_1_107' title='bbox 2144 1524 2199 1570; x_wconf 88' lang='lat' dir='ltr'><strong>et</strong></span> 
     </span>
    </p>
   </div>
   <div class='ocr_carea' id='block_1_15' title="bbox 607 1614 2201 1693">
    <p class='ocr_par' dir='ltr' id='par_1_15' title="bbox 607 1614 2201 1693">
     <span class='ocr_line' id='line_1_15' title="bbox 607 1614 2201 1693; baseline -0.012 -13"><span class='ocrx_word' id='word_1_108' title='bbox 607 1628 807 1693; x_wconf 81' lang='lat' dir='ltr'><strong>suavis,</strong></span> <span class='ocrx_word' id='word_1_109' title='bbox 836 1623 958 1679; x_wconf 91' lang='lat' dir='ltr'><strong>audi</strong></span> <span class='ocrx_word' id='word_1_110' title='bbox 987 1622 1112 1693; x_wconf 87' lang='lat' dir='ltr'><strong>quid</strong></span> <span class='ocrx_word' id='word_1_111' title='bbox 1139 1620 1281 1675; x_wconf 86' lang='lat' dir='ltr'><strong>dicat</strong></span> <span class='ocrx_word' id='word_1_112' title='bbox 1309 1618 1558 1674; x_wconf 80' lang='lat' dir='ltr'><strong>Christus</strong></span> <span class='ocrx_word' id='word_1_113' title='bbox 1590 1634 1604 1671; x_wconf 91' lang='lat'><strong>:</strong></span> <span class='ocrx_word' id='word_1_114' title='bbox 1634 1614 1827 1681; x_wconf 80' lang='lat' dir='ltr'><strong>Jugnm</strong></span> <span class='ocrx_word' id='word_1_115' title='bbox 1852 1627 2020 1665; x_wconf 84' lang='lat' dir='ltr'><strong>meum</strong></span> <span class='ocrx_word' id='word_1_116' title='bbox 2046 1624 2201 1664; x_wconf 75' lang='lat' dir='ltr'><strong>suave</strong></span> 
     </span>
    </p>
   </div>
   <div class='ocr_carea' id='block_1_16' title="bbox 604 1703 2198 1785">
    <p class='ocr_par' dir='ltr' id='par_1_16' title="bbox 604 1703 2198 1785">
     <span class='ocr_line' id='line_1_16' title="bbox 604 1703 2198 1785; baseline -0.011 -13"><span class='ocrx_word' id='word_1_117' title='bbox 604 1731 700 1785; x_wconf 71' lang='lat' dir='ltr'><strong>est,</strong></span> <span class='ocrx_word' id='word_1_118' title='bbox 731 1728 776 1771; x_wconf 88' lang='lat' dir='ltr'><strong>et</strong></span> <span class='ocrx_word' id='word_1_119' title='bbox 809 1732 939 1771; x_wconf 80' lang='lat' dir='ltr'><strong>onus</strong></span> <span class='ocrx_word' id='word_1_120' title='bbox 960 1730 1133 1768; x_wconf 83' lang='lat' dir='ltr'><strong>meum</strong></span> <span class='ocrx_word' id='word_1_121' title='bbox 1157 1712 1262 1766; x_wconf 77' lang='lat' dir='ltr'><strong>leve</strong></span> <span class='ocrx_word' id='word_1_122' title='bbox 1287 1711 1306 1782; x_wconf 95' lang='lat'>(</span> <span class='ocrx_word' id='word_1_123' title='bbox 1328 1708 1515 1763; x_wconf 73' lang='lat' dir='ltr'><strong>Matth.</strong></span> <span class='ocrx_word' id='word_1_124' title='bbox 1540 1707 1715 1762; x_wconf 80' lang='grc' dir='ltr'>ιι.εο</span> <span class='ocrx_word' id='word_1_125' title='bbox 1734 1710 1771 1775; x_wconf 87' lang='grc'><strong>).</strong></span> <span class='ocrx_word' id='word_1_126' title='bbox 1802 1703 1857 1760; x_wconf 88' lang='lat' dir='ltr'><strong>Si</strong></span> <span class='ocrx_word' id='word_1_127' title='bbox 1885 1711 2062 1757; x_wconf 88' lang='lat' dir='ltr'><strong>autem</strong></span> <span class='ocrx_word' id='word_1_128' title='bbox 2092 1716 2198 1755; x_wconf 89' lang='lat' dir='ltr'><strong>non</strong></span> 
     </span>
    </p>
   </div>
   <div class='ocr_carea' id='block_1_17' title="bbox 610 1793 2203 1877">
    <p class='ocr_par' dir='ltr' id='par_1_17' title="bbox 610 1793 2203 1877">
     <span class='ocr_line' id='line_1_17' title="bbox 610 1793 2203 1877; baseline -0.011 -12"><span class='ocrx_word' id='word_1_129' title='bbox 610 1812 779 1867; x_wconf 68' lang='lat' dir='ltr'><strong>sent-is</strong></span> <span class='ocrx_word' id='word_1_130' title='bbox 805 1803 1096 1872; x_wconf 72' lang='lat' dir='ltr'><strong>levitatem,</strong></span> <span class='ocrx_word' id='word_1_131' title='bbox 1126 1806 1466 1877; x_wconf 89' lang='lat' dir='ltr'><strong>perspicuum</strong></span> <span class='ocrx_word' id='word_1_132' title='bbox 1490 1812 1572 1857; x_wconf 90' lang='lat' dir='ltr'><strong>est</strong></span> <span class='ocrx_word' id='word_1_133' title='bbox 1597 1810 1647 1855; x_wconf 94' lang='lat' dir='ltr'><strong>te</strong></span> <span class='ocrx_word' id='word_1_134' title='bbox 1678 1816 1783 1853; x_wconf 88' lang='lat' dir='ltr'><strong>tton</strong></span> <span class='ocrx_word' id='word_1_135' title='bbox 1809 1795 2088 1851; x_wconf 81' lang='lat' dir='ltr'><strong>robusmm</strong></span> <span class='ocrx_word' id='word_1_136' title='bbox 2110 1793 2203 1848; x_wconf 85' lang='lat' dir='ltr'><strong>ha-</strong></span> 
     </span>
    </p>
   </div>
   <div class='ocr_carea' id='block_1_18' title="bbox 611 1890 2202 1959">
    <p class='ocr_par' dir='ltr' id='par_1_18' title="bbox 611 1890 2202 1959">
     <span class='ocr_line' id='line_1_18' title="bbox 611 1890 2202 1959; baseline -0.011 -1"><span class='ocrx_word' id='word_1_137' title='bbox 611 1907 739 1959; x_wconf 84' lang='lat' dir='ltr'><strong>bere</strong></span> <span class='ocrx_word' id='word_1_138' title='bbox 763 1904 1022 1957; x_wconf 89' lang='lat' dir='ltr'><strong>animum.</strong></span> <span class='ocrx_word' id='word_1_139' title='bbox 1051 1895 1201 1955; x_wconf 89' lang='lat' dir='ltr'><strong>Sicut</strong></span> <span class='ocrx_word' id='word_1_140' title='bbox 1228 1897 1371 1952; x_wconf 87' lang='lat' dir='ltr'><strong>enim</strong></span> <span class='ocrx_word' id='word_1_141' title='bbox 1399 1910 1520 1949; x_wconf 90' lang='lat' dir='ltr'><strong>cum</strong></span> <span class='ocrx_word' id='word_1_142' title='bbox 1565 1892 1726 1947; x_wconf 84' lang='lat' dir='ltr'><strong>talem</strong></span> <span class='ocrx_word' id='word_1_143' title='bbox 1757 1890 1943 1954; x_wconf 82' lang='lat' dir='ltr'><strong>habes,</strong></span> <span class='ocrx_word' id='word_1_144' title='bbox 1977 1901 2202 1942; x_wconf 87' lang='lat' dir='ltr'><strong>onerosa</strong></span> 
     </span>
    </p>
   </div>
   <div class='ocr_carea' id='block_1_19' title="bbox 613 1984 2201 2052">
    <p class='ocr_par' dir='ltr' id='par_1_19' title="bbox 613 1984 2201 2052">
     <span class='ocr_line' id='line_1_19' title="bbox 613 1984 2201 2052; baseline -0.011 -1"><span class='ocrx_word' id='word_1_145' title='bbox 613 1997 748 2052; x_wconf 90' lang='lat' dir='ltr'><strong>levia</strong></span> <span class='ocrx_word' id='word_1_146' title='bbox 778 2005 904 2050; x_wconf 73' lang='lat' dir='ltr'><strong>sunt</strong></span> <span class='ocrx_word' id='word_1_147' title='bbox 930 2012 943 2047; x_wconf 88' lang='lat'><strong>:</strong></span> <span class='ocrx_word' id='word_1_148' title='bbox 974 1988 1053 2048; x_wconf 83' lang='lat' dir='ltr'><strong>sic</strong></span> <span class='ocrx_word' id='word_1_149' title='bbox 1075 2005 1334 2047; x_wconf 79' lang='lat' dir='ltr'><strong>cum‘non</strong></span> <span class='ocrx_word' id='word_1_150' title='bbox 1389 1988 1577 2052; x_wconf 83' lang='lat' dir='ltr'><strong>habes,</strong></span> <span class='ocrx_word' id='word_1_151' title='bbox 1611 1984 1748 2039; x_wconf 86' lang='lat' dir='ltr'><strong>levia</strong></span> <span class='ocrx_word' id='word_1_152' title='bbox 1793 1990 1918 2037; x_wconf 90' lang='lat' dir='ltr'><strong>sunt</strong></span> <span class='ocrx_word' id='word_1_153' title='bbox 1951 1995 2201 2035; x_wconf 77' lang='lat' dir='ltr'><strong>onerosa.</strong></span> 
     </span>
    </p>
   </div>
   <div class='ocr_carea' id='block_1_20' title="bbox 611 2080 2206 2159">
    <p class='ocr_par' dir='ltr' id='par_1_20' title="bbox 611 2080 2206 2159">
     <span class='ocr_line' id='line_1_20' title="bbox 611 2080 2206 2159; baseline -0.011 -16"><span class='ocrx_word' id='word_1_154' title='bbox 611 2082 750 2159; x_wconf 83' lang='lat' dir='ltr'><strong>Quid</strong></span> <span class='ocrx_word' id='word_1_155' title='bbox 797 2088 964 2151; x_wconf 88' lang='lat' dir='ltr'><strong>enim,</strong></span> <span class='ocrx_word' id='word_1_156' title='bbox 1022 2096 1226 2156; x_wconf 71' lang='lat' dir='ltr'><strong>qumso,</strong></span> <span class='ocrx_word' id='word_1_157' title='bbox 1282 2080 1497 2136; x_wconf 87' lang='lat' dir='ltr'><strong>suavius</strong></span> <span class='ocrx_word' id='word_1_158' title='bbox 1542 2087 1679 2142; x_wconf 90' lang='lat' dir='ltr'><strong>erat,</strong></span> <span class='ocrx_word' id='word_1_159' title='bbox 1726 2090 1884 2146; x_wconf 89' lang='lat' dir='ltr'><strong>quam</strong></span> <span class='ocrx_word' id='word_1_160' title='bbox 1927 2085 2111 2128; x_wconf 90' lang='lat' dir='ltr'><strong>mensa</strong></span> <span class='ocrx_word' id='word_1_161' title='bbox 2139 2086 2206 2127; x_wconf 85' lang='lat' dir='ltr'><strong>ex</strong></span> 
     </span>
    </p>
   </div>
   <div class='ocr_carea' id='block_1_21' title="bbox 616 2163 2206 2251">
    <p class='ocr_par' dir='ltr' id='par_1_21' title="bbox 616 2163 2206 2251">
     <span class='ocr_line' id='line_1_21' title="bbox 616 2163 2206 2251; baseline -0.012 -14"><span class='ocrx_word' id='word_1_162' title='bbox 616 2194 833 2247; x_wconf 89' lang='lat' dir='ltr'><strong>manna,</strong></span> <span class='ocrx_word' id='word_1_163' title='bbox 863 2178 1204 2251; x_wconf 70' lang='lat' dir='ltr'><strong>quidparatu</strong></span> <span class='ocrx_word' id='word_1_164' title='bbox 1234 2169 1481 2231; x_wconf 81' lang='lat' dir='ltr'><strong>facilius?</strong></span> <span class='ocrx_word' id='word_1_165' title='bbox 1505 2170 1610 2227; x_wconf 87' lang='lat' dir='ltr'><strong>Sed</strong></span> <span class='ocrx_word' id='word_1_166' title='bbox 1638 2184 1779 2240; x_wconf 57' lang='lat' dir='ltr'><strong>a‘gre</strong></span> <span class='ocrx_word' id='word_1_167' title='bbox 1818 2166 2070 2223; x_wconf 87' lang='lat' dir='ltr'><strong>ferebant</strong></span> <span class='ocrx_word' id='word_1_168' title='bbox 2109 2163 2206 2219; x_wconf 79' lang='lat' dir='ltr'><strong>Ju-</strong></span> 
     </span>
    </p>
   </div>
   <div class='ocr_carea' id='block_1_22' title="bbox 614 2256 2206 2330">
    <p class='ocr_par' dir='ltr' id='par_1_22' title="bbox 614 2256 2206 2330">
     <span class='ocr_line' id='line_1_22' title="bbox 614 2256 2206 2330; baseline -0.011 -1"><span class='ocrx_word' id='word_1_169' title='bbox 614 2273 715 2329; x_wconf 66' lang='lat' dir='ltr'><strong>daei</strong></span> <span class='ocrx_word' id='word_1_170' title='bbox 760 2271 954 2327; x_wconf 85' lang='lat' dir='ltr'><strong>talibus</strong></span> <span class='ocrx_word' id='word_1_171' title='bbox 1003 2270 1241 2325; x_wconf 79' lang='lat' dir='ltr'><strong>fruentes</strong></span> <span class='ocrx_word' id='word_1_172' title='bbox 1290 2262 1519 2322; x_wconf 86' lang='lat' dir='ltr'><strong>deliciis.</strong></span> <span class='ocrx_word' id='word_1_173' title='bbox 1568 2262 1704 2330; x_wconf 82' lang='lat' dir='ltr'><strong>Quid</strong></span> <span class='ocrx_word' id='word_1_174' title='bbox 1753 2256 1900 2315; x_wconf 85' lang='lat' dir='ltr'><strong>fame</strong></span> <span class='ocrx_word' id='word_1_175' title='bbox 1923 2258 2206 2325; x_wconf 79' lang='lat' dir='ltr'><strong>acerbius,</strong></span> 
     </span>
    </p>
   </div>
   <div class='ocr_carea' id='block_1_23' title="bbox 619 2351 2213 2429">
    <p class='ocr_par' dir='ltr' id='par_1_23' title="bbox 619 2351 2213 2429">
     <span class='ocr_line' id='line_1_23' title="bbox 619 2351 2213 2429; baseline -0.009 -10"><span class='ocrx_word' id='word_1_176' title='bbox 619 2380 828 2421; x_wconf 86' lang='lat' dir='ltr'><strong>necnon</strong></span> <span class='ocrx_word' id='word_1_177' title='bbox 869 2356 989 2418; x_wconf 86' lang='lat' dir='ltr'><strong>aliis</strong></span> <span class='ocrx_word' id='word_1_178' title='bbox 1031 2359 1335 2425; x_wconf 53' lang='lat' dir='ltr'><strong>laboriosis,</strong></span> <span class='ocrx_word' id='word_1_179' title='bbox 1382 2372 1502 2429; x_wconf 61' lang='lat' dir='ltr'><strong>quas</strong></span> <span class='ocrx_word' id='word_1_180' title='bbox 1532 2369 1719 2427; x_wconf 90' lang='lat' dir='ltr'><strong>passus</strong></span> <span class='ocrx_word' id='word_1_181' title='bbox 1742 2363 1831 2409; x_wconf 85' lang='lat' dir='ltr'><strong>est</strong></span> <span class='ocrx_word' id='word_1_182' title='bbox 1880 2351 2115 2407; x_wconf 79' lang='lat' dir='ltr'><strong>Paulus?</strong></span> <span class='ocrx_word' id='word_1_183' title='bbox 2147 2352 2213 2405; x_wconf 84' lang='lat' dir='ltr'><strong>At</strong></span> 
     </span>
    </p>
   </div>
   <div class='ocr_carea' id='block_1_24' title="bbox 620 2439 2211 2520">
    <p class='ocr_par' dir='ltr' id='par_1_24' title="bbox 620 2439 2211 2520">
     <span class='ocr_line' id='line_1_24' title="bbox 620 2439 2211 2520; baseline -0.009 -11"><span class='ocrx_word' id='word_1_184' title='bbox 620 2458 711 2512; x_wconf 88' lang='lat' dir='ltr'><strong>ille</strong></span> <span class='ocrx_word' id='word_1_185' title='bbox 733 2455 1055 2520; x_wconf 87' lang='lat' dir='ltr'><strong>exsultabat,</strong></span> <span class='ocrx_word' id='word_1_186' title='bbox 1085 2451 1454 2508; x_wconf 83' lang='lat' dir='ltr'><strong>delectabatur</strong></span> <span class='ocrx_word' id='word_1_187' title='bbox 1469 2464 1543 2505; x_wconf 84' lang='lat' dir='ltr'><strong>ac</strong></span> <span class='ocrx_word' id='word_1_188' title='bbox 1568 2444 1813 2504; x_wconf 81' lang='lat' dir='ltr'><strong>dicebat:</strong></span> <span class='ocrx_word' id='word_1_189' title='bbox 1839 2441 1999 2503; x_wconf 67' lang='lat' dir='ltr'><strong>Nunc.</strong></span> <span class='ocrx_word' id='word_1_190' title='bbox 2015 2439 2211 2516; x_wconf 74' lang='lat' dir='ltr'><strong>gaudeo</strong></span> 
     </span>
    </p>
   </div>
   <div class='ocr_carea' id='block_1_25' title="bbox 618 2532 2213 2620">
    <p class='ocr_par' dir='ltr' id='par_1_25' title="bbox 618 2532 2213 2620">
     <span class='ocr_line' id='line_1_25' title="bbox 618 2532 2213 2620; baseline -0.007 -17"><span class='ocrx_word' id='word_1_191' title='bbox 618 2553 683 2605; x_wconf 71' lang='lat' dir='ltr'><strong>iu,</strong></span> <span class='ocrx_word' id='word_1_192' title='bbox 701 2542 1023 2620; x_wconf 79' lang='lat' dir='ltr'><strong>parsiuuibus</strong></span> <span class='ocrx_word' id='word_1_193' title='bbox 1052 2546 1177 2600; x_wconf 74' lang='lat' dir='ltr'><strong>meis</strong></span> <span class='ocrx_word' id='word_1_194' title='bbox 1207 2539 1342 2616; x_wconf 83' lang='lat' dir='ltr'><strong>(Col.</strong></span> <span class='ocrx_word' id='word_1_195' title='bbox 1379 2544 1429 2598; x_wconf 83' lang='lat' dir='ltr'><strong>l.</strong></span> <span class='ocrx_word' id='word_1_196' title='bbox 1447 2535 1575 2613; x_wconf 51' lang='lat'><strong>&#39;24).</strong></span> <span class='ocrx_word' id='word_1_197' title='bbox 1598 2540 1730 2610; x_wconf 74' lang='lat' dir='ltr'><strong>Qua:</strong></span> <span class='ocrx_word' id='word_1_198' title='bbox 1757 2551 1836 2596; x_wconf 88' lang='lat' dir='ltr'><strong>est</strong></span> <span class='ocrx_word' id='word_1_199' title='bbox 1864 2555 1992 2609; x_wconf 79' lang='lat' dir='ltr'><strong>ergo</strong></span> <span class='ocrx_word' id='word_1_200' title='bbox 2017 2532 2179 2594; x_wconf 83' lang='lat' dir='ltr'><strong>causa</strong></span> <span class='ocrx_word' id='word_1_201' title='bbox 2189 2536 2213 2592; x_wconf 67' lang='grc' dir='ltr'><em>ἲ</em></span> 
     </span>
    </p>
   </div>
   <div class='ocr_carea' id='block_1_26' title="bbox 616 2629 2216 2706">
    <p class='ocr_par' dir='ltr' id='par_1_26' title="bbox 616 2629 2216 2706">
     <span class='ocr_line' id='line_1_26' title="bbox 616 2629 2216 2706; baseline -0.009 -8"><span class='ocrx_word' id='word_1_202' title='bbox 616 2633 1144 2698; x_wconf 32' lang='lat' dir='ltr'><strong>Auitni‘dill&#39;erentia.</strong></span> <span class='ocrx_word' id='word_1_203' title='bbox 1175 2636 1231 2692; x_wconf 92' lang='lat' dir='ltr'><strong>Si</strong></span> <span class='ocrx_word' id='word_1_204' title='bbox 1260 2635 1420 2706; x_wconf 82' lang='lat' dir='ltr'><strong>igitur</strong></span> <span class='ocrx_word' id='word_1_205' title='bbox 1464 2634 1701 2688; x_wconf 89' lang='lat' dir='ltr'><strong>animum</strong></span> <span class='ocrx_word' id='word_1_206' title='bbox 1745 2640 1801 2685; x_wconf 89' lang='lat' dir='ltr'><strong>ut</strong></span> <span class='ocrx_word' id='word_1_207' title='bbox 1827 2629 2216 2701; x_wconf 75' lang='lat' dir='ltr'><strong>oportet-ador-</strong></span> 
     </span>
    </p>
   </div>
   <div class='ocr_carea' id='block_1_27' title="bbox 623 2716 2217 2799">
    <p class='ocr_par' dir='ltr' id='par_1_27' title="bbox 623 2716 2217 2799">
     <span class='ocr_line' id='line_1_27' title="bbox 623 2716 2217 2799; baseline -0.008 -10"><span class='ocrx_word' id='word_1_208' title='bbox 623 2734 854 2799; x_wconf 86' lang='lat' dir='ltr'><strong>naveris,</strong></span> <span class='ocrx_word' id='word_1_209' title='bbox 898 2732 1110 2787; x_wconf 90' lang='lat' dir='ltr'><strong>virtutis</strong></span> <span class='ocrx_word' id='word_1_210' title='bbox 1160 2728 1467 2785; x_wconf 80' lang='lat' dir='ltr'><strong>facilitatem</strong></span> <span class='ocrx_word' id='word_1_211' title='bbox 1511 2721 1738 2782; x_wconf 79' lang='lat' dir='ltr'><strong>videbis.</strong></span> <span class='ocrx_word' id='word_1_212' title='bbox 1781 2725 1919 2792; x_wconf 83' lang='lat' dir='ltr'><strong>Quid</strong></span> <span class='ocrx_word' id='word_1_213' title='bbox 1947 2716 2217 2795; x_wconf 38' lang='lat' dir='ltr'><strong>ergo,‘iu-</strong></span> 
     </span>
    </p>
   </div>
   <div class='ocr_carea' id='block_1_28' title="bbox 622 2815 2218 2899">
    <p class='ocr_par' dir='ltr' id='par_1_28' title="bbox 622 2815 2218 2899">
     <span class='ocr_line' id='line_1_28' title="bbox 622 2815 2218 2899; baseline -0.008 -17"><span class='ocrx_word' id='word_1_214' title='bbox 622 2829 798 2899; x_wconf 83' lang='lat' dir='ltr'><strong>quies,</strong></span> <span class='ocrx_word' id='word_1_215' title='bbox 819 2826 1009 2883; x_wconf 91' lang='lat' dir='ltr'><strong>talisnc</strong></span> <span class='ocrx_word' id='word_1_216' title='bbox 1027 2824 1085 2880; x_wconf 90' lang='lat' dir='ltr'><strong>fit</strong></span> <span class='ocrx_word' id='word_1_217' title='bbox 1099 2839 1166 2880; x_wconf 84' lang='lat' dir='ltr'><strong>ex</strong></span> <span class='ocrx_word' id='word_1_218' title='bbox 1187 2837 1374 2879; x_wconf 88' lang='lat' dir='ltr'><strong>eorum</strong></span> <span class='ocrx_word' id='word_1_219' title='bbox 1400 2821 1488 2893; x_wconf 88' lang='lat' dir='ltr'><strong>qui</strong></span> <span class='ocrx_word' id='word_1_220' title='bbox 1513 2819 1656 2875; x_wconf 76' lang='lat' dir='ltr'><strong>illam</strong></span> <span class='ocrx_word' id='word_1_221' title='bbox 1674 2815 2218 2889; x_wconf 83' lang='lat' dir='ltr'><strong>suscipiuntafi‘ectu?</strong></span> 
     </span>
    </p>
   </div>
   <div class='ocr_carea' id='block_1_29' title="bbox 624 2904 2216 2980">
    <p class='ocr_par' dir='ltr' id='par_1_29' title="bbox 624 2904 2216 2980">
     <span class='ocr_line' id='line_1_29' title="bbox 624 2904 2216 2980; baseline -0.009 -6"><span class='ocrx_word' id='word_1_222' title='bbox 624 2917 743 2974; x_wconf 73' lang='lat' dir='ltr'><strong>Non</strong></span> <span class='ocrx_word' id='word_1_223' title='bbox 775 2933 841 2971; x_wconf 88' lang='lat' dir='ltr'><strong>ex</strong></span> <span class='ocrx_word' id='word_1_224' title='bbox 868 2916 1061 2971; x_wconf 81' lang='lat' dir='ltr'><strong>affectu</strong></span> <span class='ocrx_word' id='word_1_225' title='bbox 1093 2913 1257 2968; x_wconf 89' lang='lat' dir='ltr'><strong>animi</strong></span> <span class='ocrx_word' id='word_1_226' title='bbox 1284 2907 1479 2980; x_wconf 86' lang='lat' dir='ltr'><strong>solum,</strong></span> <span class='ocrx_word' id='word_1_227' title='bbox 1503 2910 1598 2967; x_wconf 86' lang='lat' dir='ltr'><strong>sed</strong></span> <span class='ocrx_word' id='word_1_228' title='bbox 1630 2914 1817 2965; x_wconf 80' lang='lat' dir='ltr'><strong>natura</strong></span> <span class='ocrx_word' id='word_1_229' title='bbox 1842 2924 1934 2963; x_wconf 87' lang='lat' dir='ltr'><strong>sua</strong></span> <span class='ocrx_word' id='word_1_230' title='bbox 1967 2904 2087 2963; x_wconf 79' lang='lat' dir='ltr'><strong>talis</strong></span> <span class='ocrx_word' id='word_1_231' title='bbox 2114 2915 2216 2962; x_wconf 75' lang='lat' dir='ltr'><strong>est.</strong></span> 
     </span>
    </p>
   </div>
   <div class='ocr_carea' id='block_1_30' title="bbox 628 2998 2219 3076">
    <p class='ocr_par' dir='ltr' id='par_1_30' title="bbox 628 2998 2219 3076">
     <span class='ocr_line' id='line_1_30' title="bbox 628 2998 2219 3076; baseline -0.006 -14"><span class='ocrx_word' id='word_1_232' title='bbox 628 3003 844 3063; x_wconf 81' lang='lat' dir='ltr'><strong>Etenim</strong></span> <span class='ocrx_word' id='word_1_233' title='bbox 902 3007 946 3061; x_wconf 86' lang='lat' dir='ltr'><strong>si</strong></span> <span class='ocrx_word' id='word_1_234' title='bbox 991 3020 1207 3076; x_wconf 86' lang='lat' dir='ltr'><strong>semper</strong></span> <span class='ocrx_word' id='word_1_235' title='bbox 1264 3004 1354 3058; x_wconf 91' lang='lat' dir='ltr'><strong>illa</strong></span> <span class='ocrx_word' id='word_1_236' title='bbox 1398 3011 1542 3058; x_wconf 88' lang='lat' dir='ltr'><strong>esset</strong></span> <span class='ocrx_word' id='word_1_237' title='bbox 1596 3000 1885 3067; x_wconf 82' lang='lat' dir='ltr'><strong>laboriosa,</strong></span> <span class='ocrx_word' id='word_1_238' title='bbox 1941 3008 1995 3055; x_wconf 88' lang='lat' dir='ltr'><strong>et</strong></span> <span class='ocrx_word' id='word_1_239' title='bbox 2032 2998 2219 3053; x_wconf 78' lang='lat' dir='ltr'><strong>vitium</strong></span> 
     </span>
    </p>
   </div>
   <div class='ocr_carea' id='block_1_31' title="bbox 627 3095 2223 3171">
    <p class='ocr_par' dir='ltr' id='par_1_31' title="bbox 627 3095 2223 3171">
     <span class='ocr_line' id='line_1_31' title="bbox 627 3095 2223 3171; baseline -0.005 -14"><span class='ocrx_word' id='word_1_240' title='bbox 627 3101 852 3157; x_wconf 86' lang='lat' dir='ltr'><strong>omnino</strong></span> <span class='ocrx_word' id='word_1_241' title='bbox 899 3109 1126 3167; x_wconf 86' lang='lat' dir='ltr'><strong>contra,</strong></span> <span class='ocrx_word' id='word_1_242' title='bbox 1155 3098 1299 3171; x_wconf 80' lang='lat' dir='ltr'><strong>.jure</strong></span> <span class='ocrx_word' id='word_1_243' title='bbox 1348 3098 1467 3169; x_wconf 89' lang='lat' dir='ltr'><strong>quis</strong></span> <span class='ocrx_word' id='word_1_244' title='bbox 1517 3112 1704 3153; x_wconf 89' lang='lat' dir='ltr'><strong>eurmn</strong></span> <span class='ocrx_word' id='word_1_245' title='bbox 1762 3097 1851 3167; x_wconf 85' lang='lat' dir='ltr'><strong>qui</strong></span> <span class='ocrx_word' id='word_1_246' title='bbox 1915 3095 2047 3165; x_wconf 80' lang='lat' dir='ltr'><strong>lapsi</strong></span> <span class='ocrx_word' id='word_1_247' title='bbox 2097 3103 2223 3149; x_wconf 84' lang='lat' dir='ltr'><strong>sunt</strong></span> 
     </span>
    </p>
   </div>
   <div class='ocr_carea' id='block_1_32' title="bbox 632 3189 2224 3249">
    <p class='ocr_par' dir='ltr' id='par_1_32' title="bbox 632 3189 2224 3249">
     <span class='ocr_line' id='line_1_32' title="bbox 632 3189 2224 3249; baseline -0.004 -1"><span class='ocrx_word' id='word_1_248' title='bbox 632 3194 834 3249; x_wconf 84' lang='lat' dir='ltr'><strong>diceret</strong></span> <span class='ocrx_word' id='word_1_249' title='bbox 883 3192 1072 3248; x_wconf 75' lang='lat' dir='ltr'><strong>vitiant</strong></span> <span class='ocrx_word' id='word_1_250' title='bbox 1121 3206 1243 3248; x_wconf 88' lang='lat' dir='ltr'><strong>esse</strong></span> <span class='ocrx_word' id='word_1_251' title='bbox 1295 3190 1505 3246; x_wconf 89' lang='lat' dir='ltr'><strong>facilius</strong></span> <span class='ocrx_word' id='word_1_252' title='bbox 1559 3190 1755 3245; x_wconf 91' lang='lat' dir='ltr'><strong>virtute</strong></span> <span class='ocrx_word' id='word_1_253' title='bbox 1812 3207 1825 3243; x_wconf 92' lang='lat'><strong>:</strong></span> <span class='ocrx_word' id='word_1_254' title='bbox 1871 3189 1916 3243; x_wconf 90' lang='lat' dir='ltr'><strong>si</strong></span> <span class='ocrx_word' id='word_1_255' title='bbox 1971 3202 2101 3243; x_wconf 88' lang='lat' dir='ltr'><strong>vero</strong></span> <span class='ocrx_word' id='word_1_256' title='bbox 2144 3190 2224 3242; x_wconf 83' lang='lat' dir='ltr'><strong>in-</strong></span> 
     </span>
    </p>
   </div>
   <div class='ocr_carea' id='block_1_33' title="bbox 635 3277 2221 3349">
    <p class='ocr_par' dir='ltr' id='par_1_33' title="bbox 635 3277 2221 3349">
     <span class='ocr_line' id='line_1_33' title="bbox 635 3277 2221 3349; baseline -0.006 -8"><span class='ocrx_word' id='word_1_257' title='bbox 635 3278 1065 3341; x_wconf 20' lang='lat' dir='ltr'><strong>itiutn’habeant</strong></span> <span class='ocrx_word' id='word_1_258' title='bbox 1104 3277 1204 3337; x_wconf 77' lang='lat' dir='ltr'><strong>illa</strong></span> <span class='ocrx_word' id='word_1_259' title='bbox 1253 3282 1468 3349; x_wconf 84' lang='lat' dir='ltr'><strong>durum,</strong></span> <span class='ocrx_word' id='word_1_260' title='bbox 1511 3279 1613 3336; x_wconf 91' lang='lat' dir='ltr'><strong>hoc</strong></span> <span class='ocrx_word' id='word_1_261' title='bbox 1639 3295 1836 3345; x_wconf 79' lang='lat' dir='ltr'><strong>suave;</strong></span> <span class='ocrx_word' id='word_1_262' title='bbox 1884 3278 2003 3334; x_wconf 81' lang='lat' dir='ltr'><strong>linis</strong></span> <span class='ocrx_word' id='word_1_263' title='bbox 2042 3288 2221 3333; x_wconf 86' lang='lat' dir='ltr'><strong>autem</strong></span> 
     </span>
    </p>
   </div>
   <div class='ocr_carea' id='block_1_34' title="bbox 635 3370 2221 3445">
    <p class='ocr_par' dir='ltr' id='par_1_34' title="bbox 635 3370 2221 3445">
     <span class='ocr_line' id='line_1_34' title="bbox 635 3370 2221 3445; baseline -0.004 -13"><span class='ocrx_word' id='word_1_264' title='bbox 635 3386 873 3432; x_wconf 70' lang='lat' dir='ltr'><strong>internus</strong></span> <span class='ocrx_word' id='word_1_265' title='bbox 923 3370 1074 3431; x_wconf 90' lang='lat' dir='ltr'><strong>illius</strong></span> <span class='ocrx_word' id='word_1_266' title='bbox 1130 3374 1201 3430; x_wconf 89' lang='lat' dir='ltr'><strong>sit</strong></span> <span class='ocrx_word' id='word_1_267' title='bbox 1251 3374 1473 3441; x_wconf 79' lang='lat' dir='ltr'><strong>suavis,</strong></span> <span class='ocrx_word' id='word_1_268' title='bbox 1528 3372 1687 3443; x_wconf 88' lang='lat' dir='ltr'><strong>hujus</strong></span> <span class='ocrx_word' id='word_1_269' title='bbox 1740 3373 1955 3445; x_wconf 76' lang='lat' dir='ltr'><strong>gravis,</strong></span> <span class='ocrx_word' id='word_1_270' title='bbox 2002 3383 2221 3438; x_wconf 85' lang='lat' dir='ltr'><strong>utrum,</strong></span> 
     </span>
    </p>
   </div>
   <div class='ocr_carea' id='block_1_35' title="bbox 632 3464 2225 3543">
    <p class='ocr_par' dir='ltr' id='par_1_35' title="bbox 632 3464 2225 3543">
     <span class='ocr_line' id='line_1_35' title="bbox 632 3464 2225 3543; baseline -0.004 -17"><span class='ocrx_word' id='word_1_271' title='bbox 632 3485 858 3543; x_wconf 70' lang='lat' dir='ltr'><strong>quaeso,</strong></span> <span class='ocrx_word' id='word_1_272' title='bbox 910 3477 970 3527; x_wconf 90' lang='lat' dir='ltr'><strong>ut</strong></span> <span class='ocrx_word' id='word_1_273' title='bbox 1034 3466 1246 3523; x_wconf 86' lang='lat' dir='ltr'><strong>facilius</strong></span> <span class='ocrx_word' id='word_1_274' title='bbox 1286 3465 1513 3535; x_wconf 70' lang='lat' dir='ltr'><strong>eligas?</strong></span> <span class='ocrx_word' id='word_1_275' title='bbox 1572 3464 1683 3521; x_wconf 86' lang='lat' dir='ltr'><strong>Cur</strong></span> <span class='ocrx_word' id='word_1_276' title='bbox 1731 3480 1861 3535; x_wconf 85' lang='lat' dir='ltr'><strong>ergo</strong></span> <span class='ocrx_word' id='word_1_277' title='bbox 1915 3464 2064 3519; x_wconf 91' lang='lat' dir='ltr'><strong>multi</strong></span> <span class='ocrx_word' id='word_1_278' title='bbox 2119 3480 2225 3518; x_wconf 89' lang='lat' dir='ltr'><strong>non</strong></span> 
     </span>
    </p>
   </div>
   <div class='ocr_carea' id='block_1_36' title="bbox 632 3557 2226 3635">
    <p class='ocr_par' dir='ltr' id='par_1_36' title="bbox 632 3557 2226 3635">
     <span class='ocr_line' id='line_1_36' title="bbox 632 3557 2226 3635; baseline -0.006 -14"><span class='ocrx_word' id='word_1_279' title='bbox 632 3565 834 3635; x_wconf 76' lang='lat' dir='ltr'><strong>eligunt</strong></span> <span class='ocrx_word' id='word_1_280' title='bbox 863 3562 916 3619; x_wconf 91' lang='lat' dir='ltr'><strong>id</strong></span> <span class='ocrx_word' id='word_1_281' title='bbox 961 3560 1107 3634; x_wconf 88' lang='lat' dir='ltr'><strong>quod</strong></span> <span class='ocrx_word' id='word_1_282' title='bbox 1137 3560 1345 3617; x_wconf 84' lang='lat' dir='ltr'><strong>facilius</strong></span> <span class='ocrx_word' id='word_1_283' title='bbox 1398 3560 1523 3615; x_wconf 84' lang='lat' dir='ltr'><strong>est?</strong></span> <span class='ocrx_word' id='word_1_284' title='bbox 1570 3557 1706 3626; x_wconf 86' lang='lat' dir='ltr'><strong>Quia</strong></span> <span class='ocrx_word' id='word_1_285' title='bbox 1750 3558 1843 3613; x_wconf 87' lang='lat' dir='ltr'><strong>alii</strong></span> <span class='ocrx_word' id='word_1_286' title='bbox 1874 3558 2088 3629; x_wconf 88' lang='lat' dir='ltr'><strong>quidem</strong></span> <span class='ocrx_word' id='word_1_287' title='bbox 2121 3574 2226 3613; x_wconf 93' lang='lat' dir='ltr'><strong>non</strong></span> 
     </span>
    </p>
   </div>
   <div class='ocr_carea' id='block_1_37' title="bbox 633 3650 2231 3720">
    <p class='ocr_par' dir='ltr' id='par_1_37' title="bbox 633 3650 2231 3720">
     <span class='ocr_line' id='line_1_37' title="bbox 633 3650 2231 3720; baseline -0.002 -11"><span class='ocrx_word' id='word_1_288' title='bbox 633 3654 898 3720; x_wconf 89' lang='lat' dir='ltr'><strong>credunt;</strong></span> <span class='ocrx_word' id='word_1_289' title='bbox 938 3652 1028 3709; x_wconf 88' lang='lat' dir='ltr'><strong>alii</strong></span> <span class='ocrx_word' id='word_1_290' title='bbox 1055 3667 1186 3708; x_wconf 86' lang='lat' dir='ltr'><strong>vero</strong></span> <span class='ocrx_word' id='word_1_291' title='bbox 1214 3651 1337 3707; x_wconf 91' lang='lat' dir='ltr'><strong>licet</strong></span> <span class='ocrx_word' id='word_1_292' title='bbox 1362 3651 1663 3714; x_wconf 89' lang='lat' dir='ltr'><strong>credentes,</strong></span> <span class='ocrx_word' id='word_1_293' title='bbox 1693 3660 2003 3720; x_wconf 85' lang='lat' dir='ltr'><strong>corruptum</strong></span> <span class='ocrx_word' id='word_1_294' title='bbox 2034 3650 2231 3707; x_wconf 86' lang='lat' dir='ltr'><strong>habent</strong></span> 
     </span>
    </p>
   </div>
   <div class='ocr_carea' id='block_1_38' title="bbox 636 3743 2233 3815">
    <p class='ocr_par' dir='ltr' id='par_1_38' title="bbox 636 3743 2233 3815">
     <span class='ocr_line' id='line_1_38' title="bbox 636 3743 2233 3815; baseline -0.002 -14"><span class='ocrx_word' id='word_1_295' title='bbox 636 3748 873 3801; x_wconf 90' lang='lat' dir='ltr'><strong>animum</strong></span> <span class='ocrx_word' id='word_1_296' title='bbox 895 3789 911 3814; x_wconf 90' lang='lat'><strong>,</strong></span> <span class='ocrx_word' id='word_1_297' title='bbox 939 3755 995 3801; x_wconf 91' lang='lat' dir='ltr'><strong>et</strong></span> <span class='ocrx_word' id='word_1_298' title='bbox 1025 3754 1426 3815; x_wconf 89' lang='lat' dir='ltr'><strong>temporaneam</strong></span> <span class='ocrx_word' id='word_1_299' title='bbox 1448 3743 1775 3814; x_wconf 85' lang='lat' dir='ltr'><strong>voluptatem</strong></span> <span class='ocrx_word' id='word_1_300' title='bbox 1801 3753 2016 3799; x_wconf 67' lang='lat' dir='ltr'><strong>aeterna:</strong></span> <span class='ocrx_word' id='word_1_301' title='bbox 2036 3752 2233 3814; x_wconf 63' lang='lat' dir='ltr'><strong>praetu-</strong></span> 
     </span>
    </p>
   </div>
   <div class='ocr_carea' id='block_1_39' title="bbox 638 3832 2231 3909">
    <p class='ocr_par' dir='ltr' id='par_1_39' title="bbox 638 3832 2231 3909">
     <span class='ocr_line' id='line_1_39' title="bbox 638 3832 2231 3909; baseline -0.001 -16"><span class='ocrx_word' id='word_1_302' title='bbox 638 3838 818 3894; x_wconf 89' lang='lat' dir='ltr'><strong>lerint.</strong></span> <span class='ocrx_word' id='word_1_303' title='bbox 846 3832 944 3893; x_wconf 88' lang='lat' dir='ltr'><strong>Est</strong></span> <span class='ocrx_word' id='word_1_304' title='bbox 970 3852 1099 3909; x_wconf 77' lang='lat' dir='ltr'><strong>ergo</strong></span> <span class='ocrx_word' id='word_1_305' title='bbox 1139 3837 1244 3894; x_wconf 90' lang='lat' dir='ltr'><strong>hoc</strong></span> <span class='ocrx_word' id='word_1_306' title='bbox 1280 3836 1474 3896; x_wconf 83' lang='lat' dir='ltr'><strong>facile?</strong></span> <span class='ocrx_word' id='word_1_307' title='bbox 1502 3835 1618 3891; x_wconf 84' lang='lat' dir='ltr'><strong>Non</strong></span> <span class='ocrx_word' id='word_1_308' title='bbox 1640 3834 1816 3900; x_wconf 69' lang='lat' dir='ltr'><strong>facile,</strong></span> <span class='ocrx_word' id='word_1_309' title='bbox 1840 3836 1933 3891; x_wconf 89' lang='lat' dir='ltr'><strong>sed</strong></span> <span class='ocrx_word' id='word_1_310' title='bbox 1963 3850 2027 3890; x_wconf 81' lang='lat' dir='ltr'><strong>ex</strong></span> <span class='ocrx_word' id='word_1_311' title='bbox 2058 3837 2231 3891; x_wconf 88' lang='lat' dir='ltr'><strong>imbe-</strong></span> 
     </span>
    </p>
   </div>
   <div class='ocr_carea' id='block_1_40' title="bbox 639 3927 2231 4000">
    <p class='ocr_par' dir='ltr' id='par_1_40' title="bbox 639 3927 2231 4000">
     <span class='ocr_line' id='line_1_40' title="bbox 639 3927 2231 4000; baseline -0.001 -16"><span class='ocrx_word' id='word_1_312' title='bbox 639 3929 765 3984; x_wconf 84' lang='lat' dir='ltr'><strong>cillo</strong></span> <span class='ocrx_word' id='word_1_313' title='bbox 790 3928 970 3985; x_wconf 87' lang='lat' dir='ltr'><strong>animo</strong></span> <span class='ocrx_word' id='word_1_314' title='bbox 1009 3928 1111 3985; x_wconf 91' lang='lat' dir='ltr'><strong>hoc</strong></span> <span class='ocrx_word' id='word_1_315' title='bbox 1163 3930 1427 4000; x_wconf 79' lang='lat' dir='ltr'><strong>provenit.</strong></span> <span class='ocrx_word' id='word_1_316' title='bbox 1479 3929 1559 3985; x_wconf 81' lang='lat' dir='ltr'><strong>Ac</strong></span> <span class='ocrx_word' id='word_1_317' title='bbox 1600 3927 2051 3999; x_wconf 85' lang='lat' dir='ltr'><strong>quemadmodum</strong></span> <span class='ocrx_word' id='word_1_318' title='bbox 2098 3927 2231 3984; x_wconf 86' lang='lat' dir='ltr'><strong>febri</strong></span> 
     </span>
    </p>
   </div>
   <div class='ocr_carea' id='block_1_41' title="bbox 639 4019 2234 4093">
    <p class='ocr_par' dir='ltr' id='par_1_41' title="bbox 639 4019 2234 4093">
     <span class='ocr_line' id='line_1_41' title="bbox 639 4019 2234 4093; baseline 0.003 -18"><span class='ocrx_word' id='word_1_319' title='bbox 639 4020 963 4088; x_wconf 82' lang='lat' dir='ltr'><strong>laborantes,</strong></span> <span class='ocrx_word' id='word_1_320' title='bbox 1016 4035 1124 4076; x_wconf 91' lang='lat' dir='ltr'><strong>non</strong></span> <span class='ocrx_word' id='word_1_321' title='bbox 1165 4021 1287 4092; x_wconf 86' lang='lat' dir='ltr'><strong>quia</strong></span> <span class='ocrx_word' id='word_1_322' title='bbox 1330 4019 1616 4093; x_wconf 80' lang='lat' dir='ltr'><strong>iucundius</strong></span> <span class='ocrx_word' id='word_1_323' title='bbox 1655 4030 1737 4077; x_wconf 85' lang='lat' dir='ltr'><strong>est</strong></span> <span class='ocrx_word' id='word_1_324' title='bbox 1791 4019 1940 4077; x_wconf 82' lang='lat' dir='ltr'><strong>brevi</strong></span> <span class='ocrx_word' id='word_1_325' title='bbox 1993 4030 2234 4093; x_wconf 88' lang='lat' dir='ltr'><strong>tempore</strong></span> 
     </span>
    </p>
   </div>
   <div class='ocr_carea' id='block_1_42' title="bbox 639 4112 2234 4185">
    <p class='ocr_par' dir='ltr' id='par_1_42' title="bbox 639 4112 2234 4185">
     <span class='ocr_line' id='line_1_42' title="bbox 639 4112 2234 4185; baseline 0.001 -16"><span class='ocrx_word' id='word_1_326' title='bbox 639 4113 904 4181; x_wconf 85' lang='lat' dir='ltr'><strong>deliciari,</strong></span> <span class='ocrx_word' id='word_1_327' title='bbox 932 4127 1093 4185; x_wconf 84' lang='lat' dir='ltr'><strong>quam</strong></span> <span class='ocrx_word' id='word_1_328' title='bbox 1122 4128 1339 4184; x_wconf 89' lang='lat' dir='ltr'><strong>semper</strong></span> <span class='ocrx_word' id='word_1_329' title='bbox 1362 4114 1470 4178; x_wconf 88' lang='lat' dir='ltr'><strong>uri,</strong></span> <span class='ocrx_word' id='word_1_330' title='bbox 1500 4112 1622 4169; x_wconf 87' lang='lat' dir='ltr'><strong>ideo</strong></span> <span class='ocrx_word' id='word_1_331' title='bbox 1647 4122 1828 4169; x_wconf 90' lang='lat' dir='ltr'><strong>amant</strong></span> <span class='ocrx_word' id='word_1_332' title='bbox 1874 4123 2057 4184; x_wconf 90' lang='lat' dir='ltr'><strong>potum</strong></span> <span class='ocrx_word' id='word_1_333' title='bbox 2084 4129 2234 4184; x_wconf 76' lang='lat' dir='ltr'><strong>aqua:</strong></span> 
     </span>
    </p>
   </div>
   <div class='ocr_carea' id='block_1_43' title="bbox 641 4205 2234 4277">
    <p class='ocr_par' dir='ltr' id='par_1_43' title="bbox 641 4205 2234 4277">
     <span class='ocr_line' id='line_1_43' title="bbox 641 4205 2234 4277; baseline -0.001 -16"><span class='ocrx_word' id='word_1_334' title='bbox 641 4205 869 4277; x_wconf 53' lang='lat' dir='ltr'><strong>frigidae,</strong></span> <span class='ocrx_word' id='word_1_335' title='bbox 893 4205 987 4263; x_wconf 85' lang='lat' dir='ltr'><strong>sed</strong></span> <span class='ocrx_word' id='word_1_336' title='bbox 1004 4206 1127 4277; x_wconf 86' lang='lat' dir='ltr'><strong>quia</strong></span> <span class='ocrx_word' id='word_1_337' title='bbox 1150 4205 1437 4263; x_wconf 82' lang='lat' dir='ltr'><strong>absurdam</strong></span> <span class='ocrx_word' id='word_1_338' title='bbox 1455 4205 1800 4277; x_wconf 86' lang='lat' dir='ltr'><strong>cupiditatem</strong></span> <span class='ocrx_word' id='word_1_339' title='bbox 1823 4206 2103 4261; x_wconf 81' lang='lat' dir='ltr'><strong>continere</strong></span> <span class='ocrx_word' id='word_1_340' title='bbox 2128 4220 2234 4261; x_wconf 91' lang='lat' dir='ltr'><strong>non</strong></span> 
     </span>
    </p>
   </div>
   <div class='ocr_carea' id='block_1_44' title="bbox 644 4296 2237 4370">
    <p class='ocr_par' dir='ltr' id='par_1_44' title="bbox 644 4296 2237 4370">
     <span class='ocr_line' id='line_1_44' title="bbox 644 4296 2237 4370; baseline 0.001 -17"><span class='ocrx_word' id='word_1_341' title='bbox 644 4307 868 4370; x_wconf 89' lang='lat' dir='ltr'><strong>possunt</strong></span> <span class='ocrx_word' id='word_1_342' title='bbox 899 4315 912 4352; x_wconf 93' lang='lat'><strong>:</strong></span> <span class='ocrx_word' id='word_1_343' title='bbox 942 4297 1019 4352; x_wconf 82' lang='lat' dir='ltr'><strong>sic</strong></span> <span class='ocrx_word' id='word_1_344' title='bbox 1045 4307 1100 4354; x_wconf 87' lang='lat' dir='ltr'><strong>et</strong></span> <span class='ocrx_word' id='word_1_345' title='bbox 1127 4297 1233 4352; x_wconf 91' lang='lat' dir='ltr'><strong>isti.</strong></span> <span class='ocrx_word' id='word_1_346' title='bbox 1266 4298 1426 4369; x_wconf 83' lang='lat' dir='ltr'><strong>Atqui</strong></span> <span class='ocrx_word' id='word_1_347' title='bbox 1456 4298 1503 4353; x_wconf 91' lang='lat' dir='ltr'><strong>si</strong></span> <span class='ocrx_word' id='word_1_348' title='bbox 1528 4297 1649 4370; x_wconf 89' lang='lat' dir='ltr'><strong>quis</strong></span> <span class='ocrx_word' id='word_1_349' title='bbox 1676 4298 1742 4353; x_wconf 93' lang='lat' dir='ltr'><strong>ad</strong></span> <span class='ocrx_word' id='word_1_350' title='bbox 1770 4298 2090 4369; x_wconf 90' lang='lat' dir='ltr'><strong>supplicium</strong></span> <span class='ocrx_word' id='word_1_351' title='bbox 2114 4296 2237 4354; x_wconf 83' lang='lat' dir='ltr'><strong>illos</strong></span> 
     </span>
    </p>
   </div>
   <div class='ocr_carea' id='block_1_45' title="bbox 641 4391 2233 4467">
    <p class='ocr_par' dir='ltr' id='par_1_45' title="bbox 641 4391 2233 4467">
     <span class='ocr_line' id='line_1_45' title="bbox 641 4391 2233 4467; baseline 0.003 -19"><span class='ocrx_word' id='word_1_352' title='bbox 641 4407 764 4448; x_wconf 91' lang='lat' dir='ltr'><strong>cum</strong></span> <span class='ocrx_word' id='word_1_353' title='bbox 798 4391 1069 4465; x_wconf 86' lang='lat' dir='ltr'><strong>voluptate</strong></span> <span class='ocrx_word' id='word_1_354' title='bbox 1102 4392 1345 4458; x_wconf 87' lang='lat' dir='ltr'><strong>duceret,</strong></span> <span class='ocrx_word' id='word_1_355' title='bbox 1386 4408 1721 4466; x_wconf 83' lang='lat' dir='ltr'><strong>nequaquam</strong></span> <span class='ocrx_word' id='word_1_356' title='bbox 1751 4396 1924 4466; x_wconf 89' lang='lat' dir='ltr'><strong>ipsum</strong></span> <span class='ocrx_word' id='word_1_357' title='bbox 1957 4395 2233 4467; x_wconf 81' lang='lat' dir='ltr'><strong>eligerent.</strong></span> 
     </span>
    </p>
   </div>
   <div class='ocr_carea' id='block_1_46' title="bbox 642 4485 2236 4558">
    <p class='ocr_par' dir='ltr' id='par_1_46' title="bbox 642 4485 2236 4558">
     <span class='ocr_line' id='line_1_46' title="bbox 642 4485 2236 4558; baseline 0.003 -16"><span class='ocrx_word' id='word_1_358' title='bbox 642 4485 889 4544; x_wconf 77' lang='lat' dir='ltr'><strong>Vidistin’</strong></span> <span class='ocrx_word' id='word_1_359' title='bbox 907 4487 1177 4558; x_wconf 89' lang='lat' dir='ltr'><strong>quomodo</strong></span> <span class='ocrx_word' id='word_1_360' title='bbox 1195 4504 1304 4543; x_wconf 90' lang='lat' dir='ltr'><strong>non</strong></span> <span class='ocrx_word' id='word_1_361' title='bbox 1325 4486 1492 4544; x_wconf 86' lang='lat' dir='ltr'><strong>facile</strong></span> <span class='ocrx_word' id='word_1_362' title='bbox 1506 4491 1579 4544; x_wconf 88' lang='lat' dir='ltr'><strong>sit</strong></span> <span class='ocrx_word' id='word_1_363' title='bbox 1603 4490 1787 4544; x_wconf 85' lang='lat' dir='ltr'><strong>vitium</strong></span> <span class='ocrx_word' id='word_1_364' title='bbox 1807 4491 1830 4544; x_wconf 73' lang='grc' dir='ltr'><strong>ι</strong></span> <span class='ocrx_word' id='word_1_365' title='bbox 1858 4490 1913 4545; x_wconf 90' lang='lat' dir='ltr'><strong>Si</strong></span> <span class='ocrx_word' id='word_1_366' title='bbox 1935 4492 2014 4546; x_wconf 74' lang='lat' dir='ltr'><strong>vis</strong></span> <span class='ocrx_word' id='word_1_367' title='bbox 2034 4500 2236 4554; x_wconf 90' lang='lat' dir='ltr'><strong>autem.</strong></span> 
     </span>
    </p>
   </div>
   <div class='ocr_carea' id='block_1_47' title="bbox 646 4580 2236 4652">
    <p class='ocr_par' dir='ltr' id='par_1_47' title="bbox 646 4580 2236 4652">
     <span class='ocr_line' id='line_1_47' title="bbox 646 4580 2236 4652; baseline 0.003 -18"><span class='ocrx_word' id='word_1_368' title='bbox 646 4580 751 4636; x_wconf 88' lang='lat' dir='ltr'><strong>hoc</strong></span> <span class='ocrx_word' id='word_1_369' title='bbox 781 4582 978 4636; x_wconf 91' lang='lat' dir='ltr'><strong>iterum</strong></span> <span class='ocrx_word' id='word_1_370' title='bbox 1025 4581 1079 4635; x_wconf 93' lang='lat' dir='ltr'><strong>in</strong></span> <span class='ocrx_word' id='word_1_371' title='bbox 1120 4581 1249 4651; x_wconf 86' lang='lat' dir='ltr'><strong>ipsis</strong></span> <span class='ocrx_word' id='word_1_372' title='bbox 1297 4581 1462 4637; x_wconf 87' lang='lat' dir='ltr'><strong>rebus</strong></span> <span class='ocrx_word' id='word_1_373' title='bbox 1490 4583 1845 4637; x_wconf 77' lang='lat' dir='ltr'><strong>excutiamus.</strong></span> <span class='ocrx_word' id='word_1_374' title='bbox 1883 4583 2020 4651; x_wconf 86' lang='lat' dir='ltr'><strong>Quid</strong></span> <span class='ocrx_word' id='word_1_375' title='bbox 2069 4586 2236 4652; x_wconf 85' lang='lat' dir='ltr'><strong>enim,</strong></span> 
     </span>
    </p>
   </div>
   <div class='ocr_carea' id='block_1_48' title="bbox 645 4671 2241 4746">
    <p class='ocr_par' dir='ltr' id='par_1_48' title="bbox 645 4671 2241 4746">
     <span class='ocr_line' id='line_1_48' title="bbox 645 4671 2241 4746; baseline 0.004 -19"><span class='ocrx_word' id='word_1_376' title='bbox 645 4687 853 4743; x_wconf 69' lang='lat' dir='ltr'><strong>quaeso,</strong></span> <span class='ocrx_word' id='word_1_377' title='bbox 881 4671 1112 4739; x_wconf 90' lang='lat' dir='ltr'><strong>dulcius,</strong></span> <span class='ocrx_word' id='word_1_378' title='bbox 1140 4674 1267 4746; x_wconf 91' lang='lat' dir='ltr'><strong>quid</strong></span> <span class='ocrx_word' id='word_1_379' title='bbox 1311 4672 1517 4731; x_wconf 89' lang='lat' dir='ltr'><strong>facilius</strong></span> <span class='ocrx_word' id='word_1_380' title='bbox 1537 4674 1656 4730; x_wconf 80' lang='lat' dir='ltr'><strong>est?</strong></span> <span class='ocrx_word' id='word_1_381' title='bbox 1686 4675 1792 4732; x_wconf 86' lang='lat' dir='ltr'><strong>Sed</strong></span> <span class='ocrx_word' id='word_1_382' title='bbox 1819 4692 1886 4733; x_wconf 90' lang='lat' dir='ltr'><strong>ne</strong></span> <span class='ocrx_word' id='word_1_383' title='bbox 1913 4678 2108 4732; x_wconf 82' lang='lat' dir='ltr'><strong>iterum</strong></span> <span class='ocrx_word' id='word_1_384' title='bbox 2152 4693 2241 4733; x_wconf 84' lang='lat' dir='ltr'><strong>res</strong></span> 
     </span>
    </p>
   </div>
   <div class='ocr_carea' id='block_1_49' title="bbox 647 4764 2241 4840">
    <p class='ocr_par' dir='ltr' id='par_1_49' title="bbox 647 4764 2241 4840">
     <span class='ocr_line' id='line_1_49' title="bbox 647 4764 2241 4840; baseline 0.004 -21"><span class='ocrx_word' id='word_1_385' title='bbox 647 4780 714 4819; x_wconf 83' lang='lat' dir='ltr'><strong>ex</strong></span> <span class='ocrx_word' id='word_1_386' title='bbox 747 4764 1036 4819; x_wconf 87' lang='lat' dir='ltr'><strong>multorum</strong></span> <span class='ocrx_word' id='word_1_387' title='bbox 1076 4765 1369 4836; x_wconf 86' lang='lat' dir='ltr'><strong>cupiditate</strong></span> <span class='ocrx_word' id='word_1_388' title='bbox 1409 4765 1714 4836; x_wconf 73' lang='lat' dir='ltr'><strong>iudicemus</strong></span> <span class='ocrx_word' id='word_1_389' title='bbox 1757 4786 1771 4823; x_wconf 90' lang='lat'><strong>:</strong></span> <span class='ocrx_word' id='word_1_390' title='bbox 1807 4784 1981 4840; x_wconf 90' lang='lat' dir='ltr'><strong>neque</strong></span> <span class='ocrx_word' id='word_1_391' title='bbox 2005 4772 2147 4825; x_wconf 92' lang='lat' dir='ltr'><strong>enim</strong></span> <span class='ocrx_word' id='word_1_392' title='bbox 2172 4771 2241 4828; x_wconf 87' lang='lat' dir='ltr'><strong>ab</strong></span> 
     </span>
    </p>
   </div>
   <div class='ocr_carea' id='block_1_50' title="bbox 649 4855 2244 4926">
    <p class='ocr_par' dir='ltr' id='par_1_50' title="bbox 649 4855 2244 4926">
     <span class='ocr_line' id='line_1_50' title="bbox 649 4855 2244 4926; baseline 0.006 -16"><span class='ocrx_word' id='word_1_393' title='bbox 649 4855 1052 4926; x_wconf 77' lang='lat' dir='ltr'><strong>a-grotantibus,</strong></span> <span class='ocrx_word' id='word_1_394' title='bbox 1081 4856 1175 4912; x_wconf 90' lang='lat' dir='ltr'><strong>sed</strong></span> <span class='ocrx_word' id='word_1_395' title='bbox 1225 4873 1254 4912; x_wconf 91' lang='lat' dir='ltr'><strong>a</strong></span> <span class='ocrx_word' id='word_1_396' title='bbox 1282 4856 1420 4913; x_wconf 87' lang='lat' dir='ltr'><strong>bene</strong></span> <span class='ocrx_word' id='word_1_397' title='bbox 1462 4858 1763 4916; x_wconf 89' lang='lat' dir='ltr'><strong>valentibus</strong></span> <span class='ocrx_word' id='word_1_398' title='bbox 1802 4860 2064 4917; x_wconf 87' lang='lat' dir='ltr'><strong>calculum</strong></span> <span class='ocrx_word' id='word_1_399' title='bbox 2100 4861 2244 4920; x_wconf 89' lang='lat' dir='ltr'><strong>ferre</strong></span> 
     </span>
    </p>
   </div>
   <div class='ocr_carea' id='block_1_51' title="bbox 648 4946 2243 5019">
    <p class='ocr_par' dir='ltr' id='par_1_51' title="bbox 648 4946 2243 5019">
     <span class='ocr_line' id='line_1_51' title="bbox 648 4946 2243 5019; baseline 0.003 -16"><span class='ocrx_word' id='word_1_400' title='bbox 648 4957 884 5017; x_wconf 85' lang='lat' dir='ltr'><strong>oportet.</strong></span> <span class='ocrx_word' id='word_1_401' title='bbox 922 4946 1115 5019; x_wconf 76' lang='lat' dir='ltr'><strong>Neque</strong></span> <span class='ocrx_word' id='word_1_402' title='bbox 1155 4949 1300 5005; x_wconf 88' lang='lat' dir='ltr'><strong>enim</strong></span> <span class='ocrx_word' id='word_1_403' title='bbox 1330 4948 1374 5004; x_wconf 89' lang='lat' dir='ltr'><strong>si</strong></span> <span class='ocrx_word' id='word_1_404' title='bbox 1418 4949 1668 5007; x_wconf 88' lang='lat' dir='ltr'><strong>millenos</strong></span> <span class='ocrx_word' id='word_1_405' title='bbox 1697 4951 1827 5007; x_wconf 84' lang='lat' dir='ltr'><strong>mihi</strong></span> <span class='ocrx_word' id='word_1_406' title='bbox 1878 4950 2243 5010; x_wconf 87' lang='lat' dir='ltr'><strong>febricitantes</strong></span> 
     </span>
    </p>
   </div>
   <div class='ocr_carea' id='block_1_52' title="bbox 649 5039 2246 5116">
    <p class='ocr_par' dir='ltr' id='par_1_52' title="bbox 649 5039 2246 5116">
     <span class='ocr_line' id='line_1_52' title="bbox 649 5039 2246 5116; baseline 0.003 -20"><span class='ocrx_word' id='word_1_407' title='bbox 649 5039 924 5111; x_wconf 88' lang='lat' dir='ltr'><strong>ostendas,</strong></span> <span class='ocrx_word' id='word_1_408' title='bbox 976 5042 1067 5113; x_wconf 86' lang='lat' dir='ltr'><strong>qui</strong></span> <span class='ocrx_word' id='word_1_409' title='bbox 1122 5042 1334 5098; x_wconf 86' lang='lat' dir='ltr'><strong>sanitati</strong></span> <span class='ocrx_word' id='word_1_410' title='bbox 1364 5044 1633 5099; x_wconf 89' lang='lat' dir='ltr'><strong>contraria</strong></span> <span class='ocrx_word' id='word_1_411' title='bbox 1675 5054 1938 5116; x_wconf 74' lang='lat' dir='ltr'><strong>quzerant,</strong></span> <span class='ocrx_word' id='word_1_412' title='bbox 1969 5053 2024 5100; x_wconf 90' lang='lat' dir='ltr'><strong>et</strong></span> <span class='ocrx_word' id='word_1_413' title='bbox 2057 5045 2246 5101; x_wconf 90' lang='lat' dir='ltr'><strong>malint</strong></span> 
     </span>
    </p>
   </div>
   <div class='ocr_carea' id='block_1_53' title="bbox 653 5132 2245 5206">
    <p class='ocr_par' dir='ltr' id='par_1_53' title="bbox 653 5132 2245 5206">
     <span class='ocr_line' id='line_1_53' title="bbox 653 5132 2245 5206; baseline 0.003 -19"><span class='ocrx_word' id='word_1_414' title='bbox 653 5141 838 5204; x_wconf 84' lang='lat' dir='ltr'><strong>postea</strong></span> <span class='ocrx_word' id='word_1_415' title='bbox 881 5132 1150 5204; x_wconf 84' lang='lat' dir='ltr'><strong>supplicio</strong></span> <span class='ocrx_word' id='word_1_416' title='bbox 1193 5133 1372 5201; x_wconf 84' lang='lat' dir='ltr'><strong>affici,</strong></span> <span class='ocrx_word' id='word_1_417' title='bbox 1417 5135 1586 5190; x_wconf 81' lang='lat' dir='ltr'><strong>talem</strong></span> <span class='ocrx_word' id='word_1_418' title='bbox 1642 5151 1894 5206; x_wconf 87' lang='lat' dir='ltr'><strong>umquam</strong></span> <span class='ocrx_word' id='word_1_419' title='bbox 1935 5136 2245 5193; x_wconf 88' lang='lat' dir='ltr'><strong>admiserim</strong></span> 
     </span>
    </p>
   </div>
   <div class='ocr_carea' id='block_1_54' title="bbox 650 5225 2246 5301">
    <p class='ocr_par' dir='ltr' id='par_1_54' title="bbox 650 5225 2246 5301">
     <span class='ocr_line' id='line_1_54' title="bbox 650 5225 2246 5301; baseline 0.004 -22"><span class='ocrx_word' id='word_1_420' title='bbox 650 5225 950 5296; x_wconf 89' lang='lat' dir='ltr'><strong>optionem.</strong></span> <span class='ocrx_word' id='word_1_421' title='bbox 999 5226 1139 5296; x_wconf 87' lang='lat' dir='ltr'><strong>Quid</strong></span> <span class='ocrx_word' id='word_1_422' title='bbox 1165 5226 1407 5296; x_wconf 85' lang='lat' dir='ltr'><strong>facilius,</strong></span> <span class='ocrx_word' id='word_1_423' title='bbox 1436 5228 1689 5301; x_wconf 85' lang='lat' dir='ltr'><strong>inquam,</strong></span> <span class='ocrx_word' id='word_1_424' title='bbox 1720 5230 1809 5286; x_wconf 89' lang='lat' dir='ltr'><strong>dic</strong></span> <span class='ocrx_word' id='word_1_425' title='bbox 1838 5230 1968 5286; x_wconf 91' lang='lat' dir='ltr'><strong>mibi</strong></span> <span class='ocrx_word' id='word_1_426' title='bbox 1989 5274 2003 5297; x_wconf 87' lang='lat'><strong>,</strong></span> <span class='ocrx_word' id='word_1_427' title='bbox 2050 5230 2246 5287; x_wconf 88' lang='lat' dir='ltr'><strong>multas</strong></span> 
     </span>
    </p>
   </div>
   <div class='ocr_carea' id='block_1_55' title="bbox 652 5318 2246 5395">
    <p class='ocr_par' dir='ltr' id='par_1_55' title="bbox 652 5318 2246 5395">
     <span class='ocr_line' id='line_1_55' title="bbox 652 5318 2246 5395; baseline 0.004 -22"><span class='ocrx_word' id='word_1_428' title='bbox 652 5318 1037 5390; x_wconf 86' lang='lat' dir='ltr'><strong>concupiscere</strong></span> <span class='ocrx_word' id='word_1_429' title='bbox 1067 5323 1349 5390; x_wconf 88' lang='lat' dir='ltr'><strong>pecunias,</strong></span> <span class='ocrx_word' id='word_1_430' title='bbox 1393 5337 1462 5378; x_wconf 90' lang='lat' dir='ltr'><strong>an</strong></span> <span class='ocrx_word' id='word_1_431' title='bbox 1498 5322 1916 5395; x_wconf 65' lang='lat' dir='ltr'><strong>haccupiditate</strong></span> <span class='ocrx_word' id='word_1_432' title='bbox 1943 5338 2065 5379; x_wconf 89' lang='lat' dir='ltr'><strong>esse</strong></span> <span class='ocrx_word' id='word_1_433' title='bbox 2083 5338 2246 5394; x_wconf 84' lang='lat' dir='ltr'><strong>supe—</strong></span> 
     </span>
    </p>
   </div>
   <div class='ocr_carea' id='block_1_56' title="bbox 652 5411 2244 5485">
    <p class='ocr_par' dir='ltr' id='par_1_56' title="bbox 652 5411 2244 5485">
     <span class='ocr_line' id='line_1_56' title="bbox 652 5411 2244 5485; baseline 0.001 -19"><span class='ocrx_word' id='word_1_434' title='bbox 652 5411 890 5466; x_wconf 84' lang='lat' dir='ltr'><strong>riorem?</strong></span> <span class='ocrx_word' id='word_1_435' title='bbox 939 5411 1054 5468; x_wconf 84' lang='lat' dir='ltr'><strong>Hoc</strong></span> <span class='ocrx_word' id='word_1_436' title='bbox 1106 5422 1255 5471; x_wconf 87' lang='lat' dir='ltr'><strong>certe</strong></span> <span class='ocrx_word' id='word_1_437' title='bbox 1307 5421 1658 5485; x_wconf 87' lang='lat' dir='ltr'><strong>postremum,</strong></span> <span class='ocrx_word' id='word_1_438' title='bbox 1710 5425 1770 5470; x_wconf 91' lang='lat' dir='ltr'><strong>ut</strong></span> <span class='ocrx_word' id='word_1_439' title='bbox 1810 5415 1941 5470; x_wconf 80' lang='lat' dir='ltr'><strong>mihi</strong></span> <span class='ocrx_word' id='word_1_440' title='bbox 1987 5414 2244 5470; x_wconf 89' lang='lat' dir='ltr'><strong>videtur:</strong></span> 
     </span>
    </p>
   </div>
   <div class='ocr_carea' id='block_1_57' title="bbox 648 5509 2241 5582">
    <p class='ocr_par' dir='ltr' id='par_1_57' title="bbox 648 5509 2241 5582">
     <span class='ocr_line' id='line_1_57' title="bbox 648 5509 2241 5582; baseline 0.001 -19"><span class='ocrx_word' id='word_1_441' title='bbox 648 5509 695 5564; x_wconf 84' lang='lat' dir='ltr'><strong>si</strong></span> <span class='ocrx_word' id='word_1_442' title='bbox 744 5519 925 5564; x_wconf 88' lang='lat' dir='ltr'><strong>autem</strong></span> <span class='ocrx_word' id='word_1_443' title='bbox 976 5510 1090 5579; x_wconf 90' lang='lat' dir='ltr'><strong>ipse</strong></span> <span class='ocrx_word' id='word_1_444' title='bbox 1131 5525 1241 5566; x_wconf 82' lang='lat' dir='ltr'><strong>non</strong></span> <span class='ocrx_word' id='word_1_445' title='bbox 1294 5511 1493 5578; x_wconf 82' lang='lat' dir='ltr'><strong>credis,</strong></span> <span class='ocrx_word' id='word_1_446' title='bbox 1542 5509 1610 5566; x_wconf 89' lang='lat' dir='ltr'><strong>ad</strong></span> <span class='ocrx_word' id='word_1_447' title='bbox 1647 5524 1736 5566; x_wconf 86' lang='lat' dir='ltr'><strong>res</strong></span> <span class='ocrx_word' id='word_1_448' title='bbox 1771 5510 1916 5582; x_wconf 87' lang='lat' dir='ltr'><strong>ipsas</strong></span> <span class='ocrx_word' id='word_1_449' title='bbox 1938 5525 2241 5567; x_wconf 87' lang='lat' dir='ltr'><strong>sermonem</strong></span> 
     </span>
    </p>
   </div>
   <div class='ocr_carea' id='block_1_58' title="bbox 651 5603 2246 5678">
    <p class='ocr_par' dir='ltr' id='par_1_58' title="bbox 651 5603 2246 5678">
     <span class='ocr_line' id='line_1_58' title="bbox 651 5603 2246 5678; baseline 0 -19"><span class='ocrx_word' id='word_1_450' title='bbox 651 5603 935 5660; x_wconf 79' lang='lat' dir='ltr'><strong>ducamus.</strong></span> <span class='ocrx_word' id='word_1_451' title='bbox 968 5604 1036 5659; x_wconf 89' lang='lat' dir='ltr'><strong>Et</strong></span> <span class='ocrx_word' id='word_1_452' title='bbox 1080 5604 1151 5660; x_wconf 89' lang='lat' dir='ltr'><strong>sit</strong></span> <span class='ocrx_word' id='word_1_453' title='bbox 1196 5605 1465 5678; x_wconf 89' lang='lat' dir='ltr'><strong>quispiam</strong></span> <span class='ocrx_word' id='word_1_454' title='bbox 1493 5605 1583 5676; x_wconf 89' lang='lat' dir='ltr'><strong>qui</strong></span> <span class='ocrx_word' id='word_1_455' title='bbox 1614 5605 1809 5660; x_wconf 86' lang='lat' dir='ltr'><strong>multas</strong></span> <span class='ocrx_word' id='word_1_456' title='bbox 1851 5604 2060 5675; x_wconf 86' lang='lat' dir='ltr'><strong>cupiat,</strong></span> <span class='ocrx_word' id='word_1_457' title='bbox 2111 5603 2246 5659; x_wconf 86' lang='lat' dir='ltr'><strong>alius</strong></span> 
     </span>
    </p>
   </div>
   <div class='ocr_carea' id='block_1_59' title="bbox 654 5694 2248 5769">
    <p class='ocr_par' dir='ltr' id='par_1_59' title="bbox 654 5694 2248 5769">
     <span class='ocr_line' id='line_1_59' title="bbox 654 5694 2248 5769; baseline 0.002 -22"><span class='ocrx_word' id='word_1_458' title='bbox 654 5709 787 5748; x_wconf 78' lang='lat' dir='ltr'><strong>vero</strong></span> <span class='ocrx_word' id='word_1_459' title='bbox 833 5696 926 5765; x_wconf 90' lang='lat' dir='ltr'><strong>qui</strong></span> <span class='ocrx_word' id='word_1_460' title='bbox 977 5696 1152 5753; x_wconf 88' lang='lat' dir='ltr'><strong>nullas</strong></span> <span class='ocrx_word' id='word_1_461' title='bbox 1179 5714 1195 5754; x_wconf 75' lang='grc' dir='ltr'><strong>ι</strong></span> <span class='ocrx_word' id='word_1_462' title='bbox 1219 5697 1346 5769; x_wconf 88' lang='lat' dir='ltr'><strong>quid</strong></span> <span class='ocrx_word' id='word_1_463' title='bbox 1374 5712 1505 5767; x_wconf 77' lang='lat' dir='ltr'><strong>ergo</strong></span> <span class='ocrx_word' id='word_1_464' title='bbox 1549 5696 1744 5753; x_wconf 82' lang='lat' dir='ltr'><strong>melius</strong></span> <span class='ocrx_word' id='word_1_465' title='bbox 1769 5738 1784 5764; x_wconf 90' lang='lat'><strong>,</strong></span> <span class='ocrx_word' id='word_1_466' title='bbox 1811 5696 1899 5752; x_wconf 80' lang='lat' dir='ltr'><strong>dir</strong></span> <span class='ocrx_word' id='word_1_467' title='bbox 1925 5696 2056 5754; x_wconf 91' lang='lat' dir='ltr'><strong>mihi</strong></span> <span class='ocrx_word' id='word_1_468' title='bbox 2077 5738 2091 5764; x_wconf 88' lang='lat'><strong>,</strong></span> <span class='ocrx_word' id='word_1_469' title='bbox 2120 5694 2248 5767; x_wconf 91' lang='lat' dir='ltr'><strong>quid</strong></span> 
     </span>
    </p>
   </div>
   <div class='ocr_carea' id='block_1_60' title="bbox 657 5785 970 5843">
    <p class='ocr_par' dir='ltr' id='par_1_60' title="bbox 657 5785 970 5843">
     <span class='ocr_line' id='line_1_60' title="bbox 657 5785 970 5843; baseline 0.01 -3"><span class='ocrx_word' id='word_1_470' title='bbox 657 5785 970 5843; x_wconf 79' lang='lat' dir='ltr'><strong>honestius?</strong></span> 
     </span>
    </p>
   </div>
   <div class='ocr_carea' id='block_1_61' title="bbox 1374 299 3175 362">
    <p class='ocr_par' dir='ltr' id='par_1_61' title="bbox 1374 299 3175 362">
     <span class='ocr_line' id='line_1_61' title="bbox 1374 299 3175 362; baseline -0.002 0"><span class='ocrx_word' id='word_1_471' title='bbox 1472 304 1747 362; x_wconf 71' lang='lat' dir='ltr'><strong>Jt).\NNlS</strong></span> <span class='ocrx_word' id='word_1_472' title='bbox 1783 299 2250 358; x_wconf 67' lang='lat' dir='ltr'><strong>CHRYSUSTOMI</strong></span> <span class='ocrx_word' id='word_1_473' title='bbox 2291 301 2605 358; x_wconf 62' lang='lat' dir='ltr'><strong>ARCllllil‘.</strong></span> <span class='ocrx_word' id='word_1_474' title='bbox 2646 301 3175 361; x_wconf 69' lang='lat' dir='ltr'><strong>CONS’l‘ANTlNlll’.</strong></span> 
     </span>
    </p>
   </div>
   <div class='ocr_carea' id='block_1_62' title="bbox 3748 310 3829 365">
    <p class='ocr_par' dir='ltr' id='par_1_62' title="bbox 3748 310 3829 365">
     <span class='ocr_line' id='line_1_62' title="bbox 3748 310 3829 365; baseline 0.025 -2"><span class='ocrx_word' id='word_1_475' title='bbox 3748 310 3765 363; x_wconf 68' lang='grc' dir='ltr'>ί</span> <span class='ocrx_word' id='word_1_476' title='bbox 3777 312 3829 365; x_wconf 63' lang='grc' dir='ltr'>Μ</span> 
     </span>
    </p>
   </div>
   <div class='ocr_carea' id='block_1_63' title="bbox 2362 410 3833 494">
    <p class='ocr_par' dir='ltr' id='par_1_63' title="bbox 2362 410 3833 494">
     <span class='ocr_line' id='line_1_63' title="bbox 2362 410 3833 494; baseline 0.006 -23"><span class='ocrx_word' id='word_1_477' title='bbox 2362 413 2419 471; x_wconf 79' lang='grc'><strong>5.</strong></span> <span class='ocrx_word' id='word_1_478' title='bbox 2454 410 2801 474; x_wconf 73' lang='lat' dir='ltr'><strong>Pcruuiarttm</strong></span> <span class='ocrx_word' id='word_1_479' title='bbox 2843 422 3097 492; x_wconf 73' lang='lat' dir='ltr'><strong>cupiditas</strong></span> <span class='ocrx_word' id='word_1_480' title='bbox 3142 431 3327 494; x_wconf 83' lang='lat' dir='ltr'><strong>quanta</strong></span> <span class='ocrx_word' id='word_1_481' title='bbox 3372 424 3572 478; x_wconf 79' lang='lat' dir='ltr'><strong>inducat</strong></span> <span class='ocrx_word' id='word_1_482' title='bbox 3616 429 3751 481; x_wconf 71' lang='lat' dir='ltr'><strong>mela.</strong></span> <span class='ocrx_word' id='word_1_483' title='bbox 3778 462 3833 471; x_wconf 86' lang='grc'><strong><em>-</em></strong></span> 
     </span>
    </p>
   </div>
   <div class='ocr_carea' id='block_1_64' title="bbox 2289 506 3835 590">
    <p class='ocr_par' dir='ltr' id='par_1_64' title="bbox 2289 506 3835 590">
     <span class='ocr_line' id='line_1_64' title="bbox 2289 506 3835 590; baseline 0.008 -28"><span class='ocrx_word' id='word_1_484' title='bbox 2289 507 2394 565; x_wconf 80' lang='lat' dir='ltr'><strong>Sed</strong></span> <span class='ocrx_word' id='word_1_485' title='bbox 2424 506 2526 565; x_wconf 86' lang='lat' dir='ltr'><strong>hoc</strong></span> <span class='ocrx_word' id='word_1_486' title='bbox 2551 510 2765 581; x_wconf 85' lang='lat' dir='ltr'><strong>quidem</strong></span> <span class='ocrx_word' id='word_1_487' title='bbox 2798 515 3020 570; x_wconf 85' lang='lat' dir='ltr'><strong>mitatur</strong></span> <span class='ocrx_word' id='word_1_488' title='bbox 3067 532 3080 570; x_wconf 91' lang='lat'>:</span> <span class='ocrx_word' id='word_1_489' title='bbox 3113 515 3164 570; x_wconf 93' lang='lat' dir='ltr'><strong>in</strong></span> <span class='ocrx_word' id='word_1_490' title='bbox 3190 513 3435 571; x_wconf 88' lang='lat' dir='ltr'><strong>confesso</strong></span> <span class='ocrx_word' id='word_1_491' title='bbox 3449 516 3587 571; x_wconf 90' lang='lat' dir='ltr'><strong>enim</strong></span> <span class='ocrx_word' id='word_1_492' title='bbox 3605 529 3696 586; x_wconf 83' lang='lat' dir='ltr'><strong>est,</strong></span> <span class='ocrx_word' id='word_1_493' title='bbox 3722 525 3835 590; x_wconf 63' lang='lat' dir='ltr'><strong>quod</strong></span> 
     </span>
    </p>
   </div>
   <div class='ocr_carea' id='block_1_65' title="bbox 2291 599 3836 679">
    <p class='ocr_par' dir='ltr' id='par_1_65' title="bbox 2291 599 3836 679">
     <span class='ocr_line' id='line_1_65' title="bbox 2291 599 3836 679; baseline 0.009 -24"><span class='ocrx_word' id='word_1_494' title='bbox 2291 599 2381 656; x_wconf 86' lang='lat' dir='ltr'><strong>hic</strong></span> <span class='ocrx_word' id='word_1_495' title='bbox 2408 613 2711 671; x_wconf 88' lang='lat' dir='ltr'><strong>postremus</strong></span> <span class='ocrx_word' id='word_1_496' title='bbox 2765 605 2836 660; x_wconf 91' lang='lat' dir='ltr'><strong>sit</strong></span> <span class='ocrx_word' id='word_1_497' title='bbox 2886 605 2982 661; x_wconf 89' lang='lat' dir='ltr'><strong>illo</strong></span> <span class='ocrx_word' id='word_1_498' title='bbox 3037 607 3311 662; x_wconf 75' lang='lat' dir='ltr'><strong>honestior</strong></span> <span class='ocrx_word' id='word_1_499' title='bbox 3340 626 3354 663; x_wconf 90' lang='lat'><strong>:</strong></span> <span class='ocrx_word' id='word_1_500' title='bbox 3389 623 3558 679; x_wconf 90' lang='lat' dir='ltr'><strong>neque</strong></span> <span class='ocrx_word' id='word_1_501' title='bbox 3584 609 3647 664; x_wconf 89' lang='lat' dir='ltr'><strong>de</strong></span> <span class='ocrx_word' id='word_1_502' title='bbox 3678 612 3763 667; x_wconf 88' lang='lat' dir='ltr'><strong>hac</strong></span> <span class='ocrx_word' id='word_1_503' title='bbox 3790 631 3836 669; x_wconf 82' lang='lat' dir='ltr'><strong>te</strong></span> 
     </span>
    </p>
   </div>
   <div class='ocr_carea' id='block_1_66' title="bbox 2291 693 3836 763">
    <p class='ocr_par' dir='ltr' id='par_1_66' title="bbox 2291 693 3836 763">
     <span class='ocr_line' id='line_1_66' title="bbox 2291 693 3836 763; baseline 0.008 -17"><span class='ocrx_word' id='word_1_504' title='bbox 2291 693 2520 763; x_wconf 65' lang='lat' dir='ltr'><strong>quaestio</strong></span> <span class='ocrx_word' id='word_1_505' title='bbox 2559 693 2672 762; x_wconf 89' lang='lat' dir='ltr'><strong>jam</strong></span> <span class='ocrx_word' id='word_1_506' title='bbox 2722 705 2826 762; x_wconf 91' lang='lat' dir='ltr'><strong>est,</strong></span> <span class='ocrx_word' id='word_1_507' title='bbox 2877 697 2973 753; x_wconf 89' lang='lat' dir='ltr'><strong>sed</strong></span> <span class='ocrx_word' id='word_1_508' title='bbox 3032 708 3152 752; x_wconf 88' lang='lat' dir='ltr'><strong>uter</strong></span> <span class='ocrx_word' id='word_1_509' title='bbox 3185 698 3474 755; x_wconf 87' lang='lat' dir='ltr'><strong>faciliorem</strong></span> <span class='ocrx_word' id='word_1_510' title='bbox 3502 712 3548 756; x_wconf 87' lang='lat' dir='ltr'><strong>et</strong></span> <span class='ocrx_word' id='word_1_511' title='bbox 3578 704 3836 760; x_wconf 86' lang='lat' dir='ltr'><strong>suaviorem</strong></span> 
     </span>
    </p>
   </div>
   <div class='ocr_carea' id='block_1_67' title="bbox 2293 783 3840 865">
    <p class='ocr_par' dir='ltr' id='par_1_67' title="bbox 2293 783 3840 865">
     <span class='ocr_line' id='line_1_67' title="bbox 2293 783 3840 865; baseline 0.009 -26"><span class='ocrx_word' id='word_1_512' title='bbox 2293 783 2455 840; x_wconf 77' lang='lat' dir='ltr'><strong>ducat</strong></span> <span class='ocrx_word' id='word_1_513' title='bbox 2481 785 2667 843; x_wconf 81' lang='lat' dir='ltr'><strong>vitam.</strong></span> <span class='ocrx_word' id='word_1_514' title='bbox 2697 790 2905 843; x_wconf 85' lang='lat' dir='ltr'><strong>Avarus</strong></span> <span class='ocrx_word' id='word_1_515' title='bbox 2924 799 3073 845; x_wconf 90' lang='lat' dir='ltr'><strong>certe</strong></span> <span class='ocrx_word' id='word_1_516' title='bbox 3094 806 3162 846; x_wconf 90' lang='lat' dir='ltr'><strong>ne</strong></span> <span class='ocrx_word' id='word_1_517' title='bbox 3212 790 3278 846; x_wconf 65' lang='lat' dir='ltr'><strong>iis</strong></span> <span class='ocrx_word' id='word_1_518' title='bbox 3316 792 3528 863; x_wconf 88' lang='lat' dir='ltr'><strong>quidem</strong></span> <span class='ocrx_word' id='word_1_519' title='bbox 3557 810 3668 865; x_wconf 74' lang='lat' dir='ltr'><strong>quze</strong></span> <span class='ocrx_word' id='word_1_520' title='bbox 3712 796 3840 853; x_wconf 80' lang='lat' dir='ltr'><strong>habet</strong></span> 
     </span>
    </p>
   </div>
   <div class='ocr_carea' id='block_1_68' title="bbox 2297 874 3836 956">
    <p class='ocr_par' dir='ltr' id='par_1_68' title="bbox 2297 874 3836 956">
     <span class='ocr_line' id='line_1_68' title="bbox 2297 874 3836 956; baseline 0.01 -26"><span class='ocrx_word' id='word_1_521' title='bbox 2297 874 2491 931; x_wconf 86' lang='lat' dir='ltr'><strong>fruitur</strong></span> <span class='ocrx_word' id='word_1_522' title='bbox 2533 894 2695 932; x_wconf 90' lang='lat' dir='ltr'><strong>:nam</strong></span> <span class='ocrx_word' id='word_1_523' title='bbox 2726 880 2868 950; x_wconf 89' lang='lat' dir='ltr'><strong>quod</strong></span> <span class='ocrx_word' id='word_1_524' title='bbox 2897 891 3063 946; x_wconf 88' lang='lat' dir='ltr'><strong>amat,</strong></span> <span class='ocrx_word' id='word_1_525' title='bbox 3107 899 3211 937; x_wconf 92' lang='lat' dir='ltr'><strong>non</strong></span> <span class='ocrx_word' id='word_1_526' title='bbox 3255 883 3565 954; x_wconf 88' lang='lat' dir='ltr'><strong>impendere</strong></span> <span class='ocrx_word' id='word_1_527' title='bbox 3612 888 3836 956; x_wconf 83' lang='lat' dir='ltr'><strong>voluerit,</strong></span> 
     </span>
    </p>
   </div>
   <div class='ocr_carea' id='block_1_69' title="bbox 2297 967 3839 1051">
    <p class='ocr_par' dir='ltr' id='par_1_69' title="bbox 2297 967 3839 1051">
     <span class='ocr_line' id='line_1_69' title="bbox 2297 967 3839 1051; baseline 0.009 -29"><span class='ocrx_word' id='word_1_528' title='bbox 2297 967 2392 1023; x_wconf 87' lang='lat' dir='ltr'><strong>sed</strong></span> <span class='ocrx_word' id='word_1_529' title='bbox 2410 968 2663 1025; x_wconf 91' lang='lat' dir='ltr'><strong>libentius</strong></span> <span class='ocrx_word' id='word_1_530' title='bbox 2676 971 2751 1027; x_wconf 90' lang='lat' dir='ltr'><strong>sei</strong></span> <span class='ocrx_word' id='word_1_531' title='bbox 2760 988 2910 1041; x_wconf 90' lang='lat' dir='ltr'><strong>psum</strong></span> <span class='ocrx_word' id='word_1_532' title='bbox 2929 973 3273 1039; x_wconf 82' lang='lat' dir='ltr'><strong>conseiderit,</strong></span> <span class='ocrx_word' id='word_1_533' title='bbox 3292 986 3346 1030; x_wconf 91' lang='lat' dir='ltr'><strong>et</strong></span> <span class='ocrx_word' id='word_1_534' title='bbox 3367 992 3555 1032; x_wconf 81' lang='lat' dir='ltr'><strong>carnes</strong></span> <span class='ocrx_word' id='word_1_535' title='bbox 3579 979 3839 1051; x_wconf 71' lang='lat' dir='ltr'><strong>proiecerit,</strong></span> 
     </span>
    </p>
   </div>
   <div class='ocr_carea' id='block_1_70' title="bbox 2298 1063 3842 1137">
    <p class='ocr_par' dir='ltr' id='par_1_70' title="bbox 2298 1063 3842 1137">
     <span class='ocr_line' id='line_1_70' title="bbox 2298 1063 3842 1137; baseline 0.01 -25"><span class='ocrx_word' id='word_1_536' title='bbox 2298 1074 2457 1129; x_wconf 89' lang='lat' dir='ltr'><strong>quam</strong></span> <span class='ocrx_word' id='word_1_537' title='bbox 2480 1074 2666 1118; x_wconf 87' lang='lat' dir='ltr'><strong>aurum</strong></span> <span class='ocrx_word' id='word_1_538' title='bbox 2697 1078 2712 1116; x_wconf 88' lang='lat'><strong>:</strong></span> <span class='ocrx_word' id='word_1_539' title='bbox 2741 1063 2829 1133; x_wconf 90' lang='lat' dir='ltr'><strong>qui</strong></span> <span class='ocrx_word' id='word_1_540' title='bbox 2862 1076 3041 1119; x_wconf 87' lang='lat' dir='ltr'><strong>autem</strong></span> <span class='ocrx_word' id='word_1_541' title='bbox 3070 1066 3323 1135; x_wconf 82' lang='lat' dir='ltr'><strong>pecunias</strong></span> <span class='ocrx_word' id='word_1_542' title='bbox 3352 1066 3594 1137; x_wconf 74' lang='lat' dir='ltr'><strong>deSpicit,</strong></span> <span class='ocrx_word' id='word_1_543' title='bbox 3618 1069 3711 1125; x_wconf 86' lang='lat' dir='ltr'><strong>hoc</strong></span> <span class='ocrx_word' id='word_1_544' title='bbox 3735 1073 3842 1128; x_wconf 82' lang='lat' dir='ltr'><strong>inte-</strong></span> 
     </span>
    </p>
   </div>
   <div class='ocr_carea' id='block_1_71' title="bbox 2300 1149 3840 1226">
    <p class='ocr_par' dir='ltr' id='par_1_71' title="bbox 2300 1149 3840 1226">
     <span class='ocr_line' id='line_1_71' title="bbox 2300 1149 3840 1226; baseline 0.011 -23"><span class='ocrx_word' id='word_1_545' title='bbox 2300 1149 2401 1204; x_wconf 91' lang='lat' dir='ltr'><strong>rim</strong></span> <span class='ocrx_word' id='word_1_546' title='bbox 2431 1150 2686 1217; x_wconf 89' lang='lat' dir='ltr'><strong>lucratur,</strong></span> <span class='ocrx_word' id='word_1_547' title='bbox 2715 1153 2859 1225; x_wconf 76' lang='lat' dir='ltr'><strong>qurd</strong></span> <span class='ocrx_word' id='word_1_548' title='bbox 2901 1154 2966 1209; x_wconf 89' lang='lat' dir='ltr'><strong>iis</strong></span> <span class='ocrx_word' id='word_1_549' title='bbox 3014 1171 3134 1226; x_wconf 76' lang='lat' dir='ltr'><strong>qua:</strong></span> <span class='ocrx_word' id='word_1_550' title='bbox 3164 1156 3323 1212; x_wconf 81' lang='lat' dir='ltr'><strong>habet</strong></span> <span class='ocrx_word' id='word_1_551' title='bbox 3366 1158 3533 1216; x_wconf 88' lang='lat' dir='ltr'><strong>libere</strong></span> <span class='ocrx_word' id='word_1_552' title='bbox 3581 1175 3643 1217; x_wconf 87' lang='lat' dir='ltr'><strong>ac</strong></span> <span class='ocrx_word' id='word_1_553' title='bbox 3690 1180 3840 1220; x_wconf 81' lang='lat' dir='ltr'><strong>secure</strong></span> 
     </span>
    </p>
   </div>
   <div class='ocr_carea' id='block_1_72' title="bbox 2300 1240 3839 1321">
    <p class='ocr_par' dir='ltr' id='par_1_72' title="bbox 2300 1240 3839 1321">
     <span class='ocr_line' id='line_1_72' title="bbox 2300 1240 3839 1321; baseline 0.007 -26"><span class='ocrx_word' id='word_1_554' title='bbox 2300 1240 2527 1311; x_wconf 88' lang='lat' dir='ltr'><strong>fruatur,</strong></span> <span class='ocrx_word' id='word_1_555' title='bbox 2556 1259 2723 1315; x_wconf 88' lang='lat' dir='ltr'><strong>seque</strong></span> <span class='ocrx_word' id='word_1_556' title='bbox 2752 1246 2858 1300; x_wconf 90' lang='lat' dir='ltr'><strong>illis</strong></span> <span class='ocrx_word' id='word_1_557' title='bbox 2886 1249 3155 1316; x_wconf 69' lang='lat' dir='ltr'><strong>pra-fciat.</strong></span> <span class='ocrx_word' id='word_1_558' title='bbox 3201 1248 3340 1316; x_wconf 90' lang='lat' dir='ltr'><strong>Quid</strong></span> <span class='ocrx_word' id='word_1_559' title='bbox 3386 1266 3515 1321; x_wconf 78' lang='lat' dir='ltr'><strong>ergo</strong></span> <span class='ocrx_word' id='word_1_560' title='bbox 3539 1255 3739 1308; x_wconf 84' lang='lat' dir='ltr'><strong>suavius</strong></span> <span class='ocrx_word' id='word_1_561' title='bbox 3763 1267 3839 1318; x_wconf 70' lang='grc' dir='ltr'><strong>ρει,</strong></span> 
     </span>
    </p>
   </div>
   <div class='ocr_carea' id='block_1_73' title="bbox 2301 1336 3842 1405">
    <p class='ocr_par' dir='ltr' id='par_1_73' title="bbox 2301 1336 3842 1405">
     <span class='ocr_line' id='line_1_73' title="bbox 2301 1336 3842 1405; baseline 0.006 -14"><span class='ocrx_word' id='word_1_562' title='bbox 2301 1336 2471 1393; x_wconf 89' lang='lat' dir='ltr'><strong>libere</strong></span> <span class='ocrx_word' id='word_1_563' title='bbox 2492 1337 2593 1393; x_wconf 86' lang='lat' dir='ltr'><strong>frui</strong></span> <span class='ocrx_word' id='word_1_564' title='bbox 2637 1338 2793 1393; x_wconf 90' lang='lat' dir='ltr'><strong>bonis</strong></span> <span class='ocrx_word' id='word_1_565' title='bbox 2816 1380 2830 1404; x_wconf 94' lang='lat'><strong>,</strong></span> <span class='ocrx_word' id='word_1_566' title='bbox 2861 1349 2954 1394; x_wconf 88' lang='lat' dir='ltr'><strong>aut</strong></span> <span class='ocrx_word' id='word_1_567' title='bbox 2979 1341 3079 1396; x_wconf 89' lang='lat' dir='ltr'><strong>sub</strong></span> <span class='ocrx_word' id='word_1_568' title='bbox 3108 1341 3342 1396; x_wconf 89' lang='lat' dir='ltr'><strong>dominis</strong></span> <span class='ocrx_word' id='word_1_569' title='bbox 3375 1341 3571 1398; x_wconf 87' lang='lat' dir='ltr'><strong>divitiis</strong></span> <span class='ocrx_word' id='word_1_570' title='bbox 3596 1346 3842 1405; x_wconf 88' lang='lat' dir='ltr'><strong>viventem.</strong></span> 
     </span>
    </p>
   </div>
   <div class='ocr_carea' id='block_1_74' title="bbox 2304 1427 3841 1503">
    <p class='ocr_par' dir='ltr' id='par_1_74' title="bbox 2304 1427 3841 1503">
     <span class='ocr_line' id='line_1_74' title="bbox 2304 1427 3841 1503; baseline 0.004 -21"><span class='ocrx_word' id='word_1_571' title='bbox 2304 1427 2435 1482; x_wconf 89' lang='lat' dir='ltr'><strong>nihil</strong></span> <span class='ocrx_word' id='word_1_572' title='bbox 2475 1443 2695 1484; x_wconf 88' lang='lat' dir='ltr'><strong>suorum</strong></span> <span class='ocrx_word' id='word_1_573' title='bbox 2724 1431 3035 1503; x_wconf 78' lang='lat' dir='ltr'><strong>contingere</strong></span> <span class='ocrx_word' id='word_1_574' title='bbox 3064 1433 3300 1489; x_wconf 87' lang='lat' dir='ltr'><strong>audere?</strong></span> <span class='ocrx_word' id='word_1_575' title='bbox 3323 1434 3549 1491; x_wconf 87' lang='lat' dir='ltr'><strong>Perinde</strong></span> <span class='ocrx_word' id='word_1_576' title='bbox 3585 1439 3716 1491; x_wconf 88' lang='lat' dir='ltr'><strong>enim</strong></span> <span class='ocrx_word' id='word_1_577' title='bbox 3743 1437 3841 1491; x_wconf 67' lang='lat' dir='ltr'><strong>mihi</strong></span> 
     </span>
    </p>
   </div>
   <div class='ocr_carea' id='block_1_75' title="bbox 2304 1521 3842 1596">
    <p class='ocr_par' dir='ltr' id='par_1_75' title="bbox 2304 1521 3842 1596">
     <span class='ocr_line' id='line_1_75' title="bbox 2304 1521 3842 1596; baseline 0.007 -23"><span class='ocrx_word' id='word_1_578' title='bbox 2304 1521 2517 1577; x_wconf 90' lang='lat' dir='ltr'><strong>videtur</strong></span> <span class='ocrx_word' id='word_1_579' title='bbox 2543 1536 2664 1577; x_wconf 91' lang='lat' dir='ltr'><strong>esse</strong></span> <span class='ocrx_word' id='word_1_580' title='bbox 2692 1537 2753 1576; x_wconf 89' lang='lat' dir='ltr'><strong>ac</strong></span> <span class='ocrx_word' id='word_1_581' title='bbox 2780 1524 2824 1576; x_wconf 90' lang='lat' dir='ltr'><strong>si</strong></span> <span class='ocrx_word' id='word_1_582' title='bbox 2850 1526 2948 1581; x_wconf 89' lang='lat' dir='ltr'><strong>viri</strong></span> <span class='ocrx_word' id='word_1_583' title='bbox 2979 1526 3195 1596; x_wconf 86' lang='lat' dir='ltr'><strong>quidam</strong></span> <span class='ocrx_word' id='word_1_584' title='bbox 3226 1526 3361 1581; x_wconf 90' lang='lat' dir='ltr'><strong>duas</strong></span> <span class='ocrx_word' id='word_1_585' title='bbox 3387 1526 3639 1583; x_wconf 87' lang='lat' dir='ltr'><strong>habentes</strong></span> <span class='ocrx_word' id='word_1_586' title='bbox 3665 1546 3842 1596; x_wconf 78' lang='lat' dir='ltr'><strong>uxores,</strong></span> 
     </span>
    </p>
   </div>
   <div class='ocr_carea' id='block_1_76' title="bbox 2304 1615 3846 1692">
    <p class='ocr_par' dir='ltr' id='par_1_76' title="bbox 2304 1615 3846 1692">
     <span class='ocr_line' id='line_1_76' title="bbox 2304 1615 3846 1692; baseline 0.003 -21"><span class='ocrx_word' id='word_1_587' title='bbox 2304 1626 2359 1671; x_wconf 88' lang='lat' dir='ltr'><strong>et</strong></span> <span class='ocrx_word' id='word_1_588' title='bbox 2399 1615 2685 1671; x_wconf 90' lang='lat' dir='ltr'><strong>admodum</strong></span> <span class='ocrx_word' id='word_1_589' title='bbox 2715 1617 2857 1687; x_wconf 88' lang='lat' dir='ltr'><strong>ipsas</strong></span> <span class='ocrx_word' id='word_1_590' title='bbox 2891 1628 3156 1685; x_wconf 88' lang='lat' dir='ltr'><strong>amantes,</strong></span> <span class='ocrx_word' id='word_1_591' title='bbox 3186 1634 3294 1673; x_wconf 90' lang='lat' dir='ltr'><strong>non</strong></span> <span class='ocrx_word' id='word_1_592' title='bbox 3326 1620 3515 1675; x_wconf 86' lang='lat' dir='ltr'><strong>eodem</strong></span> <span class='ocrx_word' id='word_1_593' title='bbox 3561 1622 3707 1675; x_wconf 88' lang='lat' dir='ltr'><strong>modo</strong></span> <span class='ocrx_word' id='word_1_594' title='bbox 3746 1623 3846 1692; x_wconf 77' lang='lat' dir='ltr'><strong>ipsis</strong></span> 
     </span>
    </p>
   </div>
   <div class='ocr_carea' id='block_1_77' title="bbox 2304 1705 3845 1783">
    <p class='ocr_par' dir='ltr' id='par_1_77' title="bbox 2304 1705 3845 1783">
     <span class='ocr_line' id='line_1_77' title="bbox 2304 1705 3845 1783; baseline 0.003 -24"><span class='ocrx_word' id='word_1_595' title='bbox 2304 1716 2551 1772; x_wconf 86' lang='lat' dir='ltr'><strong>utantur;</strong></span> <span class='ocrx_word' id='word_1_596' title='bbox 2576 1705 2671 1761; x_wconf 87' lang='lat' dir='ltr'><strong>sed</strong></span> <span class='ocrx_word' id='word_1_597' title='bbox 2700 1709 2851 1763; x_wconf 78' lang='lat' dir='ltr'><strong>alteri</strong></span> <span class='ocrx_word' id='word_1_598' title='bbox 2873 1708 3085 1779; x_wconf 91' lang='lat' dir='ltr'><strong>quidem</strong></span> <span class='ocrx_word' id='word_1_599' title='bbox 3106 1726 3330 1766; x_wconf 86' lang='lat' dir='ltr'><strong>uxorem</strong></span> <span class='ocrx_word' id='word_1_600' title='bbox 3353 1713 3655 1783; x_wconf 78' lang='lat' dir='ltr'><strong>contingere</strong></span> <span class='ocrx_word' id='word_1_601' title='bbox 3677 1723 3727 1768; x_wconf 87' lang='lat' dir='ltr'><strong>et</strong></span> <span class='ocrx_word' id='word_1_602' title='bbox 3745 1729 3845 1768; x_wconf 84' lang='lat' dir='ltr'><strong>cum</strong></span> 
     </span>
    </p>
   </div>
   <div class='ocr_carea' id='block_1_78' title="bbox 2308 1796 3845 1873">
    <p class='ocr_par' dir='ltr' id='par_1_78' title="bbox 2308 1796 3845 1873">
     <span class='ocr_line' id='line_1_78' title="bbox 2308 1796 3845 1873; baseline 0.004 -22"><span class='ocrx_word' id='word_1_603' title='bbox 2308 1796 2397 1852; x_wconf 92' lang='lat' dir='ltr'><strong>illa</strong></span> <span class='ocrx_word' id='word_1_604' title='bbox 2429 1798 2648 1864; x_wconf 88' lang='lat' dir='ltr'><strong>versari,</strong></span> <span class='ocrx_word' id='word_1_605' title='bbox 2674 1798 2830 1853; x_wconf 90' lang='lat' dir='ltr'><strong>alteri</strong></span> <span class='ocrx_word' id='word_1_606' title='bbox 2860 1814 2986 1854; x_wconf 91' lang='lat' dir='ltr'><strong>vero</strong></span> <span class='ocrx_word' id='word_1_607' title='bbox 3022 1815 3089 1856; x_wconf 93' lang='lat' dir='ltr'><strong>ne</strong></span> <span class='ocrx_word' id='word_1_608' title='bbox 3120 1816 3285 1871; x_wconf 84' lang='lat' dir='ltr'><strong>prope</strong></span> <span class='ocrx_word' id='word_1_609' title='bbox 3313 1802 3527 1873; x_wconf 88' lang='lat' dir='ltr'><strong>quidem</strong></span> <span class='ocrx_word' id='word_1_610' title='bbox 3557 1803 3701 1857; x_wconf 83' lang='lat' dir='ltr'><strong>liceat</strong></span> <span class='ocrx_word' id='word_1_611' title='bbox 3720 1818 3845 1857; x_wconf 86' lang='lat' dir='ltr'><strong>acce-</strong></span> 
     </span>
    </p>
   </div>
   <div class='ocr_carea' id='block_1_79' title="bbox 2307 1887 3846 1965">
    <p class='ocr_par' dir='ltr' id='par_1_79' title="bbox 2307 1887 3846 1965">
     <span class='ocr_line' id='line_1_79' title="bbox 2307 1887 3846 1965; baseline 0.002 -20"><span class='ocrx_word' id='word_1_612' title='bbox 2307 1887 2458 1945; x_wconf 86' lang='lat' dir='ltr'><strong>dere.</strong></span> <span class='ocrx_word' id='word_1_613' title='bbox 2478 1891 2657 1946; x_wconf 87' lang='lat' dir='ltr'><strong>Dicam</strong></span> <span class='ocrx_word' id='word_1_614' title='bbox 2675 1900 2730 1947; x_wconf 90' lang='lat' dir='ltr'><strong>et</strong></span> <span class='ocrx_word' id='word_1_615' title='bbox 2752 1891 2918 1961; x_wconf 90' lang='lat' dir='ltr'><strong>aliud,</strong></span> <span class='ocrx_word' id='word_1_616' title='bbox 2941 1908 3048 1963; x_wconf 90' lang='lat' dir='ltr'><strong>quo</strong></span> <span class='ocrx_word' id='word_1_617' title='bbox 3068 1893 3290 1948; x_wconf 88' lang='lat' dir='ltr'><strong>alterius</strong></span> <span class='ocrx_word' id='word_1_618' title='bbox 3313 1896 3652 1965; x_wconf 86' lang='lat' dir='ltr'><strong>voluptatem,</strong></span> <span class='ocrx_word' id='word_1_619' title='bbox 3669 1897 3846 1950; x_wconf 86' lang='lat' dir='ltr'><strong>alterius</strong></span> 
     </span>
    </p>
   </div>
   <div class='ocr_carea' id='block_1_80' title="bbox 2309 1986 3848 2057">
    <p class='ocr_par' dir='ltr' id='par_1_80' title="bbox 2309 1986 3848 2057">
     <span class='ocr_line' id='line_1_80' title="bbox 2309 1986 3848 2057; baseline 0.003 -21"><span class='ocrx_word' id='word_1_620' title='bbox 2309 1996 2597 2038; x_wconf 64' lang='lat' dir='ltr'><strong>maerorem</strong></span> <span class='ocrx_word' id='word_1_621' title='bbox 2650 1994 3091 2040; x_wconf 89' lang='lat' dir='ltr'><strong>commonstrem.</strong></span> <span class='ocrx_word' id='word_1_622' title='bbox 3143 1986 3352 2042; x_wconf 82' lang='lat' dir='ltr'><strong>Avarus</strong></span> <span class='ocrx_word' id='word_1_623' title='bbox 3408 2002 3683 2057; x_wconf 85' lang='lat' dir='ltr'><strong>numquam</strong></span> <span class='ocrx_word' id='word_1_624' title='bbox 3727 1987 3848 2041; x_wconf 79' lang='lat' dir='ltr'><strong>sistet</strong></span> 
     </span>
    </p>
   </div>
   <div class='ocr_carea' id='block_1_81' title="bbox 2313 2075 3845 2151">
    <p class='ocr_par' dir='ltr' id='par_1_81' title="bbox 2313 2075 3845 2151">
     <span class='ocr_line' id='line_1_81' title="bbox 2313 2075 3845 2151; baseline 0.002 -22"><span class='ocrx_word' id='word_1_625' title='bbox 2313 2076 2451 2129; x_wconf 87' lang='lat' dir='ltr'><strong>hanc</strong></span> <span class='ocrx_word' id='word_1_626' title='bbox 2474 2075 2843 2146; x_wconf 88' lang='lat' dir='ltr'><strong>cupiditatem,</strong></span> <span class='ocrx_word' id='word_1_627' title='bbox 2873 2093 2981 2132; x_wconf 89' lang='lat' dir='ltr'><strong>non</strong></span> <span class='ocrx_word' id='word_1_628' title='bbox 3011 2078 3173 2133; x_wconf 88' lang='lat' dir='ltr'><strong>modo</strong></span> <span class='ocrx_word' id='word_1_629' title='bbox 3199 2079 3343 2150; x_wconf 87' lang='lat' dir='ltr'><strong>quod</strong></span> <span class='ocrx_word' id='word_1_630' title='bbox 3391 2090 3616 2151; x_wconf 85' lang='lat' dir='ltr'><strong>nequeat</strong></span> <span class='ocrx_word' id='word_1_631' title='bbox 3651 2081 3845 2135; x_wconf 86' lang='lat' dir='ltr'><strong>omnium</strong></span> 
     </span>
    </p>
   </div>
   <div class='ocr_carea' id='block_1_82' title="bbox 2312 2168 3847 2242">
    <p class='ocr_par' dir='ltr' id='par_1_82' title="bbox 2312 2168 3847 2242">
     <span class='ocr_line' id='line_1_82' title="bbox 2312 2168 3847 2242; baseline 0 -17"><span class='ocrx_word' id='word_1_632' title='bbox 2312 2168 2451 2225; x_wconf 84' lang='lat' dir='ltr'><strong>bona</strong></span> <span class='ocrx_word' id='word_1_633' title='bbox 2481 2169 2754 2236; x_wconf 86' lang='lat' dir='ltr'><strong>invadere,</strong></span> <span class='ocrx_word' id='word_1_634' title='bbox 2781 2169 2877 2225; x_wconf 88' lang='lat' dir='ltr'><strong>sed</strong></span> <span class='ocrx_word' id='word_1_635' title='bbox 2900 2172 3060 2226; x_wconf 89' lang='lat' dir='ltr'><strong>etiam</strong></span> <span class='ocrx_word' id='word_1_636' title='bbox 3083 2172 3224 2241; x_wconf 89' lang='lat' dir='ltr'><strong>quod</strong></span> <span class='ocrx_word' id='word_1_637' title='bbox 3257 2182 3674 2242; x_wconf 82' lang='lat' dir='ltr'><strong>quantacumque</strong></span> <span class='ocrx_word' id='word_1_638' title='bbox 3700 2186 3847 2242; x_wconf 76' lang='lat' dir='ltr'><strong>possc-</strong></span> 
     </span>
    </p>
   </div>
   <div class='ocr_carea' id='block_1_83' title="bbox 2312 2261 3844 2336">
    <p class='ocr_par' dir='ltr' id='par_1_83' title="bbox 2312 2261 3844 2336">
     <span class='ocr_line' id='line_1_83' title="bbox 2312 2261 3844 2336; baseline -0.001 -19"><span class='ocrx_word' id='word_1_639' title='bbox 2312 2261 2474 2329; x_wconf 91' lang='lat' dir='ltr'><strong>derit,</strong></span> <span class='ocrx_word' id='word_1_640' title='bbox 2504 2279 2565 2319; x_wconf 91' lang='lat' dir='ltr'><strong>se</strong></span> <span class='ocrx_word' id='word_1_641' title='bbox 2608 2263 2740 2318; x_wconf 88' lang='lat' dir='ltr'><strong>nihil</strong></span> <span class='ocrx_word' id='word_1_642' title='bbox 2772 2263 2970 2319; x_wconf 90' lang='lat' dir='ltr'><strong>habere</strong></span> <span class='ocrx_word' id='word_1_643' title='bbox 2998 2274 3147 2335; x_wconf 91' lang='lat' dir='ltr'><strong>putet</strong></span> <span class='ocrx_word' id='word_1_644' title='bbox 3177 2285 3190 2319; x_wconf 90' lang='lat'><strong>:</strong></span> <span class='ocrx_word' id='word_1_645' title='bbox 3220 2267 3314 2336; x_wconf 91' lang='lat' dir='ltr'><strong>qui</strong></span> <span class='ocrx_word' id='word_1_646' title='bbox 3343 2282 3470 2321; x_wconf 87' lang='lat' dir='ltr'><strong>vero</strong></span> <span class='ocrx_word' id='word_1_647' title='bbox 3506 2267 3735 2336; x_wconf 73' lang='lat' dir='ltr'><strong>pecunias</strong></span> <span class='ocrx_word' id='word_1_648' title='bbox 3774 2267 3844 2319; x_wconf 82' lang='lat' dir='ltr'><strong>de-</strong></span> 
     </span>
    </p>
   </div>
   <div class='ocr_carea' id='block_1_84' title="bbox 2315 2356 3843 2429">
    <p class='ocr_par' dir='ltr' id='par_1_84' title="bbox 2315 2356 3843 2429">
     <span class='ocr_line' id='line_1_84' title="bbox 2315 2356 3843 2429; baseline -0.002 -18"><span class='ocrx_word' id='word_1_649' title='bbox 2315 2356 2489 2428; x_wconf 87' lang='lat' dir='ltr'><strong>spicit,</strong></span> <span class='ocrx_word' id='word_1_650' title='bbox 2521 2356 2789 2427; x_wconf 85' lang='lat' dir='ltr'><strong>superllua</strong></span> <span class='ocrx_word' id='word_1_651' title='bbox 2834 2356 3013 2413; x_wconf 83' lang='lat' dir='ltr'><strong>omnia</strong></span> <span class='ocrx_word' id='word_1_652' title='bbox 3064 2359 3414 2424; x_wconf 75' lang='lat' dir='ltr'><strong>existimabit,</strong></span> <span class='ocrx_word' id='word_1_653' title='bbox 3463 2375 3627 2429; x_wconf 89' lang='lat' dir='ltr'><strong>neque</strong></span> <span class='ocrx_word' id='word_1_654' title='bbox 3671 2360 3843 2413; x_wconf 74' lang='lat' dir='ltr'><strong>iutiuitis</strong></span> 
     </span>
    </p>
   </div>
   <div class='ocr_carea' id='block_1_85' title="bbox 2316 2448 3843 2520">
    <p class='ocr_par' dir='ltr' id='par_1_85' title="bbox 2316 2448 3843 2520">
     <span class='ocr_line' id='line_1_85' title="bbox 2316 2448 3843 2520; baseline -0.003 -15"><span class='ocrx_word' id='word_1_655' title='bbox 2316 2448 2699 2520; x_wconf 88' lang='lat' dir='ltr'><strong>cupiditatibus</strong></span> <span class='ocrx_word' id='word_1_656' title='bbox 2727 2449 2959 2504; x_wconf 90' lang='lat' dir='ltr'><strong>animam</strong></span> <span class='ocrx_word' id='word_1_657' title='bbox 2991 2449 3276 2505; x_wconf 91' lang='lat' dir='ltr'><strong>cruciabit.</strong></span> <span class='ocrx_word' id='word_1_658' title='bbox 3296 2449 3437 2504; x_wconf 84' lang='lat' dir='ltr'><strong>Nihil</strong></span> <span class='ocrx_word' id='word_1_659' title='bbox 3467 2455 3603 2504; x_wconf 86' lang='lat' dir='ltr'><strong>enim</strong></span> <span class='ocrx_word' id='word_1_660' title='bbox 3627 2458 3702 2505; x_wconf 88' lang='lat' dir='ltr'><strong>est</strong></span> <span class='ocrx_word' id='word_1_661' title='bbox 3741 2449 3843 2519; x_wconf 67' lang='lat' dir='ltr'><strong>quid</strong></span> 
     </span>
    </p>
   </div>
   <div class='ocr_carea' id='block_1_86' title="bbox 2316 2541 3846 2613">
    <p class='ocr_par' dir='ltr' id='par_1_86' title="bbox 2316 2541 3846 2613">
     <span class='ocr_line' id='line_1_86' title="bbox 2316 2541 3846 2613; baseline -0.004 -17"><span class='ocrx_word' id='word_1_662' title='bbox 2316 2541 2562 2612; x_wconf 85' lang='lat' dir='ltr'><strong>supplicii</strong></span> <span class='ocrx_word' id='word_1_663' title='bbox 2586 2542 2847 2597; x_wconf 88' lang='lat' dir='ltr'><strong>rationem</strong></span> <span class='ocrx_word' id='word_1_664' title='bbox 2875 2543 2944 2596; x_wconf 89' lang='lat' dir='ltr'><strong>ita</strong></span> <span class='ocrx_word' id='word_1_665' title='bbox 2990 2541 3206 2609; x_wconf 88' lang='lat' dir='ltr'><strong>habeat,</strong></span> <span class='ocrx_word' id='word_1_666' title='bbox 3248 2551 3310 2596; x_wconf 93' lang='lat' dir='ltr'><strong>ut</strong></span> <span class='ocrx_word' id='word_1_667' title='bbox 3339 2542 3743 2613; x_wconf 83' lang='lat' dir='ltr'><strong>concupiscentia</strong></span> <span class='ocrx_word' id='word_1_668' title='bbox 3777 2556 3846 2593; x_wconf 86' lang='lat' dir='ltr'><strong>usu</strong></span> 
     </span>
    </p>
   </div>
   <div class='ocr_carea' id='block_1_87' title="bbox 2319 2631 3849 2703">
    <p class='ocr_par' dir='ltr' id='par_1_87' title="bbox 2319 2631 3849 2703">
     <span class='ocr_line' id='line_1_87' title="bbox 2319 2631 3849 2703; baseline -0.005 -15"><span class='ocrx_word' id='word_1_669' title='bbox 2319 2642 2377 2688; x_wconf 85' lang='lat' dir='ltr'><strong>et</strong></span> <span class='ocrx_word' id='word_1_670' title='bbox 2405 2631 2577 2688; x_wconf 89' lang='lat' dir='ltr'><strong>fructu</strong></span> <span class='ocrx_word' id='word_1_671' title='bbox 2602 2632 2827 2703; x_wconf 89' lang='lat' dir='ltr'><strong>privata,</strong></span> <span class='ocrx_word' id='word_1_672' title='bbox 2857 2631 2908 2687; x_wconf 92' lang='lat' dir='ltr'><strong>id</strong></span> <span class='ocrx_word' id='word_1_673' title='bbox 2936 2631 3077 2701; x_wconf 91' lang='lat' dir='ltr'><strong>quod</strong></span> <span class='ocrx_word' id='word_1_674' title='bbox 3102 2632 3337 2688; x_wconf 78' lang='lat' dir='ltr'><strong>maxime</strong></span> <span class='ocrx_word' id='word_1_675' title='bbox 3364 2632 3849 2703; x_wconf 68' lang='lat' dir='ltr'><strong>perversamexlubet</strong></span> 
     </span>
    </p>
   </div>
   <div class='ocr_carea' id='block_1_88' title="bbox 2320 2726 3851 2798">
    <p class='ocr_par' dir='ltr' id='par_1_88' title="bbox 2320 2726 3851 2798">
     <span class='ocr_line' id='line_1_88' title="bbox 2320 2726 3851 2798; baseline -0.005 -16"><span class='ocrx_word' id='word_1_676' title='bbox 2320 2735 2579 2782; x_wconf 84' lang='lat' dir='ltr'><strong>mentem.</strong></span> <span class='ocrx_word' id='word_1_677' title='bbox 2626 2726 2919 2782; x_wconf 83' lang='lat' dir='ltr'><strong>Considera</strong></span> <span class='ocrx_word' id='word_1_678' title='bbox 2970 2736 3146 2781; x_wconf 91' lang='lat' dir='ltr'><strong>autem</strong></span> <span class='ocrx_word' id='word_1_679' title='bbox 3182 2743 3196 2781; x_wconf 89' lang='lat'><strong>:</strong></span> <span class='ocrx_word' id='word_1_680' title='bbox 3229 2728 3321 2798; x_wconf 90' lang='lat' dir='ltr'><strong>qui</strong></span> <span class='ocrx_word' id='word_1_681' title='bbox 3369 2727 3613 2798; x_wconf 90' lang='lat' dir='ltr'><strong>pecunias</strong></span> <span class='ocrx_word' id='word_1_682' title='bbox 3653 2726 3772 2794; x_wconf 81' lang='lat' dir='ltr'><strong>cupit</strong></span> <span class='ocrx_word' id='word_1_683' title='bbox 3811 2732 3851 2776; x_wconf 87' lang='lat' dir='ltr'><strong>ct</strong></span> 
     </span>
    </p>
   </div>
   <div class='ocr_carea' id='block_1_89' title="bbox 2322 2817 3850 2889">
    <p class='ocr_par' dir='ltr' id='par_1_89' title="bbox 2322 2817 3850 2889">
     <span class='ocr_line' id='line_1_89' title="bbox 2322 2817 3850 2889; baseline -0.004 -16"><span class='ocrx_word' id='word_1_684' title='bbox 2322 2817 2803 2889; x_wconf 21' lang='lat' dir='ltr'><strong>multaskpossidet,</strong></span> <span class='ocrx_word' id='word_1_685' title='bbox 2839 2817 2909 2872; x_wconf 89' lang='lat' dir='ltr'><strong>ita</strong></span> <span class='ocrx_word' id='word_1_686' title='bbox 2946 2817 3169 2875; x_wconf 75' lang='lat' dir='ltr'><strong>affectus</strong></span> <span class='ocrx_word' id='word_1_687' title='bbox 3194 2828 3300 2885; x_wconf 88' lang='lat' dir='ltr'><strong>est,</strong></span> <span class='ocrx_word' id='word_1_688' title='bbox 3330 2834 3394 2874; x_wconf 91' lang='lat' dir='ltr'><strong>ac</strong></span> <span class='ocrx_word' id='word_1_689' title='bbox 3424 2820 3469 2875; x_wconf 92' lang='lat' dir='ltr'><strong>si</strong></span> <span class='ocrx_word' id='word_1_690' title='bbox 3507 2819 3629 2873; x_wconf 89' lang='lat' dir='ltr'><strong>nihil</strong></span> <span class='ocrx_word' id='word_1_691' title='bbox 3657 2817 3850 2871; x_wconf 81' lang='lat' dir='ltr'><strong>haberet.</strong></span> 
     </span>
    </p>
   </div>
   <div class='ocr_carea' id='block_1_90' title="bbox 2323 2904 3855 2981">
    <p class='ocr_par' dir='ltr' id='par_1_90' title="bbox 2323 2904 3855 2981">
     <span class='ocr_line' id='line_1_90' title="bbox 2323 2904 3855 2981; baseline -0.005 -13"><span class='ocrx_word' id='word_1_692' title='bbox 2323 2911 2558 2968; x_wconf 83' lang='lat' dir='ltr'><strong>lloccine</strong></span> <span class='ocrx_word' id='word_1_693' title='bbox 2586 2910 2774 2966; x_wconf 87' lang='lat' dir='ltr'><strong>morbo</strong></span> <span class='ocrx_word' id='word_1_694' title='bbox 2821 2911 3124 2980; x_wconf 88' lang='lat' dir='ltr'><strong>perplexius</strong></span> <span class='ocrx_word' id='word_1_695' title='bbox 3158 2910 3287 2980; x_wconf 85' lang='lat' dir='ltr'><strong>quid</strong></span> <span class='ocrx_word' id='word_1_696' title='bbox 3329 2926 3448 2967; x_wconf 86' lang='lat' dir='ltr'><strong>esse</strong></span> <span class='ocrx_word' id='word_1_697' title='bbox 3479 2909 3671 2981; x_wconf 82' lang='lat' dir='ltr'><strong>potest?</strong></span> <span class='ocrx_word' id='word_1_698' title='bbox 3708 2904 3855 2974; x_wconf 78' lang='lat' dir='ltr'><strong>Neque</strong></span> 
     </span>
    </p>
   </div>
   <div class='ocr_carea' id='block_1_91' title="bbox 2326 3003 3853 3076">
    <p class='ocr_par' dir='ltr' id='par_1_91' title="bbox 2326 3003 3853 3076">
     <span class='ocr_line' id='line_1_91' title="bbox 2326 3003 3853 3076; baseline -0.006 -15"><span class='ocrx_word' id='word_1_699' title='bbox 2326 3007 2428 3062; x_wconf 90' lang='lat' dir='ltr'><strong>hoc</strong></span> <span class='ocrx_word' id='word_1_700' title='bbox 2473 3006 2647 3061; x_wconf 90' lang='lat' dir='ltr'><strong>solum</strong></span> <span class='ocrx_word' id='word_1_701' title='bbox 2697 3020 2860 3075; x_wconf 81' lang='lat' dir='ltr'><strong>grave</strong></span> <span class='ocrx_word' id='word_1_702' title='bbox 2884 3014 2985 3071; x_wconf 77' lang='lat' dir='ltr'><strong>est,</strong></span> <span class='ocrx_word' id='word_1_703' title='bbox 3016 3004 3110 3060; x_wconf 90' lang='lat' dir='ltr'><strong>sed</strong></span> <span class='ocrx_word' id='word_1_704' title='bbox 3142 3008 3306 3059; x_wconf 83' lang='lat' dir='ltr'><strong>etiam</strong></span> <span class='ocrx_word' id='word_1_705' title='bbox 3354 3005 3492 3076; x_wconf 88' lang='lat' dir='ltr'><strong>quod</strong></span> <span class='ocrx_word' id='word_1_706' title='bbox 3523 3006 3605 3075; x_wconf 88' lang='lat' dir='ltr'><strong>qui</strong></span> <span class='ocrx_word' id='word_1_707' title='bbox 3635 3004 3662 3056; x_wconf 91' lang='lat' dir='ltr'><strong>b</strong></span> <span class='ocrx_word' id='word_1_708' title='bbox 3682 3003 3786 3066; x_wconf 70' lang='grc' dir='ltr'>ὼνι,</span> <span class='ocrx_word' id='word_1_709' title='bbox 3807 3014 3853 3052; x_wconf 75' lang='lat' dir='ltr'><strong>et</strong></span> 
     </span>
    </p>
   </div>
   <div class='ocr_carea' id='block_1_92' title="bbox 2326 3093 3854 3170">
    <p class='ocr_par' dir='ltr' id='par_1_92' title="bbox 2326 3093 3854 3170">
     <span class='ocr_line' id='line_1_92' title="bbox 2326 3093 3854 3170; baseline -0.007 -18"><span class='ocrx_word' id='word_1_710' title='bbox 2326 3097 2439 3169; x_wconf 87' lang='lat' dir='ltr'><strong>ipsa</strong></span> <span class='ocrx_word' id='word_1_711' title='bbox 2468 3115 2586 3170; x_wconf 68' lang='lat' dir='ltr'><strong>quae</strong></span> <span class='ocrx_word' id='word_1_712' title='bbox 2612 3108 2756 3153; x_wconf 90' lang='lat' dir='ltr'><strong>tenet</strong></span> <span class='ocrx_word' id='word_1_713' title='bbox 2782 3114 2887 3152; x_wconf 92' lang='lat' dir='ltr'><strong>non</strong></span> <span class='ocrx_word' id='word_1_714' title='bbox 2913 3096 3113 3152; x_wconf 86' lang='lat' dir='ltr'><strong>habere</strong></span> <span class='ocrx_word' id='word_1_715' title='bbox 3130 3098 3378 3152; x_wconf 88' lang='lat' dir='ltr'><strong>videatur</strong></span> <span class='ocrx_word' id='word_1_716' title='bbox 3406 3115 3419 3151; x_wconf 89' lang='lat'><strong>:</strong></span> <span class='ocrx_word' id='word_1_717' title='bbox 3450 3097 3648 3152; x_wconf 83' lang='lat' dir='ltr'><strong>etiamsi</strong></span> <span class='ocrx_word' id='word_1_718' title='bbox 3664 3093 3854 3147; x_wconf 82' lang='lat' dir='ltr'><strong>amnium</strong></span> 
     </span>
    </p>
   </div>
   <div class='ocr_carea' id='block_1_93' title="bbox 2326 3191 3853 3263">
    <p class='ocr_par' dir='ltr' id='par_1_93' title="bbox 2326 3191 3853 3263">
     <span class='ocr_line' id='line_1_93' title="bbox 2326 3191 3853 3263; baseline -0.009 -15"><span class='ocrx_word' id='word_1_719' title='bbox 2326 3194 2465 3249; x_wconf 88' lang='lat' dir='ltr'><strong>bona</strong></span> <span class='ocrx_word' id='word_1_720' title='bbox 2495 3193 2786 3262; x_wconf 87' lang='lat' dir='ltr'><strong>acceperit,</strong></span> <span class='ocrx_word' id='word_1_721' title='bbox 2835 3193 3003 3263; x_wconf 75' lang='lat' dir='ltr'><strong>magis</strong></span> <span class='ocrx_word' id='word_1_722' title='bbox 3026 3191 3326 3257; x_wconf 84' lang='lat' dir='ltr'><strong>cruciatur;</strong></span> <span class='ocrx_word' id='word_1_723' title='bbox 3351 3192 3554 3246; x_wconf 84' lang='lat' dir='ltr'><strong>etiamsi</strong></span> <span class='ocrx_word' id='word_1_724' title='bbox 3581 3200 3768 3245; x_wconf 83' lang='lat' dir='ltr'><strong>centqu</strong></span> <span class='ocrx_word' id='word_1_725' title='bbox 3794 3195 3853 3235; x_wconf 82' lang='lat' dir='ltr'><strong>ta-</strong></span> 
     </span>
    </p>
   </div>
   <div class='ocr_carea' id='block_1_94' title="bbox 2329 3275 3857 3357">
    <p class='ocr_par' dir='ltr' id='par_1_94' title="bbox 2329 3275 3857 3357">
     <span class='ocr_line' id='line_1_94' title="bbox 2329 3275 3857 3357; baseline -0.011 -15"><span class='ocrx_word' id='word_1_726' title='bbox 2329 3286 2471 3342; x_wconf 91' lang='lat' dir='ltr'><strong>lenta</strong></span> <span class='ocrx_word' id='word_1_727' title='bbox 2500 3285 2792 3357; x_wconf 87' lang='lat' dir='ltr'><strong>possideat.</strong></span> <span class='ocrx_word' id='word_1_728' title='bbox 2817 3284 2959 3355; x_wconf 88' lang='lat' dir='ltr'><strong>quod</strong></span> <span class='ocrx_word' id='word_1_729' title='bbox 2984 3284 3129 3338; x_wconf 90' lang='lat' dir='ltr'><strong>mille</strong></span> <span class='ocrx_word' id='word_1_730' title='bbox 3149 3298 3255 3338; x_wconf 92' lang='lat' dir='ltr'><strong>non</strong></span> <span class='ocrx_word' id='word_1_731' title='bbox 3285 3282 3482 3339; x_wconf 89' lang='lat' dir='ltr'><strong>habeat</strong></span> <span class='ocrx_word' id='word_1_732' title='bbox 3506 3281 3672 3346; x_wconf 86' lang='lat' dir='ltr'><strong>dolet;</strong></span> <span class='ocrx_word' id='word_1_733' title='bbox 3693 3278 3729 3333; x_wconf 92' lang='lat' dir='ltr'><strong>si</strong></span> <span class='ocrx_word' id='word_1_734' title='bbox 3745 3275 3857 3330; x_wconf 85' lang='lat' dir='ltr'><strong>mille</strong></span> 
     </span>
    </p>
   </div>
   <div class='ocr_carea' id='block_1_95' title="bbox 2329 3365 3855 3449">
    <p class='ocr_par' dir='ltr' id='par_1_95' title="bbox 2329 3365 3855 3449">
     <span class='ocr_line' id='line_1_95' title="bbox 2329 3365 3855 3449; baseline -0.009 -14"><span class='ocrx_word' id='word_1_735' title='bbox 2329 3378 2541 3445; x_wconf 85' lang='lat' dir='ltr'><strong>habeat,</strong></span> <span class='ocrx_word' id='word_1_736' title='bbox 2570 3377 2712 3449; x_wconf 88' lang='lat' dir='ltr'><strong>quod</strong></span> <span class='ocrx_word' id='word_1_737' title='bbox 2739 3377 2922 3433; x_wconf 88' lang='lat' dir='ltr'><strong>decies</strong></span> <span class='ocrx_word' id='word_1_738' title='bbox 2960 3376 3108 3433; x_wconf 89' lang='lat' dir='ltr'><strong>mille</strong></span> <span class='ocrx_word' id='word_1_739' title='bbox 3140 3391 3247 3433; x_wconf 90' lang='lat' dir='ltr'><strong>non</strong></span> <span class='ocrx_word' id='word_1_740' title='bbox 3276 3375 3471 3432; x_wconf 89' lang='lat' dir='ltr'><strong>habeat</strong></span> <span class='ocrx_word' id='word_1_741' title='bbox 3518 3374 3785 3435; x_wconf 86' lang='lat' dir='ltr'><strong>mordetur;</strong></span> <span class='ocrx_word' id='word_1_742' title='bbox 3824 3365 3855 3418; x_wconf 77' lang='lat' dir='ltr'><strong>si</strong></span> 
     </span>
    </p>
   </div>
   <div class='ocr_carea' id='block_1_96' title="bbox 2330 3462 3855 3540">
    <p class='ocr_par' dir='ltr' id='par_1_96' title="bbox 2330 3462 3855 3540">
     <span class='ocr_line' id='line_1_96' title="bbox 2330 3462 3855 3540; baseline -0.01 -13"><span class='ocrx_word' id='word_1_743' title='bbox 2330 3472 2510 3527; x_wconf 84' lang='lat' dir='ltr'><strong>decies</strong></span> <span class='ocrx_word' id='word_1_744' title='bbox 2532 3471 2679 3526; x_wconf 89' lang='lat' dir='ltr'><strong>mille</strong></span> <span class='ocrx_word' id='word_1_745' title='bbox 2698 3469 2983 3538; x_wconf 89' lang='lat' dir='ltr'><strong>acceperit,</strong></span> <span class='ocrx_word' id='word_1_746' title='bbox 3005 3468 3149 3540; x_wconf 90' lang='lat' dir='ltr'><strong>quod</strong></span> <span class='ocrx_word' id='word_1_747' title='bbox 3174 3483 3281 3523; x_wconf 92' lang='lat' dir='ltr'><strong>non</strong></span> <span class='ocrx_word' id='word_1_748' title='bbox 3300 3469 3482 3525; x_wconf 88' lang='lat' dir='ltr'><strong>decies</strong></span> <span class='ocrx_word' id='word_1_749' title='bbox 3503 3468 3641 3538; x_wconf 87' lang='lat' dir='ltr'><strong>plura</strong></span> <span class='ocrx_word' id='word_1_750' title='bbox 3657 3462 3855 3518; x_wconf 85' lang='lat' dir='ltr'><strong>obtinue-</strong></span> 
     </span>
    </p>
   </div>
   <div class='ocr_carea' id='block_1_97' title="bbox 2331 3553 3859 3635">
    <p class='ocr_par' dir='ltr' id='par_1_97' title="bbox 2331 3553 3859 3635">
     <span class='ocr_line' id='line_1_97' title="bbox 2331 3553 3859 3635; baseline -0.01 -16"><span class='ocrx_word' id='word_1_751' title='bbox 2331 3566 2402 3620; x_wconf 89' lang='lat' dir='ltr'><strong>rit</strong></span> <span class='ocrx_word' id='word_1_752' title='bbox 2430 3565 2645 3635; x_wconf 77' lang='lat' dir='ltr'><strong>angitur</strong></span> <span class='ocrx_word' id='word_1_753' title='bbox 2678 3582 2692 3618; x_wconf 87' lang='lat'><strong>:</strong></span> <span class='ocrx_word' id='word_1_754' title='bbox 2727 3564 3004 3634; x_wconf 88' lang='lat' dir='ltr'><strong>majorque</strong></span> <span class='ocrx_word' id='word_1_755' title='bbox 3048 3562 3335 3632; x_wconf 89' lang='lat' dir='ltr'><strong>acquisitio</strong></span> <span class='ocrx_word' id='word_1_756' title='bbox 3364 3562 3422 3617; x_wconf 89' lang='lat' dir='ltr'><strong>fit</strong></span> <span class='ocrx_word' id='word_1_757' title='bbox 3466 3561 3538 3616; x_wconf 90' lang='lat' dir='ltr'><strong>illi</strong></span> <span class='ocrx_word' id='word_1_758' title='bbox 3589 3553 3859 3630; x_wconf 84' lang='lat' dir='ltr'><strong>paupertatis</strong></span> 
     </span>
    </p>
   </div>
   <div class='ocr_carea' id='block_1_98' title="bbox 2332 3646 3857 3726">
    <p class='ocr_par' dir='ltr' id='par_1_98' title="bbox 2332 3646 3857 3726">
     <span class='ocr_line' id='line_1_98' title="bbox 2332 3646 3857 3726; baseline -0.012 -15"><span class='ocrx_word' id='word_1_759' title='bbox 2332 3657 2574 3712; x_wconf 89' lang='lat' dir='ltr'><strong>accessio</strong></span> <span class='ocrx_word' id='word_1_760' title='bbox 2606 3675 2619 3712; x_wconf 93' lang='lat'>:</span> <span class='ocrx_word' id='word_1_761' title='bbox 2653 3671 2774 3710; x_wconf 85' lang='lat' dir='ltr'><strong>nam</strong></span> <span class='ocrx_word' id='word_1_762' title='bbox 2811 3664 3011 3726; x_wconf 90' lang='lat' dir='ltr'><strong>quanto</strong></span> <span class='ocrx_word' id='word_1_763' title='bbox 3039 3654 3192 3725; x_wconf 88' lang='lat' dir='ltr'><strong>plura</strong></span> <span class='ocrx_word' id='word_1_764' title='bbox 3243 3655 3532 3726; x_wconf 85' lang='lat' dir='ltr'><strong>acceperit,</strong></span> <span class='ocrx_word' id='word_1_765' title='bbox 3567 3660 3700 3705; x_wconf 89' lang='lat' dir='ltr'><strong>tanto</strong></span> <span class='ocrx_word' id='word_1_766' title='bbox 3740 3646 3857 3717; x_wconf 80' lang='lat' dir='ltr'><strong>plura</strong></span> 
     </span>
    </p>
   </div>
   <div class='ocr_carea' id='block_1_99' title="bbox 2333 3737 3859 3820">
    <p class='ocr_par' dir='ltr' id='par_1_99' title="bbox 2333 3737 3859 3820">
     <span class='ocr_line' id='line_1_99' title="bbox 2333 3737 3859 3820; baseline -0.012 -15"><span class='ocrx_word' id='word_1_767' title='bbox 2333 3749 2623 3806; x_wconf 86' lang='lat' dir='ltr'><strong>desiderat.</strong></span> <span class='ocrx_word' id='word_1_768' title='bbox 2655 3749 2795 3820; x_wconf 81' lang='lat' dir='ltr'><strong>Ergo</strong></span> <span class='ocrx_word' id='word_1_769' title='bbox 2821 3760 3021 3819; x_wconf 88' lang='lat' dir='ltr'><strong>quanto</strong></span> <span class='ocrx_word' id='word_1_770' title='bbox 3052 3748 3199 3819; x_wconf 91' lang='lat' dir='ltr'><strong>plura</strong></span> <span class='ocrx_word' id='word_1_771' title='bbox 3230 3747 3520 3818; x_wconf 87' lang='lat' dir='ltr'><strong>acceperit,</strong></span> <span class='ocrx_word' id='word_1_772' title='bbox 3553 3754 3686 3799; x_wconf 88' lang='lat' dir='ltr'><strong>tanto</strong></span> <span class='ocrx_word' id='word_1_773' title='bbox 3733 3737 3859 3805; x_wconf 69' lang='lat' dir='ltr'><strong>magis</strong></span> 
     </span>
    </p>
   </div>
   <div class='ocr_carea' id='block_1_100' title="bbox 2337 3834 3861 3915">
    <p class='ocr_par' dir='ltr' id='par_1_100' title="bbox 2337 3834 3861 3915">
     <span class='ocr_line' id='line_1_100' title="bbox 2337 3834 3861 3915; baseline -0.009 -17"><span class='ocrx_word' id='word_1_774' title='bbox 2337 3858 2541 3915; x_wconf 91' lang='lat' dir='ltr'><strong>pauper</strong></span> <span class='ocrx_word' id='word_1_775' title='bbox 2565 3841 2744 3897; x_wconf 87' lang='lat' dir='ltr'><strong>evadit</strong></span> <span class='ocrx_word' id='word_1_776' title='bbox 2778 3860 2790 3896; x_wconf 93' lang='lat'>:</span> <span class='ocrx_word' id='word_1_777' title='bbox 2820 3842 2908 3912; x_wconf 90' lang='lat' dir='ltr'><strong>qui</strong></span> <span class='ocrx_word' id='word_1_778' title='bbox 2936 3840 3253 3912; x_wconf 86' lang='lat' dir='ltr'><strong>enimplura</strong></span> <span class='ocrx_word' id='word_1_779' title='bbox 3276 3840 3565 3904; x_wconf 86' lang='lat' dir='ltr'><strong>desiderat,</strong></span> <span class='ocrx_word' id='word_1_780' title='bbox 3594 3834 3741 3904; x_wconf 72' lang='lat' dir='ltr'><strong>magis</strong></span> <span class='ocrx_word' id='word_1_781' title='bbox 3763 3843 3861 3900; x_wconf 70' lang='lat' dir='ltr'><strong>pnu-</strong></span> 
     </span>
    </p>
   </div>
   <div class='ocr_carea' id='block_1_101' title="bbox 2335 3923 3859 4010">
    <p class='ocr_par' dir='ltr' id='par_1_101' title="bbox 2335 3923 3859 4010">
     <span class='ocr_line' id='line_1_101' title="bbox 2335 3923 3859 4010; baseline -0.009 -18"><span class='ocrx_word' id='word_1_782' title='bbox 2335 3954 2432 4010; x_wconf 88' lang='lat' dir='ltr'><strong>per</strong></span> <span class='ocrx_word' id='word_1_783' title='bbox 2455 3946 2556 3992; x_wconf 87' lang='lat' dir='ltr'><strong>est.</strong></span> <span class='ocrx_word' id='word_1_784' title='bbox 2579 3935 2710 3991; x_wconf 91' lang='lat' dir='ltr'><strong>Cum</strong></span> <span class='ocrx_word' id='word_1_785' title='bbox 2740 3936 2899 4008; x_wconf 80' lang='lat' dir='ltr'><strong>igitur</strong></span> <span class='ocrx_word' id='word_1_786' title='bbox 2925 3945 3137 3990; x_wconf 88' lang='lat' dir='ltr'><strong>centum</strong></span> <span class='ocrx_word' id='word_1_787' title='bbox 3172 3931 3645 3995; x_wconf 84' lang='lat' dir='ltr'><strong>talentahabuerit,</strong></span> <span class='ocrx_word' id='word_1_788' title='bbox 3672 3923 3859 3982; x_wconf 74' lang='lat' dir='ltr'><strong>nomium</strong></span> 
     </span>
    </p>
   </div>
   <div class='ocr_carea' id='block_1_102' title="bbox 2339 4013 3862 4094">
    <p class='ocr_par' dir='ltr' id='par_1_102' title="bbox 2339 4013 3862 4094">
     <span class='ocr_line' id='line_1_102' title="bbox 2339 4013 3862 4094; baseline -0.012 -10"><span class='ocrx_word' id='word_1_789' title='bbox 2339 4039 2447 4084; x_wconf 91' lang='lat' dir='ltr'><strong>tam</strong></span> <span class='ocrx_word' id='word_1_790' title='bbox 2475 4029 2753 4083; x_wconf 88' lang='lat' dir='ltr'><strong>mendicus</strong></span> <span class='ocrx_word' id='word_1_791' title='bbox 2799 4037 2916 4094; x_wconf 86' lang='lat' dir='ltr'><strong>est;</strong></span> <span class='ocrx_word' id='word_1_792' title='bbox 2947 4043 3073 4081; x_wconf 87' lang='lat' dir='ltr'><strong>nam</strong></span> <span class='ocrx_word' id='word_1_793' title='bbox 3109 4027 3255 4081; x_wconf 91' lang='lat' dir='ltr'><strong>mille</strong></span> <span class='ocrx_word' id='word_1_794' title='bbox 3282 4026 3580 4090; x_wconf 86' lang='lat' dir='ltr'><strong>desiderat;</strong></span> <span class='ocrx_word' id='word_1_795' title='bbox 3623 4035 3727 4077; x_wconf 87' lang='lat' dir='ltr'><strong>cum</strong></span> <span class='ocrx_word' id='word_1_796' title='bbox 3752 4013 3862 4071; x_wconf 80' lang='lat' dir='ltr'><strong>inille</strong></span> 
     </span>
    </p>
   </div>
   <div class='ocr_carea' id='block_1_103' title="bbox 2337 4105 3862 4191">
    <p class='ocr_par' dir='ltr' id='par_1_103' title="bbox 2337 4105 3862 4191">
     <span class='ocr_line' id='line_1_103' title="bbox 2337 4105 3862 4191; baseline -0.013 -14"><span class='ocrx_word' id='word_1_797' title='bbox 2337 4119 2627 4191; x_wconf 87' lang='lat' dir='ltr'><strong>acceperit,</strong></span> <span class='ocrx_word' id='word_1_798' title='bbox 2656 4129 2784 4175; x_wconf 88' lang='lat' dir='ltr'><strong>tunc</strong></span> <span class='ocrx_word' id='word_1_799' title='bbox 2810 4119 2980 4190; x_wconf 76' lang='lat' dir='ltr'><strong>magis</strong></span> <span class='ocrx_word' id='word_1_800' title='bbox 3010 4135 3210 4190; x_wconf 85' lang='lat' dir='ltr'><strong>pauper</strong></span> <span class='ocrx_word' id='word_1_801' title='bbox 3266 4118 3481 4185; x_wconf 83' lang='lat' dir='ltr'><strong>evadit;</strong></span> <span class='ocrx_word' id='word_1_802' title='bbox 3515 4131 3617 4172; x_wconf 79' lang='lat' dir='ltr'><strong>non</strong></span> <span class='ocrx_word' id='word_1_803' title='bbox 3637 4115 3728 4185; x_wconf 80' lang='lat' dir='ltr'><strong>jam</strong></span> <span class='ocrx_word' id='word_1_804' title='bbox 3753 4105 3862 4163; x_wconf 89' lang='lat' dir='ltr'><strong>enim</strong></span> 
     </span>
    </p>
   </div>
   <div class='ocr_carea' id='block_1_104' title="bbox 2339 4204 3865 4283">
    <p class='ocr_par' dir='ltr' id='par_1_104' title="bbox 2339 4204 3865 4283">
     <span class='ocr_line' id='line_1_104' title="bbox 2339 4204 3865 4283; baseline -0.007 -15"><span class='ocrx_word' id='word_1_805' title='bbox 2339 4213 2486 4269; x_wconf 89' lang='lat' dir='ltr'><strong>mille</strong></span> <span class='ocrx_word' id='word_1_806' title='bbox 2533 4221 2591 4267; x_wconf 93' lang='lat' dir='ltr'><strong>ut</strong></span> <span class='ocrx_word' id='word_1_807' title='bbox 2639 4214 2783 4283; x_wconf 90' lang='lat' dir='ltr'><strong>prius</strong></span> <span class='ocrx_word' id='word_1_808' title='bbox 2814 4214 3025 4283; x_wconf 68' lang='lat' dir='ltr'><strong>quaerit,</strong></span> <span class='ocrx_word' id='word_1_809' title='bbox 3056 4212 3150 4267; x_wconf 90' lang='lat' dir='ltr'><strong>sed</strong></span> <span class='ocrx_word' id='word_1_810' title='bbox 3199 4211 3387 4268; x_wconf 88' lang='lat' dir='ltr'><strong>decies</strong></span> <span class='ocrx_word' id='word_1_811' title='bbox 3417 4212 3631 4268; x_wconf 84' lang='lat' dir='ltr'><strong>millium</strong></span> <span class='ocrx_word' id='word_1_812' title='bbox 3653 4204 3741 4261; x_wconf 89' lang='lat' dir='ltr'><strong>sibi</strong></span> <span class='ocrx_word' id='word_1_813' title='bbox 3764 4209 3865 4265; x_wconf 70' lang='lat' dir='ltr'><strong>opus</strong></span> 
     </span>
    </p>
   </div>
   <div class='ocr_carea' id='block_1_105' title="bbox 2338 4286 3866 4374">
    <p class='ocr_par' dir='ltr' id='par_1_105' title="bbox 2338 4286 3866 4374">
     <span class='ocr_line' id='line_1_105' title="bbox 2338 4286 3866 4374; baseline -0.012 -13"><span class='ocrx_word' id='word_1_814' title='bbox 2338 4319 2460 4361; x_wconf 88' lang='lat' dir='ltr'><strong>esse</strong></span> <span class='ocrx_word' id='word_1_815' title='bbox 2506 4304 2657 4360; x_wconf 91' lang='lat' dir='ltr'><strong>dicit.</strong></span> <span class='ocrx_word' id='word_1_816' title='bbox 2710 4304 2860 4373; x_wconf 89' lang='lat' dir='ltr'><strong>Quod</strong></span> <span class='ocrx_word' id='word_1_817' title='bbox 2894 4305 2952 4359; x_wconf 86' lang='lat' dir='ltr'><strong>si</strong></span> <span class='ocrx_word' id='word_1_818' title='bbox 3004 4305 3391 4374; x_wconf 84' lang='lat' dir='ltr'><strong>concupiscere</strong></span> <span class='ocrx_word' id='word_1_819' title='bbox 3432 4313 3488 4359; x_wconf 84' lang='lat' dir='ltr'><strong>et</strong></span> <span class='ocrx_word' id='word_1_820' title='bbox 3527 4315 3627 4357; x_wconf 88' lang='lat' dir='ltr'><strong>non</strong></span> <span class='ocrx_word' id='word_1_821' title='bbox 3662 4286 3866 4357; x_wconf 75' lang='lat' dir='ltr'><strong>consequi</strong></span> 
     </span>
    </p>
   </div>
   <div class='ocr_carea' id='block_1_106' title="bbox 2340 4380 3864 4471">
    <p class='ocr_par' dir='ltr' id='par_1_106' title="bbox 2340 4380 3864 4471">
     <span class='ocr_line' id='line_1_106' title="bbox 2340 4380 3864 4471; baseline -0.014 -16"><span class='ocrx_word' id='word_1_822' title='bbox 2340 4400 2671 4471; x_wconf 89' lang='lat' dir='ltr'><strong>voluptatem</strong></span> <span class='ocrx_word' id='word_1_823' title='bbox 2700 4413 2821 4455; x_wconf 89' lang='lat' dir='ltr'><strong>esse</strong></span> <span class='ocrx_word' id='word_1_824' title='bbox 2864 4397 3034 4466; x_wconf 87' lang='lat' dir='ltr'><strong>dicas,</strong></span> <span class='ocrx_word' id='word_1_825' title='bbox 3066 4399 3356 4470; x_wconf 84' lang='lat' dir='ltr'><strong>voluptatis</strong></span> <span class='ocrx_word' id='word_1_826' title='bbox 3392 4410 3625 4453; x_wconf 88' lang='lat' dir='ltr'><strong>naturam</strong></span> <span class='ocrx_word' id='word_1_827' title='bbox 3654 4388 3765 4446; x_wconf 88' lang='lat' dir='ltr'><strong>mihi</strong></span> <span class='ocrx_word' id='word_1_828' title='bbox 3790 4380 3864 4436; x_wconf 73' lang='lat' dir='ltr'><strong>atl-</strong></span> 
     </span>
    </p>
   </div>
   <div class='ocr_carea' id='block_1_107' title="bbox 2341 4481 3865 4562">
    <p class='ocr_par' dir='ltr' id='par_1_107' title="bbox 2341 4481 3865 4562">
     <span class='ocr_line' id='line_1_107' title="bbox 2341 4481 3865 4562; baseline -0.01 -13"><span class='ocrx_word' id='word_1_829' title='bbox 2341 4492 2560 4549; x_wconf 88' lang='lat' dir='ltr'><strong>modum</strong></span> <span class='ocrx_word' id='word_1_830' title='bbox 2584 4492 2828 4562; x_wconf 76' lang='lat' dir='ltr'><strong>ignorare</strong></span> <span class='ocrx_word' id='word_1_831' title='bbox 2843 4490 3060 4546; x_wconf 86' lang='lat' dir='ltr'><strong>videris.</strong></span> <span class='ocrx_word' id='word_1_832' title='bbox 3081 4491 3233 4558; x_wconf 84' lang='lat' dir='ltr'><strong>Quod</strong></span> <span class='ocrx_word' id='word_1_833' title='bbox 3251 4491 3397 4546; x_wconf 90' lang='lat' dir='ltr'><strong>enim</strong></span> <span class='ocrx_word' id='word_1_834' title='bbox 3416 4491 3519 4544; x_wconf 90' lang='lat' dir='ltr'><strong>hoc</strong></span> <span class='ocrx_word' id='word_1_835' title='bbox 3534 4503 3632 4542; x_wconf 87' lang='lat' dir='ltr'><strong>non</strong></span> <span class='ocrx_word' id='word_1_836' title='bbox 3648 4481 3865 4547; x_wconf 50' lang='lat' dir='ltr'><strong>voluptas</strong></span> 
     </span>
    </p>
   </div>
   <div class='ocr_carea' id='block_1_108' title="bbox 2345 4575 3869 4656">
    <p class='ocr_par' dir='ltr' id='par_1_108' title="bbox 2345 4575 3869 4656">
     <span class='ocr_line' id='line_1_108' title="bbox 2345 4575 3869 4656; baseline -0.009 -14"><span class='ocrx_word' id='word_1_837' title='bbox 2345 4585 2438 4642; x_wconf 88' lang='lat' dir='ltr'><strong>sed</strong></span> <span class='ocrx_word' id='word_1_838' title='bbox 2462 4585 2782 4656; x_wconf 81' lang='lat' dir='ltr'><strong>supplicium</strong></span> <span class='ocrx_word' id='word_1_839' title='bbox 2807 4585 2895 4649; x_wconf 91' lang='lat' dir='ltr'><strong>sit,</strong></span> <span class='ocrx_word' id='word_1_840' title='bbox 2910 4598 3033 4638; x_wconf 77' lang='lat' dir='ltr'><strong>rem</strong></span> <span class='ocrx_word' id='word_1_841' title='bbox 3085 4584 3151 4638; x_wconf 88' lang='lat' dir='ltr'><strong>ad</strong></span> <span class='ocrx_word' id='word_1_842' title='bbox 3180 4583 3327 4639; x_wconf 88' lang='lat' dir='ltr'><strong>aliud</strong></span> <span class='ocrx_word' id='word_1_843' title='bbox 3374 4597 3554 4638; x_wconf 89' lang='lat' dir='ltr'><strong>rursus</strong></span> <span class='ocrx_word' id='word_1_844' title='bbox 3596 4575 3869 4631; x_wconf 67' lang='lat' dir='ltr'><strong>adducentcs</strong></span> 
     </span>
    </p>
   </div>
   <div class='ocr_carea' id='block_1_109' title="bbox 2345 4668 3870 4744">
    <p class='ocr_par' dir='ltr' id='par_1_109' title="bbox 2345 4668 3870 4744">
     <span class='ocr_line' id='line_1_109' title="bbox 2345 4668 3870 4744; baseline -0.01 -10"><span class='ocrx_word' id='word_1_845' title='bbox 2345 4679 2731 4735; x_wconf 86' lang='lat' dir='ltr'><strong>examinemus.</strong></span> <span class='ocrx_word' id='word_1_846' title='bbox 2783 4675 3009 4744; x_wconf 87' lang='lat' dir='ltr'><strong>Quando</strong></span> <span class='ocrx_word' id='word_1_847' title='bbox 3038 4676 3268 4744; x_wconf 87' lang='lat' dir='ltr'><strong>sitimus,</strong></span> <span class='ocrx_word' id='word_1_848' title='bbox 3318 4690 3422 4732; x_wconf 84' lang='lat' dir='ltr'><strong>non</strong></span> <span class='ocrx_word' id='word_1_849' title='bbox 3451 4673 3568 4729; x_wconf 84' lang='lat' dir='ltr'><strong>ideo</strong></span> <span class='ocrx_word' id='word_1_850' title='bbox 3599 4668 3870 4725; x_wconf 70' lang='lat' dir='ltr'><strong>delectum&quot;</strong></span> 
     </span>
    </p>
   </div>
   <div class='ocr_carea' id='block_1_110' title="bbox 2346 4755 3870 4842">
    <p class='ocr_par' dir='ltr' id='par_1_110' title="bbox 2346 4755 3870 4842">
     <span class='ocr_line' id='line_1_110' title="bbox 2346 4755 3870 4842; baseline -0.018 -13"><span class='ocrx_word' id='word_1_851' title='bbox 2346 4772 2591 4829; x_wconf 87' lang='lat' dir='ltr'><strong>bibentes</strong></span> <span class='ocrx_word' id='word_1_852' title='bbox 2635 4770 2777 4842; x_wconf 89' lang='lat' dir='ltr'><strong>quod</strong></span> <span class='ocrx_word' id='word_1_853' title='bbox 2830 4771 2974 4825; x_wconf 88' lang='lat' dir='ltr'><strong>sitim</strong></span> <span class='ocrx_word' id='word_1_854' title='bbox 3016 4770 3289 4836; x_wconf 82' lang='lat' dir='ltr'><strong>sedemus,</strong></span> <span class='ocrx_word' id='word_1_855' title='bbox 3335 4780 3389 4824; x_wconf 90' lang='lat' dir='ltr'><strong>et</strong></span> <span class='ocrx_word' id='word_1_856' title='bbox 3419 4767 3538 4822; x_wconf 87' lang='lat' dir='ltr'><strong>ideo</strong></span> <span class='ocrx_word' id='word_1_857' title='bbox 3571 4761 3787 4829; x_wconf 85' lang='lat' dir='ltr'><strong>voluptas</strong></span> <span class='ocrx_word' id='word_1_858' title='bbox 3810 4755 3870 4803; x_wconf 82' lang='lat' dir='ltr'><strong>est</strong></span> 
     </span>
    </p>
   </div>
   <div class='ocr_carea' id='block_1_111' title="bbox 2350 4846 3871 4939">
    <p class='ocr_par' dir='ltr' id='par_1_111' title="bbox 2350 4846 3871 4939">
     <span class='ocr_line' id='line_1_111' title="bbox 2350 4846 3871 4939; baseline -0.018 -16"><span class='ocrx_word' id='word_1_859' title='bbox 2350 4873 2525 4937; x_wconf 71' lang='lat' dir='ltr'><strong>potus,</strong></span> <span class='ocrx_word' id='word_1_860' title='bbox 2556 4864 2697 4934; x_wconf 87' lang='lat' dir='ltr'><strong>quod</strong></span> <span class='ocrx_word' id='word_1_861' title='bbox 2716 4879 2744 4917; x_wconf 88' lang='lat' dir='ltr'><strong>a</strong></span> <span class='ocrx_word' id='word_1_862' title='bbox 2767 4876 2959 4933; x_wconf 73' lang='lat' dir='ltr'><strong>magno</strong></span> <span class='ocrx_word' id='word_1_863' title='bbox 2980 4877 3078 4918; x_wconf 90' lang='lat' dir='ltr'><strong>nos</strong></span> <span class='ocrx_word' id='word_1_864' title='bbox 3109 4862 3298 4918; x_wconf 88' lang='lat' dir='ltr'><strong>liberet</strong></span> <span class='ocrx_word' id='word_1_865' title='bbox 3313 4860 3571 4922; x_wconf 81' lang='lat' dir='ltr'><strong>cruciatu,</strong></span> <span class='ocrx_word' id='word_1_866' title='bbox 3588 4868 3616 4909; x_wconf 87' lang='lat' dir='ltr'><strong>a</strong></span> <span class='ocrx_word' id='word_1_867' title='bbox 3635 4846 3871 4939; x_wconf 54' lang='lat' dir='ltr'><strong>cupiditate</strong></span> 
     </span>
    </p>
   </div>
   <div class='ocr_carea' id='block_1_112' title="bbox 2348 4934 3871 5026">
    <p class='ocr_par' dir='ltr' id='par_1_112' title="bbox 2348 4934 3871 5026">
     <span class='ocr_line' id='line_1_112' title="bbox 2348 4934 3871 5026; baseline -0.016 -15"><span class='ocrx_word' id='word_1_868' title='bbox 2348 4934 2564 5011; x_wconf 86' lang='lat' dir='ltr'><strong>bibendi</strong></span> <span class='ocrx_word' id='word_1_869' title='bbox 2593 4956 2820 5026; x_wconf 84' lang='lat' dir='ltr'><strong>nempe?</strong></span> <span class='ocrx_word' id='word_1_870' title='bbox 2853 4954 2955 5010; x_wconf 89' lang='lat' dir='ltr'><strong>hoc</strong></span> <span class='ocrx_word' id='word_1_871' title='bbox 2975 4954 3148 5009; x_wconf 88' lang='lat' dir='ltr'><strong>cuivis</strong></span> <span class='ocrx_word' id='word_1_872' title='bbox 3177 4953 3513 5024; x_wconf 88' lang='lat' dir='ltr'><strong>perspicuum</strong></span> <span class='ocrx_word' id='word_1_873' title='bbox 3551 4956 3646 5004; x_wconf 90' lang='lat' dir='ltr'><strong>est.</strong></span> <span class='ocrx_word' id='word_1_874' title='bbox 3674 4934 3803 5009; x_wconf 83' lang='lat' dir='ltr'><strong>Quod</strong></span> <span class='ocrx_word' id='word_1_875' title='bbox 3839 4934 3871 4981; x_wconf 62' lang='grc' dir='ltr'>δί</span> 
     </span>
    </p>
   </div>
   <div class='ocr_carea' id='block_1_113' title="bbox 2348 5035 3873 5119">
    <p class='ocr_par' dir='ltr' id='par_1_113' title="bbox 2348 5035 3873 5119">
     <span class='ocr_line' id='line_1_113' title="bbox 2348 5035 3873 5119; baseline -0.016 -15"><span class='ocrx_word' id='word_1_876' title='bbox 2348 5049 2402 5104; x_wconf 90' lang='lat' dir='ltr'><strong>in</strong></span> <span class='ocrx_word' id='word_1_877' title='bbox 2433 5048 2523 5104; x_wconf 88' lang='lat' dir='ltr'><strong>tali</strong></span> <span class='ocrx_word' id='word_1_878' title='bbox 2559 5048 2795 5119; x_wconf 88' lang='lat' dir='ltr'><strong>appetitu</strong></span> <span class='ocrx_word' id='word_1_879' title='bbox 2837 5061 3051 5117; x_wconf 87' lang='lat' dir='ltr'><strong>semper</strong></span> <span class='ocrx_word' id='word_1_880' title='bbox 3090 5047 3328 5101; x_wconf 89' lang='lat' dir='ltr'><strong>mansuri</strong></span> <span class='ocrx_word' id='word_1_881' title='bbox 3368 5055 3618 5102; x_wconf 82' lang='lat' dir='ltr'><strong>essemus,</strong></span> <span class='ocrx_word' id='word_1_882' title='bbox 3654 5047 3748 5089; x_wconf 87' lang='lat' dir='ltr'><strong>non</strong></span> <span class='ocrx_word' id='word_1_883' title='bbox 3788 5035 3873 5119; x_wconf 46' lang='lat' dir='ltr'><strong>me:</strong></span> 
     </span>
    </p>
   </div>
   <div class='ocr_carea' id='block_1_114' title="bbox 2349 5121 3872 5214">
    <p class='ocr_par' dir='ltr' id='par_1_114' title="bbox 2349 5121 3872 5214">
     <span class='ocr_line' id='line_1_114' title="bbox 2349 5121 3872 5214; baseline -0.018 -16"><span class='ocrx_word' id='word_1_884' title='bbox 2349 5143 2469 5198; x_wconf 87' lang='lat' dir='ltr'><strong>liori</strong></span> <span class='ocrx_word' id='word_1_885' title='bbox 2500 5141 2810 5197; x_wconf 88' lang='lat' dir='ltr'><strong>conditione</strong></span> <span class='ocrx_word' id='word_1_886' title='bbox 2841 5153 3087 5196; x_wconf 86' lang='lat' dir='ltr'><strong>essemus</strong></span> <span class='ocrx_word' id='word_1_887' title='bbox 3106 5155 3267 5210; x_wconf 89' lang='lat' dir='ltr'><strong>quam</strong></span> <span class='ocrx_word' id='word_1_888' title='bbox 3294 5138 3443 5193; x_wconf 85' lang='lat' dir='ltr'><strong>dives</strong></span> <span class='ocrx_word' id='word_1_889' title='bbox 3468 5134 3585 5196; x_wconf 88' lang='lat' dir='ltr'><strong>ille,</strong></span> <span class='ocrx_word' id='word_1_890' title='bbox 3614 5125 3699 5197; x_wconf 90' lang='lat' dir='ltr'><strong>qui</strong></span> <span class='ocrx_word' id='word_1_891' title='bbox 3716 5121 3872 5214; x_wconf 62' lang='lat' dir='ltr'><strong>talari</strong></span> 
     </span>
    </p>
   </div>
   <div class='ocr_carea' id='block_1_115' title="bbox 2350 5213 3874 5302">
    <p class='ocr_par' dir='ltr' id='par_1_115' title="bbox 2350 5213 3874 5302">
     <span class='ocr_line' id='line_1_115' title="bbox 2350 5213 3874 5302; baseline -0.019 -11"><span class='ocrx_word' id='word_1_892' title='bbox 2350 5250 2458 5291; x_wconf 91' lang='lat' dir='ltr'><strong>non</strong></span> <span class='ocrx_word' id='word_1_893' title='bbox 2489 5235 2740 5289; x_wconf 88' lang='lat' dir='ltr'><strong>misertus</strong></span> <span class='ocrx_word' id='word_1_894' title='bbox 2763 5242 2867 5297; x_wconf 85' lang='lat' dir='ltr'><strong>est,</strong></span> <span class='ocrx_word' id='word_1_895' title='bbox 2900 5242 3157 5302; x_wconf 83' lang='lat' dir='ltr'><strong>quantum</strong></span> <span class='ocrx_word' id='word_1_896' title='bbox 3185 5230 3389 5286; x_wconf 88' lang='lat' dir='ltr'><strong>scilicet</strong></span> <span class='ocrx_word' id='word_1_897' title='bbox 3410 5224 3479 5280; x_wconf 90' lang='lat' dir='ltr'><strong>ad</strong></span> <span class='ocrx_word' id='word_1_898' title='bbox 3500 5213 3725 5290; x_wconf 88' lang='lat' dir='ltr'><strong>supplicii</strong></span> <span class='ocrx_word' id='word_1_899' title='bbox 3748 5213 3874 5302; x_wconf 58' lang='lat' dir='ltr'><strong>ratto:</strong></span> 
     </span>
    </p>
   </div>
   <div class='ocr_carea' id='block_1_116' title="bbox 2351 5288 3873 5397">
    <p class='ocr_par' dir='ltr' id='par_1_116' title="bbox 2351 5288 3873 5397">
     <span class='ocr_line' id='line_1_116' title="bbox 2351 5288 3873 5397; baseline -0.016 -13"><span class='ocrx_word' id='word_1_900' title='bbox 2351 5288 2475 5385; x_wconf 84' lang='lat' dir='ltr'><strong>nem</strong></span> <span class='ocrx_word' id='word_1_901' title='bbox 2498 5345 2511 5382; x_wconf 91' lang='lat'><strong>:</strong></span> <span class='ocrx_word' id='word_1_902' title='bbox 2697 5336 2753 5382; x_wconf 89' lang='lat' dir='ltr'><strong>et</strong></span> <span class='ocrx_word' id='word_1_903' title='bbox 2773 5288 2971 5381; x_wconf 39' lang='lat' dir='ltr'><strong>illi&#39;hoc</strong></span> <span class='ocrx_word' id='word_1_904' title='bbox 2998 5323 3315 5395; x_wconf 87' lang='lat' dir='ltr'><strong>supplicium</strong></span> <span class='ocrx_word' id='word_1_905' title='bbox 3337 5327 3393 5376; x_wconf 91' lang='lat' dir='ltr'><strong>et</strong></span> <span class='ocrx_word' id='word_1_906' title='bbox 3411 5288 3605 5390; x_wconf 87' lang='lat' dir='ltr'><strong>punitio</strong></span> <span class='ocrx_word' id='word_1_907' title='bbox 3624 5314 3742 5367; x_wconf 71' lang='lat' dir='ltr'><strong>erat.</strong></span> <span class='ocrx_word' id='word_1_908' title='bbox 3763 5288 3873 5397; x_wconf 49' lang='lat' dir='ltr'><strong>uti?“</strong></span> 
     </span>
    </p>
   </div>
   <div class='ocr_carea' id='block_1_117' title="bbox 2352 5394 3873 5488">
    <p class='ocr_par' dir='ltr' id='par_1_117' title="bbox 2352 5394 3873 5488">
     <span class='ocr_line' id='line_1_117' title="bbox 2352 5394 3873 5488; baseline -0.022 -11"><span class='ocrx_word' id='word_1_909' title='bbox 2352 5437 2476 5477; x_wconf 91' lang='lat' dir='ltr'><strong>cum</strong></span> <span class='ocrx_word' id='word_1_910' title='bbox 2527 5420 2727 5475; x_wconf 90' lang='lat' dir='ltr'><strong>stillam</strong></span> <span class='ocrx_word' id='word_1_911' title='bbox 2782 5432 3000 5488; x_wconf 87' lang='lat' dir='ltr'><strong>parvam</strong></span> <span class='ocrx_word' id='word_1_912' title='bbox 3042 5394 3293 5487; x_wconf 87' lang='lat' dir='ltr'><strong>cuperet,</strong></span> <span class='ocrx_word' id='word_1_913' title='bbox 3341 5426 3448 5468; x_wconf 88' lang='lat' dir='ltr'><strong>non</strong></span> <span class='ocrx_word' id='word_1_914' title='bbox 3496 5406 3782 5472; x_wconf 86' lang='lat' dir='ltr'><strong>assequutus</strong></span> 
     </span>
    </p>
   </div>
   <div class='ocr_carea' id='block_1_118' title="bbox 2353 5472 3874 5583">
    <p class='ocr_par' dir='ltr' id='par_1_118' title="bbox 2353 5472 3874 5583">
     <span class='ocr_line' id='line_1_118' title="bbox 2353 5472 3874 5583; baseline 0.011 -16"><span class='ocrx_word' id='word_1_915' title='bbox 2353 5472 2609 5583; x_wconf 52' lang='grc' dir='ltr'>ἑπιιὶοά</span> <span class='ocrx_word' id='word_1_916' title='bbox 2626 5472 2799 5565; x_wconf 38' lang='lat' dir='ltr'><strong>“mihi.</strong></span> <span class='ocrx_word' id='word_1_917' title='bbox 2833 5472 2979 5564; x_wconf 89' lang='lat' dir='ltr'><strong>avari</strong></span> <span class='ocrx_word' id='word_1_918' title='bbox 3017 5472 3292 5580; x_wconf 36' lang='lat' dir='ltr'><strong>perpetuo,</strong></span> <span class='ocrx_word' id='word_1_919' title='bbox 3319 5501 3427 5576; x_wconf 72' lang='lat' dir='ltr'><strong>pali</strong></span> <span class='ocrx_word' id='word_1_920' title='bbox 3451 5498 3701 5557; x_wconf 70' lang='grc' dir='ltr'><strong>νῖάθηιιπο</strong></span> <span class='ocrx_word' id='word_1_921' title='bbox 3725 5492 3772 5540; x_wconf 69' lang='grc'><strong>⁸⁸</strong></span> <span class='ocrx_word' id='word_1_922' title='bbox 3817 5472 3874 5583; x_wconf 44' lang='lat' dir='ltr'><strong>&quot;li</strong></span> 
     </span>
    </p>
   </div>
   <div class='ocr_carea' id='block_1_119' title="bbox 2353 5580 3877 5674">
    <p class='ocr_par' dir='ltr' id='par_1_119' title="bbox 2353 5580 3877 5674">
     <span class='ocr_line' id='line_1_119' title="bbox 2353 5580 3877 5674; baseline -0.016 -14"><span class='ocrx_word' id='word_1_923' title='bbox 2353 5580 2561 5661; x_wconf 85' lang='lat' dir='ltr'><strong>similes</strong></span> <span class='ocrx_word' id='word_1_924' title='bbox 2603 5617 2727 5661; x_wconf 89' lang='lat' dir='ltr'><strong>esse</strong></span> <span class='ocrx_word' id='word_1_925' title='bbox 2770 5602 2860 5674; x_wconf 91' lang='lat' dir='ltr'><strong>qui</strong></span> <span class='ocrx_word' id='word_1_926' title='bbox 2901 5600 3126 5673; x_wconf 80' lang='lat' dir='ltr'><strong>rogabat</strong></span> <span class='ocrx_word' id='word_1_927' title='bbox 3171 5608 3227 5655; x_wconf 93' lang='lat' dir='ltr'><strong>ut</strong></span> <span class='ocrx_word' id='word_1_928' title='bbox 3263 5597 3399 5656; x_wconf 89' lang='lat' dir='ltr'><strong>stilla</strong></span> <span class='ocrx_word' id='word_1_929' title='bbox 3427 5595 3694 5651; x_wconf 87' lang='lat' dir='ltr'><strong>frueretur,</strong></span> <span class='ocrx_word' id='word_1_930' title='bbox 3738 5580 3877 5674; x_wconf 61' lang='lat' dir='ltr'><strong>Mille</strong></span> 
     </span>
    </p>
   </div>
   <div class='ocr_carea' id='block_1_120' title="bbox 2354 5668 3876 5767">
    <p class='ocr_par' dir='ltr' id='par_1_120' title="bbox 2354 5668 3876 5767">
     <span class='ocr_line' id='line_1_120' title="bbox 2354 5668 3876 5767; baseline -0.005 -16"><span class='ocrx_word' id='word_1_931' title='bbox 2354 5705 2674 5767; x_wconf 86' lang='lat' dir='ltr'><strong>assequutus</strong></span> <span class='ocrx_word' id='word_1_932' title='bbox 2731 5706 2815 5751; x_wconf 90' lang='lat' dir='ltr'><strong>est</strong></span> <span class='ocrx_word' id='word_1_933' title='bbox 2846 5714 2860 5750; x_wconf 92' lang='lat'><strong>:</strong></span> <span class='ocrx_word' id='word_1_934' title='bbox 2891 5695 3000 5749; x_wconf 91' lang='lat' dir='ltr'><strong>imo</strong></span> <span class='ocrx_word' id='word_1_935' title='bbox 3039 5694 3210 5765; x_wconf 79' lang='lat' dir='ltr'><strong>magis</strong></span> <span class='ocrx_word' id='word_1_936' title='bbox 3261 5700 3534 5745; x_wconf 85' lang='lat' dir='ltr'><strong>avarorum</strong></span> <span class='ocrx_word' id='word_1_937' title='bbox 3557 5724 3572 5748; x_wconf 87' lang='lat'><strong>,</strong></span> <span class='ocrx_word' id='word_1_938' title='bbox 3618 5684 3757 5748; x_wconf 65' lang='lat' dir='ltr'><strong>quam</strong></span> <span class='ocrx_word' id='word_1_939' title='bbox 3789 5668 3876 5767; x_wconf 43' lang='lat'><strong>“0&#39;:</strong></span> 
     </span>
    </p>
   </div>
   <div class='ocr_carea' id='block_1_121' title="bbox 2360 5748 3878 5857">
    <p class='ocr_par' dir='ltr' id='par_1_121' title="bbox 2360 5748 3878 5857">
     <span class='ocr_line' id='line_1_121' title="bbox 2360 5748 3878 5857; baseline -0.02 -13"><span class='ocrx_word' id='word_1_940' title='bbox 2360 5748 2711 5857; x_wconf 55' lang='lat' dir='ltr'><strong>vitis&#39;iltius,</strong></span> <span class='ocrx_word' id='word_1_941' title='bbox 2787 5787 2964 5843; x_wconf 86' lang='lat' dir='ltr'><strong>anima</strong></span> <span class='ocrx_word' id='word_1_942' title='bbox 3026 5748 3378 5842; x_wconf 63' lang='lat' dir='ltr'><strong>coniburitnr.</strong></span> <span class='ocrx_word' id='word_1_943' title='bbox 3430 5780 3494 5835; x_wconf 85' lang='lat' dir='ltr'><strong>Et</strong></span> <span class='ocrx_word' id='word_1_944' title='bbox 3536 5766 3734 5847; x_wconf 83' lang='lat' dir='ltr'><strong>pulchre</strong></span> <span class='ocrx_word' id='word_1_945' title='bbox 3775 5748 3878 5809; x_wconf 61' lang='lat' dir='ltr'><strong>di!“</strong></span> 
     </span>
    </p>
   </div>
  </div>
