3992 6424
236 413 323 472 ηπ

236 529 498 604 quispiam
565 544 776 587 avaros
835 540 954 583 esse
1003 523 1342 597 hydropicus.
1390 521 1848 592 Quemadmodum

241 624 375 681 enim
403 622 489 677 illi
520 622 759 677 multam
784 621 836 676 in
864 634 1091 689 corpore
1115 625 1387 688 gestantes
1424 632 1636 685 aquam,
1680 617 1851 685 magis

244 721 545 769 exuruntur
575 731 591 767 :
625 713 708 769 sic
735 721 789 768 et
823 711 968 766 avari
996 710 1190 763 multas
1219 705 1658 762 circumferentes
1687 722 1850 776 pecu-

244 808 352 861 nias
377 846 395 869 ,
444 804 642 874 plures
692 804 1101 874 concupiscunt.
1126 797 1297 855 Causa
1341 806 1518 853 autem
1550 798 1664 853 hare
1715 809 1797 854 est
1830 816 1844 854 :

247 912 415 969 neque
441 896 524 951 illi
556 897 611 950 in
634 894 1053 965 congruentibus
1080 893 1212 948 locis
1231 908 1399 965 aquas
1425 891 1643 958 habent,
1674 908 1847 962 neque

248 993 327 1047 isti
351 990 409 1045 in
437 989 871 1059 congruentibus
893 986 1304 1056 cogitationibus
1331 986 1841 1055 concupiscentiam.

247 1082 539 1154 Fugismus
568 1097 703 1152 ergo
744 1081 884 1135 hunc
928 1079 1164 1135 alienum
1216 1089 1271 1135 et
1320 1079 1532 1134 inanem
1564 1080 1841 1146 morbum,

242 1177 514 1246 fugiamus
544 1175 780 1229 radicem
810 1173 1090 1235 malorum.
1118 1172 1381 1244 fugiamus
1411 1181 1727 1242 prmsentem
1752 1188 1840 1244 ge-

238 1270 519 1333 hennam;
557 1266 801 1338 gebenna
822 1266 964 1323 enim
993 1274 1283 1320 esteorum
1315 1265 1598 1336 cupiditas.
1624 1266 1840 1335 Explica

234 1375 368 1432 ergo
390 1361 661 1431 cujusque
690 1359 955 1423 animam,
985 1366 1040 1414 et
1063 1358 1180 1428 ejus
1209 1358 1297 1428 qui
1318 1359 1573 1428 pecunias
1589 1358 1842 1429 despicit,

234 1464 287 1508 et
317 1452 447 1522 ejus
470 1453 566 1524 qui
593 1468 700 1506 non
723 1450 985 1522 despicit;
1009 1461 1063 1506 et
1094 1451 1297 1506 videbis
1345 1450 1488 1506 hunc
1519 1451 1731 1522 quidem
1760 1453 1841 1507 fu-

235 1546 493 1603 rentibus
521 1559 647 1601 esse
670 1544 923 1610 similem,
951 1545 1035 1614 qui
1069 1543 1201 1598 nihil
1232 1544 1312 1599 vel
1336 1544 1518 1598 videre
1544 1544 1626 1599 vel
1650 1543 1838 1600 audire

235 1640 367 1694 velit.
387 1655 406 1697 ς
433 1637 582 1693 hunc
598 1650 728 1693 vero
750 1636 921 1706 portui
946 1652 977 1689 a
999 1634 1248 1692 fluctibus
1268 1636 1439 1691 libero
1463 1655 1475 1691 :
1497 1636 1584 1691 hic
1599 1637 1837 1692 omnium

228 1740 312 1786 est
341 1730 586 1792 amicus,
618 1738 675 1783 ut
703 1728 790 1783 ille
822 1728 1007 1783 hostis.
1030 1726 1161 1782 Nam
1200 1728 1301 1783 etsi
1333 1729 1451 1799 quis
1479 1729 1703 1799 accepit,
1728 1745 1834 1784 non

1285 408 1347 464 lN
1387 407 1601 471 EPIST.
1645 406 1665 461 l
1727 407 1820 462 AD
1851 406 2010 463 COR.
2052 405 2286 464 llOMfL.
2330 408 2445 466 XV.

3445 412 3547 469 122

1958 522 2103 578 illum
2129 520 2294 579 afficit
2319 522 2559 579 molestia
2581 542 2597 589 ;
2619 522 2663 578 si
2685 522 2808 596 quis
2827 538 3037 581 rursum
3062 525 3161 598 ipsi
3183 526 3414 596 dederit,
3438 546 3545 588 non

1957 616 2195 681 inflavit;
2226 616 2320 671 sed
2343 628 2427 671 est
2451 616 2694 688 quaedam
2717 617 2856 687 apud
2893 618 3043 676 illum
3080 620 3305 679 libertas
3327 638 3542 680 omnem

1953 706 2158 762 habens
2182 707 2525 763 securitatem
2557 726 2572 765 :
2617 717 2673 764 et
2698 708 2786 765 hic
2822 710 3039 782 quidem
3066 712 3316 769 omnibus
3333 694 3542 771 adulari

1952 812 2074 854 cum
2123 799 2552 856 dissimulatione
2604 801 2835 873 cogitur,
2888 802 2979 860 ille
3006 815 3186 862 autem
3212 807 3436 864 nemini.
3484 808 3541 866 Si

1952 906 2080 961 ergo
2110 900 2164 947 et
2194 907 2397 963 pauper
2423 902 2507 948 est
2535 908 2731 948 avarus
2775 902 2829 950 et
2881 895 3121 961 timidus,
3162 897 3443 955 simulator
3489 909 3543 957 et

1952 984 2251 1056 hypocrita,
2283 1001 2348 1042 ac
2388 985 2685 1042 terroribus
2716 987 2925 1057 plenus,
2950 990 3189 1045 cruciatu
3219 1000 3379 1062 atque
3408 1010 3539 1063 sup-

1951 1077 2146 1146 plicio;
2177 1077 2266 1149 qui
2301 1093 2426 1134 vero
2465 1078 2717 1148 Pecunias
2746 1079 2992 1149 despicit,
3034 1083 3317 1138 contrariis
3347 1083 3542 1140 fruitur

1948 1168 2199 1224 omnibus
2225 1185 2440 1227 :annon
2475 1171 2650 1241 palam
2677 1183 2761 1227 est
2786 1172 3036 1229 virtutem
3061 1190 3181 1231 esse
3198 1177 3540 1234 suaviorem?

1946 1262 2025 1317 Ac
2051 1262 2255 1332 reliqua
2304 1262 2463 1317 etiam
2497 1263 2886 1319 insectaremur
2919 1265 3083 1334 mala,
3114 1267 3268 1338 queis
3298 1272 3539 1325 ostendi-

1948 1362 2053 1420 tur,
2082 1354 2211 1410 nihil
2228 1354 2369 1427 quod
2392 1355 2588 1410 malum
2610 1357 2681 1411 sit
2703 1357 2898 1413 habere
2921 1357 3270 1429 voluptatem,
3299 1362 3401 1417 nisi
3424 1364 3533 1433 jam

1946 1450 2112 1503 multa
2140 1464 2170 1504 a
2202 1449 2358 1506 nobis
2384 1451 2633 1520 superius
2662 1450 2805 1508 dicta
2834 1453 3079 1509 fuissent.
3108 1453 3232 1511 llaec
3261 1470 3389 1527 ergo
3413 1472 3535 1512 cum

1943 1541 2213 1610 sciamus,
2260 1541 2523 1613 eligamus
2571 1543 2866 1612 virtutem,
2922 1553 2985 1600 ut
3030 1555 3084 1601 et
3129 1545 3216 1601 hic
3264 1548 3535 1618 voluptate

1943 1632 2203 1699 fruamur,
2226 1642 2281 1688 et
2301 1633 2474 1690 futura
2499 1649 2893 1708 consequamur
2915 1636 3076 1703 bona,
3100 1639 3273 1710 gratia
3295 1647 3351 1695 et
3377 1640 3499 1696 beni
3516 1672 3531 1683 -

1938 1727 2140 1799 gnitalc
2157 1770 2172 1797 ,
2200 1737 2303 1784 etc.

1596 1942 1945 2005 HOMlLIA
1987 1941 2134 2004 XV.

221 2090 359 2146 Car.
391 2092 451 2146 5.
481 2106 537 2144 γ.
578 2092 627 2146 1.
665 2090 880 2145 Omnino
918 2089 1126 2144 auditur
1160 2090 1290 2143 inter
1323 2104 1408 2143 vos
1450 2089 1752 2160 furnicatio,
1787 2096 1833 2143 et

291 2186 425 2238 talis
454 2184 732 2253 [ornicatio
752 2225 766 2248 ,
797 2198 909 2253 qua:
933 2199 1034 2237 non
1062 2182 1191 2237 inter
1217 2192 1386 2253 gentes
1415 2182 1706 2241 nominatur
1730 2223 1742 2245 ,
1778 2188 1832 2234 ut

290 2294 518 2331 uxorem
562 2277 723 2345 patris
758 2276 844 2329 sui
882 2275 1064 2344 aliquis
1095 2274 1294 2328 habeat.
1335 2273 1388 2327 2.
1434 2272 1500 2327 Et
1539 2288 1625 2327 vos
1665 2273 1833 2341 inﬂati

287 2373 445 2434 estis,
475 2381 527 2426 et
555 2387 657 2425 non
684 2370 844 2441 magis
875 2370 1076 2424 luxistis
1100 2410 1115 2437 ,
1145 2377 1197 2422 ut
1228 2367 1436 2423 tollatur
1464 2366 1527 2420 de
1551 2365 1717 2422 medio
1742 2383 1828 2420 ve-

284 2476 462 2521 strum
488 2465 578 2534 qui
603 2463 698 2517 hoc
727 2480 854 2533 opus
878 2462 1015 2532 fecit.

283 2557 343 2611 1.
381 2554 623 2622 Quando
649 2553 948 2609 disserebat
968 2553 1037 2608 de
1065 2552 1279 2607 illorum
1311 2551 1649 2607 dissensione
1674 2591 1689 2615 ,
1718 2563 1826 2605 non

204 2650 405 2704 statim
438 2646 749 2703 vehementi
778 2660 910 2702 usus
937 2653 1020 2701 est
1052 2658 1302 2701 sermone
1324 2683 1341 2711 ,
1372 2643 1464 2699 sed
1495 2643 1827 2697 mansuetius

210 2742 398 2810 primo
440 2740 645 2805 oravit,
678 2738 1000 2809 demumque
1042 2737 1095 2792 in
1137 2737 1536 2793 accusationem
1561 2735 1721 2791 desiit
1744 2735 1827 2791 his

217 2833 401 2888 verbis
433 2849 447 2887 :
484 2831 850 2903 Signi/Scotum
898 2831 1029 2884 enim
1067 2837 1139 2885 est
1179 2828 1306 2883 mihi
1344 2828 1407 2883 de
1448 2828 1602 2894 vobis,
1640 2825 1826 2896 fratres

221 2925 313 2979 mei
334 2966 352 2991 ,
392 2924 461 2977 ab
486 2924 556 2976 iis
584 2922 671 2993 qui
697 2931 813 2977 sunt
852 2920 1063 2985 Chloes,
1102 2920 1238 2992 quod
1267 2920 1609 2974 contentiones
1637 2919 1737 2974 sint
1771 2919 1825 2973 in

219 3017 355 3070 vobis
392 3016 477 3085 (1.
515 3012 642 3070 Cor.
675 3013 723 3070 1.
755 3011 868 3083 ll).
899 3011 996 3068 Hic
1023 3021 1200 3067 autem
1233 3026 1338 3066 non
1368 3012 1445 3066 sic
1467 3053 1483 3075 ,
1518 3010 1611 3065 sed
1642 3011 1822 3065 statim

213 3108 439 3178 pungit;
470 3114 532 3161 et
562 3112 820 3176 quantum
864 3104 976 3159 fieri
1019 3112 1230 3174 potest,
1258 3101 1499 3159 criminis
1527 3100 1823 3174 exprobra-

214 3200 423 3253 tionem
445 3211 792 3252 communem
817 3193 1007 3250 reddit.
1038 3193 1219 3265 Neque
1244 3194 1387 3249 enim
1408 3194 1540 3248 dixit
1565 3211 1578 3248 :
1602 3193 1710 3250 Cur
1733 3193 1823 3248 ille

215 3290 523 3345 fornicatus
546 3288 668 3346 est?
688 3287 803 3354 sed,
824 3286 1042 3342 Omnino
1066 3288 1272 3342 auditur
1288 3288 1341 3341 in
1364 3286 1500 3341 vobis
1516 3287 1786 3359 farnicatio
1802 3302 1821 3340 :

215 3394 275 3437 ut
302 3399 374 3437 ne
398 3381 559 3453 quasi
590 3380 747 3436 alieni
776 3379 997 3435 omnino
1024 3394 1052 3433 a
1080 3379 1450 3434 criminatione
1490 3379 1822 3450 negligenter

216 3482 465 3544 agerent,
513 3473 611 3527 sed
659 3473 710 3526 in
756 3472 1025 3527 communi
1067 3472 1339 3542 percussi,
1390 3480 1445 3526 et
1488 3472 1725 3527 ECl'lCSlfl
1767 3473 1818 3527 in

224 3568 427 3622 crimen
460 3574 655 3621 vocata
678 3607 694 3630 ,
724 3567 803 3620 sic
826 3564 1040 3620 solliciti
1071 3564 1446 3619 redderentur.
1479 3564 1647 3619 Nemo
1674 3565 1816 3620 enim

228 3657 385 3724 «licet,
414 3657 613 3729 inquit,
641 3656 730 3712 ille
760 3655 1049 3712 fornicatus
1071 3665 1184 3720 est;
1215 3655 1309 3711 sed
1340 3657 1389 3710 in
1418 3654 1816 3711 Corinthiorum

234 3748 466 3804 Ecclesia
500 3748 697 3803 factum
719 3757 802 3804 est
830 3758 1123 3819 peccatum.
1156 3748 1266 3804 Nec
1289 3749 1443 3811 dixit,
1478 3749 1820 3819 l’erpelratur

238 3840 541 3906 fornicatio;
592 3839 687 3896 sed
727 3840 968 3909 Auditur,
1001 3856 1115 3911 qua:
1155 3856 1219 3894 ne
1252 3840 1453 3911 quidem
1491 3840 1623 3894 inter
1648 3850 1818 3911 gentes

239 3933 556 3986 nominatur.
584 3931 808 4001 Semper
835 3930 978 3987 enim
1007 3946 1071 3986 ex
1108 3932 1356 4001 gentibus
1395 3930 1586 4001 probra
1622 3931 1819 4002 ingerit

242 4024 509 4090 fidelibus;
554 4034 610 4081 et
654 4023 1225 4080 Thessalonicensibus
1269 4024 1512 4080 scribens
1560 4024 1812 4081 dicebat:

242 4116 588 4189 Unusquisque
639 4133 725 4174 cas
770 4135 919 4173 suum
968 4118 1222 4189 possideat
1270 4119 1324 4173 in
1379 4119 1814 4187 sanctificatione,

238 4227 328 4265 non
380 4213 433 4264 in
488 4210 724 4281 passione
779 4209 1052 4275 desiderii,
1103 4210 1229 4265 sicut
1285 4220 1331 4263 et
1393 4220 1588 4265 caetera:
1646 4221 1817 4282 gentes

240 4305 305 4375 (1.
329 4304 515 4359 Thess.
538 4304 592 4360 4.
620 4302 674 4360 4.
700 4303 791 4374 5);
820 4299 1225 4358 Colossensibus
1249 4312 1424 4358 autem
1448 4312 1503 4359 et
1525 4303 1772 4373 Ephesiis
1800 4322 1813 4358 :

238 4396 311 4450 Νε
371 4398 512 4452 ultra
562 4398 826 4452 ambuletis
885 4398 1013 4452 sicut
1068 4395 1279 4466 reliqua:
1326 4406 1496 4468 gentes
1554 4397 1817 4453 ambulant

229 4490 445 4561 (Ep/tes.
468 4489 527 4545 ι.
552 4490 664 4560 17).
696 4488 748 4546 Si
778 4498 954 4545 autem
978 4489 1166 4546 eadem
1193 4489 1304 4561 ipsa
1333 4505 1453 4561 quae
1481 4499 1667 4563 gentes
1693 4505 1817 4561 pec-

227 4596 346 4635 care
373 4580 581 4650 ignosci
613 4581 814 4651 nequit,
845 4582 1070 4651 gentiles
1100 4581 1245 4652 ipsos
1272 4596 1335 4637 ea
1366 4581 1416 4636 in
1447 4596 1507 4636 re
1535 4596 1814 4653 superare,

226 4688 482 4744 quonam,
516 4688 720 4744 quaeso,
754 4674 806 4728 in
834 4676 951 4728 loco
979 4674 1276 4743 ponemus?
1306 4673 1460 4744 Apud
1490 4675 1613 4730 illos
1646 4676 1812 4746 enim,

226 4767 419 4837 inquit,
443 4781 555 4820 non
576 4765 736 4822 modo
759 4766 888 4821 nihil
915 4773 1257 4837 perpetratur
1279 4764 1607 4836 bujuSmodi,
1631 4768 1727 4824 sed
1750 4783 1818 4825 ne

230 4858 535 4911 nominatur
558 4856 792 4929 quidem.
818 4856 1063 4912 Vidistin’
1084 4871 1361 4928 quousque
1388 4858 1591 4914 crimen
1612 4859 1817 4915 extule-

233 4947 336 5001 rit?
360 4947 491 5002 Cum
519 4950 659 5002 enim
689 4948 821 5004 tales
845 4956 1139 5005 cernuntur
1166 4949 1437 5005 invenisse
1463 4951 1686 5007 luxuriae
1709 4967 1818 5009 mo-

231 5038 349 5104 dos,
374 5054 509 5111 quos
541 5040 785 5097 infideles
807 5057 911 5097 non
938 5040 1099 5097 modo
1121 5051 1430 5113 perpetrare
1461 5058 1565 5099 non
1591 5045 1814 5116 audent,

225 5131 320 5188 sed
349 5146 418 5190 ne
443 5141 644 5187 norunt
671 5134 885 5205 quidem
907 5175 924 5202 ,
958 5134 1242 5191 incfl'abilis
1266 5145 1346 5192 est
1375 5139 1577 5207 peccati
1607 5140 1816 5210 magni-

228 5224 374 5280 tudo.
418 5224 554 5280 lllud
591 5236 791 5295 autem,
819 5225 966 5281 Inter
1001 5244 1110 5294 vos,
1152 5243 1248 5298 per
1289 5229 1569 5300 emphasin
1614 5231 1815 5288 dictum

228 5328 340 5382 est;
375 5314 479 5371 hoc
505 5324 609 5382 est,
650 5317 787 5372 inter
815 5333 911 5374 vos
945 5317 1149 5386 fideles,
1186 5320 1277 5391 qui
1318 5329 1462 5377 tanta
1501 5324 1817 5393 percepistis

233 5409 509 5485 mysteria,
551 5409 645 5481 qui
683 5424 1001 5466 arcanorum
1041 5411 1328 5482 participes
1367 5411 1580 5482 fuistis,
1619 5415 1706 5486 qui
1749 5415 1816 5472 ad

235 5504 416 5561 caelum
432 5501 609 5559 vocati
631 5502 994 5581 estis.Viden’
1019 5514 1214 5576 quanta
1239 5505 1604 5576 indignatione
1628 5509 1817 5578 plenus

238 5597 297 5650 sit
332 5610 549 5661 sermo,
581 5604 779 5667 quanta
808 5595 883 5651 ira
900 5600 1094 5651 ‘contra
1122 5610 1330 5653 omnes.
1363 5598 1497 5653 Nam
1527 5597 1572 5653 si
1602 5613 1710 5653 non
1740 5602 1817 5655 ira

245 5689 388 5743 multa
412 5690 672 5743 incensus
694 5684 896 5753 fuisset,
923 5702 1097 5759 neque
1123 5688 1379 5744 adversus
1402 5704 1591 5746 omnes
1618 5689 1706 5744 illa
1734 5706 1820 5745 ex-

250 5783 561 5849 tettderetur,
602 5780 682 5837 sic
729 5780 909 5851 utique
952 5780 1221 5839 dixisset:
1269 5782 1403 5851 Quia
1449 5782 1627 5838 audivi
1674 5784 1815 5855 quod

252 5876 317 5933 llic
335 5877 456 5933 talis
476 5876 775 5933 fornicatus
797 5875 885 5945 sit,
909 5876 1163 5948 castigate
1190 5874 1358 5932 illum.
1386 5877 1537 5934 Nunc
1559 5895 1686 5935 vero
1712 5894 1815 5935 non

1939 2088 2040 2156 sic,
2088 2087 2183 2144 sed
2224 2088 2383 2145 etiam
2428 2088 2689 2145 adversus
2726 2103 2916 2145 omnes
2956 2098 3213 2145 armatur.
3248 2089 3456 2147 Etenim
3483 2091 3527 2146 si

1937 2179 2145 2248 priores
2174 2181 2248 2234 illi
2281 2182 2665 2252 scripsissent,
2701 2180 2788 2235 illa
2819 2181 3040 2238 dixisset
3072 2199 3086 2235 :
3120 2183 3242 2252 quia
3268 2198 3394 2239 vero
3421 2199 3536 2238 non.

1936 2271 2111 2326 solum
2152 2287 2257 2325 non
2300 2273 2650 2342 scripserunt,
2684 2271 2780 2327 sed
2816 2272 2976 2328 etiam
3007 2272 3182 2329 scelus
3211 2272 3342 2328 illud
3374 2283 3529 2330 texe-

1936 2372 2061 2419 runt
2087 2371 2142 2419 et
2166 2364 2554 2420 obumbrarunt
2578 2407 2593 2431 ,
2633 2365 2756 2421 ideo
2786 2364 3176 2421 vehementiori
3210 2367 3378 2421 utitur
3406 2380 3525 2421 scr-

1935 2471 2115 2511 mone.
2148 2455 2215 2511 Ut
2243 2474 2451 2511 uxorem
2478 2459 2637 2530 patris
2663 2458 2743 2513 sui
2768 2458 2954 2527 aliquis
2979 2458 3179 2513 habeat.
3211 2457 3387 2526 Quare
3417 2473 3524 2513 non

1932 2546 2084 2613 dixit,
2119 2546 2186 2604 Ut
2213 2547 2504 2603 fornicetur
2534 2563 2653 2603 cum
2696 2548 2956 2604 muliere?
2985 2549 3042 2603 ld
3068 2548 3209 2620 quod
3232 2547 3521 2604 admodum

1934 2648 2086 2709 turpe
2106 2649 2222 2694 erat
2242 2641 2445 2710 respuit
2470 2659 2483 2693 :
2504 2655 2670 2711 quare
2702 2639 2978 2697 honestius
3006 2640 3109 2696 hoc
3135 2643 3527 2711 prtctercurrit,

1933 2742 1990 2787 ut
2036 2733 2177 2804 quod
2223 2734 2277 2789 in
2324 2734 2693 2804 superioribus
2738 2742 2883 2790 esset
2928 2733 3294 2801 declaratum;
3336 2735 3387 2789 in
3420 2733 3522 2790 hoc

1931 2825 2092 2880 etiam
2115 2841 2300 2881 rursus
2323 2840 2524 2897 angens
2549 2825 2775 2893 crimen,
2807 2825 3205 2898 ostendensque
3235 2824 3373 2896 apud
3402 2825 3521 2880 illos

1932 2921 2054 2975 talia
2098 2921 2427 2992 perpetrari,
2461 2936 2581 2992 quae
2619 2936 2688 2975 ne
2725 2921 2870 2977 clare
2901 2920 3081 2977 dicere
3108 2919 3320 2991 quidem
3356 2920 3521 2975 Paulo

1930 3012 2107 3069 liceat.
2156 3013 2283 3070 Ideo
2329 3016 2381 3069 in
2425 3016 2775 3086 sequentibus
2818 3014 3007 3071 eodem
3053 3015 3221 3070 utitur
3268 3012 3518 3085 loquendi

1927 3105 2089 3160 modo
2118 3102 2326 3170 dicens,
2356 3103 2490 3159 Eum
2518 3106 2605 3176 qui
2634 3106 2729 3160 hoc
2754 3106 2824 3160 ita
2853 3105 3008 3178 fecit:
3038 3111 3095 3161 et
3123 3120 3307 3160 rursus
3328 3106 3519 3161 erube-

1926 3197 2027 3252 scit
2057 3206 2109 3252 et
2141 3197 2305 3268 pudet
2333 3213 2454 3253 eum
2483 3206 2670 3269 aperte
2696 3199 2898 3268 dicere,
2922 3197 2998 3254 uti
3020 3197 3330 3254 solemusin
3357 3196 3518 3253 rebus

1926 3291 2214 3347 admodum
2245 3292 2510 3362 turpibus.
2554 3292 2666 3348 Nec
2704 3292 2876 3357 dixit,
2907 3291 3222 3358 Novercam,
3251 3290 3344 3345 sed
3378 3289 3521 3347 Uxo-

1924 3399 2032 3438 rem
2069 3384 2245 3454 patris,
2287 3391 2345 3438 ut
2384 3384 2599 3455 gravius
2637 3382 2843 3438 feriret.
2886 3383 3101 3439 Etenim
3141 3398 3262 3438 eum
3303 3382 3521 3437 nomina

1925 3474 2201 3531 sufficiunt
2239 3475 2305 3529 ad
2336 3475 2718 3540 accusandum,
2749 3490 2844 3546 per
2872 3490 2933 3531 ea
2964 3475 3239 3545 procedit,
3281 3472 3520 3543 nihilque

1924 3567 2093 3624 addit.
2140 3567 2252 3622 Nec
2294 3566 2427 3622 mihi
2467 3567 2637 3633 dicas,
2670 3567 2863 3639 inquit,
2888 3581 3053 3622 unum
3078 3580 3198 3623 esse
3226 3564 3519 3620 fornicato-

1924 3675 2072 3723 rcm;
2122 3673 2408 3714 commune
2455 3658 2704 3714 omnibus
2748 3657 2944 3713 factum
2986 3666 3069 3713 est
3111 3657 3340 3713 crimen.
3388 3654 3518 3711 Ideo

1925 3751 2084 3805 etiam
2116 3750 2393 3820 subjunxit
2421 3769 2433 3805 :
2464 3750 2534 3805 Et
2573 3767 2662 3806 ros
2701 3750 2871 3823 inﬂati
2914 3750 3052 3805 estis.
3085 3748 3201 3805 Non
3226 3749 3361 3804 dixit
3389 3762 3518 3818 pro-

1925 3851 2043 3912 pter
2085 3851 2364 3912 peecatum
2420 3860 2432 3895 :
2480 3843 2582 3898 hoc
2625 3843 2768 3899 enim
2810 3841 3176 3897 irrationabile
3217 3847 3380 3907 esset,
3422 3838 3519 3895 sed

1924 3941 2142 4003 propter
2168 3931 2307 3986 illius
2333 3931 2652 3986 doctrinam.
2684 3932 2803 4001 ipse
2828 3940 3006 3986 autem
3037 3932 3143 3986 hoc
3167 3945 3271 3985 non
3300 3929 3515 4001 posuit,

1923 4023 2017 4077 sed
2051 4022 2283 4078 medium
2313 4022 2561 4093 reliquit,
2593 4031 2649 4077 ut
2680 4023 2848 4093 magis
2883 4021 3089 4078 feriret.
3130 4021 3198 4076 Et
3234 4021 3519 4076 considera

1925 4113 2072 4168 Pauli
2116 4113 2477 4185 prudentiam.
2522 4111 2654 4169 Cum
2688 4114 2860 4184 primo
2889 4123 3167 4169 externam
3198 4113 3517 4183 sapientiam

1923 4207 2227 4276 dejeeisset,
2275 4207 2707 4278 ostendissetque
2752 4205 2898 4262 illam
2947 4222 3044 4276 per
3087 4220 3145 4262 se
3197 4196 3329 4261 nihil
3371 4219 3513 4272 esse,

1923 4299 2129 4354 etiamsi
2178 4306 2456 4369 peccatum
2502 4313 2609 4353 non
2654 4299 2725 4353 sit
2768 4298 3064 4369 adjectum;
3121 4308 3247 4354 tunc
3299 4296 3517 4353 demum

1922 4393 2081 4448 etiam
2110 4392 2176 4447 de
2204 4403 2422 4463 peccato
2447 4391 2701 4464 loquitur.
2735 4391 2866 4447 Nam
2892 4392 2936 4447 si
2967 4392 3031 4446 ad
3061 4392 3515 4461 comparationem

1922 4483 2282 4551 fornicatoris,
2305 4483 2394 4554 qui
2427 4482 2656 4539 fortasse
2684 4482 2901 4554 sapiens
2930 4483 3192 4553 quispiam
3222 4490 3359 4549 erat,
3393 4496 3512 4537 nta-

1922 4593 2083 4648 gnum
2125 4593 2247 4634 esse
2284 4578 2561 4648 spirituale
2585 4577 2787 4633 donum
2815 4562 3072 4644 dixisset,
3104 4575 3237 4631 nihil
3264 4590 3514 4647 magnum

1921 4670 2170 4738 fecisset;
2201 4671 2295 4727 sed
2327 4673 2486 4727 etiam
2515 4671 2718 4742 absque
2749 4679 2969 4742 peccato
3008 4670 3241 4738 dejicere
3285 4677 3339 4724 et
3382 4669 3515 4725 nihil

1922 4780 2044 4822 esse
2091 4764 2465 4820 demonstrare
2516 4765 2834 4834 sapientiam
2883 4773 3160 4820 externam
3188 4803 3203 4827 ,
3253 4762 3355 4818 hoc
3402 4772 3517 4817 erat

1922 4857 2210 4913 ostendere
2238 4857 2384 4913 illam
2410 4857 2699 4912 admodum
2736 4871 2859 4915 esse
2896 4857 3078 4913 vilem.
3124 4856 3250 4913 ldeo
3283 4870 3405 4911 eum
3437 4854 3517 4912 sic

1923 4951 2072 5022 prius
2094 4952 2548 5021 comparationem
2573 4950 2802 5016 fecisset,
2832 4960 2960 5007 tunc
2980 4951 3139 5006 etiam
3171 4949 3371 5020 peccati
3402 4964 3514 5004 me-

1921 5044 2116 5099 minit:
2146 5051 2201 5099 et
2226 5059 2349 5099 eum
2380 5044 2473 5100 illo
2501 5044 2716 5115 quidem
2741 5044 3010 5100 disserere
3032 5059 3137 5099 non
3161 5042 3430 5114 dignatur,
3458 5051 3515 5099 et

1923 5137 1977 5193 in
2011 5137 2113 5192 hoc
2152 5152 2417 5192 summam
2469 5137 2710 5194 ostendit
2736 5136 3046 5204 infamiam;
3092 5137 3173 5191 his
3210 5148 3388 5192 autem
3431 5135 3515 5193 dio

1922 5233 1997 5284 cit
2024 5247 2037 5283 :
2065 5228 2363 5300 Oportebat
2387 5243 2485 5285 vos
2512 5229 2679 5296 ﬂere,
2711 5230 2894 5300 lugere
2931 5238 2984 5284 et
3028 5244 3137 5298 pra:
3185 5229 3389 5301 pudere
3433 5228 3515 5285 la-

1922 5321 2187 5387 mentari;
2240 5336 2385 5378 nunc
2432 5330 2610 5378 autem
2652 5322 2982 5379 contrarium
3027 5322 3250 5379 facitis:
3289 5321 3516 5394 ideoque

1923 5413 2245 5482 subjunxit:
2279 5412 2349 5468 Et
2392 5430 2477 5469 vos
2522 5415 2690 5484 inﬂati
2730 5415 2871 5482 estis,
2898 5423 2943 5469 et
2984 5431 3086 5471 non
3124 5416 3287 5488 magis
3326 5416 3515 5471 luctum

1923 5505 2191 5560 habuistis.
2221 5506 2289 5560 Et
2313 5505 2440 5575 quid
2470 5505 2666 5562 factum
2693 5514 2810 5575 est,
2841 5505 3086 5578 inquies,
3118 5515 3179 5563 ut
3204 5523 3304 5564 nos
3327 5506 3510 5576 lugea-

1922 5600 2081 5655 mus?
2118 5599 2270 5668 Quod
2310 5601 2362 5655 in
2399 5614 2686 5656 commune
2713 5599 2969 5656 Ecclesia:
2995 5615 3278 5671 progressa
3310 5599 3379 5654 sit
3409 5599 3511 5654 cri-

1926 5692 2167 5747 minatio.
2201 5691 2271 5748 Et
2295 5707 2392 5748 cur
2417 5692 2555 5748 bene
2588 5695 2842 5749 faciemus
2871 5695 3155 5766 lugentes?
3193 5688 3263 5747 Ut
3304 5690 3517 5746 tollatur

1928 5801 1990 5840 ea
2014 5785 2149 5839 nobis
2173 5785 2262 5855 qui
2286 5797 2358 5842 est
2389 5785 2526 5842 talis.
2564 5786 2632 5857 Et
2661 5803 2832 5857 neque
2862 5790 2948 5843 hic
2972 5801 3168 5841 nomen
3199 5784 3315 5854 ejus
3343 5786 3509 5854 ponit.

1935 5893 2110 5949 neque
2139 5881 2367 5949 uspiam,
2396 5889 2451 5933 ut
2480 5880 2707 5935 solemus
2732 5880 2903 5935 facere
2934 5879 2983 5934 in
3012 5878 3077 5933 iis
3106 5894 3221 5949 qua:
3242 5872 3395 5931 valde
3428 5876 3522 5930 εὼς
