3992 6430
572 410 673 469 1'13

569 529 734 585 surda
763 538 817 585 et
848 529 1061 602 indigna
1089 541 1228 586 sunt.
1263 530 1371 586 Nec
1399 530 1553 594 dixit,
1580 530 1647 588 Et
1670 546 1776 585 non
1801 530 1968 602 magis
1997 529 2158 599 ejecio

569 621 703 684 stis;
736 621 829 676 sed
874 623 1011 676 sicut
1057 623 1108 676 iu
1157 622 1343 676 morbo
1388 622 1567 693 aliquo
1605 631 1660 676 et
1702 623 1752 676 in
1804 633 1973 691 peste,
2015 623 2157 676 luctu

569 729 706 782 opus
733 725 813 769 est
839 725 891 769 et
920 717 1123 768 intcnsa
1155 715 1537 784 supplicatione
1556 757 1571 780 ,
1602 713 1670 771 Ut
1695 716 1920 782 tollatur,
1948 716 2116 784 inquit
2141 731 2156 782 ;

571 814 624 860 ct
655 806 959 876 precatione
981 806 1044 860 ad
1070 806 1169 861 hoc
1194 806 1446 860 utendum
1473 819 1575 873 est,
1601 807 1836 878 nihilque
1868 822 1971 862 non
1998 823 2159 876 agen-

571 898 698 953 dum
745 911 799 954 ut
845 901 933 955 ille
971 901 1335 956 abscindatur.
1387 901 1570 973 Neque
1609 910 1824 957 accusat
1865 917 1978 964 eos,
2018 900 2159 970 quod

578 993 676 1046 hoc
701 992 796 1043 sibi
833 1007 936 1046 non
971 992 1274 1057 iudicarint,
1299 994 1391 1048 sed
1415 997 1535 1064 quia
1559 1009 1665 1048 non
1695 995 1964 1058 luxerunt,
1989 1004 2044 1048 ut
2071 994 2161 1048 ille

576 1081 641 1136 de
675 1082 850 1136 medio
879 1083 1159 1139 tolleretur
1189 1102 1202 1138 :
1232 1085 1522 1141 ostendens
1551 1085 1602 1141 id
1631 1086 1746 1140 sine
1775 1085 1995 1140 doctore
2021 1099 2160 1154 pne-

575 1171 826 1227 standum
851 1173 1015 1230 fuisse
1039 1177 1108 1230 ob
1129 1176 1308 1232 delicti
1327 1178 1669 1233 evidentiam.
1691 1179 1744 1233 5.
1771 1175 1908 1230 Nam
1938 1194 2028 1247 ego
2050 1176 2163 1245 qui-

572 1265 684 1318 dem
721 1278 979 1337 tamquam
1013 1268 1191 1324 absens
1231 1287 1462 1341 corpore,
1494 1286 1712 1340 prmsens
1748 1280 1916 1323 autem
1955 1270 2159 1337 spiritu.

641 1359 698 1414 2.
727 1358 853 1416 Cum
877 1361 1077 1430 publica
1107 1363 1414 1431 [ornicatore
1438 1363 1687 1432 quomodo
1711 1371 1830 1433 agat
1859 1361 2075 1415 Paulus.
2093 1390 2164 1400 -—-

574 1452 710 1509 Vide
734 1453 970 1507 animum
1003 1471 1015 1506 :
1045 1469 1110 1508 ne
1135 1454 1262 1509 sinit
1289 1455 1504 1525 quidem
1533 1465 1846 1524 exspectare
1872 1457 2161 1510 adventum

573 1560 728 1600 suum
752 1585 766 1608 ,
797 1552 857 1598 ut
884 1545 997 1614 ipse
1023 1545 1216 1615 ligetur
1237 1587 1250 1609 ,
1277 1547 1370 1601 sed
1402 1556 1671 1618 tamquam
1703 1559 1903 1617 pestem
1932 1548 2162 1617 aliquam

574 1638 918 1706 expulsurus,
935 1639 1238 1709 priusquam
1253 1639 1579 1695 ditl'undatur
1593 1641 1643 1696 in
1659 1643 1923 1712 reliquum
1942 1658 2160 1711 corpus,

574 1728 719 1782 illam
762 1729 1006 1785 detinere
1043 1739 1293 1801 properat
1323 1749 1336 1786 :
1372 1732 1599 1803 ideoque
1632 1734 1816 1801 adjicit
1845 1732 2002 1785 :Iam
2021 1735 2164 1804 judi-

575 1820 685 1873 cavi
728 1829 781 1874 ut
821 1837 1060 1891 presens.
1105 1821 1231 1876 ll:cc
1267 1832 1446 1878 autem
1477 1823 1708 1888 dicebat,
1743 1842 1847 1878 non
1880 1826 2041 1879 modo
2072 1842 2164 1879 nr~

578 1927 710 1982 gens
738 1912 859 1968 illos
885 1912 950 1968 ad
979 1915 1301 1968 sententiam
1342 1915 1622 1970 ferendum
1650 1958 1665 1979 ,
1698 1933 1870 1986 neque
1896 1919 2078 1973 sincns
2111 1927 2167 1972 ut

578 2003 721 2059 aliud
751 2005 961 2060 consilii
993 2007 1237 2075 capiant;
1269 2007 1362 2062 sed
1390 2009 1550 2061 etiam
1581 2017 1789 2063 terrens
1813 2050 1827 2074 ,
1853 2019 1908 2062 ut
1937 2011 2024 2080 qui
2057 2011 2164 2064 sci-

578 2107 661 2153 ret
689 2097 776 2152 illa
803 2114 922 2169 qua:
951 2098 1022 2154 ibi
1053 2111 1233 2154 essent
1259 2099 1451 2156 futura.
1506 2099 1639 2157 Illud
1669 2102 1814 2158 enim
1856 2111 1938 2157 est
1974 2102 2166 2158 adesse

579 2193 802 2261 spiritu;
831 2207 888 2250 ut
917 2195 1143 2251 Elimeus
1168 2196 1315 2253 Giezi
1348 2212 1588 2268 prtesens
1611 2207 1665 2252 et
1692 2197 1905 2253 diccbat
1935 2215 1949 2255 :
1981 2196 2169 2252 Nonne

577 2303 666 2340 cor
693 2304 858 2342 meum
882 2300 989 2344 erat
1017 2299 1177 2344 tecum
1205 2291 1224 2361 (
1251 2292 1302 2347 ι.
1333 2291 1461 2362 Reg.
1491 2293 1546 2348 5.
1573 2291 1645 2346 26
1667 2290 1728 2364 )?
1756 2292 1933 2364 Papa),
1967 2301 2164 2364 quanta

577 2388 662 2432 est
691 2379 858 2434 virtus
885 2381 1242 2446 charismatis,
1274 2397 1395 2438 cum
1424 2398 1611 2439 omnes
1633 2383 1792 2438 simul
1815 2394 2168 2454 congregatos

578 2479 817 2538 praestet,
844 2481 896 2527 et
921 2487 983 2527 ea
1007 2489 1125 2542 qua:
1154 2473 1333 2542 procul
1363 2473 1495 2529 ﬁunt
1521 2484 1643 2528 nota
1671 2475 1860 2530 iaciat!
1893 2475 2169 2546 Jamjudi-

578 2562 689 2614 (avi
713 2571 768 2615 ut
803 2580 1044 2628 prmscns.
1085 2564 1200 2618 Non
1244 2565 1372 2619 sinit
1399 2581 1493 2621 eos
1519 2567 1662 2621 aliud
1700 2568 1987 2638 quidquam
2016 2569 2167 2640 cogi-

578 2667 693 2708 tare
723 2673 736 2706 :
769 2655 899 2710 Nam
931 2659 1251 2713 sententiam
1282 2659 1373 2714 tuli
1404 2669 1459 2714 ut
1489 2675 1726 2730 prmsens
1757 2681 1768 2715 :
1796 2678 1863 2716 ne
1892 2663 2020 2716 mihi
2054 2679 2169 2716 mo-

577 2763 666 2802 ras
687 2759 741 2803 et
780 2750 1290 2819 procrastinationes
1319 2752 1502 2818 dicas;
1551 2754 1680 2807 nihil
1709 2755 1852 2808 enim
1879 2754 2019 2809 aliud
2053 2754 2166 2810 fieri

579 2849 811 2907 oportet.
862 2842 1064 2898 Deinde
1093 2860 1156 2899 ne
1189 2860 1376 2916 magna
1405 2845 1677 2901 videretur
1705 2863 1824 2903 esse
1852 2849 2166 2916 auctoritas,

581 2948 753 3001 neque
779 2935 1118 3004 arrogantius
1145 2936 1346 2992 dictum
1374 2951 1494 2992 esse
1525 2949 1858 3006 censeretur,
1892 2939 2010 2995 vide
2036 2957 2170 3011 quo-

583 3026 742 3080 modo
769 3036 822 3081 et
843 3027 986 3098 ipsos
1013 3027 1199 3098 jndicii
1231 3029 1406 3086 socios
1433 3029 1608 3085 faciat.
1635 3030 1766 3085 Nam
1801 3049 1921 3088 eum
1947 3034 2171 3089 dixisset

575 3117 851 3184 Iudicavi,
883 3121 1060 3175 intulit
1089 3139 1102 3175 ε
1138 3122 1266 3175 Eum
1293 3124 1379 3192 qui
1404 3124 1476 3177 sic
1504 3134 1739 3192 operatus
1765 3135 1836 3179 est
1855 3168 1869 3192 ,
1899 3127 1953 3181 αἱ.
1987 3127 2038 3181 in
2073 3144 2166 3181 no-

580 3215 716 3268 mine
751 3202 961 3269 Domini
998 3215 1158 3270 nostri
1191 3214 1316 3270 Iesu
1351 3216 1560 3282 Christi,
1594 3220 1910 3288 congregatis
1947 3219 2083 3273 vobis
2123 3228 2170 3274 et

578 3324 690 3362 nico
734 3292 950 3378 spiritu,
992 3325 1104 3363 cum
1143 3311 1322 3364 virtute
1362 3309 1567 3364 Domini
1616 3312 1775 3366 nostri
1814 3310 1940 3367 Iesu
1981 3310 2169 3366 Christi

579 3401 630 3457 5.
665 3404 864 3456 tradere
891 3403 1183 3474 hujusmodi
1206 3405 1458 3459 hominem
1480 3414 1690 3460 satauar.
1729 3407 1794 3461 Et
1822 3407 1948 3477 quid
1979 3417 2082 3470 est,
2105 3405 2169 3461 In

577 3495 780 3548 nomine
813 3492 1017 3548 Domini
1044 3495 1198 3548 nostri
1225 3493 1350 3550 Iesu
1376 3495 1565 3552 Christi
1587 3498 1612 3551 ἔ)
1639 3496 1942 3552 Secundum
1977 3497 2165 3565 Deum,

576 3601 684 3639 non
724 3584 956 3640 humano
995 3587 1195 3640 detenti
1237 3587 1564 3657 prrejudicio.
1615 3587 1842 3658 Quidam
1881 3597 2059 3645 autem
2089 3591 2168 3645 sic

577 3678 760 3746 legunt
792 3695 803 3730 :
838 3675 972 3732 Eum
1010 3679 1096 3747 qui
1132 3679 1206 3732 sic
1244 3690 1481 3749 operatus
1521 3690 1594 3734 est
1633 3680 1684 3734 in
1725 3682 1926 3735 nomine
1958 3679 2170 3736 Domini

581 3769 740 3822 nostri
781 3769 906 3824 Iesu
951 3769 1248 3826 Christi:el
1285 3783 1481 3840 puncto
1523 3770 1608 3826 hic
1650 3772 1895 3842 apposito
1927 3789 2021 3827 seu
2055 3775 2168 3828 vir-

577 3862 720 3932 gula,
756 3863 838 3916 his
868 3864 1042 3918 verbis
1065 3873 1310 3934 pergunt,
1343 3865 1670 3937 Congregatis
1696 3866 1832 3920 vobis
1857 3876 1902 3920 et
1929 3884 2038 3921 meo
2062 3868 2171 3936 spi-

577 3956 678 4009 ritu
725 3955 923 4010 tradtrc
967 3958 1264 4028 ltujusmodi
1312 3959 1563 4013 hominem
1609 3970 1820 4014 satante.
1873 3961 1941 4015 Et
1983 3961 2170 4016 dicunt

578 4046 736 4117 hujus
767 4047 1008 4104 lectionis
1035 4049 1174 4104 hunc
1203 4065 1324 4105 esse
1343 4065 1557 4108 sensum
1585 4073 1598 4108 :
1629 4051 1763 4106 Eum
1792 4053 1880 4122 qui
1913 4053 2015 4107 hoc
2038 4068 2169 4122 0pc-

578 4147 727 4193 ratus
757 4149 839 4193 cst
869 4140 919 4193 in
953 4141 1169 4194 nomine
1198 4140 1394 4196 Christi
1421 4183 1436 4210 ,
1472 4143 1665 4198 tradite
1694 4154 1931 4209 satauae;
1967 4144 2015 4198 id
2045 4153 2125 4199 est
2147 4187 2162 4208 ,

577 4246 700 4286 eum
728 4233 815 4302 qui
845 4247 1036 4287 nomen
1065 4233 1263 4288 Christi
1300 4235 1623 4290 contumelia
1653 4233 1830 4291 all‘ecit
1851 4277 1864 4300 ,
1899 4236 1988 4306 qui
2024 4245 2170 4306 post-

575 4339 736 4392 quam
768 4322 940 4379 fidelis
973 4323 1139 4379 factus
1169 4335 1282 4390 est,
1313 4335 1366 4380 et
1391 4341 1688 4397 cognomen
1718 4328 1925 4396 accepit
1964 4329 2032 4383 ab
2074 4328 2167 4382 illo

577 4417 792 4471 nomine
817 4458 830 4482 ,
873 4417 993 4470 talia
1035 4425 1117 4471 est
1159 4431 1322 4470 ausus
1343 4459 1357 4482 ,
1389 4417 1531 4472 hunc
1562 4418 1756 4474 tradite
1787 4428 2008 4474 solante.
2041 4419 2167 4474 Mihi

578 4520 755 4564 autem
795 4509 940 4576 prior
966 4508 1126 4564 lectio
1153 4509 1329 4562 verior
1359 4525 1477 4563 esse
1508 4508 1736 4563 videtur.
1780 4511 2033 4579 Qmenarn
2078 4513 2165 4567 illa

577 4602 698 4658 est?
747 4599 814 4654 In
857 4603 1057 4654 nomine
1107 4599 1312 4654 Domini
1341 4603 1655 4673 congregatis
1703 4603 1877 4665 vobis;
1923 4602 2022 4660 hoc
2061 4615 2164 4671 est,

579 4693 709 4763 Ejus
737 4693 954 4748 nomine
971 4709 1066 4748 vos
1092 4706 1470 4764 congregante,
1497 4710 1595 4764 pro
1623 4710 1731 4765 quo
1751 4697 2066 4751 convenitis.
2097 4696 2167 4752 Et

575 4787 760 4858 spiritu
804 4802 933 4840 meo.
983 4785 1187 4841 Rursus
1227 4785 1460 4856 seipsum
1487 4803 1606 4841 cum
1637 4787 1742 4844 illis
1768 4789 2078 4851 constituit.
2108 4797 2169 4846 ut

577 4894 699 4933 cum
734 4877 1094 4949 judicaverint
1116 4881 1265 4950 quasi
1300 4881 1414 4951 ipso
1441 4891 1710 4952 praesente
1730 4925 1744 4945 ,
1784 4883 1860 4937 sic
1891 4881 2038 4937 illum
2067 4883 2164 4938 ab-

575 4971 845 5039 scindunt,
873 4980 928 5027 et
956 4987 1114 5028 nemo
1145 4973 1283 5028 ausit
1312 4971 1484 5043 ipsum
1508 4975 1661 5029 venia
1692 4974 1910 5046 dignum
1943 4975 2162 5044 habere,

572 5064 752 5118 sciens
779 5062 893 5120 fore
921 5074 978 5118 ut
1010 5063 1203 5120 Paulus
1237 5065 1370 5120 sciat
1397 5081 1459 5120 ea
1489 5081 1606 5136 qua:
1635 5066 1772 5122 facta
1799 5065 2014 5122 fuerint.
2059 5068 2164 5123 De-

576 5153 701 5209 inde
726 5162 783 5208 ut
809 5169 920 5211 rem
950 5154 1204 5211 exhibeat
1235 5157 1647 5224 terribiliorem,
1687 5159 1762 5213 ait
1792 5176 1804 5212 :
1833 5159 1958 5213 Cum
1987 5160 2167 5214 virtute

573 5244 783 5302 Domini
809 5249 968 5302 nostri
1001 5246 1128 5303 Iesu
1162 5249 1374 5304 Christi:
1402 5248 1457 5304 ld
1487 5257 1570 5306 est
1593 5290 1608 5315 ,
1636 5250 1720 5306 vel
1749 5251 1890 5322 quod
1918 5249 2166 5308 Christus

574 5338 744 5409 possit
778 5353 895 5394 eam
925 5340 1076 5395 vobis
1111 5341 1334 5411 gratiam
1371 5339 1501 5396 dare
1523 5383 1537 5406 ,
1568 5351 1626 5396 ut
1653 5343 1868 5412 possitis
1897 5357 2019 5398 eum
2049 5343 2164 5400 dia—

577 5431 703 5486 bolo
730 5430 976 5496 tradere;
1005 5431 1088 5486 vel
1119 5431 1260 5502 quod
1290 5433 1403 5502 ipse
1429 5433 1703 5489 vobiscum
1727 5435 1930 5489 laturus
1954 5435 2023 5490 sit
2042 5452 2166 5491 sen-

577 5523 818 5578 tentiam.
849 5521 964 5579 Non
995 5523 1130 5578 dixit
1155 5533 1356 5589 autem,
1387 5525 1558 5595 ipsum
1587 5524 1784 5581 dedere
1809 5535 2037 5590 satanze;
2069 5527 2164 5583 sed

576 5609 818 5678 Tradere,
853 5615 954 5685 ipsi
983 5615 1230 5685 aperiens
1255 5616 1582 5686 pcenitentiaa
1613 5615 1784 5678 fores.
1815 5626 1870 5672 et
1897 5618 1994 5687 ipsi
2026 5629 2162 5673 tam-

575 5718 732 5768 quam
763 5705 1057 5776 pzedagogo
1086 5705 1243 5760 talem
1273 5707 1546 5763 hominem
1580 5707 1816 5763 tradens.
1851 5711 1913 5764 Et
1941 5726 2160 5777 rursus,

579 5793 756 5859 talem,
790 5813 888 5851 nec.
917 5813 1139 5868 usquam
1167 5799 1279 5853 vult
1306 5799 1452 5854 illum
1481 5815 1576 5855 suo
1609 5801 1822 5856 nomine
1853 5818 2063 5859 vocare.
2099 5803 2162 5857 In

573 5882 826 5941 interitum
855 5889 1043 5944 carnis.
1075 5888 1225 5945 Sicut
1253 5899 1304 5946 et
1337 5891 1387 5946 in
1419 5889 1572 5945 beato
1596 5891 1692 5947 Job
1722 5892 1915 5952 factum
1939 5903 2038 5962 cst,
2065 5895 2156 5951 sed

1323 414 1380 471 S.
1409 415 1686 471 I0.\N.\'lS
1723 409 2195 468 CHRYSUSTOMI
2221 409 2538 470 AliCllllSl'.
2580 413 3110 477 CONSTANTIXOI
3709 439 3785 497 ιρι

2268 546 2373 585 non
2405 533 2591 588 eadem
2623 534 2692 591 de
2716 551 2898 592 causa.
2947 538 3082 594 Nam
3119 540 3224 596 illic
3265 557 3356 611 pro
3393 547 3792 616 splendidioribus

2266 624 2502 688 coronis,
2537 626 2622 681 hic
2651 643 2745 694 pro
2774 642 3110 698 peccatorum
3140 633 3480 704 remissione;
3518 651 3570 696 ut
3603 644 3794 716 ﬂagella

2266 729 2388 770 cum
2421 720 2560 773 malo
2591 722 2767 776 ulcere
2794 734 2886 779 aut
2914 725 3021 779 alio
3047 728 3255 783 morbo.
3301 733 3451 801 Atqui
3487 735 3602 790 alibi
3637 741 3700 791 ait
3727 760 3738 793 :
3762 747 3792 796 .-l

2268 806 2494 864 Domino
2508 813 2808 880 judicamur
2832 815 2947 872 haec
2979 821 3263 888 patientes.
3298 823 3358 877 At
3393 827 3474 881 hic
3499 831 3652 898 magis
3676 833 3794 887 illum

2269 913 2504 968 puugere
2554 904 2740 962 volens
2766 948 2780 971 ,
2830 917 3032 964 satana:
3071 912 3253 968 tradit.
3300 915 3364 970 Et
3410 917 3504 972 hoc
3543 933 3676 977 certe
3713 926 3802 979 ltco

2269 992 2523 1059 placitmu
2548 993 2663 1061 fuit,
2697 1007 2750 1052 ut
2777 1002 3127 1070 castigari-tur
3147 1004 3263 1074 ejus
3283 1022 3423 1062 caro.
3449 1011 3572 1078 Quia
3599 1015 3725 1069 enim
3749 1032 3799 1070 ex

2269 1085 2482 1153 crapula
2513 1097 2566 1140 et
2591 1087 2797 1144 deliciis
2826 1095 3128 1150 carnalibus
3155 1101 3585 1168 concupiscentia:
3607 1122 3802 1162 nascun-

2272 1185 2376 1238 tur,
2402 1193 2616 1233 carnem
2638 1184 2880 1251 Castigat.
2920 1183 2987 1239 Ut
3015 1187 3243 1253 Spiritus
3269 1191 3435 1246 salvus
3462 1195 3522 1246 sit
3546 1196 3591 1247 in
3617 1197 3690 1250 die
3716 1197 3802 1250 Do-

2271 1269 2393 1321 mim
2432 1268 2579 1324 Iesu.
2629 1271 2682 1326 Id
2727 1284 2828 1339 cst,
2870 1277 3044 1331 anima
3081 1296 3096 1332 :
3128 1297 3232 1334 non
3269 1285 3409 1352 quod
3441 1285 3520 1339 illa
3552 1289 3653 1340 Sola
3684 1292 3800 1343 salvi

2269 1362 2358 1427 sit,
2387 1363 2481 1418 sed
2511 1367 2661 1434 quasi
2696 1367 2746 1420 id
2775 1369 2826 1422 in
2857 1371 3110 1424 Confesso
3127 1374 3217 1434 sit,
3243 1376 3388 1444 quod
3413 1378 3494 1430 illa
3531 1381 3680 1442 salva,
3708 1383 3804 1436 sine

2273 1455 2376 1508 nlla
2407 1459 2831 1516 contradictione
2853 1478 3049 1533 corpus
3070 1469 3256 1522 salutis
3283 1473 3542 1542 particeps
3561 1475 3671 1528 erit.
3698 1475 3803 1529 Nam

2273 1547 2499 1602 mortale
2531 1550 2726 1605 factum
2750 1563 2829 1607 est
2855 1565 3073 1625 propter
3101 1559 3268 1624 ipsam
3291 1577 3407 1630 qua:
3433 1575 3743 1632 peccaverat;
3765 1577 3808 1621 et

2270 1637 2316 1691 si
2349 1637 2437 1692 illa
2463 1640 2722 1709 justitiam
2752 1649 3090 1716 exercuerit,
3130 1667 3315 1707 rursus
3356 1666 3408 1708 et
3449 1671 3634 1725 corpus
3666 1659 3805 1726 ipsum

2274 1745 2461 1801 magna
2506 1734 2712 1789 h-nelur
2750 1739 2938 1809 gloria.
2977 1741 3204 1809 Quidam
3240 1760 3369 1801 vero
3397 1749 3631 1817 spiritum
3659 1753 3810 1807 dicunt

2272 1837 2392 1875 esse
2433 1823 2695 1880 charisma
2745 1846 2839 1884 seu
2887 1832 3110 1899 donum,
3139 1836 3280 1904 quod
3325 1840 3476 1894 nobis
3517 1845 3810 1910 peecamilms

2272 1916 2646 1986 exstinguitur.
2672 1921 2748 1975 Ne
2770 1923 2927 1992 igitur
2949 1924 3050 1980 hoc
3073 1925 3184 1992 liat,
3205 1927 3393 1999 inquit,
3415 1933 3666 2000 puniatur,
3689 1937 3812 1988 utsic

2274 2010 2463 2062 melior
2490 2011 2676 2079 lactus,
2706 2016 2938 2070 attrahat
2965 2020 3214 2088 gratiam,
3247 2031 3302 2076 et
3331 2022 3619 2078 inveniatur
3645 2027 3808 2079 sa’vam

2276 2100 2442 2168 ipsam
2485 2105 2742 2162 exhibens
2787 2108 2836 2162 in
2879 2110 2971 2166 illo
3007 2111 3116 2166 die.
3160 2113 3346 2184 itaque
3376 2117 3538 2183 magis
3562 2125 3640 2172 est
3661 2133 3815 2172 curam

2272 2195 2508 2261 gerentis
2537 2212 2598 2249 ac
2630 2201 2913 2267 medentis,
2958 2220 3116 2273 quam
3158 2208 3398 2262 secantis
3440 2211 3519 2264 vel
3563 2217 3747 2264 temere
3772 2221 3812 2261 et

2276 2284 2670 2344 inconsiderate
2724 2294 3013 2361 punientis.
3067 2296 3235 2366 Majus
3285 2302 3480 2369 quippe
3527 2300 3712 2355 lucrum
3751 2311 3814 2354 est

2277 2391 2434 2446 pmna
2466 2397 2478 2433 :
2509 2396 2630 2434 nam
2665 2382 2754 2437 illa
2783 2393 3125 2455 tcmporanca
3156 2400 3258 2452 est,
3294 2389 3498 2444 lucrum
3524 2400 3684 2446 autem
3715 2407 3812 2460 per--

2277 2478 2514 2538 petuum.
2547 2472 2654 2529 Nec
2684 2475 2997 2545 simpliciter
3019 2479 3172 2542 dixit,
3207 2481 3275 2536 Ut
3315 2483 3521 2552 spiritus
3560 2484 3712 2538 salvus
3742 2485 3811 2545 sit;

2275 2561 2371 2616 sed
2393 2605 2406 2628 ,
2439 2563 2504 2618 In
2534 2566 2623 2620 illo
2657 2568 2758 2623 die.
2792 2569 2966 2626 Probe
2991 2573 3098 2626 illis
3129 2584 3183 2628 et
3211 2587 3513 2646 opportune
3539 2579 3668 2632 diem
3697 2577 3812 2631 illum

2274 2673 2680 2729 commemorat,
2711 2673 2770 2718 ut
2797 2675 2850 2720 et
2879 2667 2976 2735 ipsi
3006 2670 3334 2738 promptiore
3355 2672 3532 2726 animo
3552 2671 3613 2725 ad
3639 2669 3817 2725 medici-

2277 2767 2398 2805 nam
2421 2753 2760 2822 accederent,
2785 2765 2839 2811 ct
2865 2758 2952 2813 ille
2982 2759 3173 2815 melius
3200 2765 3517 2831 susciperet,
3548 2779 3644 2815 non
3676 2773 3720 2813 ιιι
3747 2763 3817 2812 ine

2277 2844 2456 2912 verba,
2497 2845 2591 2900 sed
2640 2857 2695 2898 ut
2738 2849 2902 2918 patris
2938 2865 3121 2904 curam
3165 2854 3406 2923 gerentis
3455 2853 3817 2924 providentiam.

2277 2935 2401 2992 Ideo
2430 2939 2593 3001 enim,
2620 2938 2684 2994 In
2713 2942 2967 2996 interitum
2993 2945 3182 3010 carnis,
3211 2945 3390 3010 dixit;
3416 2947 3524 3016 jam
3552 2946 3740 3001 diabolo
3763 2944 3823 2997 le-

2274 3044 2369 3099 ges
2400 3047 2624 3100 ponens,
2655 3049 2753 3088 nec
2788 3036 2972 3090 sinens
3003 3035 3174 3106 ipsum
3213 3038 3442 3094 ulterius
3484 3037 3711 3109 progredi
3741 3055 3750 3088 :
3778 3043 3825 3090 ut

2275 3121 2343 3176 dc
2381 3121 2517 3178 Jobo
2557 3124 2768 3181 dicebat
2811 3127 3100 3195 Dominus,
3137 3127 3387 3185 Cirterum
3415 3132 3632 3185 animam
3657 3131 3752 3192 eius
3777 3141 3825 3179 ne

2277 3227 2456 3288 tangas
2488 3218 2606 3276 (Iob
2649 3219 2684 3273 9.
2729 3220 2808 3290 6).
2935 3221 2943 3228 ’

2348 3309 2400 3364 3.
2429 3309 2631 3364 Deinde
2662 3326 2781 3364 cum
2809 3312 3128 3368 sententiam
3158 3314 3478 3371 absolvisset
3509 3326 3562 3372 et
3587 3330 3694 3369 eam
3717 3326 3823 3384 pau-

2275 3400 2354 3455 cis
2391 3401 2614 3456 dixisset
2642 3419 2740 3457 ncc
2766 3404 3083 3461 immoratus
3110 3415 3256 3464 esset
3280 3451 3294 3472 ,
3327 3425 3513 3465 rursus
3543 3406 3824 3474 increpatio-

2277 3507 2398 3547 nem
2431 3493 2652 3559 inducit,
2684 3495 2804 3551 illos
2833 3497 3113 3568 alloquens
3144 3519 3156 3553 :
3189 3501 3242 3555 ϐ.
3278 3500 3402 3555 Non
3424 3502 3552 3555 bona
3579 3510 3648 3553 est
3671 3500 3827 3569 gloria-

2276 3585 2344 3638 tio
2367 3595 2566 3650 vestra;
2597 3588 2885 3643 ostendens
2915 3590 3035 3645 illos
3063 3590 3129 3645 ad
3155 3591 3296 3646 istud
3327 3610 3496 3664 usque
3528 3603 3721 3659 tempus
3742 3604 3824 3640 non

2277 3677 2466 3732 sivisse
2496 3693 2618 3733 eum
2653 3681 2916 3748 prenitere
2941 3723 2956 3742 .
2987 3681 3056 3738 de
3088 3683 3177 3736 illo
3202 3684 3517 3754 gloriantes.
3554 3681 3733 3737 Deinde
3752 3678 3825 3731 dc-

2275 3767 2444 3822 clarat
2472 3784 2531 3823 se
2557 3784 2660 3823 non
2695 3769 2767 3825 illi
2797 3770 2957 3826 modo
2984 3782 3294 3842 parcentem
3328 3777 3430 3830 hoc
3460 3777 3659 3839 facere,
3687 3770 3765 3824 sed
3787 3776 3828 3818 rt

2277 3858 2406 3929 ipsis
2448 3877 2462 3913 :
2505 3859 2730 3930 ideoque
2778 3862 3051 3934 subiungit
3101 3882 3114 3916 :
3164 3863 3392 3920 Nescitis
3437 3868 3571 3937 quod
3617 3863 3830 3916 modicmtt

2275 3950 2578 4019 fermentum
2610 3962 2765 4006 totam
2789 3970 3009 4008 massam
3035 3958 3362 4027 corrumpit?
3385 3957 3535 4012 Licet
3562 3956 3692 4010 enim
3716 3952 3830 4004 illiui

2275 4041 2339 4096 sit
2366 4053 2661 4112 peccatum,
2683 4045 2874 4114 inquit,
2895 4046 2989 4101 sed
3013 4048 3311 4118 ncglectmn
3340 4059 3517 4120 potest
3536 4059 3587 4104 et
3611 4046 3830 4113 reliquum

2277 4134 2532 4189 Ecclesia:
2568 4150 2766 4205 Corpus
2794 4151 3158 4207 corrumpere.
3193 4140 3326 4194 Cum
3358 4142 3501 4194 enim
3535 4141 3576 4193 is
3604 4138 3684 4206 qui
3715 4134 3832 4203 prior

2276 4227 2520 4294 peccavit
2555 4243 2659 4280 non
2690 4227 2838 4282 dedit.
2872 4244 3056 4298 pmnas
3076 4271 3090 4296 ,
3126 4231 3232 4285 cito
3255 4241 3312 4286 et
3338 4233 3426 4286 alii
3460 4232 3642 4287 eadem
3671 4242 3832 4296 perpu-

2277 4320 2512 4375 trabunt.
2542 4321 2667 4376 llaec
2694 4331 2870 4377 autem
2901 4323 3063 4386 dicit,
3094 4325 3389 4380 ostendens
3422 4341 3518 4396 pro
3551 4334 3651 4378 tota
3679 4319 3834 4375 Eccle-

2274 4414 2372 4478 sia,
2400 4430 2503 4468 nou
2535 4430 2631 4484 pro
2659 4431 2764 4470 uno
2793 4416 2892 4472 sibi
2921 4426 3192 4473 certamen
3222 4427 3276 4474 et
3305 4421 3603 4490 periculum
3635 4417 3830 4470 ade-se:

2275 4521 2440 4574 quare
2467 4505 2716 4562 fermenll
2745 4509 3095 4565 similitudine
3130 4527 3266 4580 Opus
3304 4513 3511 4568 habuit.
3555 4513 3695 4567 Sicut
3717 4508 3833 4563 eui!!!

2278 4597 2620 4660 fermentum,
2653 4599 2840 4669 inquit,
2874 4617 2993 4654 cum
3027 4603 3293 4658 modicum
3323 4605 3414 4669 sit,
3448 4614 3608 4658 totam
3638 4613 3836 4655 rnassant

2277 4689 2328 4744 in
2359 4705 2418 4745 se
2449 4700 2794 4756 transmutat;
2839 4695 2908 4747 ita
2937 4705 2990 4749 et
3021 4695 3138 4762 hic,
3178 4696 3225 4750 si
3253 4697 3550 4768 impunitus
3578 4701 3771 4750 maneat
3797 4699 3836 4742 et

2276 4779 2502 4834 multum
2531 4781 2599 4836 sit
2629 4793 2930 4852 peccatum,
2963 4796 3190 4841 cmteros
3215 4799 3550 4860 corrumpet.
3581 4789 3632 4843 7.
3665 4786 3841 4854 Expur-

2275 4881 2388 4943 gate
2411 4883 2549 4927 vetus
2579 4877 2896 4946 fermentum.
2944 4877 2998 4932 ld
3044 4887 3144 4944 est,
3189 4879 3332 4936 hunc
3377 4880 3707 4951 improbum;
3750 4875 3839 4929 imo

2275 4965 2454 5034 potius
2480 4981 2586 5020 non
2618 4965 2686 5022 de
2715 4968 2816 5023 hoc
2847 4977 3049 5023 tantum
3078 4970 3342 5040 loquitur,
3377 4973 3475 5028 sed
3499 4983 3550 5026 et
3575 4970 3705 5026 alios
3730 4965 3841 5020 sub-

2275 5057 2493 5114 indicat.
2522 5059 2634 5115 Non
2657 5061 2798 5115 enim
2829 5060 3110 5117 fornicatio
3142 5071 3345 5118 tantum
3366 5076 3522 5119 Vcltts
3550 5063 3838 5118 fermentum

2275 5161 2378 5218 est,
2408 5153 2501 5208 sed
2539 5163 2594 5209 et
2626 5155 2802 5209 omnis
2846 5155 3100 5225 nequitia.
3145 5155 3254 5212 Nec
3292 5157 3450 5222 dixit,
3494 5157 3732 5226 Purgato,
3762 5145 3840 5205 sed

2277 5245 2606 5316 Expurgate;
2634 5261 2754 5301 cum
2778 5247 3116 5304 accuratione
3141 5259 3381 5320 purgate,
3398 5260 3455 5303 ut
3479 5264 3576 5303 nec
3599 5245 3840 5301 residuum

2275 5355 2376 5395 nec
2417 5340 2602 5394 mnbra
2644 5341 2767 5396 talis
2806 5341 2882 5395 rei
2923 5351 3154 5396 maneat.
3181 5342 3314 5397 Cum
3338 5343 3637 5411 dicitcrgo,
3665 5336 3840 5405 Expur-

2274 5441 2388 5503 gate
2407 5473 2423 5496 ,
2455 5432 2691 5486 ostendit
2725 5431 2901 5487 adhuc
2929 5436 3218 5504 nequitiam
3246 5433 3388 5502 apud
3421 5434 3544 5488 illos
3571 5445 3714 5491 esse;
3739 5437 3842 5478 ευιη

2275 5533 2454 5580 autem
2479 5523 2625 5588 dicit,
2655 5524 2722 5577 Ut
2747 5526 2858 5579 sitis
2887 5542 3013 5578 nova
3037 5527 3349 5598 conspersio,
3374 5527 3506 5580 sicut
3526 5525 3641 5578 estis
3667 5517 3846 5592 asymi.’

2280 5617 2512 5674 declarat
2550 5628 2605 5674 et
2646 5618 2878 5684 indicat,
2913 5636 3019 5674 non
3048 5621 3118 5676 ita
3148 5621 3332 5676 multis
3360 5620 3548 5674 vitium
3581 5610 3840 5671 dominari.

2272 5711 2326 5766 Si
2369 5727 2498 5768 vero
2544 5711 2706 5776 dicat,
2760 5713 2908 5767 Sicut
2955 5718 3074 5769 estis
3113 5716 3314 5786 azymi;
3365 5731 3473 5769 non
3521 5715 3588 5768 ita
3637 5707 3845 5778 loquitur

2273 5805 2424 5875 quasi
2452 5820 2640 5859 omnes
2667 5807 2780 5874 puri
2813 5817 3015 5869 essent,
3050 5807 3143 5863 sed
3183 5816 3240 5861 ut
3282 5806 3444 5862 decet
3478 5823 3572 5860 vos
3599 5819 3731 5859 esse.
3764 5797 3840 5849 Et-

2276 5897 2404 5950 enim
2437 5897 2622 5966 pascha
2653 5908 2877 5953 nostrum
2908 5918 2999 5968 pro
3027 5899 3168 5956 nobis
3194 5900 3487 5954 immolatus
3516 5909 3585 5954 cst
3614 5892 3837 5952 Christus.
