3992 6458
328 411 425 467 V25

319 528 365 583 8.
394 525 574 597 itaque
601 530 788 597 festum
815 524 1110 582 celebremus
1131 567 1147 592 ,
1188 538 1289 578 non
1329 522 1391 576 in.
1421 524 1665 590 fermento
1701 517 1852 574 veteri
1872 555 1889 583 ,

317 634 466 686 neque
504 617 561 671 in
606 621 856 688 fermento
898 616 1105 669 malitia:
1130 623 1177 668 et
1205 613 1475 684 nequitia,
1513 614 1600 666 sed
1624 608 1677 665 in
1703 608 1896 679 azymis

316 708 610 763 sinceritatis
647 718 696 762 et
734 707 972 762 veritatis.
1019 705 1110 761 Sic
1150 704 1395 760 Christus
1442 702 1763 758 fermentum
1802 699 1899 755 do-

319 803 537 859 ctrinam
563 801 788 856 vocavit.
821 800 936 866 Ipse
962 807 1139 853 autem
1164 797 1217 852 in
1239 794 1551 866 metaphora
1577 803 1778 860 manet,
1806 809 1897 848 ve.

320 907 483 950 tcrem
513 894 789 948 historiam
821 892 946 961 ipsis
969 891 1021 946 in
1049 890 1362 946 memoriam
1386 902 1664 952 revocans,
1688 899 1895 941 necnon

317 988 510 1060 pascha
537 995 592 1042 et
616 1000 802 1060 azyma
834 994 888 1038 et
913 982 1191 1047 beneﬁcia,
1217 996 1338 1053 quae
1368 988 1491 1035 tunc
1515 987 1570 1034 et
1603 993 1721 1050 qua)
1754 992 1896 1033 nunc

316 1081 508 1137 collata
533 1088 675 1144 sunt,
705 1088 760 1134 et
784 1076 1038 1147 supplicia
1068 1088 1358 1147 poenasque
1390 1073 1668 1144 irrogatas.

386 1172 691 1230 Christianis
720 1186 866 1225 omne
894 1180 1086 1240 tempus
1116 1168 1224 1223 dies
1247 1172 1406 1239 festus
1424 1175 1604 1221 est.——
1624 1166 1719 1220 Est
1755 1179 1885 1236 ergo

317 1264 422 1321 diei
460 1263 580 1319 festi
624 1276 859 1333 prtrsens
896 1270 1126 1330 tempus.
1174 1258 1305 1314 Cum
1339 1257 1482 1313 enim
1505 1257 1660 1324 dixit,
1695 1254 1899 1310 Festum

325 1356 661 1422 celebremus;
690 1370 798 1410 non
822 1353 963 1425 quod
993 1353 1228 1417 Pascha,
1255 1368 1365 1407 non
1411 1351 1554 1423 quod
1586 1352 1901 1407 Pentecoste

317 1448 554 1513 adesset,
597 1447 698 1501 hoc
744 1445 977 1511 dicebat,
1015 1444 1110 1501 sed
1161 1445 1452 1500 oetendens
1500 1453 1713 1513 tempus
1739 1457 1901 1498 omne

317 1539 423 1594 diei
449 1539 567 1594 festi
597 1546 805 1606 tempus
826 1551 949 1593 esse
980 1534 1328 1600 Christianis,
1353 1534 1425 1590 ob
1455 1534 1757 1590 ubertatem
1785 1533 1899 1588 col-

318 1631 553 1683 latorum
582 1628 867 1683 bonorum.
899 1627 1031 1682 Nam
1075 1627 1218 1697 quod
1264 1626 1464 1682 bonum
1506 1641 1613 1680 non
1643 1625 1901 1682 exstitit?

318 1720 488 1775 Filius
524 1720 616 1775 Dei
659 1718 823 1774 homo
868 1719 1041 1775 factus
1081 1729 1163 1774 est
1195 1728 1416 1789 propter
1448 1727 1540 1783 te;
1586 1727 1636 1774 te
1666 1734 1696 1772 a
1729 1726 1902 1774 morte

317 1814 592 1882 liberavit,
620 1814 687 1869 ad
715 1829 936 1884 regnum
968 1813 1198 1870 vocavit.
1240 1812 1317 1867 Tu
1349 1827 1478 1884 ergo
1499 1812 1586 1883 qui
1621 1812 1746 1866 talia
1772 1826 1903 1867 con-

316 1920 579 1981 sequutus
605 1923 663 1964 es
681 1918 736 1964 et
760 1907 1131 1980 consequeris,
1158 1906 1428 1977 quomodo
1457 1922 1562 1960 non
1594 1904 1792 1961 debeas
1810 1920 1905 1975 per

320 2013 497 2058 tatam
538 2001 701 2056 vitam
728 1998 924 2055 festum
952 1999 1153 2070 agere?
1199 1997 1367 2053 Nemo
1414 1998 1597 2068 itaque
1636 1997 1707 2050 sit
1738 1994 1905 2052 tristis

317 2104 546 2167 propter
597 2105 968 2167 paupertatem
1009 2095 1096 2150 vel
1124 2094 1371 2150 morbum
1409 2092 1495 2148 vel
1526 2092 1905 2148 insidiaszno-

314 2200 491 2243 strum
519 2189 664 2244 enim
721 2196 933 2258 tempus
978 2195 1145 2242 totum
1188 2195 1274 2243 est
1309 2184 1634 2240 festivitatis.
1681 2182 1808 2239 Ideo
1834 2183 1909 2238 ait

315 2281 521 2337 Paulus
547 2298 561 2335 :
592 2278 820 2335 Gaudete
856 2282 909 2334 in
934 2278 1157 2333 Domino
1182 2318 1198 2344 ,
1240 2276 1501 2349 gaudete;
1537 2279 1722 2331 iterum
1747 2275 1862 2328 dico
1886 2315 1904 2343 ,

313 2375 537 2443 gaudete
559 2371 820 2443 (Philipp.
852 2372 905 2426 4.
933 2370 1095 2442 4).1η
1126 2369 1279 2425 festis
1312 2382 1470 2423 nemo
1497 2366 1728 2421 sordidis
1749 2365 1907 2420 indu-

318 2474 411 2520 tus
431 2472 522 2520 est
548 2463 808 2531 vestibus,
841 2477 1018 2533 neque
1062 2476 1161 2517 nos
1190 2461 1352 2517 etiam
1388 2479 1401 2515 :
1430 2458 1630 2529 nuptia:
1656 2457 1799 2514 enim
1830 2457 1908 2512 fa-

317 2565 424 2611 cta:
449 2565 600 2622 sunt,
626 2556 824 2626 nuptis:
857 2554 1184 2626 spirituales.
1218 2551 1575 2618 Simileenim,
1600 2550 1791 2621 inquit,
1824 2552 1909 2621 [a-

316 2660 459 2702 ctum
501 2657 573 2702 est
601 2664 812 2718 regnum
856 2645 1097 2701 caelorum
1124 2645 1316 2700 homini
1344 2646 1449 2716 regi
1471 2683 1484 2707 ,
1512 2643 1595 2715 qui
1626 2640 1783 2696 voluit
1810 2657 1908 2694 nuo

316 2741 456 2813 ptias
485 2744 659 2811 facere
688 2740 797 2809 ﬁlio
815 2756 905 2794 suo
934 2737 1147 2811 (Matth.
1170 2737 1259 2791 ‘22.
1291 2737 1368 2808 2).
1396 2735 1498 2792 Ubi
1527 2751 1652 2790 vero
1684 2749 1776 2789 rex
1810 2748 1911 2786 nu-

316 2834 464 2902 ptias
496 2832 624 2887 facit
652 2839 706 2887 et
734 2832 947 2902 nuptias
960 2830 1069 2886 filio
1092 2845 1214 2896 suo,
1233 2827 1360 2899 quid
1383 2827 1553 2898 majus
1582 2825 1745 2881 fuerit
1771 2825 1910 2879 festo

320 2925 465 2983 illo?
494 2924 669 2981 Nemo
692 2925 875 2997 itaque
916 2924 1108 2997 pannis
1154 2923 1347 2979 laceris
1391 2921 1607 2977 indutus
1656 2921 1907 2976 introeat.

322 3017 442 3074 Non
472 3017 544 3074 de
569 3016 905 3074 vestimentis
930 3017 1088 3072 nobis
1117 3030 1297 3071 sermo
1325 3023 1407 3069 est
1430 3056 1444 3079 ,
1474 3013 1567 3069 sed
1604 3013 1670 3069 de
1705 3012 1916 3068 actibus

325 3110 584 3180 impuris.
608 3109 664 3165 Si
692 3111 835 3164 enim
862 3123 982 3164 cum
1000 3123 1188 3164 omnes
1213 3106 1510 3179 splendidis
1538 3105 1919 3160 indulitessent

328 3202 599 3269 restibus,
628 3216 765 3256 unus
791 3202 939 3257 solus
968 3202 1019 3256 in
1051 3199 1248 3270 nuptiis
1280 3210 1548 3270 repertus,
1581 3198 1770 3254 laceris
1788 3212 1922 3268 pan-

329 3298 417 3353 nis
476 3297 724 3364 vestitus,
781 3297 1024 3368 abjectus
1075 3297 1174 3353 fuit
1219 3312 1339 3353 cum
1370 3297 1691 3368 ignominia;
1744 3295 1918 3365 cogita

332 3396 589 3459 quantam
620 3388 860 3460 requirat
880 3388 1271 3445 observantiam
1301 3398 1356 3445 et
1381 3390 1667 3460 puritatem
1700 3388 1914 3458 ingres-

336 3493 427 3535 sus
448 3480 504 3534 in
525 3480 738 3550 nuptias
755 3479 895 3537 illas.
914 3479 1030 3534 Non
1049 3480 1170 3536 ideo
1189 3489 1366 3535 autem
1387 3488 1588 3534 tantum
1613 3478 1717 3534 illis
1737 3490 1923 3549 azyma

336 3580 760 3637 commemorat;
782 3572 878 3627 sed
899 3572 1191 3628 ostendens
1214 3572 1423 3627 Veteris
1441 3569 1777 3626 Testamenti
1800 3585 1922 3624 cum

338 3661 488 3719 Novo
514 3663 915 3734 cognationem,
943 3664 1434 3734 demonstransque
1477 3677 1584 3716 non
1609 3661 1772 3717 licere
1808 3668 1928 3732 post

340 3773 531 3830 azyma
580 3758 634 3811 in
663 3755 950 3829 [Egyptum
994 3757 1231 3829 ingredi;
1262 3756 1356 3812 sed
1384 3756 1427 3811 si
1457 3756 1578 3827 quis
1599 3755 1796 3810 reverti
1833 3769 1928 3810 vo-

344 3851 528 3915 luerit,
551 3850 740 3905 eadem
768 3865 1050 3921 passurum
1082 3865 1202 3905 esse
1230 3865 1351 3921 qua:
1380 3848 1458 3902 illi
1483 3868 1496 3904 :
1525 3847 1613 3901 illa
1645 3846 1787 3902 enim
1813 3861 1929 3899 um-

344 3941 438 3995 bra
463 3942 657 3996 horum
687 3950 838 3995 erant
856 3980 873 4006 ,
900 3941 1105 3995 etiamsi
1133 3940 1413 4010 impudens
1441 3939 1512 3994 sit
1531 3936 1768 3993 Iuda-us.
1790 3937 1933 4002 Qua-

346 4043 571 4104 propter
598 4031 647 4086 si
691 4033 1103 4105 interrogaveris
1129 4048 1275 4099 eum,
1307 4030 1440 4086 nihil
1468 4044 1719 4100 magnum
1749 4027 1930 4094 dicet;

344 4123 456 4180 imo
494 4139 745 4195 magnum
794 4123 1064 4194 quidpiam
1111 4122 1273 4187 dicet,
1327 4121 1422 4177 sed
1453 4120 1585 4176 nihil
1618 4119 1745 4184 tale,
1777 4118 1936 4189 quale

347 4233 485 4283 nos,
516 4217 641 4288 quia
670 4220 948 4271 veritatem
974 4231 1082 4271 non
1131 4215 1299 4273 novit.
1343 4214 1437 4271 llle
1487 4227 1717 4284 namque
1766 4212 1931 4280 dicet,

348 4312 490 4384 quod
519 4327 580 4367 se
599 4311 901 4368 detinentes
925 4310 1206 4383 Egyptios
1229 4310 1300 4363 ita
1321 4309 1547 4365 mutavit
1578 4308 1743 4374 Deus,
1759 4316 1819 4361 ut
1836 4306 1935 4378 ipsi

350 4420 451 4461 nos
479 4403 854 4476 depellerent,
886 4418 1020 4475 quos
1047 4411 1203 4457 antea
1227 4402 1279 4456 vi
1306 4401 1638 4466 detinebant,
1684 4415 1785 4455 nec
1816 4415 1938 4470 per-

350 4499 615 4555 miseram
636 4512 735 4553 nos
752 4511 984 4552 massam
1010 4494 1353 4552 fermentare.
1382 4493 1486 4550 Sed
1511 4492 1557 4548 si
1588 4493 1706 4564 quis
1727 4508 1812 4548 me
1853 4493 1939 4547 in-

353 4598 615 4660 terroget,
644 4604 749 4644 non
776 4588 1067 4660 Egyptum
1096 4586 1300 4653 audiet,
1323 4602 1426 4641 non
1452 4584 1810 4650 Pharaonem,
1844 4583 1940 4638 sed

354 4682 663 4739 libertatem
702 4682 769 4737 ab
815 4696 1002 4737 errore
1035 4681 1340 4735 daemonum
1378 4688 1434 4734 et
1483 4693 1515 4733 a
1561 4676 1797 4733 tenebris
1838 4676 1946 4731 dia-

354 4774 465 4830 boli
492 4792 510 4839 ;
553 4789 660 4829 non
683 4773 942 4845 Moysem,
968 4772 1064 4829 sed
1096 4771 1191 4827 Dei
1217 4771 1412 4843 Filium
1438 4787 1454 4837 ;
1485 4788 1591 4826 non
1639 4786 1788 4827 mare
1829 4770 1944 4825 Ru-

356 4866 515 4923 brum
542 4907 559 4933 ,
588 4865 684 4922 sed
732 4865 996 4934 baptisma
1047 4864 1344 4919 innumeris
1389 4863 1607 4933 plemnn
1639 4864 1815 4928 bonis,
1854 4863 1946 4919 ubi

360 4969 516 5013 vetus
542 4956 706 5013 homo
726 4955 1020 5012 suffocatus
1045 4964 1152 5011 est.
1184 4955 1391 5011 Rursus
1422 4955 1467 5010 si
1501 4955 1747 5010 Judteum
1778 4956 1948 5011 inter—

366 5063 547 5120 roges,
577 5063 673 5103 cur
700 5064 765 5104 ex
810 5048 1065 5103 omnibus
1118 5046 1315 5102 finibus
1369 5046 1697 5103 fermentum
1730 5047 1946 5118 ejiciat;

366 5141 451 5197 hic
478 5153 538 5197 et
564 5141 742 5196 silebit
775 5149 831 5196 et
872 5154 1089 5196 causam
1143 5155 1248 5195 non
1279 5139 1443 5194 dicet.
1487 5139 1623 5207 Quia
1649 5140 1794 5196 enim
1847 5141 1949 5194 alia

362 5234 583 5306 quidem
625 5244 780 5289 erant
807 5234 988 5304 figura:
1018 5233 1339 5299 futurorum,
1381 5243 1438 5288 et
1466 5248 1657 5288 causas
1682 5233 1953 5289 habebant

362 5339 556 5379 eorum
584 5339 705 5394 qua:
746 5323 915 5389 ﬁunt;
943 5324 1045 5378 alia
1089 5338 1218 5379 vero
1246 5339 1353 5378 non
1385 5323 1542 5389 item,
1568 5334 1626 5379 ut
1646 5340 1754 5380 non
1786 5326 1947 5380 liceat

364 5417 570 5473 Judazis
603 5417 834 5487 maligne
859 5431 1038 5486 agerc,
1073 5426 1131 5472 ut
1158 5431 1224 5472 ne
1250 5417 1323 5471 illi
1353 5427 1705 5487 permaneant
1732 5417 1787 5472 in
1834 5433 1953 5472 um-

361 5510 483 5565 bra.
536 5507 846 5578 Quidcuim
871 5550 888 5576 ,
923 5524 1106 5580 quaeso
1129 5552 1144 5577 ,
1175 5509 1275 5565 sibi
1308 5510 1440 5576 vult,
1494 5508 1809 5575 Musonium,
1845 5510 1956 5565 sine

359 5603 589 5668 macula,
644 5602 795 5657 unius
827 5602 950 5657 anui
974 5644 990 5669 ,
1038 5611 1091 5657 et
1146 5603 1297 5669 illud,
1357 5602 1428 5656 0s
1458 5619 1559 5655 non
1589 5601 1955 5656 comminuetur

361 5694 559 5763 (Exod.
583 5693 672 5751 12.
704 5696 759 5752 5.
793 5696 925 5765 46)ἳ
944 5696 1069 5766 quid
1101 5695 1201 5749 sibi
1225 5696 1338 5750 vult
1369 5695 1574 5751 vicinos
1598 5694 1835 5751 vocare?
1865 5703 1957 5748 aut

359 5787 512 5857 illud,
535 5798 749 5854 stantes,
780 5797 875 5841 aut
904 5788 955 5839 in
986 5801 1204 5857 vespera
1233 5787 1558 5845 comedere?
1587 5787 1955 5857 autsanguine

357 5883 567 5940 munire
620 5878 895 5939 domum?
946 5876 1083 5934 Nihil
1131 5877 1273 5934 aliud
1321 5878 1463 5937 dicet
1491 5878 1601 5946 ille,
1659 5896 1817 5952 quam
1860 5897 1950 5937 sus

1363 407 1432 466 lN
1467 405 1680 464 EPIST.
1721 402 1742 459 l
1806 401 1899 459 AD
1936 399 2090 459 COR.
2132 400 2362 457 llOMlL.
2405 399 2522 457 ΧΥ.

3486 415 3594 474 ηδ

2006 518 2179 588 deque
2209 516 2497 591 Aigyptum
2527 538 2541 575 :
2572 532 2671 591 ego
2697 534 2823 575 vero
2867 522 3043 580 dicant
3096 534 3151 581 et
3196 526 3322 598 quid
3373 532 3597 602 sanguis

2002 614 2289 687 significet,
2318 612 2446 683 quid
2473 628 2717 685 vespera,
2748 619 2876 687 quid
2904 633 3091 677 omnes
3118 625 3405 682 comedere
3430 628 3593 684 simul

2003 722 2302 778 omnesque
2329 715 2554 762 stantes.

2052 806 2127 885 ~al.
2175 804 2333 859 Prius
2380 813 2561 860 autem
2612 805 2851 863 dicamus
2902 825 2998 867 cur
3023 829 3089 870 ex
3116 817 3366 873 omnibus
3395 816 3590 874 ﬁnibus

2002 894 2247 963 ejiciatur
2286 894 2631 952 fermentum.
2663 899 2945 965 Quodnam
3000 920 3129 976 ergo
3179 919 3264 963 est
3314 909 3540 979 amigma
3567 911 3593 962 ΐ

2003 986 2159 1042 Omni
2189 988 2424 1058 nequitia
2467 988 2694 1044 liberum
2722 1002 2777 1046 et
2803 995 3041 1051 solutum
3071 1009 3287 1068 oportet
3307 1018 3430 1057 esse
3457 1002 3589 1057 ﬁde-

2004 1078 2131 1133 lem.
2161 1078 2311 1136 Sicut
2336 1081 2478 1136 enim
2507 1081 2597 1137 ille
2625 1084 2784 1152 perit,
2811 1087 2951 1153 apud
2980 1105 3137 1158 quem
3166 1090 3440 1150 inventum
3471 1095 3591 1150 fue-

2004 1170 2076 1225 rit
2104 1181 2257 1226 vetus
2273 1171 2591 1228 fermentum
2621 1192 2634 1228 :
2657 1176 2735 1231 sic
2762 1187 2817 1230 et
2837 1181 2977 1245 apud
3010 1197 3107 1236 nos
3138 1184 3224 1237 ubi
3247 1186 3458 1240 inventa
3486 1179 3592 1243 fue-

2003 1261 2078 1317 rit
2104 1264 2361 1333 nequitia.
2392 1263 2506 1320 Non
2530 1266 2673 1322 enim
2705 1268 2757 1322 in
2788 1270 2974 1326 umbra
3004 1280 3147 1327 tanta
3165 1273 3322 1331 fuerit
3353 1278 3591 1347 punitio;

2004 1355 2144 1426 apud
2175 1371 2271 1410 nos
2295 1366 2474 1413 autem
2505 1374 2610 1414 non
2641 1363 2808 1418 multo
2835 1364 3027 1435 major.
3056 1365 3188 1421 Nam
3217 1370 3259 1423 si
3287 1370 3476 1427 domos
3513 1376 3593 1428 sic

2006 1456 2308 1517 expurgant
2337 1463 2367 1504 a
2423 1449 2712 1521 fermento,
2745 1457 2892 1513 etde
2940 1462 3172 1517 murium
3229 1464 3582 1523 foraminibus

2008 1545 2135 1591 sunt
2159 1538 2394 1604 solliciti,
2441 1543 2610 1598 multo
2643 1548 2810 1616 magis
2838 1564 2938 1604 nos
2981 1552 3216 1608 animam
3264 1562 3590 1625 perscrutari

2007 1637 2256 1697 oportet,
2285 1638 2341 1684 ut
2369 1647 2583 1689 omnem
2603 1635 2864 1705 impuram
2894 1641 3172 1710 ejiciamus
3192 1648 3591 1717 cogitationem.

2007 1719 2204 1776 Verum
2234 1722 2337 1778 hoc
2361 1726 2501 1796 apud
2526 1727 2646 1784 illos
2674 1746 2845 1800 nuper
2871 1731 3067 1791 factum
3091 1749 3210 1804 est;
3243 1755 3387 1799 nunc
3414 1754 3590 1801 autem

2011 1829 2116 1867 non
2148 1816 2380 1884 amplius
2415 1835 2426 1870 :
2459 1819 2659 1889 ubique
2699 1824 2841 1878 enim
2886 1823 3207 1884 fermentum
3252 1836 3353 1897 est,
3387 1835 3477 1890 ubi
3505 1848 3588 1892 est

2009 1903 2245 1961 Judaeus.
2294 1908 2349 1962 In
2380 1909 2574 1966 mediis
2599 1913 2742 1967 enim
2774 1915 3081 1972 civitatibus
3121 1920 3253 1977 fiunt
3279 1938 3464 1996 azyma
3497 1945 3511 1981 :
3543 1928 3595 1983 id

2009 1996 2152 2067 quod
2171 1998 2281 2067 jam
2313 2002 2480 2073 magis
2510 2002 2711 2059 ludicra
2738 2021 2827 2061 res
2854 2017 2953 2074 est,
2989 2026 3148 2080 quam
3171 2013 3276 2069 lex.
3297 2017 3428 2084 Quia
3451 2021 3594 2076 enim

2016 2091 2158 2181 venit
2184 2091 2400 2160 veritas,
2426 2108 2530 2149 non
2554 2096 2693 2151 ultra
2722 2098 2898 2154 locum
2926 2101 3125 2159 habent
3152 2107 3281 2177 typi.
3308 2106 3487 2180 Itaque
3503 2128 3600 2181 per

2012 2178 2115 2236 hoc
2142 2197 2358 2254 quoque
2387 2188 2691 2257 exemplum
2743 2191 2975 2248 maxime
3023 2194 3170 2263 ejieit
3225 2212 3292 2252 ex
3347 2178 3599 2257 Ecclesia

2014 2275 2419 2334 fornicatorem.
2486 2280 2603 2336 Non
2652 2283 2825 2337 solum
2882 2285 3025 2340 enim
3053 2327 3069 2353 ,
3113 2290 3307 2359 inquit,
3352 2307 3592 2361 praesens

2016 2366 2148 2421 nihil
2182 2368 2441 2438 prodest,
2485 2371 2582 2427 sed
2629 2372 2790 2427 etiam
2838 2384 3037 2444 nocet,
3075 2393 3358 2438 commune
3406 2399 3604 2455 corpus

2015 2456 2212 2514 deinde
2262 2475 2635 2531 corrumpens.
2681 2464 2857 2520 Nescit
2885 2468 3028 2521 enim
3066 2470 3241 2539 quivis
3265 2474 3409 2528 unde
3441 2474 3602 2532 fmtor

2016 2551 2240 2617 oriatur,
2265 2553 2311 2607 si
2339 2555 2607 2610 occultum
2630 2557 2700 2610 sit
2723 2556 2775 2612 id
2793 2559 2933 2629 quod
2956 2572 3039 2616 est
3062 2564 3354 2632 putridum,
3383 2568 3476 2622 sed
3504 2571 3602 2624 toti

2017 2645 2179 2699 cmtui
2206 2645 2356 2700 illum
2390 2646 2637 2716 imputat.
2675 2647 2802 2704 ldeo
2827 2650 2947 2706 illos
2976 2652 3128 2708 valde
3158 2668 3309 2726 urget
3333 2666 3602 2730 utexpur-

2017 2744 2144 2806 gent
2188 2735 2513 2793 fermentum
2539 2756 2552 2793 :
2582 2738 2649 2794 Ut
2696 2740 2807 2794 sitis
2829 2782 2844 2808 ,
2880 2742 3071 2813 inquit,
3101 2761 3233 2800 nova
3268 2753 3560 2818 t-onspersio
3584 2795 3600 2815 ,

2018 2826 2151 2880 sicut
2191 2827 2310 2881 estis
2362 2828 2531 2900 azymi
2557 2846 2577 2883 :
2605 2831 2788 2885 etenim
2819 2829 3023 2886 Pascha
3049 2844 3278 2891 nostrum
3311 2838 3604 2896 immolatus

2023 2936 2114 2989 pro
2144 2919 2287 2975 nobis
2333 2930 2405 2975 est
2436 2921 2687 2976 Christus.
2721 2923 2837 2979 Non
2881 2924 3053 2992 dixit,
3087 2927 3329 2985 Mortuus
3348 2940 3472 2998 est;
3508 2935 3602 2990 sed

2022 3013 2298 3083 proposito
2342 3015 2781 3082 convenientius,
2838 3015 3143 3074 Immolatus
3162 3030 3256 3079 est.
3304 3021 3380 3077 Ne
3426 3040 3609 3094 quaere

2022 3104 2187 3175 igitur
2215 3121 2403 3177 azyma
2450 3106 2756 3176 hujusmodi
2786 3151 2802 3175 ,
2835 3112 2958 3180 quia
2989 3127 3164 3183 neque
3214 3128 3406 3184 agnum
3437 3117 3607 3173 habes

2026 3195 2183 3251 talem
2208 3213 2224 3251 :
2248 3212 2316 3253 ne
2340 3212 2549 3268 quaeras
2572 3198 2887 3255 fermentum
2913 3202 3035 3265 tale,
3056 3205 3178 3274 quia
3196 3220 3382 3278 azyma
3405 3216 3490 3263 tua
3505 3226 3610 3266 non

2028 3288 2151 3342 talia
2203 3298 2345 3344 sunt.
2391 3289 2446 3343 In
2494 3291 2736 3347 sensibili
2789 3292 3006 3363 quidem
3044 3295 3309 3353 fermento
3361 3315 3610 3372 azytnum

2029 3377 2145 3435 ﬁeri
2181 3390 2357 3452 potest
2388 3381 2810 3451 fermentatum;
2855 3385 3233 3444 fermentatum
3288 3407 3418 3448 vero
3460 3410 3615 3449 nutu-

2028 3489 2186 3545 quam
2213 3476 2383 3545 possit
2412 3475 2525 3532 fieri
2548 3492 2795 3549 azymum
2829 3496 2844 3532 :
2874 3479 2961 3535 hic
2981 3492 3158 3538 autem
3182 3485 3512 3541 contrarium
3538 3503 3619 3544 re-

2032 3568 2272 3638 peritur;
2304 3568 2400 3625 sed
2431 3578 2610 3625 tamen
2641 3570 2745 3626 hoc
2774 3587 2879 3627 non
2913 3571 3186 3630 indicavit.

2104 3659 2262 3716 Pauli
2283 3662 2570 3732 prudentia.
2605 3694 2663 3704 -—
2703 3664 2773 3719 Et
2800 3665 2921 3721 vide
2943 3667 3282 3735 prudentiam
3310 3688 3323 3723 :
3356 3671 3409 3726 iu
3444 3673 3625 3742 priore

2034 3753 2261 3823 epistola
2297 3770 2447 3826 spem
2501 3756 2830 3812 reversionis
2878 3773 2984 3813 non
3015 3758 3108 3813 dat
3155 3759 3497 3831 fornicatori;
3525 3766 3622 3821 sed

2004 3844 2007 3845 ⁷
2035 3846 2199 3900 vitam
2231 3855 2396 3901 totam
2430 3848 2599 3917 ipsius
2626 3848 2678 3902 in
2707 3848 3018 3917 poenitentia
3043 3851 3196 3918 jubet
3222 3867 3372 3915 esse,
3402 3869 3470 3911 ne
3495 3871 3623 3925 pro-

2037 3935 2292 3992 missione
2343 3937 2496 3991 illum
2559 3939 2862 4008 segniorem
2912 3940 3183 3996 redderet.
3234 3942 3415 4013 Neque
3478 3948 3620 4001 enim

2038 4028 2194 4095 dixit,
2244 4028 2465 4085 Tradite
2514 4030 2663 4084 illum
2719 4041 2957 4099 satanae,
2992 4044 3195 4088 nteum
3246 4038 3618 4106 paenitentiam

2041 4121 2230 4191 egerit,
2262 4137 2449 4176 rursus
2478 4121 2734 4177 Ecclesiae
2765 4124 3044 4190 tradatur;
3072 4126 3167 4180 sed
3202 4127 3375 4197 quid?
3409 4130 3477 4186 Ut
3521 4132 3626 4187 sal-

2040 4230 2131 4269 vus
2159 4214 2223 4269 sit
2254 4214 2305 4267 in
2338 4213 2527 4269 ultimo
2579 4212 2699 4291 die.
2730 4214 2888 4270 Mittit
2917 4217 3088 4287 ipsum
3120 4219 3173 4274 in
3229 4230 3441 4293 tempus
3472 4225 3623 4288 illud.

2044 4312 2103 4359 nt
2150 4304 2444 4360 sollicitum
2471 4304 2723 4361 redderet
2758 4317 2851 4363 :et
2880 4308 3023 4378 quod
3078 4321 3199 4380 post
3259 4315 3631 4381 paenitentiam

2046 4392 2336 4467 largiturus
2358 4397 2454 4466 ipsi
2479 4405 2615 4462 erat,
2645 4413 2754 4453 non
2782 4401 2975 4469 aperit,
3011 4401 3296 4459 Dominum
3318 4423 3473 4462 suum
3500 4408 3624 4463 imi-

2049 4496 2188 4543 tans.
2242 4488 2704 4557 Quemadmodum
2737 4492 2879 4545 enim
2913 4494 3054 4548 Deus
3097 4494 3229 4550 dicit
3257 4536 3273 4561 ,
3323 4496 3503 4553 Adhuc
3532 4508 3633 4555 tres

2048 4578 2174 4643 dies,
2219 4587 2267 4633 et
2318 4577 2508 4633 Ninive
2551 4579 2863 4635 subvertetur
2902 4581 3114 4653 (Jonas
3169 4587 3221 4640 5.
3276 4589 3309 4641 4
3341 4587 3401 4656 );
3456 4607 3633 4663 neque

2049 4671 2274 4737 addidit,
2306 4672 2361 4727 Si
2415 4681 2592 4728 autem
2651 4677 3017 4744 pmnitcntiam
3064 4680 3252 4746 egerit,
3285 4682 3629 4739 servabitur:

2050 4766 2130 4822 sic
2156 4777 2211 4822 et
2240 4767 2339 4821 iste
2369 4781 2476 4821 non
2502 4766 2657 4833 dixit,
2711 4766 2767 4822 Si
2816 4768 2976 4838 digne
3025 4771 3392 4839 pmnitentiam
3443 4777 3635 4845 egerit,

2052 4858 2491 4915 confirmabimus
2549 4859 2601 4912 in
2648 4858 2794 4913 illum
2852 4861 3162 4927 caritati-tn;
3220 4863 3315 4918 sed
3363 4878 3639 4935 exspectat

2056 4963 2114 5007 ut
2143 4952 2256 5020 ipse
2292 4964 2426 5020 opus
2476 4950 2607 5005 illud
2647 4948 2829 5016 faciat,
2867 4960 2924 5005 ιιι
2957 4961 3081 5006 tunc
3129 4955 3355 5022 gratiam
3382 4958 3631 5027 accipiat.

2053 5045 2187 5101 Nam
2237 5045 2282 5100 si
2337 5043 2406 5100 ab
2446 5043 2599 5099 initio
2639 5043 2742 5099 hoc
2794 5043 3050 5109 dixisset,
3091 5044 3230 5102 forte
3270 5060 3470 5104 metum
3520 5051 3638 5117 ejus

2057 5138 2308 5193 solvisset
2347 5154 2360 5189 :
2391 5145 2721 5206 quapropter
2747 5151 2851 5191 non
2884 5137 3045 5191 modo
3076 5155 3181 5192 non
3232 5139 3335 5195 hoc
3366 5139 3514 5208 facit,
3542 5142 3639 5197 sed

2060 5244 2156 5300 per
2181 5228 2486 5298 exemplum
2514 5228 2763 5283 fermenti
2795 5244 2862 5283 ne
2888 5229 3018 5284 sinit
3047 5232 3261 5300 quidem
3291 5232 3462 5302 ipsum
3495 5236 3642 5289 redi-

2064 5333 2174 5377 tum
2206 5337 2444 5392 sperare,
2475 5322 2569 5377 sed
2597 5339 2717 5377 eum
2741 5322 2804 5377 ad
2831 5322 2971 5377 diem
2996 5323 3143 5379 illum
3172 5336 3413 5380 reservat
3436 5327 3644 5393 dicens,

2061 5414 2359 5484 Empurgale
2383 5424 2521 5468 vetus
2552 5417 2856 5485 fermentum
2881 5430 2900 5477 ;
2921 5422 2996 5481 et,
3032 5412 3117 5469 Ne
3142 5420 3325 5487 festum
3348 5418 3651 5473 celebremus

2062 5509 2116 5562 in
2175 5511 2422 5579 fetvttenlo
2462 5507 2635 5560 veteri.
2689 5506 2977 5575 Postquam
3025 5516 3207 5563 autem
3278 5509 3647 5577 ptenitentiam

2062 5601 2191 5668 egit,
2238 5615 2359 5655 cum
2401 5598 2549 5654 omni
2581 5597 2758 5653 studio
2800 5599 2949 5653 illum
2980 5599 3293 5655 introduxit.
3332 5599 3439 5655 Cur
3463 5610 3644 5654 autem

2067 5698 2218 5746 vetus
2264 5692 2461 5747 vocat?
2495 5690 2590 5746 Vel
2619 5690 2743 5761 quia
2790 5699 2941 5745 vetus
2995 5691 3097 5745 vita
3150 5700 3333 5745 nostra
3376 5700 3491 5745 erat
3540 5690 3641 5747 hu-

2062 5783 2296 5854 jusmodi
2355 5801 2367 5837 :
2431 5785 2512 5838 vel
2563 5785 2686 5853 quia
2738 5792 2890 5838 vetus
2945 5782 3073 5838 illud
3124 5783 3422 5853 proximum
3478 5784 3644 5838 inter-

2068 5880 2160 5935 itui
2207 5889 2320 5946 est,
2370 5878 2607 5934 fmtidmn
2648 5887 2703 5931 et.
2757 5887 2952 5947 turpe,
2992 5878 3149 5946 quale
3196 5884 3280 5929 est
3325 5885 3603 5947 peccatum
