3992 6422
481 412 580 470 121

480 549 654 600 neque
694 532 837 585 enim
872 529 990 583 sine
1032 538 1188 581 causa
1237 535 1389 579 vetns
1420 522 1770 595 vituperatur,
1795 502 2062 600 _nee_siiie

476 638 639 678 causa
671 637 869 677 norum
920 619 1228 681 damnatur,
1278 614 1371 669 sed
1402 614 1625 666 natione
1654 596 1832 665 habita
1877 610 2065 665 eorum

479 714 548 768 de
596 713 792 783 quibus
838 710 1033 779 agitur.
1101 706 1229 760 Nam
1271 704 1396 759 alibi
1451 698 1798 755 ait‘ﬁi’irmm
1832 702 2062 783 novttm‘,

476 821 638 859 novus
678 804 868 857 mnibus
892 818 911 856 :
936 800 982 855 si
1008 809 1173 853 autem
1210 784 1587 859 inueterauerit,
1637 794 1755 848 me
1780 806 1893 847 cum
1936 776 2065 869 fieri-

477 899 549 951 tia
594 897 729 950 bibes
776 895 943 964 ipsum
990 891 1177 962 (Ea-fi.
1224 890 1278 945 9.
1340 889 1480 958 15);
1514 887 1584 941 'in
1623 884 1854 941 amicitia
1897 885 2065 955 magis

479 990 703 1044 laudans
726 996 1066 1051 vetustatem,
1094 1000 1253 1055 quam
1281 985 1593 1038 novitatem;
1630 980 1696 1036 Et
1724 996 1929 1045 rursus,
1960 979 2067 1033 An-

476 1084 644 1150 tiquns
666 1080 861 1133 dictum
886 1077 1109 1132 sedebat
1137 1076 1297 1147 (Dan.
1333 1075 1383 1128 7.
1418 1073 1524 1143 9);
1558 1073 1644 1128 hic
1670 1088 1886 1143 quoque
1911 1073 2067 1125 anti—

477 1189 642 1242 qutun
694 1186 914 1227 sumens
968 1184 1065 1239 pro
1117 1168 1337 1239 majoris
1387 1167 1570 1237 gloriae
1623 1164 1891 1221 encomio.
1924 1163 2065 1218 Alibi

475 1273 653 1331 autem
679 1261 955 1330 Scriptura
975 1261 1253 1330 antiquum
1278 1274 1375 1328 pro
1399 1258 1665 1328 vituperio
1688 1256 1900 1325 accipit.
1933 1255 2063 1309 Nam

475 1356 599 1425 quia
623 1370 711 1411 res
741 1354 903 1408 variae
922 1367 989 1408 ex
1021 1351 1203 1405 multis
1231 1349 1545 1420 composita:
1576 1357 1721 1412 sunt,
1751 1359 1806 1401 et
1832 1347 1889 1400 in
1913 1338 2068 1400 bouis

476 1458 531 1502 et
560 1447 613 1500 in
644 1446 799 1500 malis
825 1444 1014 1499 iisdem
1042 1443 1227 1501 utitur.
1253 1456 1358 1495 non
1388 1438 1681 1494 secundum
1710 1436 1961 1491 eamdem
1981 1436 2057 1489 si—

476 1538 902 1610 gnificationem.
937 1534 1070 1590 Vide
1094 1549 1225 1602 ergo
1244 1543 1299 1588 et
1327 1532 1453 1586 alibi
1481 1541 1636 1585 vetus
1666 1527 1936 1600 vituperio
1967 1532 2064 1583 da-

487 1642 600 1697 tum
628 1649 642 1685 :
669 1628 696 1683 1
705 1636 1090 1683 nueterarerunt
1115 1634 1161 1679 ει
1196 1624 1609 1678 cfaudicaverunt
1638 1639 1670 1674 a
1699 1621 1889 1676 semitis
1915 1622 2018 1675 suis
2045 1637 2065 1686 ;

476 1738 531 1783 et
555 1739 763 1787 rursus,
796 1722 1083 1777 Inveteravi
1119 1720 1249 1774 inter
1278 1735 1450 1773 omnes
1477 1718 1711 1772 inimicos
1732 1731 1867 1769 meo:
1893 1712 2064 1785 (Paul.

481 1820 568 1875 l7.
599 1817 691 1873 46.
731 1826 777 1871 et
813 1815 867 1871 6.
900 1816 957 1886 8)
983 1831 999 1880 ;
1023 1823 1079 1870 et
1104 1815 1319 1877 iterum,
1353 1810 1635 1867 Invctcrate
1681 1810 1876 1865 dierum
1902 1808 2067 1862 mafo-

479 1930 592 1965 rum
624 1909 786 1982 (Dan.
820 1910 910 1964 15.
937 1907 1051 1980 52).
1080 1908 1155 1963 lta
1176 1916 1232 1962 et
1258 1906 1577 1960 fermentum
1606 1918 1748 1973 saepe
1777 1918 1876 1973 pro
1904 1916 2067 1971 regno

480 2006 734 2058 eadm-um
769 2002 1052 2071 accipitur,
1083 2000 1292 2055 etiamsi
1317 1998 1402 2053 hic
1432 2000 1801 2068 vituperetur:
1829 1995 1925 2052 sed
1955 1995 2066 2050 illic

480 2097 546 2151 ad
571 2095 736 2157 aliud,
767 2095 853 2150 hic
880 2094 946 2147 ad
974 2092 1117 2148 aliud
1146 2091 1394 2147 refertur.

550 2191 602 2244 5.
631 2189 860 2242 Avaritia
890 2197 1028 2241 vetus
1059 2190 1360 2257 fermentum
1391 2185 1664 2252 quomodo.
1684 2210 1755 2221 —
1774 2178 1899 2233 Mihi
1938 2191 2068 2231 vero

480 2282 714 2334 maxime
733 2278 945 2334 videtur
978 2278 1050 2335 id.
1082 2275 1224 2347 quod
1254 2274 1324 2331 de
1351 2274 1622 2328 fermento
1651 2271 1869 2337 dicitur,
1902 2270 2062 2326 etiam

479 2371 545 2425 ad
577 2368 889 2424 sacerdotes
928 2369 1160 2430 referri,
1188 2365 1279 2435 qui
1334 2365 1518 2419 sinunt
1568 2362 1894 2416 intrinsecus
1947 2374 2068 2415 esse

478 2461 707 2516 multum
744 2459 993 2514 fermenti
1024 2458 1246 2522 veteris,
1268 2472 1371 2510 non
1399 2464 1760 2526 expurgantes
1790 2469 1856 2509 ex
1885 2453 2069 2508 tenni-

481 2556 585 2618 uis,
621 2552 670 2606 id
694 2559 798 2613 est,
826 2566 892 2605 ex
920 2549 1157 2605 Ecclesia
1183 2589 1199 2613 ,
1231 2563 1423 2601 avaros
1443 2588 1456 2607 .
1497 2556 1743 2615 raptores
1766 2587 1783 2613 ,
1815 2556 1868 2599 et
1896 2544 2067 2614 quod-

474 2661 705 2715 cumque
734 2659 798 2699 ex
830 2657 996 2713 regno
1012 2641 1266 2697 carlorum
1289 2640 1543 2695 excludit.
1572 2639 1704 2693 Nam
1740 2638 1960 2693 avaritia
1984 2647 2067 2692 est

475 2746 631 2791 vetus
673 2736 994 2789 fermentum
1018 2772 1032 2798 ,
1056 2742 1111 2786 et
1140 2746 1480 2803 quocumque
1509 2731 1789 2795 ceciderit,
1822 2744 1983 2800 atque
2014 2731 2068 2783 in

471 2840 870 2895 quamcumque
900 2823 1117 2877 domum
1141 2823 1391 2877 inciderit
1414 2864 1428 2887 ,
1463 2822 1794 2877 immundam
1819 2823 1961 2876 illam
1990 2823 2069 2876 ef-

478 2919 608 2972 licit.
634 2916 855 2972 Etiamsi
886 2930 1046 2984 parva
1097 2930 1163 2969 ex
1193 2914 1453 2983 iniustitia
1501 2913 1762 2979 Iucreris,
1817 2913 1866 2967 id
1900 2922 2070 2968 totam

477 3021 623 3066 tuam
649 3008 1005 3065 substantiam
1038 3007 1400 3061 fermentavit.
1436 3005 1561 3060 Ideo
1583 3021 1729 3075 Saepe
1755 3006 1973 3070 accidit,
2006 3014 2065 3059 ut

476 3104 686 3160 modica
715 3103 854 3157 male
878 3099 1115 3164 inducta,
1139 3100 1303 3153 multa
1329 3115 1448 3169 qua:
1477 3098 1615 3154 bene
1641 3097 1863 3151 collecta
1889 3097 2071 3168 jaceat

478 3199 758 3268 ejecerint.
809 3194 950 3250 Nihil
989 3195 1133 3250 enim
1173 3204 1257 3249 est
1283 3196 1450 3263 magis
1482 3191 1754 3263 putridum
1799 3191 2025 3245 avaritia
2049 3231 2063 3245 .

475 3293 688 3347 etiamsi
762 3291 909 3346 enim
973 3289 1126 3345 cella:
1173 3288 1445 3358 penuarite
1491 3287 1698 3341 clavem
1745 3284 2065 3350 iinluxeris,

478 3385 689 3440 etiamsi
716 3385 936 3453 ianuam
965 3392 1022 3438 et
1050 3392 1257 3438 vectem
1284 3422 1299 3449 ,
1329 3380 1526 3435 frustra
1566 3380 1680 3434 Inrc
1708 3378 1860 3443 facis,
1894 3379 2068 3432 avari-

480 3480 607 3532 tiam
637 3475 1153 3547 perniciosissimum
1198 3472 1370 3528 furem
1432 3473 1576 3525 intus
1624 3470 1906 3525 includens
1931 3511 1946 3535 ,
1977 3469 2068 3539 qui

479 3571 657 3624 omnia
685 3566 896 3623 auferre
918 3567 1108 3637 possit.
1129 3565 1266 3633 Quid
1299 3565 1478 3634 igitur,
1506 3563 1740 3633 inquies,
1768 3577 1890 3616 cum
1915 3559 2069 3615 multi

480 3664 626 3716 arari
673 3662 787 3716 inec
811 3676 919 3715 non
973 3659 1284 3729 patiantur?
1312 3658 1471 3711 Certe
1513 3657 1803 3725 patientur,
1829 3654 1932 3709 etsi
1960 3669 2068 3709 non

480 3757 660 3811 statim
715 3756 821 3809 illis
866 3754 1113 3809 accidat:
1146 3753 1191 3806 si
1242 3767 1370 3806 vero
1430 3764 1572 3803 nunc
1621 3748 1902 3818 effugiant,
1942 3755 2071 3803 tunc

481 3855 652 3920 magis
683 3850 908 3913 timeto;
946 3845 1013 3901 ad
1045 3846 1216 3915 majus
1244 3845 1389 3901 enim
1422 3842 1746 3913 supplicium
1774 3855 2066 3896 reservan-

484 3958 589 3999 tur.
622 3942 732 3997 bno
751 3956 879 3996 vero
900 3940 944 3994 si
979 3940 1077 4009 ipsi
1125 3938 1403 4008 effugiant,
1446 3947 1501 3991 at
1528 3935 1755 3991 heredes
1789 3950 1975 3990 eorum
2006 3948 2070 3989 ca

483 4038 595 4105 ipsa
627 4036 917 4107 patiemur.
946 4033 1009 4086 Et
1028 4031 1321 4102 quomodo,
1347 4030 1577 4100 inquies,
1605 4028 1709 4083 hoc
1724 4028 1928 4098 justum
1957 4027 2071 4083 fue-

483 4124 547 4182 rit
573 4128 598 4181 ?
628 4126 785 4181 Certe
812 4124 968 4178 valde
989 4123 1215 4191 justum.
1248 4120 1381 4175 Nam
1411 4120 1503 4190 qui
1545 4119 1765 4189 excepit
1796 4116 2067 4173 heredita-

484 4229 592 4273 tem
621 4216 874 4287 iujustitia
909 4215 1142 4284 plenam,
1165 4214 1376 4268 etiamsi
1406 4216 1519 4281 ipse
1550 4227 1654 4266 non
1688 4210 1965 4281 rapuerit,
1995 4220 2071 4265 at-

487 4322 662 4364 tamen
679 4309 850 4364 aliena
879 4307 1072 4362 retinet
1100 4322 1113 4359 :
1148 4316 1202 4362 et
1232 4305 1334 4359 hoc
1359 4304 1516 4374 plane
1541 4318 1859 4374 persuasum
1888 4302 2069 4368 habet,

487 4404 712 4472 ideoque
732 4416 947 4471 :nqnum
969 4408 1053 4453 est
1082 4408 1134 4451 ut
1168 4397 1419 4468 patiatur.
1442 4395 1497 4451 Si
1519 4397 1663 4449 enim
1693 4396 1784 4451 illo
1828 4395 2072 4465 rapiente

486 4506 542 4547 tu
563 4493 866 4560 acceperis,
899 4489 1205 4559 deindeque
1230 4487 1496 4543 accedens
1522 4487 1565 4539 is
1591 4487 1675 4542 cui
1711 4496 1922 4557 raptum
1951 4486 2070 4551 fuit,

488 4586 538 4639 id
572 4594 776 4653 repetat
805 4599 820 4636 :
852 4598 977 4636 nmn
1010 4582 1141 4635 satis
1165 4578 1335 4635 estad
1360 4579 1432 4633 tui
1466 4578 1861 4649 purgationem,
1883 4588 1935 4631 te
1967 4594 2072 4632 non

486 4676 774 4746 rapuisse?
824 4672 1232 4743 lliinimezquid
1287 4671 1430 4726 enim
1463 4712 1478 4736 ,
1536 4685 1740 4740 quasso,
1791 4681 2074 4725 accusatus

489 4770 690 4824 dixeris
712 4767 738 4821 Ἰ
762 4766 909 4838 quod
938 4765 1075 4820 alius
1100 4762 1381 4835 spoliarit?
1404 4762 1498 4818 sed
1523 4771 1577 4815 tn
1605 4762 1809 4817 retines
1844 4778 1857 4815 :
1889 4761 1979 4816 ille
1997 4777 2075 4816 ra-

488 4863 635 4932 puit‘t
687 4861 781 4915 sed
815 4866 870 4914 tu
904 4850 1121 4913 frueris.
1153 4855 1277 4910 “me
1305 4870 1467 4925 porro
1509 4856 1671 4910 etiam
1699 4854 1873 4908 sciunt
1896 4863 2076 4908 exter-

488 4974 676 5011 tmrtitlt
704 4956 870 5024 leges,
912 4968 1032 5022 quae
1074 4951 1138 5005 iis
1164 4949 1402 5003 dimissis
1423 4949 1513 5019 qui
1542 4956 1836 5018 rapuerunt
1861 4958 1915 5003 et
1943 4948 2071 5003 abs-

490 5052 752 5111 tulerunt,
807 5047 877 5099 ab
930 5046 1033 5099 illis
1082 5042 1274 5110 iubent
1323 5055 1598 5111 expetere,
1644 5041 1784 5113 apud
1813 5057 1950 5112 quos
1978 5057 2074 5097 sua

488 5140 665 5192 omnia
697 5138 939 5207 deposita
968 5136 1286 5205 repererint.
1317 5133 1374 5188 Si
1405 5149 1533 5204 ergo
1555 5134 1694 5189 nosti
1722 5148 1841 5197 eos,
1874 5133 1966 5203 qui
1993 5133 2074 5187 in-

483 5230 746 5302 justitiam
770 5228 910 5296 passi
939 5237 1082 5291 sunt,
1104 5226 1268 5281 redde
1287 5236 1340 5279 et
1366 5225 1446 5280 l‘ac
1469 5225 1609 5295 quod
1643 5223 1765 5279 fecit
1787 5223 2076 5278 Zacchzeus

486 5334 612 5376 cum
659 5319 823 5373 multa
876 5317 1185 5372 accessione
1222 5316 1309 5370 :si
1352 5325 1531 5370 autem
1566 5316 1802 5385 ignoras,
1847 5316 2075 5368 alteram

495 5412 594 5467 tibi
627 5410 698 5465 do
729 5411 890 5475 riam,
920 5424 1017 5464 nec
1042 5407 1271 5463 excludo
1302 5414 1356 5461 te
1378 5423 1407 5461 a
1436 5406 1677 5461 remedio
1708 5424 1720 5459 :
1755 5406 1872 5461 ha-c
1895 5408 2078 5460 omnia

492 5501 827 5575 pauperibus
848 5500 1132 5566 distribue,
1158 5508 1211 5553 et
1232 5497 1311 5553 sic
1338 5500 1535 5551 malum
1567 5496 1804 5552 curabis.
1834 5496 1984 5563 Quod
2033 5497 2079 5552 si

487 5595 579 5660 qui
611 5595 727 5648 haec
768 5593 819 5644 in
855 5591 992 5646 ﬁlios
1014 5601 1066 5644 ct
1101 5590 1152 5643 in
1182 5599 1404 5658 nepotes
1432 5589 1870 5652 trruismiserunt;
1900 5588 2077 5641 atalia

491 5700 587 5751 pro
618 5685 702 5738 his
741 5683 880 5737 mala
929 5682 1071 5751 passi
1102 5689 1248 5733 sunt.
1285 5681 1482 5749 lic-prid
1528 5682 1719 5749 loquor
1741 5680 1808 5735 de
1839 5680 1925 5744 iis,
1957 5694 2079 5750 quae

487 5773 574 5827 hic
624 5771 920 5828 accidunt?
949 5773 1065 5827 Non
1119 5771 1261 5823 enim
1311 5772 1361 5824 in
1394 5771 1485 5826 illo
1514 5771 1603 5825 die
1643 5771 1759 5826 ha'c
1807 5771 2075 5837 dicentur,

481 5864 696 5928 quando
727 5861 886 5917 ambo
918 5860 1049 5918 nudi
1071 5862 1422 5930 apparebunt,
1444 5862 1475 5915 ii
1506 5862 1697 5931 quibus
1731 5872 1940 5934 raptum
1970 5874 2072 5931 est,

1187 407 1244 467 s.
1284 370 2066 490 tomxtscunisosrout
2107 366 2423 490 anetina»;
2465 403 2996 460 (20?£S'f.\NTl.‘i0f".

3628 415 3721 472 i3}

2160 521 2231 601 "et
2260 518 2305 599 ii,
2343 520 2435 590 qui
2466 531 2760 590 rapuerunt
2789 539 2802 577 :
2828 523 2936 577 imo
2985 538 3115 578 rcro
3164 540 3267 578 non
3298 525 3528 583 similiter
3560 540 3709 588 nudi:

2162 608 2295 664 nam
2349 609 2590 684 pecuniis
2620 611 2780 667 ambo
2811 614 3009 682 pariter
3054 614 3177 667 nudi
3228 625 3417 681 erunt;
3452 618 3578 674 alter
3605 638 3716 679 rem

2158 694 2361 783 'plen‘us
2390 703 2728 771 criminibus,
2753 720 2873 775 qua:
2899 720 2963 761 ex
2997 707 3061 760 iis
3088 718 3205 761 orta
3236 718 3376 763 sunt.
3427 711 3559 778 Quid
3605 731 3719 787 ergo

2173 793 2433 848 faciemus
2461 794 2556 849 illo
2579 795 2688 862 die,
2718 797 2936 867 quando
2970 808 3096 852 ante
3120 799 3349 856 tribunal
3371 802 3493 857 illud
3517 803 3720 861 horren-

2170 883 2295 937 dum
2328 885 2392 951 is,
2437 888 2525 955 qui
2555 887 2693 942 male
2722 904 2909 958 passus
2944 902 3025 944 ρει
3051 900 3105 945 et
3131 892 3309 946 omnia
3357 908 3449 948 sua
3477 897 3720 965 perdidit,

2170 979 2467 1033 adducetur
2494 979 2545 1033 in
2578 978 2835 1046 medium,
2869 991 2920 1036 te
2950 983 3152 1037 nullum
3186 983 3409 1039 habente
3432 992 3725 1055 patronum?

2171 1072 2296 1142 quid
2324 1071 2495 1129 Juilici
2525 1073 2707 1128 dices?
2735 1072 2885 1129 Nunc
2911 1075 3053 1130 enim
3073 1075 3605 1146 judicinmhominum
3625 1098 3724 1136 cor-

2173 1178 2421 1231 rumpere
2453 1164 2671 1233 puteris,
2704 1165 2829 1220 illud
2860 1182 2987 1219 vero
3013 1165 3274 1236 judicium
3306 1185 3410 1224 non
3450 1172 3569 1226 item
3595 1191 3607 1225 :
3631 1176 3726 1229 imo

2170 1271 2300 1308 vero
2332 1270 2503 1326 neque
2524 1273 2666 1312 nunc
2692 1275 2705 1319 ;
2738 1275 2877 1313 nunc
2901 1259 3044 1314 enim
3073 1277 3285 1329 quoque
3313 1262 3463 1317 adest
3487 1263 3723 1334 judicium

2172 1344 2323 1400 ilbul.
2352 1346 2484 1400 Nam
2520 1347 2660 1400 licus
2688 1350 2865 1401 omnia
2896 1366 3014 1418 qum
3034 1360 3294 1419 geruntur
3316 1353 3475 1415 videt,
3501 1365 3553 1415 et
3580 1371 3727 1425 pro”;

2171 1439 2293 1494 illos
2317 1449 2400 1494 est
2429 1441 2517 1511 qui
2548 1442 2739 1510 injuria
2778 1441 3106 1506 afﬁciuntur,
3136 1443 3346 1500 edamsi
3376 1462 3475 1499 non
3504 1457 3725 1503 vocetur.

2171 1530 2304 1587 Nam
2335 1532 2426 1602 qui
2480 1535 2621 1587 malo
2653 1535 2902 1598 afficitur,
2936 1536 3144 1589 etiamsi
3177 1536 3423 1605 indignus
3449 1538 3514 1591 sit
3551 1540 3634 1610 qui
3660 1541 3729 1594 ul-

2173 1623 2372 1677 tionem
2405 1625 2779 1689 nanciscatur;
2804 1635 3040 1679 attamen
3068 1628 3190 1697 quia
3223 1643 3306 1682 res
3323 1640 3483 1697 gestm
3513 1630 3614 1684 Deo
3635 1646 3727 1686 non

2172 1715 2406 1784 placent,
2439 1715 2599 1770 habet
2627 1716 2714 1770 ille
2746 1726 2892 1770 certe
2924 1718 3172 1773 ultorem.
3199 1719 3475 1785 Quomodo
3494 1736 3633 1792 ergo,
3661 1724 3731 1777 in—

2171 1808 2345 1878 quies,
2377 1808 2469 1864 ille
2499 1809 2763 1877 quispiam
2810 1824 3067 1878 pl'OSISCI‘O
3113 1812 3254 1880 agit,
3289 1812 3408 1867 licet
3436 1814 3504 1868 sit
3532 1815 3731 1869 malus?

2172 1899 2279 1955 Sed
2310 1915 2415 1953 non
2446 1915 2618 1969 usque
2647 1902 2697 1954 in
2734 1900 2915 1956 fluent.
2950 1902 3086 1956 Audi
3116 1903 3243 1973 quid
3275 1903 3419 1960 dicat
3445 1907 3730 1976 propheta:

2174 1991 2302 2045 Noli
2338 1992 2574 2046 wnmlttri
2622 1994 2673 2046 in
2711 1994 3112 2064 malignantibus
3137 2037 3153 2061 ,
3208 1990 3447 2066 quoniam
3502 2011 3733 2069 tamquam

2182 2089 2370 2157 frenum
2398 2084 2631 2139 velociter
2661 2097 2887 2139 arescent
2916 2085 3088 2158 (I’saf.
3123 2088 3211 2144 56.
3249 2090 3302 2143 1.
3331 2090 3411 2160 2).
3444 2090 3539 2147 Ubi
3569 2093 3695 2146 enim
3718 2134 3731 2156 ,

2170 2194 2373 2246 quem,
2405 2187 2486 2233 est
2537 2180 2581 2233 is
2609 2181 2699 2248 qui
2757 2181 2971 2249 rapuit,
3029 2192 3312 2251 postquam
3347 2183 3470 2239 hine
3494 2184 3734 2241 abduCtus

2172 2269 2312 2324 fuit?
2344 2271 2430 2326 ubi
2463 2285 2587 2340 spes
2651 2272 2983 2341 Conspicua?
3016 2273 3107 2326 ubi
3154 2273 3470 2331 honorabilc
3520 2278 3735 2331 nomen?

2172 2378 2350 2417 annon
2386 2363 2568 2417 omnia
2601 2365 2977 2419 transierunt?
3004 2381 3183 2421 nonne
3216 2370 3397 2422 omnia
3433 2369 3582 2423 illum
3622 2386 3735 2440 spc-

2171 2456 2368 2510 t-tantia
2391 2457 2659 2513 somnium
2688 2467 2814 2511 sunt
2835 2468 2889 2513 et
2913 2460 3107 2514 umbra
3123 2460 3155 2510 Τ
3178 2460 3291 2517 [loc
3312 2462 3482 2530 ipsum
3509 2471 3736 2531 exspecta

2171 2547 2240 2603 de
2269 2549 2497 2620 singulis
2524 2549 2613 2619 qui
2646 2548 2955 2619 hujusmodi
2987 2561 3134 2615 sunt,
3166 2552 3232 2607 de
3255 2553 3489 2619 vivente,
3512 2565 3563 2608 et
3586 2554 3650 2610 de
3676 2571 3733 2608 eo

2172 2639 2261 2709 qui
2319 2651 2439 2709 post
2491 2639 2699 2695 futurus
2730 2650 2832 2694 est.
2866 2642 2936 2695 At
2968 2642 3091 2695 talia
3121 2658 3227 2696 non
3285 2654 3409 2698 sunt
3435 2660 3495 2699 ea
3524 2660 3636 2715 quze
3678 2643 3737 2698 ad

2172 2741 2389 2786 sanctos
2428 2730 2573 2786 viros
2595 2741 2840 2801 si‘ectant
2864 2748 2879 2793 ;
2906 2748 3081 2802 neque
3113 2737 3318 2803 poteris
3344 2735 3528 2790 eadem
3558 2736 3621 2790 de
3647 2736 3738 2790 illis

2171 2826 2372 2888 dicere,
2402 2826 2543 2899 quod
2593 2842 2713 2897 qua:
2744 2826 2808 2881 ad
2855 2827 2975 2881 illos
3023 2828 3299 2896 pertinent
3348 2829 3531 2883 umbra
3559 2830 3656 2883 sint
3692 2838 3739 2882 ct

2172 2920 2441 2973 somnium
2498 2927 2553 2973 et
2598 2919 2793 2973 fabula.
2830 2919 2892 2973 Et
2921 2920 2965 2973 si
3021 2919 3101 2973 vis
3131 2920 3282 2975 illum
3325 2922 3416 2991 qui
3459 2922 3568 2977 lucc
3595 2921 3735 2984 dixit,

2174 3011 2825 3080 tentoriorum'opificcm,
2850 3010 3093 3076 Cilicem,
3128 3012 3283 3078 cujus
3317 3028 3384 3069 ne
3416 3025 3610 3082 patrem
3633 3013 3739 3081 qui-

2171 3101 2293 3157 dem
2324 3113 2473 3157 certo
2501 3102 2767 3166 norimus,
2801 3102 2851 3155 in
2881 3102 3118 3157 medium
3144 3103 3500 3159 adducamus.
3535 3106 3595 3159 Et
3622 3119 3740 3175 quo-

2175 3195 2353 3260 modo,
2417 3194 2654 3264 inquies,
2710 3195 2825 3250 fieri
2887 3197 3056 3266 possit
3105 3206 3163 3253 ut
3214 3198 3437 3269 quidam
3476 3200 3594 3254 talis
3641 3197 3741 3253 sit!

2171 3283 2405 3339 Omnino
2460 3301 2590 3357 ergo
2640 3285 2956 3351 desideras,
3014 3289 3237 3343 omnino
3289 3291 3369 3344 vis
3425 3306 3544 3346 esse
3596 3288 3741 3343 talis?

2174 3378 2382 3445 Etiam,
2428 3378 2528 3432 ais.
2566 3378 2705 3449 Ergo
2737 3379 2872 3432 viain
2908 3379 3208 3451 ingredere,
3238 3397 3401 3451 quam
3426 3383 3513 3438 ille
3556 3383 3742 3452 ingrcs-

2172 3482 2265 3524 sus
2292 3480 2396 3535 est,
2424 3479 2475 3524 et
2502 3470 2590 3541 qui
2621 3484 2742 3523 cum
2772 3470 2863 3523 illo
2884 3480 3053 3525 crant.
3082 3471 3148 3525 Et
3169 3487 3330 3542 quam
3357 3475 3407 3528 in
3430 3474 3564 3527 viam
3588 3474 3744 3527 venit!

2174 3561 2266 3618 Ille
2285 3562 2501 3634 quidem
2539 3563 2633 3629 ait,
2665 3562 2732 3617 In
2754 3567 2891 3635 [tune
2915 3576 2960 3617 et
2978 3566 3063 3618 siti
3084 3575 3131 3619 et
3159 3567 3397 3621 nuditate
3422 3550 3640 3641 (2.'Cor.
3666 3569 3742 3625 lt.

2172 3656 2265 3730 27)
2293 3672 2309 3722 ;
2342 3656 2433 3711 ille
2460 3671 2608 3719 vero,
2646 3658 2922 3726 Argentum
2949 3665 2994 3710 et
3028 3674 3212 3710 aurum
3243 3676 3347 3713 non
3376 3671 3447 3715 est
3471 3660 3592 3713 mihi
3615 3661 3745 3729 (:ch.

2176 3752 2227 3805 5.
2263 3750 2342 3821 6).
2367 3749 2457 3807 Sic
2481 3749 2556 3805 illi
2589 3748 2725 3803 nihil
2753 3748 3046 3817 habebant,
3077 3760 3133 3805 et
3157 3761 3338 3807 tamen
3366 3754 3548 3808 omnia
3589 3751 3743 3823 pessi-

2176 3844 2389 3899 dobant.

2248 3934 2300 3989 6.
2335 3934 2472 4003 Quid
2497 3934 2597 3990 hac
2618 3950 2750 3990 voce
2777 3934 3190 3991 honurabilius?
3219 3938 3349 4008 quid
3381 3938 3585 3994 beatius
3614 3944 3663 3991 et
3685 3936 3747 3990 In.

2176 4028 2445 4096 cnpletius
2466 4028 2490 4081 ?
2515 4028 2646 4081 Nam
2676 4027 2765 4081 alii
2793 4027 3007 4098 quidem
3058 4030 3109 4083 in
3146 4033 3438 4085 contrariis
3464 4030 3747 4103 gloriaban-

2180 4130 2266 4172 tur
2292 4118 2535 4174 direutes
2563 4138 2577 4173 :
2612 4118 2796 4175 Habeo
2828 4129 2905 4175 tot
2934 4129 2987 4175 et
3014 4131 3089 4176 tot
3117 4124 3231 4177 auri
3265 4125 3488 4187 talenta,
3512 4124 3747 4193 etjugera

2181 4221 2339 4265 terre
2393 4212 2653 4267 immensa
2676 4254 2691 4276 ,
2745 4224 2797 4267 et
2827 4213 3019 4268 domos
3048 4224 3105 4269 et
3138 4216 3404 4286 mancipia
3437 4236 3450 4271 :
3481 4216 3566 4272 hic
3596 4232 3710 4271 veru
3732 4253 3750 4276 ο

2179 4301 2319 4370 quod
2365 4304 2434 4356 sit
2486 4304 2734 4357 omnibus
2766 4304 3031 4359 nudatus:
3070 4321 3243 4375 neque
3300 4324 3360 4363 se
3415 4309 3643 4363 occultat
3688 4305 3750 4359 ob

2183 4405 2567 4464 paupertatem,
2596 4396 2737 4467 quod
2764 4399 2909 4452 stulti
2941 4396 3159 4465 faciunt,
3194 4416 3370 4470 neque
3400 4402 3563 4473 pudet
3596 4400 3748 4459 illum,

2180 4489 2272 4545 διοά
2300 4490 2462 4545 etiam
2493 4489 2773 4559 gloriatur.
2804 4489 2903 4546 Ubi
2935 4502 3061 4547 sunt
3090 4507 3231 4547 nunc
3262 4493 3484 4558 divites,
3518 4492 3608 4564 qui
3632 4507 3750 4545 usu-

2182 4598 2267 4636 ras
2287 4592 2591 4647 munerant,
2621 4592 2674 4637 et
2703 4597 2894 4637 usuras
2920 4576 3226 4651 usurarum,
3252 4587 3341 4656 qui
3362 4586 3598 4641 omnium
3627 4586 3752 4639 bona

2184 4672 2444 4727 iniaduut
2470 4683 2526 4728 et
2553 4689 2841 4745 numquam
2896 4676 3198 4730 satiautur?
3247 4678 3477 4733 audistis
3505 4677 3645 4732 Petri
3673 4689 3755 4728 ro-

2181 4779 2322 4826 cem,
2355 4781 2474 4833 qua:
2505 4775 2867 4836 paupertatem
2898 4762 3161 4821 monstrat
3184 4767 3493 4823 divitiarum
3524 4778 3753 4829 matrem,

2183 4872 2303 4924 qua)
2335 4854 2467 4909 nihil
2501 4856 2701 4922 habet,
2747 4865 2802 4911 et
2852 4852 2918 4925 iis
2951 4856 3043 4928 qui
3070 4858 3375 4916 diademate
3419 4859 3755 4916 redimiuutnr

2183 4945 2488 5017 opulentior
2531 4947 2653 5002 est?
2687 4940 2829 5017 [fire
2856 4940 3052 5019 quippe
3098 4949 3230 5003 nihil
3273 4950 3479 5006 habens
3532 4957 3756 5004 mortuos

2183 5039 2494 5105 suscitabat,
2518 5038 2739 5095 claudos
2756 5028 3025 5111 erigebat,
3054 5042 3331 5097 daunouas
3358 5043 3611 5113 pellebat,
3632 5050 3685 5095 et
3700 5051 3756 5091 ea

2185 5130 2529 5201 largiebatur,
2555 5147 2675 5201 qua:
2696 5130 2730 5185 ii
2762 5133 2851 5199 qni
2884 5149 3116 5204 purpura
3137 5134 3531 5190 amiciunturet
3553 5142 3758 5202 magnos

2186 5223 2606 5294 tremendosque
2637 5226 2909 5281 exercitus
2936 5225 3162 5293 ducunt,
3188 5243 3485 5297 numquam
3516 5232 3759 5300 prutstare

2187 5320 2496 5384 potuerunt.
2559 5315 2685 5372 "me
2711 5333 2813 5371 vox
2844 5327 2927 5373 est
2973 5333 3183 5386 eorum,
3214 5319 3304 5390 qui
3331 5320 3444 5389 jam
3487 5322 3539 5375 in
3580 5317 3757 5373 etclqu

2189 5409 2429 5461 translati
2485 5417 2650 5473 sunt,
2701 5420 2756 5464 et
2791 5410 3044 5465 verticem
3085 5412 3234 5466 illum
3285 5419 3634 5481 occuparunt.
3681 5406 3761 5462 Sic

2191 5506 2360 5566 potest
2396 5498 2441 5552 is
2472 5500 2561 5567 qui
2595 5500 2728 5553 nihil
2782 5502 2982 5567 habet,
3010 5503 3248 5555 omnium
3304 5516 3569 5573 occupare
3598 5500 3758 5557 bona;

2187 5599 2239 5643 et
2272 5605 2391 5659 qua:
2432 5597 2557 5642 sunt
2597 5592 2839 5646 omnium
2879 5592 3175 5660 possidere.
3208 5592 3263 5648 Si
3316 5608 3449 5647 vero
3495 5607 3555 5646 ea
3606 5587 3760 5660 possi-

2188 5679 2410 5733 tlczunus
2435 5694 2551 5747 qua:
2579 5692 2704 5734 sunt
2738 5682 2999 5746 ninnium,
3028 5683 3276 5737 omnibus
3331 5683 3521 5752 privati
3566 5689 3756 5735 sumus.

2190 5762 2455 5824 FortaSsts
2486 5771 2709 5840 tcuigma
2743 5772 2986 5827 rideatur
3025 5790 3145 5829 esse
3201 5772 3328 5828 illud
3357 5815 3372 5835 ,
3407 5771 3546 5842 quod
3575 5770 3759 5825 dictum

2197 5872 2316 5919 est.
2368 5852 2471 5919 sed
2511 5880 2615 5919 non
2679 5875 2779 5920 Cal.
2833 5865 2938 5921 Sed
2977 5864 3264 5937 quomodo,
3312 5865 3542 5935 inquies,
3588 5863 3630 5917 is
3679 5855 3758 5928 qui
