3992 6416
534 336 638 394 ἰὲθ

532 454 627 508 καὶ
652 452 832 523 ἐκείνη
865 454 1115 525 καθάπερ
1142 454 1465 525 θεραπαινὶς
1485 454 1554 508 τὰ
1573 455 1771 524 ἑαυτῆς
1796 452 2104 524 προύθηκεο

534 537 626 589 καὶ
661 537 797 607 πρὸς
822 536 915 588 τόν
941 537 1345 606 δεσμοφύλακα,
1384 539 1635 601 κάκεῖνος
1666 538 1764 606 τὴν
1801 536 1977 589 οἰκίαν
2008 536 2108 588 αύ-

533 620 643 681 τοῖς
698 616 931 689 ἀνέῳξεν
979 618 1196 671 ἃπασαν
1224 634 1236 646 ·
1274 624 1374 672 καὶ
1418 618 1554 688 πρὸς
1599 619 1823 688 ἑτέρους
1857 618 2105 689 μυρίους.

531 701 690 755 Οῦτω
722 700 899 754 πάντα
939 696 1104 771 εἰχον,
1149 702 1242 755 καὶ
1280 703 1433 756 οὐδὲν
1471 700 1638 772 εἶχον.
1672 702 1838 755 υύδὲν
1868 702 1976 772 γὰρ
2002 702 2109 754 τῶν

532 786 885 855 ὑπαρχόντων
916 784 1096 853 ἔλεγον
1139 786 1267 840 ἴδιον
1306 782 1447 841 εἶναι
1471 801 1485 817 ⁸
1518 787 1609 840 διὰ
1647 786 1805 840 τοῦτο
1837 787 2014 840 πάντα
2039 782 2108 857 ἦν

528 869 730 922 αὐτῶν.
773 869 829 921 Ὀ
854 869 961 937 γὰρ
1000 868 1151 923 κοινά
1182 870 1250 923 τὰ
1276 868 1407 924 δντα
1434 872 1753 940 ἡγούμενος,
1778 871 1840 922 ού
1870 871 1981 932 τοῖς
2008 870 2108 922 αὒ-

527 950 622 1005 τοῦ
651 952 828 1022 μόνον,
862 951 997 1004 ἀλλά
1030 954 1257 1017 καὶτοῖς
1289 952 1492 1023 ἐτέρων
1523 955 1787 1024 χρήσεται
1818 952 1894 1016 ὡς
1920 953 2068 1014 ἰδίοις
2090 969 2105 984 ’

524 1038 553 1089 6
587 1036 643 1090 δὲ
676 1035 1007 1104 ἀποσχίζων,
1042 1036 1137 1090 καὶ
1166 1037 1336 1089 ποιῶν
1368 1037 1560 1091 ἑαυτὸν
1584 1037 1774 1106 κύριον
1801 1037 1909 1089 τῶν
1940 1036 2107 1090 αὐτοῦ

530 1119 726 1189 μόνων,
773 1119 895 1172 οὐδὲ
940 1118 1145 1173 τούτων
1184 1120 1337 1173 ἔσται
1386 1120 1594 1189 κύριος.
1653 1121 1761 1173 Καὶ
1800 1120 1959 1173 τοῦτο
1999 1120 2108 1173 ἀπὸ

528 1202 924 1272 ύποδείγματος
981 1200 1176 1271 δῆλονῖ
1220 1202 1279 1255 ’0
1321 1202 1490 1272 μηδὲν
1560 1204 1697 1266 ὅλως
1746 1204 2105 1272 κεκτημένος,

530 1286 664 1356 μήτε
692 1285 870 1338 οἰκίαν
896 1285 1031 1355 μήτε
1077 1283 1356 1356 τράπεζαν
1390 1288 1525 1355 μήτε
1561 1286 1816 1355 περιττὸν
1868 1286 2107 1355 ἰμάτιον,

524 1369 661 1423 ἀλλά
689 1368 778 1422 διὰ
804 1369 895 1422 τὸν
932 1368 1064 1422 Θεὸν
1101 1369 1320 1422 πάντων
1346 1369 1812 1438 ἀπεστερημένος,
1848 1370 1921 1432 ὡς
1959 1369 2108 1431 ἰδίοις

527 1453 790 1522 κέχρηται
843 1453 977 1515 τοῖς,
1004 1455 1223 1514 κοινοῖς,
1262 1453 1357 1505 καὶ
1405 1454 1557 1523 παρά
1605 1452 1822 1505 πάντων
1853 1452 1995 1521 ἆπερ
2041 1451 2107 1505 ἂν

525 1535 677 1607 θέλῃ,
717 1534 949 1603 λήψεται
972 1552 985 1566 ο
1032 1536 1125 1588 καὶ
1159 1534 1305 1588 οὕτω
1354 1536 1423 1588 τὰ
1462 1534 1680 1588 πάντων
1705 1538 1733 1588 6
1766 1535 1931 1606 μηδὲν
1969 1535 2111 1605 ἔχων

525 1618 769 1688 κατέχει.
816 1619 873 1671 '0
892 1618 948 1671 δὲ
973 1619 1112 1688 ἔχων
1143 1619 1287 1678 τινὰ.
1316 1618 1437 1671 οὐδὲ
1464 1617 1671 1671 τούτων
1702 1619 1856 1673 ἔσται
1887 1619 2104 1691 κύριος·

523 1699 649 1754 οὔτε
673 1701 781 1772 γὰρ
809 1700 971 1754 δώσει
1002 1718 1088 1764 τις
1127 1701 1206 1770 τῷ
1245 1701 1590 1772 κεκτημένῳ,
1643 1703 1737 1755 καὶ
1767 1702 1980 1775 λῃστῶν
2015 1702 2110 1755 καὶ

525 1783 774 1837 κλεπτῶν
805 1783 898 1836 καὶ
924 1784 1275 1853 συκοφαντῶν
1306 1785 1399 1839 καὶ
1431 1784 1736 1855 μεταϐολῆς
1761 1784 2108 1856 πραγμάτων

527 1868 619 1920 καὶ
663 1865 879 1920 πάντων
917 1866 1117 1935 μᾶλλον
1163 1865 1338 1933 ἔσται,
1387 1868 1421 1938 ἢ
1472 1869 1704 1931 ἐκείνου,
1758 1867 1828 1921 τά
1872 1868 2108 1922 ἐκείνου.

527 1953 717 2006 Πᾶσαν
742 1948 874 2018 γοῦν
903 1952 1002 2020 τὴν
1024 1951 1352 2021 οἰκουμένην
1379 1951 1665 2023 διέδραμεν
1687 1953 1717 2005 6
1756 1952 1989 2017 Παῦλος,
2015 1953 2110 2006 οὐ·

524 2034 614 2089 δὲν
659 2034 1074 2105 ἐπιφερόμενος,
1116 2034 1176 2087 οὐ
1219 2034 1353 2105 1196;
1392 2035 1578 2104 φίλους
1621 2034 1822 2099 ἀπιὼν,
1853 2035 1915 2087 ού
1970 2034 2107 2105 πρὸς

528 2117 778 2188 συνήθεις
796 2135 809 2148 ·
836 2116 928 2170 καὶ
955 2116 1064 2186 γὰρ
1084 2117 1262 2179 κοινὸς
1289 2118 1347 2169 ἐν
1359 2119 1504 2188 ἀρχῇ
1528 2117 1786 2187 πολέμιος
1813 2118 1979 2171 πᾶσιν
2000 2113 2069 2188 ἦν
2089 2133 2104 2149 ο

525 2201 643 2254 ἀλλ’
666 2201 817 2272 ὅμως
848 2200 918 2254 τὰ
958 2200 1176 2253 πάντων
1207 2196 1320 2271 εἶχε
1363 2202 1502 2272 μετά
1537 2202 1596 2254 τὸ
1635 2200 1916 2256 εἰσελθεῖν.
1962 2200 2019 2253 '0
2050 2201 2109 2254 δὲ

539 2285 787 2347 Ἀνανίας
832 2285 927 2337 καὶ
966 2286 998 2353 ἠ
1030 2284 1338 2355 Σάπφειρα,
1373 2284 1459 2338 ἵνα
1498 2285 1692 2355 μικρόν
1730 2301 1783 2337 τι
1824 2285 1932 2338 τῶν
1962 2284 2108 2337 ἰδίων

526 2368 835 2437 κτήσωνται
876 2367 1233 2430 σπεύσαντες,
1271 2368 1489 2421 πάντων
1535 2366 1793 2433 ἐξέπεσον
1841 2367 1979 2439 μετά
2017 2369 2113 2422 καί

522 2451 699 2521 αὐτῆς
721 2452 822 2521 τῆς
847 2450 1013 2521 ζωῆς.
1058 2450 1359 2521 Ἀπόστηθι
1391 2451 1572 2504 τοίνυν
1606 2450 1715 2504 τῶν
1749 2451 1881 2515 σῶν,
1927 2452 2013 2504 ἵνα
2039 2450 2116 2515 ὡς

529 2534 681 2598 ἰδίοις
704 2536 883 2606 χρήσῃ
914 2536 1026 2599 τοῖς
1047 2534 1372 2605 ἀλλοτρίοις.
1414 2534 1577 2588 Ἀλλά
1601 2535 1708 2605 γὰρ
1734 2535 1835 2587 οὐκ
1862 2532 1977 2588 οἶδα
1999 2533 2115 2599 πῶς

524 2620 605 2680 εἰς
628 2617 893 2690 τοσαύτην
910 2616 1204 2689 ἐξηνέχθην
1224 2617 1548 2688 ὑπερϐολὴν,
1566 2617 1879 2689 ἀνθρώποις
1892 2616 2113 2671 τοιαῦτα

526 2702 919 2773 φθεγγόμενος,
948 2697 1032 2766 οἷς
1073 2703 1359 2772 ἀγαπητὸν
1389 2703 1492 2756 κᾶν
1518 2701 1626 2754 τῶν
1651 2702 1822 2756 όντων
1853 2701 2115 2774 μεταδοῦ-

528 2785 617 2841 ναί
644 2801 695 2838 τι
731 2786 948 2858 μικρόν.

1122 338 1180 393 S.
1216 336 1504 395 JOANNIS
1540 334 2028 393 CIIRYSOSTOMl
2065 334 2369 391 ARCHIEP
2429 337 2978 397 CONSTANTINOP.

3664 352 3756 408 {30

2278 455 2474 527 Διόπερ
2523 456 2694 511 ταῦτα
2729 459 2830 528 μὲν
2865 460 2996 529 ἡμῖν
3040 457 3178 529 1:96;
3221 460 3341 523 τοὺς
3372 458 3595 526 τελείους
3622 466 3752 537 εἰρὴ-

2211 537 2321 592 σθω
2340 556 2353 568 ·
2374 541 2506 610 πρὸς
2528 540 2581 593 δὲ
2609 541 2735 603 τοὺς
2760 541 3145 614 ἀτελεστέρους
3163 542 3344 597 ἐκεῖνα
3369 543 3601 613 λέγωμεν
3620 564 3625 569 ·
3643 549 3753 604 Δότε

2206 620 2313 674 τῶν
2356 622 2524 675 ὄντων
2553 626 2667 685 τοῖς
2696 623 2971 692 δεομένοις
2992 665 3008 689 ,
3055 622 3327 693 αὐξήσατε
3357 624 3453 697 τὴν
3477 628 3668 683 οὐσίαν.
3707 631 3754 684 Ὁ

2210 700 2319 769 γὰρ
2343 698 2549 767 διδοὺς
2578 700 2813 770 πτωχῷ,
2837 704 2991 774 φησὶ,
3013 701 3261 763 δανείζει
3297 704 3437 770 Θεῷ.
3466 706 3524 759 Εἰ
3554 706 3606 760 δὲ
3627 710 3757 763 ἐπεί·

2206 797 2301 855 γῃ,
2338 784 2431 836 καὶ
2468 784 2569 836 οὐκ
2612 785 2900 854 ἀναμένεις
2945 786 3037 839 τὸν
3084 787 3275 858 καιρὸν
3312 787 3411 858 τῆς
3448 789 3758 852 ἀντιδόσεως,

2211 866 2378 919 ἐννόει
2403 867 2530 930 τοὺς
2554 868 2623 921 τά
2649 869 2751 939 χρή
2762 886 2905 938 ματα
2935 868 3246 939 ἀνθρώποις
3266 869 3615 934 δανείζοντας.
3641 873 3759 926 Οὐδὲ

2208 947 2318 1018 γὰρ
2345 942 2488 1003 οὗτοι
2512 952 2858 1021 παραχρῆμα
2897 951 3177 1021 βούλονται
3212 954 3337 1016 τοὺς
3364 954 3548 1019 τόκους
3581 956 3759 1009 ἀπολα-

2209 1031 2346 1097 ϐεῖν,
2375 1031 2510 1085 ἀλλά
2553 1033 2775 1088 πλείονα
2814 1035 3143 1106 ἑπιθυμοῦσι
3184 1036 3375 1107 χρόνον
3410 1040 3581 1106 μεῖναι
3626 1038 3761 1109 παρά

2208 1117 2329 1179 ταῖς
2358 1115 2451 1169 τοῦ
2474 1115 2866 1186 δανεισαμένου
2893 1119 3049 1189 χερσί
3075 1119 3137 1172 τὸ
3166 1120 3474 1187 κεφάλαιον,
3512 1121 3658 1191 μόνον
3677 1122 3763 1175 ἐὰν

2208 1197 2455 1268 ἀσφαλὴς
2491 1200 2524 1268 ἡ
2555 1199 2807 1263 ἀπόδοσις
2834 1197 2890 1272 ᾗ,
2919 1202 3010 1255 καί
3037 1202 3113 1272 μὴ
3140 1201 3485 1255 ὑποπτεύωσι
3516 1203 3601 1256 τὸν
3627 1203 3759 1273 εἰλη.

2211 1283 2368 1352 φότα.
2395 1283 2565 1335 Τοῦτο
2593 1285 2771 1337 τοίνυν
2802 1287 2898 1338 καὶ
2918 1284 3155 1338 ἐνταῦθα
3182 1285 3418 1355 γινέσθω
3436 1299 3452 1316 θ
3491 1284 3618 1353 ἄφες
3643 1286 3763 1340 αὐτὰ

2210 1367 2362 1436 παρά
2383 1366 2459 1437 τῷ
2480 1366 2620 1438 Θεῷ,
2650 1368 2737 1421 ἴνα
2757 1369 2941 1441 ἀποδῷ
2966 1385 3045 1423 σοι
3067 1369 3159 1423 τὸν
3182 1370 3371 1441 μισθὸν
3388 1369 3760 1425 πολλαπλασίω.

2211 1450 2303 1519 Μὴ
2332 1449 2566 1503 ἐνταῦθα
2585 1452 2646 1504 τὸ
2671 1454 2778 1506 πᾶν
2809 1451 2962 1523 ζήτει
2977 1468 2995 1485 ⁸
3017 1453 3084 1506 ἂν
3099 1453 3208 1524 γάρ
3229 1453 3461 1507 ἐνταῦθα
3481 1453 3622 1527 [154]
3650 1454 3762 1507 αὐτὸ

2210 1531 2489 1604 ἀπολάϐῃς
2504 1533 2645 1596 ὅλον,
2659 1534 2777 1598 πῶς
2793 1535 3044 1607 ἀπολήψῃ
3063 1539 3207 1603 ἐκεῖ;
3225 1536 3326 1589 Διά
3343 1536 3497 1589 τοῦτο
3512 1537 3601 1590 καὶ
3614 1539 3639 1589 6
3652 1535 3763 1598 Θεὸς

2211 1615 2328 1667 ἐκεῖ
2348 1616 2687 1685 ταμιεύεται,
2716 1618 2811 1672 ἀτε
2832 1621 3103 1691 ἐπικήρου
3126 1620 3223 1673 τοῦ
3247 1620 3507 1692 παρόντος
3534 1619 3641 1690 βίου
3660 1634 3767 1685 τυγ-

2212 1697 2486 1769 χάνοντος.
2520 1700 2713 1754 Δίδωσι
2737 1702 2793 1757 δὲ
2820 1704 2914 1756 καὶ
2934 1704 3169 1757 ἐνταῦθα
3189 1720 3202 1735 ο
3227 1702 3464 1771 Ζητεῖτε
3484 1702 3609 1774 γὰρ,
3629 1702 3761 1770 φησί,

2213 1780 2330 1849 τὴν
2372 1782 2703 1845 ,ϐασιλείαν
2740 1783 2859 1839 τῶν
2902 1785 3194 1853 οὐρανῶν,
3238 1787 3338 1840 καὶ
3377 1785 3558 1839 ταίτα
3595 1783 3767 1839 πάντα

2214 1868 2687 1932 προστεθήσεται
2712 1867 2879 1936 ὑμῖν.
2920 1868 3062 1921 Ἀλλ’
3082 1871 3246 1939 ἡμεῖς
3274 1868 3409 1940 πρὸς
3435 1867 3639 1938 ἐκείνην
3666 1866 3766 1938 $18-

2206 1966 2430 2018 νπωμεν,
2468 1951 2561 2003 καὶ
2586 1951 2661 2021 μὴ
2691 1950 3045 2022 ἐπειγώμεθα
3083 1953 3220 2024 1196;
3252 1951 3351 2023 τὴν
3370 1951 3617 2006 ἁπάντων
3640 1950 3766 2003 ἀντί-

2214 2031 2381 2096 δοσιν,
2416 2033 2503 2085 ἴνα
2534 2034 2607 2104 μὴ
2651 2034 3048 2107 ἐλαττώσωμεν
3085 2038 3185 2107 τὴν
3218 2035 3478 2107 ἀμοιϐὴν,
3507 2034 3613 2089 ἀλλ’
3653 2033 3768 2087 ἀνα-

2218 2113 2469 2185 μένωμεν
2491 2117 2581 2169 τὺν
2623 2118 2835 2189 καιρόν.
2871 2120 2944 2171 Οὐ
2973 2119 3082 2190 γὰρ
3111 2117 3343 2171 τοιοῦτοι
3376 2113 3520 2173 οὗτοι
3544 2119 3591 2171 οἰ
3618 2116 3764 2175 τόκοι,

2215 2196 2331 2250 ἀλλ’
2371 2198 2517 2262 οἵους
2559 2200 2708 2264 εἰκὸς
2762 2203 2914 2273 παρὰ
2958 2201 3053 2255 τοῦ
3093 2202 3231 2255 Θεοῦ
3267 2202 3526 2255 δίδοσθαι.
3562 2199 3768 2261 Τούτους

2215 2281 2394 2335 τοίνυν
2432 2283 2835 2352 συναγαγόντες
2882 2285 3022 2356 μετὰ
3057 2285 3337 2354 δαψιλείας
3372 2285 3587 2355 πολλῆς,
3620 2282 3772 2343 οὕτως

2212 2364 2463 2419 ἐντεῦθεν
2490 2366 2838 2437 ἀπέλθωμεν,
2871 2370 2958 2422 ἵνα
2991 2369 3088 2422 καὶ
3125 2368 3234 2422 τῶν
3266 2368 3549 2440 παρόντων
3572 2364 3768 2421 καὶτῶν

2215 2449 2519 2521 μελλόντων
2563 2451 2908 2523 ἐπιτύχωμεν
2954 2452 3196 2522 ἀγαθῶν,
3251 2454 3435 2524 χάριτι
3467 2453 3559 2506 καί
3606 2451 3772 2521 φιλαν-

2213 2533 2432 2604 θρωπίᾳ
2460 2534 2555 2587 τοῦ
2590 2536 2796 2609 Κυρίου
2847 2535 3005 2607 ἡμῶν
3066 2536 3241 2609 Ἰησοῦ
3291 2535 3553 2608 Χριστοῦ,
3587 2535 3695 2607 μεθ’
3720 2526 3776 2585 οἶι

2211 2617 2291 2689 τῷ
2341 2618 2513 2689 Πατρὶ
2577 2608 2691 2689 ἅμα
2744 2617 2823 2689 τῷ
2865 2620 3005 2691 ἁγίῳ
3052 2608 3336 2691 Πνεύματι
3386 2620 3534 2687 δόξα,
3577 2618 3775 2691 κράτος,

2212 2699 2367 2771 τιμὴν
2404 2699 2499 2754 νῦν
2520 2702 2613 2754 καὶ
2639 2702 2746 2767 ἀεὶ,
2785 2705 2879 2757 καὶ
2918 2706 2996 2767 εἰς
3021 2703 3148 2769 τοῦς
3188 2703 3397 2769 αἰῶνας
3430 2703 3537 2759 τῶν
3569 2701 3775 2757 αἰώνων.

2227 2783 2285 2837 Ἀ
2294 2784 2422 2855 μήν.

1959 3170 2205 3224 οΜιΑιΑ
2244 3169 2364 3236 ις’.

531 3303 803 3371 Ἐδραψα
824 3299 968 3370 ὑμῖν
997 3300 1068 3354 ἐν
1099 3299 1173 3369 τῇ
1214 3300 1512 3370 ἐπιστολῇ
1532 3300 1620 3371 μὴ
1660 3302 2118 3372 συναναμίγνυ-

598 3390 741 3442 σθαι
765 3384 1009 3453 πόρνοις
1031 3401 1046 3417 ο
1088 3384 1188 3439 καὶ
1216 3387 1289 3439 οὐ
1309 3385 1547 3451 πάντως
1573 3384 1697 3451 τοῖς
1724 3387 1976 3455 πόρνοις
2010 3388 2117 3441 τοῦ

594 3470 828 3538 κόσμου
849 3469 1085 3534 τούτου,
1122 3469 1160 3537 ἢ
1191 3468 1586 3534 πλεονέκταις
1612 3468 1651 3538 ἢ
1682 3467 1947 3538 ἅρπαξιν
1974 3468 2012 3538 ἢ
2035 3471 2117 3523 εἰ-

595 3551 1002 3622 δωλολάτραις
1022 3568 1036 3584 ·
1071 3552 1202 3606 ἐπεὶ
1226 3553 1497 3622 ὀφείλετε
1516 3551 1632 3620 ἄρα
1651 3552 1720 3606 ἐκ
1746 3552 1852 3607 τοῦ
1884 3553 2117 3622 κόσμου

595 3634 887 3702 ἐξελθεῖν.
920 3636 1075 3690 Νυνί
1115 3633 1185 3693 δὲ
1218 3635 1453 3704 ἔγραψα
1484 3635 1628 3704 ὑμῖν
1668 3635 1749 3704 μὴ
1782 3634 2117 3705 συναναμί-

598 3723 878 3793 γνυσθαι,
935 3718 1047 3774 ἐάν
1107 3736 1198 3786 τις
1254 3718 1519 3787 ἀδελφὸς
1592 3717 2025 3788 ὀνομαζόμενος
2077 3711 2120 3789 ᾖ

597 3806 822 3874 πόρνος
851 3801 888 3870 ἢ
919 3800 1287 3869 πλεονέκτης
1316 3800 1353 3870 ἦ
1383 3799 1826 3869 εἰδωλολάτρης
1856 3799 1895 3870 ἡ
1929 3801 2119 3870 μέθυ-

596 3906 711 3955 σος
738 3888 776 3956 ἣ
806 3885 1080 3957 λοίδορος
1100 3886 1139 3955 ἢ
1160 3885 1381 3956 ἅρπαξ,
1417 3883 1497 3951 τῷ
1526 3884 1772 3953 τοιούτῳ
1788 3885 1947 3957 μηδὲ
1971 3902 2120 3941 συν-

593 3972 842 4029 εσθίειν.

599 4152 670 4199 α’.
696 4143 917 4214 Ἐπειδὴ
946 4141 1052 4213 γὰρ
1075 4137 1248 4205 εἶπεν,
1277 4142 1424 4212 Ούχί
1450 4140 1694 4212 μᾶλλον
1720 4142 2117 4210 ἐπενθήσατε,

528 4231 630 4284 ἵνα
651 4224 873 4296 ἐξαρθῇ
908 4228 939 4280 ὀ
966 4225 1254 4292 τοιοῦτος,
1285 4226 1399 4289 καὶ,
1441 4224 1836 4293 Ἐκκαθάρατε
1869 4223 1983 4294 τὴν
2003 4241 2119 4278 πα-

525 4313 708 4368 λαιὰν
736 4311 954 4380 ζύμην,
998 4309 1095 4364 καλ⁸
1135 4308 1285 4373 εἰκὸς
1319 4304 1387 4380 ἦν
1427 4309 1625 4372 αὐτοὺς
1654 4308 1994 4362 ὑποπτεῦσαι
2037 4310 2119 4362 ὅτι

530 4398 738 4459 πάντας
772 4395 896 4457 τοὺς
935 4393 1165 4465 πόρνους
1189 4395 1271 4446 δεῖ
1298 4391 1521 4462 φεύγειν
1543 4394 1614 4462 (εἰ
1653 4394 1760 4462 γὰρ
1793 4393 2118 4464 μεταδίδωσι

529 4482 627 4550 τῆς
653 4480 858 4543 οἰκείας
882 4476 1060 4548 λύμης
1082 4480 1111 4530 ό
1134 4474 1473 4547 ἡμαρτηκὼς
1490 4478 1602 4540 τοῖς
1626 4477 1725 4546 οὐχ
1747 4476 2115 4546 ἡμαρτηκόσι,

531 4562 712 4632 πολλῷ
754 4561 956 4631 μᾶλλον
996 4561 1122 4623 τοὺς
1160 4559 1358 4624 ἔξωθεν
1401 4558 1845 4629 ἀποστρέφεσθαι
1878 4560 1980 4630 χρή
2011 4575 2023 4588 ⁸
2069 4561 2117 4612 εἰ

530 4644 641 4718 γὰρ
670 4643 765 4697 τοῦ
804 4642 1007 4696 οἰκείου
1037 4642 1097 4695 ού
1128 4642 1211 4695 δεῖ
1239 4640 1518 4711 φείδεσθαι
1547 4641 1635 4696 διά
1667 4642 1728 4695 τὸ
1771 4642 2026 4711 τοιαύτην
2056 4643 2118 4708 ἐξ

527 4727 697 4782 αὑτοῦ
731 4726 935 4797 βλάϐην
965 4724 1247 4793 γίνεσθαι,
1290 4724 1471 4795 πολλῴ
1503 4724 1705 4796 μᾶλλον
1745 4724 1854 4777 τῶν
1884 4725 2079 4797 ἄλλων)
2098 4744 2113 4759 ο

528 4812 722 4866 τούτου
765 4811 822 4864 δὲ
861 4809 1257 4879 ὑπονοουμένου
1287 4808 1501 4879 ἀνάγκη
1544 4805 1614 4880 ἦν
1659 4806 1988 4879 χωρίζεσθαι
2024 4812 2118 4863 καὶ

528 4896 638 4951 τῶν
679 4894 808 4967 παρ’
838 4893 1063 4961 Ἕλλησι
1110 4892 1345 4964 πόρνων,
1391 4892 1486 4945 καί
1513 4891 1689 4954 οὓτως
1733 4894 1813 4955 εἰς
1852 4891 2118 4948 ἀδύνατον

527 4980 621 5035 τοῦ
657 4979 982 5051 πράγματος
1014 4976 1467 5048 περιισταμένου,
1506 4976 1771 5049 μειζόνως
1801 4975 1866 5031 ἂν
1895 4977 2116 5049 ἐδυσχέ-

531 5081 710 5136 ρανον,
770 5064 839 5133 τῇ
898 5057 1281 5131 ἐπιδιορθώσει
1325 5060 1496 5132 ταύτῃ
1555 5060 1843 5133 κέχρηται,
1896 5060 2114 5128 λέγων·

531 5149 803 5217 Ἔγραψα
826 5144 968 5213 ὑμῖν
988 5144 1076 5213 μὴ
1103 5146 1673 5213 συναναμίγνυσθαι
1699 5146 1946 5212 πόρνοις
1968 5162 1981 5175 ·
2018 5145 2116 5200 καὶ

526 5233 600 5285 οὐ
624 5228 863 5293 πάντως
897 5227 1024 5294 τοῖς
1054 5228 1302 5295 πόρνοις
1329 5227 1436 5281 τοῦ
1470 5230 1702 5297 κόσμου
1732 5228 1950 5281 τούτου
1978 5242 1991 5254 ·
2030 5229 2112 5291 τὸ,

528 5313 794 5377 Πάντως,
826 5310 901 5374 ὡς
934 5314 1027 5365 ἐπὶ
1055 5310 1483 5382 ὡμολογημένον
1516 5312 1705 5374 τιθείς.
1740 5311 1860 5364 Ἵνα
1888 5311 1996 5382 γὰρ
2040 5312 2116 5383 μὴ

527 5395 847 5468 νομίσωσιν,
892 5395 975 5448 ὅτι
1020 5394 1098 5458 ὡς
1140 5396 1517 5466 ἀτελεστέροις
1572 5396 1754 5457 αὐτοῖς
1810 5393 1970 5447 τοῦτο
2015 5396 2117 5449 ούκ

527 5476 780 5543 ἐπέταξε,
823 5477 918 5530 καὶ
949 5476 1024 5540 ῶς
1057 5477 1252 5530 τέλειοι
1298 5478 1458 5547 δῆθεν
1500 5478 1632 5531 αὐτὸ
1668 5475 1872 5547 πρᾶξαι
1902 5477 2114 5548 ἐπιχει-

531 5564 762 5635 ρήσωσι,
797 5560 1072 5614 δείκνυσιν
1110 5562 1193 5614 ὃτι
1237 5561 1360 5616 οὐδὲ
1396 5560 1628 5614 δυνατὸν
1648 5561 1808 5614 τοῦτο
1836 5560 2110 5630 γενέσθαι,

527 5650 650 5703 οὐδὲ
692 5651 741 5703 εἰ
781 5647 985 5719 σφόδρα
1027 5647 1325 5717 βούλοιντο·
1371 5647 1494 5700 ἐπεὶ
1539 5648 1734 5717 ἑτέραν
1778 5648 2109 5720 οἰκουμένην

529 5732 635 5785 ἔδει
659 5732 912 5802 ζητῆσαι.
945 5731 1035 5784 Διὸ
1063 5731 1155 5785 καὶ
1174 5733 1473 5802 ἐπήγαγεν·
1521 5730 1679 5783 Ἐπεὶ
1705 5731 1975 5799 ὀφείλετε
1998 5730 2112 5797 ἄρα

531 5814 599 5865 ἐκ
635 5813 740 5867 τοῦ
783 5816 1014 5883 κόσμου
1065 5814 1351 5880 ἐξελθεῖν.
1397 5809 1545 5876 Εἶδες
1586 5814 1702 5876 πῶς
1753 5814 1898 5868 ἐστιν
1937 5816 2111 5869 ἀνεπ-

534 5897 721 5968 αχθὴς,
757 5900 847 5950 καί
894 5900 1170 5970 πανταχοῦ
1201 5900 1258 5953 ού
1288 5899 1345 5953 16
1372 5898 1594 5952 δυνατὸν
1630 5897 1811 5969 μόνον,
1838 5900 1971 5955 ἀλλὰ
2017 5902 2110 5956 καὶ

2229 3304 2293 3358 τὸ
2320 3303 2542 3359 εὔκολον
2570 3307 2669 3377 τῆς
2692 3308 3016 3379 νομοθεσίας
3056 3312 3253 3363 σκοπεῖ
3276 3328 3293 3379 ;
3322 3310 3448 3375 Πῶς
3476 3312 3583 3383 γὰρ
3604 3311 3678 3365 ἔνι
3701 3311 3780 3367 ἀνι

2224 3385 2444 3458 θρωπον
2476 3389 2626 3453 ὄντα,
2672 3393 2825 3461 φησὶ,
2862 3392 2956 3445 καὶ
2993 3392 3170 3457 οἰκίας
3198 3395 3294 3447 καὶ
3326 3395 3532 3449 παίδων
3559 3393 3781 3464 προϊστά-

2225 3488 2406 3542 μενον,
2442 3475 2535 3525 καὶ
2560 3473 2629 3527 τὰ
2659 3475 2759 3541 τῆς
2786 3475 2992 3541 πόλεως
3033 3479 3369 3548 πράττοντα,
3398 3479 3432 3552 ἢ
3464 3478 3784 3552 χειροτέχνην

2221 3556 2371 3621 ὅντα,
2400 3557 2432 3625 ἢ
2480 3560 2928 3630 στρατευόμενον,
2963 3561 3074 3615 τῶν
3107 3562 3376 3618 πλειόνων
3418 3565 3584 3619 ὄντων
3615 3563 3781 3631 Ἐλλή-

2219 3658 2347 3703 νων,
2379 3642 2505 3706 τοῦς
2537 3644 2814 3715 πανταχοῦ
2845 3645 3077 3716 πόρνους
3112 3645 3337 3715 φεύγειν
3369 3665 3383 3715 ;
3436 3649 3660 3720 πόρνους
3690 3645 3784 3716 γὰρ

2224 3723 2375 3796 [155]
2403 3725 2608 3797 κόσμου
2647 3730 2773 3790 τοὺς
2803 3728 2954 3799 παρὰ
2990 3731 3104 3792 τοῖς
3134 3729 3365 3802 Ἕλλησι
3387 3733 3553 3801 λέγει.
3578 3731 3698 3787 Νῦν
3727 3729 3785 3783 δὲ

2220 3804 2459 3874 ἔγραψα
2506 3805 2669 3875 ὑμῖν,
2718 3807 2825 3859 ἐάν
2874 3825 2965 3872 τις
3003 3808 3272 3877 ἀδελφὸς
3310 3805 3352 3882 ᾖ
3399 3813 3673 3875 τοιοῦτος,
3716 3806 3784 3873 τῷ

2225 3890 2473 3954 τοιούτῳ
2514 3889 2672 3958 μηδὲ
2714 3892 3086 3949 συνεσθίειν.
3142 3895 3412 3950 Ἐνταῦθα
3454 3897 3549 3952 καὶ
3590 3896 3784 3966 ἐτέρους

2221 3971 2513 4026 αἰνίττεται
2553 3974 2610 4024 ἐν
2640 3974 2873 4047 πονηρίᾳ
2901 3974 3129 4040 ζῶντας,
3165 3979 3275 4031 Καὶ
3309 3979 3427 4045 πῶς
3463 3979 3678 4049 ἀδελφὸς
3702 3974 3781 4037 ὢν.

2222 4056 2618 4129 εἰδωλολάτρης
2655 4054 2796 4111 εἶναι
2827 4059 3085 4128 δύναται;
3134 4062 3222 4125 Ὠς
3267 4065 3366 4118 ἐπὶ
3401 4066 3511 4119 τῶν
3541 4067 3783 4135 Σαμαρει-

2221 4142 2331 4196 τῶν
2390 4143 2586 4214 συνέϐη
2640 4143 2790 4207 ποτὲ,
2846 4143 2895 4199 οἳ
2947 4145 3005 4212 ἐξ
3060 4147 3319 4216 ἡμισείας
3377 4148 3475 4220 τὴν
3532 4146 3786 4202 εὐσέϐειαν

2224 4225 2484 4299 ᾑροῦντοο
2538 4226 2713 4291 ἄλλως
2750 4227 2808 4281 δὲ
2852 4228 2947 4282 καὶ
2992 4231 3506 4302 προκαταϐἀλλεται
3550 4232 3637 4286 τὸν
3678 4226 3789 4299 περὶ

2221 4311 2330 4365 τῶν
2359 4311 2723 4365 εἰδωλοθύτων
2760 4310 2939 4380 λόγον,
2978 4313 3037 4367 ὃν
3073 4314 3211 4385 μετὰ
3249 4316 3429 4371 ταῦτα
3476 4316 3655 4387 μέλλει
3708 4329 3788 4381 γυ-

2226 4392 2469 4465 μνάζειν.
2504 4394 2982 4463 Ἢπλεονέκτης.
3018 4396 3130 4450 Καὶ
3159 4398 3267 4467 γὰρ
3294 4401 3392 4452 καὶ
3427 4400 3560 4471 πρὸς
3594 4397 3788 4454 τούτους

2223 4478 2519 4532 ἀποδύεται
2545 4495 2557 4507 ο
2609 4478 2691 4532 διὸ
2736 4479 2831 4533 καὶ
2876 4479 3052 4547 ἐλεγεο
3095 4482 3200 4535 Διά
3233 4483 3293 4535 τί
3350 4486 3464 4538 οὐκ
3515 4480 3789 4538 ἀδικεῖσθε

2217 4560 2501 4632 pallor;
2529 4561 2626 4616 διὰ
2670 4563 2729 4616 τί
2769 4564 2882 4617 οὐκ
2939 4564 3405 4633 ἀποστερεῖσθες
3454 4567 3590 4624 ἀλλ’
3642 4561 3789 4632 ὑμεῖς

2223 4644 2483 4699 ἀδικεῖτε
2506 4644 2606 4699 καὶ
2634 4645 3209 4713 ἀποστερεῖτε.-”Η
3226 4649 3524 4719 μέθυσος.
3556 4651 3661 4705 Καὶ
3696 4645 3788 4715 γὰρ

2221 4729 2316 4782 καὶ
2350 4726 2508 4782 τοῦτο
2535 4727 2759 4796 ἐγκαλεῖ
2796 4730 3022 4800 προῖὼν,
3069 4730 3145 4795 ῶς
3189 4732 3319 4786 ὅταν
3362 4734 3495 4806 λέγῃ
3519 4750 3531 4763 ⁸
3569 4726 3790 4799 Ὃςμὲν

2218 4811 2417 4879 πεινᾷ,
2452 4812 2521 4878 ὃς
2553 4812 2622 4866 δὲ
2644 4814 2854 4882 μεθύει
2873 4829 2886 4843 ·
2914 4817 3032 4883 καὶ,
3074 4815 3156 4869 Τὰ
3173 4816 3467 4886 βρώματα
3490 4816 3564 4886 τῇ
3586 4812 3787 4878 κοιλίᾳ.

2220 4898 2320 4951 καὶ
2352 4899 2390 4966 ὴ
2424 4898 2624 4951 κοιλία
2657 4896 2783 4964 τοῖς
2821 4898 3161 4969 βρώμασιν.
3197 4903 3266 4956 Ἢ
3300 4903 3604 4971 λοίδορος,
3634 4899 3669 4968 ἧ
3701 4897 3788 4965 ᾶρ-

2219 4981 2363 5045 παξ.
2404 4980 2516 5034 Καὶ
2565 4980 2675 5052 γὰρ
2718 4982 2809 5035 καὶ
2845 4985 3057 5047 τούτοις
3096 4985 3433 5055 ἐπετίμησεν
3478 4982 3782 5057 ἔμπροσθεν.

2218 5061 2352 5117 Εἶτα
2381 5064 2475 5117 καὶ
2500 5066 2599 5134 τὴν
2628 5065 2809 5119 αἰτίαν
2831 5067 3180 5139 προστίθησι,
3209 5068 3275 5123 δι’
3301 5070 3368 5138 ἢν
3386 5070 3449 5123 ού
3482 5066 3674 5122 κωλύει
3692 5065 3787 5123 τοῖς

2218 5148 2421 5215 ἔξωθεν
2452 5149 2714 5214 τοιούτοις
2748 5146 2902 5204 οὖσιν
2936 5152 3363 5222 ἀναμίγνυσθαι,
3395 5154 3609 5216 δεικνὺς
3635 5151 3712 5204 ὅτι
3735 5147 3787 5199 ού

2223 5234 2384 5303 μόνον
2420 5234 2481 5286 ού
2534 5233 2777 5298 δυνατὸν,
2813 5234 2948 5288 ἀλλά
2989 5238 3084 5289 καὶ
3121 5238 3378 5308 περιττόν
3406 5254 3420 5267 ο
3463 5236 3528 5290 Τί
3560 5236 3666 5304 γάρ
3700 5247 3790 5302 μοι

2219 5319 2320 5373 καὶ
2353 5317 2494 5382 τοὺς
2533 5318 2757 5383 ἔξωθεν
2797 5320 3025 5386 κρίνειν
3038 5336 3056 5382 ;
3086 5324 3214 5384 τοὺς
3252 5321 3363 5374 ἔσω
3389 5322 3485 5375 καί¹
3521 5320 3644 5381 τοὺς
3676 5315 3787 5380 ἕξων

2219 5402 2344 5465 τοὺς
2392 5401 2752 5473 Χριστιανοὺς
2790 5403 2889 5455 καὶ
2919 5404 3045 5466 τους
3078 5404 3351 5473 ’Έλληνας
3394 5404 3595 5466 καλῶν,
3625 5397 3788 5456 καθὼς

2219 5487 2314 5542 καὶ
2340 5486 2573 5556 ἀλλαχοῦ
2608 5504 2741 5555 φησι
2765 5502 2776 5516 ·
2810 5486 2911 5541 Δεῖ
2932 5487 3000 5540 δὲ
3027 5489 3128 5542 καὶ
3153 5490 3490 5558 μαρτυρίαν
3513 5487 3675 5557 ἔχειν
3694 5483 3789 5536 αὺ-

2217 5572 2325 5624 τὸν
2351 5570 2552 5636 καλὴν
2581 5569 2699 5624 ὑπὸ
2732 5568 2848 5623 τῶν
2884 5569 3127 5635 ἔξωθεν.
3178 5572 3290 5627 Καὶ
3330 5574 3389 5626 ἐν
3413 5575 3479 5639 τῇ
3506 5570 3639 5641 πρὸς
3664 5568 3785 5621 Θεσο

2220 5652 2539 5715 σαλονικέας
2569 5653 2626 5706 δὲ
2670 5653 2958 5724 Ἐπιστολῇ
2999 5655 3060 5708 τὸ
3101 5656 3236 5709 αὒτό
3277 5672 3414 5726 φησι
3442 5656 3612 5722 λέγων
3645 5668 3656 5683 ⁵
3699 5645 3785 5711 Μὴ

2217 5736 2755 5804 συναναμίγνυσθε
2802 5736 2983 5802 αὐτῷ,
3024 5739 3125 5794 ἵνα
3153 5738 3423 5807 ἐντραπῇ
3444 5756 3457 5769 θ
3490 5737 3584 5793 καί
3603 5734 3686 5806 μὴ
3713 5734 3781 5793 ὼς

2217 5818 2434 5887 ἐχθρὸν
2491 5818 2754 5888 ἡγεῖσθε,
2800 5821 2964 5877 ἀλλὰ
3009 5823 3467 5888 νουθετεῖτε-ὡς
3512 5817 3779 5886 ἀδελφόν-

2230 5899 2494 5955 Ἐνταῦθα
2524 5903 2706 5973 μέντοι
2754 5905 2853 5975 τὴν
2904 5906 3085 5960 αἰτίαν
3130 5909 3191 5961 ού
3226 5907 3429 5978 τίθησι.
3476 5905 3539 5960 Τί
3570 5904 3779 5974 δήποτεί
