3992 6482
237 418 313 477 ΗΒ
1264 410 1329 469 ιΝ
1367 412 1580 471 El'iST.
1622 411 1641 466 1
1708 412 1797 467 AD
1836 410 1989 465 (iOﬂ.
2034 411 2258 467 llO.\llL.
2302 411 2441 467 XVI.

246 540 347 598 nihil
385 538 581 601 habet,
644 535 885 591 omnium
940 531 1078 589 bona
1121 530 1393 601 possidet?
1425 544 1602 584 annon
1653 528 1821 581 multo

253 632 385 704 magis
430 630 527 685 ille
575 628 671 699 qui
724 627 959 681 omnium
1005 624 1141 678 bona
1192 621 1385 676 habet?
1442 621 1820 691 Nequaquam;

261 728 333 784 sed
359 735 530 781 totum
560 722 915 777 contrarium.
942 718 1074 774 Nam
1115 719 1204 788 qui
1237 715 1368 770 nihil
1417 713 1614 780 habet,
1643 711 1819 765 omni-

257 822 337 877 bus
358 820 627 887 imperat,
662 823 719 867 ut
756 821 810 867 et
839 811 912 865 illi
950 809 1216 865 faciebant
1244 826 1258 862 :
1289 821 1477 862 omnes
1527 805 1672 860 enim
1728 818 1824 872 per

250 913 413 972 orbem
458 907 655 962 domus
705 905 1003 975 ipsiserant
1049 912 1289 973 apertae,
1340 900 1671 971 gratiamque
1719 898 1823 951 illis

253 1004 506 1060 habebant
547 1000 637 1072 qui
669 997 1006 1069 excipiebant
1036 997 1179 1065 ipsos
1211 1036 1225 1059 ,
1254 1004 1308 1049 et
1336 1005 1601 1064 tamquam
1630 991 1696 1046 ad
1727 1006 1823 1045 co-

242 1102 421 1167 gnatos
463 1101 520 1147 et
561 1090 764 1144 amicos
820 1087 1120 1143 veniebant.
1161 1086 1537 1156 Veneruntque
1577 1085 1643 1139 ad
1692 1100 1821 1154 pur-

246 1186 504 1255 purat-iam
528 1224 545 1247 ,
569 1192 622 1237 et
649 1181 737 1236 illa
767 1183 915 1251 quasi
940 1179 1131 1235 ancilla
1162 1192 1256 1232 sua
1280 1178 1410 1247 ipsis
1451 1176 1695 1247 apposuit
1721 1193 1736 1242 ;
1770 1186 1824 1231 et

241 1279 300 1332 ad
330 1276 570 1333 carceris
616 1273 891 1330 cusmdem
922 1313 938 1340 ,
985 1281 1041 1327 et
1082 1272 1173 1326 ille
1222 1281 1386 1325 totam
1442 1271 1574 1339 ipsis
1605 1270 1823 1324 domum

242 1369 445 1439 aperuit
471 1385 488 1433 ;
521 1377 576 1422 et
604 1368 670 1422 ad
695 1367 827 1421 alios
859 1367 1188 1420 innumeros.
1220 1364 1309 1420 Sic
1335 1364 1514 1419 omnia
1534 1362 1822 1426 habebant.

241 1471 293 1517 et
343 1462 478 1516 nihil
510 1459 878 1531 possidebant.
911 1457 1054 1513 Nihil
1106 1457 1249 1513 enim
1281 1471 1500 1512 suorum
1549 1456 1653 1511 sibi
1699 1470 1826 1526 pro-

240 1556 415 1626 prium
443 1569 566 1609 esse
591 1552 839 1607 dicebant
863 1568 877 1607 :
910 1550 1141 1621 ideoque
1168 1550 1348 1606 omnia
1380 1564 1474 1604 sua
1503 1557 1678 1604 erant.
1728 1547 1829 1616 Qui

236 1649 379 1703 enim
410 1647 591 1700 omnia
621 1643 926 1699 communia
955 1652 1128 1713 putat,
1162 1658 1266 1696 non
1307 1641 1419 1696 suis
1449 1650 1653 1696 tantum
1682 1683 1696 1706 ,
1732 1640 1828 1696 sed

233 1747 290 1793 et
318 1738 519 1791 alienis
551 1744 730 1790 utetur
750 1743 806 1789 ut
845 1733 1081 1805 propriis
1110 1751 1122 1787 :
1148 1732 1239 1803 qui
1268 1741 1446 1787 autem
1475 1730 1748 1786 abscindit
1777 1739 1831 1785 et

232 1845 293 1886 se
319 1845 549 1884 suorum
578 1837 781 1882 tantum
811 1826 1086 1881 dominum
1117 1823 1263 1890 facit,
1298 1839 1472 1894 neque
1505 1823 1693 1877 horum
1725 1821 1827 1875 do-

234 1922 418 1976 minus
444 1920 573 1974 erit.
599 1919 664 1973 Et
690 1917 793 1972 hoc
819 1919 886 1971 ab
925 1916 1173 1987 exemplo
1200 1916 1390 1985 liquet.
1421 1913 1522 1983 Qui
1551 1913 1683 1968 nihil
1718 1928 1833 1966 om-

232 2014 363 2066 nino
391 2011 673 2082 possidet,
724 2023 898 2079 neque
925 2008 1144 2062 dumum
1189 2022 1363 2077 neque
1390 2020 1629 2061 mensam
1659 2020 1833 2075 neque

228 2104 570 2174 superﬂuam
603 2111 804 2157 vestem
823 2144 839 2169 ,
888 2101 979 2157 sed
1008 2108 1226 2170 propter
1249 2100 1415 2155 Deum
1449 2098 1696 2154 omnibus
1726 2097 1835 2168 pri-

227 2207 414 2261 vatur,
445 2194 825 2249 communibus
857 2200 917 2246 ut
938 2193 1169 2263 propriis
1199 2192 1384 2254 utitur,
1409 2202 1461 2245 et
1487 2190 1555 2244 ab
1584 2190 1834 2244 omnibus

228 2300 598 2358 quacumque
624 2283 857 2338 voluerit
885 2284 1149 2352 accipiet:
1178 2292 1234 2337 et
1261 2282 1339 2337 sic
1370 2282 1460 2352 qui
1490 2281 1620 2335 nihil
1651 2279 1832 2347 habet,

231 2378 485 2434 omnium
518 2377 661 2432 bona
690 2377 953 2448 possidet.
983 2374 1083 2442 Qui
1116 2386 1294 2431 autem
1329 2374 1492 2430 habet
1520 2375 1697 2444 aliqua
1720 2415 1735 2441 ,
1768 2392 1836 2431 nc

232 2469 435 2526 horum
460 2468 682 2540 quidem
705 2468 954 2522 dominus
985 2467 1108 2521 crit.
1143 2465 1325 2537 Neque
1352 2467 1497 2522 enim
1524 2465 1674 2521 dabit
1717 2466 1837 2538 quis

235 2561 582 2633 possidenti;
610 2570 663 2616 et
690 2561 957 2614 latronum
988 2567 1042 2614 et
1088 2558 1264 2617 furum
1301 2567 1355 2612 et
1383 2558 1835 2630 sycophantarum

234 2664 288 2708 et
310 2652 638 2707 mutationis
680 2665 883 2717 rerum,
922 2660 978 2704 et
1004 2650 1243 2704 omnium
1299 2649 1472 2719 magis
1506 2662 1664 2720 quam
1694 2648 1838 2703 illius

236 2749 357 2803 tunc
377 2748 524 2802 bona
550 2752 730 2800 erunt.
760 2743 952 2798 Totum
982 2743 1127 2797 enim
1148 2743 1332 2797 orbem
1364 2743 1597 2813 pervasit
1616 2742 1836 2809 Paulus,

240 2840 374 2894 nihil
424 2853 616 2893 secum
648 2834 825 2891 ferens
850 2877 864 2901 ,
894 2851 999 2890 non
1032 2834 1234 2889 amicos
1265 2833 1452 2888 adiens
1476 2873 1492 2897 ,
1540 2848 1646 2889 non
1695 2831 1843 2886 fami-

243 2934 439 2995 liares;
476 2939 596 2986 erat
626 2930 768 2985 enim
802 2929 855 2983 in
901 2928 1161 2998 principio
1189 2927 1440 2981 omnibus
1471 2925 1676 2981 hostis:
1705 2934 1842 2979 atta-

246 3041 365 3080 men
399 3025 685 3095 ingressus
727 3036 850 3076 cum
881 3028 1061 3088 esset,
1091 3019 1335 3075 omnium
1382 3019 1617 3075 habebat
1667 3018 1835 3073 bona.

248 3116 489 3170 Ananias
517 3128 646 3167 vero
674 3120 728 3168 et
753 3111 1039 3183 Sapphira,
1068 3119 1318 3166 curantes
1345 3118 1401 3165 ut
1430 3110 1693 3165 tantillum
1717 3108 1843 3180 quid

246 3221 311 3262 ex
332 3206 501 3262 bonis
530 3205 646 3260 suis
674 3203 778 3258 sibi
814 3203 1127 3270 retinerent,
1159 3204 1227 3258 ab
1253 3202 1506 3258 omnibus
1527 3201 1846 3257 exciderunt

3419 422 3520 483 I30

1930 536 1981 580 et
2007 541 2035 579 a
2067 524 2174 580 vita
2203 525 2381 580 simul.
2415 524 2658 580 Abscede
2689 526 2850 596 igitur
2879 543 2908 583 a
2941 530 3063 597 tuis,
3095 541 3148 586 ut
3191 530 3389 589 alienis
3409 548 3520 593 uta.

1930 619 2003 674 ris
2034 619 2182 689 quasi
2212 619 2462 688 propriis.
2494 619 2561 673 At
2589 619 2730 673 enim
2762 622 2944 677 nescio
2965 623 3237 695 quomodo
3275 627 3327 681 in
3370 627 3509 685 hanc

1930 710 2494 789 hyperbolenqdelatus
2525 712 2646 776 sim,
2688 712 2933 769 homines
2953 714 3253 786 alloquens,
3285 719 3377 789 qui
3412 723 3518 775 uti-

1930 819 2051 858 nam
2080 804 2162 857 vel
2188 786 2450 858 tantillum
2482 818 2707 858 suorum
2738 816 2982 877 erogent.

2003 894 2353 967 Eleémosyna:
2379 896 2532 952 bona.
2565 928 2632 936 —
2656 897 2781 953 Ideo
2802 897 2917 954 bene
2950 901 3356 970 perfectioribus
3379 905 3521 962 dicta

1930 1004 1959 1041 a
1991 987 2145 1042 nobis
2174 996 2332 1042 sunto
2358 1004 2373 1054 ;
2410 988 2897 1058 imperfectioribus
2934 1008 3064 1047 vero
3111 994 3197 1049 illa
3229 996 3472 1053 dicamus
3504 1018 3516 1052 :

1932 1079 2061 1134 Date
2106 1079 2289 1150 egenis
2328 1095 2394 1134 ex
2437 1080 2590 1135 bonis
2631 1082 2843 1150 vestris,
2881 1093 3071 1155 augete
3118 1086 3396 1144 facultates
3435 1104 3523 1145 ve-

1930 1178 2068 1224 stras
2096 1187 2109 1224 :
2143 1168 2282 1224 Nam
2334 1172 2422 1238 qui
2461 1172 2550 1225 dat
2603 1174 2850 1242 pauperi,
2883 1173 3075 1244 inquit,
3100 1180 3378 1250 {veneratur
3409 1179 3521 1236 Deo

1933 1262 1952 1332 (
1983 1261 2134 1316 Prov.
2169 1262 2255 1317 i9.
2296 1264 2416 1334 17).
2445 1262 2499 1319 Si
2531 1273 2708 1319 autem
2747 1263 2988 1333 festinas,
3018 1276 3073 1323 et
3102 1284 3206 1323 non
3239 1282 3520 1343 exspectas

1935 1365 2144 1426 tempus
2172 1356 2578 1423 retributionis;
2619 1358 2792 1428 cogita
2823 1373 2919 1413 eos
2956 1361 3044 1429 qui
3078 1364 3330 1432 pecunias
3354 1366 3526 1420 homi-

1933 1445 2092 1501 nibus
2114 1445 2442 1502 faanerantnr
2471 1465 2486 1499 :
2517 1463 2615 1503 nec
2637 1449 2779 1503 enim
2815 1449 2866 1504 hi
2887 1450 3075 1506 volunt
3098 1453 3276 1508 statim
3310 1470 3525 1511 usuram

1934 1541 2199 1610 accipere,
2245 1540 2338 1595 sed
2392 1542 2613 1612 cupiunt
2655 1551 2710 1596 nt
2745 1551 2907 1612 caput
2946 1543 3138 1613 majori
3189 1554 3431 1618 tempore
3476 1550 3527 1604 in

1937 1645 2126 1686 manus
2152 1630 2411 1687 debitoris
2430 1642 2664 1698 maneat,
2688 1634 2777 1703 qni
2807 1634 2872 1689 ad
2901 1633 3079 1691 fmnus
3107 1639 3334 1708 accepit,
3365 1641 3528 1695 modo

1938 1731 2046 1778 tuta
2076 1724 2145 1779 sit
2168 1724 2400 1779 redditio
2429 1740 2528 1781 nec
2552 1736 2835 1797 suspectus
2866 1727 2935 1782 sit
2963 1729 3008 1784 is
3037 1730 3126 1800 qui
3155 1734 3379 1802 accepit.
3416 1733 3532 1789 Huc

1938 1814 2100 1885 igitur
2144 1815 2231 1870 hic
2262 1831 2477 1886 quoque
2516 1817 2606 1872 fiat
2634 1835 2649 1871 :
2677 1817 2887 1874 dimitte
2918 1820 3007 1876 illa
3051 1822 3193 1891 apud
3240 1824 3406 1880 Deum
3429 1868 3443 1890 ,
3474 1836 3533 1881 ut

1938 1907 2129 1962 reddat
2161 1908 2254 1963 tibi
2303 1908 2708 1979 multiplicatam
2756 1912 3084 1968 mercedem.
3125 1913 3203 1970 Ne
3245 1915 3332 1971 hic
3364 1925 3533 1972 totum

1938 2015 2149 2070 quaaras
2176 2018 2189 2054 :
2218 2000 2262 2055 si
2304 2002 2448 2055 enim
2504 2001 2592 2056 hic
2621 2011 2789 2056 totum
2819 2005 3048 2075 recipias
3074 2047 3088 2070 ,
3121 2008 3393 2077 quomodo
3423 2009 3535 2064 illic

1939 2089 2204 2161 recipies?
2250 2090 2376 2146 Ideo
2402 2100 2458 2146 et
2506 2092 2648 2148 Deus
2679 2094 2790 2149 illic
2830 2096 3164 2152 reconditum
3195 2108 3361 2167 tenet,
3389 2102 3533 2171 quod

1942 2182 2047 2238 vita
2079 2183 2195 2239 bare
2225 2183 2364 2239 ﬂuxa
2396 2186 2486 2240 sit.
2532 2187 2633 2240 Dat
2674 2197 2850 2243 tamen
2900 2199 2957 2245 et
3003 2190 3091 2245 hic
3135 2208 3350 2265 quoque
3394 2213 3406 2250 :
3462 2196 3536 2250 ait

1939 2275 2092 2330 enim
2121 2294 2134 2330 :
2171 2274 2399 2342 Quwrite
2442 2293 2653 2348 regnum
2681 2280 2946 2348 calorum,
2974 2291 3019 2334 et
3056 2281 3165 2337 lucc
3192 2287 3360 2338 omnia
3400 2286 3536 2358 adji-

1941 2368 2137 2422 cientur
2154 2369 2292 2423 vobis
2311 2368 2524 2440 (Matth.
2549 2370 2601 2425 6.
2626 2371 2737 2443 55).
2763 2372 2868 2428 Sed
2892 2389 2990 2429 nos
3018 2375 3084 2430 ad
3115 2376 3245 2432 illud
3277 2380 3534 2449 respicia-

1944 2474 2085 2526 mus,
2114 2468 2169 2514 et
2198 2475 2266 2515 ne
2293 2461 2609 2517 festinemus
2635 2463 2702 2517 ad
2731 2465 2970 2519 omnium
3001 2468 3412 2526 retributionem
3438 2514 3454 2539 ,
3483 2482 3541 2527 ut

1944 2565 2013 2606 ne
2044 2552 2350 2607 minuamus
2375 2552 2715 2620 mercedem;
2748 2555 2843 2610 sed
2888 2567 3100 2629 tempus
3137 2572 3536 2629 exspectemus.

1943 2641 2058 2698 Non
2092 2643 2234 2698 enim
2285 2645 2420 2699 tales
2450 2656 2574 2700 sunt
2606 2646 2687 2700 ha:
2737 2662 2950 2714 usurae,
3003 2651 3098 2705 sed
3128 2654 3318 2723 quales
3357 2671 3385 2709 a
3420 2656 3531 2711 Deo

1945 2733 2059 2789 dari
2093 2750 2189 2805 par
2209 2743 2310 2790 est.
2336 2736 2430 2790 llis
2458 2737 2618 2807 igitur
2641 2752 2761 2791 cum
2786 2738 3028 2797 ubertate
3058 2758 3247 2813 magna
3277 2746 3542 2815 collectis,

1948 2826 2019 2879 ita
2045 2825 2168 2880 hinc
2189 2825 2466 2895 abeamus,
2496 2837 2554 2882 ut
2577 2839 2631 2883 et
2652 2830 2935 2898 praesentia
2957 2840 3007 2887 et
3037 2831 3216 2890 futura
3243 2850 3545 2909 consequa-

1948 2935 2071 2974 mur
2115 2919 2279 2985 bona,
2312 2921 2483 2990 gratia
2516 2930 2571 2976 et
2595 2923 2929 2994 benignitate
2960 2926 3167 2983 Domini
3212 2933 3382 2986 nostri
3410 2931 3540 2988 Jesu

1951 3010 2170 3077 Christi,
2217 3014 2430 3082 quicum
2488 3013 2629 3069 Patri
2685 3024 2740 3070 et
2779 3031 2883 3071 una
2932 3017 3152 3088 Spiritui
3197 3033 3386 3078 sancto
3437 3025 3553 3096 glo-

1955 3100 2052 3167 ria,
2088 3102 2396 3173 imperium,
2426 3106 2617 3174 honor,
2654 3124 2796 3164 nunc
2821 3119 2876 3165 et
2904 3124 3146 3182 semper,
3180 3124 3234 3170 et
3264 3117 3316 3170 in
3359 3120 3552 3174 saecula

1959 3195 2305 3251 saeculorum.
2336 3198 2532 3254 Amen.

261 3325 3560 3375 Mm

1641 3398 1991 3464 HOMILIA
2034 3403 2209 3465 XVI.

258 3537 381 3593 Cui.
422 3538 479 3595 5.
520 3551 573 3590 Υ.
608 3534 662 3591 9.
693 3534 890 3605 Scripsi
914 3534 1049 3589 vobis
1074 3535 1128 3590 in
1151 3534 1365 3607 epistola
1393 3554 1413 3592 :
1442 3555 1505 3594 ne
1528 3541 1853 3596 commiscea-

327 3631 450 3684 mini
498 3619 826 3698 fornicariis}
877 3626 964 3700 10.
1011 3642 1113 3681 non
1154 3629 1326 3699 utique
1366 3632 1658 3702 fornicariis
1697 3634 1852 3705 hujus

328 3721 507 3775 mundi
531 3729 619 3773 aut
639 3720 807 3773 avaris
829 3728 918 3773 aut
932 3720 1201 3790 rapacibus
1219 3730 1308 3773 aut
1323 3723 1476 3778 idolis
1500 3726 1850 3782 servientibus:

328 3814 524 3882 alioqui
547 3810 836 3865 debueratis
862 3827 925 3865 ea:
953 3811 1141 3865 mundo
1169 3812 1350 3868 exisse.
1382 3814 1470 3868 11.
1504 3812 1658 3869 Nunc
1687 3827 1853 3870 autem

330 3904 516 3973 scripsi
544 3901 683 3957 vobis
726 3917 826 3956 non
852 3902 1210 3958 commisceri:
1239 3904 1284 3956 si
1308 3907 1386 3970 is,
1431 3905 1516 3975 qui
1557 3909 1717 3976 frater
1763 3925 1857 3962 no-

331 3998 557 4050 minatur
580 3995 714 4047 inter
733 4010 838 4059 vos,
867 4003 940 4048 est
962 3995 1246 4064 fornicator
1265 4006 1353 4049 aut
1380 4013 1564 4051 avarus
1592 4008 1680 4052 aut
1703 3999 1856 4055 idolis

332 4089 555 4143 serviens
582 4095 674 4140 aut
702 4083 926 4140 ebriosus
958 4096 1045 4140 aut
1068 4085 1350 4143 maledicus
1375 4099 1463 4143 aut
1494 4106 1662 4160 rapax
1682 4133 1697 4159 ,
1742 4107 1858 4147 cum

335 4178 635 4252 hujusmodi
663 4194 752 4232 nec
794 4177 959 4232 cibum
990 4194 1210 4233 sumere.
1377 4165 1392 4211 ί

337 4272 388 4327 Ι.
428 4272 567 4338 Quia
599 4270 744 4325 enim
769 4269 940 4336 dixit,
975 4268 1098 4325 Non
1125 4272 1296 4342 potius
1338 4272 1532 4327 luctum
1572 4274 1817 4330 habuistis
1842 4318 1856 4342 ,

277 4376 325 4419 ut
347 4366 409 4419 de
450 4363 621 4417 medio
647 4361 860 4418 tollatur
882 4363 967 4434 qui
991 4372 1067 4417 est
1090 4364 1385 4435 hujusmodi
1406 4381 1425 4429 ,'
1456 4375 1529 4433 et,
1562 4366 1863 4440 Expurgate

277 4467 404 4513 vetus
438 4457 792 4527 fermentum;
836 4464 889 4511 et
919 4455 1209 4512 verisimile
1251 4465 1367 4512 erat
1411 4459 1670 4528 suspicari
1699 4460 1819 4515 illos
1845 4502 1860 4525 ,

277 4552 576 4623 fugiendum
604 4565 725 4608 esse
764 4550 833 4606 ab
860 4552 1110 4607 omnibus
1156 4551 1499 4621 furnicariis;
1551 4555 1595 4611 si
1625 4555 1768 4611 enim
1817 4555 1864 4611 is

274 4645 359 4715 qui
387 4642 636 4714 peccavit
672 4642 867 4697 malum
898 4657 1055 4699 suum
1083 4645 1340 4715 impertiit
1368 4645 1433 4702 iis
1461 4646 1553 4718 qui
1598 4663 1704 4703 non
1734 4663 1864 4718 pec—

275 4744 567 4801 caverunt,
619 4734 790 4791 multo
830 4736 998 4807 magis
1034 4746 1289 4792 externos
1329 4747 1542 4808 oportet
1585 4740 1864 4796 aversari:

278 4844 395 4883 nam
421 4829 466 4883 si
499 4827 749 4883 familiari
794 4843 1015 4898 parcere
1046 4844 1151 4882 non
1182 4837 1431 4899 oportet,
1482 4830 1625 4900 quod
1660 4840 1866 4887 tantum

279 4919 366 4976 ille
393 4919 577 4976 damni
601 4918 812 4985 inferat,
836 4920 1003 4975 multo
1023 4920 1202 4975 minus
1223 4920 1343 4976 aliis
1368 4922 1692 4991 parcendum
1728 4940 1741 4975 :
1766 4924 1869 4980 hoc

291 5012 447 5079 posito
476 5020 899 5066 consentaneum
929 5021 1045 5067 erat
1068 5012 1305 5082 separari
1329 5013 1490 5067 etiam
1520 5028 1548 5067 a
1577 5013 1867 5070 fornicato-

295 5104 422 5158 :ibus
448 5104 544 5175 qui
571 5102 712 5173 apud
737 5102 955 5160 Graecos
984 5114 1156 5170 erant;
1186 5114 1242 5161 et
1277 5105 1323 5160 si
1364 5121 1424 5161 re
1444 5105 1513 5161 ad
1539 5106 1870 5178 impossibile

284 5198 514 5263 redacta,
541 5197 709 5267 magis
725 5211 868 5267 aegre
892 5195 1144 5252 tulissent
1171 5213 1184 5253 :
1216 5198 1315 5253 hac
1340 5200 1678 5254 correctione
1703 5201 1873 5255 utitur

279 5290 493 5346 dicens:
527 5289 726 5359 Scripsi
755 5288 913 5355 vobis,
929 5305 991 5343 ne
1009 5289 1433 5344 commisceamini
1457 5291 1872 5363 fornicatoribus;

278 5394 324 5435 et
351 5398 451 5436 non
477 5382 655 5455 utique
692 5380 1085 5454 fornicatoribus
1112 5380 1266 5449 huius
1290 5382 1470 5436 mundi
1485 5399 1506 5449 ;
1536 5382 1665 5437 illud
1690 5422 1707 5448 ,
1754 5382 1872 5438 Uti-

276 5488 389 5541 que,
423 5472 579 5543 quasi
612 5472 665 5526 in
691 5470 944 5528 confesso
966 5486 1193 5542 ponens.
1221 5471 1297 5528 Ne
1323 5472 1467 5527 enim
1491 5481 1743 5542 putarent
1771 5473 1875 5530 hoc

290 5566 462 5634 ipsum
511 5563 621 5619 illis
660 5579 767 5619 non
796 5563 1116 5634 praecepisse
1151 5565 1305 5634 quasi
1346 5564 1832 5635 imperfectioribus
1860 5607 1874 5632 ,

283 5668 334 5715 et
376 5674 447 5716 ne
495 5658 600 5729 ipsi
631 5666 692 5713 ut
741 5656 962 5728 perfecti
1009 5656 1139 5712 illud
1186 5656 1364 5714 facere
1412 5658 1833 5730 aggrederentur
1860 5700 1874 5727 ,

283 5751 514 5809 ostendit
541 5751 648 5807 hoc
678 5750 792 5805 fieri
819 5764 927 5805 non
958 5764 1115 5821 posse
1138 5790 1155 5817 ,
1197 5751 1410 5807 etiamsi
1432 5752 1488 5808 id
1518 5752 1750 5806 maxime
1781 5767 1877 5808 ve-

289 5842 377 5901 llat
420 5851 752 5919 :oporteret
813 5842 959 5899 enim
1001 5843 1159 5900 alium
1208 5856 1390 5915 quaere
1499 5844 1706 5900 urbem.
1751 5844 1878 5902 ldeo

1954 3544 2257 3615 subjunxit:
2283 3546 2523 3605 Alioquin
2544 3549 2830 3605 debueratis
2852 3569 2915 3607 ex
2932 3554 3123 3609 mundo
3144 3556 3344 3611 exiisse.
3361 3558 3550 3615 Viden‘

1955 3651 2112 3707 quam
2139 3653 2244 3692 non
2267 3639 2524 3695 molestus
2539 3642 2607 3696 sit
2631 3683 2646 3708 ,
2670 3653 2724 3698 et
2742 3645 2935 3714 ubique
2957 3661 3063 3701 non
3084 3648 3244 3704 modo
3262 3652 3404 3720 quod
3442 3653 3558 3708 fieri

1958 3731 2159 3797 possit,
2181 3729 2274 3785 sed
2296 3733 2455 3786 etiam
2500 3733 2644 3803 quod
2677 3734 2834 3791 facile
2863 3736 2932 3790 sit
2963 3736 3018 3792 in
3050 3738 3167 3809 lege
3199 3741 3411 3796 ferenda
3442 3758 3557 3812 per-

1957 3820 2181 3888 Spiciat?
2206 3821 2485 3890 Quomodo
2504 3825 2646 3879 enim
2672 3834 2847 3896 potest
2868 3826 3052 3896 homo,
3073 3832 3267 3903 inquit,
3290 3833 3380 3904 qui
3396 3842 3451 3888 et
3471 3833 3562 3889 do-

1958 3911 2067 3965 mui
2093 3920 2144 3965 et
2179 3912 2364 3967 liberis
2388 3917 2695 3985 praeﬁcitur,
2729 3927 2784 3972 et
2808 3920 3042 3975 civitatis
3064 3937 3286 3977 munera
3320 3934 3560 3993 prmstat,

1958 4013 2051 4058 aut
2070 4005 2161 4075 qui
2181 4005 2371 4061 artifex
2391 4008 2474 4063 vel
2492 4009 2648 4064 miles
2671 4011 2761 4076 sit,
2786 4027 2907 4065 cum
2929 4021 3034 4067 tam
3058 4015 3211 4069 multi
3233 4016 3525 4073 sinterci
3546 4059 3562 4082 ,

1960 4094 2311 4152 fornicatores
2333 4100 2422 4167 qui
2447 4098 2644 4170 ubique
2669 4111 2794 4156 sunt
2814 4102 3030 4173 fugere?
3049 4104 3400 4164 fornicatores
3420 4111 3562 4166 enim

1962 4186 2145 4241 mundi
2172 4200 2327 4243 vocat
2348 4189 2489 4252 illos.
2515 4192 2603 4261 qui
2628 4193 2770 4262 apud
2787 4192 3004 4250 Graecos
3029 4207 3203 4252 erant.
3224 4196 3383 4253 Nunc
3398 4211 3565 4256 autem

1962 4278 2147 4350 scripsi
2188 4280 2326 4335 vobis
2348 4323 2363 4347 ,
2410 4283 2456 4336 si
2507 4284 2618 4353 quis
2650 4288 2808 4354 frater
2836 4285 2956 4342 talis
2997 4288 3101 4354 sit,
3155 4301 3211 4344 ut
3237 4307 3353 4346 cunt
3383 4293 3475 4347 illo
3504 4311 3569 4349 ne

1963 4372 2166 4442 quidem
2192 4373 2486 4427 comedatis.
2518 4374 2617 4431 Hic
2650 4377 2854 4431 etalios
2880 4378 3180 4435 subindicat
3208 4382 3261 4436 in
3289 4383 3566 4454 iniquitate

1965 4465 2226 4520 viventes.
2254 4465 2323 4521 Et
2345 4468 2618 4538 quomodo
2646 4467 2815 4525 frater
2836 4486 2959 4526 cum
2988 4473 3089 4541 sit,
3123 4475 3408 4532 idololatra
3441 4492 3562 4533 esse

1964 4557 2185 4628 potest?
2227 4556 2296 4615 Ut
2335 4560 2474 4631 apud
2504 4561 2874 4619 Samaritanos
2910 4565 3135 4636 contigit
3174 4567 3304 4621 olim
3330 4608 3345 4632 ,
3375 4570 3465 4639 qui
3495 4585 3561 4624 ex

1968 4649 2186 4704 dimidia
2214 4658 2364 4720 parte
2390 4652 2530 4722 piam
2572 4654 2886 4724 religionem
2918 4658 3262 4713 sectabantur
3286 4676 3299 4712 :
3328 4660 3566 4732 alioquin

1969 4742 2132 4798 etiam
2177 4741 2590 4799 fundamentum
2617 4745 2748 4815 jacit
2789 4747 2953 4803 futuri
2990 4751 3259 4805 sermonis
3290 4752 3360 4807 de
3393 4753 3568 4808 idolo-

1970 4835 2135 4911 thytis
2158 4877 2174 4903 ,
2227 4851 2383 4907 quem
2412 4837 2512 4893 sub
2536 4835 2653 4894 hare
2677 4840 3025 4897 instituturus
3059 4853 3161 4899 est.
3204 4844 3307 4898 Aut
3352 4862 3564 4902 avarus.

1968 4926 2100 4982 Nam
2126 4927 2383 4984 adversus
2413 4929 2512 4984 hos
2540 4942 2844 4987 certaturus
2869 4946 2950 4988 est
2977 4950 2992 4999 ;
3038 4934 3267 5006 ideoque
3294 4935 3508 4993 dicebat
3537 4982 3553 5003 ,

1971 5017 2076 5073 Cur
2104 5034 2207 5073 non
2237 5020 2405 5089 potius
2429 5022 2676 5093 injuriam
2701 5024 2984 5092 patimini?
3006 5023 3112 5079 Cur
3137 5043 3238 5082 non
3269 5030 3572 5101 privamini!

1972 5109 2060 5165 sed
2085 5126 2173 5165 vos
2200 5112 2445 5184 injuriam
2474 5113 2644 5183 facitis
2670 5125 2716 5168 et
2745 5116 2954 5185 privatis
2998 5118 3093 5189 (ι.
3125 5118 3246 5176 Cor.
3299 5121 3354 5177 6.
3387 5122 3441 5179 7.
3473 5122 3509 5180 8
3542 5126 3562 5195 )

1972 5201 2072 5255 Aut
2100 5202 2346 5259 ebriosus.
2386 5204 2520 5259 Nam
2549 5209 2648 5260 hac
2676 5221 2889 5280 quoque
2915 5208 2984 5264 de
3021 5225 3081 5265 re
3107 5223 3325 5269 accusat
3376 5215 3431 5271 in
3487 5232 3580 5273 se-

1972 5295 2261 5365 quentibus
2281 5338 2296 5362 ,
2347 5304 2409 5351 ut
2432 5312 2554 5352 cum
2580 5297 2712 5353 dicit
2758 5315 2774 5354 ε
2805 5298 2952 5355 Alius
2978 5301 3181 5371 quidem
3212 5305 3367 5359 esurit
3393 5348 3411 5376 ,
3444 5309 3580 5364 alius

1975 5396 2140 5440 autem
2187 5386 2353 5441 ebrius
2383 5397 2459 5444 est
2492 5390 2511 5459 (
2539 5391 2563 5443 t
2614 5387 2736 5446 Cor.
2766 5391 2852 5445 tl.
2889 5392 2952 5446 2|
2982 5390 3003 5465 )
3038 5411 3051 5448 :
3082 5403 3172 5461 et,
3208 5395 3353 5453 Esca:
3373 5401 3536 5453 ventri
3563 5436 3579 5461 .

1976 5487 2022 5533 et
2050 5489 2220 5533 venter
2262 5481 2389 5535 escis
2421 5480 2521 5553 (1.
2563 5480 2687 5537 Cor.
2737 5481 2790 5538 6.
2843 5482 2979 5556 15).
3022 5472 3125 5539 Aut
3175 5488 3454 5545 maledicus
3489 5473 3574 5544 aut

1975 5589 2162 5643 rapax.
2214 5573 2349 5629 Nam
2378 5583 2433 5630 et
2460 5573 2560 5629 hos
2585 5590 2748 5647 supra
2774 5591 2989 5648 quoque
3014 5579 3330 5651 increpavit.
3374 5582 3580 5636 Deinde.

1979 5664 2140 5718 etiam
2192 5678 2409 5720 causam
2459 5665 2638 5733 addit,
2692 5667 2762 5723 ob
2814 5683 2972 5741 quam
3007 5685 3114 5725 non
3158 5670 3408 5739 prohibet
3454 5686 3577 5728 cum

1985 5756 2259 5822 externis,
2290 5756 2380 5827 qui
2410 5758 2546 5813 tales
2574 5757 2704 5824 sint,
2735 5759 3078 5815 commisceri
3104 5776 3120 5825 ;
3152 5760 3441 5817 ostendens
3471 5779 3578 5827 non

1980 5847 2142 5906 modo
2165 5849 2217 5906 id
2245 5864 2352 5905 non
2380 5848 2496 5907 fieri
2518 5862 2702 5921 posse.
2732 5851 2828 5906 sed
2855 5853 3018 5909 etiam
3046 5852 3374 5926 superﬂuum
3405 5871 3528 5913 esse
3555 5874 3566 5922 ;
