  <div class='ocr_page' id='page_1' title='image "/cluster/home/n/w/nwhite01/storage/ocr_20150623/61:no.10/coo.31924054869619/137.png"; bbox 0 0 3992 6422; ppageno 0'>
   <div class='ocr_carea' id='block_1_1' title="bbox 535 379 2141 462">
    <p class='ocr_par' dir='ltr' id='par_1_1' title="bbox 535 382 2118 462">
     <span class='ocr_line' id='line_1_1' title="bbox 535 382 2118 462; baseline -0.017 0"><span class='ocrx_word' id='word_1_1' title='bbox 535 408 626 462; x_wconf 64' lang='lat' dir='ltr'><strong>IT»!</strong></span> <span class='ocrx_word' id='word_1_2' title='bbox 1241 397 1296 451; x_wconf 86' lang='lat' dir='ltr'><strong>S.</strong></span> <span class='ocrx_word' id='word_1_3' title='bbox 1338 389 1611 448; x_wconf 62' lang='lat' dir='ltr'><strong>JOANNIS</strong></span> <span class='ocrx_word' id='word_1_4' title='bbox 1645 382 2118 443; x_wconf 53' lang='lat' dir='ltr'><strong>CllllYSOSTOMI</strong></span> 
     </span>
    </p>
   </div>
   <div class='ocr_carea' id='block_1_2' title="bbox 2248 379 3768 462">
    <p class='ocr_par' dir='ltr' id='par_1_2' title="bbox 2248 379 3768 440">
     <span class='ocr_line' id='line_1_2' title="bbox 2248 379 3768 440; baseline 0.005 -8"><span class='ocrx_word' id='word_1_5' title='bbox 2248 381 2477 436; x_wconf 49' lang='lat' dir='ltr'><strong>.lilllEP.</strong></span> <span class='ocrx_word' id='word_1_6' title='bbox 2519 379 3048 437; x_wconf 61' lang='lat' dir='ltr'><strong>CUNSTAXTINOI’.</strong></span> <span class='ocrx_word' id='word_1_7' title='bbox 3689 385 3768 440; x_wconf 67' lang='lat' dir='ltr'><strong>l&#39;rl</strong></span> 
     </span>
    </p>
   </div>
   <div class='ocr_carea' id='block_1_3' title="bbox 538 497 2122 586">
    <p class='ocr_par' dir='ltr' id='par_1_3' title="bbox 538 497 2122 586">
     <span class='ocr_line' id='line_1_3' title="bbox 538 497 2122 586; baseline -0.016 -12"><span class='ocrx_word' id='word_1_8' title='bbox 538 520 619 574; x_wconf 74' lang='grc' dir='ltr'><strong>η.</strong></span> <span class='ocrx_word' id='word_1_9' title='bbox 667 519 802 586; x_wconf 78' lang='lat' dir='ltr'><strong>Quid</strong></span> <span class='ocrx_word' id='word_1_10' title='bbox 858 515 991 570; x_wconf 86' lang='lat' dir='ltr'><strong>enim</strong></span> <span class='ocrx_word' id='word_1_11' title='bbox 1034 511 1152 562; x_wconf 81' lang='lat' dir='ltr'><strong>mihi</strong></span> <span class='ocrx_word' id='word_1_12' title='bbox 1198 509 1259 560; x_wconf 77' lang='lat' dir='ltr'><strong>de</strong></span> <span class='ocrx_word' id='word_1_13' title='bbox 1297 508 1357 558; x_wconf 79' lang='lat' dir='ltr'><strong>iis</strong></span> <span class='ocrx_word' id='word_1_14' title='bbox 1386 506 1469 574; x_wconf 90' lang='lat' dir='ltr'><strong>qui</strong></span> <span class='ocrx_word' id='word_1_15' title='bbox 1511 503 1637 571; x_wconf 80' lang='lat' dir='ltr'><strong>furis</strong></span> <span class='ocrx_word' id='word_1_16' title='bbox 1681 511 1797 554; x_wconf 89' lang='lat' dir='ltr'><strong>sunt</strong></span> <span class='ocrx_word' id='word_1_17' title='bbox 1834 497 2122 568; x_wconf 77' lang='lat' dir='ltr'><strong>judicare?</strong></span> 
     </span>
    </p>
   </div>
   <div class='ocr_carea' id='block_1_4' title="bbox 535 593 2124 678">
    <p class='ocr_par' dir='ltr' id='par_1_4' title="bbox 535 593 2124 678">
     <span class='ocr_line' id='line_1_4' title="bbox 535 593 2124 678; baseline -0.013 -16"><span class='ocrx_word' id='word_1_18' title='bbox 535 626 627 664; x_wconf 81' lang='lat' dir='ltr'><strong>eos</strong></span> <span class='ocrx_word' id='word_1_19' title='bbox 656 609 746 678; x_wconf 91' lang='lat' dir='ltr'><strong>qui</strong></span> <span class='ocrx_word' id='word_1_20' title='bbox 777 609 920 660; x_wconf 88' lang='lat' dir='ltr'><strong>intus</strong></span> <span class='ocrx_word' id='word_1_21' title='bbox 957 613 1011 658; x_wconf 90' lang='lat' dir='ltr'><strong>et</strong></span> <span class='ocrx_word' id='word_1_22' title='bbox 1041 602 1127 670; x_wconf 89' lang='lat' dir='ltr'><strong>qui</strong></span> <span class='ocrx_word' id='word_1_23' title='bbox 1161 599 1286 653; x_wconf 88' lang='lat' dir='ltr'><strong>foris</strong></span> <span class='ocrx_word' id='word_1_24' title='bbox 1325 606 1453 650; x_wconf 92' lang='lat' dir='ltr'><strong>sunt</strong></span> <span class='ocrx_word' id='word_1_25' title='bbox 1479 593 1816 648; x_wconf 52' lang='lat' dir='ltr'><strong>Christianos</strong></span> <span class='ocrx_word' id='word_1_26' title='bbox 1843 604 2038 642; x_wconf 81' lang='lat' dir='ltr'><strong>vocans</strong></span> <span class='ocrx_word' id='word_1_27' title='bbox 2067 599 2124 641; x_wconf 89' lang='lat' dir='ltr'><strong>et</strong></span> 
     </span>
    </p>
   </div>
   <div class='ocr_carea' id='block_1_5' title="bbox 535 684 2125 757">
    <p class='ocr_par' dir='ltr' id='par_1_5' title="bbox 535 684 2125 757">
     <span class='ocr_line' id='line_1_5' title="bbox 535 684 2125 757; baseline -0.015 -2"><span class='ocrx_word' id='word_1_28' title='bbox 535 702 750 755; x_wconf 74' lang='lat' dir='ltr'><strong>Crzncos</strong></span> <span class='ocrx_word' id='word_1_29' title='bbox 783 717 795 751; x_wconf 92' lang='lat'>:</span> <span class='ocrx_word' id='word_1_30' title='bbox 829 708 884 749; x_wconf 92' lang='lat' dir='ltr'><strong>ut</strong></span> <span class='ocrx_word' id='word_1_31' title='bbox 928 705 981 749; x_wconf 90' lang='lat' dir='ltr'><strong>et</strong></span> <span class='ocrx_word' id='word_1_32' title='bbox 1025 692 1147 744; x_wconf 88' lang='lat' dir='ltr'><strong>alibi</strong></span> <span class='ocrx_word' id='word_1_33' title='bbox 1189 691 1258 742; x_wconf 89' lang='lat' dir='ltr'><strong>ait</strong></span> <span class='ocrx_word' id='word_1_34' title='bbox 1295 706 1304 741; x_wconf 92' lang='lat'>:</span> <span class='ocrx_word' id='word_1_35' title='bbox 1340 689 1551 757; x_wconf 79' lang='lat' dir='ltr'><strong>Oportet</strong></span> <span class='ocrx_word' id='word_1_36' title='bbox 1587 695 1751 738; x_wconf 79' lang='lat' dir='ltr'><strong>autent</strong></span> <span class='ocrx_word' id='word_1_37' title='bbox 1792 684 1936 735; x_wconf 84' lang='lat' dir='ltr'><strong>illum</strong></span> <span class='ocrx_word' id='word_1_38' title='bbox 1971 693 2017 734; x_wconf 82' lang='lat' dir='ltr'><strong>et</strong></span> <span class='ocrx_word' id='word_1_39' title='bbox 2048 690 2125 732; x_wconf 80' lang='lat' dir='ltr'><strong>te-</strong></span> 
     </span>
    </p>
   </div>
   <div class='ocr_carea' id='block_1_6' title="bbox 537 769 2122 846">
    <p class='ocr_par' dir='ltr' id='par_1_6' title="bbox 537 769 2122 846">
     <span class='ocr_line' id='line_1_6' title="bbox 537 769 2122 846; baseline -0.014 -3"><span class='ocrx_word' id='word_1_40' title='bbox 537 789 829 842; x_wconf 73' lang='lat' dir='ltr'><strong>stimonium</strong></span> <span class='ocrx_word' id='word_1_41' title='bbox 865 784 1044 837; x_wconf 81' lang='lat' dir='ltr'><strong>habere</strong></span> <span class='ocrx_word' id='word_1_42' title='bbox 1072 782 1252 832; x_wconf 85' lang='lat' dir='ltr'><strong>bonum</strong></span> <span class='ocrx_word' id='word_1_43' title='bbox 1279 779 1341 830; x_wconf 87' lang='lat' dir='ltr'><strong>ab</strong></span> <span class='ocrx_word' id='word_1_44' title='bbox 1368 778 1429 830; x_wconf 86' lang='lat' dir='ltr'><strong>iis</strong></span> <span class='ocrx_word' id='word_1_45' title='bbox 1449 777 1534 846; x_wconf 88' lang='lat' dir='ltr'><strong>qui</strong></span> <span class='ocrx_word' id='word_1_46' title='bbox 1565 776 1691 845; x_wconf 75' lang='lat' dir='ltr'><strong>{oris</strong></span> <span class='ocrx_word' id='word_1_47' title='bbox 1730 781 1846 826; x_wconf 86' lang='lat' dir='ltr'><strong>sunt</strong></span> <span class='ocrx_word' id='word_1_48' title='bbox 1887 773 1962 841; x_wconf 84' lang='grc'><strong>(1.</strong></span> <span class='ocrx_word' id='word_1_49' title='bbox 1991 769 2122 823; x_wconf 80' lang='lat' dir='ltr'><strong>Tim.</strong></span> 
     </span>
    </p>
   </div>
   <div class='ocr_carea' id='block_1_7' title="bbox 536 863 2125 950">
    <p class='ocr_par' dir='ltr' id='par_1_7' title="bbox 536 863 2125 950">
     <span class='ocr_line' id='line_1_7' title="bbox 536 863 2125 950; baseline -0.013 -13"><span class='ocrx_word' id='word_1_50' title='bbox 536 887 586 938; x_wconf 77' lang='lat'><strong>5.</strong></span> <span class='ocrx_word' id='word_1_51' title='bbox 629 885 658 935; x_wconf 86' lang='lat'><strong>7</strong></span> <span class='ocrx_word' id='word_1_52' title='bbox 688 889 726 950; x_wconf 83' lang='lat'><strong>).</strong></span> <span class='ocrx_word' id='word_1_53' title='bbox 769 879 835 933; x_wconf 85' lang='lat' dir='ltr'><strong>Et</strong></span> <span class='ocrx_word' id='word_1_54' title='bbox 881 879 932 930; x_wconf 90' lang='lat' dir='ltr'><strong>in</strong></span> <span class='ocrx_word' id='word_1_55' title='bbox 961 874 1184 944; x_wconf 87' lang='lat' dir='ltr'><strong>epistola</strong></span> <span class='ocrx_word' id='word_1_56' title='bbox 1230 871 1296 924; x_wconf 88' lang='lat' dir='ltr'><strong>ad</strong></span> <span class='ocrx_word' id='word_1_57' title='bbox 1344 867 1854 923; x_wconf 75' lang='lat' dir='ltr'><strong>&#39;I‘hessalonicenscs</strong></span> <span class='ocrx_word' id='word_1_58' title='bbox 1896 863 2125 932; x_wconf 86' lang='lat' dir='ltr'><strong>idipsum</strong></span> 
     </span>
    </p>
   </div>
   <div class='ocr_carea' id='block_1_8' title="bbox 541 957 2128 1028">
    <p class='ocr_par' dir='ltr' id='par_1_8' title="bbox 541 957 2128 1028">
     <span class='ocr_line' id='line_1_8' title="bbox 541 957 2128 1028; baseline -0.013 0"><span class='ocrx_word' id='word_1_59' title='bbox 541 975 666 1028; x_wconf 90' lang='lat' dir='ltr'><strong>dicit</strong></span> <span class='ocrx_word' id='word_1_60' title='bbox 718 971 802 1024; x_wconf 92' lang='lat' dir='ltr'><strong>bis</strong></span> <span class='ocrx_word' id='word_1_61' title='bbox 845 967 1026 1024; x_wconf 71' lang='lat' dir='ltr'><strong>verbis</strong></span> <span class='ocrx_word' id='word_1_62' title='bbox 1074 963 1202 1018; x_wconf 85' lang='lat' dir='ltr'><strong>:Ne</strong></span> <span class='ocrx_word' id='word_1_63' title='bbox 1241 960 1666 1016; x_wconf 82' lang='lat' dir='ltr'><strong>commisceamini</strong></span> <span class='ocrx_word' id='word_1_64' title='bbox 1712 975 1827 1011; x_wconf 88' lang='lat' dir='ltr'><strong>cum</strong></span> <span class='ocrx_word' id='word_1_65' title='bbox 1872 957 1983 1025; x_wconf 86' lang='lat' dir='ltr'><strong>ipso</strong></span> <span class='ocrx_word' id='word_1_66' title='bbox 2010 997 2022 1020; x_wconf 93' lang='lat'><strong>,</strong></span> <span class='ocrx_word' id='word_1_67' title='bbox 2074 965 2128 1007; x_wconf 89' lang='lat' dir='ltr'><strong>ut</strong></span> 
     </span>
    </p>
   </div>
   <div class='ocr_carea' id='block_1_9' title="bbox 537 1044 2130 1136">
    <p class='ocr_par' dir='ltr' id='par_1_9' title="bbox 537 1044 2130 1136">
     <span class='ocr_line' id='line_1_9' title="bbox 537 1044 2130 1136; baseline -0.012 -18"><span class='ocrx_word' id='word_1_68' title='bbox 537 1063 874 1136; x_wconf 74' lang='lat' dir='ltr'><strong>confundatur</strong></span> <span class='ocrx_word' id='word_1_69' title='bbox 905 1075 922 1114; x_wconf 88' lang='lat'><em>:</em></span> <span class='ocrx_word' id='word_1_70' title='bbox 955 1068 1007 1112; x_wconf 89' lang='lat' dir='ltr'><strong>et</strong></span> <span class='ocrx_word' id='word_1_71' title='bbox 1031 1100 1046 1122; x_wconf 89' lang='lat'><strong>,</strong></span> <span class='ocrx_word' id='word_1_72' title='bbox 1084 1055 1256 1110; x_wconf 81' lang='lat' dir='ltr'><strong>Nolite</strong></span> <span class='ocrx_word' id='word_1_73' title='bbox 1295 1064 1345 1106; x_wconf 87' lang='lat' dir='ltr'><strong>ut</strong></span> <span class='ocrx_word' id='word_1_74' title='bbox 1383 1053 1639 1106; x_wconf 85' lang='lat' dir='ltr'><strong>inimicum</strong></span> <span class='ocrx_word' id='word_1_75' title='bbox 1668 1050 1957 1104; x_wconf 75' lang='lat' dir='ltr'><strong>existimare</strong></span> <span class='ocrx_word' id='word_1_76' title='bbox 1983 1088 1999 1113; x_wconf 93' lang='lat'><strong>,</strong></span> <span class='ocrx_word' id='word_1_77' title='bbox 2041 1044 2130 1100; x_wconf 77' lang='lat' dir='ltr'><strong>sed</strong></span> 
     </span>
    </p>
   </div>
   <div class='ocr_carea' id='block_1_10' title="bbox 543 1139 2131 1219">
    <p class='ocr_par' dir='ltr' id='par_1_10' title="bbox 543 1139 2131 1219">
     <span class='ocr_line' id='line_1_10' title="bbox 543 1139 2131 1219; baseline -0.011 -9"><span class='ocrx_word' id='word_1_78' title='bbox 543 1157 806 1210; x_wconf 84' lang='lat' dir='ltr'><strong>admonete</strong></span> <span class='ocrx_word' id='word_1_79' title='bbox 847 1162 901 1205; x_wconf 90' lang='lat' dir='ltr'><strong>ut</strong></span> <span class='ocrx_word' id='word_1_80' title='bbox 951 1151 1157 1219; x_wconf 76' lang='lat' dir='ltr'><strong>fratrem</strong></span> <span class='ocrx_word' id='word_1_81' title='bbox 1187 1148 1261 1214; x_wconf 70' lang='lat'><strong>(2.</strong></span> <span class='ocrx_word' id='word_1_82' title='bbox 1291 1146 1471 1198; x_wconf 80' lang='lat' dir='ltr'><strong>Thess.</strong></span> <span class='ocrx_word' id='word_1_83' title='bbox 1501 1143 1554 1198; x_wconf 78' lang='lat'><strong>3.</strong></span> <span class='ocrx_word' id='word_1_84' title='bbox 1591 1142 1672 1197; x_wconf 71' lang='grc'><strong>14.</strong></span> <span class='ocrx_word' id='word_1_85' title='bbox 1705 1142 1814 1209; x_wconf 84' lang='lat' dir='ltr'><strong>l5).</strong></span> <span class='ocrx_word' id='word_1_86' title='bbox 1845 1139 1940 1193; x_wconf 88' lang='lat' dir='ltr'><strong>llic</strong></span> <span class='ocrx_word' id='word_1_87' title='bbox 1968 1152 2131 1208; x_wconf 88' lang='lat' dir='ltr'><strong>porro</strong></span> 
     </span>
    </p>
   </div>
   <div class='ocr_carea' id='block_1_11' title="bbox 539 1231 2129 1316">
    <p class='ocr_par' dir='ltr' id='par_1_11' title="bbox 539 1231 2129 1316">
     <span class='ocr_line' id='line_1_11' title="bbox 539 1231 2129 1316; baseline -0.013 -11"><span class='ocrx_word' id='word_1_88' title='bbox 539 1265 754 1304; x_wconf 75' lang='lat' dir='ltr'><strong>causam</strong></span> <span class='ocrx_word' id='word_1_89' title='bbox 787 1263 892 1301; x_wconf 90' lang='lat' dir='ltr'><strong>non</strong></span> <span class='ocrx_word' id='word_1_90' title='bbox 918 1245 1089 1316; x_wconf 88' lang='lat' dir='ltr'><strong>ponit.</strong></span> <span class='ocrx_word' id='word_1_91' title='bbox 1117 1241 1316 1309; x_wconf 85' lang='lat' dir='ltr'><strong>Quare?</strong></span> <span class='ocrx_word' id='word_1_92' title='bbox 1339 1239 1470 1305; x_wconf 87' lang='lat' dir='ltr'><strong>Quia</strong></span> <span class='ocrx_word' id='word_1_93' title='bbox 1499 1238 1605 1291; x_wconf 89' lang='lat' dir='ltr'><strong>illic</strong></span> <span class='ocrx_word' id='word_1_94' title='bbox 1627 1235 1840 1306; x_wconf 81' lang='lat' dir='ltr'><strong>quidem</strong></span> <span class='ocrx_word' id='word_1_95' title='bbox 1863 1231 2129 1288; x_wconf 76' lang='lat' dir='ltr'><strong>consolari</strong></span> 
     </span>
    </p>
   </div>
   <div class='ocr_carea' id='block_1_12' title="bbox 541 1326 2133 1405">
    <p class='ocr_par' dir='ltr' id='par_1_12' title="bbox 541 1326 2133 1405">
     <span class='ocr_line' id='line_1_12' title="bbox 541 1326 2133 1405; baseline -0.011 -9"><span class='ocrx_word' id='word_1_96' title='bbox 541 1342 789 1405; x_wconf 86' lang='lat' dir='ltr'><strong>volebat,</strong></span> <span class='ocrx_word' id='word_1_97' title='bbox 839 1339 924 1393; x_wconf 90' lang='lat' dir='ltr'><strong>hic</strong></span> <span class='ocrx_word' id='word_1_98' title='bbox 957 1353 1087 1390; x_wconf 86' lang='lat' dir='ltr'><strong>vero</strong></span> <span class='ocrx_word' id='word_1_99' title='bbox 1117 1349 1222 1388; x_wconf 93' lang='lat' dir='ltr'><strong>non</strong></span> <span class='ocrx_word' id='word_1_100' title='bbox 1267 1334 1414 1386; x_wconf 88' lang='lat' dir='ltr'><strong>item.</strong></span> <span class='ocrx_word' id='word_1_101' title='bbox 1477 1330 1590 1384; x_wconf 72' lang='lat' dir='ltr'><strong>Non</strong></span> <span class='ocrx_word' id='word_1_102' title='bbox 1637 1329 1778 1381; x_wconf 86' lang='lat' dir='ltr'><strong>enim</strong></span> <span class='ocrx_word' id='word_1_103' title='bbox 1825 1326 1966 1379; x_wconf 91' lang='lat' dir='ltr'><strong>idem</strong></span> <span class='ocrx_word' id='word_1_104' title='bbox 1991 1337 2133 1378; x_wconf 89' lang='lat' dir='ltr'><strong>nunc</strong></span> 
     </span>
    </p>
   </div>
   <div class='ocr_carea' id='block_1_13' title="bbox 541 1415 2132 1504">
    <p class='ocr_par' dir='ltr' id='par_1_13' title="bbox 541 1415 2132 1504">
     <span class='ocr_line' id='line_1_13' title="bbox 541 1415 2132 1504; baseline -0.011 -17"><span class='ocrx_word' id='word_1_105' title='bbox 541 1445 816 1504; x_wconf 82' lang='lat' dir='ltr'><strong>peceatum</strong></span> <span class='ocrx_word' id='word_1_106' title='bbox 859 1439 943 1485; x_wconf 87' lang='lat' dir='ltr'><strong>est</strong></span> <span class='ocrx_word' id='word_1_107' title='bbox 985 1427 1128 1498; x_wconf 90' lang='lat' dir='ltr'><strong>quod</strong></span> <span class='ocrx_word' id='word_1_108' title='bbox 1175 1425 1284 1479; x_wconf 88' lang='lat' dir='ltr'><strong>illic</strong></span> <span class='ocrx_word' id='word_1_109' title='bbox 1313 1433 1426 1478; x_wconf 87' lang='lat' dir='ltr'><strong>crat</strong></span> <span class='ocrx_word' id='word_1_110' title='bbox 1452 1462 1465 1484; x_wconf 90' lang='lat'><strong>,</strong></span> <span class='ocrx_word' id='word_1_111' title='bbox 1511 1421 1606 1476; x_wconf 81' lang='lat' dir='ltr'><strong>sed</strong></span> <span class='ocrx_word' id='word_1_112' title='bbox 1663 1421 1770 1472; x_wconf 88' lang='lat' dir='ltr'><strong>illic.</strong></span> <span class='ocrx_word' id='word_1_113' title='bbox 1802 1419 1979 1472; x_wconf 89' lang='lat' dir='ltr'><strong>minus</strong></span> <span class='ocrx_word' id='word_1_114' title='bbox 2014 1434 2027 1469; x_wconf 88' lang='lat'><strong>:</strong></span> <span class='ocrx_word' id='word_1_115' title='bbox 2061 1415 2132 1470; x_wconf 88' lang='lat' dir='ltr'><strong>de</strong></span> 
     </span>
    </p>
   </div>
   <div class='ocr_carea' id='block_1_14' title="bbox 541 1509 2134 1581">
    <p class='ocr_par' dir='ltr' id='par_1_14' title="bbox 541 1509 2134 1581">
     <span class='ocr_line' id='line_1_14' title="bbox 541 1509 2134 1581; baseline -0.012 0"><span class='ocrx_word' id='word_1_116' title='bbox 541 1529 650 1581; x_wconf 91' lang='lat' dir='ltr'><strong>otio</strong></span> <span class='ocrx_word' id='word_1_117' title='bbox 680 1526 822 1580; x_wconf 88' lang='lat' dir='ltr'><strong>enim</strong></span> <span class='ocrx_word' id='word_1_118' title='bbox 851 1523 957 1576; x_wconf 91' lang='lat' dir='ltr'><strong>illic</strong></span> <span class='ocrx_word' id='word_1_119' title='bbox 987 1522 1274 1574; x_wconf 75' lang='lat' dir='ltr'><strong>accusabat</strong></span> <span class='ocrx_word' id='word_1_120' title='bbox 1299 1557 1314 1581; x_wconf 87' lang='lat'><strong>,</strong></span> <span class='ocrx_word' id='word_1_121' title='bbox 1347 1516 1432 1570; x_wconf 92' lang='lat' dir='ltr'><strong>hic</strong></span> <span class='ocrx_word' id='word_1_122' title='bbox 1452 1515 1520 1570; x_wconf 90' lang='lat' dir='ltr'><strong>de</strong></span> <span class='ocrx_word' id='word_1_123' title='bbox 1552 1513 1903 1567; x_wconf 83' lang='lat' dir='ltr'><strong>fornicatione</strong></span> <span class='ocrx_word' id='word_1_124' title='bbox 1931 1521 1981 1562; x_wconf 85' lang='lat' dir='ltr'><strong>et</strong></span> <span class='ocrx_word' id='word_1_125' title='bbox 2011 1509 2134 1562; x_wconf 86' lang='lat' dir='ltr'><strong>aliis</strong></span> 
     </span>
    </p>
   </div>
   <div class='ocr_carea' id='block_1_15' title="bbox 543 1602 2129 1690">
    <p class='ocr_par' dir='ltr' id='par_1_15' title="bbox 543 1602 2129 1690">
     <span class='ocr_line' id='line_1_15' title="bbox 543 1602 2129 1690; baseline -0.012 -17"><span class='ocrx_word' id='word_1_126' title='bbox 543 1619 873 1690; x_wconf 77' lang='lat' dir='ltr'><strong>gravissimis</strong></span> <span class='ocrx_word' id='word_1_127' title='bbox 901 1613 1152 1685; x_wconf 85' lang='lat' dir='ltr'><strong>peccatis.</strong></span> <span class='ocrx_word' id='word_1_128' title='bbox 1192 1611 1256 1664; x_wconf 85' lang='lat' dir='ltr'><strong>Et</strong></span> <span class='ocrx_word' id='word_1_129' title='bbox 1283 1610 1326 1664; x_wconf 90' lang='lat' dir='ltr'><strong>si</strong></span> <span class='ocrx_word' id='word_1_130' title='bbox 1369 1609 1488 1679; x_wconf 87' lang='lat' dir='ltr'><strong>quis</strong></span> <span class='ocrx_word' id='word_1_131' title='bbox 1525 1607 1742 1662; x_wconf 62' lang='lat' dir='ltr'><strong>Gratciis</strong></span> <span class='ocrx_word' id='word_1_132' title='bbox 1787 1603 1936 1658; x_wconf 89' lang='lat' dir='ltr'><strong>adire</strong></span> <span class='ocrx_word' id='word_1_133' title='bbox 1965 1602 2129 1665; x_wconf 90' lang='lat' dir='ltr'><strong>velit,</strong></span> 
     </span>
    </p>
   </div>
   <div class='ocr_carea' id='block_1_16' title="bbox 547 1695 2134 1783">
    <p class='ocr_par' dir='ltr' id='par_1_16' title="bbox 547 1695 2134 1783">
     <span class='ocr_line' id='line_1_16' title="bbox 547 1695 2134 1783; baseline -0.013 -16"><span class='ocrx_word' id='word_1_134' title='bbox 547 1731 650 1767; x_wconf 83' lang='lat' dir='ltr'><strong>non</strong></span> <span class='ocrx_word' id='word_1_135' title='bbox 675 1711 922 1783; x_wconf 89' lang='lat' dir='ltr'><strong>prohibet</strong></span> <span class='ocrx_word' id='word_1_136' title='bbox 951 1724 1068 1763; x_wconf 87' lang='lat' dir='ltr'><strong>cum</strong></span> <span class='ocrx_word' id='word_1_137' title='bbox 1100 1707 1202 1760; x_wconf 87' lang='lat' dir='ltr'><strong>illis</strong></span> <span class='ocrx_word' id='word_1_138' title='bbox 1228 1704 1511 1759; x_wconf 90' lang='lat' dir='ltr'><strong>comedere</strong></span> <span class='ocrx_word' id='word_1_139' title='bbox 1535 1744 1548 1766; x_wconf 88' lang='lat'><strong>,</strong></span> <span class='ocrx_word' id='word_1_140' title='bbox 1589 1700 1659 1753; x_wconf 90' lang='lat' dir='ltr'><strong>ob</strong></span> <span class='ocrx_word' id='word_1_141' title='bbox 1709 1698 1952 1753; x_wconf 88' lang='lat' dir='ltr'><strong>eamdem</strong></span> <span class='ocrx_word' id='word_1_142' title='bbox 1983 1695 2134 1748; x_wconf 88' lang='lat' dir='ltr'><strong>vide-</strong></span> 
     </span>
    </p>
   </div>
   <div class='ocr_carea' id='block_1_17' title="bbox 549 1788 2134 1863">
    <p class='ocr_par' dir='ltr' id='par_1_17' title="bbox 549 1788 2134 1863">
     <span class='ocr_line' id='line_1_17' title="bbox 549 1788 2134 1863; baseline -0.011 -5"><span class='ocrx_word' id='word_1_143' title='bbox 549 1807 672 1859; x_wconf 87' lang='lat' dir='ltr'><strong>licet</strong></span> <span class='ocrx_word' id='word_1_144' title='bbox 697 1817 930 1855; x_wconf 83' lang='lat' dir='ltr'><strong>causam.</strong></span> <span class='ocrx_word' id='word_1_145' title='bbox 983 1800 1070 1852; x_wconf 89' lang='lat' dir='ltr'><strong>Sic</strong></span> <span class='ocrx_word' id='word_1_146' title='bbox 1101 1808 1153 1850; x_wconf 87' lang='lat' dir='ltr'><strong>et</strong></span> <span class='ocrx_word' id='word_1_147' title='bbox 1197 1813 1292 1851; x_wconf 90' lang='lat' dir='ltr'><strong>nos</strong></span> <span class='ocrx_word' id='word_1_148' title='bbox 1324 1809 1536 1863; x_wconf 86' lang='lat' dir='ltr'><strong>quoque</strong></span> <span class='ocrx_word' id='word_1_149' title='bbox 1583 1792 1803 1845; x_wconf 75' lang='lat' dir='ltr'><strong>facimus</strong></span> <span class='ocrx_word' id='word_1_150' title='bbox 1839 1807 1851 1842; x_wconf 88' lang='lat'><strong>:</strong></span> <span class='ocrx_word' id='word_1_151' title='bbox 1887 1805 1983 1858; x_wconf 83' lang='lat' dir='ltr'><strong>pro</strong></span> <span class='ocrx_word' id='word_1_152' title='bbox 2012 1788 2134 1841; x_wconf 88' lang='lat' dir='ltr'><strong>liliis</strong></span> 
     </span>
    </p>
   </div>
   <div class='ocr_carea' id='block_1_18' title="bbox 547 1884 2134 1953">
    <p class='ocr_par' dir='ltr' id='par_1_18' title="bbox 547 1884 2134 1953">
     <span class='ocr_line' id='line_1_18' title="bbox 547 1884 2134 1953; baseline -0.013 -3"><span class='ocrx_word' id='word_1_153' title='bbox 547 1908 601 1950; x_wconf 88' lang='lat' dir='ltr'><strong>et</strong></span> <span class='ocrx_word' id='word_1_154' title='bbox 630 1894 881 1948; x_wconf 72' lang='lat' dir='ltr'><strong>fratribus</strong></span> <span class='ocrx_word' id='word_1_155' title='bbox 908 1891 1035 1944; x_wconf 90' lang='lat' dir='ltr'><strong>nihil</strong></span> <span class='ocrx_word' id='word_1_156' title='bbox 1067 1905 1170 1942; x_wconf 90' lang='lat' dir='ltr'><strong>non</strong></span> <span class='ocrx_word' id='word_1_157' title='bbox 1199 1887 1438 1953; x_wconf 73' lang='lat' dir='ltr'><strong>agimus,</strong></span> <span class='ocrx_word' id='word_1_158' title='bbox 1487 1884 1785 1936; x_wconf 89' lang='lat' dir='ltr'><strong>alienorum</strong></span> <span class='ocrx_word' id='word_1_159' title='bbox 1819 1890 1994 1932; x_wconf 86' lang='lat' dir='ltr'><strong>autem</strong></span> <span class='ocrx_word' id='word_1_160' title='bbox 2029 1893 2134 1930; x_wconf 92' lang='lat' dir='ltr'><strong>non</strong></span> 
     </span>
    </p>
   </div>
   <div class='ocr_carea' id='block_1_19' title="bbox 549 1975 2135 2052">
    <p class='ocr_par' dir='ltr' id='par_1_19' title="bbox 549 1975 2135 2052">
     <span class='ocr_line' id='line_1_19' title="bbox 549 1975 2135 2052; baseline -0.012 -12"><span class='ocrx_word' id='word_1_161' title='bbox 549 2000 792 2052; x_wconf 71' lang='lat' dir='ltr'><strong>magnam</strong></span> <span class='ocrx_word' id='word_1_162' title='bbox 826 1983 1082 2035; x_wconf 91' lang='lat' dir='ltr'><strong>rationem</strong></span> <span class='ocrx_word' id='word_1_163' title='bbox 1107 1980 1384 2032; x_wconf 80' lang='lat' dir='ltr'><strong>habemus.</strong></span> <span class='ocrx_word' id='word_1_164' title='bbox 1413 1975 1550 2042; x_wconf 90' lang='lat' dir='ltr'><strong>Quid</strong></span> <span class='ocrx_word' id='word_1_165' title='bbox 1575 1975 1728 2042; x_wconf 84' lang='lat' dir='ltr'><strong>ergo?</strong></span> <span class='ocrx_word' id='word_1_166' title='bbox 1753 1981 2004 2026; x_wconf 73' lang='lat' dir='ltr'><strong>externos</strong></span> <span class='ocrx_word' id='word_1_167' title='bbox 2029 1984 2135 2023; x_wconf 93' lang='lat' dir='ltr'><strong>non</strong></span> 
     </span>
    </p>
   </div>
   <div class='ocr_carea' id='block_1_20' title="bbox 548 2062 2134 2138">
    <p class='ocr_par' dir='ltr' id='par_1_20' title="bbox 548 2062 2134 2138">
     <span class='ocr_line' id='line_1_20' title="bbox 548 2062 2134 2138; baseline -0.011 -5"><span class='ocrx_word' id='word_1_168' title='bbox 548 2080 768 2134; x_wconf 83' lang='lat' dir='ltr'><strong>curabat</strong></span> <span class='ocrx_word' id='word_1_169' title='bbox 811 2074 1041 2131; x_wconf 88' lang='lat' dir='ltr'><strong>Paulus?</strong></span> <span class='ocrx_word' id='word_1_170' title='bbox 1082 2072 1359 2126; x_wconf 80' lang='lat' dir='ltr'><strong>Curabat:</strong></span> <span class='ocrx_word' id='word_1_171' title='bbox 1413 2067 1504 2121; x_wconf 89' lang='lat' dir='ltr'><strong>sed</strong></span> <span class='ocrx_word' id='word_1_172' title='bbox 1541 2075 1823 2138; x_wconf 85' lang='lat' dir='ltr'><strong>postquam</strong></span> <span class='ocrx_word' id='word_1_173' title='bbox 1871 2062 2134 2131; x_wconf 67' lang='lat' dir='ltr'><strong>praedica-</strong></span> 
     </span>
    </p>
   </div>
   <div class='ocr_carea' id='block_1_21' title="bbox 551 2153 2136 2236">
    <p class='ocr_par' dir='ltr' id='par_1_21' title="bbox 551 2153 2136 2236">
     <span class='ocr_line' id='line_1_21' title="bbox 551 2153 2136 2236; baseline -0.013 -9"><span class='ocrx_word' id='word_1_174' title='bbox 551 2174 751 2227; x_wconf 88' lang='lat' dir='ltr'><strong>tionem</strong></span> <span class='ocrx_word' id='word_1_175' title='bbox 776 2174 1110 2236; x_wconf 87' lang='lat' dir='ltr'><strong>acceperant,</strong></span> <span class='ocrx_word' id='word_1_176' title='bbox 1146 2171 1199 2218; x_wconf 92' lang='lat' dir='ltr'><strong>et</strong></span> <span class='ocrx_word' id='word_1_177' title='bbox 1223 2159 1421 2217; x_wconf 87' lang='lat' dir='ltr'><strong>Christi</strong></span> <span class='ocrx_word' id='word_1_178' title='bbox 1450 2173 1570 2213; x_wconf 90' lang='lat' dir='ltr'><strong>sese</strong></span> <span class='ocrx_word' id='word_1_179' title='bbox 1600 2157 1860 2211; x_wconf 64' lang='lat' dir='ltr'><strong>doctrinm</strong></span> <span class='ocrx_word' id='word_1_180' title='bbox 1886 2153 2136 2222; x_wconf 84' lang='lat' dir='ltr'><strong>subjece-</strong></span> 
     </span>
    </p>
   </div>
   <div class='ocr_carea' id='block_1_22' title="bbox 550 2247 2136 2333">
    <p class='ocr_par' dir='ltr' id='par_1_22' title="bbox 550 2247 2136 2333">
     <span class='ocr_line' id='line_1_22' title="bbox 550 2247 2136 2333; baseline -0.016 -9"><span class='ocrx_word' id='word_1_181' title='bbox 550 2278 704 2333; x_wconf 88' lang='lat' dir='ltr'><strong>rant,</strong></span> <span class='ocrx_word' id='word_1_182' title='bbox 751 2276 877 2320; x_wconf 89' lang='lat' dir='ltr'><strong>tunc</strong></span> <span class='ocrx_word' id='word_1_183' title='bbox 924 2263 1027 2318; x_wconf 89' lang='lat' dir='ltr'><strong>illis</strong></span> <span class='ocrx_word' id='word_1_184' title='bbox 1068 2261 1213 2328; x_wconf 80' lang='lat' dir='ltr'><strong>leges</strong></span> <span class='ocrx_word' id='word_1_185' title='bbox 1262 2256 1422 2311; x_wconf 84' lang='lat' dir='ltr'><strong>dabat</strong></span> <span class='ocrx_word' id='word_1_186' title='bbox 1465 2273 1478 2308; x_wconf 89' lang='lat'><strong>:</strong></span> <span class='ocrx_word' id='word_1_187' title='bbox 1532 2252 1784 2322; x_wconf 78' lang='lat' dir='ltr'><strong>quamdiu</strong></span> <span class='ocrx_word' id='word_1_188' title='bbox 1837 2260 2016 2302; x_wconf 80' lang='lat' dir='ltr'><strong>autem</strong></span> <span class='ocrx_word' id='word_1_189' title='bbox 2065 2247 2136 2301; x_wconf 90' lang='lat' dir='ltr'><strong>illi</strong></span> 
     </span>
    </p>
   </div>
   <div class='ocr_carea' id='block_1_23' title="bbox 549 2338 2136 2429">
    <p class='ocr_par' dir='ltr' id='par_1_23' title="bbox 549 2338 2136 2429">
     <span class='ocr_line' id='line_1_23' title="bbox 549 2338 2136 2429; baseline -0.016 -13"><span class='ocrx_word' id='word_1_190' title='bbox 549 2359 937 2429; x_wconf 68' lang='lat' dir='ltr'><strong>despiciebant,</strong></span> <span class='ocrx_word' id='word_1_191' title='bbox 961 2351 1289 2422; x_wconf 82' lang='lat' dir='ltr'><strong>superﬂuum</strong></span> <span class='ocrx_word' id='word_1_192' title='bbox 1311 2348 1517 2411; x_wconf 74' lang='lat' dir='ltr'><strong>fuisset,</strong></span> <span class='ocrx_word' id='word_1_193' title='bbox 1541 2345 1644 2400; x_wconf 89' lang='lat' dir='ltr'><strong>illis</strong></span> <span class='ocrx_word' id='word_1_194' title='bbox 1662 2351 1921 2413; x_wconf 72' lang='lat' dir='ltr'><strong>praecepta</strong></span> <span class='ocrx_word' id='word_1_195' title='bbox 1939 2338 2136 2392; x_wconf 78' lang='lat' dir='ltr'><strong>Christi</strong></span> 
     </span>
    </p>
   </div>
   <div class='ocr_carea' id='block_1_24' title="bbox 547 2430 2139 2523">
    <p class='ocr_par' dir='ltr' id='par_1_24' title="bbox 547 2430 2139 2523">
     <span class='ocr_line' id='line_1_24' title="bbox 547 2430 2139 2523; baseline -0.015 -15"><span class='ocrx_word' id='word_1_196' title='bbox 547 2451 788 2523; x_wconf 87' lang='lat' dir='ltr'><strong>proferre</strong></span> <span class='ocrx_word' id='word_1_197' title='bbox 808 2490 822 2513; x_wconf 90' lang='lat'><strong>,</strong></span> <span class='ocrx_word' id='word_1_198' title='bbox 855 2446 942 2516; x_wconf 91' lang='lat' dir='ltr'><strong>qui</strong></span> <span class='ocrx_word' id='word_1_199' title='bbox 975 2460 1041 2498; x_wconf 92' lang='lat' dir='ltr'><strong>ne</strong></span> <span class='ocrx_word' id='word_1_200' title='bbox 1071 2443 1338 2498; x_wconf 88' lang='lat' dir='ltr'><strong>Christum</strong></span> <span class='ocrx_word' id='word_1_201' title='bbox 1369 2439 1584 2510; x_wconf 84' lang='lat' dir='ltr'><strong>quidem</strong></span> <span class='ocrx_word' id='word_1_202' title='bbox 1616 2443 1897 2488; x_wconf 79' lang='lat' dir='ltr'><strong>noverant.</strong></span> <span class='ocrx_word' id='word_1_203' title='bbox 1954 2430 2139 2484; x_wconf 85' lang='lat' dir='ltr'><strong>Nonne</strong></span> 
     </span>
    </p>
   </div>
   <div class='ocr_carea' id='block_1_25' title="bbox 546 2523 2138 2610">
    <p class='ocr_par' dir='ltr' id='par_1_25' title="bbox 546 2523 2138 2610">
     <span class='ocr_line' id='line_1_25' title="bbox 546 2523 2138 2610; baseline -0.014 -12"><span class='ocrx_word' id='word_1_204' title='bbox 546 2547 610 2598; x_wconf 87' lang='lat' dir='ltr'><strong>de</strong></span> <span class='ocrx_word' id='word_1_205' title='bbox 639 2545 719 2604; x_wconf 82' lang='lat' dir='ltr'><strong>iis,</strong></span> <span class='ocrx_word' id='word_1_206' title='bbox 745 2541 831 2610; x_wconf 88' lang='lat' dir='ltr'><strong>qui</strong></span> <span class='ocrx_word' id='word_1_207' title='bbox 860 2541 995 2592; x_wconf 84' lang='lat' dir='ltr'><strong>intus</strong></span> <span class='ocrx_word' id='word_1_208' title='bbox 1022 2545 1159 2599; x_wconf 87' lang='lat' dir='ltr'><strong>sunt,</strong></span> <span class='ocrx_word' id='word_1_209' title='bbox 1191 2549 1276 2586; x_wconf 85' lang='lat' dir='ltr'><strong>vos</strong></span> <span class='ocrx_word' id='word_1_210' title='bbox 1294 2529 1588 2602; x_wconf 82' lang='lat' dir='ltr'><strong>judicatis?</strong></span> <span class='ocrx_word' id='word_1_211' title='bbox 1622 2529 1704 2582; x_wconf 84' lang='lat' dir='ltr'><strong>l5.</strong></span> <span class='ocrx_word' id='word_1_212' title='bbox 1732 2525 1834 2578; x_wconf 84' lang='lat' dir='ltr'><strong>Eos</strong></span> <span class='ocrx_word' id='word_1_213' title='bbox 1860 2534 2027 2576; x_wconf 84' lang='lat' dir='ltr'><strong>autem</strong></span> <span class='ocrx_word' id='word_1_214' title='bbox 2054 2523 2138 2592; x_wconf 89' lang='lat' dir='ltr'><strong>qui</strong></span> 
     </span>
    </p>
   </div>
   <div class='ocr_carea' id='block_1_26' title="bbox 548 2613 2136 2708">
    <p class='ocr_par' dir='ltr' id='par_1_26' title="bbox 548 2613 2136 2708">
     <span class='ocr_line' id='line_1_26' title="bbox 548 2613 2136 2708; baseline -0.015 -17"><span class='ocrx_word' id='word_1_215' title='bbox 548 2637 673 2708; x_wconf 77' lang='lat' dir='ltr'><strong>foris</strong></span> <span class='ocrx_word' id='word_1_216' title='bbox 694 2644 807 2688; x_wconf 85' lang='lat' dir='ltr'><strong>sunt</strong></span> <span class='ocrx_word' id='word_1_217' title='bbox 831 2625 1246 2700; x_wconf 84' lang='lat' dir='ltr'><strong>Deusjudicabit.</strong></span> <span class='ocrx_word' id='word_1_218' title='bbox 1271 2624 1556 2693; x_wconf 83' lang='lat' dir='ltr'><strong>Postquam</strong></span> <span class='ocrx_word' id='word_1_219' title='bbox 1575 2619 1718 2672; x_wconf 90' lang='lat' dir='ltr'><strong>enim</strong></span> <span class='ocrx_word' id='word_1_220' title='bbox 1742 2617 1971 2682; x_wconf 79' lang='lat' dir='ltr'><strong>dixerat,</strong></span> <span class='ocrx_word' id='word_1_221' title='bbox 1997 2613 2136 2680; x_wconf 79' lang='lat' dir='ltr'><strong>Quid</strong></span> 
     </span>
    </p>
   </div>
   <div class='ocr_carea' id='block_1_27' title="bbox 547 2708 2140 2790">
    <p class='ocr_par' dir='ltr' id='par_1_27' title="bbox 547 2708 2140 2790">
     <span class='ocr_line' id='line_1_27' title="bbox 547 2708 2140 2790; baseline -0.013 -9"><span class='ocrx_word' id='word_1_222' title='bbox 547 2729 672 2781; x_wconf 82' lang='lat' dir='ltr'><strong>mihi</strong></span> <span class='ocrx_word' id='word_1_223' title='bbox 699 2728 758 2780; x_wconf 88' lang='lat' dir='ltr'><strong>de</strong></span> <span class='ocrx_word' id='word_1_224' title='bbox 787 2726 869 2788; x_wconf 84' lang='lat' dir='ltr'><strong>iis,</strong></span> <span class='ocrx_word' id='word_1_225' title='bbox 896 2723 979 2789; x_wconf 69' lang='lat' dir='ltr'><strong>qui</strong></span> <span class='ocrx_word' id='word_1_226' title='bbox 1011 2720 1134 2790; x_wconf 71' lang='lat' dir='ltr'><strong>{oris</strong></span> <span class='ocrx_word' id='word_1_227' title='bbox 1164 2726 1280 2772; x_wconf 88' lang='lat' dir='ltr'><strong>sunt</strong></span> <span class='ocrx_word' id='word_1_228' title='bbox 1304 2757 1318 2781; x_wconf 94' lang='lat'><strong>,</strong></span> <span class='ocrx_word' id='word_1_229' title='bbox 1355 2712 1638 2781; x_wconf 77' lang='lat' dir='ltr'><strong>judicare?</strong></span> <span class='ocrx_word' id='word_1_230' title='bbox 1688 2726 1754 2764; x_wconf 88' lang='lat' dir='ltr'><strong>ne</strong></span> <span class='ocrx_word' id='word_1_231' title='bbox 1780 2708 1900 2779; x_wconf 84' lang='lat' dir='ltr'><strong>quis</strong></span> <span class='ocrx_word' id='word_1_232' title='bbox 1929 2714 2140 2776; x_wconf 87' lang='lat' dir='ltr'><strong>putaret</strong></span> 
     </span>
    </p>
   </div>
   <div class='ocr_carea' id='block_1_28' title="bbox 547 2795 2137 2886">
    <p class='ocr_par' dir='ltr' id='par_1_28' title="bbox 547 2795 2137 2886">
     <span class='ocr_line' id='line_1_28' title="bbox 547 2795 2137 2886; baseline -0.014 -13"><span class='ocrx_word' id='word_1_233' title='bbox 547 2821 672 2875; x_wconf 91' lang='lat' dir='ltr'><strong>illos</strong></span> <span class='ocrx_word' id='word_1_234' title='bbox 721 2815 1010 2886; x_wconf 86' lang='lat' dir='ltr'><strong>impunitos</strong></span> <span class='ocrx_word' id='word_1_235' title='bbox 1051 2808 1320 2878; x_wconf 90' lang='lat' dir='ltr'><strong>relinqui,</strong></span> <span class='ocrx_word' id='word_1_236' title='bbox 1361 2805 1504 2860; x_wconf 77' lang='lat' dir='ltr'><strong>aliud</strong></span> <span class='ocrx_word' id='word_1_237' title='bbox 1539 2803 1644 2857; x_wconf 90' lang='lat' dir='ltr'><strong>illis</strong></span> <span class='ocrx_word' id='word_1_238' title='bbox 1691 2801 1880 2856; x_wconf 87' lang='lat' dir='ltr'><strong>statuit</strong></span> <span class='ocrx_word' id='word_1_239' title='bbox 1907 2795 2137 2852; x_wconf 89' lang='lat' dir='ltr'><strong>tribunal</strong></span> 
     </span>
    </p>
   </div>
   <div class='ocr_carea' id='block_1_29' title="bbox 551 2893 2137 2966">
    <p class='ocr_par' dir='ltr' id='par_1_29' title="bbox 551 2893 2137 2966">
     <span class='ocr_line' id='line_1_29' title="bbox 551 2893 2137 2966; baseline -0.014 0"><span class='ocrx_word' id='word_1_240' title='bbox 551 2909 810 2966; x_wconf 89' lang='lat' dir='ltr'><strong>terribile.</strong></span> <span class='ocrx_word' id='word_1_241' title='bbox 839 2906 948 2958; x_wconf 90' lang='lat' dir='ltr'><strong>lloc</strong></span> <span class='ocrx_word' id='word_1_242' title='bbox 976 2911 1154 2956; x_wconf 90' lang='lat' dir='ltr'><strong>autem</strong></span> <span class='ocrx_word' id='word_1_243' title='bbox 1182 2899 1338 2964; x_wconf 79' lang='lat' dir='ltr'><strong>dixit,</strong></span> <span class='ocrx_word' id='word_1_244' title='bbox 1368 2907 1476 2950; x_wconf 91' lang='lat' dir='ltr'><strong>tum</strong></span> <span class='ocrx_word' id='word_1_245' title='bbox 1507 2904 1558 2947; x_wconf 92' lang='lat' dir='ltr'><strong>ut</strong></span> <span class='ocrx_word' id='word_1_246' title='bbox 1587 2893 1706 2947; x_wconf 86' lang='lat' dir='ltr'><strong>illos</strong></span> <span class='ocrx_word' id='word_1_247' title='bbox 1737 2898 1994 2954; x_wconf 87' lang='lat' dir='ltr'><strong>terreret,</strong></span> <span class='ocrx_word' id='word_1_248' title='bbox 2026 2899 2137 2944; x_wconf 87' lang='lat' dir='ltr'><strong>tum</strong></span> 
     </span>
    </p>
   </div>
   <div class='ocr_carea' id='block_1_30' title="bbox 551 2983 2138 3057">
    <p class='ocr_par' dir='ltr' id='par_1_30' title="bbox 551 2983 2138 3057">
     <span class='ocr_line' id='line_1_30' title="bbox 551 2983 2138 3057; baseline -0.011 -3"><span class='ocrx_word' id='word_1_249' title='bbox 551 3013 609 3055; x_wconf 91' lang='lat' dir='ltr'><strong>ut</strong></span> <span class='ocrx_word' id='word_1_250' title='bbox 637 3002 734 3054; x_wconf 90' lang='lat' dir='ltr'><strong>hos</strong></span> <span class='ocrx_word' id='word_1_251' title='bbox 776 2997 1142 3053; x_wconf 83' lang='lat' dir='ltr'><strong>consolaretur</strong></span> <span class='ocrx_word' id='word_1_252' title='bbox 1169 3033 1182 3057; x_wconf 93' lang='lat'><strong>,</strong></span> <span class='ocrx_word' id='word_1_253' title='bbox 1232 3001 1282 3045; x_wconf 91' lang='lat' dir='ltr'><strong>et</strong></span> <span class='ocrx_word' id='word_1_254' title='bbox 1316 2989 1551 3042; x_wconf 87' lang='lat' dir='ltr'><strong>ostendit</strong></span> <span class='ocrx_word' id='word_1_255' title='bbox 1601 2986 1740 3040; x_wconf 88' lang='lat' dir='ltr'><strong>banc</strong></span> <span class='ocrx_word' id='word_1_256' title='bbox 1785 2983 2138 3054; x_wconf 85' lang='lat' dir='ltr'><strong>temporalem</strong></span> 
     </span>
    </p>
   </div>
   <div class='ocr_carea' id='block_1_31' title="bbox 552 3073 2142 3166">
    <p class='ocr_par' dir='ltr' id='par_1_31' title="bbox 552 3073 2142 3166">
     <span class='ocr_line' id='line_1_31' title="bbox 552 3073 2142 3166; baseline -0.013 -18"><span class='ocrx_word' id='word_1_257' title='bbox 552 3094 882 3166; x_wconf 89' lang='lat' dir='ltr'><strong>punitionem</strong></span> <span class='ocrx_word' id='word_1_258' title='bbox 930 3089 997 3142; x_wconf 87' lang='lat' dir='ltr'><strong>ab</strong></span> <span class='ocrx_word' id='word_1_259' title='bbox 1039 3096 1238 3140; x_wconf 82' lang='lat' dir='ltr'><strong>:ctcrna</strong></span> <span class='ocrx_word' id='word_1_260' title='bbox 1269 3091 1324 3137; x_wconf 89' lang='lat' dir='ltr'><strong>et</strong></span> <span class='ocrx_word' id='word_1_261' title='bbox 1352 3089 1604 3151; x_wconf 83' lang='lat' dir='ltr'><strong>perpetua</strong></span> <span class='ocrx_word' id='word_1_262' title='bbox 1636 3079 1844 3148; x_wconf 89' lang='lat' dir='ltr'><strong>eripere</strong></span> <span class='ocrx_word' id='word_1_263' title='bbox 1871 3092 1887 3142; x_wconf 91' lang='lat'><strong>;</strong></span> <span class='ocrx_word' id='word_1_264' title='bbox 1915 3073 2058 3145; x_wconf 88' lang='lat' dir='ltr'><strong>quod</strong></span> <span class='ocrx_word' id='word_1_265' title='bbox 2086 3081 2142 3129; x_wconf 88' lang='lat' dir='ltr'><strong>et</strong></span> 
     </span>
    </p>
   </div>
   <div class='ocr_carea' id='block_1_32' title="bbox 551 3167 2142 3240">
    <p class='ocr_par' dir='ltr' id='par_1_32' title="bbox 551 3167 2142 3240">
     <span class='ocr_line' id='line_1_32' title="bbox 551 3167 2142 3240; baseline -0.013 0"><span class='ocrx_word' id='word_1_266' title='bbox 551 3185 677 3240; x_wconf 80' lang='lat' dir='ltr'><strong>alibi</strong></span> <span class='ocrx_word' id='word_1_267' title='bbox 705 3180 1010 3238; x_wconf 57' lang='lat' dir='ltr'><strong>declarabat</strong></span> <span class='ocrx_word' id='word_1_268' title='bbox 1038 3176 1120 3231; x_wconf 89' lang='lat' dir='ltr'><strong>his</strong></span> <span class='ocrx_word' id='word_1_269' title='bbox 1150 3175 1328 3230; x_wconf 80' lang='lat' dir='ltr'><strong>verbis</strong></span> <span class='ocrx_word' id='word_1_270' title='bbox 1361 3190 1374 3224; x_wconf 92' lang='lat'>:</span> <span class='ocrx_word' id='word_1_271' title='bbox 1405 3171 1556 3226; x_wconf 78' lang='lat' dir='ltr'><strong>Nunc</strong></span> <span class='ocrx_word' id='word_1_272' title='bbox 1582 3179 1750 3222; x_wconf 88' lang='lat' dir='ltr'><strong>autem</strong></span> <span class='ocrx_word' id='word_1_273' title='bbox 1791 3167 2017 3237; x_wconf 86' lang='lat' dir='ltr'><strong>judicati</strong></span> <span class='ocrx_word' id='word_1_274' title='bbox 2052 3182 2142 3220; x_wconf 86' lang='lat' dir='ltr'><strong>ca-</strong></span> 
     </span>
    </p>
   </div>
   <div class='ocr_carea' id='block_1_33' title="bbox 557 3258 2140 3345">
    <p class='ocr_par' dir='ltr' id='par_1_33' title="bbox 557 3258 2140 3345">
     <span class='ocr_line' id='line_1_33' title="bbox 557 3258 2140 3345; baseline -0.009 -16"><span class='ocrx_word' id='word_1_275' title='bbox 557 3278 830 3345; x_wconf 85' lang='lat' dir='ltr'><strong>stigantur,</strong></span> <span class='ocrx_word' id='word_1_276' title='bbox 864 3281 918 3325; x_wconf 87' lang='lat' dir='ltr'><strong>ut</strong></span> <span class='ocrx_word' id='word_1_277' title='bbox 961 3286 1062 3324; x_wconf 85' lang='lat' dir='ltr'><strong>non</strong></span> <span class='ocrx_word' id='word_1_278' title='bbox 1088 3285 1200 3322; x_wconf 87' lang='lat' dir='ltr'><strong>cum</strong></span> <span class='ocrx_word' id='word_1_279' title='bbox 1227 3270 1415 3320; x_wconf 82' lang='lat' dir='ltr'><strong>mundo</strong></span> <span class='ocrx_word' id='word_1_280' title='bbox 1442 3263 1738 3316; x_wconf 82' lang='lat' dir='ltr'><strong>damnentur</strong></span> <span class='ocrx_word' id='word_1_281' title='bbox 1760 3260 1779 3332; x_wconf 88' lang='lat'>(</span> <span class='ocrx_word' id='word_1_282' title='bbox 1805 3261 1855 3313; x_wconf 84' lang='lat' dir='ltr'><strong>l.</strong></span> <span class='ocrx_word' id='word_1_283' title='bbox 1897 3258 2016 3313; x_wconf 81' lang='lat' dir='ltr'><strong>Cor.</strong></span> <span class='ocrx_word' id='word_1_284' title='bbox 2049 3259 2140 3316; x_wconf 77' lang='grc'><strong>11.</strong></span> 
     </span>
    </p>
   </div>
   <div class='ocr_carea' id='block_1_34' title="bbox 553 3349 2146 3439">
    <p class='ocr_par' dir='ltr' id='par_1_34' title="bbox 553 3349 2146 3439">
     <span class='ocr_line' id='line_1_34' title="bbox 553 3349 2146 3439; baseline -0.013 -16"><span class='ocrx_word' id='word_1_285' title='bbox 553 3368 661 3439; x_wconf 72' lang='grc'><strong>52)</strong></span> <span class='ocrx_word' id='word_1_286' title='bbox 692 3388 706 3432; x_wconf 86' lang='grc'>;</span> <span class='ocrx_word' id='word_1_287' title='bbox 739 3377 791 3422; x_wconf 91' lang='lat' dir='ltr'><strong>ct</strong></span> <span class='ocrx_word' id='word_1_288' title='bbox 819 3406 834 3430; x_wconf 97' lang='lat'><strong>,</strong></span> <span class='ocrx_word' id='word_1_289' title='bbox 879 3364 1085 3433; x_wconf 76' lang='lat' dir='ltr'><strong>Auferte</strong></span> <span class='ocrx_word' id='word_1_290' title='bbox 1116 3361 1305 3414; x_wconf 84' lang='lat' dir='ltr'><strong>malum</strong></span> <span class='ocrx_word' id='word_1_291' title='bbox 1333 3375 1395 3412; x_wconf 84' lang='lat' dir='ltr'><strong>ea:</strong></span> <span class='ocrx_word' id='word_1_292' title='bbox 1416 3356 1552 3410; x_wconf 75' lang='lat' dir='ltr'><strong>vobis</strong></span> <span class='ocrx_word' id='word_1_293' title='bbox 1579 3356 1702 3424; x_wconf 84' lang='lat' dir='ltr'><strong>ipsis</strong></span> <span class='ocrx_word' id='word_1_294' title='bbox 1727 3355 1744 3423; x_wconf 95' lang='lat'>(</span> <span class='ocrx_word' id='word_1_295' title='bbox 1773 3353 1926 3406; x_wconf 83' lang='lat' dir='ltr'><strong>Deut.</strong></span> <span class='ocrx_word' id='word_1_296' title='bbox 1971 3349 2146 3420; x_wconf 71' lang='lat'><strong>17.7).</strong></span> 
     </span>
    </p>
   </div>
   <div class='ocr_carea' id='block_1_35' title="bbox 623 3441 2144 3525">
    <p class='ocr_par' dir='ltr' id='par_1_35' title="bbox 623 3441 2144 3525">
     <span class='ocr_line' id='line_1_35' title="bbox 623 3441 2144 3525; baseline -0.011 -10"><span class='ocrx_word' id='word_1_297' title='bbox 623 3463 677 3516; x_wconf 65' lang='grc' dir='ltr'><strong>ἓ.</strong></span> <span class='ocrx_word' id='word_1_298' title='bbox 722 3459 960 3514; x_wconf 79' lang='lat' dir='ltr'><strong>Meminit</strong></span> <span class='ocrx_word' id='word_1_299' title='bbox 986 3456 1111 3510; x_wconf 90' lang='lat' dir='ltr'><strong>dicti</strong></span> <span class='ocrx_word' id='word_1_300' title='bbox 1140 3453 1280 3525; x_wconf 89' lang='lat' dir='ltr'><strong>quod</strong></span> <span class='ocrx_word' id='word_1_301' title='bbox 1314 3451 1366 3505; x_wconf 92' lang='lat' dir='ltr'><strong>in</strong></span> <span class='ocrx_word' id='word_1_302' title='bbox 1399 3449 1564 3504; x_wconf 88' lang='lat' dir='ltr'><strong>veteri</strong></span> <span class='ocrx_word' id='word_1_303' title='bbox 1593 3447 1731 3517; x_wconf 81' lang='lat' dir='ltr'><strong>Lege</strong></span> <span class='ocrx_word' id='word_1_304' title='bbox 1759 3445 1950 3511; x_wconf 84' lang='lat' dir='ltr'><strong>fertur,</strong></span> <span class='ocrx_word' id='word_1_305' title='bbox 1983 3441 2144 3498; x_wconf 87' lang='lat' dir='ltr'><strong>simul</strong></span> 
     </span>
    </p>
   </div>
   <div class='ocr_carea' id='block_1_36' title="bbox 553 3538 2144 3620">
    <p class='ocr_par' dir='ltr' id='par_1_36' title="bbox 553 3538 2144 3620">
     <span class='ocr_line' id='line_1_36' title="bbox 553 3538 2144 3620; baseline -0.01 -14"><span class='ocrx_word' id='word_1_306' title='bbox 553 3551 840 3607; x_wconf 87' lang='lat' dir='ltr'><strong>ostendens</strong></span> <span class='ocrx_word' id='word_1_307' title='bbox 868 3547 1010 3620; x_wconf 90' lang='lat' dir='ltr'><strong>quod</strong></span> <span class='ocrx_word' id='word_1_308' title='bbox 1043 3547 1139 3614; x_wconf 77' lang='lat' dir='ltr'><strong>ipsi</strong></span> <span class='ocrx_word' id='word_1_309' title='bbox 1162 3544 1388 3600; x_wconf 80' lang='lat' dir='ltr'><strong>maxima</strong></span> <span class='ocrx_word' id='word_1_310' title='bbox 1418 3542 1528 3594; x_wconf 76' lang='lat' dir='ltr'><strong>sint</strong></span> <span class='ocrx_word' id='word_1_311' title='bbox 1556 3538 1830 3598; x_wconf 90' lang='lat' dir='ltr'><strong>lucraturi,</strong></span> <span class='ocrx_word' id='word_1_312' title='bbox 1861 3547 1915 3590; x_wconf 93' lang='lat' dir='ltr'><strong>ut</strong></span> <span class='ocrx_word' id='word_1_313' title='bbox 1939 3551 1967 3588; x_wconf 90' lang='lat' dir='ltr'><strong>a</strong></span> <span class='ocrx_word' id='word_1_314' title='bbox 1995 3543 2144 3604; x_wconf 73' lang='lat' dir='ltr'><strong>peste</strong></span> 
     </span>
    </p>
   </div>
   <div class='ocr_carea' id='block_1_37' title="bbox 553 3629 2142 3714">
    <p class='ocr_par' dir='ltr' id='par_1_37' title="bbox 553 3629 2142 3714">
     <span class='ocr_line' id='line_1_37' title="bbox 553 3629 2142 3714; baseline -0.011 -16"><span class='ocrx_word' id='word_1_315' title='bbox 553 3645 778 3714; x_wconf 80' lang='lat' dir='ltr'><strong>quadam</strong></span> <span class='ocrx_word' id='word_1_316' title='bbox 803 3640 946 3711; x_wconf 75' lang='lat' dir='ltr'><strong>gravi</strong></span> <span class='ocrx_word' id='word_1_317' title='bbox 973 3636 1179 3692; x_wconf 89' lang='lat' dir='ltr'><strong>liberati</strong></span> <span class='ocrx_word' id='word_1_318' title='bbox 1208 3653 1222 3698; x_wconf 92' lang='lat'><strong>;</strong></span> <span class='ocrx_word' id='word_1_319' title='bbox 1255 3633 1410 3687; x_wconf 80' lang='lat' dir='ltr'><strong>simul</strong></span> <span class='ocrx_word' id='word_1_320' title='bbox 1439 3629 1730 3686; x_wconf 84' lang='lat' dir='ltr'><strong>ostendens</strong></span> <span class='ocrx_word' id='word_1_321' title='bbox 1757 3629 1856 3681; x_wconf 89' lang='lat' dir='ltr'><strong>hoc</strong></span> <span class='ocrx_word' id='word_1_322' title='bbox 1883 3644 1987 3680; x_wconf 93' lang='lat' dir='ltr'><strong>non</strong></span> <span class='ocrx_word' id='word_1_323' title='bbox 2017 3641 2142 3682; x_wconf 85' lang='lat' dir='ltr'><strong>esse</strong></span> 
     </span>
    </p>
   </div>
   <div class='ocr_carea' id='block_1_38' title="bbox 558 3719 2140 3798">
    <p class='ocr_par' dir='ltr' id='par_1_38' title="bbox 558 3719 2140 3798">
     <span class='ocr_line' id='line_1_38' title="bbox 558 3719 2140 3798; baseline -0.011 -8"><span class='ocrx_word' id='word_1_324' title='bbox 558 3737 976 3795; x_wconf 77' lang='lat' dir='ltr'><strong>ittttovationettt,</strong></span> <span class='ocrx_word' id='word_1_325' title='bbox 998 3742 1047 3783; x_wconf 85' lang='lat' dir='ltr'><strong>et</strong></span> <span class='ocrx_word' id='word_1_326' title='bbox 1066 3736 1174 3798; x_wconf 77' lang='lat' dir='ltr'><strong>jam</strong></span> <span class='ocrx_word' id='word_1_327' title='bbox 1201 3727 1325 3782; x_wconf 89' lang='lat' dir='ltr'><strong>olim</strong></span> <span class='ocrx_word' id='word_1_328' title='bbox 1349 3742 1378 3779; x_wconf 90' lang='lat' dir='ltr'><strong>a</strong></span> <span class='ocrx_word' id='word_1_329' title='bbox 1404 3723 1706 3794; x_wconf 81' lang='lat' dir='ltr'><strong>legislatore</strong></span> <span class='ocrx_word' id='word_1_330' title='bbox 1727 3722 1895 3775; x_wconf 88' lang='lat' dir='ltr'><strong>visum</strong></span> <span class='ocrx_word' id='word_1_331' title='bbox 1947 3719 2140 3784; x_wconf 83' lang='lat' dir='ltr'><strong>fuisse,</strong></span> 
     </span>
    </p>
   </div>
   <div class='ocr_carea' id='block_1_39' title="bbox 557 3811 2146 3896">
    <p class='ocr_par' dir='ltr' id='par_1_39' title="bbox 557 3811 2146 3896">
     <span class='ocr_line' id='line_1_39' title="bbox 557 3811 2146 3896; baseline -0.01 -15"><span class='ocrx_word' id='word_1_332' title='bbox 557 3837 617 3881; x_wconf 92' lang='lat' dir='ltr'><strong>ut</strong></span> <span class='ocrx_word' id='word_1_333' title='bbox 655 3827 738 3896; x_wconf 90' lang='lat' dir='ltr'><strong>qui</strong></span> <span class='ocrx_word' id='word_1_334' title='bbox 769 3825 899 3878; x_wconf 87' lang='lat' dir='ltr'><strong>tales</strong></span> <span class='ocrx_word' id='word_1_335' title='bbox 925 3831 1105 3877; x_wconf 82' lang='lat' dir='ltr'><strong>essent</strong></span> <span class='ocrx_word' id='word_1_336' title='bbox 1149 3816 1587 3874; x_wconf 78' lang='lat' dir='ltr'><strong>exscinderentur</strong></span> <span class='ocrx_word' id='word_1_337' title='bbox 1635 3831 1649 3869; x_wconf 90' lang='lat'><strong>:</strong></span> <span class='ocrx_word' id='word_1_338' title='bbox 1681 3812 1773 3866; x_wconf 89' lang='lat' dir='ltr'><strong>sed</strong></span> <span class='ocrx_word' id='word_1_339' title='bbox 1803 3813 1908 3866; x_wconf 90' lang='lat' dir='ltr'><strong>illic</strong></span> <span class='ocrx_word' id='word_1_340' title='bbox 1933 3811 2146 3882; x_wconf 90' lang='lat' dir='ltr'><strong>quidem</strong></span> 
     </span>
    </p>
   </div>
   <div class='ocr_carea' id='block_1_40' title="bbox 559 3903 2149 3979">
    <p class='ocr_par' dir='ltr' id='par_1_40' title="bbox 559 3903 2149 3979">
     <span class='ocr_line' id='line_1_40' title="bbox 559 3903 2149 3979; baseline -0.01 -6"><span class='ocrx_word' id='word_1_341' title='bbox 559 3915 927 3972; x_wconf 71' lang='lat' dir='ltr'><strong>vehementius</strong></span> <span class='ocrx_word' id='word_1_342' title='bbox 951 3955 965 3979; x_wconf 90' lang='lat'><strong>,</strong></span> <span class='ocrx_word' id='word_1_343' title='bbox 1009 3912 1093 3966; x_wconf 91' lang='lat' dir='ltr'><strong>hic</strong></span> <span class='ocrx_word' id='word_1_344' title='bbox 1133 3925 1258 3965; x_wconf 87' lang='lat' dir='ltr'><strong>vero</strong></span> <span class='ocrx_word' id='word_1_345' title='bbox 1286 3908 1632 3962; x_wconf 85' lang='lat' dir='ltr'><strong>mansuetius.</strong></span> <span class='ocrx_word' id='word_1_346' title='bbox 1663 3906 2002 3973; x_wconf 78' lang='lat' dir='ltr'><strong>Quapropter</strong></span> <span class='ocrx_word' id='word_1_347' title='bbox 2026 3903 2149 3972; x_wconf 86' lang='lat' dir='ltr'><strong>jure</strong></span> 
     </span>
    </p>
   </div>
   <div class='ocr_carea' id='block_1_41' title="bbox 556 3997 2150 4078">
    <p class='ocr_par' dir='ltr' id='par_1_41' title="bbox 556 3997 2150 4078">
     <span class='ocr_line' id='line_1_41' title="bbox 556 3997 2150 4078; baseline -0.009 -16"><span class='ocrx_word' id='word_1_348' title='bbox 556 4017 760 4078; x_wconf 71' lang='lat' dir='ltr'><strong>qttmrat</strong></span> <span class='ocrx_word' id='word_1_349' title='bbox 787 4006 997 4074; x_wconf 77' lang='lat' dir='ltr'><strong>aliquis,</strong></span> <span class='ocrx_word' id='word_1_350' title='bbox 1031 4018 1125 4058; x_wconf 87' lang='lat' dir='ltr'><strong>cur</strong></span> <span class='ocrx_word' id='word_1_351' title='bbox 1157 4011 1279 4054; x_wconf 88' lang='lat' dir='ltr'><strong>tunc</strong></span> <span class='ocrx_word' id='word_1_352' title='bbox 1311 3999 1527 4068; x_wconf 84' lang='lat' dir='ltr'><strong>quidem</strong></span> <span class='ocrx_word' id='word_1_353' title='bbox 1556 4012 1676 4051; x_wconf 90' lang='lat' dir='ltr'><strong>eum</strong></span> <span class='ocrx_word' id='word_1_354' title='bbox 1705 3997 1794 4066; x_wconf 91' lang='lat' dir='ltr'><strong>qui</strong></span> <span class='ocrx_word' id='word_1_355' title='bbox 1828 4003 2150 4066; x_wconf 74' lang='lat' dir='ltr'><strong>peccaverat</strong></span> 
     </span>
    </p>
   </div>
   <div class='ocr_carea' id='block_1_42' title="bbox 562 4087 2143 4171">
    <p class='ocr_par' dir='ltr' id='par_1_42' title="bbox 562 4087 2143 4171">
     <span class='ocr_line' id='line_1_42' title="bbox 562 4087 2143 4171; baseline -0.011 -16"><span class='ocrx_word' id='word_1_356' title='bbox 562 4101 734 4171; x_wconf 80' lang='lat' dir='ltr'><strong>puniri</strong></span> <span class='ocrx_word' id='word_1_357' title='bbox 765 4109 819 4152; x_wconf 89' lang='lat' dir='ltr'><strong>ct</strong></span> <span class='ocrx_word' id='word_1_358' title='bbox 849 4095 1076 4165; x_wconf 90' lang='lat' dir='ltr'><strong>lapidari</strong></span> <span class='ocrx_word' id='word_1_359' title='bbox 1126 4093 1497 4162; x_wconf 73' lang='lat' dir='ltr'><strong>permitteret;</strong></span> <span class='ocrx_word' id='word_1_360' title='bbox 1542 4089 1628 4142; x_wconf 84' lang='lat' dir='ltr'><strong>hic</strong></span> <span class='ocrx_word' id='word_1_361' title='bbox 1658 4102 1786 4142; x_wconf 88' lang='lat' dir='ltr'><strong>vero</strong></span> <span class='ocrx_word' id='word_1_362' title='bbox 1825 4102 1929 4140; x_wconf 89' lang='lat' dir='ltr'><strong>non</strong></span> <span class='ocrx_word' id='word_1_363' title='bbox 1982 4087 2106 4140; x_wconf 88' lang='lat' dir='ltr'><strong>item</strong></span> <span class='ocrx_word' id='word_1_364' title='bbox 2129 4125 2143 4150; x_wconf 89' lang='lat'><strong>,</strong></span> 
     </span>
    </p>
   </div>
   <div class='ocr_carea' id='block_1_43' title="bbox 566 4177 2148 4256">
    <p class='ocr_par' dir='ltr' id='par_1_43' title="bbox 566 4177 2148 4256">
     <span class='ocr_line' id='line_1_43' title="bbox 566 4177 2148 4256; baseline -0.011 -9"><span class='ocrx_word' id='word_1_365' title='bbox 566 4193 660 4247; x_wconf 87' lang='lat' dir='ltr'><strong>sed</strong></span> <span class='ocrx_word' id='word_1_366' title='bbox 690 4191 837 4246; x_wconf 91' lang='lat' dir='ltr'><strong>illum</strong></span> <span class='ocrx_word' id='word_1_367' title='bbox 867 4188 932 4240; x_wconf 88' lang='lat' dir='ltr'><strong>ad</strong></span> <span class='ocrx_word' id='word_1_368' title='bbox 965 4185 1328 4256; x_wconf 69' lang='lat' dir='ltr'><strong>posuiteutiam</strong></span> <span class='ocrx_word' id='word_1_369' title='bbox 1359 4189 1537 4235; x_wconf 83' lang='lat' dir='ltr'><strong>vocet.</strong></span> <span class='ocrx_word' id='word_1_370' title='bbox 1567 4179 1676 4234; x_wconf 89' lang='lat' dir='ltr'><strong>Cur</strong></span> <span class='ocrx_word' id='word_1_371' title='bbox 1703 4194 1832 4248; x_wconf 83' lang='lat' dir='ltr'><strong>ergo</strong></span> <span class='ocrx_word' id='word_1_372' title='bbox 1857 4177 2009 4231; x_wconf 86' lang='lat' dir='ltr'><strong>aliter</strong></span> <span class='ocrx_word' id='word_1_373' title='bbox 2038 4177 2148 4243; x_wconf 89' lang='lat' dir='ltr'><strong>illa,</strong></span> 
     </span>
    </p>
   </div>
   <div class='ocr_carea' id='block_1_44' title="bbox 561 4273 2148 4338">
    <p class='ocr_par' dir='ltr' id='par_1_44' title="bbox 561 4273 2148 4338">
     <span class='ocr_line' id='line_1_44' title="bbox 561 4273 2148 4338; baseline -0.009 0"><span class='ocrx_word' id='word_1_374' title='bbox 561 4285 718 4338; x_wconf 79' lang='lat' dir='ltr'><strong>aliter</strong></span> <span class='ocrx_word' id='word_1_375' title='bbox 765 4282 861 4336; x_wconf 89' lang='lat' dir='ltr'><strong>ista</strong></span> <span class='ocrx_word' id='word_1_376' title='bbox 907 4276 1366 4334; x_wconf 51' lang='lat' dir='ltr'><strong>efformabantnr?</strong></span> <span class='ocrx_word' id='word_1_377' title='bbox 1411 4274 1493 4329; x_wconf 91' lang='lat' dir='ltr'><strong>Ob</strong></span> <span class='ocrx_word' id='word_1_378' title='bbox 1536 4274 1668 4328; x_wconf 86' lang='lat' dir='ltr'><strong>duas</strong></span> <span class='ocrx_word' id='word_1_379' title='bbox 1713 4273 1874 4328; x_wconf 85' lang='lat' dir='ltr'><strong>hasce</strong></span> <span class='ocrx_word' id='word_1_380' title='bbox 1921 4286 2148 4337; x_wconf 85' lang='lat' dir='ltr'><strong>causas;</strong></span> 
     </span>
    </p>
   </div>
   <div class='ocr_carea' id='block_1_45' title="bbox 567 4365 2153 4449">
    <p class='ocr_par' dir='ltr' id='par_1_45' title="bbox 567 4365 2153 4449">
     <span class='ocr_line' id='line_1_45' title="bbox 567 4365 2153 4449; baseline -0.006 -21"><span class='ocrx_word' id='word_1_381' title='bbox 567 4380 787 4449; x_wconf 83' lang='lat' dir='ltr'><strong>primam</strong></span> <span class='ocrx_word' id='word_1_382' title='bbox 821 4376 938 4444; x_wconf 87' lang='lat' dir='ltr'><strong>quia</strong></span> <span class='ocrx_word' id='word_1_383' title='bbox 973 4374 1035 4426; x_wconf 90' lang='lat' dir='ltr'><strong>ad</strong></span> <span class='ocrx_word' id='word_1_384' title='bbox 1086 4371 1256 4439; x_wconf 83' lang='lat' dir='ltr'><strong>majus</strong></span> <span class='ocrx_word' id='word_1_385' title='bbox 1297 4377 1569 4424; x_wconf 86' lang='lat' dir='ltr'><strong>certamen</strong></span> <span class='ocrx_word' id='word_1_386' title='bbox 1600 4366 1653 4420; x_wconf 91' lang='lat' dir='ltr'><strong>hi</strong></span> <span class='ocrx_word' id='word_1_387' title='bbox 1682 4365 2014 4421; x_wconf 84' lang='lat' dir='ltr'><strong>ducebantur</strong></span> <span class='ocrx_word' id='word_1_388' title='bbox 2039 4407 2054 4431; x_wconf 94' lang='lat'><strong>,</strong></span> <span class='ocrx_word' id='word_1_389' title='bbox 2097 4372 2153 4418; x_wconf 91' lang='lat' dir='ltr'><strong>ct</strong></span> 
     </span>
    </p>
   </div>
   <div class='ocr_carea' id='block_1_46' title="bbox 565 4455 2148 4538">
    <p class='ocr_par' dir='ltr' id='par_1_46' title="bbox 565 4455 2148 4538">
     <span class='ocr_line' id='line_1_46' title="bbox 565 4455 2148 4538; baseline -0.01 -14"><span class='ocrx_word' id='word_1_390' title='bbox 565 4470 751 4538; x_wconf 85' lang='lat' dir='ltr'><strong>majori</strong></span> <span class='ocrx_word' id='word_1_391' title='bbox 780 4466 960 4520; x_wconf 86' lang='lat' dir='ltr'><strong>animo</strong></span> <span class='ocrx_word' id='word_1_392' title='bbox 991 4474 1042 4518; x_wconf 89' lang='lat' dir='ltr'><strong>et</strong></span> <span class='ocrx_word' id='word_1_393' title='bbox 1071 4461 1323 4532; x_wconf 85' lang='lat' dir='ltr'><strong>patientia</strong></span> <span class='ocrx_word' id='word_1_394' title='bbox 1356 4473 1490 4528; x_wconf 90' lang='lat' dir='ltr'><strong>opus</strong></span> <span class='ocrx_word' id='word_1_395' title='bbox 1521 4457 1784 4512; x_wconf 87' lang='lat' dir='ltr'><strong>habebant</strong></span> <span class='ocrx_word' id='word_1_396' title='bbox 1812 4473 1828 4521; x_wconf 88' lang='lat'><strong>;</strong></span> <span class='ocrx_word' id='word_1_397' title='bbox 1859 4455 2148 4510; x_wconf 85' lang='lat' dir='ltr'><strong>secundam</strong></span> 
     </span>
    </p>
   </div>
   <div class='ocr_carea' id='block_1_47' title="bbox 567 4546 2153 4622">
    <p class='ocr_par' dir='ltr' id='par_1_47' title="bbox 567 4546 2153 4622">
     <span class='ocr_line' id='line_1_47' title="bbox 567 4546 2153 4622; baseline -0.009 -8"><span class='ocrx_word' id='word_1_398' title='bbox 567 4573 743 4614; x_wconf 90' lang='lat' dir='ltr'><strong>autem</strong></span> <span class='ocrx_word' id='word_1_399' title='bbox 767 4557 1049 4618; x_wconf 76' lang='lat' dir='ltr'><strong>veriorem,</strong></span> <span class='ocrx_word' id='word_1_400' title='bbox 1073 4553 1195 4622; x_wconf 88' lang='lat' dir='ltr'><strong>quia</strong></span> <span class='ocrx_word' id='word_1_401' title='bbox 1219 4551 1270 4604; x_wconf 92' lang='lat' dir='ltr'><strong>bi</strong></span> <span class='ocrx_word' id='word_1_402' title='bbox 1290 4549 1503 4619; x_wconf 89' lang='lat' dir='ltr'><strong>quidem</strong></span> <span class='ocrx_word' id='word_1_403' title='bbox 1525 4549 1591 4602; x_wconf 85' lang='lat' dir='ltr'><strong>ab</strong></span> <span class='ocrx_word' id='word_1_404' title='bbox 1613 4549 1926 4615; x_wconf 89' lang='lat' dir='ltr'><strong>impunitate</strong></span> <span class='ocrx_word' id='word_1_405' title='bbox 1951 4546 2153 4600; x_wconf 89' lang='lat' dir='ltr'><strong>facilius</strong></span> 
     </span>
    </p>
   </div>
   <div class='ocr_carea' id='block_1_48' title="bbox 569 4637 2154 4716">
    <p class='ocr_par' dir='ltr' id='par_1_48' title="bbox 569 4637 2154 4716">
     <span class='ocr_line' id='line_1_48' title="bbox 569 4637 2154 4716; baseline -0.009 -12"><span class='ocrx_word' id='word_1_406' title='bbox 569 4649 976 4716; x_wconf 76' lang='lat' dir='ltr'><strong>corrigebantur</strong></span> <span class='ocrx_word' id='word_1_407' title='bbox 1038 4643 1103 4696; x_wconf 90' lang='lat' dir='ltr'><strong>ad</strong></span> <span class='ocrx_word' id='word_1_408' title='bbox 1149 4640 1516 4712; x_wconf 73' lang='lat' dir='ltr'><strong>pwnitcntiam</strong></span> <span class='ocrx_word' id='word_1_409' title='bbox 1563 4639 1875 4703; x_wconf 89' lang='lat' dir='ltr'><strong>venientes,</strong></span> <span class='ocrx_word' id='word_1_410' title='bbox 1909 4637 1980 4690; x_wconf 87' lang='lat' dir='ltr'><strong>illi</strong></span> <span class='ocrx_word' id='word_1_411' title='bbox 2026 4652 2154 4691; x_wconf 86' lang='lat' dir='ltr'><strong>vero</strong></span> 
     </span>
    </p>
   </div>
   <div class='ocr_carea' id='block_1_49' title="bbox 567 4729 2153 4808">
    <p class='ocr_par' dir='ltr' id='par_1_49' title="bbox 567 4729 2153 4808">
     <span class='ocr_line' id='line_1_49' title="bbox 567 4729 2153 4808; baseline -0.006 -15"><span class='ocrx_word' id='word_1_412' title='bbox 567 4742 632 4794; x_wconf 87' lang='lat' dir='ltr'><strong>ad</strong></span> <span class='ocrx_word' id='word_1_413' title='bbox 673 4739 929 4808; x_wconf 86' lang='lat' dir='ltr'><strong>majorem</strong></span> <span class='ocrx_word' id='word_1_414' title='bbox 959 4735 1250 4804; x_wconf 88' lang='lat' dir='ltr'><strong>nequitiam</strong></span> <span class='ocrx_word' id='word_1_415' title='bbox 1281 4732 1532 4800; x_wconf 88' lang='lat' dir='ltr'><strong>irrcpturi</strong></span> <span class='ocrx_word' id='word_1_416' title='bbox 1562 4739 1735 4785; x_wconf 88' lang='lat' dir='ltr'><strong>erant.</strong></span> <span class='ocrx_word' id='word_1_417' title='bbox 1769 4729 1899 4784; x_wconf 85' lang='lat' dir='ltr'><strong>Nam</strong></span> <span class='ocrx_word' id='word_1_418' title='bbox 1930 4732 1976 4784; x_wconf 92' lang='lat' dir='ltr'><strong>si</strong></span> <span class='ocrx_word' id='word_1_419' title='bbox 2005 4739 2153 4798; x_wconf 86' lang='lat' dir='ltr'><strong>post-</strong></span> 
     </span>
    </p>
   </div>
   <div class='ocr_carea' id='block_1_50' title="bbox 564 4823 2156 4901">
    <p class='ocr_par' dir='ltr' id='par_1_50' title="bbox 564 4823 2156 4901">
     <span class='ocr_line' id='line_1_50' title="bbox 564 4823 2156 4901; baseline -0.004 -17"><span class='ocrx_word' id='word_1_420' title='bbox 564 4847 722 4901; x_wconf 81' lang='lat' dir='ltr'><strong>quam</strong></span> <span class='ocrx_word' id='word_1_421' title='bbox 756 4829 958 4899; x_wconf 89' lang='lat' dir='ltr'><strong>primos</strong></span> <span class='ocrx_word' id='word_1_422' title='bbox 987 4826 1200 4896; x_wconf 89' lang='lat' dir='ltr'><strong>punitos</strong></span> <span class='ocrx_word' id='word_1_423' title='bbox 1227 4823 1471 4878; x_wconf 89' lang='lat' dir='ltr'><strong>viderant</strong></span> <span class='ocrx_word' id='word_1_424' title='bbox 1499 4865 1512 4888; x_wconf 93' lang='lat'><strong>,</strong></span> <span class='ocrx_word' id='word_1_425' title='bbox 1547 4823 1598 4876; x_wconf 91' lang='lat' dir='ltr'><strong>in</strong></span> <span class='ocrx_word' id='word_1_426' title='bbox 1632 4823 1819 4877; x_wconf 82' lang='lat' dir='ltr'><strong>iisdem</strong></span> <span class='ocrx_word' id='word_1_427' title='bbox 1849 4837 2156 4892; x_wconf 89' lang='lat' dir='ltr'><strong>persevera-</strong></span> 
     </span>
    </p>
   </div>
   <div class='ocr_carea' id='block_1_51' title="bbox 567 4915 2154 4988">
    <p class='ocr_par' dir='ltr' id='par_1_51' title="bbox 567 4915 2154 4988">
     <span class='ocr_line' id='line_1_51' title="bbox 567 4915 2154 4988; baseline -0.004 -12"><span class='ocrx_word' id='word_1_428' title='bbox 567 4927 729 4988; x_wconf 85' lang='lat' dir='ltr'><strong>bant;</strong></span> <span class='ocrx_word' id='word_1_429' title='bbox 759 4923 802 4975; x_wconf 91' lang='lat' dir='ltr'><strong>si</strong></span> <span class='ocrx_word' id='word_1_430' title='bbox 837 4920 1102 4973; x_wconf 89' lang='lat' dir='ltr'><strong>netninem</strong></span> <span class='ocrx_word' id='word_1_431' title='bbox 1133 4915 1372 4988; x_wconf 87' lang='lat' dir='ltr'><strong>punitutn</strong></span> <span class='ocrx_word' id='word_1_432' title='bbox 1401 4915 1689 4981; x_wconf 84' lang='lat' dir='ltr'><strong>vidissent,</strong></span> <span class='ocrx_word' id='word_1_433' title='bbox 1721 4915 1888 4970; x_wconf 88' lang='lat' dir='ltr'><strong>multo</strong></span> <span class='ocrx_word' id='word_1_434' title='bbox 1909 4916 2076 4986; x_wconf 80' lang='lat' dir='ltr'><strong>magis</strong></span> <span class='ocrx_word' id='word_1_435' title='bbox 2103 4915 2154 4970; x_wconf 91' lang='lat' dir='ltr'><strong>id</strong></span> 
     </span>
    </p>
   </div>
   <div class='ocr_carea' id='block_1_52' title="bbox 567 5007 2152 5069">
    <p class='ocr_par' dir='ltr' id='par_1_52' title="bbox 567 5007 2152 5069">
     <span class='ocr_line' id='line_1_52' title="bbox 567 5007 2152 5069; baseline -0.005 -1"><span class='ocrx_word' id='word_1_436' title='bbox 567 5015 754 5069; x_wconf 87' lang='lat' dir='ltr'><strong>facturi</strong></span> <span class='ocrx_word' id='word_1_437' title='bbox 785 5020 959 5068; x_wconf 90' lang='lat' dir='ltr'><strong>erant.</strong></span> <span class='ocrx_word' id='word_1_438' title='bbox 1004 5011 1126 5066; x_wconf 91' lang='lat' dir='ltr'><strong>Ideo</strong></span> <span class='ocrx_word' id='word_1_439' title='bbox 1158 5009 1265 5064; x_wconf 91' lang='lat' dir='ltr'><strong>illic</strong></span> <span class='ocrx_word' id='word_1_440' title='bbox 1291 5008 1537 5063; x_wconf 89' lang='lat' dir='ltr'><strong>adultero</strong></span> <span class='ocrx_word' id='word_1_441' title='bbox 1569 5019 1623 5062; x_wconf 90' lang='lat' dir='ltr'><strong>et</strong></span> <span class='ocrx_word' id='word_1_442' title='bbox 1653 5007 1936 5062; x_wconf 77' lang='lat' dir='ltr'><strong>homicida:</strong></span> <span class='ocrx_word' id='word_1_443' title='bbox 1972 5009 2152 5061; x_wconf 86' lang='lat' dir='ltr'><strong>statim</strong></span> 
     </span>
    </p>
   </div>
   <div class='ocr_carea' id='block_1_53' title="bbox 567 5101 2156 5171">
    <p class='ocr_par' dir='ltr' id='par_1_53' title="bbox 567 5101 2156 5171">
     <span class='ocr_line' id='line_1_53' title="bbox 567 5101 2156 5171; baseline -0.006 -8"><span class='ocrx_word' id='word_1_444' title='bbox 567 5123 712 5163; x_wconf 89' lang='lat' dir='ltr'><strong>mors</strong></span> <span class='ocrx_word' id='word_1_445' title='bbox 739 5107 997 5170; x_wconf 80' lang='lat' dir='ltr'><strong>infertur;</strong></span> <span class='ocrx_word' id='word_1_446' title='bbox 1033 5105 1118 5159; x_wconf 90' lang='lat' dir='ltr'><strong>hic</strong></span> <span class='ocrx_word' id='word_1_447' title='bbox 1150 5116 1274 5157; x_wconf 87' lang='lat' dir='ltr'><strong>vero</strong></span> <span class='ocrx_word' id='word_1_448' title='bbox 1296 5143 1310 5166; x_wconf 95' lang='lat'><strong>,</strong></span> <span class='ocrx_word' id='word_1_449' title='bbox 1353 5102 1398 5156; x_wconf 91' lang='lat' dir='ltr'><strong>si</strong></span> <span class='ocrx_word' id='word_1_450' title='bbox 1443 5117 1536 5171; x_wconf 89' lang='lat' dir='ltr'><strong>per</strong></span> <span class='ocrx_word' id='word_1_451' title='bbox 1579 5101 1948 5171; x_wconf 67' lang='lat' dir='ltr'><strong>pmniteutiam</strong></span> <span class='ocrx_word' id='word_1_452' title='bbox 1977 5101 2156 5156; x_wconf 85' lang='lat' dir='ltr'><strong>absol-</strong></span> 
     </span>
    </p>
   </div>
   <div class='ocr_carea' id='block_1_54' title="bbox 565 5192 2156 5266">
    <p class='ocr_par' dir='ltr' id='par_1_54' title="bbox 565 5192 2156 5266">
     <span class='ocr_line' id='line_1_54' title="bbox 565 5192 2156 5266; baseline -0.004 -14"><span class='ocrx_word' id='word_1_453' title='bbox 565 5208 777 5264; x_wconf 88' lang='lat' dir='ltr'><strong>vantur,</strong></span> <span class='ocrx_word' id='word_1_454' title='bbox 825 5196 1142 5266; x_wconf 87' lang='lat' dir='ltr'><strong>supplicium</strong></span> <span class='ocrx_word' id='word_1_455' title='bbox 1191 5193 1507 5264; x_wconf 80' lang='lat' dir='ltr'><strong>ell&#39;ugerunt.</strong></span> <span class='ocrx_word' id='word_1_456' title='bbox 1558 5195 1820 5249; x_wconf 75' lang='lat' dir='ltr'><strong>Czeterum</strong></span> <span class='ocrx_word' id='word_1_457' title='bbox 1863 5192 2023 5248; x_wconf 89' lang='lat' dir='ltr'><strong>etiam</strong></span> <span class='ocrx_word' id='word_1_458' title='bbox 2068 5192 2156 5246; x_wconf 91' lang='lat' dir='ltr'><strong>bic</strong></span> 
     </span>
    </p>
   </div>
   <div class='ocr_carea' id='block_1_55' title="bbox 566 5286 2152 5355">
    <p class='ocr_par' dir='ltr' id='par_1_55' title="bbox 566 5286 2152 5355">
     <span class='ocr_line' id='line_1_55' title="bbox 566 5286 2152 5355; baseline -0.006 -9"><span class='ocrx_word' id='word_1_459' title='bbox 566 5291 963 5346; x_wconf 74' lang='lat' dir='ltr'><strong>Vehementiora</strong></span> <span class='ocrx_word' id='word_1_460' title='bbox 987 5329 1003 5355; x_wconf 91' lang='lat'><strong>,</strong></span> <span class='ocrx_word' id='word_1_461' title='bbox 1033 5299 1086 5344; x_wconf 89' lang='lat' dir='ltr'><strong>et</strong></span> <span class='ocrx_word' id='word_1_462' title='bbox 1109 5290 1160 5355; x_wconf 87' lang='lat' dir='ltr'><strong>in</strong></span> <span class='ocrx_word' id='word_1_463' title='bbox 1194 5286 1372 5342; x_wconf 82' lang='lat' dir='ltr'><strong>Veteri</strong></span> <span class='ocrx_word' id='word_1_464' title='bbox 1405 5287 1617 5341; x_wconf 89' lang='lat' dir='ltr'><strong>mitiora</strong></span> <span class='ocrx_word' id='word_1_465' title='bbox 1647 5287 1828 5342; x_wconf 85' lang='lat' dir='ltr'><strong>videas</strong></span> <span class='ocrx_word' id='word_1_466' title='bbox 1853 5286 2110 5355; x_wconf 78' lang='lat' dir='ltr'><strong>supplicia</strong></span> <span class='ocrx_word' id='word_1_467' title='bbox 2138 5327 2152 5351; x_wconf 89' lang='lat'><strong>,</strong></span> 
     </span>
    </p>
   </div>
   <div class='ocr_carea' id='block_1_56' title="bbox 574 5365 2155 5452">
    <p class='ocr_par' dir='ltr' id='par_1_56' title="bbox 574 5365 2155 5452">
     <span class='ocr_line' id='line_1_56' title="bbox 574 5365 2155 5452; baseline -0.002 -16"><span class='ocrx_word' id='word_1_468' title='bbox 574 5394 634 5436; x_wconf 89' lang='lat' dir='ltr'><strong>ut</strong></span> <span class='ocrx_word' id='word_1_469' title='bbox 655 5398 749 5452; x_wconf 83' lang='lat' dir='ltr'><strong>per</strong></span> <span class='ocrx_word' id='word_1_470' title='bbox 777 5382 957 5435; x_wconf 88' lang='lat' dir='ltr'><strong>omnia</strong></span> <span class='ocrx_word' id='word_1_471' title='bbox 989 5379 1301 5444; x_wconf 80' lang='lat' dir='ltr'><strong>ostendatur</strong></span> <span class='ocrx_word' id='word_1_472' title='bbox 1329 5365 1646 5449; x_wconf 78' lang='lat' dir='ltr'><strong>cognatione</strong></span> <span class='ocrx_word' id='word_1_473' title='bbox 1685 5379 1862 5448; x_wconf 86' lang='lat' dir='ltr'><strong>iuncta</strong></span> <span class='ocrx_word' id='word_1_474' title='bbox 1891 5394 2010 5433; x_wconf 83' lang='lat' dir='ltr'><strong>esse</strong></span> <span class='ocrx_word' id='word_1_475' title='bbox 2048 5379 2155 5433; x_wconf 85' lang='lat' dir='ltr'><strong>Te-</strong></span> 
     </span>
    </p>
   </div>
   <div class='ocr_carea' id='block_1_57' title="bbox 573 5470 2157 5542">
    <p class='ocr_par' dir='ltr' id='par_1_57' title="bbox 573 5470 2157 5542">
     <span class='ocr_line' id='line_1_57' title="bbox 573 5470 2157 5542; baseline -0.003 -12"><span class='ocrx_word' id='word_1_476' title='bbox 573 5483 835 5530; x_wconf 84' lang='lat' dir='ltr'><strong>stamenta</strong></span> <span class='ocrx_word' id='word_1_477' title='bbox 852 5482 904 5528; x_wconf 90' lang='lat' dir='ltr'><strong>et</strong></span> <span class='ocrx_word' id='word_1_478' title='bbox 926 5473 1079 5528; x_wconf 88' lang='lat' dir='ltr'><strong>unius</strong></span> <span class='ocrx_word' id='word_1_479' title='bbox 1101 5471 1445 5542; x_wconf 85' lang='lat' dir='ltr'><strong>ejusdemque</strong></span> <span class='ocrx_word' id='word_1_480' title='bbox 1471 5486 1592 5526; x_wconf 89' lang='lat' dir='ltr'><strong>esse</strong></span> <span class='ocrx_word' id='word_1_481' title='bbox 1618 5470 1933 5541; x_wconf 78' lang='lat' dir='ltr'><strong>legislatoris</strong></span> <span class='ocrx_word' id='word_1_482' title='bbox 1957 5488 1970 5535; x_wconf 89' lang='lat'><strong>;</strong></span> <span class='ocrx_word' id='word_1_483' title='bbox 1999 5481 2157 5537; x_wconf 82' lang='lat' dir='ltr'><strong>atque</strong></span> 
     </span>
    </p>
   </div>
   <div class='ocr_carea' id='block_1_58' title="bbox 565 5564 2159 5635">
    <p class='ocr_par' dir='ltr' id='par_1_58' title="bbox 565 5564 2159 5635">
     <span class='ocr_line' id='line_1_58' title="bbox 565 5564 2159 5635; baseline -0.003 -13"><span class='ocrx_word' id='word_1_484' title='bbox 565 5576 620 5622; x_wconf 85' lang='lat' dir='ltr'><strong>et</strong></span> <span class='ocrx_word' id='word_1_485' title='bbox 651 5566 737 5620; x_wconf 89' lang='lat' dir='ltr'><strong>hic</strong></span> <span class='ocrx_word' id='word_1_486' title='bbox 760 5577 813 5620; x_wconf 89' lang='lat' dir='ltr'><strong>et</strong></span> <span class='ocrx_word' id='word_1_487' title='bbox 840 5565 948 5620; x_wconf 85' lang='lat' dir='ltr'><strong>illic</strong></span> <span class='ocrx_word' id='word_1_488' title='bbox 972 5565 1230 5635; x_wconf 86' lang='lat' dir='ltr'><strong>supplicia</strong></span> <span class='ocrx_word' id='word_1_489' title='bbox 1253 5580 1284 5618; x_wconf 89' lang='lat' dir='ltr'><strong>e</strong></span> <span class='ocrx_word' id='word_1_490' title='bbox 1309 5564 1535 5632; x_wconf 76' lang='lat' dir='ltr'><strong>vestigio</strong></span> <span class='ocrx_word' id='word_1_491' title='bbox 1556 5564 1734 5633; x_wconf 88' lang='lat' dir='ltr'><strong>sequi;</strong></span> <span class='ocrx_word' id='word_1_492' title='bbox 1764 5579 2015 5632; x_wconf 69' lang='lat' dir='ltr'><strong>Sameque</strong></span> <span class='ocrx_word' id='word_1_493' title='bbox 2040 5574 2159 5634; x_wconf 92' lang='lat' dir='ltr'><strong>post</strong></span> 
     </span>
    </p>
   </div>
   <div class='ocr_carea' id='block_1_59' title="bbox 569 5655 2159 5726">
    <p class='ocr_par' dir='ltr' id='par_1_59' title="bbox 569 5655 2159 5726">
     <span class='ocr_line' id='line_1_59' title="bbox 569 5655 2159 5726; baseline 0 -15"><span class='ocrx_word' id='word_1_494' title='bbox 569 5659 794 5712; x_wconf 89' lang='lat' dir='ltr'><strong>multum</strong></span> <span class='ocrx_word' id='word_1_495' title='bbox 835 5658 1093 5726; x_wconf 89' lang='lat' dir='ltr'><strong>temporis</strong></span> <span class='ocrx_word' id='word_1_496' title='bbox 1123 5657 1174 5712; x_wconf 91' lang='lat' dir='ltr'><strong>in</strong></span> <span class='ocrx_word' id='word_1_497' title='bbox 1208 5666 1432 5726; x_wconf 88' lang='lat' dir='ltr'><strong>utroque</strong></span> <span class='ocrx_word' id='word_1_498' title='bbox 1457 5696 1472 5719; x_wconf 88' lang='lat'><strong>,</strong></span> <span class='ocrx_word' id='word_1_499' title='bbox 1519 5671 1663 5725; x_wconf 67' lang='grc' dir='ltr'>δαιρο</span> <span class='ocrx_word' id='word_1_500' title='bbox 1703 5655 1865 5710; x_wconf 90' lang='lat' dir='ltr'><strong>etiam</strong></span> <span class='ocrx_word' id='word_1_501' title='bbox 1897 5672 2002 5709; x_wconf 92' lang='lat' dir='ltr'><strong>non</strong></span> <span class='ocrx_word' id='word_1_502' title='bbox 2040 5665 2159 5725; x_wconf 87' lang='lat' dir='ltr'><strong>post</strong></span> 
     </span>
    </p>
   </div>
   <div class='ocr_carea' id='block_1_60' title="bbox 569 5745 2155 5818">
    <p class='ocr_par' dir='ltr' id='par_1_60' title="bbox 569 5745 2155 5818">
     <span class='ocr_line' id='line_1_60' title="bbox 569 5745 2155 5818; baseline 0.002 -20"><span class='ocrx_word' id='word_1_503' title='bbox 569 5747 789 5801; x_wconf 84' lang='lat' dir='ltr'><strong>multum</strong></span> <span class='ocrx_word' id='word_1_504' title='bbox 829 5749 1119 5818; x_wconf 79' lang='lat' dir='ltr'><strong>temporis;</strong></span> <span class='ocrx_word' id='word_1_505' title='bbox 1171 5748 1263 5801; x_wconf 83' lang='lat' dir='ltr'><strong>sed</strong></span> <span class='ocrx_word' id='word_1_506' title='bbox 1308 5749 1473 5800; x_wconf 84' lang='lat' dir='ltr'><strong>Deum</strong></span> <span class='ocrx_word' id='word_1_507' title='bbox 1517 5747 1828 5816; x_wconf 71' lang='lat' dir='ltr'><strong>pmnitentia</strong></span> <span class='ocrx_word' id='word_1_508' title='bbox 1858 5745 1973 5801; x_wconf 82' lang='lat' dir='ltr'><strong>sola</strong></span> <span class='ocrx_word' id='word_1_509' title='bbox 2017 5762 2155 5801; x_wconf 86' lang='lat' dir='ltr'><strong>con-</strong></span> 
     </span>
    </p>
   </div>
   <div class='ocr_carea' id='block_1_61' title="bbox 573 5837 2156 5898">
    <p class='ocr_par' dir='ltr' id='par_1_61' title="bbox 573 5837 2156 5898">
     <span class='ocr_line' id='line_1_61' title="bbox 573 5837 2156 5898; baseline 0.006 -11"><span class='ocrx_word' id='word_1_510' title='bbox 573 5843 775 5892; x_wconf 74' lang='lat' dir='ltr'><strong>tentum</strong></span> <span class='ocrx_word' id='word_1_511' title='bbox 804 5855 938 5895; x_wconf 86' lang='lat' dir='ltr'><strong>esse.</strong></span> <span class='ocrx_word' id='word_1_512' title='bbox 976 5838 1104 5891; x_wconf 72' lang='lat' dir='ltr'><strong>Nam</strong></span> <span class='ocrx_word' id='word_1_513' title='bbox 1134 5839 1184 5892; x_wconf 83' lang='lat' dir='ltr'><strong>in</strong></span> <span class='ocrx_word' id='word_1_514' title='bbox 1217 5837 1392 5894; x_wconf 71' lang='lat' dir='ltr'><strong>Veteri</strong></span> <span class='ocrx_word' id='word_1_515' title='bbox 1419 5853 1537 5892; x_wconf 89' lang='lat' dir='ltr'><strong>cum</strong></span> <span class='ocrx_word' id='word_1_516' title='bbox 1571 5839 1731 5895; x_wconf 89' lang='lat' dir='ltr'><strong>David</strong></span> <span class='ocrx_word' id='word_1_517' title='bbox 1754 5841 1807 5896; x_wconf 85' lang='lat' dir='ltr'><strong>in</strong></span> <span class='ocrx_word' id='word_1_518' title='bbox 1833 5839 2156 5898; x_wconf 87' lang='lat' dir='ltr'><strong>adulterium</strong></span> 
     </span>
    </p>
   </div>
   <div class='ocr_carea' id='block_1_62' title="bbox 2240 495 3774 565">
    <p class='ocr_par' dir='ltr' id='par_1_62' title="bbox 2240 495 3774 565">
     <span class='ocr_line' id='line_1_62' title="bbox 2240 495 3774 565; baseline 0.004 -17"><span class='ocrx_word' id='word_1_519' title='bbox 2240 496 2512 549; x_wconf 74' lang='lat' dir='ltr'><strong>incidisset</strong></span> <span class='ocrx_word' id='word_1_520' title='bbox 2538 506 2590 550; x_wconf 85' lang='lat' dir='ltr'><strong>et</strong></span> <span class='ocrx_word' id='word_1_521' title='bbox 2621 495 2822 547; x_wconf 62' lang='lat' dir='ltr'><strong>ca‘dmn</strong></span> <span class='ocrx_word' id='word_1_522' title='bbox 2856 506 3116 563; x_wconf 73' lang='lat' dir='ltr'><strong>patrassct</strong></span> <span class='ocrx_word' id='word_1_523' title='bbox 3139 536 3153 561; x_wconf 87' lang='lat'><strong>,</strong></span> <span class='ocrx_word' id='word_1_524' title='bbox 3191 510 3282 565; x_wconf 88' lang='lat' dir='ltr'><strong>per</strong></span> <span class='ocrx_word' id='word_1_525' title='bbox 3314 499 3654 563; x_wconf 73' lang='lat' dir='ltr'><strong>pmuttcmiam</strong></span> <span class='ocrx_word' id='word_1_526' title='bbox 3678 517 3774 554; x_wconf 79' lang='lat' dir='ltr'><strong>ser-</strong></span> 
     </span>
    </p>
   </div>
   <div class='ocr_carea' id='block_1_63' title="bbox 2237 587 3778 660">
    <p class='ocr_par' dir='ltr' id='par_1_63' title="bbox 2237 587 3778 660">
     <span class='ocr_line' id='line_1_63' title="bbox 2237 587 3778 660; baseline 0.005 -21"><span class='ocrx_word' id='word_1_527' title='bbox 2237 597 2388 640; x_wconf 86' lang='lat' dir='ltr'><strong>vatus</strong></span> <span class='ocrx_word' id='word_1_528' title='bbox 2420 598 2538 650; x_wconf 81' lang='lat' dir='ltr'><strong>est;</strong></span> <span class='ocrx_word' id='word_1_529' title='bbox 2587 597 2642 640; x_wconf 87' lang='lat' dir='ltr'><strong>et</strong></span> <span class='ocrx_word' id='word_1_530' title='bbox 2690 589 2741 640; x_wconf 88' lang='lat' dir='ltr'><strong>itt</strong></span> <span class='ocrx_word' id='word_1_531' title='bbox 2793 587 2968 650; x_wconf 75' lang='lat' dir='ltr'><strong>Novo,</strong></span> <span class='ocrx_word' id='word_1_532' title='bbox 3022 603 3144 641; x_wconf 81' lang='lat' dir='ltr'><strong>Cum</strong></span> <span class='ocrx_word' id='word_1_533' title='bbox 3179 602 3338 654; x_wconf 78' lang='lat' dir='ltr'><strong>pauca</strong></span> <span class='ocrx_word' id='word_1_534' title='bbox 3385 603 3447 642; x_wconf 74' lang='lat' dir='ltr'><strong>ex</strong></span> <span class='ocrx_word' id='word_1_535' title='bbox 3491 591 3594 660; x_wconf 79' lang='lat' dir='ltr'><strong>agri</strong></span> <span class='ocrx_word' id='word_1_536' title='bbox 3632 594 3778 660; x_wconf 81' lang='lat' dir='ltr'><strong>pretio</strong></span> 
     </span>
    </p>
   </div>
   <div class='ocr_carea' id='block_1_64' title="bbox 2236 679 3776 748">
    <p class='ocr_par' dir='ltr' id='par_1_64' title="bbox 2236 679 3776 748">
     <span class='ocr_line' id='line_1_64' title="bbox 2236 679 3776 748; baseline 0.004 -16"><span class='ocrx_word' id='word_1_537' title='bbox 2236 679 2612 733; x_wconf 76' lang='lat' dir='ltr'><strong>substraxissct</strong></span> <span class='ocrx_word' id='word_1_538' title='bbox 2657 679 2928 744; x_wconf 84' lang='lat' dir='ltr'><strong>Ananias,</strong></span> <span class='ocrx_word' id='word_1_539' title='bbox 2975 694 3098 733; x_wconf 88' lang='lat' dir='ltr'><strong>cum</strong></span> <span class='ocrx_word' id='word_1_540' title='bbox 3147 693 3308 732; x_wconf 73' lang='lat' dir='ltr'><strong>uxore</strong></span> <span class='ocrx_word' id='word_1_541' title='bbox 3338 679 3509 748; x_wconf 90' lang='lat' dir='ltr'><strong>periit.</strong></span> <span class='ocrx_word' id='word_1_542' title='bbox 3561 679 3698 747; x_wconf 86' lang='lat' dir='ltr'><strong>Quod</strong></span> <span class='ocrx_word' id='word_1_543' title='bbox 3740 685 3776 738; x_wconf 80' lang='lat' dir='ltr'><strong>si</strong></span> 
     </span>
    </p>
   </div>
   <div class='ocr_carea' id='block_1_65' title="bbox 2235 771 3775 841">
    <p class='ocr_par' dir='ltr' id='par_1_65' title="bbox 2235 771 3775 841">
     <span class='ocr_line' id='line_1_65' title="bbox 2235 771 3775 841; baseline 0.002 -15"><span class='ocrx_word' id='word_1_544' title='bbox 2235 771 2537 839; x_wconf 80' lang='lat' dir='ltr'><strong>lnqusmodi</strong></span> <span class='ocrx_word' id='word_1_545' title='bbox 2570 773 2720 841; x_wconf 90' lang='lat' dir='ltr'><strong>plura</strong></span> <span class='ocrx_word' id='word_1_546' title='bbox 2747 772 3100 826; x_wconf 83' lang='lat' dir='ltr'><strong>observantur</strong></span> <span class='ocrx_word' id='word_1_547' title='bbox 3132 773 3188 827; x_wconf 90' lang='lat' dir='ltr'><strong>in</strong></span> <span class='ocrx_word' id='word_1_548' title='bbox 3218 771 3396 829; x_wconf 72' lang='lat' dir='ltr'><strong>Veteri</strong></span> <span class='ocrx_word' id='word_1_549' title='bbox 3416 812 3430 837; x_wconf 94' lang='lat'><strong>,</strong></span> <span class='ocrx_word' id='word_1_550' title='bbox 3459 780 3510 827; x_wconf 87' lang='lat' dir='ltr'><strong>et</strong></span> <span class='ocrx_word' id='word_1_551' title='bbox 3536 775 3775 829; x_wconf 74' lang='lat' dir='ltr'><strong>contraria</strong></span> 
     </span>
    </p>
   </div>
   <div class='ocr_carea' id='block_1_66' title="bbox 2235 863 3780 935">
    <p class='ocr_par' dir='ltr' id='par_1_66' title="bbox 2235 863 3780 935">
     <span class='ocr_line' id='line_1_66' title="bbox 2235 863 3780 935; baseline 0.003 -19"><span class='ocrx_word' id='word_1_552' title='bbox 2235 865 2387 935; x_wconf 91' lang='lat' dir='ltr'><strong>plura</strong></span> <span class='ocrx_word' id='word_1_553' title='bbox 2426 865 2478 918; x_wconf 92' lang='lat' dir='ltr'><strong>in</strong></span> <span class='ocrx_word' id='word_1_554' title='bbox 2504 863 2653 918; x_wconf 81' lang='lat' dir='ltr'><strong>Novo</strong></span> <span class='ocrx_word' id='word_1_555' title='bbox 2681 906 2696 930; x_wconf 91' lang='lat'><strong>,</strong></span> <span class='ocrx_word' id='word_1_556' title='bbox 2749 863 3050 918; x_wconf 80' lang='lat' dir='ltr'><strong>d.il&#39;erentia</strong></span> <span class='ocrx_word' id='word_1_557' title='bbox 3086 877 3433 933; x_wconf 87' lang='lat' dir='ltr'><strong>personarum</strong></span> <span class='ocrx_word' id='word_1_558' title='bbox 3459 864 3780 921; x_wconf 85' lang='lat' dir='ltr'><strong>dill&#39;erentiam</strong></span> 
     </span>
    </p>
   </div>
   <div class='ocr_carea' id='block_1_67' title="bbox 2239 956 3780 1029">
    <p class='ocr_par' dir='ltr' id='par_1_67' title="bbox 2239 956 3780 1029">
     <span class='ocr_line' id='line_1_67' title="bbox 2239 956 3780 1029; baseline 0 -17"><span class='ocrx_word' id='word_1_559' title='bbox 2239 960 2356 1013; x_wconf 87' lang='lat' dir='ltr'><strong>talis</strong></span> <span class='ocrx_word' id='word_1_560' title='bbox 2385 958 2699 1014; x_wconf 68' lang='lat' dir='ltr'><strong>(Bconontia:</strong></span> <span class='ocrx_word' id='word_1_561' title='bbox 2722 957 2889 1012; x_wconf 76' lang='lat' dir='ltr'><strong>efficit</strong></span> <span class='ocrx_word' id='word_1_562' title='bbox 2913 956 3198 1029; x_wconf 76' lang='lat' dir='ltr'><strong>(Cap.6).l.</strong></span> <span class='ocrx_word' id='word_1_563' title='bbox 3220 956 3381 1011; x_wconf 82' lang='lat' dir='ltr'><strong>Audet</strong></span> <span class='ocrx_word' id='word_1_564' title='bbox 3396 957 3569 1026; x_wconf 80' lang='lat' dir='ltr'><strong>aliquis</strong></span> <span class='ocrx_word' id='word_1_565' title='bbox 3594 968 3780 1013; x_wconf 75' lang='lat' dir='ltr'><strong>vestrum</strong></span> 
     </span>
    </p>
   </div>
   <div class='ocr_carea' id='block_1_68' title="bbox 2235 1048 3782 1121">
    <p class='ocr_par' dir='ltr' id='par_1_68' title="bbox 2235 1048 3782 1121">
     <span class='ocr_line' id='line_1_68' title="bbox 2235 1048 3782 1121; baseline 0 -19"><span class='ocrx_word' id='word_1_566' title='bbox 2235 1051 2474 1103; x_wconf 83' lang='lat' dir='ltr'><strong>adversus</strong></span> <span class='ocrx_word' id='word_1_567' title='bbox 2493 1054 2701 1120; x_wconf 77' lang='lat' dir='ltr'><strong>fratrem</strong></span> <span class='ocrx_word' id='word_1_568' title='bbox 2724 1066 2868 1102; x_wconf 85' lang='lat' dir='ltr'><strong>suum</strong></span> <span class='ocrx_word' id='word_1_569' title='bbox 2892 1049 3078 1101; x_wconf 82' lang='lat' dir='ltr'><strong>habens</strong></span> <span class='ocrx_word' id='word_1_570' title='bbox 3104 1048 3355 1120; x_wconf 81' lang='lat' dir='ltr'><strong>negotium</strong></span> <span class='ocrx_word' id='word_1_571' title='bbox 3375 1089 3390 1106; x_wconf 91' lang='lat'><strong>.</strong></span> <span class='ocrx_word' id='word_1_572' title='bbox 3435 1049 3646 1121; x_wconf 82' lang='lat' dir='ltr'><strong>judicari</strong></span> <span class='ocrx_word' id='word_1_573' title='bbox 3663 1052 3782 1118; x_wconf 80' lang='lat' dir='ltr'><strong>apud</strong></span> 
     </span>
    </p>
   </div>
   <div class='ocr_carea' id='block_1_69' title="bbox 2236 1139 3780 1212">
    <p class='ocr_par' dir='ltr' id='par_1_69' title="bbox 2236 1139 3780 1212">
     <span class='ocr_line' id='line_1_69' title="bbox 2236 1139 3780 1212; baseline -0.001 -16"><span class='ocrx_word' id='word_1_574' title='bbox 2236 1143 2452 1212; x_wconf 84' lang='lat' dir='ltr'><strong>iniquos.</strong></span> <span class='ocrx_word' id='word_1_575' title='bbox 2482 1152 2526 1196; x_wconf 86' lang='lat' dir='ltr'><strong>et</strong></span> <span class='ocrx_word' id='word_1_576' title='bbox 2554 1160 2653 1196; x_wconf 89' lang='lat' dir='ltr'><strong>non</strong></span> <span class='ocrx_word' id='word_1_577' title='bbox 2676 1143 2813 1211; x_wconf 82' lang='lat' dir='ltr'><strong>apud</strong></span> <span class='ocrx_word' id='word_1_578' title='bbox 2842 1139 3086 1195; x_wconf 79' lang='lat' dir='ltr'><strong>sanctos?</strong></span> <span class='ocrx_word' id='word_1_579' title='bbox 3113 1139 3210 1194; x_wconf 85' lang='lat' dir='ltr'><strong>Hic</strong></span> <span class='ocrx_word' id='word_1_580' title='bbox 3235 1150 3394 1194; x_wconf 79' lang='lat' dir='ltr'><strong>etiam</strong></span> <span class='ocrx_word' id='word_1_581' title='bbox 3423 1142 3780 1195; x_wconf 81' lang='lat' dir='ltr'><strong>accusationem</strong></span> 
     </span>
    </p>
   </div>
   <div class='ocr_carea' id='block_1_70' title="bbox 2238 1231 3782 1303">
    <p class='ocr_par' dir='ltr' id='par_1_70' title="bbox 2238 1231 3782 1303">
     <span class='ocr_line' id='line_1_70' title="bbox 2238 1231 3782 1303; baseline 0 -17"><span class='ocrx_word' id='word_1_582' title='bbox 2238 1235 2440 1289; x_wconf 88' lang='lat' dir='ltr'><strong>inducit</strong></span> <span class='ocrx_word' id='word_1_583' title='bbox 2488 1249 2673 1288; x_wconf 90' lang='lat' dir='ltr'><strong>eorum</strong></span> <span class='ocrx_word' id='word_1_584' title='bbox 2724 1250 2842 1303; x_wconf 72' lang='lat' dir='ltr'><strong>qua:</strong></span> <span class='ocrx_word' id='word_1_585' title='bbox 2889 1233 2940 1286; x_wconf 91' lang='lat' dir='ltr'><strong>in</strong></span> <span class='ocrx_word' id='word_1_586' title='bbox 2967 1231 3212 1287; x_wconf 88' lang='lat' dir='ltr'><strong>confesso</strong></span> <span class='ocrx_word' id='word_1_587' title='bbox 3249 1241 3417 1286; x_wconf 91' lang='lat' dir='ltr'><strong>erant.</strong></span> <span class='ocrx_word' id='word_1_588' title='bbox 3466 1232 3656 1285; x_wconf 85' lang='lat' dir='ltr'><strong>Etenim</strong></span> <span class='ocrx_word' id='word_1_589' title='bbox 3695 1233 3782 1287; x_wconf 91' lang='lat' dir='ltr'><strong>illic</strong></span> 
     </span>
    </p>
   </div>
   <div class='ocr_carea' id='block_1_71' title="bbox 2237 1324 3780 1393">
    <p class='ocr_par' dir='ltr' id='par_1_71' title="bbox 2237 1324 3780 1393">
     <span class='ocr_line' id='line_1_71' title="bbox 2237 1324 3780 1393; baseline -0.003 -11"><span class='ocrx_word' id='word_1_590' title='bbox 2237 1328 2447 1382; x_wconf 76' lang='lat' dir='ltr'><strong>dicebat</strong></span> <span class='ocrx_word' id='word_1_591' title='bbox 2475 1346 2487 1382; x_wconf 88' lang='lat'>:</span> <span class='ocrx_word' id='word_1_592' title='bbox 2521 1327 2742 1381; x_wconf 86' lang='lat' dir='ltr'><strong>Omnino</strong></span> <span class='ocrx_word' id='word_1_593' title='bbox 2767 1326 2975 1379; x_wconf 84' lang='lat' dir='ltr'><strong>auditur</strong></span> <span class='ocrx_word' id='word_1_594' title='bbox 3000 1326 3052 1378; x_wconf 89' lang='lat' dir='ltr'><strong>in</strong></span> <span class='ocrx_word' id='word_1_595' title='bbox 3083 1324 3217 1377; x_wconf 85' lang='lat' dir='ltr'><strong>vobis</strong></span> <span class='ocrx_word' id='word_1_596' title='bbox 3243 1325 3547 1393; x_wconf 76' lang='lat' dir='ltr'><strong>fornicatio;</strong></span> <span class='ocrx_word' id='word_1_597' title='bbox 3591 1334 3640 1379; x_wconf 89' lang='lat' dir='ltr'><strong>et</strong></span> <span class='ocrx_word' id='word_1_598' title='bbox 3676 1325 3747 1378; x_wconf 80' lang='lat' dir='ltr'><strong>hic</strong></span> <span class='ocrx_word' id='word_1_599' title='bbox 3769 1368 3780 1388; x_wconf 93' lang='lat'><strong>,</strong></span> 
     </span>
    </p>
   </div>
   <div class='ocr_carea' id='block_1_72' title="bbox 2239 1415 3781 1486">
    <p class='ocr_par' dir='ltr' id='par_1_72' title="bbox 2239 1415 3781 1486">
     <span class='ocr_line' id='line_1_72' title="bbox 2239 1415 3781 1486; baseline -0.003 -14"><span class='ocrx_word' id='word_1_600' title='bbox 2239 1419 2404 1473; x_wconf 76' lang='lat' dir='ltr'><strong>Audet</strong></span> <span class='ocrx_word' id='word_1_601' title='bbox 2429 1421 2541 1486; x_wconf 89' lang='lat' dir='ltr'><strong>quis</strong></span> <span class='ocrx_word' id='word_1_602' title='bbox 2568 1419 2619 1471; x_wconf 86' lang='lat' dir='ltr'><strong>in</strong></span> <span class='ocrx_word' id='word_1_603' title='bbox 2649 1417 2783 1471; x_wconf 80' lang='lat' dir='ltr'><strong>vobis</strong></span> <span class='ocrx_word' id='word_1_604' title='bbox 2806 1418 2830 1470; x_wconf 90' lang='lat'><strong><em>?</em></strong></span> <span class='ocrx_word' id='word_1_605' title='bbox 2856 1417 3032 1470; x_wconf 88' lang='lat' dir='ltr'><strong>statim</strong></span> <span class='ocrx_word' id='word_1_606' title='bbox 3059 1431 3088 1468; x_wconf 89' lang='lat' dir='ltr'><strong>a</strong></span> <span class='ocrx_word' id='word_1_607' title='bbox 3117 1415 3376 1484; x_wconf 82' lang='lat' dir='ltr'><strong>principio</strong></span> <span class='ocrx_word' id='word_1_608' title='bbox 3397 1415 3524 1468; x_wconf 89' lang='lat' dir='ltr'><strong>iram</strong></span> <span class='ocrx_word' id='word_1_609' title='bbox 3553 1415 3781 1478; x_wconf 67' lang='lat' dir='ltr'><strong>indicans,</strong></span> 
     </span>
    </p>
   </div>
   <div class='ocr_carea' id='block_1_73' title="bbox 2239 1505 3782 1576">
    <p class='ocr_par' dir='ltr' id='par_1_73' title="bbox 2239 1505 3782 1576">
     <span class='ocr_line' id='line_1_73' title="bbox 2239 1505 3782 1576; baseline -0.005 -11"><span class='ocrx_word' id='word_1_610' title='bbox 2239 1521 2293 1565; x_wconf 92' lang='lat' dir='ltr'><strong>et</strong></span> <span class='ocrx_word' id='word_1_611' title='bbox 2316 1509 2606 1565; x_wconf 87' lang='lat' dir='ltr'><strong>ostendens</strong></span> <span class='ocrx_word' id='word_1_612' title='bbox 2633 1508 2805 1563; x_wconf 68' lang='lat' dir='ltr'><strong>audax</strong></span> <span class='ocrx_word' id='word_1_613' title='bbox 2839 1517 2893 1562; x_wconf 91' lang='lat' dir='ltr'><strong>et</strong></span> <span class='ocrx_word' id='word_1_614' title='bbox 2934 1507 3172 1576; x_wconf 89' lang='lat' dir='ltr'><strong>iniquum</strong></span> <span class='ocrx_word' id='word_1_615' title='bbox 3215 1521 3335 1561; x_wconf 90' lang='lat' dir='ltr'><strong>esse</strong></span> <span class='ocrx_word' id='word_1_616' title='bbox 3364 1505 3583 1562; x_wconf 82' lang='lat' dir='ltr'><strong>facinus.</strong></span> <span class='ocrx_word' id='word_1_617' title='bbox 3627 1507 3679 1560; x_wconf 81' lang='lat' dir='ltr'><strong>Et</strong></span> <span class='ocrx_word' id='word_1_618' title='bbox 3706 1522 3782 1559; x_wconf 86' lang='lat' dir='ltr'><strong>eur</strong></span> 
     </span>
    </p>
   </div>
   <div class='ocr_carea' id='block_1_74' title="bbox 2240 1598 3785 1673">
    <p class='ocr_par' dir='ltr' id='par_1_74' title="bbox 2240 1598 3785 1673">
     <span class='ocr_line' id='line_1_74' title="bbox 2240 1598 3785 1673; baseline -0.003 -16"><span class='ocrx_word' id='word_1_619' title='bbox 2240 1604 2418 1673; x_wconf 90' lang='lat' dir='ltr'><strong>injecit</strong></span> <span class='ocrx_word' id='word_1_620' title='bbox 2446 1618 2749 1658; x_wconf 89' lang='lat' dir='ltr'><strong>sermonem</strong></span> <span class='ocrx_word' id='word_1_621' title='bbox 2799 1600 2866 1655; x_wconf 90' lang='lat' dir='ltr'><strong>de</strong></span> <span class='ocrx_word' id='word_1_622' title='bbox 2914 1600 3135 1654; x_wconf 87' lang='lat' dir='ltr'><strong>avaritia</strong></span> <span class='ocrx_word' id='word_1_623' title='bbox 3178 1610 3232 1653; x_wconf 91' lang='lat' dir='ltr'><strong>ct</strong></span> <span class='ocrx_word' id='word_1_624' title='bbox 3277 1598 3417 1669; x_wconf 92' lang='lat' dir='ltr'><strong>quod</strong></span> <span class='ocrx_word' id='word_1_625' title='bbox 3445 1614 3545 1653; x_wconf 91' lang='lat' dir='ltr'><strong>non</strong></span> <span class='ocrx_word' id='word_1_626' title='bbox 3572 1611 3785 1668; x_wconf 82' lang='lat' dir='ltr'><strong>Oporteat</strong></span> 
     </span>
    </p>
   </div>
   <div class='ocr_carea' id='block_1_75' title="bbox 2241 1691 3784 1765">
    <p class='ocr_par' dir='ltr' id='par_1_75' title="bbox 2241 1691 3784 1765">
     <span class='ocr_line' id='line_1_75' title="bbox 2241 1691 3784 1765; baseline -0.005 -13"><span class='ocrx_word' id='word_1_627' title='bbox 2241 1697 2369 1752; x_wconf 91' lang='lat' dir='ltr'><strong>foris</strong></span> <span class='ocrx_word' id='word_1_628' title='bbox 2392 1695 2653 1765; x_wconf 87' lang='lat' dir='ltr'><strong>judicari?</strong></span> <span class='ocrx_word' id='word_1_629' title='bbox 2695 1694 2855 1750; x_wconf 87' lang='lat' dir='ltr'><strong>Suam</strong></span> <span class='ocrx_word' id='word_1_630' title='bbox 2906 1691 3135 1760; x_wconf 83' lang='lat' dir='ltr'><strong>impleas</strong></span> <span class='ocrx_word' id='word_1_631' title='bbox 3183 1691 3355 1760; x_wconf 81' lang='lat' dir='ltr'><strong>legem</strong></span> <span class='ocrx_word' id='word_1_632' title='bbox 3387 1708 3401 1745; x_wconf 90' lang='lat'><strong>:</strong></span> <span class='ocrx_word' id='word_1_633' title='bbox 3428 1705 3544 1744; x_wconf 88' lang='lat' dir='ltr'><strong>nam</strong></span> <span class='ocrx_word' id='word_1_634' title='bbox 3583 1705 3688 1744; x_wconf 83' lang='lat' dir='ltr'><strong>mos</strong></span> <span class='ocrx_word' id='word_1_635' title='bbox 3727 1692 3784 1744; x_wconf 93' lang='lat' dir='ltr'><strong>illi</strong></span> 
     </span>
    </p>
   </div>
   <div class='ocr_carea' id='block_1_76' title="bbox 2239 1781 3785 1858">
    <p class='ocr_par' dir='ltr' id='par_1_76' title="bbox 2239 1781 3785 1858">
     <span class='ocr_line' id='line_1_76' title="bbox 2239 1781 3785 1858; baseline -0.006 -14"><span class='ocrx_word' id='word_1_636' title='bbox 2239 1800 2356 1844; x_wconf 90' lang='lat' dir='ltr'><strong>erat</strong></span> <span class='ocrx_word' id='word_1_637' title='bbox 2400 1805 2461 1844; x_wconf 86' lang='lat' dir='ltr'><strong>ea</strong></span> <span class='ocrx_word' id='word_1_638' title='bbox 2510 1805 2626 1858; x_wconf 80' lang='lat' dir='ltr'><strong>qua:</strong></span> <span class='ocrx_word' id='word_1_639' title='bbox 2675 1786 2977 1840; x_wconf 84' lang='lat' dir='ltr'><strong>incidebant</strong></span> <span class='ocrx_word' id='word_1_640' title='bbox 3021 1783 3352 1847; x_wconf 87' lang='lat' dir='ltr'><strong>emendare;</strong></span> <span class='ocrx_word' id='word_1_641' title='bbox 3402 1791 3459 1836; x_wconf 91' lang='lat' dir='ltr'><strong>ut</strong></span> <span class='ocrx_word' id='word_1_642' title='bbox 3496 1781 3691 1852; x_wconf 87' lang='lat' dir='ltr'><strong>quando</strong></span> <span class='ocrx_word' id='word_1_643' title='bbox 3731 1781 3785 1835; x_wconf 85' lang='lat' dir='ltr'><strong>de</strong></span> 
     </span>
    </p>
   </div>
   <div class='ocr_carea' id='block_1_77' title="bbox 2240 1873 3785 1943">
    <p class='ocr_par' dir='ltr' id='par_1_77' title="bbox 2240 1873 3785 1943">
     <span class='ocr_line' id='line_1_77' title="bbox 2240 1873 3785 1943; baseline -0.007 -6"><span class='ocrx_word' id='word_1_644' title='bbox 2240 1882 2614 1937; x_wconf 89' lang='lat' dir='ltr'><strong>communibus</strong></span> <span class='ocrx_word' id='word_1_645' title='bbox 2641 1879 2840 1934; x_wconf 90' lang='lat' dir='ltr'><strong>mensis</strong></span> <span class='ocrx_word' id='word_1_646' title='bbox 2865 1877 3156 1940; x_wconf 88' lang='lat' dir='ltr'><strong>disserens,</strong></span> <span class='ocrx_word' id='word_1_647' title='bbox 3192 1876 3242 1928; x_wconf 93' lang='lat' dir='ltr'><strong>in</strong></span> <span class='ocrx_word' id='word_1_648' title='bbox 3273 1890 3576 1932; x_wconf 80' lang='lat' dir='ltr'><strong>sermonem</strong></span> <span class='ocrx_word' id='word_1_649' title='bbox 3601 1873 3662 1928; x_wconf 84' lang='lat' dir='ltr'><strong>de</strong></span> <span class='ocrx_word' id='word_1_650' title='bbox 3688 1889 3785 1943; x_wconf 78' lang='lat' dir='ltr'><strong>my-</strong></span> 
     </span>
    </p>
   </div>
   <div class='ocr_carea' id='block_1_78' title="bbox 2241 1967 3784 2044">
    <p class='ocr_par' dir='ltr' id='par_1_78' title="bbox 2241 1967 3784 2044">
     <span class='ocr_line' id='line_1_78' title="bbox 2241 1967 3784 2044; baseline -0.006 -16"><span class='ocrx_word' id='word_1_651' title='bbox 2241 1975 2416 2029; x_wconf 77' lang='lat' dir='ltr'><strong>steriis</strong></span> <span class='ocrx_word' id='word_1_652' title='bbox 2458 1974 2727 2044; x_wconf 81' lang='lat' dir='ltr'><strong>digressus</strong></span> <span class='ocrx_word' id='word_1_653' title='bbox 2758 1981 2858 2026; x_wconf 92' lang='lat' dir='ltr'><strong>est.</strong></span> <span class='ocrx_word' id='word_1_654' title='bbox 2897 1971 2962 2024; x_wconf 84' lang='lat' dir='ltr'><strong>Et</strong></span> <span class='ocrx_word' id='word_1_655' title='bbox 3007 1970 3090 2022; x_wconf 93' lang='lat' dir='ltr'><strong>hic</strong></span> <span class='ocrx_word' id='word_1_656' title='bbox 3141 1968 3302 2038; x_wconf 83' lang='lat' dir='ltr'><strong>igitur</strong></span> <span class='ocrx_word' id='word_1_657' title='bbox 3331 2011 3344 2033; x_wconf 89' lang='lat'><strong>,</strong></span> <span class='ocrx_word' id='word_1_658' title='bbox 3395 1968 3513 2037; x_wconf 88' lang='lat' dir='ltr'><strong>quia</strong></span> <span class='ocrx_word' id='word_1_659' title='bbox 3546 1967 3608 2020; x_wconf 89' lang='lat' dir='ltr'><strong>de</strong></span> <span class='ocrx_word' id='word_1_660' title='bbox 3641 1969 3784 2020; x_wconf 78' lang='lat' dir='ltr'><strong>avaris</strong></span> 
     </span>
    </p>
   </div>
   <div class='ocr_carea' id='block_1_79' title="bbox 2243 2059 3787 2125">
    <p class='ocr_par' dir='ltr' id='par_1_79' title="bbox 2243 2059 3787 2125">
     <span class='ocr_line' id='line_1_79' title="bbox 2243 2059 3787 2125; baseline -0.007 -5"><span class='ocrx_word' id='word_1_661' title='bbox 2243 2065 2494 2120; x_wconf 77' lang='lat' dir='ltr'><strong>fmtribus</strong></span> <span class='ocrx_word' id='word_1_662' title='bbox 2533 2064 2858 2119; x_wconf 89' lang='lat' dir='ltr'><strong>mentionem</strong></span> <span class='ocrx_word' id='word_1_663' title='bbox 2904 2061 3048 2125; x_wconf 85' lang='lat' dir='ltr'><strong>fecit,</strong></span> <span class='ocrx_word' id='word_1_664' title='bbox 3083 2060 3302 2114; x_wconf 83' lang='lat' dir='ltr'><strong>fervens</strong></span> <span class='ocrx_word' id='word_1_665' title='bbox 3330 2059 3397 2112; x_wconf 90' lang='lat' dir='ltr'><strong>ob</strong></span> <span class='ocrx_word' id='word_1_666' title='bbox 3423 2074 3596 2112; x_wconf 87' lang='lat' dir='ltr'><strong>curam</strong></span> <span class='ocrx_word' id='word_1_667' title='bbox 3626 2073 3787 2112; x_wconf 86' lang='lat' dir='ltr'><strong>emen-</strong></span> 
     </span>
    </p>
   </div>
   <div class='ocr_carea' id='block_1_80' title="bbox 2241 2150 3784 2225">
    <p class='ocr_par' dir='ltr' id='par_1_80' title="bbox 2241 2150 3784 2225">
     <span class='ocr_line' id='line_1_80' title="bbox 2241 2150 3784 2225; baseline -0.006 -15"><span class='ocrx_word' id='word_1_668' title='bbox 2241 2157 2471 2210; x_wconf 89' lang='lat' dir='ltr'><strong>dationis</strong></span> <span class='ocrx_word' id='word_1_669' title='bbox 2503 2165 2866 2225; x_wconf 83' lang='lat' dir='ltr'><strong>peccatorum,</strong></span> <span class='ocrx_word' id='word_1_670' title='bbox 2895 2153 3138 2208; x_wconf 89' lang='lat' dir='ltr'><strong>ordinem</strong></span> <span class='ocrx_word' id='word_1_671' title='bbox 3165 2167 3382 2206; x_wconf 87' lang='lat' dir='ltr'><strong>servare</strong></span> <span class='ocrx_word' id='word_1_672' title='bbox 3416 2167 3517 2205; x_wconf 90' lang='lat' dir='ltr'><strong>non</strong></span> <span class='ocrx_word' id='word_1_673' title='bbox 3549 2150 3784 2211; x_wconf 81' lang='lat' dir='ltr'><strong>sustinet;</strong></span> 
     </span>
    </p>
   </div>
   <div class='ocr_carea' id='block_1_81' title="bbox 2243 2245 3788 2320">
    <p class='ocr_par' dir='ltr' id='par_1_81' title="bbox 2243 2245 3788 2320">
     <span class='ocr_line' id='line_1_81' title="bbox 2243 2245 3788 2320; baseline -0.006 -14"><span class='ocrx_word' id='word_1_674' title='bbox 2243 2249 2506 2320; x_wconf 84' lang='lat' dir='ltr'><strong>sedquod</strong></span> <span class='ocrx_word' id='word_1_675' title='bbox 2552 2265 2615 2303; x_wconf 79' lang='lat' dir='ltr'><strong>ex</strong></span> <span class='ocrx_word' id='word_1_676' title='bbox 2655 2248 3002 2318; x_wconf 90' lang='lat' dir='ltr'><strong>consequenti</strong></span> <span class='ocrx_word' id='word_1_677' title='bbox 3051 2247 3102 2301; x_wconf 92' lang='lat' dir='ltr'><strong>in</strong></span> <span class='ocrx_word' id='word_1_678' title='bbox 3145 2246 3380 2301; x_wconf 87' lang='lat' dir='ltr'><strong>medium</strong></span> <span class='ocrx_word' id='word_1_679' title='bbox 3413 2245 3683 2300; x_wconf 87' lang='lat' dir='ltr'><strong>adductum</strong></span> <span class='ocrx_word' id='word_1_680' title='bbox 3720 2255 3788 2298; x_wconf 62' lang='lat' dir='ltr'><strong>est</strong></span> 
     </span>
    </p>
   </div>
   <div class='ocr_carea' id='block_1_82' title="bbox 2244 2339 3786 2414">
    <p class='ocr_par' dir='ltr' id='par_1_82' title="bbox 2244 2339 3786 2414">
     <span class='ocr_line' id='line_1_82' title="bbox 2244 2339 3786 2414; baseline -0.008 -15"><span class='ocrx_word' id='word_1_681' title='bbox 2244 2353 2538 2414; x_wconf 89' lang='lat' dir='ltr'><strong>peccatum,</strong></span> <span class='ocrx_word' id='word_1_682' title='bbox 2567 2358 2751 2398; x_wconf 80' lang='lat' dir='ltr'><strong>rursus</strong></span> <span class='ocrx_word' id='word_1_683' title='bbox 2771 2340 3041 2404; x_wconf 85' lang='lat' dir='ltr'><strong>emendat,</strong></span> <span class='ocrx_word' id='word_1_684' title='bbox 3067 2349 3121 2395; x_wconf 92' lang='lat' dir='ltr'><strong>et</strong></span> <span class='ocrx_word' id='word_1_685' title='bbox 3143 2341 3224 2394; x_wconf 91' lang='lat' dir='ltr'><strong>sic</strong></span> <span class='ocrx_word' id='word_1_686' title='bbox 3247 2339 3314 2393; x_wconf 90' lang='lat' dir='ltr'><strong>ad</strong></span> <span class='ocrx_word' id='word_1_687' title='bbox 3347 2339 3492 2408; x_wconf 80' lang='lat' dir='ltr'><strong>prius</strong></span> <span class='ocrx_word' id='word_1_688' title='bbox 3515 2339 3786 2392; x_wconf 85' lang='lat' dir='ltr'><strong>revertitur.</strong></span> 
     </span>
    </p>
   </div>
   <div class='ocr_carea' id='block_1_83' title="bbox 2243 2433 3788 2505">
    <p class='ocr_par' dir='ltr' id='par_1_83' title="bbox 2243 2433 3788 2505">
     <span class='ocr_line' id='line_1_83' title="bbox 2243 2433 3788 2505; baseline -0.006 -15"><span class='ocrx_word' id='word_1_689' title='bbox 2243 2436 2536 2490; x_wconf 83' lang='lat' dir='ltr'><strong>Audiamus</strong></span> <span class='ocrx_word' id='word_1_690' title='bbox 2561 2450 2690 2505; x_wconf 82' lang='lat' dir='ltr'><strong>ergo</strong></span> <span class='ocrx_word' id='word_1_691' title='bbox 2727 2433 2852 2504; x_wconf 89' lang='lat' dir='ltr'><strong>quid</strong></span> <span class='ocrx_word' id='word_1_692' title='bbox 2879 2433 2944 2489; x_wconf 88' lang='lat' dir='ltr'><strong>de</strong></span> <span class='ocrx_word' id='word_1_693' title='bbox 2975 2433 3075 2487; x_wconf 89' lang='lat' dir='ltr'><strong>hoc</strong></span> <span class='ocrx_word' id='word_1_694' title='bbox 3107 2434 3268 2487; x_wconf 88' lang='lat' dir='ltr'><strong>etiam</strong></span> <span class='ocrx_word' id='word_1_695' title='bbox 3301 2433 3446 2488; x_wconf 89' lang='lat' dir='ltr'><strong>dicat</strong></span> <span class='ocrx_word' id='word_1_696' title='bbox 3476 2452 3488 2486; x_wconf 93' lang='lat'>:</span> <span class='ocrx_word' id='word_1_697' title='bbox 3534 2433 3685 2485; x_wconf 82' lang='lat' dir='ltr'><strong>Audet</strong></span> <span class='ocrx_word' id='word_1_698' title='bbox 3706 2433 3788 2482; x_wconf 82' lang='lat' dir='ltr'><strong>ali-</strong></span> 
     </span>
    </p>
   </div>
   <div class='ocr_carea' id='block_1_84' title="bbox 2241 2526 3789 2602">
    <p class='ocr_par' dir='ltr' id='par_1_84' title="bbox 2241 2526 3789 2602">
     <span class='ocr_line' id='line_1_84' title="bbox 2241 2526 3789 2602; baseline -0.006 -20"><span class='ocrx_word' id='word_1_699' title='bbox 2241 2531 2352 2602; x_wconf 84' lang='lat' dir='ltr'><strong>quis</strong></span> <span class='ocrx_word' id='word_1_700' title='bbox 2381 2539 2597 2583; x_wconf 79' lang='lat' dir='ltr'><strong>vestrum</strong></span> <span class='ocrx_word' id='word_1_701' title='bbox 2626 2529 2812 2583; x_wconf 85' lang='lat' dir='ltr'><strong>habens</strong></span> <span class='ocrx_word' id='word_1_702' title='bbox 2839 2527 3093 2598; x_wconf 86' lang='lat' dir='ltr'><strong>negotium</strong></span> <span class='ocrx_word' id='word_1_703' title='bbox 3120 2527 3362 2580; x_wconf 80' lang='lat' dir='ltr'><strong>adversus</strong></span> <span class='ocrx_word' id='word_1_704' title='bbox 3391 2531 3594 2597; x_wconf 73' lang='lat' dir='ltr'><strong>fratrem</strong></span> <span class='ocrx_word' id='word_1_705' title='bbox 3621 2567 3634 2588; x_wconf 90' lang='lat'><strong>,</strong></span> <span class='ocrx_word' id='word_1_706' title='bbox 3671 2526 3789 2597; x_wconf 70' lang='lat' dir='ltr'><strong>jl&#39;til-</strong></span> 
     </span>
    </p>
   </div>
   <div class='ocr_carea' id='block_1_85' title="bbox 2242 2617 3788 2691">
    <p class='ocr_par' dir='ltr' id='par_1_85' title="bbox 2242 2617 3788 2691">
     <span class='ocr_line' id='line_1_85' title="bbox 2242 2617 3788 2691; baseline -0.006 -15"><span class='ocrx_word' id='word_1_707' title='bbox 2242 2623 2348 2676; x_wconf 84' lang='lat' dir='ltr'><strong>cari</strong></span> <span class='ocrx_word' id='word_1_708' title='bbox 2376 2621 2517 2691; x_wconf 83' lang='lat' dir='ltr'><strong>apud</strong></span> <span class='ocrx_word' id='word_1_709' title='bbox 2542 2621 2740 2690; x_wconf 86' lang='lat' dir='ltr'><strong>iniquos</strong></span> <span class='ocrx_word' id='word_1_710' title='bbox 2761 2661 2775 2685; x_wconf 90' lang='lat'><strong>,</strong></span> <span class='ocrx_word' id='word_1_711' title='bbox 2825 2629 2871 2674; x_wconf 83' lang='lat' dir='ltr'><strong>et</strong></span> <span class='ocrx_word' id='word_1_712' title='bbox 2900 2636 3000 2674; x_wconf 84' lang='lat' dir='ltr'><strong>non</strong></span> <span class='ocrx_word' id='word_1_713' title='bbox 3036 2619 3176 2688; x_wconf 86' lang='lat' dir='ltr'><strong>apud</strong></span> <span class='ocrx_word' id='word_1_714' title='bbox 3217 2629 3421 2672; x_wconf 87' lang='lat' dir='ltr'><strong>sanctos</strong></span> <span class='ocrx_word' id='word_1_715' title='bbox 3444 2619 3469 2671; x_wconf 72' lang='lat'><strong>1’</strong></span> <span class='ocrx_word' id='word_1_716' title='bbox 3507 2617 3704 2671; x_wconf 91' lang='lat' dir='ltr'><strong>Interim</strong></span> <span class='ocrx_word' id='word_1_717' title='bbox 3735 2632 3788 2667; x_wconf 72' lang='lat' dir='ltr'><strong>ex</strong></span> 
     </span>
    </p>
   </div>
   <div class='ocr_carea' id='block_1_86' title="bbox 2243 2705 3791 2780">
    <p class='ocr_par' dir='ltr' id='par_1_86' title="bbox 2243 2705 3791 2780">
     <span class='ocr_line' id='line_1_86' title="bbox 2243 2705 3791 2780; baseline -0.007 -12"><span class='ocrx_word' id='word_1_718' title='bbox 2243 2712 2544 2768; x_wconf 90' lang='lat' dir='ltr'><strong>nominibus</strong></span> <span class='ocrx_word' id='word_1_719' title='bbox 2575 2727 2689 2766; x_wconf 91' lang='lat' dir='ltr'><strong>rem</strong></span> <span class='ocrx_word' id='word_1_720' title='bbox 2715 2711 2914 2780; x_wconf 88' lang='lat' dir='ltr'><strong>aperit,</strong></span> <span class='ocrx_word' id='word_1_721' title='bbox 2945 2720 3000 2765; x_wconf 89' lang='lat' dir='ltr'><strong>et</strong></span> <span class='ocrx_word' id='word_1_722' title='bbox 3036 2714 3229 2764; x_wconf 88' lang='lat' dir='ltr'><strong>avertit</strong></span> <span class='ocrx_word' id='word_1_723' title='bbox 3275 2719 3332 2764; x_wconf 90' lang='lat' dir='ltr'><strong>et</strong></span> <span class='ocrx_word' id='word_1_724' title='bbox 3376 2716 3606 2764; x_wconf 88' lang='lat' dir='ltr'><strong>accusat.</strong></span> <span class='ocrx_word' id='word_1_725' title='bbox 3646 2706 3702 2761; x_wconf 83' lang='lat' dir='ltr'><strong>Et</strong></span> <span class='ocrx_word' id='word_1_726' title='bbox 3737 2705 3791 2758; x_wconf 86' lang='lat' dir='ltr'><strong>ab</strong></span> 
     </span>
    </p>
   </div>
   <div class='ocr_carea' id='block_1_87' title="bbox 2243 2799 3789 2875">
    <p class='ocr_par' dir='ltr' id='par_1_87' title="bbox 2243 2799 3789 2875">
     <span class='ocr_line' id='line_1_87' title="bbox 2243 2799 3789 2875; baseline -0.006 -16"><span class='ocrx_word' id='word_1_727' title='bbox 2243 2805 2393 2860; x_wconf 88' lang='lat' dir='ltr'><strong>initio</strong></span> <span class='ocrx_word' id='word_1_728' title='bbox 2420 2803 2634 2875; x_wconf 88' lang='lat' dir='ltr'><strong>quidem</strong></span> <span class='ocrx_word' id='word_1_729' title='bbox 2683 2819 2788 2858; x_wconf 92' lang='lat' dir='ltr'><strong>non</strong></span> <span class='ocrx_word' id='word_1_730' title='bbox 2827 2803 3020 2858; x_wconf 88' lang='lat' dir='ltr'><strong>evertit</strong></span> <span class='ocrx_word' id='word_1_731' title='bbox 3062 2802 3318 2871; x_wconf 89' lang='lat' dir='ltr'><strong>judicium</strong></span> <span class='ocrx_word' id='word_1_732' title='bbox 3342 2845 3357 2868; x_wconf 95' lang='lat'><strong>,</strong></span> <span class='ocrx_word' id='word_1_733' title='bbox 3405 2803 3544 2874; x_wconf 90' lang='lat' dir='ltr'><strong>quod</strong></span> <span class='ocrx_word' id='word_1_734' title='bbox 3588 2802 3640 2855; x_wconf 87' lang='lat' dir='ltr'><strong>lit</strong></span> <span class='ocrx_word' id='word_1_735' title='bbox 3673 2799 3789 2869; x_wconf 88' lang='lat' dir='ltr'><strong>apud</strong></span> 
     </span>
    </p>
   </div>
   <div class='ocr_carea' id='block_1_88' title="bbox 2244 2894 3792 2966">
    <p class='ocr_par' dir='ltr' id='par_1_88' title="bbox 2244 2894 3792 2966">
     <span class='ocr_line' id='line_1_88' title="bbox 2244 2894 3792 2966; baseline -0.004 -14"><span class='ocrx_word' id='word_1_736' title='bbox 2244 2897 2430 2952; x_wconf 89' lang='lat' dir='ltr'><strong>fideles</strong></span> <span class='ocrx_word' id='word_1_737' title='bbox 2463 2914 2476 2950; x_wconf 89' lang='lat'><strong>:</strong></span> <span class='ocrx_word' id='word_1_738' title='bbox 2511 2905 2786 2966; x_wconf 87' lang='lat' dir='ltr'><strong>postquam</strong></span> <span class='ocrx_word' id='word_1_739' title='bbox 2817 2906 2994 2950; x_wconf 89' lang='lat' dir='ltr'><strong>autem</strong></span> <span class='ocrx_word' id='word_1_740' title='bbox 3023 2894 3144 2949; x_wconf 92' lang='lat' dir='ltr'><strong>illos</strong></span> <span class='ocrx_word' id='word_1_741' title='bbox 3172 2895 3358 2950; x_wconf 78' lang='lat' dir='ltr'><strong>multis</strong></span> <span class='ocrx_word' id='word_1_742' title='bbox 3383 2897 3658 2958; x_wconf 79' lang='lat' dir='ltr'><strong>exterruit,</strong></span> <span class='ocrx_word' id='word_1_743' title='bbox 3687 2902 3792 2946; x_wconf 81' lang='lat' dir='ltr'><strong>tunc</strong></span> 
     </span>
    </p>
   </div>
   <div class='ocr_carea' id='block_1_89' title="bbox 2243 2983 3791 3058">
    <p class='ocr_par' dir='ltr' id='par_1_89' title="bbox 2243 2983 3791 3058">
     <span class='ocr_line' id='line_1_89' title="bbox 2243 2983 3791 3058; baseline -0.005 -14"><span class='ocrx_word' id='word_1_744' title='bbox 2243 2989 2461 3044; x_wconf 89' lang='lat' dir='ltr'><strong>omnino</strong></span> <span class='ocrx_word' id='word_1_745' title='bbox 2477 2987 2738 3058; x_wconf 90' lang='lat' dir='ltr'><strong>judicium</strong></span> <span class='ocrx_word' id='word_1_746' title='bbox 2759 2985 3064 3056; x_wconf 88' lang='lat' dir='ltr'><strong>bujusmodi</strong></span> <span class='ocrx_word' id='word_1_747' title='bbox 3085 2986 3332 3042; x_wconf 89' lang='lat' dir='ltr'><strong>abstulit.</strong></span> <span class='ocrx_word' id='word_1_748' title='bbox 3351 2985 3574 3042; x_wconf 79' lang='lat' dir='ltr'><strong>Maxime</strong></span> <span class='ocrx_word' id='word_1_749' title='bbox 3587 2983 3791 3057; x_wconf 85' lang='lat' dir='ltr'><strong>quidem.</strong></span> 
     </span>
    </p>
   </div>
   <div class='ocr_carea' id='block_1_90' title="bbox 2244 3077 3794 3152">
    <p class='ocr_par' dir='ltr' id='par_1_90' title="bbox 2244 3077 3794 3152">
     <span class='ocr_line' id='line_1_90' title="bbox 2244 3077 3794 3152; baseline -0.005 -16"><span class='ocrx_word' id='word_1_750' title='bbox 2244 3082 2435 3152; x_wconf 89' lang='lat' dir='ltr'><strong>inquit,</strong></span> <span class='ocrx_word' id='word_1_751' title='bbox 2461 3081 2505 3135; x_wconf 90' lang='lat' dir='ltr'><strong>si</strong></span> <span class='ocrx_word' id='word_1_752' title='bbox 2527 3079 2766 3151; x_wconf 88' lang='lat' dir='ltr'><strong>judicare</strong></span> <span class='ocrx_word' id='word_1_753' title='bbox 2787 3086 3019 3150; x_wconf 90' lang='lat' dir='ltr'><strong>oportet,</strong></span> <span class='ocrx_word' id='word_1_754' title='bbox 3045 3079 3184 3149; x_wconf 92' lang='lat' dir='ltr'><strong>apud</strong></span> <span class='ocrx_word' id='word_1_755' title='bbox 3206 3079 3422 3148; x_wconf 90' lang='lat' dir='ltr'><strong>iniquos</strong></span> <span class='ocrx_word' id='word_1_756' title='bbox 3444 3095 3546 3134; x_wconf 88' lang='lat' dir='ltr'><strong>non</strong></span> <span class='ocrx_word' id='word_1_757' title='bbox 3569 3077 3794 3148; x_wconf 83' lang='lat' dir='ltr'><strong>oportuit;</strong></span> 
     </span>
    </p>
   </div>
   <div class='ocr_carea' id='block_1_91' title="bbox 2243 3171 3794 3242">
    <p class='ocr_par' dir='ltr' id='par_1_91' title="bbox 2243 3171 3794 3242">
     <span class='ocr_line' id='line_1_91' title="bbox 2243 3171 3794 3242; baseline -0.006 -12"><span class='ocrx_word' id='word_1_758' title='bbox 2243 3174 2464 3230; x_wconf 90' lang='lat' dir='ltr'><strong>omnino</strong></span> <span class='ocrx_word' id='word_1_759' title='bbox 2487 3183 2664 3229; x_wconf 82' lang='lat' dir='ltr'><strong>autem</strong></span> <span class='ocrx_word' id='word_1_760' title='bbox 2693 3187 2796 3228; x_wconf 93' lang='lat' dir='ltr'><strong>non</strong></span> <span class='ocrx_word' id='word_1_761' title='bbox 2844 3181 3058 3242; x_wconf 82' lang='lat' dir='ltr'><strong>Oportet</strong></span> <span class='ocrx_word' id='word_1_762' title='bbox 3083 3171 3337 3242; x_wconf 89' lang='lat' dir='ltr'><strong>judicari.</strong></span> <span class='ocrx_word' id='word_1_763' title='bbox 3380 3171 3483 3228; x_wconf 86' lang='lat' dir='ltr'><strong>Sed</strong></span> <span class='ocrx_word' id='word_1_764' title='bbox 3517 3173 3612 3227; x_wconf 78' lang='lat' dir='ltr'><strong>hoc</strong></span> <span class='ocrx_word' id='word_1_765' title='bbox 3640 3179 3794 3241; x_wconf 84' lang='lat' dir='ltr'><strong>postea</strong></span> 
     </span>
    </p>
   </div>
   <div class='ocr_carea' id='block_1_92' title="bbox 2243 3263 3799 3335">
    <p class='ocr_par' dir='ltr' id='par_1_92' title="bbox 2243 3263 3799 3335">
     <span class='ocr_line' id='line_1_92' title="bbox 2243 3263 3799 3335; baseline -0.004 -17"><span class='ocrx_word' id='word_1_766' title='bbox 2243 3263 2401 3335; x_wconf 88' lang='lat' dir='ltr'><strong>ponit</strong></span> <span class='ocrx_word' id='word_1_767' title='bbox 2429 3281 2444 3320; x_wconf 91' lang='lat'><strong>:</strong></span> <span class='ocrx_word' id='word_1_768' title='bbox 2474 3265 2686 3319; x_wconf 89' lang='lat' dir='ltr'><strong>interim</strong></span> <span class='ocrx_word' id='word_1_769' title='bbox 2718 3279 2843 3319; x_wconf 88' lang='lat' dir='ltr'><strong>vero</strong></span> <span class='ocrx_word' id='word_1_770' title='bbox 2874 3263 3046 3334; x_wconf 89' lang='lat' dir='ltr'><strong>primo</strong></span> <span class='ocrx_word' id='word_1_771' title='bbox 3078 3263 3126 3317; x_wconf 92' lang='lat' dir='ltr'><strong>id</strong></span> <span class='ocrx_word' id='word_1_772' title='bbox 3157 3263 3224 3317; x_wconf 88' lang='lat' dir='ltr'><strong>de</strong></span> <span class='ocrx_word' id='word_1_773' title='bbox 3258 3264 3440 3320; x_wconf 91' lang='lat' dir='ltr'><strong>tnedio</strong></span> <span class='ocrx_word' id='word_1_774' title='bbox 3469 3264 3600 3318; x_wconf 91' lang='lat' dir='ltr'><strong>tollit</strong></span> <span class='ocrx_word' id='word_1_775' title='bbox 3627 3305 3641 3330; x_wconf 89' lang='lat'><strong>,</strong></span> <span class='ocrx_word' id='word_1_776' title='bbox 3672 3272 3720 3316; x_wconf 87' lang='lat' dir='ltr'><strong>ut</strong></span> <span class='ocrx_word' id='word_1_777' title='bbox 3746 3275 3799 3313; x_wconf 85' lang='lat' dir='ltr'><strong>uc</strong></span> 
     </span>
    </p>
   </div>
   <div class='ocr_carea' id='block_1_93' title="bbox 2243 3352 3796 3426">
    <p class='ocr_par' dir='ltr' id='par_1_93' title="bbox 2243 3352 3796 3426">
     <span class='ocr_line' id='line_1_93' title="bbox 2243 3352 3796 3426; baseline -0.003 -18"><span class='ocrx_word' id='word_1_778' title='bbox 2243 3352 2372 3410; x_wconf 81' lang='lat' dir='ltr'><strong>foris</strong></span> <span class='ocrx_word' id='word_1_779' title='bbox 2392 3355 2718 3426; x_wconf 89' lang='lat' dir='ltr'><strong>judicentur.</strong></span> <span class='ocrx_word' id='word_1_780' title='bbox 2743 3354 3022 3424; x_wconf 91' lang='lat' dir='ltr'><strong>Quomodo</strong></span> <span class='ocrx_word' id='word_1_781' title='bbox 3045 3355 3188 3410; x_wconf 89' lang='lat' dir='ltr'><strong>enim</strong></span> <span class='ocrx_word' id='word_1_782' title='bbox 3213 3370 3320 3409; x_wconf 86' lang='grc' dir='ltr'>ιιοιι</span> <span class='ocrx_word' id='word_1_783' title='bbox 3347 3355 3630 3410; x_wconf 89' lang='lat' dir='ltr'><strong>absurdum</strong></span> <span class='ocrx_word' id='word_1_784' title='bbox 3647 3354 3796 3412; x_wconf 85' lang='lat' dir='ltr'><strong>fuerit.</strong></span> 
     </span>
    </p>
   </div>
   <div class='ocr_carea' id='block_1_94' title="bbox 2246 3446 3802 3517">
    <p class='ocr_par' dir='ltr' id='par_1_94' title="bbox 2246 3446 3802 3517">
     <span class='ocr_line' id='line_1_94' title="bbox 2246 3446 3802 3517; baseline -0.005 -15"><span class='ocrx_word' id='word_1_785' title='bbox 2246 3446 2505 3503; x_wconf 87' lang='lat' dir='ltr'><strong>adversus</strong></span> <span class='ocrx_word' id='word_1_786' title='bbox 2550 3448 2780 3502; x_wconf 89' lang='lat' dir='ltr'><strong>amicum</strong></span> <span class='ocrx_word' id='word_1_787' title='bbox 2819 3447 3232 3517; x_wconf 87' lang='lat' dir='ltr'><strong>disceptantem,</strong></span> <span class='ocrx_word' id='word_1_788' title='bbox 3275 3447 3547 3503; x_wconf 90' lang='lat' dir='ltr'><strong>inimicum</strong></span> <span class='ocrx_word' id='word_1_789' title='bbox 3593 3446 3802 3514; x_wconf 62' lang='lat' dir='ltr'><strong>accipere</strong></span> 
     </span>
    </p>
   </div>
   <div class='ocr_carea' id='block_1_95' title="bbox 2247 3537 3800 3609">
    <p class='ocr_par' dir='ltr' id='par_1_95' title="bbox 2247 3537 3800 3609">
     <span class='ocr_line' id='line_1_95' title="bbox 2247 3537 3800 3609; baseline -0.006 -15"><span class='ocrx_word' id='word_1_790' title='bbox 2247 3539 2647 3594; x_wconf 89' lang='lat' dir='ltr'><strong>conciliatorem</strong></span> <span class='ocrx_word' id='word_1_791' title='bbox 2675 3581 2690 3606; x_wconf 92' lang='lat'><strong>,</strong></span> <span class='ocrx_word' id='word_1_792' title='bbox 2737 3539 2942 3608; x_wconf 83' lang='lat' dir='ltr'><strong>inquit?</strong></span> <span class='ocrx_word' id='word_1_793' title='bbox 2985 3538 3256 3609; x_wconf 90' lang='lat' dir='ltr'><strong>quomodo</strong></span> <span class='ocrx_word' id='word_1_794' title='bbox 3304 3553 3412 3594; x_wconf 91' lang='lat' dir='ltr'><strong>non</strong></span> <span class='ocrx_word' id='word_1_795' title='bbox 3457 3549 3508 3594; x_wconf 90' lang='lat' dir='ltr'><strong>te</strong></span> <span class='ocrx_word' id='word_1_796' title='bbox 3536 3537 3687 3609; x_wconf 90' lang='lat' dir='ltr'><strong>pudet</strong></span> <span class='ocrx_word' id='word_1_797' title='bbox 3721 3548 3800 3588; x_wconf 82' lang='lat' dir='ltr'><strong>nec</strong></span> 
     </span>
    </p>
   </div>
   <div class='ocr_carea' id='block_1_96' title="bbox 2249 3623 3803 3700">
    <p class='ocr_par' dir='ltr' id='par_1_96' title="bbox 2249 3623 3803 3700">
     <span class='ocr_line' id='line_1_96' title="bbox 2249 3623 3803 3700; baseline -0.008 -12"><span class='ocrx_word' id='word_1_798' title='bbox 2249 3633 2519 3688; x_wconf 87' lang='lat' dir='ltr'><strong>erubescis</strong></span> <span class='ocrx_word' id='word_1_799' title='bbox 2541 3672 2559 3700; x_wconf 94' lang='lat'><strong>,</strong></span> <span class='ocrx_word' id='word_1_800' title='bbox 2591 3648 2712 3686; x_wconf 91' lang='lat' dir='ltr'><strong>cum</strong></span> <span class='ocrx_word' id='word_1_801' title='bbox 2739 3631 2957 3687; x_wconf 69' lang='lat' dir='ltr'><strong>Grmcus</strong></span> <span class='ocrx_word' id='word_1_802' title='bbox 2982 3630 3135 3686; x_wconf 83' lang='lat' dir='ltr'><strong>sedet</strong></span> <span class='ocrx_word' id='word_1_803' title='bbox 3157 3627 3522 3686; x_wconf 87' lang='lat' dir='ltr'><strong>Christianum</strong></span> <span class='ocrx_word' id='word_1_804' title='bbox 3546 3623 3803 3697; x_wconf 80' lang='lat' dir='ltr'><strong>judicans?</strong></span> 
     </span>
    </p>
   </div>
   <div class='ocr_carea' id='block_1_97' title="bbox 2249 3721 3800 3795">
    <p class='ocr_par' dir='ltr' id='par_1_97' title="bbox 2249 3721 3800 3795">
     <span class='ocr_line' id='line_1_97' title="bbox 2249 3721 3800 3795; baseline -0.007 -12"><span class='ocrx_word' id='word_1_805' title='bbox 2249 3727 2303 3782; x_wconf 91' lang='lat' dir='ltr'><strong>Si</strong></span> <span class='ocrx_word' id='word_1_806' title='bbox 2331 3736 2506 3782; x_wconf 89' lang='lat' dir='ltr'><strong>autem</strong></span> <span class='ocrx_word' id='word_1_807' title='bbox 2529 3727 2596 3780; x_wconf 90' lang='lat' dir='ltr'><strong>de</strong></span> <span class='ocrx_word' id='word_1_808' title='bbox 2617 3726 2776 3780; x_wconf 89' lang='lat' dir='ltr'><strong>rebus</strong></span> <span class='ocrx_word' id='word_1_809' title='bbox 2799 3723 3020 3795; x_wconf 80' lang='lat' dir='ltr'><strong>privatis</strong></span> <span class='ocrx_word' id='word_1_810' title='bbox 3045 3740 3149 3780; x_wconf 92' lang='lat' dir='ltr'><strong>non</strong></span> <span class='ocrx_word' id='word_1_811' title='bbox 3173 3734 3391 3795; x_wconf 72' lang='lat' dir='ltr'><strong>oportet</strong></span> <span class='ocrx_word' id='word_1_812' title='bbox 3412 3743 3440 3779; x_wconf 91' lang='lat' dir='ltr'><strong>a</strong></span> <span class='ocrx_word' id='word_1_813' title='bbox 3467 3725 3661 3780; x_wconf 76' lang='lat' dir='ltr'><strong>Cra-cis</strong></span> <span class='ocrx_word' id='word_1_814' title='bbox 3678 3721 3800 3792; x_wconf 89' lang='lat' dir='ltr'><strong>judi-</strong></span> 
     </span>
    </p>
   </div>
   <div class='ocr_carea' id='block_1_98' title="bbox 2251 3812 3806 3890">
    <p class='ocr_par' dir='ltr' id='par_1_98' title="bbox 2251 3812 3806 3890">
     <span class='ocr_line' id='line_1_98' title="bbox 2251 3812 3806 3890; baseline -0.006 -17"><span class='ocrx_word' id='word_1_815' title='bbox 2251 3820 2358 3874; x_wconf 72' lang='lat' dir='ltr'><strong>cn-i</strong></span> <span class='ocrx_word' id='word_1_816' title='bbox 2380 3861 2396 3886; x_wconf 97' lang='lat'><strong>,</strong></span> <span class='ocrx_word' id='word_1_817' title='bbox 2441 3817 2710 3890; x_wconf 91' lang='lat' dir='ltr'><strong>quomodo</strong></span> <span class='ocrx_word' id='word_1_818' title='bbox 2741 3818 2870 3888; x_wconf 86' lang='lat' dir='ltr'><strong>ipsis</strong></span> <span class='ocrx_word' id='word_1_819' title='bbox 2899 3831 2984 3872; x_wconf 88' lang='lat' dir='ltr'><strong>res</strong></span> <span class='ocrx_word' id='word_1_820' title='bbox 3026 3817 3258 3886; x_wconf 86' lang='lat' dir='ltr'><strong>majores</strong></span> <span class='ocrx_word' id='word_1_821' title='bbox 3298 3815 3718 3873; x_wconf 74' lang='lat' dir='ltr'><strong>commutemus?</strong></span> <span class='ocrx_word' id='word_1_822' title='bbox 3752 3812 3806 3866; x_wconf 84' lang='lat' dir='ltr'><strong>Et</strong></span> 
     </span>
    </p>
   </div>
   <div class='ocr_carea' id='block_1_99' title="bbox 2253 3907 3801 3980">
    <p class='ocr_par' dir='ltr' id='par_1_99' title="bbox 2253 3907 3801 3980">
     <span class='ocr_line' id='line_1_99' title="bbox 2253 3907 3801 3980; baseline -0.003 -18"><span class='ocrx_word' id='word_1_823' title='bbox 2253 3911 2372 3964; x_wconf 88' lang='lat' dir='ltr'><strong>vide</strong></span> <span class='ocrx_word' id='word_1_824' title='bbox 2399 3908 2668 3980; x_wconf 88' lang='lat' dir='ltr'><strong>quomodo</strong></span> <span class='ocrx_word' id='word_1_825' title='bbox 2698 3909 2944 3979; x_wconf 87' lang='lat' dir='ltr'><strong>loquatur</strong></span> <span class='ocrx_word' id='word_1_826' title='bbox 2973 3925 2986 3962; x_wconf 90' lang='lat'>:</span> <span class='ocrx_word' id='word_1_827' title='bbox 3023 3925 3127 3962; x_wconf 91' lang='lat' dir='ltr'><strong>non</strong></span> <span class='ocrx_word' id='word_1_828' title='bbox 3156 3908 3330 3973; x_wconf 77' lang='lat' dir='ltr'><strong>dixit,</strong></span> <span class='ocrx_word' id='word_1_829' title='bbox 3365 3910 3520 3980; x_wconf 88' lang='lat' dir='ltr'><strong>Apud</strong></span> <span class='ocrx_word' id='word_1_830' title='bbox 3552 3907 3768 3963; x_wconf 82' lang='lat' dir='ltr'><strong>infideles</strong></span> <span class='ocrx_word' id='word_1_831' title='bbox 3788 3945 3801 3967; x_wconf 90' lang='lat'><strong>,</strong></span> 
     </span>
    </p>
   </div>
   <div class='ocr_carea' id='block_1_100' title="bbox 2254 4002 3806 4074">
    <p class='ocr_par' dir='ltr' id='par_1_100' title="bbox 2254 4002 3806 4074">
     <span class='ocr_line' id='line_1_100' title="bbox 2254 4002 3806 4074; baseline -0.003 -17"><span class='ocrx_word' id='word_1_832' title='bbox 2254 4004 2348 4058; x_wconf 88' lang='lat' dir='ltr'><strong>sed</strong></span> <span class='ocrx_word' id='word_1_833' title='bbox 2373 4045 2386 4066; x_wconf 92' lang='lat'><strong>,</strong></span> <span class='ocrx_word' id='word_1_834' title='bbox 2418 4005 2568 4072; x_wconf 78' lang='lat' dir='ltr'><strong>Apud</strong></span> <span class='ocrx_word' id='word_1_835' title='bbox 2597 4004 2791 4070; x_wconf 87' lang='lat' dir='ltr'><strong>iniquos</strong></span> <span class='ocrx_word' id='word_1_836' title='bbox 2815 4043 2829 4066; x_wconf 89' lang='lat'><strong>,</strong></span> <span class='ocrx_word' id='word_1_837' title='bbox 2875 4016 3007 4057; x_wconf 87' lang='lat' dir='ltr'><strong>voce</strong></span> <span class='ocrx_word' id='word_1_838' title='bbox 3035 4002 3124 4056; x_wconf 86' lang='lat' dir='ltr'><strong>illa</strong></span> <span class='ocrx_word' id='word_1_839' title='bbox 3156 4016 3282 4057; x_wconf 90' lang='lat' dir='ltr'><strong>usus</strong></span> <span class='ocrx_word' id='word_1_840' title='bbox 3309 4019 3413 4074; x_wconf 87' lang='lat' dir='ltr'><strong>qua</strong></span> <span class='ocrx_word' id='word_1_841' title='bbox 3443 4004 3667 4056; x_wconf 80' lang='lat' dir='ltr'><strong>maxime</strong></span> <span class='ocrx_word' id='word_1_842' title='bbox 3695 4011 3806 4066; x_wconf 85' lang='lat' dir='ltr'><strong>opus</strong></span> 
     </span>
    </p>
   </div>
   <div class='ocr_carea' id='block_1_101' title="bbox 2256 4091 3808 4165">
    <p class='ocr_par' dir='ltr' id='par_1_101' title="bbox 2256 4091 3808 4165">
     <span class='ocr_line' id='line_1_101' title="bbox 2256 4091 3808 4165; baseline -0.005 -15"><span class='ocrx_word' id='word_1_843' title='bbox 2256 4095 2479 4150; x_wconf 89' lang='lat' dir='ltr'><strong>habebat</strong></span> <span class='ocrx_word' id='word_1_844' title='bbox 2513 4096 2564 4149; x_wconf 94' lang='lat' dir='ltr'><strong>in</strong></span> <span class='ocrx_word' id='word_1_845' title='bbox 2593 4094 2869 4165; x_wconf 89' lang='lat' dir='ltr'><strong>proposito</strong></span> <span class='ocrx_word' id='word_1_846' title='bbox 2899 4104 3215 4164; x_wconf 79' lang='lat' dir='ltr'><strong>argumento</strong></span> <span class='ocrx_word' id='word_1_847' title='bbox 3237 4135 3252 4158; x_wconf 95' lang='lat'><strong>,</strong></span> <span class='ocrx_word' id='word_1_848' title='bbox 3283 4106 3341 4149; x_wconf 89' lang='lat' dir='ltr'><strong>ut</strong></span> <span class='ocrx_word' id='word_1_849' title='bbox 3381 4104 3638 4150; x_wconf 88' lang='lat' dir='ltr'><strong>averteret</strong></span> <span class='ocrx_word' id='word_1_850' title='bbox 3665 4091 3808 4145; x_wconf 81' lang='lat' dir='ltr'><strong>abdu-</strong></span> 
     </span>
    </p>
   </div>
   <div class='ocr_carea' id='block_1_102' title="bbox 2255 4182 3808 4258">
    <p class='ocr_par' dir='ltr' id='par_1_102' title="bbox 2255 4182 3808 4258">
     <span class='ocr_line' id='line_1_102' title="bbox 2255 4182 3808 4258; baseline -0.006 -15"><span class='ocrx_word' id='word_1_851' title='bbox 2255 4198 2522 4257; x_wconf 89' lang='lat' dir='ltr'><strong>ceretque.</strong></span> <span class='ocrx_word' id='word_1_852' title='bbox 2564 4186 2701 4255; x_wconf 91' lang='lat' dir='ltr'><strong>Quia</strong></span> <span class='ocrx_word' id='word_1_853' title='bbox 2727 4187 2870 4242; x_wconf 90' lang='lat' dir='ltr'><strong>enim</strong></span> <span class='ocrx_word' id='word_1_854' title='bbox 2901 4186 2967 4241; x_wconf 89' lang='lat' dir='ltr'><strong>de</strong></span> <span class='ocrx_word' id='word_1_855' title='bbox 2989 4187 3192 4256; x_wconf 85' lang='lat' dir='ltr'><strong>judicio</strong></span> <span class='ocrx_word' id='word_1_856' title='bbox 3216 4202 3400 4242; x_wconf 90' lang='lat' dir='ltr'><strong>sermo</strong></span> <span class='ocrx_word' id='word_1_857' title='bbox 3433 4188 3529 4258; x_wconf 84' lang='lat' dir='ltr'><strong>ipsi</strong></span> <span class='ocrx_word' id='word_1_858' title='bbox 3559 4197 3703 4248; x_wconf 83' lang='lat' dir='ltr'><strong>erat;</strong></span> <span class='ocrx_word' id='word_1_859' title='bbox 3732 4182 3808 4252; x_wconf 86' lang='lat' dir='ltr'><strong>qui</strong></span> 
     </span>
    </p>
   </div>
   <div class='ocr_carea' id='block_1_103' title="bbox 2258 4275 3810 4350">
    <p class='ocr_par' dir='ltr' id='par_1_103' title="bbox 2258 4275 3810 4350">
     <span class='ocr_line' id='line_1_103' title="bbox 2258 4275 3810 4350; baseline -0.002 -18"><span class='ocrx_word' id='word_1_860' title='bbox 2258 4279 2708 4347; x_wconf 87' lang='lat' dir='ltr'><strong>verojudicantur</strong></span> <span class='ocrx_word' id='word_1_861' title='bbox 2735 4278 2862 4332; x_wconf 86' lang='lat' dir='ltr'><strong>nihil</strong></span> <span class='ocrx_word' id='word_1_862' title='bbox 2894 4277 3031 4332; x_wconf 87' lang='lat' dir='ltr'><strong>adeo</strong></span> <span class='ocrx_word' id='word_1_863' title='bbox 3063 4277 3347 4347; x_wconf 91' lang='lat' dir='ltr'><strong>requirunt</strong></span> <span class='ocrx_word' id='word_1_864' title='bbox 3368 4321 3383 4346; x_wconf 91' lang='lat'><strong>,</strong></span> <span class='ocrx_word' id='word_1_865' title='bbox 3413 4296 3568 4350; x_wconf 90' lang='lat' dir='ltr'><strong>quam</strong></span> <span class='ocrx_word' id='word_1_866' title='bbox 3597 4289 3646 4331; x_wconf 92' lang='lat' dir='ltr'><strong>ut</strong></span> <span class='ocrx_word' id='word_1_867' title='bbox 3672 4275 3810 4330; x_wconf 77' lang='lat' dir='ltr'><strong>multa</strong></span> 
     </span>
    </p>
   </div>
   <div class='ocr_carea' id='block_1_104' title="bbox 2253 4369 3812 4441">
    <p class='ocr_par' dir='ltr' id='par_1_104' title="bbox 2253 4369 3812 4441">
     <span class='ocr_line' id='line_1_104' title="bbox 2253 4369 3812 4441; baseline -0.004 -16"><span class='ocrx_word' id='word_1_868' title='bbox 2253 4372 2381 4441; x_wconf 90' lang='lat' dir='ltr'><strong>justi</strong></span> <span class='ocrx_word' id='word_1_869' title='bbox 2410 4387 2538 4425; x_wconf 87' lang='lat' dir='ltr'><strong>cura</strong></span> <span class='ocrx_word' id='word_1_870' title='bbox 2560 4380 2616 4424; x_wconf 92' lang='lat' dir='ltr'><strong>ct</strong></span> <span class='ocrx_word' id='word_1_871' title='bbox 2639 4371 2775 4425; x_wconf 91' lang='lat' dir='ltr'><strong>ratio</strong></span> <span class='ocrx_word' id='word_1_872' title='bbox 2797 4369 3054 4425; x_wconf 87' lang='lat' dir='ltr'><strong>habeatur</strong></span> <span class='ocrx_word' id='word_1_873' title='bbox 3082 4386 3110 4422; x_wconf 86' lang='lat' dir='ltr'><strong>a</strong></span> <span class='ocrx_word' id='word_1_874' title='bbox 3135 4370 3502 4438; x_wconf 87' lang='lat' dir='ltr'><strong>judicantibus</strong></span> <span class='ocrx_word' id='word_1_875' title='bbox 3535 4387 3548 4423; x_wconf 86' lang='lat'><strong>:</strong></span> <span class='ocrx_word' id='word_1_876' title='bbox 3578 4370 3693 4425; x_wconf 81' lang='lat' dir='ltr'><strong>inde</strong></span> <span class='ocrx_word' id='word_1_877' title='bbox 3713 4369 3812 4423; x_wconf 79' lang='lat' dir='ltr'><strong>illos</strong></span> 
     </span>
    </p>
   </div>
   <div class='ocr_carea' id='block_1_105' title="bbox 2258 4454 3813 4531">
    <p class='ocr_par' dir='ltr' id='par_1_105' title="bbox 2258 4454 3813 4531">
     <span class='ocr_line' id='line_1_105' title="bbox 2258 4454 3813 4531; baseline -0.007 -16"><span class='ocrx_word' id='word_1_878' title='bbox 2258 4462 2482 4526; x_wconf 88' lang='lat' dir='ltr'><strong>avertit,</strong></span> <span class='ocrx_word' id='word_1_879' title='bbox 2529 4458 2914 4530; x_wconf 88' lang='lat' dir='ltr'><strong>propemodum</strong></span> <span class='ocrx_word' id='word_1_880' title='bbox 2959 4458 3145 4514; x_wconf 71' lang='lat' dir='ltr'><strong>dit-ens</strong></span> <span class='ocrx_word' id='word_1_881' title='bbox 3192 4459 3362 4526; x_wconf 91' lang='lat' dir='ltr'><strong>:Quo</strong></span> <span class='ocrx_word' id='word_1_882' title='bbox 3402 4463 3577 4531; x_wconf 79' lang='lat' dir='ltr'><strong>pergis</strong></span> <span class='ocrx_word' id='word_1_883' title='bbox 3623 4470 3673 4514; x_wconf 91' lang='lat' dir='ltr'><strong>et</strong></span> <span class='ocrx_word' id='word_1_884' title='bbox 3710 4454 3813 4526; x_wconf 88' lang='lat' dir='ltr'><strong>qttid</strong></span> 
     </span>
    </p>
   </div>
   <div class='ocr_carea' id='block_1_106' title="bbox 2259 4547 3816 4621">
    <p class='ocr_par' dir='ltr' id='par_1_106' title="bbox 2259 4547 3816 4621">
     <span class='ocr_line' id='line_1_106' title="bbox 2259 4547 3816 4621; baseline -0.004 -15"><span class='ocrx_word' id='word_1_885' title='bbox 2259 4552 2426 4616; x_wconf 89' lang='lat' dir='ltr'><strong>facis,</strong></span> <span class='ocrx_word' id='word_1_886' title='bbox 2480 4552 2662 4617; x_wconf 92' lang='lat' dir='ltr'><strong>homo,</strong></span> <span class='ocrx_word' id='word_1_887' title='bbox 2694 4551 3020 4605; x_wconf 88' lang='lat' dir='ltr'><strong>contrarium</strong></span> <span class='ocrx_word' id='word_1_888' title='bbox 3064 4552 3270 4620; x_wconf 86' lang='lat' dir='ltr'><strong>patiens</strong></span> <span class='ocrx_word' id='word_1_889' title='bbox 3311 4567 3500 4606; x_wconf 89' lang='lat' dir='ltr'><strong>eorum</strong></span> <span class='ocrx_word' id='word_1_890' title='bbox 3541 4565 3655 4621; x_wconf 70' lang='lat' dir='ltr'><strong>qua:</strong></span> <span class='ocrx_word' id='word_1_891' title='bbox 3693 4547 3816 4602; x_wconf 70' lang='lat' dir='ltr'><strong>desi-</strong></span> 
     </span>
    </p>
   </div>
   <div class='ocr_carea' id='block_1_107' title="bbox 2258 4643 3817 4714">
    <p class='ocr_par' dir='ltr' id='par_1_107' title="bbox 2258 4643 3817 4714">
     <span class='ocr_line' id='line_1_107' title="bbox 2258 4643 3817 4714; baseline -0.005 -16"><span class='ocrx_word' id='word_1_892' title='bbox 2258 4644 2415 4698; x_wconf 86' lang='lat' dir='ltr'><strong>deras</strong></span> <span class='ocrx_word' id='word_1_893' title='bbox 2437 4684 2452 4708; x_wconf 91' lang='lat'><strong>,</strong></span> <span class='ocrx_word' id='word_1_894' title='bbox 2482 4653 2534 4698; x_wconf 91' lang='lat' dir='ltr'><strong>ct</strong></span> <span class='ocrx_word' id='word_1_895' title='bbox 2556 4651 2613 4697; x_wconf 88' lang='grc' dir='ltr'><strong>ιιι</strong></span> <span class='ocrx_word' id='word_1_896' title='bbox 2631 4643 2890 4711; x_wconf 88' lang='lat' dir='ltr'><strong>justitiam</strong></span> <span class='ocrx_word' id='word_1_897' title='bbox 2911 4643 3236 4713; x_wconf 88' lang='lat' dir='ltr'><strong>assequaris,</strong></span> <span class='ocrx_word' id='word_1_898' title='bbox 3261 4644 3331 4697; x_wconf 88' lang='lat' dir='ltr'><strong>ad</strong></span> <span class='ocrx_word' id='word_1_899' title='bbox 3361 4644 3572 4714; x_wconf 82' lang='lat' dir='ltr'><strong>iniquos</strong></span> <span class='ocrx_word' id='word_1_900' title='bbox 3599 4643 3817 4695; x_wconf 87' lang='lat' dir='ltr'><strong>homines</strong></span> 
     </span>
    </p>
   </div>
   <div class='ocr_carea' id='block_1_108' title="bbox 2261 4733 3819 4805">
    <p class='ocr_par' dir='ltr' id='par_1_108' title="bbox 2261 4733 3819 4805">
     <span class='ocr_line' id='line_1_108' title="bbox 2261 4733 3819 4805; baseline -0.003 -14"><span class='ocrx_word' id='word_1_901' title='bbox 2261 4748 2313 4792; x_wconf 87' lang='lat' dir='ltr'><strong>te</strong></span> <span class='ocrx_word' id='word_1_902' title='bbox 2341 4736 2648 4792; x_wconf 87' lang='lat' dir='ltr'><strong>convertis?</strong></span> <span class='ocrx_word' id='word_1_903' title='bbox 2676 4738 2739 4790; x_wconf 83' lang='lat' dir='ltr'><strong>Et</strong></span> <span class='ocrx_word' id='word_1_904' title='bbox 2765 4737 2887 4805; x_wconf 87' lang='lat' dir='ltr'><strong>quia</strong></span> <span class='ocrx_word' id='word_1_905' title='bbox 2917 4737 3094 4790; x_wconf 90' lang='lat' dir='ltr'><strong>statim</strong></span> <span class='ocrx_word' id='word_1_906' title='bbox 3122 4737 3409 4793; x_wconf 86' lang='lat' dir='ltr'><strong>molestum</strong></span> <span class='ocrx_word' id='word_1_907' title='bbox 3438 4736 3626 4793; x_wconf 77' lang='lat' dir='ltr'><strong>fuisset</strong></span> <span class='ocrx_word' id='word_1_908' title='bbox 3653 4733 3819 4788; x_wconf 80' lang='lat' dir='ltr'><strong>audire</strong></span> 
     </span>
    </p>
   </div>
   <div class='ocr_carea' id='block_1_109' title="bbox 2261 4823 3822 4898">
    <p class='ocr_par' dir='ltr' id='par_1_109' title="bbox 2261 4823 3822 4898">
     <span class='ocr_line' id='line_1_109' title="bbox 2261 4823 3822 4898; baseline -0.006 -14"><span class='ocrx_word' id='word_1_909' title='bbox 2261 4845 2368 4884; x_wconf 91' lang='lat' dir='ltr'><strong>non</strong></span> <span class='ocrx_word' id='word_1_910' title='bbox 2413 4828 2611 4898; x_wconf 89' lang='lat' dir='ltr'><strong>judicio</strong></span> <span class='ocrx_word' id='word_1_911' title='bbox 2657 4827 3060 4898; x_wconf 74' lang='lat' dir='ltr'><strong>disceptandum</strong></span> <span class='ocrx_word' id='word_1_912' title='bbox 3141 4842 3302 4893; x_wconf 86' lang='lat' dir='ltr'><strong>esse,</strong></span> <span class='ocrx_word' id='word_1_913' title='bbox 3371 4844 3478 4883; x_wconf 87' lang='lat' dir='ltr'><strong>non</strong></span> <span class='ocrx_word' id='word_1_914' title='bbox 3517 4828 3688 4883; x_wconf 87' lang='lat' dir='ltr'><strong>statim</strong></span> <span class='ocrx_word' id='word_1_915' title='bbox 3738 4823 3822 4876; x_wconf 87' lang='lat' dir='ltr'><strong>hoc</strong></span> 
     </span>
    </p>
   </div>
   <div class='ocr_carea' id='block_1_110' title="bbox 2262 4918 3821 4989">
    <p class='ocr_par' dir='ltr' id='par_1_110' title="bbox 2262 4918 3821 4989">
     <span class='ocr_line' id='line_1_110' title="bbox 2262 4918 3821 4989; baseline -0.006 -14"><span class='ocrx_word' id='word_1_916' title='bbox 2262 4921 2509 4985; x_wconf 79' lang='lat' dir='ltr'><strong>induxit,</strong></span> <span class='ocrx_word' id='word_1_917' title='bbox 2561 4919 2656 4974; x_wconf 83' lang='lat' dir='ltr'><strong>sed</strong></span> <span class='ocrx_word' id='word_1_918' title='bbox 2737 4920 3039 4989; x_wconf 85' lang='lat' dir='ltr'><strong>judicantes</strong></span> <span class='ocrx_word' id='word_1_919' title='bbox 3094 4919 3267 4973; x_wconf 88' lang='lat' dir='ltr'><strong>solum</strong></span> <span class='ocrx_word' id='word_1_920' title='bbox 3326 4923 3589 4984; x_wconf 89' lang='lat' dir='ltr'><strong>mutavit,</strong></span> <span class='ocrx_word' id='word_1_921' title='bbox 3641 4918 3706 4972; x_wconf 88' lang='lat' dir='ltr'><strong>ab</strong></span> <span class='ocrx_word' id='word_1_922' title='bbox 3740 4929 3821 4969; x_wconf 74' lang='lat' dir='ltr'><strong>ct-</strong></span> 
     </span>
    </p>
   </div>
   <div class='ocr_carea' id='block_1_111' title="bbox 2264 5011 3816 5082">
    <p class='ocr_par' dir='ltr' id='par_1_111' title="bbox 2264 5011 3816 5082">
     <span class='ocr_line' id='line_1_111' title="bbox 2264 5011 3816 5082; baseline -0.009 -14"><span class='ocrx_word' id='word_1_923' title='bbox 2264 5015 2430 5068; x_wconf 89' lang='lat' dir='ltr'><strong>ternis</strong></span> <span class='ocrx_word' id='word_1_924' title='bbox 2460 5013 2512 5066; x_wconf 94' lang='lat' dir='ltr'><strong>in</strong></span> <span class='ocrx_word' id='word_1_925' title='bbox 2531 5011 2828 5066; x_wconf 79' lang='lat' dir='ltr'><strong>Ecclesium</strong></span> <span class='ocrx_word' id='word_1_926' title='bbox 2853 5011 3110 5066; x_wconf 84' lang='lat' dir='ltr'><strong>inducens</strong></span> <span class='ocrx_word' id='word_1_927' title='bbox 3131 5028 3226 5066; x_wconf 84' lang='lat' dir='ltr'><strong>eos</strong></span> <span class='ocrx_word' id='word_1_928' title='bbox 3252 5012 3345 5081; x_wconf 88' lang='lat' dir='ltr'><strong>qui</strong></span> <span class='ocrx_word' id='word_1_929' title='bbox 3368 5012 3639 5082; x_wconf 85' lang='lat' dir='ltr'><strong>judicaudi</strong></span> <span class='ocrx_word' id='word_1_930' title='bbox 3668 5015 3816 5064; x_wconf 85' lang='lat' dir='ltr'><strong>erant.</strong></span> 
     </span>
    </p>
   </div>
   <div class='ocr_carea' id='block_1_112' title="bbox 2263 5100 3821 5174">
    <p class='ocr_par' dir='ltr' id='par_1_112' title="bbox 2263 5100 3821 5174">
     <span class='ocr_line' id='line_1_112' title="bbox 2263 5100 3821 5174; baseline -0.006 -15"><span class='ocrx_word' id='word_1_931' title='bbox 2263 5103 2466 5159; x_wconf 88' lang='lat' dir='ltr'><strong>Deinde</strong></span> <span class='ocrx_word' id='word_1_932' title='bbox 2491 5103 2614 5173; x_wconf 89' lang='lat' dir='ltr'><strong>quia</strong></span> <span class='ocrx_word' id='word_1_933' title='bbox 2642 5113 2952 5172; x_wconf 88' lang='lat' dir='ltr'><strong>contemptu</strong></span> <span class='ocrx_word' id='word_1_934' title='bbox 2976 5106 3193 5174; x_wconf 86' lang='lat' dir='ltr'><strong>dignum</strong></span> <span class='ocrx_word' id='word_1_935' title='bbox 3223 5105 3502 5160; x_wconf 87' lang='lat' dir='ltr'><strong>videbatur</strong></span> <span class='ocrx_word' id='word_1_936' title='bbox 3526 5121 3660 5170; x_wconf 86' lang='lat' dir='ltr'><strong>esse,</strong></span> <span class='ocrx_word' id='word_1_937' title='bbox 3693 5103 3753 5155; x_wconf 90' lang='lat' dir='ltr'><strong>ab</strong></span> <span class='ocrx_word' id='word_1_938' title='bbox 3771 5100 3821 5150; x_wconf 81' lang='lat' dir='ltr'><strong>iis</strong></span> 
     </span>
    </p>
   </div>
   <div class='ocr_carea' id='block_1_113' title="bbox 2262 5191 3822 5267">
    <p class='ocr_par' dir='ltr' id='par_1_113' title="bbox 2262 5191 3822 5267">
     <span class='ocr_line' id='line_1_113' title="bbox 2262 5191 3822 5267; baseline -0.007 -16"><span class='ocrx_word' id='word_1_939' title='bbox 2262 5198 2351 5267; x_wconf 89' lang='lat' dir='ltr'><strong>qui</strong></span> <span class='ocrx_word' id='word_1_940' title='bbox 2381 5197 2522 5251; x_wconf 89' lang='lat' dir='ltr'><strong>intus</strong></span> <span class='ocrx_word' id='word_1_941' title='bbox 2549 5207 2702 5250; x_wconf 83' lang='lat' dir='ltr'><strong>erant</strong></span> <span class='ocrx_word' id='word_1_942' title='bbox 2725 5195 2951 5266; x_wconf 87' lang='lat' dir='ltr'><strong>judicari</strong></span> <span class='ocrx_word' id='word_1_943' title='bbox 2977 5236 2994 5261; x_wconf 90' lang='lat'><strong>,</strong></span> <span class='ocrx_word' id='word_1_944' title='bbox 3022 5207 3077 5249; x_wconf 90' lang='lat' dir='ltr'><strong>et</strong></span> <span class='ocrx_word' id='word_1_945' title='bbox 3107 5205 3235 5250; x_wconf 91' lang='lat' dir='ltr'><strong>tunc</strong></span> <span class='ocrx_word' id='word_1_946' title='bbox 3267 5198 3500 5251; x_wconf 76' lang='lat' dir='ltr'><strong>maxime</strong></span> <span class='ocrx_word' id='word_1_947' title='bbox 3533 5196 3672 5265; x_wconf 86' lang='lat' dir='ltr'><strong>(non</strong></span> <span class='ocrx_word' id='word_1_948' title='bbox 3695 5191 3822 5245; x_wconf 88' lang='lat' dir='ltr'><strong>enim</strong></span> 
     </span>
    </p>
   </div>
   <div class='ocr_carea' id='block_1_114' title="bbox 2262 5288 3838 5360">
    <p class='ocr_par' dir='ltr' id='par_1_114' title="bbox 2262 5288 3838 5360">
     <span class='ocr_line' id='line_1_114' title="bbox 2262 5288 3838 5360; baseline -0.004 -16"><span class='ocrx_word' id='word_1_949' title='bbox 2262 5298 2417 5344; x_wconf 87' lang='lat' dir='ltr'><strong>erant</strong></span> <span class='ocrx_word' id='word_1_950' title='bbox 2454 5289 2696 5344; x_wconf 87' lang='lat' dir='ltr'><strong>fortassis</strong></span> <span class='ocrx_word' id='word_1_951' title='bbox 2733 5289 2904 5343; x_wconf 90' lang='lat' dir='ltr'><strong>idonei</strong></span> <span class='ocrx_word' id='word_1_952' title='bbox 2951 5288 3016 5341; x_wconf 91' lang='lat' dir='ltr'><strong>ad</strong></span> <span class='ocrx_word' id='word_1_953' title='bbox 3051 5304 3161 5343; x_wconf 87' lang='lat' dir='ltr'><strong>rem</strong></span> <span class='ocrx_word' id='word_1_954' title='bbox 3212 5288 3606 5360; x_wconf 77' lang='lat' dir='ltr'><strong>intelligendam</strong></span> <span class='ocrx_word' id='word_1_955' title='bbox 3633 5329 3648 5352; x_wconf 95' lang='lat'><strong>,</strong></span> <span class='ocrx_word' id='word_1_956' title='bbox 3680 5291 3838 5350; x_wconf 78' lang='lat' dir='ltr'><strong>neque</strong></span> 
     </span>
    </p>
   </div>
   <div class='ocr_carea' id='block_1_115' title="bbox 2265 5379 3834 5452">
    <p class='ocr_par' dir='ltr' id='par_1_115' title="bbox 2265 5379 3834 5452">
     <span class='ocr_line' id='line_1_115' title="bbox 2265 5379 3834 5452; baseline -0.003 -18"><span class='ocrx_word' id='word_1_957' title='bbox 2265 5383 2399 5436; x_wconf 90' lang='lat' dir='ltr'><strong>tales</strong></span> <span class='ocrx_word' id='word_1_958' title='bbox 2423 5381 2610 5450; x_wconf 87' lang='lat' dir='ltr'><strong>quales</strong></span> <span class='ocrx_word' id='word_1_959' title='bbox 2648 5391 2802 5435; x_wconf 91' lang='lat' dir='ltr'><strong>erant</strong></span> <span class='ocrx_word' id='word_1_960' title='bbox 2842 5382 3050 5436; x_wconf 81' lang='lat' dir='ltr'><strong>externi</strong></span> <span class='ocrx_word' id='word_1_961' title='bbox 3092 5381 3336 5450; x_wconf 77' lang='lat' dir='ltr'><strong>iudices,</strong></span> <span class='ocrx_word' id='word_1_962' title='bbox 3382 5382 3558 5452; x_wconf 82' lang='lat' dir='ltr'><strong>legum</strong></span> <span class='ocrx_word' id='word_1_963' title='bbox 3605 5379 3747 5450; x_wconf 87' lang='lat' dir='ltr'><strong>periti</strong></span> <span class='ocrx_word' id='word_1_964' title='bbox 3785 5383 3834 5424; x_wconf 72' lang='lat' dir='ltr'><strong>et</strong></span> 
     </span>
    </p>
   </div>
   <div class='ocr_carea' id='block_1_116' title="bbox 2264 5469 3820 5544">
    <p class='ocr_par' dir='ltr' id='par_1_116' title="bbox 2264 5469 3820 5544">
     <span class='ocr_line' id='line_1_116' title="bbox 2264 5469 3820 5544; baseline -0.006 -15"><span class='ocrx_word' id='word_1_965' title='bbox 2264 5475 2481 5540; x_wconf 89' lang='lat' dir='ltr'><strong>diserti,</strong></span> <span class='ocrx_word' id='word_1_966' title='bbox 2511 5483 2696 5543; x_wconf 88' lang='lat' dir='ltr'><strong>utpote</strong></span> <span class='ocrx_word' id='word_1_967' title='bbox 2721 5473 2810 5544; x_wconf 90' lang='lat' dir='ltr'><strong>qui</strong></span> <span class='ocrx_word' id='word_1_968' title='bbox 2847 5489 2914 5529; x_wconf 81' lang='lat' dir='ltr'><strong>ex</strong></span> <span class='ocrx_word' id='word_1_969' title='bbox 2948 5474 3171 5543; x_wconf 88' lang='lat' dir='ltr'><strong>privatis</strong></span> <span class='ocrx_word' id='word_1_970' title='bbox 3211 5483 3267 5528; x_wconf 85' lang='lat' dir='ltr'><strong>et</strong></span> <span class='ocrx_word' id='word_1_971' title='bbox 3297 5475 3532 5529; x_wconf 90' lang='lat' dir='ltr'><strong>indoctis</strong></span> <span class='ocrx_word' id='word_1_972' title='bbox 3567 5469 3820 5544; x_wconf 86' lang='lat' dir='ltr'><strong>quamplu-</strong></span> 
     </span>
    </p>
   </div>
   <div class='ocr_carea' id='block_1_117' title="bbox 2265 5561 3828 5637">
    <p class='ocr_par' dir='ltr' id='par_1_117' title="bbox 2265 5561 3828 5637">
     <span class='ocr_line' id='line_1_117' title="bbox 2265 5561 3828 5637; baseline -0.008 -15"><span class='ocrx_word' id='word_1_973' title='bbox 2265 5566 2385 5622; x_wconf 90' lang='lat' dir='ltr'><strong>rimi</strong></span> <span class='ocrx_word' id='word_1_974' title='bbox 2413 5568 2632 5637; x_wconf 87' lang='lat' dir='ltr'><strong>essent)</strong></span> <span class='ocrx_word' id='word_1_975' title='bbox 2666 5578 2682 5620; x_wconf 84' lang='lat'>:</span> <span class='ocrx_word' id='word_1_976' title='bbox 2718 5565 2839 5620; x_wconf 90' lang='lat' dir='ltr'><strong>vide</strong></span> <span class='ocrx_word' id='word_1_977' title='bbox 2869 5565 3140 5636; x_wconf 89' lang='lat' dir='ltr'><strong>quomodo</strong></span> <span class='ocrx_word' id='word_1_978' title='bbox 3163 5567 3285 5620; x_wconf 84' lang='lat' dir='ltr'><strong>illos</strong></span> <span class='ocrx_word' id='word_1_979' title='bbox 3315 5567 3419 5622; x_wconf 84' lang='lat' dir='ltr'><strong>fide</strong></span> <span class='ocrx_word' id='word_1_980' title='bbox 3443 5567 3630 5636; x_wconf 78' lang='lat' dir='ltr'><strong>dignos</strong></span> <span class='ocrx_word' id='word_1_981' title='bbox 3656 5561 3828 5620; x_wconf 87' lang='lat' dir='ltr'><strong>faciat,</strong></span> 
     </span>
    </p>
   </div>
   <div class='ocr_carea' id='block_1_118' title="bbox 2267 5655 3826 5730">
    <p class='ocr_par' dir='ltr' id='par_1_118' title="bbox 2267 5655 3826 5730">
     <span class='ocr_line' id='line_1_118' title="bbox 2267 5655 3826 5730; baseline -0.009 -17"><span class='ocrx_word' id='word_1_982' title='bbox 2267 5659 2495 5730; x_wconf 90' lang='lat' dir='ltr'><strong>primum</strong></span> <span class='ocrx_word' id='word_1_983' title='bbox 2520 5667 2734 5712; x_wconf 87' lang='lat' dir='ltr'><strong>sanctos</strong></span> <span class='ocrx_word' id='word_1_984' title='bbox 2755 5673 2969 5713; x_wconf 83' lang='lat' dir='ltr'><strong>vocans.</strong></span> <span class='ocrx_word' id='word_1_985' title='bbox 2998 5657 3102 5712; x_wconf 83' lang='lat' dir='ltr'><strong>Sed</strong></span> <span class='ocrx_word' id='word_1_986' title='bbox 3121 5659 3246 5728; x_wconf 88' lang='lat' dir='ltr'><strong>quia</strong></span> <span class='ocrx_word' id='word_1_987' title='bbox 3268 5657 3370 5713; x_wconf 92' lang='lat' dir='ltr'><strong>hoc</strong></span> <span class='ocrx_word' id='word_1_988' title='bbox 3393 5661 3517 5713; x_wconf 54' lang='lat' dir='ltr'><strong>vitae</strong></span> <span class='ocrx_word' id='word_1_989' title='bbox 3541 5655 3826 5727; x_wconf 88' lang='lat' dir='ltr'><strong>puritatem,</strong></span> 
     </span>
    </p>
   </div>
   <div class='ocr_carea' id='block_1_119' title="bbox 2267 5743 3823 5818">
    <p class='ocr_par' dir='ltr' id='par_1_119' title="bbox 2267 5743 3823 5818">
     <span class='ocr_line' id='line_1_119' title="bbox 2267 5743 3823 5818; baseline -0.005 -12"><span class='ocrx_word' id='word_1_990' title='bbox 2267 5749 2361 5806; x_wconf 85' lang='lat' dir='ltr'><strong>sed</strong></span> <span class='ocrx_word' id='word_1_991' title='bbox 2416 5765 2520 5804; x_wconf 90' lang='lat' dir='ltr'><strong>non</strong></span> <span class='ocrx_word' id='word_1_992' title='bbox 2565 5758 2868 5804; x_wconf 85' lang='lat' dir='ltr'><strong>accuratam</strong></span> <span class='ocrx_word' id='word_1_993' title='bbox 2920 5749 3280 5818; x_wconf 77' lang='lat' dir='ltr'><strong>cognitionem</strong></span> <span class='ocrx_word' id='word_1_994' title='bbox 3353 5749 3421 5803; x_wconf 89' lang='lat' dir='ltr'><strong>ad</strong></span> <span class='ocrx_word' id='word_1_995' title='bbox 3481 5743 3823 5803; x_wconf 79' lang='lat' dir='ltr'><strong>audiendum.</strong></span> 
     </span>
    </p>
   </div>
   <div class='ocr_carea' id='block_1_120' title="bbox 2271 5837 3830 5911">
    <p class='ocr_par' dir='ltr' id='par_1_120' title="bbox 2271 5837 3830 5911">
     <span class='ocr_line' id='line_1_120' title="bbox 2271 5837 3830 5911; baseline -0.002 -16"><span class='ocrx_word' id='word_1_996' title='bbox 2271 5841 2685 5907; x_wconf 78' lang='lat' dir='ltr'><strong>testiﬁcabatur;</strong></span> <span class='ocrx_word' id='word_1_997' title='bbox 2735 5840 2855 5896; x_wconf 85' lang='lat' dir='ltr'><strong>vide</strong></span> <span class='ocrx_word' id='word_1_998' title='bbox 2901 5837 3173 5911; x_wconf 85' lang='lat' dir='ltr'><strong>quomodo</strong></span> <span class='ocrx_word' id='word_1_999' title='bbox 3217 5840 3355 5896; x_wconf 82' lang='lat' dir='ltr'><strong>bane</strong></span> <span class='ocrx_word' id='word_1_1000' title='bbox 3403 5855 3609 5911; x_wconf 90' lang='lat' dir='ltr'><strong>quoquc</strong></span> <span class='ocrx_word' id='word_1_1001' title='bbox 3651 5839 3830 5908; x_wconf 72' lang='lat' dir='ltr'><strong>partem</strong></span> 
     </span>
    </p>
   </div>
  </div>
