3992 6416
185 325 260 383 1ἶῦ
1203 315 1272 381 ΙΝ
1311 311 1522 372 EPIST.
1565 311 1585 363 1
1652 308 1776 365 Mli

1883 308 1929 361 ι.
1974 303 2201 360 1109σ111..
2241 302 2381 361 XVI.

190 450 369 504 tractet,
398 439 472 495 ita
494 435 699 495 dicens
723 453 738 490 :
762 436 821 491 9...
847 437 929 490 An
950 431 1149 490 nescitis
1174 429 1311 499 quod
1335 427 1498 482 sancti
1520 423 1766 478 mundum

199 533 460 593 iudicabunt
476 533 503 587 .’

246 624 291 683 5.
318 626 398 681 'I‘u
424 642 581 696 ergo,
608 622 707 695 qui
734 622 856 678 illos
875 616 1161 689 aliquando
1178 613 1510 684 iudicaturus
1531 623 1613 671 es,
1630 621 1768 677 quo-

193 719 750 777 modosustincsnunc
768 715 839 771 ab
867 715 972 769 illis
998 708 1270 782 iudicari?
1307 704 1636 763 Judicabunt
1672 716 1768 756 au-

193 826 301 875 tem.
328 827 437 868 non
484 812 586 879 ipsi
615 809 868 864 sedentes
909 816 968 860 et
1003 805 1266 858 rationem
1296 804 1602 867 repetentes
1623 835 1642 859 ,
1671 791 1767 849 sed

189 903 632 963 condemnabam.
661 901 775 956 lloc
798 896 944 954 enim
988 895 1234 951 indicans
1258 890 1473 946 dicebat
1502 907 1516 944 :
1546 887 1615 941 Et
1642 888 1688 942 si
1713 887 1769 940 in

191 999 308 1054 ubis
325 997 599 1070 judicatur
622 991 843 1046 mundus
863 1031 878 1056 ,
904 988 1105 1059 indigni
1133 986 1250 1040 estis
1274 983 1498 1038 minimis
1515 981 1727 1053 judiciis
1744 981 1770 1034 1’

189 1091 292 1147 Non
311 1090 460 1143 enim
485 1086 641 1150 dixit,
668 1086 710 1138 Α
734 1082 906 1145 vobis,
928 1079 1047 1146 sed,
1073 1078 1215 1131 Inter
1240 1091 1363 1141 vos;
1393 1084 1449 1129 ut
1467 1089 1591 1131 cum
1616 1072 1767 1138 dicit,

187 1184 369 1248 Regina
387 1180 570 1235 Austri
581 1187 772 1249 surget,
792 1186 840 1231 et
857 1172 1209 1231 condemnabit
1226 1171 1596 1243 generationem
1614 1169 1771 1232 hanc;

184 1287 232 1329 et
258 1274 362 1327 Viri
389 1271 642 1326 Ninioine
663 1276 904 1337 surgent,
923 1276 967 1321 et
982 1264 1384 1319 condemnabam
1400 1263 1770 1333 generationem

183 1371 307 1421 lianc
337 1364 560 1437 (Matth.
586 1361 674 1417 i2.
701 1361 793 1416 45.
819 1360 940 1423 41).
979 1357 1205 1426 Quando
1229 1355 1371 1409 enim
1401 1353 1652 1408 eumdem
1676 1366 1770 1405 so-

183 1461 279 1516 lem
301 1458 575 1520 videntes,
593 1464 648 1510 et
661 1452 972 1509 earumdem
992 1464 1175 1507 rerum
1194 1449 1433 1504 omnium
1455 1447 1766 1519 participes,

185 1566 276 1607 nos
299 1550 524 1620 quidem
549 1545 844 1602 credidisse
866 1543 1065 1598 inventi
1090 1540 1374 1605 fuerimus,
1405 1538 1481 1595 illi
1507 1554 1639 1594 vero
1664 1554 1768 1593 non

180 1642 497 1708 credidisse,
529 1656 635 1694 non
686 1646 937 1709 poterunt
960 1635 1026 1690 ad
1075 1633 1432 1705 ignorantiam
1457 1631 1767 1701 confugere:

182 1751 272 1791 nos
292 1735 445 1791 enim
490 1733 614 1788 illos
656 1730 1027 1787 accusabimus
1059 1744 1157 1797 per
1193 1743 1255 1782 ea
1286 1743 1404 1795 qua:
1430 1726 1674 1799 fecimus.
1704 1725 1773 1779 Et

180 1828 341 1884 multa
373 1826 483 1880 alia
510 1826 633 1896 quis
660 1824 895 1878 inveniet
920 1822 990 1875 ibi
1007 1820 1228 1890 judicia.
1255 1819 1455 1874 Deinde
1474 1835 1543 1873 ne
1559 1818 1770 1873 videre-

179 1930 258 1976 tur
285 1918 527 1988 cuipiam
572 1916 639 1971 de
672 1914 795 1969 aliis
837 1913 1049 1977 dicere,
1081 1911 1204 1966 vide
1231 1909 1501 1981 quomodo
1528 1925 1771 1964 comnm-

180 2029 295 2067 nem
344 2012 511 2066 iaciat
538 2023 845 2065 sermonem
871 2026 884 2060 :
913 2006 982 2063 Et
1004 2007 1121 2060 siin
1163 2006 1298 2059 vobis
1328 1988 1595 2076 judicatnr
1621 2020 1769 2058 mun—

177 2107 294 2171 dus,
322 2104 532 2175 indigni
556 2104 674 2158 estis
699 2101 920 2154 minimis
939 2099 1188 2168 judiciis.’
1218 2099 1480 2153 Pudorem
1513 2099 1663 2154 vobis
1685 2113 1772 2153 res

178 2196 351 2261 aﬂ'ert,
401 2194 603 2263 inquit,
641 2202 707 2246 et;
742 2192 1011 2247 ineliabile
1049 2190 1302 2246 dedecus.
1349 2190 1479 2244 Nam
1520 2193 1669 2261 quia,
1715 2200 1773 2246 at

179 2287 474 2343 verisimile
494 2295 602 2349 est,
628 2284 861 2354 pudebat
877 2298 973 2340 eos
992 2282 1062 2337 ab
1090 2284 1153 2337 iis
1179 2282 1268 2352 qui
1297 2282 1435 2335 intus
1457 2292 1608 2336 erant
1628 2281 1769 2352 judi.

177 2381 321 2435 cari:
372 2395 408 2435 e
451 2378 727 2434 contrario
752 2388 932 2433 autem
957 2376 1115 2431 vobis
1150 2385 1232 2431 est
1256 2374 1524 2441 dedecus,
1555 2391 1677 2431 cum
1703 2376 1771 2429 ah

179 2475 239 2528 iis
261 2474 351 2541 qui
382 2471 524 2527 foris
549 2480 673 2526 sunt
696 2470 1013 2541 judieamini
1044 2487 1057 2523 :
1108 2470 1197 2525 illa
1222 2471 1365 2526 enim
1399 2469 1617 2523 minima
1645 2479 1773 2524 sunt

178 2566 393 2635 indicia,
414 2581 526 2619 non
544 2563 680 2619 hmc.
703 2564 757 2619 '5.
787 2562 1011 2617 Nescitis
1029 2564 1151 2634 quia
1164 2563 1373 2633 angelos
1385 2562 1775 2633 judicabimns?

180 2667 361 2721 mw
383 2659 555 2729 magis
576 2656 841 2711 sarcularia
856 2656 883 2710 ?
901 2655 1127 2721 Quidam
1149 2656 1334 2709 dicunt
1356 2655 1442 2710 hic
1464 2654 1774 2710 sacerdotes

185 2748 516 2805 subindicari
540 2766 555 2802 :
578 2749 673 2803 scd
696 2762 883 2817 apage;
902 2763 1022 2800 nam
1045 2746 1114 2801 de
1129 2746 1463 2801 daunonibus
1483 2746 1612 2816 agit.
1639 2744 1773 2799 Nam

190 2834 231 2888 si
253 2835 318 2891 de
337 2833 621 2903 corruptis
648 2830 1019 2887 sacerdotibus
1046 2830 1275 2885 dixisset
1297 2871 1312 2891 ,
1341 2845 1503 2898 supra
1535 2829 1775 2884 subindi-

198 2937 349 2983 cesset
401 2927 531 2982 illos
570 2940 690 2979 cum
729 2923 908 2978 dixit:
955 2922 1023 2977 In
1068 2923 1206 2977 vobis
1217 2923 1487 2993 judicatur
1512 2922 1773 2987 mundus;

196 3022 314 3077 solet
338 3021 490 3076 enim
513 3018 790 3087 Scriptura
821 3016 1093 3085 improbos
1113 3029 1327 3085 quoque
1353 3015 1598 3069 homines
1620 3029 1773 3070 mun-

194 3111 303 3167 dum
345 3126 590 3167 vocare:
640 3124 815 3180 neque
852 3108 1043 3162 iterant
1075 3107 1176 3161 hoc
1205 3107 1376 3176 ip~um
1405 3107 1655 3168 dixisset,
1682 3122 1775 3162 ne-

195 3220 283 3274 que
304 3215 363 3259 ut
387 3203 570 3272 majus
590 3200 861 3272 quidpiam
882 3199 1063 3255 dicens
1087 3199 1263 3269 ipsum
1276 3208 1459 3269 postea
1484 3198 1770 3268 posuisset.

194 3295 285 3356 Sed
302 3295 373 3351 de
388 3296 497 3350 illis
524 3294 761 3364 loquitur
785 3292 1012 3362 angelis,
1038 3291 1107 3346 de
1134 3291 1332 3361 quibus
1350 3292 1480 3346 dicit
1500 3291 1769 3347 Christus:

195 3385 266 3441 Ite
296 3392 350 3442 in
375 3388 550 3458 ignem
596 3395 831 3456 paratum
867 3384 1069 3438 diabolo
1094 3394 1145 3437 et
1171 3384 1364 3453 angelis
1390 3384 1499 3452 ejus
1545 3383 1565 3456 (
1586 3383 1771 3438 Matth.

192 3477 275 3534 Β.
303 3481 364 3534 41
392 3482 446 3549 _);
475 3487 531 3534 et
578 3476 800 3539 Paulus,
838 3476 1019 3547 Ληρειί
1047 3477 1156 3546 ejus
1186 3475 1619 3544 trans/inuruntur
1648 3484 1779 3530 tant-

192 3587 331 3641 qunt
354 3571 580 3625 ministri
589 3569 810 3640 justitia:
833 3568 910 3639 (2.
937 3567 1055 3621 Cor.
1081 3568 1169 3622 11.
1197 3568 1263 3622 15
1280 3566 1323 3637 ).
1351 3566 1482 3623 Cum
1505 3568 1647 3622 enim
1670 3568 1777 3624 Po-

197 3672 402 3719 testates
429 3662 541 3717 illa:
569 3661 902 3731 incorporate
929 3659 1158 3715 iuventa:
1189 3658 1389 3713 fuerint
1414 3660 1593 3714 minus
1615 3660 1779 3716 babe-

198 3770 247 3809 rc
266 3771 424 3825 quam
460 3768 562 3809 nos
585 3795 598 3815 ,
627 3754 715 3822 qui
744 3768 906 3807 carne
935 3751 1103 3806 induti
1127 3765 1312 3806 sumus
1334 3793 1351 3817 ,
1379 3751 1658 3820 graviores
1680 3751 1778 3806 da-

197 3846 314 3901 bunt
334 3861 547 3921 pinnas.
580 3845 732 3912 Quod
762 3845 807 3899 si
833 3844 1009 3899 adhuc
1031 3843 1246 3914 quidam
1273 3842 1606 3900 contendunt
1631 3844 1778 3899 illum

196 3939 255 3995 de
279 3938 655 3995 sacerdotibus
680 3938 849 4007 loqui,
875 3937 1348 4006 interrogabimus,
1375 3950 1511 4005 quos
1530 3936 1782 3991 sacerdo-

200 4033 305 4087 tes?
330 4033 568 4087 Omnino
586 4044 682 4085 eos
700 4029 791 4099 qui
810 4028 1055 4083 saeculari
1076 4042 1225 4082 more
1245 4027 1515 4083 vixerunt.
1543 4027 1778 4093 Quomo-

197 4123 258 4176 do
276 4139 431 4194 ergo,
482 4122 712 4192 inquies,
757 4120 976 4191 Angelos
995 4119 1365 4191 judicabimus,
1405 4127 1596 4188 quanto
1622 4120 1785 4189 magis

195 4217 459 4275 occulat-ia
474 4216 501 4270 9
520 4228 715 4285 nempe
735 4212 802 4267 ad
831 4212 1187 4267 diﬂ‘ereutiam
1210 4211 1547 4267 saecularium
1580 4228 1784 4281 potiens

198 4307 434 4377 angelos,
463 4314 520 4362 et
549 4305 781 4360 merito:
810 4304 930 4373 quia
953 4314 1107 4357 extra
1134 4318 1321 4357 eorum
1350 4317 1506 4358 usum
1550 4314 1677 4358 sunt
1715 4305 1784 4359 ob

196 4397 564 4453 excellentiam
584 4404 809 4452 naturae.
839 4395 893 4450 4.
914 4393 1199 4450 Stecularia
1224 4394 1380 4464 igitur
1394 4394 1596 4464 judicia
1621 4396 1666 4447 si
1693 4395 1786 4448 Ita-

195 4486 421 4553 btmitis,
441 4485 844 4559 contemptibiles
869 4488 953 4557 qui
971 4495 1090 4540 sunt
1110 4486 1162 4539 in
1192 4483 1442 4552 Ecclesia,
1460 4486 1575 4540 illos
1593 4487 1785 4540 consti-

198 4582 316 4635 tuite
350 4581 422 4634 ad
454 4578 820 4651 iudicandum.
853 4579 1052 4635 Volens
1081 4592 1203 4633 cum
1235 4577 1529 4647 hyperbole
1557 4593 1656 4632 nos
1683 4578 1783 4633 do-

198 4687 317 4727 ccre
338 4714 357 4739 ,
391 4671 773 4743 quodcumque
804 4671 1015 4726 tandem
1048 4668 1242 4734 fuerit,
1274 4684 1379 4723 non
1407 4678 1658 4737 oportere
1686 4685 1786 4725 nos

199 4767 430 4820 externis
449 4765 821 4828 committere,
849 4779 970 4818 cum
1002 4762 1360 4831 objectionem
1391 4762 1476 4817 vel
1516 4778 1635 4831 qum
1665 4762 1787 4817 talis

203 4858 629 4924 essevidebatur,
655 4859 942 4911 movisset:
968 4856 1117 4925 prius
1135 4854 1277 4908 illam
1299 4852 1479 4908 solvit.
1506 4852 1619 4908 Hoc
1639 4854 1783 4910 enim

209 4950 315 5003 vult
346 4950 649 5022 signiﬁcare
681 4967 695 5005 :
744 4949 996 5005 Fortasse
1032 4948 1177 5002 dicet
1223 4947 1490 5016 quispiam
1513 4987 1531 5008 ,
1581 4947 1785 5001 nullum

206 5056 326 5095 esse
338 5043 470 5113 apud
494 5057 592 5096 vos
612 5042 930 5111 sapientem,
955 5054 1129 5110 neque
1145 5038 1209 5090 ad
1228 5036 1489 5108 judicium
1506 5038 1785 5093 ferendum

200 5143 379 5205 aptum
412 5176 432 5203 ,
481 5135 578 5191 sed
625 5134 1060 5205 contemptibiles
1115 5145 1325 5186 omnes.
1381 5131 1446 5185 Et
1474 5130 1599 5200 quid
1648 5130 1787 5186 hoc?

202 5230 424 5286 Etiamsi
444 5230 591 5285 enim
614 5229 790 5285 nullus
819 5229 889 5284 sit
913 5228 1130 5297 sapiens
1153 5266 1168 5289 ,
1201 5224 1392 5294 inquit,
1427 5237 1521 5276 vos
1550 5223 1787 5278 minimis

205 5324 514 5392 permittite.
541 5324 594 5378 5.
620 5321 733 5377 Hoc
757 5332 926 5377 autem
954 5320 1020 5374 ad
1046 5320 1398 5375 verecundiam
1415 5328 1631 5372 vestram
1651 5317 1782 5371 dico.

207 5416 304 5471 Bst
341 5415 631 5471 refellentis
670 5416 881 5469 illorum
930 5414 1285 5482 objectioncm
1312 5453 1328 5478 ,
1360 5419 1418 5464 ut
1449 5427 1569 5480 qua:
1596 5426 1786 5479 supcr-

207 5508 345 5561 lluns
364 5507 437 5561 sit
457 5505 702 5562 obit-ntus
730 5524 743 5559 :
771 5505 1001 5575 ideoque
1019 5504 1295 5574 subiunxit
1318 5520 1331 5556 :
1358 5501 1448 5556 Sic
1476 5517 1578 5554 non
1607 5510 1679 5554 est
1699 5517 1787 5554 sa-

214 5600 351 5666 piens
371 5600 426 5653 in
457 5600 591 5654 vobis
613 5596 919 5671 quisquam?
942 5597 1183 5652 Tantam:
1207 5604 1311 5660 est,
1340 5596 1532 5665 inquit,
1566 5592 1789 5662 inopia?

219 5697 426 5747 tantane
483 5694 618 5763 apud
668 5705 764 5746 vos
815 5690 1007 5746 raritas
1046 5690 1281 5744 virormn
1335 5685 1788 5758 intelligentiam?

219 5782 359 5850 de
388 5795 561 5840 autem
589 5783 883 5854 subjungit,
915 5781 1170 5851 majorem
1200 5780 1362 5834 infert
1390 5779 1594 5850 plagam
1623 5794 1634 5830 :
1665 5791 1786 5830 cum

538 5887 808 5948 Ps'rnon.
857 5883 972 5941 Gn.
1030 5882 1185 5943 LXI.

3361 304 3462 360 ιδι

1879 417 2025 473 enim
2051 416 2300 480 dixisset,
2321 415 2440 472 Non
2468 424 2551 472 est
2579 417 2794 486 sapiens
2829 417 2882 472 in
2913 416 3063 473 vobis
3088 432 3260 490 neque
3282 424 3463 476 unus?

1872 508 2193 578 subjunxit:
2240 508 2345 574 Qui
2382 509 2540 579 possit
2571 508 2815 581 judicare
2850 510 2982 565 inter
3020 511 3231 582 fratrem
3270 515 3464 568 suum?

1872 600 2008 655 Cum
2034 601 2177 655 enim
2210 599 2375 656 frater
2414 615 2536 656 cum
2580 599 2744 656 fratre
2767 601 2972 671 judicio
3004 603 3284 659 contendit
3304 645 3322 673 ,
3355 620 3463 661 non

1875 707 2067 763 magna
2095 692 2447 763 intelligentia
2477 703 2531 749 et
2559 693 2781 749 solertia
2825 702 2910 749 est
2934 708 3071 764 opus
3102 694 3209 750 litis
3238 696 3465 763 arbitro,

1874 785 2069 840 affectu
2095 797 2150 840 et
2171 787 2489 854 cognatione
2512 800 2761 855 magnam
2789 801 2944 855 opem
2971 785 3228 845 merente
3250 790 3315 845 ad
3337 806 3469 846 con-

1876 876 2130 932 tentionis
2175 877 2295 931 talis
2331 876 2676 932 solutionem.
2723 877 2778 932 6.
2821 876 2930 932 Sed
2956 882 3120 949 frater
3161 897 3279 934 cum
3302 882 3468 950 fratre

1864 970 2065 1040 judicio
2081 970 2355 1034 contendit,
2374 980 2421 1025 et
2443 970 2539 1025 hoc
2552 970 2696 1039 apud
2712 970 2964 1039 inﬁdeles.
2985 970 3176 1027 Viden’
3194 978 3470 1043 quomodo

1877 1063 1929 1116 in
1964 1062 2226 1132 principio
2250 1062 2466 1132 quidem
2497 1063 2701 1118 utiliter
2728 1062 3003 1119 incusabat
3022 1077 3117 1119 eos
3143 1065 3233 1135 qui
3258 1065 3467 1136 judica-

1875 1164 2017 1220 rent,
2048 1156 2260 1225 lniqnos
2286 1170 2521 1215 vocans:
2554 1154 2642 1210 hic
2661 1165 2841 1210 autem
2874 1163 2935 1210 ut
2960 1155 3086 1210 illos
3114 1157 3319 1227 pudore
3347 1159 3466 1214 atii-

1874 1246 2002 1307 ciat.
2032 1246 2222 1301 dicens
2252 1246 2533 1301 infideles?
2562 1247 2772 1303 Etenim
2795 1246 3087 1303 admodum
3110 1258 3263 1321 turpe
3289 1260 3393 1319 est,
3421 1254 3469 1309 si

1877 1353 1944 1391 ne
1972 1337 2228 1394 fratribus
2255 1338 2471 1408 quidem
2493 1339 2945 1396 reconciliationis
2964 1355 3125 1397 causa
3150 1344 3323 1414 possit
3346 1360 3471 1403 esse

1876 1429 2129 1484 sacerdos
2150 1445 2166 1493 ;
2190 1429 2285 1484 sed
2317 1445 2540 1485 necesse
2569 1430 2638 1484 sit
2658 1429 2724 1485 ad
2741 1440 2998 1487 externos
3023 1447 3328 1491 accurrere.
3362 1438 3467 1494 Ita-

1873 1535 1978 1589 que
2002 1536 2122 1574 cum
2145 1520 2281 1576 dixit
2304 1520 2735 1590 Coutcmptibiles,
2762 1538 2865 1577 non
2890 1522 2994 1578 hoc
3022 1526 3288 1597 praecipue
3310 1528 3464 1594 dixit,

1875 1613 2018 1681 quod
2046 1612 2287 1683 abiectos
2312 1613 2504 1669 sedere
2523 1615 2734 1683 judiccs
2753 1625 3023 1685 oporteat,
3052 1617 3147 1673 sed
3190 1619 3313 1675 illos
3354 1637 3472 1692 per-

1875 1704 2303 1775 stringensNam
2320 1705 2460 1776 quod
2481 1706 2658 1775 iis,qui
2672 1706 2981 1763 discernere
2993 1710 3471 1779 possint,commit-

1878 1805 1994 1853 tere
2043 1808 2310 1869 oporteat,
2351 1799 2672 1869 signiﬁcavit
2697 1799 2886 1855 dicens
2920 1817 2933 1854 :
2970 1801 3063 1857 Sic
3088 1820 3192 1858 non
3236 1815 3310 1860 est
3339 1809 3468 1864 inter

1875 1905 1963 1943 vos
1988 1891 2193 1960 sapiens
2218 1891 2485 1961 quisquam
2504 1891 2529 1943 ?
2554 1900 2608 1945 et
2645 1908 2709 1947 ex
2735 1893 3026 1949 abundanti
3054 1911 3116 1950 os
3138 1897 3429 1957 obstruens
3451 1946 3466 1965 .

1875 1992 1931 2036 ct
1960 1982 2147 2038 dicens
2176 2002 2190 2038 :
2222 1984 2367 2056 quod
2417 1984 2625 2038 etiamsi
2658 1985 2839 2040 nullus
2867 1996 3011 2042 esset
3042 1990 3258 2060 sapiens
3284 1993 3335 2048 in
3365 2009 3469 2051 vo-

1876 2073 1979 2140 bis,
2012 2076 2390 2144 insipientibus
2423 2079 2601 2147 potius
2637 2079 3019 2135 committenda
3054 2096 3215 2139 causa
3244 2084 3465 2149 fuisset.

1874 2182 2035 2237 quam
2059 2170 2318 2224 externis.
2349 2171 2634 2238 Quomodo
2658 2170 2804 2226 enim
2828 2188 2933 2226 non
2966 2173 3257 2232 absurdum
3286 2178 3468 2239 fuerit.

1875 2274 1997 2313 cum
2046 2260 2193 2315 domi
2233 2261 2299 2315 lis
2325 2262 2519 2329 oritur,
2542 2272 2823 2319 externum
2844 2267 3116 2323 neminem
3143 2271 3344 2339 vocari,
3376 2275 3469 2330 sed

1879 2350 2083 2420 pudore
2126 2352 2306 2418 allici,
2347 2354 2544 2424 siqua:
2596 2355 2738 2410 intus
2785 2355 2918 2411 fiunt
2954 2358 3087 2414 foris
3115 2362 3467 2433 evulgentur;

1878 2441 1965 2496 ubi
1993 2450 2172 2497 autem
2204 2443 2445 2500 Ecclesia
2473 2454 2579 2511 est,
2606 2460 2926 2501 arcanorum
2948 2449 3324 2519 my5!eriorum
3348 2454 3471 2511 the-

1877 2547 2089 2599 saurus,
2122 2536 2301 2589 omnia
2330 2545 2480 2591 extra
2503 2536 2722 2591 elferri?
2750 2536 2857 2592 Sed
2876 2542 3036 2609 frater
3063 2556 3179 2595 cum
3202 2541 3468 2614 {fatreju-

1876 2625 2011 2678 dicio
2043 2627 2319 2692 contendit,
2350 2637 2395 2680 et
2423 2626 2519 2680 Itoc
2547 2629 2688 2696 apud
2718 2628 2968 2697 inﬁdeles.
3008 2630 3218 2700 Duplex
3249 2644 3331 2688 est
3358 2638 3470 2691 cri-

1879 2732 2001 2770 men
2021 2758 2036 2782 ,
2084 2728 2133 2772 et
2175 2719 2317 2788 quod
2344 2718 2620 2787 judicetur
2642 2761 2658 2785 ,
2689 2730 2740 2774 et
2772 2722 2914 2790 quod
2947 2722 3086 2791 apud
3118 2724 3381 2781 inﬁdeles.
3413 2728 3471 2783 Si

1874 2810 2024 2866 enim
2052 2826 2149 2881 per
2178 2827 2236 2866 se
2266 2822 2545 2882 peccatum
2573 2822 2655 2866 cst
2684 2827 2808 2867 cum
2841 2812 3006 2868 fratre
3022 2814 3229 2885 judicio
3249 2829 3472 2879 conten-

1878 2900 2029 2968 dere,
2065 2902 2114 2957 id
2162 2904 2304 2972 apud
2334 2913 2590 2958 externos
2630 2902 2807 2959 facere
2834 2920 2990 2973 quam
3023 2907 3231 2963 veniam
3259 2924 3472 2967 merea—

1880 2997 2009 3050 tur?
2032 2997 2085 3050 7.
2115 2994 2237 3053 lam
2258 2996 2462 3066 quidem
2483 2997 2689 3050 omnino
2718 2997 2961 3051 delictum
2983 3008 3057 3052 est
3082 3002 3137 3053 in
3155 3000 3314 3069 vobis,
3335 3004 3473 3072 quod

1879 3090 2073 3159 judicia
2102 3089 2295 3143 habetis
2320 3090 2452 3144 inter
2479 3105 2585 3143 vos.
2614 3088 2798 3143 Viden’
2828 3089 3043 3145 ubinam
3073 3091 3199 3147 illud
3228 3109 3472 3150 reserva-

1880 3181 1988 3235 rit?
2012 3190 2238 3250 etquam
2264 3192 2563 3252 opportune
2593 3180 2693 3234 hoc
2723 3181 3034 3236 sustulerit?
3064 3182 3310 3240 Nondum
3329 3187 3472 3243 enim

1880 3273 2027 3339 dico,
2076 3272 2268 3342 inquit,
2300 3273 2491 3342 aliquis
2519 3272 2765 3342 iniuriam
2799 3271 2946 3337 facit,
2985 3275 3181 3347 aliquis
3225 3277 3474 3347 injuriatn

1883 3367 2080 3435 patitur
2110 3384 2124 3420 :
2171 3366 2383 3421 interim
2407 3382 2471 3419 co
2497 3367 2633 3435 ipso,
2666 3366 2807 3436 quod
2841 3367 3043 3437 judicio
3081 3372 3473 3441 contendetur,

1883 3467 2110 3528 uterque
2124 3458 2475 3527 improbatur,
2494 3467 2548 3512 ct
2568 3458 2617 3511 in
2640 3457 2741 3511 hoc
2760 3469 2963 3514 nonest
2986 3460 3124 3517 alius
3140 3463 3245 3516 alio
3262 3464 3471 3522 melior.

1957 3554 2011 3610 4.
2043 3554 2099 3608 Si
2129 3561 2314 3608 autem
2340 3554 2483 3621 juste
2526 3554 2607 3606 vel
2643 3551 2839 3624 injuste
2859 3553 3063 3624 judicio
3109 3558 3473 3623 contenditur,

1883 3645 1988 3702 hoc
2015 3645 2081 3701 ad
2122 3644 2280 3699 aliam
2331 3645 2563 3713 pertinet
2596 3644 3038 3714 disputationem.
3073 3646 3148 3702 Ne
3192 3649 3371 3720 itaque
3395 3652 3478 3705 di-

1883 3752 1997 3801 cas,
2022 3737 2231 3807 Aliquis
2260 3736 2452 3807 injuria
2475 3735 2654 3792 aﬂ‘ccit
2683 3755 2696 3790 :
2730 3737 2854 3793 hinc
2876 3739 3016 3793 cnim
3036 3739 3148 3809 jam
3180 3750 3232 3797 te
3254 3742 3474 3808 damno,

1882 3829 2027 3900 quod
2044 3830 2248 3898 judicio
2267 3829 2583 3885 contendas.
2608 3831 2663 3883 Si
2687 3842 2867 3886 autem
2888 3831 3135 3902 injuriam
3162 3833 3477 3893 inferentem

1888 3919 2030 3974 ferre
2058 3935 2161 3973 nou
2201 3934 2364 3990 posse
2397 3922 2603 3975 crimen
2651 3930 2753 3985 est,
2791 3921 3041 3991 injuriam
3078 3923 3255 3980 facere
3279 3937 3479 3996 quanta

1884 4011 2104 4083 dignum
2142 4011 2246 4067 erit
2279 4011 2661 4067 accusatione?
2707 4011 2878 4079 Quare
2916 4029 3014 4067 non
3045 4017 3206 4085 magis
3234 4017 3480 4086 injuriam

1885 4103 2119 4173 accipitis
2140 4102 2166 4154 ?
2193 4118 2351 4173 quare
2379 4118 2481 4155 non
2511 4103 2673 4173 magis
2701 4102 2936 4171 frondent
2986 4105 3257 4173 patimini?
3283 4108 3337 4164 8.
3371 4109 3480 4166 Sed

1886 4208 1973 4246 vos
1999 4193 2243 4265 injuriam
2273 4192 2441 4262 [acitis
2463 4201 2509 4245 et
2535 4192 2771 4260 fraudem
2791 4193 2943 4248 etiam
2969 4195 3236 4263 fratribus.
3274 4196 3480 4256 Rursus

1888 4287 2108 4357 duplum
2155 4286 2401 4351 crimen;
2449 4285 2559 4339 imo
2599 4284 2736 4340 forte
2765 4287 2981 4358 triplum
3013 4298 3066 4344 et
3095 4291 3476 4364 quadruplum.

1890 4378 2066 4435 Unum
2086 4378 2304 4450 quidem
2334 4378 2580 4448 injuriam
2607 4376 2926 4434 inferentem
2958 4379 3103 4438 ferre
3126 4384 3365 4449 nescire;
3395 4402 3482 4442 se-

1890 4473 2122 4529 cundum
2150 4481 2352 4537 autem,
2380 4472 2540 4526 etiam
2572 4470 2819 4542 injuriam
2851 4472 3076 4540 inferre;
3109 4477 3345 4540 tertium,
3374 4479 3478 4534 ini-

1889 4565 2013 4635 quis
2047 4564 2306 4633 judicium
2351 4564 2421 4619 de
2454 4563 2537 4619 his
2560 4565 2932 4629 committere;
2976 4576 3248 4636 quartum,
3298 4569 3400 4625 hoc
3428 4573 3478 4626 in

1894 4656 2116 4710 fratrem
2147 4655 2347 4710 facere.
2379 4655 2564 4727 Neque
2589 4655 2732 4711 enim
2760 4656 3009 4712 similiter
3036 4656 3106 4713 de
3138 4662 3371 4728 peccatis
3392 4664 3481 4733 ju-

1891 4748 2119 4813 dicatur,
2149 4763 2274 4802 cum
2295 4747 2717 4802 admitttmturin
2741 4750 2985 4817 quemvis
3009 4750 3248 4817 obvium,
3278 4763 3335 4809 et
3361 4771 3483 4811 cum

1893 4839 1944 4892 iu
1974 4839 2249 4910 prOprium
2278 4840 2602 4894 membrum.
2639 4840 2749 4893 lloc
2773 4842 2915 4894 enim
2944 4842 3065 4911 quis
3083 4843 3245 4899 audet
3267 4862 3329 4900 ex
3365 4864 3484 4903 ma-

1887 4930 1991 5000 jori
2022 4931 2314 5002 petulantia
2347 4948 2359 4984 :
2401 4939 2453 4985 ct
2484 4931 2594 4985 illic
2624 4931 2839 5003 quidem
2884 4935 3232 4990 conculcatur
3260 4938 3374 4993 Sola
3409 4943 3483 4994 rci

1894 5033 2079 5077 natura
2100 5064 2115 5085 ,
2146 5022 2235 5092 hic
2273 5037 2404 5076 vero
2433 5021 2595 5077 etiam
2637 5038 2884 5093 persona:
2909 5025 3160 5092 qualitas.
3196 5028 3487 5100 Postquam

1894 5116 2051 5186 igitur
2069 5113 2327 5185 pudorem
2347 5114 2525 5169 intulit
2539 5128 2569 5168 a
2582 5116 2957 5170 communibus
2976 5116 3292 5185 rationibus,
3315 5130 3370 5177 et
3392 5138 3492 5177 an-

1894 5217 1949 5263 te
1976 5208 2094 5261 hrec
2136 5222 2166 5260 a
2204 5206 2493 5277 propositis
2520 5208 2789 5277 pranuiis,
2821 5209 3240 5268 comminatione
3268 5215 3487 5271 conclu-

1895 5299 1971 5353 dit
2005 5298 2472 5365 adbortationem,
2506 5300 2960 5358 vehementiorem
3012 5304 3247 5361 reddens
3277 5323 3489 5366 sermo-

1895 5409 2018 5450 nem
2044 5395 2125 5448 his
2153 5395 2331 5450 verbis
2356 5413 2369 5449 :
2404 5395 2459 5450 9.
2482 5395 2560 5449 An
2579 5397 2781 5450 nescitis
2807 5397 2944 5467 quod
2966 5398 3127 5469 iniqui
3154 5415 3366 5469 regnum
3389 5401 3491 5461 ,ὒσὶ

1896 5503 1996 5541 non
2028 5486 2354 5557 possidebunt
2373 5487 2399 5541 ζ’
2427 5485 2605 5542 Nolite
2632 5504 2804 5543 errare
2833 5503 2853 5542 :
2883 5504 3043 5559 neque
3088 5491 3372 5561 fornicarii,
3402 5511 3493 5548 nec

1894 5597 1991 5652 que
2009 5582 2163 5634 idolis
2193 5582 2465 5637 servientes
2485 5623 2501 5647 ,
2531 5599 2691 5652 neque
2718 5582 2963 5651 adulteri,
2990 5600 3149 5655 neque
3168 5585 3377 5650 molles,
3402 5604 3488 5640 ne-

1894 5693 1991 5747 que
2031 5677 2375 5731 masculorum
2417 5678 2787 5744 concubitores,
2835 5677 2923 5733 10.
2958 5692 3116 5746 neque
3140 5677 3301 5743 avari,
3333 5694 3495 5744 neque

1900 5775 2060 5844 fares,
2100 5787 2257 5845 neque
2295 5770 2500 5831 ebriosi,
2533 5789 2693 5839 neque
2713 5771 2968 5837 maledici,
3000 5785 3159 5839 neque
3177 5786 3387 5841 rapaces
3410 5790 3488 5826 re-

3130 5859 3175 5923 9
