3992 6410
536 309 638 368 Ιὶξί
942 308 978 320 ”

532 451 693 507 guunt
721 433 811 488 Dei
842 433 1187 501 possidebunt.
1218 430 1354 498 Quid
1379 428 1548 483 dicis?
1573 428 1640 482 de
1666 428 1844 482 avaris
1872 427 2118 496 loquens,

538 526 927 583 scelerattmun
980 525 1253 579 hominum
1296 531 1495 576 tantam
1538 518 1796 574 induxisti
1825 517 1980 573 nobis
2007 527 2121 571 tur~

533 616 910 678 bamH‘Ztiam.
945 616 1151 685 inquit:
1175 613 1271 670 sed
1312 628 1417 667 non
1449 610 1788 667 confundens
1817 610 2121 663 orationem

537 709 642 763 hoc
676 709 815 763 facio
839 751 854 774 ,
881 709 974 762 sed
1002 718 1056 762 et
1096 705 1286 762 ordine
1313 705 1632 776 procedens.
1660 702 2122 772 Quemadmodum

535 801 680 854 enim
711 798 780 853 de
809 798 1223 853 fornicatoribus
1250 797 1476 866 loquens
1500 838 1516 863 ,
1545 796 1787 851 omnium
1815 794 1976 849 simul
2008 809 2122 847 me-

537 893 691 946 minlt
715 911 730 944 :
758 893 830 945 ita
859 906 1072 944 rursum
1094 905 1313 944 avarttm
1341 903 1777 944 commemorans
1802 928 1816 952 ,
1851 901 2040 940 omnes
2072 887 2123 938 in

535 983 772 1039 taedium
807 982 1024 1037 adducit
1065 981 1131 1037 ad
1152 981 1602 1052 reprehensiones
1625 977 1990 1034 assuefaciens
2006 993 2122 1039 eos,

530 1077 622 1145 qui
669 1077 858 1129 horum
897 1083 952 1129 ct
994 1073 1252 1128 similiqu
1288 1075 1387 1128 sibi
1433 1073 1634 1129 conscii
1685 1081 1829 1128 sunt.
1881 1071 2012 1126 Nam
2072 1071 2125 1123 ie.

531 1168 757 1221 alierum
804 1166 1322 1220 commemoratione
1365 1164 1672 1234 frequenter
1697 1163 1884 1218 audire
1911 1178 2124 1231 penam

533 1259 598 1311 iis
629 1257 943 1326 repositam,
978 1255 1033 1310 id
1057 1256 1224 1310 ellicit
1245 1265 1303 1310 ut
1328 1255 1533 1310 facilius
1558 1255 1806 1309 audiatur
1833 1254 2128 1324 reprehen-

533 1352 637 1416 sio,
670 1365 791 1404 cum
839 1349 1102 1404 adversus
1145 1364 1242 1404 sua
1293 1349 1520 1418 quisque
1548 1358 1765 1418 peccata
1799 1357 2127 1418 pugnaturus

534 1459 594 1498 se
651 1451 895 1513 apparat.
937 1442 1121 1512 Neque
1163 1441 1306 1496 enim
1350 1441 1463 1495 haec
1498 1450 1770 1510 tamquam
1811 1441 1987 1495 sciens
2021 1439 2127 1493 illis

533 1545 844 1604 competere
865 1574 882 1599 ,
915 1548 1089 1604 neque
1125 1543 1376 1603 tanquam
1425 1531 1860 1601 reprehendens,
1903 1530 2129 1586 commi-

538 1637 696 1680 natur
721 1644 734 1679 :
760 1625 902 1695 quod
931 1626 1164 1680 maxime
1193 1633 1364 1693 potest
1380 1624 1679 1678 auditorem
1708 1624 1940 1678 retinere
1958 1622 2127 1677 etim-

537 1716 721 1786 pedire
741 1734 807 1773 ne
839 1717 1063 1782 resiliat,
1095 1733 1216 1773 cum
1245 1720 1417 1772 oratio
1449 1717 1597 1770 illum
1629 1732 1735 1771 non
1765 1717 2006 1786 respicit,
2032 1715 2128 1770 sed

542 1809 956 1864 indeterminate
1014 1812 1241 1878 prolata,
1293 1809 1412 1877 ejus
1462 1807 1848 1864 conscientiam
1902 1807 2130 1861 latenter

537 1902 741 1971 pungit.
768 1899 940 1960 Nolite
953 1917 1139 1954 errare.
1162 1900 1259 1954 llic
1270 1899 1570 1953 subiudicat
1587 1898 1847 1968 quosdam
1865 1897 2126 1962 dicentes,

533 1993 678 2062 «mod
699 2008 836 2049 nunc
851 1993 1000 2048 multi
1015 1993 1217 2058 dicunt,
1239 1993 1508 2062 Benignus
1525 2008 1646 2046 cum
1670 1992 1739 2044 sit
1769 1991 1908 2045 Deus
1935 2000 1988 2043 et
2014 1989 2126 2044 cle-

538 2099 712 2151 mens,
743 2083 939 2138 delicta
972 2098 1078 2138 non
1111 2083 1391 2138 ulciscitur
1421 2101 1435 2136 :
1466 2099 1531 2138 ne
1565 2083 1885 2144 timeamus;
1911 2096 2032 2134 nam
2061 2080 2130 2135 de

540 2177 682 2232 nulla
725 2191 784 2230 re
822 2191 858 2230 'a
906 2177 1124 2231 nemine
1168 2191 1418 2246 umquam
1449 2189 1661 2246 pmnam
1692 2174 1886 2244 exiget.
1915 2173 1978 2227 Et
2007 2187 2131 2242 pro-

542 2279 721 2338 pterea
747 2270 896 2332 dicit,
951 2267 1131 2323 Nolite
1175 2285 1364 2323 errare.
1412 2270 1578 2323 Error
1605 2267 1750 2324 enim
1776 2277 2048 2323 extremus
2074 2275 2130 2320 et

541 2363 749 2419 fallacia
779 2374 859 2418 est
879 2405 895 2430 ,
923 2380 1044 2418 cum
1078 2363 1221 2419 bona
1243 2378 1451 2432 speres,
1479 2363 1746 2417 contraria
1768 2362 2046 2432 consequi,
2076 2370 2129 2416 et

539 2456 666 2511 illud
711 2457 778 2511 de
824 2457 930 2512 Deo
971 2457 1268 2526 suspicari,
1315 2473 1434 2526 qtae
1481 2472 1547 2512 ne
1571 2457 1641 2512 de
1672 2459 1888 2512 homine
1913 2458 2126 2527 quidem

535 2533 817 2618 quisquam
860 2550 1200 2618 cogitaverit.
1239 2549 1606 2617 Quamobrem
1643 2551 1720 2604 ait
1756 2549 2017 2621 propheta
2063 2567 2128 2605 ex

534 2656 763 2710 persena
795 2641 945 2710 ejus:
979 2640 1299 2694 Existimasti
1321 2641 1658 2711 iniquitatem,
1691 2641 1830 2710 quod
1856 2659 1942 2695 ero
1971 2642 2130 2694 tuisi-

534 2732 710 2786 milis:
763 2749 976 2803 arguam
1025 2743 1072 2786 te
1115 2743 1161 2787 et
1209 2743 1429 2787 statuam
1455 2743 1632 2787 contra
1662 2735 1845 2806 faciem
1869 2744 2009 2787 tuam
2037 2735 2128 2788 ini-

532 2824 745 2892 quitates
792 2833 904 2877 tuas
942 2822 1128 2895 (Psal.
1179 2823 1270 2879 49.
1299 2824 1389 2879 21.
1419 2827 1468 2894 );
1491 2837 1545 2880 et
1584 2825 1784 2880 Paulus
1812 2826 1919 2888 hic,
1955 2823 2130 2880 Nolite

535 2931 749 2980 errare;
792 2929 952 2986 neque
989 2916 1323 2986 fornicatores
1365 2919 1384 2983 (
1410 2932 1556 2979 cum,
1587 2916 1677 2985 qui
1705 2916 1815 2986 jam
1845 2917 2128 2971 damnatus

537 3005 732 3072 fuerat,
763 3006 992 3076 primunt
1025 3007 1171 3074 ponit
1195 3007 1215 3077 )
1237 3047 1251 3069 ,
1285 3023 1444 3078 neque
1467 3007 1708 3072 adulteri,
1734 3023 1896 3077 neque
1916 3007 2092 3061 molles
2110 3049 2125 3071 ,

537 3114 696 3167 neque
723 3099 923 3161 ebriosi,
967 3114 1128 3166 neque
1151 3099 1386 3152 maledici
1412 3115 1622 3170 regnum
1651 3095 1750 3152 Dei
1779 3099 2124 3168 possidebunt.

605 3189 796 3245 Contra
841 3191 1138 3245 maledicos.
1166 3221 1238 3232 —-
1268 3191 1418 3246 Multi
1450 3191 1590 3246 hunc
1623 3192 1798 3246 locum
1829 3191 2126 3260 reprehen-

535 3284 752 3351 derunt,
796 3292 1066 3354 tamquam
1111 3283 1267 3338 valde
1302 3297 1575 3354 asperum,
1627 3286 1672 3338 si
1721 3283 1936 3354 quidem
1978 3286 2129 3354 ponit

534 3375 802 3431 ebriosum
832 3387 886 3430 et
935 3374 1256 3430 maledicum
1302 3389 1424 3430 cum
1475 3374 1722 3429 adultam
1749 3384 1806 3428 et
1843 3375 2124 3430 muliebria

537 3482 694 3536 passo
741 3476 798 3523 et
841 3467 1202 3521 masculorum
1257 3466 1623 3521 concubitore.
1653 3466 1814 3536 Atqui
1845 3483 1951 3521 non
1978 3467 2124 3537 paria

533 3567 663 3616 sunt
700 3557 942 3622 scelera,
980 3556 1251 3627 quomodo
1297 3572 1426 3627 ergo
1477 3557 1620 3626 paria
1665 3557 1962 3626 supplicia?
1987 3557 2124 3626 Quid

533 3667 664 3721 ergo
688 3650 964 3706 dicemus?
993 3649 1146 3718 Quod
1171 3657 1320 3705 certe
1349 3664 1455 3704 non
1487 3663 1647 3718 parva
1681 3665 1766 3704 res
1795 3651 1866 3704 sit
1893 3650 2126 3706 ebrietas

531 3753 588 3800 et
615 3743 956 3799 maledictum
979 3761 994 3797 :
1025 3741 1239 3811 quando
1261 3740 1476 3812 quidem
1503 3741 1747 3796 Christus
1768 3757 1890 3796 eum
1909 3743 1997 3812 qui
2022 3743 2125 3795 fra-

534 3850 673 3893 trem
715 3851 869 3892 suum
900 3834 1103 3889 fatuum
1132 3834 1387 3899 vocavit,
1411 3837 1672 3904 gehennm
1704 3835 1942 3889 tradidit.
1970 3835 2125 3904 Smpe

530 3933 678 3987 enim
702 3930 827 3984 hinc
849 3937 1334 3999 morsconsequuta
1354 3936 1438 3982 est
1458 3946 1472 3982 :
1497 3936 1553 3982 et
1567 3927 1877 3982 Judteorum
1893 3929 2123 3998 populus

532 4039 596 4078 ex
626 4022 886 4078 ebrietate
916 4020 1230 4090 gravissima
1269 4019 1735 4090 admisitpeccata.
1766 4019 1968 4074 Deinde
2015 4036 2120 4075 non

532 4116 600 4170 de
616 4115 876 4185 supplicio
896 4113 980 4167 hic
1000 4127 1302 4167 sermonem
1322 4110 1502 4178 habet,
1527 4110 1620 4166 sed
1642 4112 1710 4166 de
1729 4111 2017 4165 amissione
2032 4125 2120 4165 re-

527 4208 637 4279 gni.
653 4209 691 4260 Α
709 4219 870 4276 regno
888 4205 1044 4274 igitur
1058 4214 1205 4259 certe
1223 4204 1468 4260 similiter
1480 4213 1536 4259 et
1555 4203 1642 4258 hic
1657 4211 1711 4258 et
1730 4203 1820 4259 ille
1844 4203 2120 4260 excidunt:

537 4299 582 4352 si
607 4311 734 4351 vero
765 4297 816 4350 in
843 4295 1090 4366 gehenna
1109 4295 1339 4364 aliquam
1360 4294 1470 4348 sint
1489 4293 1720 4349 habituri
1738 4294 2118 4358 diﬂ'erenliam,

534 4404 638 4443 non
677 4396 798 4443 erat
841 4386 1122 4456 praesentis
1169 4386 1426 4454 temporis
1464 4384 1800 4454 disquirere;
1843 4402 1946 4440 non
1975 4387 2118 4440 enim

516 4481 637 4541 'hoc
669 4479 998 4551 propositum
1022 4478 1177 4534 nobis
1207 4485 1308 4532 est.
1336 4479 1421 4532 ll.
1456 4475 1522 4530 Et
1548 4477 1655 4531 lucc
1676 4480 1882 4548 quidam
1913 4479 2082 4546 fuistis
2101 4496 2120 4533 :

529 4574 618 4629 sed
638 4573 795 4628 abluti
817 4575 954 4635 estis,
983 4570 1072 4626 sed
1101 4569 1405 4636 sanctiﬁcati
1433 4568 1570 4622 estis.
1595 4569 1841 4638 Magnum
1867 4569 2118 4638 ingerens

531 4664 789 4735 pudorem
816 4661 1096 4731 subjunxit
1116 4659 1303 4714 dicens
1331 4677 1346 4714 :
1377 4659 1619 4729 Cogitate
1643 4674 1709 4714 ex
1742 4653 1961 4730 quantis
1998 4677 2114 4716 ma-

527 4758 594 4813 lis
642 4771 740 4810 vos
772 4752 1035 4823 eripuerit
1084 4751 1251 4815 Deus,
1297 4762 1551 4820 quantam
1580 4750 1734 4806 vobis
1775 4751 2117 4822 benignitatis

527 4867 638 4905 sine
654 4846 945 4919 praebuerit
963 4843 1349 4915 experientiam
1375 4853 1431 4898 et
1450 4843 1960 4898 demonstrationem
1981 4861 1996 4911 ;
2024 4861 2118 4899 ne-

526 4960 629 5014 que
655 4942 724 4998 ad
767 4942 934 4997 solam
982 4939 1353 4994 liberationem
1385 4938 1689 4993 mercedem
1723 4939 1982 5002 extendit,
2019 4939 2114 4994 sed

522 5039 680 5106 longe
708 5033 938 5102 amplius
979 5030 1296 5086 beneficimn
1334 5031 1520 5085 auxit:
1555 5029 1754 5084 etenim
1779 5031 2035 5085 mundum
2059 5041 2116 5086 et

523 5143 714 5200 purum
746 5126 890 5181 fecit.
921 5123 1055 5179 Num
1086 5124 1189 5180 hoc
1237 5122 1484 5178 tantum?
1525 5123 1890 5195 Nequaquam.
1935 5126 2026 5180 sed
2059 5135 2114 5181 et

519 5218 908 5284 sanetiiicavit;
934 5232 1108 5286 neque
1134 5215 1233 5270 hoc
1259 5216 1455 5280 solum,
1481 5215 1572 5269 sed
1597 5217 1756 5270 etiam
1775 5215 2106 5284 justifiCavit.

519 5312 682 5383 Atqui
734 5312 817 5366 vel
862 5325 890 5363 a
939 5309 1171 5379 peccatis
1219 5309 1432 5363 liberari
1473 5324 1722 5378 magnum
1753 5310 2106 5365 cstdonum:

523 5419 663 5460 nunc
693 5412 873 5457 autem
905 5410 956 5456 te
983 5401 1278 5454 innumeris
1303 5399 1528 5468 replevit
1555 5400 1732 5454 bonis.
1767 5401 1832 5454 Et
1878 5401 1981 5458 hoc
2029 5401 2107 5456 fa-

515 5505 661 5552 ctum
689 5501 790 5555 est,
822 5489 887 5546 In
919 5491 1122 5544 nomine
1164 5489 1366 5545 Domini
1393 5492 1554 5544 nostri
1573 5490 1700 5546 Jesu
1733 5492 1922 5546 Christi
1949 5509 1968 5548 :
2001 5509 2106 5547 non

517 5591 570 5646 in
599 5589 701 5644 hoc
721 5588 808 5642 vel
840 5586 890 5640 in
917 5584 1030 5650 illo,
1061 5583 1154 5638 sed
1202 5582 1263 5636 Et
1311 5584 1362 5637 in
1408 5583 1608 5653 Spiritu
1656 5583 1749 5639 Dei
1773 5587 1952 5640 nostri.
1984 5586 2108 5642 llmc

515 5698 644 5750 ergo
669 5695 792 5735 eum
817 5679 1072 5740 sciamus,
1123 5675 1326 5742 dilecti,
1359 5686 1413 5730 et
1450 5678 1653 5746 accepti
1695 5677 1938 5732 beneficii
1987 5695 2104 5732 ma-

516 5772 846 5843 g'titudim-m
903 5769 1223 5840 cogitantes,
1271 5782 1584 5823 maneamus
1632 5777 1994 5840 temperanter
2024 5773 2102 5825 vi-

1333 313 1388 366 S.
1427 311 1704 368 JOANNIS
1740 309 2216 366 CHRYSOSTOMI
2259 311 2575 369 ARCﬂlEP.
2608 312 3145 374 CONS’I‘ANTINOP.

3711 335 3802 391 i36

2242 436 2455 489 ventes.
2510 428 2579 484 ab
2609 429 2675 484 iis
2710 433 2960 489 omnibus
2983 451 3104 506 qua:
3131 449 3442 498 enumerata
3473 456 3592 502 sunt
3617 454 3801 518 mundi,

2238 527 2293 571 et
2321 518 2607 574 tribunalia
2634 520 2921 592 fugiamus,
2955 542 3072 596 qua:
3096 539 3218 582 sunt
3249 533 3300 586 in
3328 537 3562 592 externis
3589 539 3730 609 foris,
3756 556 3804 601 et

2235 609 2564 664 nobilitatem
2607 630 2765 683 quam
2812 617 2969 672 nobis
3015 620 3154 674 Deus
3191 621 3416 693 largitus
3441 638 3523 683 est
3558 635 3804 690 custodia-

2235 715 2375 798 mus.
2403 701 2588 774 Cogita
2619 708 2784 769 enim,
2813 721 3030 778 quantm
3056 715 3126 769 sit
3153 718 3523 788 turpitudinis,
3566 724 3657 780 tibi
3696 727 3801 798 jura

2234 792 2504 849 dicentem
2536 799 2728 854 sedere
2752 798 3023 859 Gnaeum.

2304 888 2358 940 5.
2402 887 2537 978 Quid
2569 907 2730 960 ergo,
2776 892 2985 960 inquies
3009 937 3024 962 ,
3059 897 3102 952 si
3135 899 3178 952 is
3209 901 3297 969 qui
3331 903 3476 959 intus
3501 916 3582 960 est
3624 909 3786 978 inique

2227 977 2476 1047 judicet?
2515 977 2656 1045 Cur,
2685 987 2912 1050 quaeso?
2941 989 3234 1043 secundum
3267 1008 3400 1060 quas
3432 994 3576 1064 leges
3617 977 3804 1069 judieat

2233 1067 2472 1133 Oramus,
2495 1080 2550 1123 et
2575 1073 2867 1128 secundum
2890 1092 3021 1144 quas
3046 1077 3383 1137 Christianus
3403 1085 3427 1137 ?
3446 1067 3629 1140 annon.
3650 1089 3799 1156 palam

2234 1170 2317 1213 est
2345 1159 2589 1215 Gra'eum
2623 1165 2915 1218 secundum
2951 1169 3094 1236 leges
3127 1171 3401 1228 hominum
3423 1215 3438 1239 ,
3483 1187 3537 1232 et
3563 1177 3799 1232 Christia-

2237 1267 2361 1304 num
2397 1253 2700 1341 secundum
2749 1257 2892 1326 leges
2935 1261 3064 1314 Dei?
3120 1262 3214 1318 llic
3244 1281 3375 1334 ergo
3415 1272 3581 1338 magis
3619 1271 3799 1341 justitia

2236 1338 2518 1405 reperitur,
2547 1342 2668 1410 quia
2699 1344 2842 1414 leges
2868 1360 2931 1399 ex
2959 1347 3094 1400 carlo
3125 1359 3249 1403 sunt
3278 1352 3478 1406 ltlisSiL‘.
3512 1355 3566 1408 lu
3588 1338 3801 1412 extemis

2234 1427 2378 1480 enim
2409 1441 2605 1498 praster
2632 1449 2694 1488 ea
2739 1450 2860 1505 qua:
2901 1436 3040 1492 dicta
3081 1450 3244 1504 sunt,
3273 1442 3380 1496 alia
3409 1456 3530 1499 sunt
3576 1460 3798 1518 suspecta

2235 1521 2423 1587 multa,
2443 1533 2716 1580 oratorum
2745 1529 2824 1582 vis
2845 1529 3056 1585 dicendi
3089 1574 3102 1592 ,
3130 1535 3428 1605 principum
3449 1543 3732 1610 corruptio,
3755 1556 3798 1598 et

2236 1611 2400 1665 multa
2430 1613 2532 1666 alia
2560 1633 2680 1684 qua:
2716 1619 2978 1686 justitiam
3023 1622 3346 1681 labefactant
3373 1646 3386 1681 :
3417 1629 3503 1683 hic
3535 1647 3657 1685 vero
3685 1634 3799 1690 nihil

2237 1701 2428 1756 horum
2460 1715 2561 1782 est.
2586 1707 2721 1774 Quid
2745 1725 2874 1779 ergo
2895 1754 2909 1773 ,
2950 1713 3158 1782 inquies
3177 1757 3190 1778 ,
3217 1717 3260 1770 si
3285 1719 3620 1776 adversarius
3645 1723 3798 1795 dyna-

2236 1802 2314 1846 sta
2359 1796 2476 1850 sit?
2516 1798 2580 1852 Et
2625 1799 2744 1853 ideo
2780 1805 3012 1858 maxime
3053 1807 3141 1860 hic
3175 1807 3423 1876 judicare
3465 1813 3666 1882 oportet
3707 1835 3720 1871 :
3753 1819 3798 1872 in

2235 1889 2473 1942 externis
2499 1893 2640 1946 enim
2672 1894 2759 1947 ille
2798 1895 3014 1962 judiciis
3058 1907 3108 1952 te
3151 1900 3252 1954 erit
3295 1904 3516 1960 omniun
3560 1911 3796 1977 superior.

2235 1977 2292 2033 Si
2317 1991 2495 2036 autem
2524 1984 2613 2038 ille
2640 2001 2744 2039 non
2786 1990 3112 2057 acquiescit,
3143 2002 3197 2046 et
3225 1995 3268 2047 si
3302 1995 3351 2048 id
3385 1999 3528 2065 quod
3573 2000 3705 2053 intus
3730 2012 3800 2054 est

2230 2075 2489 2145 judicium
2521 2078 2749 2147 deSpieit
2777 2092 2829 2135 et
2874 2083 3018 2148 foras
3058 2086 3104 2137 vi
3149 2089 3356 2141 trahit?
3399 2090 3585 2144 Melius
3622 2103 3698 2147 e.-t
3735 2095 3796 2155 id,

2234 2169 2376 2238 quod
2405 2185 2472 2225 ex
2502 2173 2824 2227 necessitate
2856 2191 3111 2245 passurus
3145 2193 3207 2234 es
3232 2221 3247 2244 ,
3281 2192 3334 2235 te
3381 2183 3626 2240 libentem
3657 2187 3799 2240 susti-

2239 2276 2367 2315 nere
2383 2271 2435 2314 ct
2454 2262 2715 2330 judicium
2743 2283 2847 2319 non
2874 2268 3077 2332 subire,
3106 2279 3162 2324 ut
3191 2279 3245 2324 et
3273 2275 3578 2330 mercedem
3606 2277 3795 2331 habeas.

2235 2351 2368 2406 Nam
2401 2351 2484 2418 Si,
2520 2355 2710 2425 inquit,
2741 2358 2855 2426 quis
2877 2360 2993 2412 relit
3016 2370 3176 2415 tecum
3212 2365 3265 2416 in
3283 2365 3485 2434 judicio
3507 2369 3794 2430 contendere,

2236 2457 2282 2498 et
2301 2447 2523 2499 tunicam
2544 2457 2683 2501 tuam
2696 2449 2942 2519 accipere,
2967 2453 3187 2509 dimittes
3209 2456 3288 2510 illi
3313 2459 3464 2510 etiam
3483 2461 3685 2528 pallium
3702 2476 3719 2521 ,°
3734 2471 3795 2522 et.

2237 2536 2324 2591 Sis
2350 2538 2616 2593 benerohts
2645 2541 2934 2596 adversario
2961 2554 3048 2597 tuo
3071 2547 3170 2599 cito
3190 2589 3204 2610 ,
3233 2547 3398 2602 donec
3436 2567 3488 2604 es
3526 2553 3576 2604 in
3601 2553 3674 2605 ria
3700 2569 3796 2606 cum

2235 2633 2326 2686 illo
2352 2632 2564 2705 (Matth.
2599 2635 2652 2689 5.
2678 2636 2766 2690 40.
2791 2635 2906 2704 25).
2937 2639 3135 2708 Ecquid
3165 2655 3346 2696 noSIra
3372 2645 3549 2701 dicere
3565 2661 3687 2714 opus
3707 2647 3796 2700 est?

2237 2741 2356 2780 nam
2381 2727 2480 2794 ipsi
2508 2743 2721 2797 quoque
2747 2742 3088 2784 externorum
3119 2735 3462 2790 tribunalium
3483 2739 3680 2803 patroni
3703 2738 3797 2790 h:rc

2235 2819 2533 2889 sa~pissime
2561 2821 2764 2885 dicunt,
2801 2824 2991 2877 melius
3021 2839 3139 2879 esse
3173 2826 3304 2881 foris
3331 2829 3450 2884 lites
3478 2844 3790 2898 componere.

2311 2915 2651 2968 Pccuniarttm
2690 2932 2836 2970 amor
2862 2919 3031 2969 omnia
3057 2920 3320 2974 subuertit.
3348 2950 3421 2962 -
3441 2921 3544 2977 Sed
3562 2963 3576 2986 ,
3601 2937 3634 2976 ο
3661 2937 3796 2990 pecu-

2236 3005 2382 3060 nias!
2416 3008 2524 3060 imo
2555 3007 2749 3076 potius,
2781 3022 2814 3059 o
2843 3009 3131 3064 absurdum
3161 3013 3511 3080 pecuniarum
3539 3015 3792 3068 amorem!

2234 3095 2324 3164 qui
2368 3097 2546 3150 omnia
2581 3097 2846 3152 subvertit
2885 3111 2940 3153 et
2969 3099 3204 3168 dejecit;
3237 3120 3502 3175 nugteque
3532 3115 3583 3161 et
3624 3105 3791 3159 fabula:

2237 3186 2420 3240 multis
2447 3199 2572 3240 sunt
2612 3189 2789 3242 omnia
2824 3202 3041 3260 propter
3071 3193 3346 3260 pecunias.
3376 3195 3442 3250 Et
3467 3196 3602 3266 quod
3631 3196 3692 3257 ii,
3718 3195 3792 3264 qui

2235 3277 2580 3334 siceularibus
2606 3280 2710 3333 sint
2728 3281 2946 3345 addicti,
2979 3283 3028 3336 in
3057 3285 3418 3342 tribunalibus
3440 3289 3556 3341 lites
3577 3302 3791 3342 commo-

2235 3379 2411 3433 veant,
2439 3371 2568 3426 nihil
2593 3373 2784 3427 mirum
2811 3391 2824 3438 ;
2854 3373 2996 3444 quod
3019 3384 3194 3430 autem
3225 3379 3379 3432 multi
3403 3396 3465 3433 ex
3497 3379 3580 3442 iis,
3600 3381 3680 3449 qni
3704 3396 3790 3430 μη·-

2232 3464 2355 3518 cnlo
2383 3464 2826 3519 abrenuntiarunt
2852 3507 2867 3529 ,
2898 3466 3084 3521 eadem
3115 3467 3229 3536 ipsa
3261 3467 3496 3536 faciant,
3529 3472 3626 3524 hoc
3666 3479 3791 3523 certe

2232 3566 2311 3610 est
2340 3566 2490 3609 extra
2520 3557 2729 3609 veniam
2752 3572 2987 3612 omnem.
3019 3558 3150 3612 Nam
3182 3560 3226 3612 si
3253 3562 3337 3614 vis
3359 3563 3539 3617 videre
3563 3573 3789 3632 quantum

2234 3657 2286 3701 te
2307 3649 2499 3702 abesse
2527 3651 2597 3702 ab
2619 3648 2722 3702 hoc
2748 3666 2865 3714 usu,
2902 3654 3478 3721 nempetribunalium,
3512 3655 3790 3724 praeceperit

2229 3737 2501 3807 Scriptura
2526 3781 2541 3805 ,
2570 3751 2625 3793 et
2650 3739 2862 3795 discere
2893 3742 3210 3811 quibusnam
3253 3745 3404 3815 leges
3455 3746 3634 3816 posita:
3661 3745 3752 3800 sint
3773 3783 3786 3806 ,

2229 3831 2350 3885 audi
2383 3832 2506 3898 quid
2534 3832 2676 3887 dicat
2707 3833 2900 3887 Paulus
2931 3853 2942 3886 :
2971 3834 3004 3886 Ι
3013 3846 3120 3888 usto
3141 3837 3226 3890 lex
3264 3855 3368 3892 non
3407 3851 3477 3892 est
3505 3839 3678 3910 posita,
3715 3834 3790 3888 sed

2228 3922 2431 3990 injustis
2451 3935 2497 3975 el
2520 3941 2620 3977 non
2650 3926 2864 3980 subditis
2887 3928 2904 3996 (
2933 3929 2982 3980 l.
3009 3926 3144 3982 Tim.
3180 3931 3230 3982 i.
3257 3931 3290 3984 Ω
3313 3933 3351 3999 ).
3381 3932 3532 3998 Quod
3558 3933 3598 3984 si
3628 3931 3707 3984 ille
3731 3929 3786 3980 de

2228 4011 2454 4067 Mosaica
2500 4014 2600 4069 hoc
2627 4015 2788 4080 dicit,
2819 4017 2986 4070 multo
3014 4020 3181 4088 magis
3206 4020 3278 4075 de
3322 4022 3556 4078 externis
3585 4021 3783 4090 legibus.

2228 4102 2282 4157 Si
2311 4119 2442 4172 ergo
2473 4105 2719 4172 injuriam
2760 4107 2950 4161 feceris
2975 4149 2990 4173 ,
3026 4111 3199 4177 palam
3233 4121 3316 4165 est
3348 4123 3402 4166 te
3443 4129 3545 4166 non
3584 4125 3694 4165 esse
3712 4107 3786 4177 ju-

2228 4203 2403 4258 stum;
2452 4195 2494 4247 si
2541 4206 2718 4249 autem
2759 4197 2948 4265 injuria
2979 4199 3230 4255 afficiaris
3258 4213 3308 4256 et
3339 4201 3476 4258 feras
3507 4201 3638 4274 (hoc
3659 4197 3782 4254 enim

2229 4288 2462 4342 maxime
2487 4289 2616 4354 justi
2641 4300 2722 4342 est
2746 4290 2796 4360 ).
2823 4305 2930 4343 non
2965 4306 3098 4360 opus
3129 4292 3294 4348 habes
3321 4297 3555 4350 externis
3583 4292 3776 4363 legibus.

2229 4381 2295 4435 Et
2318 4383 2606 4450 qumnodo,
2630 4383 2859 4451 inquies,
2888 4384 3075 4450 injuria
3101 4383 3261 4438 Ιιιιειιε
3292 4386 3431 4442 ferre
3462 4384 3676 4456 potero?
3700 4383 3782 4434 At-

2227 4474 2315 4546 qui
2357 4471 2604 4528 Christus
2653 4473 2852 4542 aliquitl
2892 4476 3052 4529 etiam
3105 4478 3336 4546 amplius
3387 4476 3648 4547 pnecepit.
3682 4471 3780 4526 Νυιι

2225 4569 2386 4622 modo
2423 4569 2565 4622 enim
2614 4568 2802 4638 injuria
2859 4573 3042 4625 hesum
3095 4573 3234 4628 ferre
3263 4575 3463 4643 jussit,
3505 4573 3592 4626 sed
3640 4569 3781 4624 etiam

2223 4659 2424 4714 affatim
2451 4675 2675 4730 erogare
2698 4662 2746 4714 ei
2773 4664 2860 4731 qui
2887 4663 3008 4716 facit
3037 4663 3309 4729 injuriam,
3335 4676 3390 4720 et
3420 4659 3642 4734 patiendi
3665 4655 3780 4711 all'c-

2225 4763 2313 4806 ctu
2343 4763 2399 4808 et
2435 4754 2618 4807 animo
2644 4768 2900 4824 superare
2941 4757 3289 4824 cupiditatem
3334 4760 3472 4812 mala
3503 4749 3776 4808 inferentis.

2223 4845 2339 4900 Non
2363 4847 2506 4901 enim
2528 4847 2685 4913 dixit,
2722 4849 2780 4902 Ei
2803 4849 3039 4918 quivelit
3069 4859 3240 4904 tecum
3275 4851 3325 4904 in
3349 4851 3548 4921 judicio
3575 4854 3776 4900 conten-

2223 4937 2353 4993 dere
2377 4949 2431 4994 et
2454 4940 2687 4994 tunicam
2718 4950 2860 4994 tuam
2893 4941 3102 4996 aulerre
3124 4985 3138 5008 ,
3167 4943 3377 5000 dimitte
3410 4942 3631 4996 tunicam
3656 4951 3669 5000 ;
3697 4925 3776 4986 Sed

2221 5046 2342 5084 cum
2377 5031 2462 5084 illa
2503 5039 2558 5085 et
2596 5032 2812 5101 pallium
2839 5032 2985 5087 dato.
3018 5033 3185 5089 Vince
3212 5033 3359 5089 illum
3382 5075 3397 5094 .
3428 5031 3584 5102 inquit
3611 5067 3624 5089 ,
3657 5021 3776 5078 male

2221 5124 2470 5192 patiendo
2495 5167 2507 5186 ,
2542 5139 2647 5177 non
2691 5125 2827 5178 male
2857 5125 3100 5180 faciendo
3131 5146 3143 5181 :
3170 5127 3284 5182 hare
3313 5138 3387 5183 est
3414 5125 3551 5181 enim
3575 5121 3708 5176 clara
3727 5118 3774 5168 el

2219 5219 2500 5287 splendida
2550 5219 2794 5274 victoria.
2868 5219 3097 5291 Ideoque
3148 5234 3329 5290 postea
3377 5221 3503 5275 dicit
3552 5212 3768 5271 Paulus:

2215 5309 2337 5362 Jam
2358 5311 2490 5363 enim
2516 5311 2752 5365 delictum
2781 5322 2852 5364 cst
2876 5314 3012 5366 vobis
3031 5356 3044 5377 ,
3074 5315 3210 5384 quod
3227 5315 3426 5384 judicia
3450 5307 3632 5365 habetis
3660 5304 3776 5355 inter

2217 5417 2302 5456 vos
2332 5411 2419 5456 :et
2443 5419 2534 5456 cur
2563 5419 2663 5456 non
2691 5404 2858 5473 potius
2895 5404 3142 5472 injuriam
3168 5403 3440 5474 accipitis?
3475 5394 3620 5466 Quod
3646 5390 3769 5447 enim

2217 5494 2262 5548 is
2283 5494 2370 5563 qui
2405 5493 2595 5564 injuria
2621 5495 2872 5559 afficitur,
2905 5497 3073 5565 magis
3112 5497 3306 5560 vincat,
3340 5509 3495 5565 quam
3525 5491 3566 5543 is
3593 5483 3673 5555 qui
3703 5479 3770 5531 in~

2209 5584 2409 5654 juriam
2438 5600 2543 5639 non
2577 5584 2699 5652 fert,
2727 5585 2830 5641 hoc
2855 5585 3006 5641 vobis
3030 5588 3202 5658 palam
3225 5587 3426 5643 faciam.
3464 5573 3672 5638 Etiamsi
3691 5565 3768 5638 (Ιιιί

2215 5675 2464 5747 injuriam
2497 5694 2601 5731 non
2635 5678 2736 5732 fert
2762 5677 2814 5732 in
2835 5678 3094 5749 judicium
3116 5681 3358 5745 traxerit,
3389 5671 3590 5733 etiamsi
3621 5675 3765 5733 supe-

2215 5772 2368 5838 rarit,
2429 5783 2552 5827 tunc
2597 5773 2831 5828 maxime
2876 5774 3122 5829 vincitur.
3176 5774 3327 5840 Quod
3369 5771 3507 5828 enim
3556 5756 3763 5815 ιιοιεων
