3992 6416
229 335 317 392 135
1327 344 1395 400 IN
1433 342 1655 399 EPIST.
1696 341 1717 397 l
1757 340 1835 398 ΑΙ]

1943 341 2048 400 on.
2089 340 2325 399 nomL.
2369 340 2510 415 χιι.

232 457 790 529 κληρονομήσουσι.
869 463 935 517 Τί
1009 463 1226 533 λέγεις;
1286 463 1426 535 ,περὶ
1488 458 1831 514 πλεονεκτῶν

242 542 633 612 διαλεγόμενος,
675 544 937 600 τοσοῦτον
969 546 1125 617 δχλον
1152 546 1435 617 ἐπήγαγες
1477 546 1613 617 ἡμῖν
1644 559 1829 614 παρα-

233 627 409 696 νόμων
431 625 778 698 ἀνθρώπων;
818 618 950 692 Ναὶ,
981 630 1146 700 φησίν
1171 648 1186 661 ·
1217 629 1334 683 ἀλλ’
1359 630 1420 681 οὑ
1462 629 1712 699 συγχέων
1738 627 1832 679 τὸν

239 707 387 778 λόγον
422 709 585 763 τοῦτο
625 711 790 774 ποιῶ,
829 712 967 767 ἀλλά
994 714 1090 766 καὶ
1118 713 1270 778 τάξει
1304 711 1455 786 [MO]
1492 711 1826 785 προϐαίνων.

244 795 449 865 Ὠσπερ
481 793 592 864 γάρ
620 795 754 867 περὶ
786 795 897 848 τῶν
933 795 1149 868 πόρνων
1184 797 1591 868 διαλεγόμενος,
1620 797 1828 867 μέμνηο

238 894 325 930 ται
360 876 589 930 πάντων
614 876 778 948 ὁμοῦ,
821 877 964 932 οὕτω
998 879 1162 933 πάλιν
1196 880 1291 933 τοῦ
1326 878 1646 933 πλεονέκτου
1689 894 1828 948 μνη-

242 962 405 1023 σθεὶς,
441 960 653 1024 πάντας
704 963 785 1023 εἰς
841 963 1005 1032 μέσον
1058 962 1203 1031 ἄγει,
1244 963 1381 1034 πρὸς
1412 963 1537 1025 τοὺς
1572 961 1829 1031 ἐλέγχους

241 1041 540 1106 συνεθίζων
591 1043 720 1106 τοὺς
761 1045 831 1096 τά
871 1044 1099 1098 τοιαῦτα
1138 1046 1448 1106 συνειδότας
1476 1046 1707 1108 ἑαυτοῖς.
1756 1044 1830 1096 Τὸ

240 1126 344 1194 γάρ
402 1126 466 1177 ἐν
504 1127 626 1189 ταῖς
662 1125 770 1179 τῶν
802 1126 1004 1199 ἐτέρων
1041 1129 1285 1198 μνήμαις
1328 1128 1566 1200 συνεχῶς
1611 1127 1831 1181 ἀκούειν

236 1210 333 1279 τῆν
367 1208 637 1278 κειμένην
658 1209 879 1264 κόλασιν
899 1212 1103 1274 αὐτοῖς,
1137 1211 1540 1282 εὐπαράδεκτον
1568 1213 1715 1263 ποιεῖ
1740 1210 1830 1263 τὸν

235 1293 479 1362 ἐλέγχον,
532 1292 752 1347 ἐπειδὰν
798 1296 911 1356 τοῖς
947 1295 1170 1358 οἰκείοις
1206 1296 1388 1348 αὐτῶν
1435 1295 1832 1366 ἁμαρτήμασιν

229 1374 637 1444 ἐπαποδύηται.
697 1375 834 1429 Οὐδὲ
887 1377 998 1449 γὰρ
1036 1378 1112 1442 ὼς
1156 1377 1414 1441 συνειδὼς
1466 1377 1703 1431 ἐνταῦθα
1740 1377 1833 1430 αὑ-

231 1462 343 1521 τοῖς
374 1459 573 1524 ταῦτα,
609 1460 730 1513 οὐδὲ
754 1460 830 1525 ὡς
853 1461 1091 1533 ἐλέγχων
1123 1467 1359 1517 ποιεῖται
1397 1463 1497 1535 τὴν
1522 1462 1771 1534 ἀπειλήν·
1802 1460 1832 1514 6

231 1543 478 1614 μάλιστα
507 1544 604 1596 καὶ
627 1544 813 1598 ἱκανόν
836 1547 952 1600 ἐστι
975 1550 1271 1618 κατασχεῖν
1297 1547 1393 1600 τὸν
1413 1545 1712 1617 ἀκροατὴν,
1738 1545 1833 1598 καὶ

229 1631 308 1701 μῆ
333 1631 559 1699 ἀφεῖναι
592 1629 964 1701 ἀποπηδῆσαι,
991 1630 1119 1686 ὅταν
1146 1633 1222 1703 μὴ
1256 1632 1394 1703 πρὸς
1419 1630 1580 1684 αὐτὸν
1607 1633 1636 1685 6
1672 1631 1832 1700 λόγος

225 1712 614 1783 ἀποτείνηται,
638 1712 751 1767 ἀλλ’
775 1714 1099 1786 ἀδιορίστως
1120 1714 1436 1785 λεγόμενος,
1460 1713 1832 1778 λανθανόντως

225 1795 399 1850 αὐτοῦ
432 1796 646 1868 πλήττη
681 1796 744 1850 τὸ
772 1798 1031 1865 συνειδὸς.
1059 1800 1160 1869 Μὴ
1187 1799 1524 1855 πλανᾶσθε.
1568 1797 1833 1853 Ἐνταῦθα

226 1879 539 1934 αἰνίττεται
565 1897 714 1944 τινας
747 1880 1028 1948 λέγοντας,
1065 1884 1205 1956 ὅπερ
1245 1884 1342 1937 καὶ
1369 1881 1466 1937 νῦν
1496 1883 1748 1951 λέγουσιν
1783 1884 1833 1937 οἱ

226 1964 442 2026 πολλοὶ,
486 1965 569 2018 ὅτι
601 1965 987 2038 Φιλάνθρωπος
1021 1965 1097 2020 ὢν
1130 1969 1159 2021 6
1179 1967 1312 2031 Θεὸς
1342 1968 1438 2021 καὶ
1468 1966 1695 2036 ἀγαθὸς,
1733 1968 1835 2022 οὐκ

225 2046 596 2118 ἐπεξέρχεται
620 2051 733 2112 τοῖς
766 2048 1232 2121 πλημμελήμασι·
1273 2050 1348 2122 μὴ
1379 2051 1444 2122 δὴ
1478 2050 1829 2123 φοϐηθῶμεν·

223 2130 423 2185 οὐδένα
459 2130 569 2201 γάρ
619 2131 706 2182 ἐπ’
751 2132 928 2185 οὐδενὶ
972 2132 1129 2204 δίκην
1179 2134 1476 2205 ἀπαιτήσει
1532 2135 1684 2189 ποτέ.
1722 2135 1833 2188 Καὶ

222 2213 441 2266 τούτων
484 2214 671 2267 ἕνεκέν
708 2231 895 2286 φησιν·
947 2215 1045 2285 Μὴ
1088 2216 1427 2273 πλανᾶσθε.
1460 2217 1681 2287 Πλάνης
1722 2218 1833 2288 γάρ

223 2299 376 2350 ἐστιν
438 2297 678 2368 ἐσχάτης
733 2300 828 2352 καὶ
861 2300 1099 2371 ἀπάτης,
1136 2299 1439 2355 ἐλπίσαντα
1478 2302 1695 2373 χρηστά
1724 2302 1833 2355 τῶν

223 2380 493 2433 ἐναντίων
515 2384 813 2453 ἐπιτυχεῖν,
838 2383 932 2436 καὶ
957 2382 1133 2438 ταῦτα
1159 2386 1288 2454 περὶ
1317 2384 1453 2438 Θεοῦ
1479 2383 1830 2447 ὑποπτεύειν,

223 2463 269 2518 ὃ.
309 2464 455 2536 μηδὲ
504 2465 637 2534 περὶ
682 2465 974 2538 ἀνθρώπου
1028 2485 1112 2531 τις
1147 2469 1442 2540 ἐννοήσειε.
1487 2470 1580 2522 Διό
1612 2486 1777 2539 φησιν
1805 2470 1835 2521 6

226 2550 524 2622 προφήτης
557 2551 622 2602 ἐκ
652 2549 948 2623 προσώπου
973 2551 1164 2605 αὑτοῦ·
1201 2551 1534 2618 ’Υπέλαϐες
1552 2553 1828 2623 ἀνομίαν,

226 2634 316 2687 ὅτι
339 2634 571 2703 ἔσομαί
601 2649 701 2689 σοι
720 2633 944 2705 ὅμοιος·
971 2633 1202 2703 ἐλέγξω
1232 2652 1306 2689 σε
1328 2635 1428 2689 καὶ
1459 2636 1835 2705 παραστήσω

227 2717 377 2773 κατὰ
398 2719 734 2788 πρόσωπόν
766 2732 886 2773 σου
916 2719 1023 2786 τὰς
1046 2719 1303 2789 ἀνομίας
1326 2736 1464 2774 σου·
1492 2721 1589 2773 καὶ
1621 2722 1650 2773 6
1685 2720 1833 2774 Παῦο

232 2806 319 2866 λος
352 2799 625 2867 ἐνταῦθα,
655 2802 753 2871 Μὴ
778 2801 1095 2857 πλανᾶσθε
1119 2819 1135 2834 ·
1163 2803 1304 2857 οὔτε
1343 2804 1555 2871 πόρνοι
1588 2803 1701 2873 (τὸν
1729 2803 1831 2874 ήδη

234 2885 708 2939 καταδικασθέντα
743 2884 963 2957 πρῶτον
987 2886 1248 2956 τίθησιν),
1276 2888 1417 2941 οὔτε
1436 2888 1661 2956 μοιχοὶ,
1695 2888 1834 2941 οὔτε

224 2970 520 3040 μαλακοὶ,
553 2969 691 3024 οὔτε
722 2969 1002 3040 μέθυσοι,
1037 2971 1177 3024 οὔτε
1204 2970 1471 3040 λοίδοροι
1502 2971 1836 3036 ,βασιλείαν

230 3053 384 3109 Θεοῦ
416 3053 976 3123 κληρονομήσουσι.

305 3237 504 3293 Πολλοὶ
542 3236 733 3293 τούτου
767 3238 1097 3293 ἐπελάϐοντο
1130 3238 1225 3293 τοῦ
1255 3241 1479 3312 χωρίου,
1516 3241 1592 3304 ὡς
1631 3241 1840 3311 σφόδρα

233 3323 489 3395 τραχέος,
525 3322 580 3375 εί
624 3339 688 3391 γε
724 3322 819 3374 τὸν
859 3322 1094 3393 μέθυσον
1124 3323 1221 3375 καὶ
1261 3323 1504 3395 λοίδορον
1556 3323 1697 3395 μετὰ
1742 3324 1838 3377 τοῦ

242 3407 432 3478 μοιχοῦ
464 3407 563 3460 καὶ
586 3405 681 3460 τοῦ
707 3407 1068 3478 ἡταιρηκότος
1102 3407 1199 3460 καὶ
1221 3406 1316 3461 τοῦ
1341 3408 1723 3478 ἀρσενοκοίτου
1758 3408 1840 3460 τί-

241 3490 383 3560 θησι·
422 3490 605 3544 καίτοι
653 3506 718 3557 γε
742 3490 842 3543 οὑκ
875 3490 964 3543 ίσα
990 3489 1058 3544 τά
1090 3490 1438 3563 ἐγκλήματα,
1473 3492 1592 3555 πῶς
1638 3488 1733 3545 οὖν
1768 3490 1840 3544 τὰ

237 3574 334 3643 τῆς
356 3574 639 3636 κολάσεως
673 3574 798 3638 tua;
822 3573 887 3625 Τί
914 3569 1008 3627 οὖν
1034 3574 1305 3645 ἐροῦμεν;
1333 3575 1457 3629 Ὀτι
1481 3575 1716 3645 μάλιστα
1739 3575 1839 3645 μὲν

236 3654 328 3711 οὖν
344 3658 408 3711 ού
444 3656 645 3727 μικρὸν
665 3657 727 3711 τὸ
750 3656 852 3727 τῆς
881 3657 1054 3727 μέθης
1078 3658 1171 3722 καὶ
1193 3657 1255 3711 τὸ
1279 3658 1376 3728 τῆς
1406 3655 1692 3728 λοιδορίας,
1718 3660 1841 3712 ἐπεὶ

236 3742 331 3794 καὶ
359 3744 390 3795 ὁ
414 3741 654 3810 Χριστὸς
693 3739 785 3793 τὸν
814 3740 997 3811 μωρὸν
1034 3739 1345 3795 καλέσαντα
1385 3741 1476 3794 τὶν
1505 3742 1737 3811 ἀδελφὺν
1770 3743 1836 3812 τῇ

236 3825 435 3896 γεέννῃ
506 3822 811 3894 παρέδωκε.
870 3823 1137 3886 Πολλάκις
1190 3822 1300 3895 γάρ
1355 3824 1603 3878 ἐντεῦθεν
1639 3824 1837 3895 ἐτέχθη

237 3909 495 3972 θάνατος·
530 3908 624 3979 καὶ
651 3909 680 3960 6
709 3908 819 3961 τῶν
843 3908 1115 3962 Ἰουδαίων
1145 3908 1203 3961 δέ
1226 3908 1398 3980 δῆμος
1425 3908 1497 3962 τὰ
1519 3910 1839 3980 χαλεπώτα-

234 4012 305 4048 τα
337 3995 406 4047 ἐκ
446 3992 546 4063 τῆς
575 3991 744 4063 μέθης
778 3992 1087 4064 ἐξήμαρτεν
1145 3993 1524 4065 ἁμαρτήματα
1549 4010 1562 4023 ·
1620 3993 1835 4061 ἔπειτα,

237 4080 320 4133 ὅτι
344 4079 411 4132 οὑ
436 4077 567 4148 περὶ
590 4075 866 4140 κολάσεως
911 4078 941 4130 6
972 4077 1131 4145 λόγος
1177 4077 1326 4151 αύτῷ
1356 4078 1514 4143 τέως,
1545 4078 1681 4133 ἀλλά
1708 4081 1840 4151 περὶ

237 4164 575 4228 ἐκπτώσεως
612 4164 910 4235 βασιλείας.
942 4166 1055 4235 Τῆς
1081 4166 1179 4237 μὲν
1201 4162 1295 4221 οὖν
1328 4166 1615 4236 βασιλείας
1636 4169 1840 4239 ὁμοίως

238 4252 334 4306 καὶ
370 4243 535 4312 οὗτος
570 4250 665 4301 καὶ
695 4251 902 4313 ἐκεῖνος
934 4251 1316 4305 ἐκπίπτουσιν·
1352 4253 1401 4304 εί
1437 4251 1495 4304 δέ
1523 4269 1646 4306 τινα
1683 4255 1742 4306 ἐν
1769 4257 1837 4326 τῇ

239 4334 439 4404 γεέννῃ
464 4333 727 4404 διαφοράν
751 4333 983 4400 ἐξουσιν,
1010 4335 1070 4388 οὐ
1099 4334 1195 4389 τοῦ
1218 4337 1485 4406 παρόντος
1514 4338 1708 4410 καιροῦ
1742 4339 1841 4409 ξη-

239 4421 374 4473 τεῖν·
416 4417 482 4471 οὑ
523 4417 633 4488 γὰρ
666 4420 797 4491 περὶ
844 4419 1034 4473 τούτου
1084 4422 1369 4491 πρόκειται
1420 4421 1516 4475 νῦν
1536 4425 1691 4494 ἡμῖν.
1726 4424 1839 4479 Καὶ

238 4501 435 4558 ταῦτὰ
482 4511 644 4569 τινες
669 4499 803 4572 ἥτε·
836 4505 975 4559 ἀλλ’
1007 4505 1462 4569 ἀπελούσασθε,
1498 4506 1639 4561 ἀλλ’
1666 4507 1838 4578 ἡγιά-

241 4591 456 4656 σθητε.
506 4587 721 4658 Σφόδρα
774 4588 1140 4659 ἐντρεπτικῶς
1196 4591 1449 4660 ἐπήγαγε
1481 4590 1678 4660 λέγων·
1722 4592 1839 4645 Ἐν-

243 4674 477 4742 νοὴσατε
501 4670 711 4741 ἡλίκων
748 4670 892 4741 ὑμᾶς
925 4671 1162 4738 ἐξείλετο
1212 4673 1400 4727 κακῶν
1447 4675 1477 4727 ὁ
1520 4676 1675 4738 Θεὸς,
1707 4674 1840 4746 ὅσην

247 4757 380 4826 ὑμῖν
410 4753 825 4824 φιλανθρωπίας
852 4755 1160 4826 παρέσχετο
1183 4758 1380 4827 πεῖραν
1419 4757 1515 4809 καὶ
1541 4756 1836 4822 ἀπόδειξιν·

250 4839 346 4892 καὶ
371 4838 492 4890 οὑδέ
531 4836 703 4908 μέχρι,
728 4836 826 4907 τῆς
849 4837 1170 4911 ἀπαλλαγῆς
1193 4839 1294 4911 τὴν
1326 4840 1598 4895 ἀντίδοσιν
1619 4840 1838 4910 έδωκενς,

256 4920 370 4974 ἀλλ’
400 4921 491 4973 ἐπὶ
522 4921 655 4973 πολὺ
708 4921 808 4990 τὴν
863 4922 1181 4993 εὐεργεσίαν
1238 4924 1545 4994 προήγαγε·
1592 4926 1687 4977 καὶ
1733 4925 1842 4996 γάρ

264 5003 495 5073 καθαρὸν
538 5004 815 5075 ἐποίησεν.
841 5001 967 5077 Ἆρ’
995 5002 1089 5060 οὖν
1125 5006 1283 5060 τοῦτο
1316 5008 1516 5078 μόνονς
1553 5008 1838 5079 Οὐδαμῶς,

259 5087 394 5141 ἀλλὰ
425 5089 517 5142 καὶ
557 5089 801 5158 ἡγίασεν·
833 5089 945 5142 ἀλλ’
976 5089 1097 5143 οὐδὲ
1143 5090 1303 5144 τοῦτο
1346 5092 1526 5162 μόνον,
1562 5093 1699 5146 ἀλλὰ
1748 5096 1843 5146 καὶ

250 5171 557 5225 ἐδικαίωσε.
596 5173 790 5226 Καίτοι
829 5190 894 5240 γε
940 5174 1117 5227 καὶτὸ
1144 5173 1254 5228 τῶν
1283 5176 1701 5247 ἁμαρτημάτων
1731 5176 1842 5229 ἀπ-

250 5255 571 5324 αλλατῆναι,
603 5256 782 5327 δωρεά
807 5257 1039 5327 μεγάλη·
1065 5258 1184 5311 νυνὶ
1213 5257 1270 5310 δέ
1301 5274 1362 5311 σε
1384 5259 1479 5311 καὶ
1514 5258 1725 5330 μυρίων
1757 5261 1842 5333 ἐνί

251 5339 491 5409 έπλησεν
524 5341 762 5408 ἀγαθῶν.
824 5342 933 5395 Καὶ
984 5341 1142 5395 τοῦτο
1192 5341 1413 5411 γέγονεν
1453 5343 1550 5394 Ἐν
1585 5342 1667 5407 τῷ
1708 5331 1843 5395 ὀνόῖ

245 5438 395 5493 ματι
421 5422 527 5477 τοῦ
542 5425 764 5491 Κυρίου
790 5423 958 5493 ἡμῶν
981 5425 1186 5491 Ἰησοῦ
1205 5425 1483 5494 Χριστοῦ·
1506 5425 1607 5478 οὐκ
1629 5429 1687 5478 ἐν
1708 5426 1842 5495 τῷδε

256 5508 352 5561 καὶ
367 5505 529 5575 τῷδε,
546 5507 681 5561 ἀλλὰ
705 5508 814 5562 Καὶ
835 5509 905 5561 ἐν
928 5508 1007 5573 τῷ
1028 5511 1330 5580 Πνεύματι
1354 5510 1461 5565 τοῦ
1479 5510 1629 5565 Θεοῦ
1650 5509 1839 5580 ἡμῶν.

257 5589 413 5663 [141]
446 5591 627 5644 Ταῦτα
664 5587 763 5645 οὖν
800 5594 1023 5657 εἰδότες,
1060 5594 1354 5664 ἀγαπητοὶ,
1392 5594 1489 5648 καὶ⁵
1526 5594 1586 5647 τὸ
1613 5594 1845 5665 μέγεθος

255 5675 356 5744 τῆς
409 5677 786 5748 γεγενημένης
836 5678 1152 5749 εὐεργεσίας
1201 5677 1532 5741 ἐννοοῦντες,
1594 5677 1845 5747 μένωμεν

258 5760 553 5830 σωφρόνως
585 5760 850 5832 βιοῦντες,
888 5764 994 5813 τῶν
1031 5779 1090 5815 τε
1143 5761 1619 5832 ἀπηριθμημένων
1672 5761 1837 5814 καθα.

260 5843 506 5912 ρεύοντες
529 5846 811 5906 ἁπάντων,
844 5846 936 5897 καὶ
969 5844 1038 5898 τά
1077 5847 1407 5916 δικαστήρια
1438 5845 1729 5915 φεύγωμεν
1777 5843 1846 5895 τά

254 5925 314 5982 ἐν
359 5928 585 6000 ἀγοραῖς
617 5932 738 5992 ταῖς
773 5928 896 5992 ἔξω,
936 5930 1031 5982 καὶ
1069 5930 1167 5999 τὴν
1196 5930 1495 5998 εὐγένειαν,
1526 5930 1595 5999 ῆν
1641 5931 1670 5982 6
1711 5927 1844 5991 Θεὸς

3417 344 3521 402 156

1939 460 2073 530 ἡμῖν
2125 460 2440 531 ἐχαρίσατο,
2486 457 2690 529 ταύτην
2739 456 3176 528 διαφυλάξωμεν.
3239 456 3522 530 Ἐννόησον

1937 543 2046 614 γάρ
2080 543 2275 614 ἡλίκης
2316 542 2466 595 ἐστὶν
2506 541 2769 612 αἰσχύνης
2811 540 3138 606 καθέζεσθαι
3165 540 3406 611 ’Έλληνά
3439 558 3522 594 σοι

1933 627 2117 682 δίκαια
2146 628 2400 697 νέμοντα.

2002 805 2062 851 ε’.
2081 799 2145 852 Τί
2160 794 2277 860 οὖν,
2304 799 2490 868 φησὶν,
2518 798 2612 850 ἐὰν
2629 796 2960 867 παρανόμως
2978 794 3167 849 ὁένδον
3198 793 3392 864 κρίνῃ;
3426 793 3525 847 Διὰ

1930 881 2007 945 τί,
2035 883 2157 936 εἰπέ
2192 898 2321 953 μοι;
2349 880 2491 934 κατά
2530 880 2720 942 ποίους
2743 878 2852 949 γάρ
2873 879 3071 948 νόμους
3095 876 3306 940 δικάζει
3331 878 3361 928 6
3390 875 3525 927 ’Έλο

1932 965 2031 1036 λην
2057 982 2071 1031 ;
2104 968 2198 1020 καὶ
2237 966 2380 1020 κατὰ
2406 964 2596 1027 ποίους
2626 965 2654 1015 6
2678 963 3032 1035 Χριστιανόςς
3059 962 3162 1014 οὑκ
3190 958 3414 1027 εῦδηλον
3442 959 3525 1011 ὅτι

1933 1050 2074 1103 κατὰ
2100 1050 2199 1119 μὲν
2227 1049 2355 1111 τοὺς
2384 1046 2492 1101 τῶν
2516 1045 2822 1111 ἀνθρώπων
2850 1047 2879 1098 6
2900 1044 3120 1115 Ἕλλην,
3148 1043 3292 1097 κατά
3322 1042 3378 1094 δὲ
3400 1041 3525 1104 τοὺς

1932 1131 2026 1185 τοῦ
2057 1132 2193 1185 Θεοῦ
2243 1132 2272 1183 6
2309 1132 2666 1200 Χριστιανός;
2710 1129 2922 1183 Οὐκοῦν
2962 1126 3195 1182 ἐνταῦθα
3229 1124 3429 1196 μᾶλλον
3466 1123 3530 1177 τὸ

1933 1215 2169 1278 δίκαιον,
2204 1215 2397 1284 ἐπειδὴ
2425 1214 2518 1267 καὶ
2554 1214 2612 1280 ἐξ
2646 1214 2896 1285 οὐρανῶν
2928 1214 3069 1266 εἰσιν
3111 1213 3161 1265 οἱ
3204 1210 3360 1281 νόμοι
3388 1225 3532 1278 πεμ-

1934 1298 2180 1367 φθέντες.
2223 1297 2349 1352 Ἐπὶ
2383 1298 2483 1368 μὲν
2505 1296 2615 1367 γάρ
2638 1297 2746 1350 τῶν
2775 1296 2976 1364 ἔξωθεν
3005 1294 3144 1367 μετά
3170 1293 3278 1347 τῶν
3303 1291 3533 1363 εἰρημέ-

1935 1401 2041 1437 νων
2071 1383 2167 1436 καὶ
2192 1382 2357 1453 ἐτερα
2384 1381 2531 1434 ἐστιν
2560 1380 2903 1435 ὑποπτεῦσαι
2940 1379 3132 1444 πολλὰ,
3165 1378 3259 1431 καὶ
3282 1375 3532 1447 ρητόρων

1934 1467 2212 1538 δεινότητα
2260 1466 2357 1520 καὶ
2398 1464 2698 1536 διαφθοράν
2740 1467 3019 1537 ἀρχόντων
3051 1464 3145 1518 καὶ
3180 1461 3352 1516 πολλά
3393 1458 3529 1511 ἄλλα

1935 1551 1997 1606 τὸ
2017 1551 2226 1605 δίκαιον
2252 1550 2643 1621 λυμαινόμενα·
2666 1549 2903 1604 ἐνταῦθα
2925 1549 2982 1602 δὲ
2996 1547 3237 1601 τοιοῦτον
3259 1545 3433 1598 οὐδέν.
3456 1543 3523 1595 Τί

1935 1630 2050 1701 οὖν,
2082 1632 2148 1687 ἂν
2181 1635 2210 1688 6
2240 1634 2512 1697 ἀντίδικος
2539 1634 2805 1705 δυνάστης
2840 1631 2899 1706 ᾗ,
2922 1633 3085 1703 φησίς
3117 1631 3230 1685 Καὶ
3257 1628 3346 1683 διά
3372 1626 3532 1681 τοῦτο

1939 1719 2040 1789 μὲν
2066 1714 2161 1771 οὖν
2189 1716 2425 1787 μάλιστα
2446 1716 2759 1782 δικάζεσθαι
2779 1716 3017 1771 ἐνταῦθα
3039 1717 3168 1787 χρή·
3197 1716 3257 1768 ἐν
3281 1713 3391 1782 γὰρ
3417 1714 3531 1773 τοῖς

1935 1802 2042 1868 ἔξω
2069 1802 2444 1872 δικαστηρίοις
2483 1802 2767 1874 περιέσται
2808 1819 2903 1855 σου
2951 1801 3191 1864 πάντως.
3229 1800 3292 1853 ΕΞ
3332 1797 3390 1852 δέ
3427 1796 3529 1849 οὑκ

1934 1887 2212 1958 ἀνέχεται,
2264 1884 2403 1939 ἀλλά
2461 1885 2561 1939 καὶ
2604 1885 2714 1939 τῶν
2751 1884 2899 1939 ἔνδον
2938 1885 3275 1956 καταφρονεῖ
3307 1882 3401 1935 καὶ
3426 1880 3535 1947 ἐξω

1936 1970 2075 2042 πρὸς
2115 1969 2238 2040 βίαν
2269 1970 2440 2033 ἐλκει,
2490 1969 2719 2037 βέλτιον,
2765 1972 2903 2039 ὅπερ
2943 1970 3002 2036 ἐξ
3036 1969 3285 2037 ἀνάγκης
3320 1965 3535 2038 μέλλεις

1939 2054 2196 2125 πάσχειν,
2251 2053 2393 2108 ἐκὼν
2437 2066 2463 2095 α
2507 2053 2809 2125 ὑποστῆναι
2841 2053 2937 2108 καὶ
2969 2053 3044 2125 μὴ
3066 2049 3416 2113 δικάσασθαι,
3445 2049 3534 2102 ἵνα

1935 2139 2031 2193 καὶ
2074 2138 2267 2209 μισθὸν
2300 2138 2450 2212 ἔχῃς.
2489 2139 2599 2193 Ἂν
2625 2139 2735 2210 γάρ
2759 2140 2853 2206 τίς
2882 2153 3003 2199 σοι,
3033 2137 3188 2210 φησὶ,
3221 2136 3368 2203 θέλῃ
3411 2150 3535 2202 κρι-

1935 2221 2135 2291 θῆναι,
2171 2222 2271 2276 καὶ
2293 2225 2403 2276 τὸν
2436 2220 2658 2291 χιτῶνά
2682 2237 2800 2277 σου
2827 2223 3057 2285 λαϐεῖν,
3083 2220 3345 2290 ἀφήσεις
3372 2218 3537 2284 αὐτῷ

1936 2307 2135 2361 καὶτὸ
2168 2306 2431 2376 ἱμάτιον·
2489 2307 2607 2371 καὶ,
2640 2308 2789 2363 Ἵσθι
2840 2305 3073 2362 εὐνοῶν
3118 2305 3200 2372 τῷ
3250 2305 3538 2369 ἀντιδίκῳ

1935 2408 2053 2445 σου
2081 2390 2259 2459 ταχὺ,
2297 2390 2409 2456 ἕως
2437 2388 2580 2444 ὅτου
2609 2387 2667 2445 εἷ
2687 2391 2759 2444 ἐν
2782 2388 2860 2458 τῇ
2880 2390 2998 2457 ὀδῷ
3021 2392 3147 2460 μετ’
3171 2389 3380 2444 αὐτοῦ.
3422 2388 3537 2441 Καὶ

1935 2475 1987 2529 τί
2019 2474 2122 2546 χρὴ
2143 2475 2326 2544 λέγειν
2354 2473 2425 2527 τά
2452 2475 2730 2547 ήμέτερα;
2754 2476 2851 2529 καὶ
2875 2475 2985 2544 γὰρ
3016 2474 3171 2528 αὑτοὶ
3198 2476 3248 2527 οξ
3274 2473 3382 2528 τῶν
3409 2471 3537 2536 έξωυ

1937 2557 2030 2612 θεν
2066 2558 2437 2629 δικαστηρίων
2464 2558 2757 2628 συνήγοροι
2794 2558 3054 2628 μυριάκις
3087 2556 3265 2610 ταῦτα
3289 2556 3532 2624 λέγουσι,

1938 2642 2020 2695 ὅτι
2057 2642 2266 2712 βέλτιον
2293 2640 2492 2708 ἔξωθεν
2519 2640 2856 2697 διαλύεσθαι.

2021 2841 2159 2894 Ἀλλ’
2184 2838 2230 2893 ὣ
2274 2840 2384 2895 τῶν
2413 2839 2741 2911 χρημάτωνῑ
2786 2838 2987 2910 μᾶλλον
3025 2838 3100 2900 δέ,
3136 2838 3181 2891 ὢ
3208 2838 3301 2893 τοῦ
3335 2838 3537 2894 ἀτόπου

1937 2927 2141 2995 ἔρωτος
2173 2924 2281 2979 τῶν
2304 2925 2606 2995 χρημάτων
2628 2924 2641 2977 !
2665 2925 2748 2978 ὅτι
2780 2923 2961 2977 πάντα
2992 2922 3258 2993 ἀνέτρεψε
3282 2924 3376 2977 καὶ
3407 2941 3541 2978 κατ-

1937 3009 2125 3076 έϐαλε,
2154 3008 2252 3063 καὶ
2290 3008 2471 3062 πάντα
2514 3007 2681 3079 λῆρος
2704 3010 2818 3071 τοῖς
2851 3006 3069 3071 πολλοῖς
3107 3008 3202 3060 καὶ
3253 3006 3413 3078 μῦθοι
3452 3007 3542 3061 διὰ

1935 3096 2006 3151 τά
2050 3096 2334 3167 χρήματα.
2390 3091 2504 3145 Καὶ
2546 3092 2608 3144 τὸ
2640 3091 2741 3162 μὲν
2770 3091 3061 3172 βιωικοὺς
3091 3087 3229 3145 εἶναι
3266 3091 3394 3154 τοὺς
3427 3094 3541 3154 τοῖς

1938 3178 2312 3251 δικαστηρίοις
2354 3173 2732 3246 ἐνοχλοῦντας,
2783 3175 2935 3229 οὐδὲν
2988 3175 3342 3245 θαυμαστόν·
3379 3175 3441 3229 τὸ
3484 3175 3542 3227 δὲ

1942 3262 2170 3324 πολλοὺς
2228 3260 2339 3314 τῶν
2395 3257 2832 3330 ἀποταξαμένων
2896 3261 2965 3314 τά
3032 3258 3173 3313 αὑτά
3236 3259 3302 3329 δὴ
3366 3257 3544 3313 ταῦτα.

1940 3350 2137 3412 ποιεῖν,
2177 3343 2339 3399 τοῦτὸ
2379 3346 2527 3396 ἐστιν
2562 3343 2590 3397 ὃ
2626 3341 2957 3414 συγγνώμης
2992 3345 3174 3410 πάσης
3223 3344 3540 3415 ἐστέρηται.

1941 3433 2006 3487 Et
2034 3429 2145 3501 γάρ
2176 3427 2382 3492 ἐθέλοις
2425 3428 2555 3482 ἰδεῖν
2588 3428 2754 3481 πόσον
2795 3427 3003 3498 ταύτης
3040 3426 3272 3498 ἀπέχειν
3303 3427 3413 3495 as]?
3441 3428 3544 3497 τῆς

1942 3514 2158 3587 χρείας,
2190 3514 2292 3584 τῆς
2343 3511 2454 3565 τῶν
2505 3511 2874 3583 δικαστηρίων
2919 3510 3084 3579 λέγω,
3125 3511 3460 3584 προσέταξεν
3508 3515 3542 3583 ἡ

1944 3598 2158 3673 Γραφὴ,
2198 3596 2295 3652 καὶ
2319 3595 2461 3649 τίσιν
2491 3597 2538 3649 οἱ
2568 3596 2720 3666 νόμοι
2753 3598 2961 3649 κεῖνται
2993 3595 3202 3665 μαθεῖν.
3232 3594 3465 3649 ἄκουσον
3489 3596 3543 3649 τί

1943 3700 2110 3753 φησιν
2148 3682 2177 3734 6
2220 3679 2451 3744 Παῦλος·
2491 3679 2708 3746 Δικαίῳ
2738 3680 2924 3748 νόμος
2965 3683 3038 3734 οὐ
3065 3679 3272 3741 κεῖται,
3297 3680 3545 3748 ἀνόμοις

1940 3766 2011 3821 δὲ
2067 3764 2168 3820 καὶ
2223 3762 2686 3827 ἀνυποτάκτοις.
2722 3761 2784 3816 Et
2825 3762 2882 3817 δὲ
2933 3763 3064 3836 περὶ
3114 3763 3209 3817 τοῦ
3242 3763 3542 3818 Μωσαῖκοῦ

1940 3849 2115 3904 ταῦτά
2141 3864 2299 3919 φησι,
2322 3846 2506 3917 πολλῷ
2534 3846 2737 3916 μᾶλλον
2765 3847 2895 3916 περὶ
2921 3846 3031 3899 τῶν
3062 3846 3284 3913 ἔξωθεν.
3320 3850 3418 3903 “Av
3443 3848 3544 3919 μὲν

1941 3930 2034 3989 οὖν
2080 3934 2296 4004 ἀδικῇς,
2349 3932 2515 4002 δῆλον
2572 3930 2648 3992 ὡς
2696 3930 2797 3983 οὐκ
2850 3931 2915 3983 ἂν
2943 3931 3061 4000 εἴης
3100 3931 3329 3993 δίκαιος·
3362 3930 3457 3983 ἐὰν
3485 3930 3545 3984 δὲ

1940 4018 2104 4089 ἀδικῇ
2145 4016 2240 4069 καὶ
2264 4014 2438 4088 φέρῃς
2466 4014 2701 4084 (δικαίου
2731 4013 2842 4084 γὰρ
2875 4014 3115 4083 μάλιστα
3152 4013 3314 4066 τοῦτό
3344 4014 3540 4084 ἐστιν),

1940 4101 2094 4155 οὐδὲν
2125 4100 2318 4171 χρείαν
2342 4098 2487 4169 ἔχεις
2508 4097 2616 4151 τῶν
2639 4095 2839 4161 ἔξωθεν
2865 4097 3067 4167 νόμων.
3098 4097 3209 4151 Καὶ
3233 4097 3351 4160 πῶς
3382 4097 3544 4168 δυνή-

1943 4202 2110 4255 σομαι
2144 4183 2333 4255 φέρειν
2380 4180 2761 4251 ἀδικούμενος,
2798 4180 2973 4251 φησί;
3010 4179 3204 4233 Καίτοι
3243 4197 3306 4248 γε
3339 4181 3367 4232 6
3402 4180 3542 4248 Χρι-

1945 4270 2070 4333 στὸς
2102 4267 2197 4323 καὶ
2222 4266 2415 4320 τούτου
2452 4283 2505 4318 τι
2541 4264 2703 4317 πλέον
2732 4262 3089 4334 προσέταξεν.
3126 4264 3202 4316 Ού
3240 4264 3347 4335 γὰρ
3380 4263 3544 4334 μόνον

1942 4351 2297 4423 ἀδικούμενον
2325 4350 2513 4421 φέρειν
2549 4349 2860 4414 ἐκέλευσεν,
2907 4348 3045 4401 ἀλλά
3072 4349 3168 4401 καὶ
3212 4347 3544 4416 προσεπιδα-

1939 4437 2261 4507 ψιλεύεσθαι
2302 4434 2381 4505 τῷ
2420 4433 2717 4500 ἀδικοῦντι,
2750 4434 2847 4488 καὶ⁸
2886 4436 2955 4506 τῇ
2985 4431 3267 4505 προθυμίᾳ
3309 4431 3404 4484 τοῦ
3435 4433 3543 4486 πάσα

1944 4538 2095 4592 σχειν
2135 4519 2487 4592 ὑπερδαίνειν
2526 4518 2626 4587 τὴν
2666 4517 2965 4589 ἐπιθυμίαν
2991 4516 3084 4570 τοῦ
3120 4515 3404 4579 ποιοῦντος
3441 4534 3543 4570 κα-

1943 4605 2074 4669 κῶς.
2115 4604 2191 4658 Οὐ
2230 4604 2342 4674 γάρ
2376 4598 2520 4665 εἶπε,
2558 4600 2650 4673 Τῷ
2675 4601 2885 4656 θέλοντί
2929 4619 3009 4656 σοι
3035 4600 3291 4673 κριθῆναι
3323 4600 3417 4655 καὶ
3445 4600 3541 4653 τὸν

1942 4687 2149 4760 χιτῶνά
2176 4706 2269 4741 σου
2299 4687 2485 4741 λαϐεῖν
2511 4686 2648 4755 ἄφες
2670 4686 2764 4739 τὸν
2784 4686 3008 4756 χιτῶνα·
3040 4684 3192 4758 [142]
3220 4684 3375 4749 ἀλλά,
3404 4687 3539 4740 Μετ’

1944 4773 2153 4826 ἐκείνου
2187 4772 2283 4825 καὶ
2305 4771 2363 4824 τὺ
2390 4770 2603 4839 ἱμάτιον
2622 4768 2729 4833 δός.
2761 4770 3003 4840 Νίκησον
3025 4769 3134 4840 γάρ
3163 4768 3347 4832 αὐτὸν,
3381 4770 3539 4840 φησὶ.

1942 4857 2021 4928 τῷ
2050 4857 2236 4919 κακῶς
2258 4857 2513 4926 πάσχειν,
2550 4853 2625 4924 μὴ
2650 4852 2730 4924 τῷ
2760 4852 2946 4916 κακῶς
2974 4856 3170 4906 ποιεῖν’
3199 4851 3337 4923 αὕτη
3365 4853 3476 4923 γάρ
3505 4856 3540 4922 ἡ

1947 4943 2123 5012 σαφὴς
2174 4942 2300 5010 νίκη
2346 4942 2442 4994 καὶ
2484 4938 2732 5009 λαμπρά.
2784 4939 2875 4992 Διδ
2924 4938 3020 4991 καὶ
3047 4937 3255 5008 προῖὼν
3289 4937 3473 5005 έλεγεν
3511 4941 3542 4991 6

1946 5026 2178 5088 Παῦλος’
2208 5024 2351 5091 Ἤδη
2380 5022 2498 5092 μὲν
2537 5017 2653 5077 οὖν
2691 5022 2847 5087 ὅλως
2889 5021 3125 5091 ἥττημα
3159 5021 3305 5089 ὑμῖν
3344 5022 3539 5080 ἐστιν,

1945 5108 2036 5162 ὅτι
2088 5110 2341 5177 κρίματα
2379 5107 2548 5174 ἔχετε
2599 5106 2729 5174 μεθ’
2784 5104 3036 5159 ἑαυτῶν.
3092 5104 3202 5159 Καὶ
3228 5103 3328 5158 διὰ
3368 5106 3426 5158 τί
3466 5105 3541 5158 οὐ

1940 5191 2184 5261 μᾶλλον
2220 5189 2559 5250 ἀδικεῖσθε;
2602 5190 2726 5241 Ὅτι
2768 5188 2879 5260 γὰρ
2926 5191 2955 5242 ό
3005 5187 3363 5256 ἀδικούμενος
3413 5188 3542 5258 νικᾷ

1949 5273 2148 5345 μᾶλλον
2177 5272 2272 5326 τοῦ
2305 5272 2379 5344 μὴ
2402 5273 2660 5344 φέροντος
2689 5272 3009 5337 ἀδικεῖσθαι,
3042 5270 3202 5325 τοῦτο
3227 5271 3356 5342 ὑμῖν
3384 5272 3543 5341 ποιή-

1948 5376 2026 5411 σω
2060 5357 2313 5427 φανερόν.
2363 5358 2421 5409 '0
2460 5354 2537 5426 μὴ
2569 5356 2749 5427 φέρων
2783 5354 3112 5420 ἀδικεῖσθαι,
3144 5353 3245 5407 κᾶν
3275 5356 3356 5417 είς
3388 5355 3541 5407 δικα-

1949 5443 2169 5513 στήριον
2192 5439 2415 5513 ἐλκύσῃ,
2442 5441 2546 5492 κᾶν
2568 5439 2947 5509 περιγένηται,
2974 5438 3096 5493 τότε
3128 5438 3365 5507 μάλιστα
3382 5439 3544 5508 ἥττη-

1946 5543 2056 5578 ται·
2088 5526 2117 5579 δ
2156 5524 2266 5596 γάρ
2300 5525 2400 5577 οὑκ
2433 5523 2649 5595 ἤθελεν,
2679 5522 2899 5575 ἔπαθεν·
2937 5523 3217 5592 ἠνάγκασε
3239 5520 3349 5591 γὰρ
3376 5520 3541 5573 αὑτὸν

1947 5612 1975 5662 ὁ
2019 5610 2285 5671 ἀντίδικος
2314 5609 2410 5661 καὶ
2436 5608 2670 5678 ἀλγῆσαι
2707 5610 2801 5661 καὶ
2826 5608 3171 5663 δικάσασθαι.
3205 5606 3270 5658 Τί
3300 5605 3410 5672 γάρ
3456 5604 3540 5657 ὃτι

2011 5876 2038 5904 ⁸
2061 5875 2209 5943 11ης..
2238 5873 2426 5943 ἐτιρντιίιἔ
2551 5872 2771 5943 μοναὶ...
2793 5875 2988 5943 ἀπέχειν
3031 5893 3086 5924 σε
3133 5874 3222 5929 δεῖ,
3272 5872 3404 5925 male
3433 5871 3549 5923 ιδεῖ

1898 5952 1923 5970 κ
1951 5938 2097 5985 deest
2120 5934 2168 5982 iu
2196 5936 2366 5983 codice
2388 5934 2622 5996 Regio'el
2645 5948 2670 5983 ιι
2698 5934 2837 5983 nobis
2854 5934 3156 5986 éibuncmm
3178 5945 3271 5986 est.

1857 6105 1897 6125 ..ι
1934 6104 1991 6122 *⁸-⁸
2012 6104 2055 6120 a‘
2152 6100 2292 6117 .,,-.δδΔ
2488 6098 2559 6109 .-ον
2597 6097 2801 6111 o.--""
