3992 6404
442 418 449 422 _
537 353 637 407 ιε’]

532 468 858 539 νενίκηκας;
895 465 947 519 τί
975 466 1032 521 δέ
1061 467 1144 521 ὅτι
1183 466 1251 520 τὰ
1274 465 1531 537 χρήματα
1556 461 1829 526 ἀπέλαϐες
1863 461 2117 520 ἅπαντας

525 553 667 623 ὅπερ
693 552 793 605 οὐκ
818 550 1040 605 ἐϐούλου
1066 550 1204 613 τέως
1231 548 1549 617 ὑπέμεινας,
1576 544 1944 613 ἀναγκασθεὶς
1965 543 2117 597 δικά-

530 634 748 691 σασθαι.
775 637 872 687 Ἂν
893 635 950 688 δὲ
985 634 1218 704 ἐνέγκῃς
1245 631 1345 702 τὴν
1371 629 1607 693 ἀδικίαν,
1638 631 1796 700 νικᾷς
1823 629 2124 700 χρημάτων

531 718 630 787 μὲν
655 717 1148 789 ἀποστερούμενος,
1175 716 1274 785 τῆς
1303 714 1362 767 δέ
1391 713 1571 783 νίκης,
1589 713 1775 766 οὐκέτι
1802 713 1899 782 τῆς
1934 712 2027 763 ἐπὶ
2054 711 2122 781 τῇ

527 800 813 872 φιλοσοφίᾳ
850 800 1041 872 ταύτῃ·
1075 800 1135 851 οὐ
1169 799 1279 868 γάρ
1320 797 1508 867 ἴσχυσέ
1555 813 1615 848 σε
1642 796 1951 863 ἀναγκάσαι
1976 796 2123 846 ἐκεῖ·

528 901 637 948 νος,
673 884 810 953 ὅπερ
842 883 943 935 οὐκ
977 880 1225 946 ἐδούλου,
1258 880 1504 949 ποιῆσαι.
1537 879 1649 933 Καὶ
1678 880 1762 932 ὅτι
1783 877 1942 930 τοῦτό
1977 880 2126 929 ἐστιν

528 966 746 1038 ἀληθὲς,
776 964 898 1017 εἰπέ
937 982 1051 1035 μοι,
1098 964 1181 1026 τίς
1221 962 1497 1032 ἐνίκησεν,
1533 961 1562 1013 6
1603 961 1895 1032 βάσκανος,
1918 961 1951 1031 ἧ
1974 962 2004 1013 6
2030 959 2126 1015 ἐπὶ

527 1050 626 1119 τῆς
656 1047 924 1118 κοπρίας;
961 1048 1047 1110 τίς
1082 1046 1378 1117 ήττήθη,.ό
1405 1045 1583 1098 πάντα
1610 1043 1931 1114 ἀφαιριθεὶς
1976 1041 2121 1110 Ἰὼϐ,

525 1132 559 1202 ἢ
600 1134 629 1185 6
664 1131 841 1184 πάντα
871 1130 1207 1200 ἀφελόμενος
1245 1128 1529 1193 διάϐολοςς
1562 1127 1733 1198 Δῆλον
1772 1128 1855 1180 ὅτι
1892 1128 1921 1179 6
1948 1126 2126 1180 πάντα

526 1215 860 1285 ἀφελόμενος
878 1212 1145 1276 διάϐολος.
1170 1212 1305 1265 Τίνα
1326 1207 1420 1265 οὖν
1437 1211 1795 1281 θαυμάζομεν
1821 1209 1920 1280 τῆς
1944 1210 2123 1281 νίκης,

526 1298 617 1350 τὸν
643 1297 891 1351 διάϐολον
918 1298 1010 1349 τὸν
1045 1295 1345 1367 πλήξαντα,
1369 1294 1402 1366 ἧ
1430 1295 1520 1349 τὸν
1550 1292 1671 1347 Ἰὼϐ
1698 1294 1791 1347 τὸν
1814 1293 2121 1364 πληγέντας

527 1381 696 1452 Δῆλον
724 1382 808 1434 ὅτι
836 1380 928 1434 τὸν
961 1380 1083 1433 Ἰώϐ
1104 1396 1119 1410 ·
1162 1379 1339 1433 καίτοι
1372 1396 1437 1448 γε
1482 1380 1583 1433 οὐκ
1624 1379 1813 1449 ῖσχυσε
1861 1380 2125 1449 χρήματα

525 1465 877 1537 ἀπολλύμενα
926 1466 1245 1534 κατασχεῖν,
1287 1464 1349 1516 οὐ
1382 1462 1555 1516 σῶσαι
1588 1463 1717 1526 τοὺς
1756 1462 1952 1525 παῖδας
2002 1463 2127 1526 τοὺς

526 1550 716 1604 αὐτοῦ.
765 1550 878 1603 Kal
930 1548 983 1601 τί
1036 1547 1180 1616 λέγω
1218 1548 1476 1617 χρήματα
1509 1548 1603 1600 καὶ
1637 1547 1872 1610 παῖδας;
1901 1546 2001 1617 τὴν
2028 1546 2124 1599 τοῦ

527 1633 781 1703 σώματος
806 1632 907 1685 οὐκ
941 1630 1129 1701 ἴσχυσε
1156 1629 1621 1701 περιποιήσασθαι
1648 1629 1944 1699 σωτηρίαν.
1982 1627 2124 1680 Ἀλλ’

524 1719 672 1786 ὅμως
712 1708 867 1778 οὗτός
899 1716 1049 1770 ἐστιν
1088 1715 1118 1769 6
1156 1715 1409 1785 νικήσας,
1437 1715 1467 1767 6
1495 1713 1675 1767 πάντα
1712 1714 1782 1767 τὰ
1812 1713 1941 1765 ὄντα
1984 1714 2124 1766 ἀπο-

525 1798 725 1853 ϐαλὼν.
753 1799 1030 1868 Χρήματα
1068 1797 1168 1868 μὲν
1200 1797 1310 1867 γὰρ
1335 1797 1436 1849 οὐκ
1466 1797 1655 1867 ίσχυσε
1681 1799 1998 1866 κατασχεῖν,
2023 1795 2123 1866 τήν

523 1882 581 1934 δὲ
612 1880 896 1934 εὐσέϐειαν
930 1880 1167 1950 κατέσχε
1201 1879 1340 1951 μετά
1374 1879 1661 1951 ἀκριϐείας
1687 1880 1927 1949 ἀπάσης.
1963 1877 2125 1932 ’Δλλά

452 1952 470 1968 I
527 1963 715 2017 παισὶν
746 1964 848 2017 οὐκ
877 1963 1156 2033 ἐπήμυνεν
1186 1963 1603 2033 ἀπολλυμένοις.
1658 1962 1770 2016 Καὶ
1809 1962 1863 2015 τί
1923 1960 2121 2028 τοῦτο;

525 2047 622 2099 καὶ
652 2046 760 2117 γάρ
790 2045 1033 2109 ἐκείνους
1079 2044 1502 2117 λαμπροτέρους
1535 2046 1763 2115 ἐποίησε
1792 2045 1854 2099 τὸ
1884 2044 2121 2116 συμϐάν,

523 2130 619 2183 καὶ
649 2127 826 2199 ἐαυτῷ
856 2127 913 2181 δέ
939 2128 1117 2192 οὕτως
1142 2130 1349 2200 ήμυνεν
1377 2127 1827 2200 ἐπηρεαζομένῳ.
1864 2129 1928 2181 Et
1959 2128 2016 2182 δὲ
2046 2127 2123 2200 μὴ

524 2212 708 2275 κακῶς
738 2211 909 2265 ἔπαθε
946 2212 1043 2265 καὶ
1069 2212 1303 2283 ήδικήθη
1335 2212 1487 2282 παρά
1512 2212 1606 2266 τοῦ
1630 2211 1902 2276 διαϐόλου,
1931 2214 2031 2267 οὐκ
2057 2213 2123 2267 ἂν

523 2296 743 2366 ἐνίκησε
782 2297 883 2366 τήν
911 2295 1173 2367 λαμπρὰν
1205 2296 1363 2367 νίκην
1399 2296 1636 2367 ἐκείνην.
1668 2296 1730 2348 Et
1780 2295 2017 2367 πονηρὸν
2053 2291 2123 2367 ἦν

520 2379 585 2432 :6
614 2379 940 2445 ἀδικεῖσθαι,
992 2380 1092 2432 οὐκ
1137 2378 1206 2433 ἂν
1237 2381 1372 2451 ἡμῖν
1405 2379 1539 2433 αὐτὸ
1586 2378 1852 2443 ἐπέταξεν
1897 2381 1926 2432 6
1965 2379 2120 2443 Θεός·

522 2462 737 2532 πονηρά
770 2462 880 2532 γάρ
910 2464 941 2515 6
967 2462 1103 2525 Θεὸς
1139 2462 1242 2516 οὐκ
1291 2463 1594 2516 ἐπιτάττειο
1645 2461 1679 2532 ἢ
1732 2463 1833 2515 οὐκ
1878 2464 2015 2524 ῖστε,
2040 2463 2123 2517 ὅτι

521 2546 683 2610 αὐτός
728 2549 880 2599 ἐστιν
924 2548 953 2599 6
999 2545 1132 2609 Θεὸς
1162 2547 1260 2615 τῆς
1297 2546 1492 2616 δόξηςς
1522 2546 1616 2599 καὶ
1646 2546 1748 2599 οὐκ
1793 2547 1860 2599 ἀν
1889 2547 2119 2625 αίσχύνῃ

521 2630 616 2682 καί¹
657 2629 853 2697 γέλωτι
899 2629 995 2682 καὶ
1044 2627 1220 2699 ζημίᾳ
1269 2629 1587 2701 περιϐαλεῖν
1637 2631 1785 2700 ἡμᾶς
1831 2629 2119 2699 ἠθέλησεν,

520 2712 657 2765 ἀλλά
709 2711 968 2766 τάναντία
1011 2711 1362 2782 προξενῆσαι.
1397 2713 1496 2765 Διά
1537 2711 1697 2765 τοῦτο
1733 2712 1945 2766 κελεύει
1971 2716 2123 2784 ήμάς

522 2795 849 2860 ἀδικεῖσθαι,
870 2795 965 2847 καὶ
988 2795 1168 2847 πάντα
1192 2795 1443 2865 πράττει,
1463 2793 1604 2848 ὥστε
1635 2797 1942 2866 ἀποστῆσαι
1973 2799 2122 2868 ἡμᾶς

520 2878 630 2931 τῶν
661 2877 949 2948 βιωτικῶν,
984 2878 1079 2931 καὶ
1106 2881 1293 2935 πεῖσαι
1317 2880 1369 2932 τί
1396 2879 1523 2943 δόξα
1558 2878 1653 2932 καὶ
1686 2879 1740 2932 τί
1781 2880 2038 2952 αἰσχύνη,
2068 2883 2121 2935 τί

524 2960 699 3033 ζημία
730 2962 827 3014 καὶ
857 2960 912 3013 τί
943 2959 1156 3030 κέρδος.

598 3104 673 3171 ς’.
692 3105 858 3159 Ἀλλά
873 3104 1046 3159 δεινὸν
1070 3105 1131 3158 :6
1143 3104 1446 3159 ἀδικεῖσθαι
1463 3107 1557 3160 και
1571 3107 1994 3179 ἐπηρεάζεσθαιο
2008 3111 2124 3167 οὐκ

532 3192 648 3245 ἐστι
688 3190 880 3254 δεινὸν,
914 3189 1016 3243 οὐκ
1055 3187 1223 3253 ἐστιν,
1267 3190 1542 3259 ἄνθρωπε.
1579 3191 1759 3261 Μέχρι
1806 3192 1951 3256 τίνος
1986 3194 2124 3265 πρὸς

524 3272 598 3327 τὰ
621 3273 869 3346 παρόντα
897 3273 1198 3342 ἐπτόησαι;
1225 3272 1360 3325 Οὐδὲ
1386 3271 1497 3343 γάρ
1538 3272 1604 3327 ἂν
1632 3273 1895 3339 ἐπέταξεν
1932 3277 2064 3330 αὐτὸ
2097 3278 2124 3330 6

521 3358 678 3421 Θεὸς,
734 3357 784 3408 εί
829 3355 1001 3410 δεινὸν
1027 3351 1117 3427 ἦν.
1146 3355 1350 3408 Σκόπει
1388 3353 1465 3407 δέ·
1516 3356 1575 3423 Ὀ
1606 3355 1885 3425 ἠδικηκὼς
1912 3359 2121 3431 ἀπῆλθε

523 3440 784 3512 χρήματα
812 3438 972 3510 έχων,
1005 3435 1144 3491 ἀλλά
1179 3437 1274 3492 καὶ
1302 3436 1543 3501 συνειδὸς
1579 3440 1835 3510 πονηρόψ
1863 3441 1893 3493 6
1926 3441 1984 3494 δέ
2011 3442 2125 3512 ήδι-

524 3524 782 3595 κημὲνος,
814 3521 1118 3593 χρημάτων
1156 3520 1255 3592 μὲν
1303 3520 1775 3592 ἀπεστερημένος,
1809 3525 2124 3595 παρρησίαν

523 3609 581 3663 δὲ
610 3608 948 3678 κεκτημένος
984 3605 1124 3677 πρὸς
1159 3605 1250 3657 τὸν
1273 3604 1430 3670 Θεὸν,
1454 3606 1645 3677 κτῆμα
1676 3608 1888 3678 μυρίων
1913 3606 2124 3677 θησαν..

528 3692 639 3763 ρῶν
677 3691 1021 3760 τιμιώτερον.
1060 3687 1226 3741 Ταῦτ’
1261 3684 1354 3741 οὖν
1385 3687 1610 3752 εἰδότες,
1641 3688 2021 3760 φιλοσοφῶμεν
2060 3693 2125 3749 ἐκ

526 3775 925 3845 προαιρέσεως,
970 3773 1065 3826 καὶ
1101 3771 1179 3843 μὴ
1210 3771 1512 3842 πάσχωμεν
1548 3773 1615 3824 τά
1638 3771 1743 3825 τῶν
1771 3774 2034 3846 ἀνοήτων,
2072 3777 2124 3829 οἳ

523 3859 648 3911 τότε
684 3857 967 3927 νομίζουσι
999 3857 1074 3928 μὴ
1102 3855 1428 3920 ἀδικεῖσθαι,
1456 3857 1585 3910 ὃταν
1621 3856 1731 3910 ἀπὸ
1768 3857 2123 3932 δικαστηρίου

524 3941 687 3994 τοῦτο
710 3941 944 3994 πάθωσι.
980 3937 1130 4010 [145]
1158 3938 1484 3991 Τούναντίον
1508 3940 1564 3991 δὲ
1600 3939 1746 3993 ἀπαν
1768 3941 1919 3995 ἐστὶν
1956 3945 1993 4019 ή
2025 3963 2122 4014 με-

526 4025 688 4093 γίστη
723 4023 914 4095 ζημία,
947 4025 1041 4076 καὶ
1068 4023 1204 4085 ὅλως
1238 4020 1367 4074 ὅταν
1404 4023 1478 4093 μὴ
1507 4023 1726 4087 ἑκόντες
1756 4023 1933 4078 ταῦτα
1969 4028 2122 4096 φιλο-

529 4107 806 4178 σοφῶμεν,
835 4107 951 4160 ἀλλ’
978 4104 1307 4177 ἡττηθέντες
1338 4105 1568 4159 ἐκεῖθεν.
1595 4106 1761 4162 Οὐδὲν
1797 4110 1906 4182 γάρ
1934 4111 2123 4183 κέρδος

527 4192 636 4243 ἀπὸ
680 4189 1036 4261 δικαστηρίου
1080 4186 1382 4258 ἡττηθέντα
1415 4188 1699 4256 ἐνεγκεῖν·
1728 4193 1823 4244 καὶ
1870 4191 1979 4263 γὰρ
2024 4194 2124 4266 τῆς

528 4275 777 4342 ἀνάγκης
808 4274 869 4325 τὸ
903 4273 1134 4342 πρᾶγμα
1167 4279 1187 4299 ·
1212 4270 1423 4338 γίνεται
1447 4270 1651 4324 λοιπόν.
1687 4273 1786 4336 Τίς
1814 4269 1906 4328 οὖν
1931 4275 1965 4345 ή
1993 4274 2128 4346 λαμ-

532 4357 644 4427 πρᾶι
674 4356 836 4425 νίκη;
871 4355 1038 4409 Ὅταν
1076 4354 1140 4407 σὺ
1171 4355 1611 4425 καταφρονήσῃς,
1637 4355 1766 4408 ὅταν
1797 4356 1873 4428 μή
1900 4357 2121 4431 δικάσῃ.

534 4438 598 4491 Τί
631 4436 1100 4509 φής;“Αφῃρέθην
1139 4435 1355 4489 ἅπαντα
1377 4436 1445 4488 τὰ
1477 4435 1626 4498 ὄντα,
1658 4438 1815 4509 φησὶ,
1844 4441 1939 4493 καὶ
1966 4446 2123 4511 σιγᾷν

531 4521 809 4587 κελεύεις;
840 4519 1212 4591 ἐπηρεάσθην,
1239 4519 1333 4572 καὶ
1359 4519 1545 4591 φέρειν
1578 4522 1769 4591 πράως
1798 4529 2083 4595 παραινεῖς
2107 4543 2121 4589 ;

532 4606 627 4657 καὶ
666 4603 781 4665 πῶς
814 4603 1147 4672 δυνήσομαι;
1186 4601 1388 4672 Ῥᾷστα
1430 4603 1528 4672 μὲν
1556 4600 1671 4667 οὖν,
1702 4605 1767 4657 ἀν
1798 4608 1877 4669 είς
1909 4607 2001 4658 τὸν
2031 4608 2122 4660 οὐ-

536 4686 696 4757 ρανὸν
729 4684 1062 4757 ἀναϐλέψῃς,
1103 4686 1169 4736 ἃν
1208 4683 1323 4756 ίδῃς
1357 4684 1417 4738 τὸ
1447 4686 1640 4750 κάλλος
1674 4687 1851 4752 τοῦτο,
1895 4689 1989 4742 καὶ
2018 4690 2122 4743 ποῦ

535 4785 595 4821 σε
626 4767 993 4837 ἐπηγγείλατο
1018 4766 1273 4832 δέξασθαι
1293 4767 1321 4819 6
1340 4767 1471 4832 Θεὸς
1497 4770 1730 4839 φέροντα
1753 4771 1971 4824 ἀδικίαν
1997 4789 2122 4840 γεν-

534 4852 718 4915 ναίως.
744 4851 915 4904 Τοῦτο
940 4851 1120 4913 τοίνυν
1143 4851 1306 4914 ποίει,
1339 4853 1433 4905 καὶ
1470 4853 1779 4922 ἀναϐλέψας
1807 4857 1888 4918 εἰς
1913 4855 2005 4909 τὸν
2028 4858 2121 4909 οὐ-

538 4938 719 5007 ρανὸν,
741 4936 993 5006 ἐννόησον
1014 4936 1097 4988 ὃτι
1120 4936 1196 5005 τῷ
1214 4937 1329 4988 ἐκεῖ
1352 4937 1647 5008 καθημένῳ
1664 4940 1758 4992 ἐπὶ
1780 4940 1887 4993 τῶν
1913 4941 2121 5013 Χερου-

536 5022 639 5092 ϐὶμ
668 5016 897 5089 γέγονας
927 5020 1131 5090 ὅμοιος.
1166 5019 1273 5071 Καὶ
1319 5019 1427 5090 γάρ
1492 5023 1587 5074 καὶ
1640 5024 1847 5087 ἐκεῖνος
1891 5024 2122 5097 ὑϐρίσθη

538 5107 632 5158 καὶ
676 5104 897 5172 ἧνεγκε,
957 5104 1050 5155 καὶ
1091 5103 1378 5174 ὠνειδίσθη
1423 5104 1516 5156 καὶ
1561 5105 1659 5158 οὐκ
1698 5108 1966 5176 ἠμύνατο,
2032 5112 2127 5162 καὶ

540 5187 779 5256 ἐπτύσθη
810 5187 835 5226 δ
866 5186 962 5239 καὶ
988 5186 1086 5238 οὐκ
1117 5185 1433 5256 ἐπεξῆλθεν⁸
1460 5187 1598 5241 ἀλλά
1620 5190 1844 5255 καὶτοῖς
1861 5193 2125 5256 ἐναντίοις

539 5271 810 5341 ἠμείψατο
842 5271 1184 5337 εὐεργεσίαις
1233 5271 1455 5340 μυρίαις
1494 5273 1623 5335 τοὺς
1658 5274 1726 5327 τὰ
1770 5275 1993 5328 τοιαῦτα
2028 5294 2123 5329 πε-

540 5353 856 5425 ποιηκότας.
900 5354 995 5406 καὶ
1034 5354 1180 5423 ἡμᾶς
1229 5355 1474 5423 μιμητὰς
1521 5355 1685 5408 αὐτοῦ
1718 5358 1971 5425 γενέσθαι
2004 5360 2127 5413 ἐκέ-

540 5436 751 5489 λευσεν.
800 5436 1083 5505 Ἐννόησον
1107 5437 1189 5489 ὃτι
1217 5436 1423 5506 γυμνὸς
1452 5437 1673 5508 ἐξῆλθες
1695 5441 1760 5494 ἐκ
1784 5441 1995 5506 κοιλίας
2019 5460 2125 5514 μη-

540 5520 667 5591 τρός
699 5536 816 5572 σου·
845 5519 1049 5589 γυμνὸς
1083 5523 1176 5574 καὶ
1202 5520 1478 5593 ἀπελεύσῃ
1531 5523 1625 5575 καὶ
1679 5524 1743 5576 σύ
1800 5526 2049 5590 κάκεῖνος
2099 5528 2127 5579 6

574 5806 583 5814 .
612 5747 637 5774 "
659 5724 825 5817 Deerat.
850 5748 906 5817 το
925 5751 1136 5817 πρᾶγμα.
1207 5738 1236 5779 ι’
1259 5746 1450 5817 Μητρὶ,
1478 5751 1558 5817 καὶ
1601 5750 1827 5817 ἐπτύσθη,
1851 5767 1998 5816 quam
2023 5757 2122 5811 lec-

551 5808 901 5872 tiopem‘habel
924 5808 1078 5872 sgnum.
1106 5810 1435 5872 inumaljgine.
1487 5811 1617 5858 Idem
1642 5808 2032 5867 Savilfin'lexlu
2050 5808 2129 5872 ’ἐι

551 5865 702 5912 codex
735 5866 876 5930 89.3.,
899 5870 979 5915 καὶ
1004 5868 1252 5924 έτυπτήθη.
1284 5865 1496 5931 UlraQue
1527 5872 1675 5923 lectio
1699 5877 1925 5937 quadrat.

1212 353 1270 407 S.
1320 346 1604 407 JOANNIS
1640 341 2126 400 CIIRYSOSTOMI
2167 339 2482 400 ARCHIEP.
2522 343 3071 402 CONSTANTINOP.
3708 348 3797 402 158

2226 457 2521 529 ἠδικηκώς·
2559 460 2758 531 μᾶλλον
2786 459 2842 513 δὲ
2883 461 3089 522 ἐκεῖνος
3116 456 3217 528 μὲν
3245 456 3388 530 μετά
3419 456 3630 527 μυρίων
3651 473 3801 530 τραυ.

2237 544 2423 610 μάτων
2449 544 2705 615 σκώληκα
2733 546 3045 599 τικτόντων.
3085 542 3368 613 Ἐννόησον
3391 540 3476 599 δτι
3505 540 3800 613 πρόσκαιρα

2226 625 2295 679 τά
2337 629 2601 698 παρόντα,
2658 627 2874 696 λόγισαι
2922 627 3049 691 τοὺς
3095 626 3298 695 τάφους
3347 625 3458 679 τῶν
3510 627 3799 697 προγόνων,

2226 710 2514 781 κατάμαθε
2546 712 2614 767 τά
2648 712 2993 783 γεγενημένα
3028 711 3236 780 σαφῶς,
3266 711 3365 762 καὶ
3393 709 3517 778 ὕψει
3548 710 3629 762 ὅτι
3659 712 3801 781 ίσχυ-

2228 794 2451 864 ρότερόν
2478 811 2538 847 σε
2571 796 2829 865 ἐποίησεν
2859 798 2888 849 ό
2913 794 3198 867 ἀδικήσας.
3229 794 3305 847 Τὸ
3356 792 3459 864 μὲν
3503 794 3613 863 γάρ
3647 793 3798 847 αὐτοῦ

2233 878 2399 942 πάθος
2426 879 2807 950 χαλεπώτερον
2832 878 3079 950 ἐποίησε,
3108 878 3209 949 τήν
3241 877 3614 948 φιλαργυρίαν
3642 876 3794 946 λέγω·

2223 959 2286 1014 τὸ
2324 960 2383 1015 δὲ
2424 962 2516 1015 σὸν
2544 962 2955 1033 ἀσθενέστερον,
2990 961 3171 1016 λαϐὼν
3200 961 3299 1033 τὴν
3336 960 3549 1031 τροφὴν
3592 961 3681 1013 τοῦ
3714 962 3799 1032 θη-

2227 1047 2366 1117 ρίου.
2403 1047 2514 1102 Καὶ
2553 1048 2632 1102 ἔτι
2679 1049 2816 1119 πρὸς
2841 1047 3052 1111 τούτοις
3084 1044 3363 1117 ἀπήλλαξέ
3402 1061 3462 1098 σε
3496 1043 3796 1114 φροντίδων,

2225 1132 2486 1198 ἀγωνίας,
2520 1130 2819 1202 βασκανίας
2844 1131 3220 1201 συκοφαντῶν,
3255 1128 3516 1201 θορύϐου,
3547 1132 3795 1200 ταραχῆς,

2226 1215 2393 1283 φόϐου
2420 1215 2724 1289 διηνεκοῦςο
2753 1216 2846 1270 καὶ
2874 1217 2966 1269 τὸν
2989 1213 3220 1285 φορυτὸν
3242 1213 3351 1266 τῶν
3383 1211 3572 1265 κακῶν
3603 1212 3796 1264 ἐπεσώ-

2231 1314 2419 1369 ρευσεν
2460 1300 2553 1352 ἐπὶ
2596 1299 2693 1369 τήν
2738 1298 2933 1352 ἑαυτοῦ
2978 1297 3242 1369 κεφαλήν.
3285 1296 3353 1350 Τί
3386 1293 3501 1360 οὐν,
3547 1295 3639 1347 ἐὰν
3668 1295 3797 1367 λιμῷ

2229 1382 2496 1444 παλαίσω,
2530 1384 2662 1453 φησί
2689 1401 2703 1448 ;
2732 1384 2887 1438 Μετά
2911 1383 3124 1437 Παύλου
3158 1381 3313 1434 τοῦτο
3345 1381 3579 1449 πάσχεις
3607 1381 3695 1433 :05
3718 1381 3796 1433 λέ-

2225 1485 2434 1537 γοντος·
2469 1470 2641 1537 Ἀχρι
2676 1469 2786 1535 τῆς
2809 1467 2937 1537 ἄρτι
2968 1466 3123 1534 ὥρας
3157 1464 3253 1517 καὶ
3284 1462 3585 1532 πεινῶμεν
3604 1464 3696 1516 καί
3719 1462 3794 1515 δι-

2225 1550 2435 1621 ψῶμεν
2484 1552 2581 1607 καί
2630 1554 3096 1622 μγινητεύομεν.
3150 1548 3288 1601 Ἀλλ’
3333 1548 3541 1609 ἐκεῖνος
3594 1546 3676 1599 διά
3714 1547 3794 1598 τὸν

2224 1634 2383 1699 Θεὸν,
2420 1635 2577 1705 φησί.
2609 1636 2720 1688 Καὶ
2764 1638 2828 1695 σὺ
2866 1635 2953 1689 διὰ
2989 1635 3082 1687 τὸν
3117 1632 3270 1685 Θεόψ
3301 1631 3435 1684 ὅταν
3470 1629 3580 1700 γὰρ
3611 1629 3681 1700 μὴ
3711 1631 3795 1682 ἐπ-

2224 1717 2467 1789 εξέλθῃς,
2500 1717 2587 1771 διὰ
2613 1718 2703 1771 τὸν
2732 1718 2863 1771 Θεὸν
2886 1717 3045 1771 τοῦτο
3073 1718 3266 1777 ποιεῖς.
3306 1713 3456 1769 Ἀλλ’
3479 1716 3509 1767 6
3536 1710 3795 1784 ἠδικηκὼς

2228 1800 2367 1871 μετά
2411 1801 2520 1854 τῶν
2563 1801 2940 1854 πλουτούντων
2974 1801 3173 1871 τρυφᾷ.
3205 1799 3429 1855 Μᾶλλον
3456 1797 3513 1849 δὲ
3550 1795 3681 1866 μετά
3708 1794 3790 1849 :05

2222 1883 2490 1937 διαϐόλου·
2522 1884 2657 1937 ἀλλά
2687 1885 2750 1937 σὺ
2777 1885 2914 1955 μετά
2939 1883 3150 1936 Παύλου
3186 1879 3573 1949 στεφανοῦσαι.
3600 1879 3685 1950 Μὴ
3705 1878 3793 1932 τοί-

2224 1985 2320 2020 νυν
2350 1967 2516 2022 δέδιθι
2541 1966 2718 2039 λιμόν·
2751 1970 2833 2021 Ub
2867 1967 2976 2036 γὰρ
3005 1963 3435 2035 λιμοκτονήσει
3460 1966 3667 2031 Κύριος
3688 1966 3792 2031 ψυ-

2224 2049 2338 2120 χὰς
2365 2050 2629 2105 δικαίων.
2658 2051 2765 2105 Καὶ
2798 2052 2982 2121 ἕτερός
3028 2067 3160 2120 φησι
3204 2049 3369 2104 πάλιν
3399 2066 3414 2080 ·
3461 2049 3791 2118 Ἐπίρῤιψον

2223 2135 2320 2187 ἐπὶ
2354 2135 2575 2202 Κύριον
2603 2134 2718 2201 τὴν
2746 2126 3041 2204 μέριμνᾶν
3063 2149 3200 2193 σου,
3236 2132 3338 2185 καὶ
3378 2132 3558 2195 αὑτός
3589 2147 3660 2183 σε
3681 2129 3787 2182 6m-

2224 2217 2449 2286 θρέψει.
2504 2218 2566 2270 El
2605 2219 2715 2288 7&9
2756 2217 2826 2270 τὰ
2871 2217 3126 2287 στρουθία
3167 2215 3260 2269 τοῦ
3306 2213 3479 2287 ἀγροῦ
3508 2213 3785 2283 διατρέφει,

2225 2301 2341 2363 πῶς
2370 2300 2427 2354 σέ
2465 2301 2525 2353 οὐ
2560 2298 2874 2371 διαθρέψει;
2916 2303 3006 2368 Μή
3041 2300 3325 2370 γινώμεθα
3352 2297 3532 2351 τοίνυν
3571 2297 3787 2364 ὀλιγόπι-

2224 2401 2338 2437 στοι
2390 2382 2526 2455 μηδὲ
2573 2383 2905 2453 ὀλιγόψυχοι,
2950 2382 3248 2452 ἀγαπητοί.
3292 2383 3351 2435 ’0
3389 2381 3500 2452 γὰρ
3535 2378 3787 2451 βασιλείαν

2221 2468 2470 2540 οὐρανῶν
2521 2468 2990 2538 ἐπαγγειλάμενος
3045 2467 3142 2519 καὶ
3202 2464 3445 2519 τοσαῦτα
3498 2462 3690 2532 ἀγαθά,
3725 2462 3785 2513 τά

2224 2551 2465 2623 παρόντα
2499 2551 2617 2613 πῶς
2654 2552 2715 2604 οὐ
2754 2549 2952 2617 δὼσει;
2986 2551 3077 2621 Μή
3115 2548 3390 2619 περιττῶν
3434 2544 3783 2616 ἐπιθυμῶμεν,

2223 2634 2337 2688 ἀλλ’
2362 2635 2696 2705 αὐταρκείας
2716 2632 2991 2703 ἐχώμεθα,
3016 2633 3111 2685 καὶ
3141 2632 3229 2684 ἀεὶ
3268 2631 3661 2700 πλουτήσομεψ
3685 2643 3786 2680 σκε-

2224 2719 2491 2788 πάσματα
2514 2717 2769 2788 ζητῶμεν
2796 2718 2891 2771 καὶ
2919 2717 3148 2787 τροφὰς,
3173 2716 3268 2768 καὶ
3299 2717 3520 2769 πάντων
3544 2711 3785 2781 ἐπιληψό-

2226 2801 2369 2872 μεθα
2424 2804 2518 2856 καὶ⁸
2558 2802 2765 2856 τούτων
2813 2801 2908 2854 καὶ
2954 2800 3064 2853 τῶν
3099 2799 3278 2872 πολλῷ
3327 2798 3603 2868 μειζόνων.
3644 2796 3700 2851 Εἰ
3736 2794 3784 2846 δὲ

2222 2870 2408 2955 ἀλγεῖς
2468 2885 2551 2939 ἔτι
2607 2887 2700 2939 καὶ
2746 2886 2896 2939 κάτω
2938 2884 3187 2947 κύπτεις,
3223 2870 3556 2953 ’ἠϐουλόμην
3600 2876 3783 2933 σοιτοῦ

2220 2968 2542 3040 ἠδικηκότος
2579 2970 2717 3040 μετὰ
2737 2970 2836 3038 τὴν
2868 2968 3025 3037 νίκην
3043 2967 3213 3033 δεῖξαι
3238 2966 3339 3036 τὴν
3364 2965 3561 3036 ψυχὴν,
3586 2963 3693 3025 πῶς
3714 2961 3787 3013 τέ-

2223 3070 2337 3123 φρα
2371 3053 2600 3121 γίνεται.
2637 3052 2746 3107 Καὶ
2784 3054 2894 3123 γὰρ
2922 3054 2955 3122 ἠ
2990 3051 3239 3123 ἁμαρτία
3280 3048 3542 3103 τοιοῦτον·
3576 3048 3671 3110 ἕως
3698 3045 3784 3117 μὲν

2222 3134 2289 3190 ἂν
2320 3135 2588 3207 ἐργασθῇ,
2617 3136 2849 3207 παρέχει
2882 3136 3003 3189 τινὰ
3041 3135 3258 3204 ἡδονήν·
3287 3132 3443 3207 [144]
3481 3133 3606 3185 ὃταν
3635 3129 3685 3182 δέ
3711 3144 3785 3179 τε·

2223 3218 2409 3292 λεσθῇ,
2447 3221 2567 3274 τότε
2595 3223 2629 3291 ή
2659 3220 2831 3292 μικρὰ
2856 3219 3017 3292 ἡδονή
3041 3220 3418 3284 ὑπεξίσταται,
3437 3214 3784 3285 ἐπεισέρχεται

2221 3304 2278 3356 δὲ
2306 3304 2534 3375 ἀθυμία.
2568 3306 2752 3358 Ταῦτα
2784 3305 2881 3358 καὶ
2904 3306 3033 3359 ὅταν
3062 3304 3381 3376 ὐϐρίζωμέν
3418 3318 3566 3364 τινας
3600 3299 3785 3366 πάτχοί-

2227 3403 2346 3457 μεν’
2394 3388 2619 3460 ὕστερον
2646 3388 2779 3458 γοῦν
2808 3389 3017 3442 ἐαυτῶν
3051 3388 3490 3460 κατηγοροῦμεν.
3533 3384 3680 3439 Οὕτω
3706 3380 3786 3433 καὶ

2224 3474 2355 3526 ὅταν
2404 3474 2914 3543 πλεονεκτήσωμεν,
2978 3474 3264 3543 χαίρομενο
3335 3472 3473 3543 μετά
3529 3469 3587 3522 δέ
3631 3465 3784 3520 ταῦτα

2224 3554 2562 3627 κεντούμεθα
2599 3555 2706 3608 ὑπὸ
2726 3554 2819 3608 τοῦ
2843 3555 3164 3618 συνειδότος.

2310 3702 2475 3773 Ὀρᾷς
2507 3701 2658 3771 παρὰ
2686 3701 2765 3773 τῷ
2792 3702 2923 3759 δεῖνι
2954 3700 3053 3773 τὴν
3075 3700 3254 3755 οίκίαν
3283 3702 3380 3756 τοῦ
3412 3700 3668 3762 πένητοςς
3701 3694 3785 3748 Δά-

2223 3802 2444 3856 κρυσον,
2487 3785 2564 3855 μὴ
2593 3785 2683 3837 τὸν
2720 3785 3189 3854 ἀπεστερημένον,
3230 3785 3371 3839 άλλά
3403 3785 3495 3838 τὸν
3525 3779 3778 3849 εἰληφότα·

2222 3871 2284 3924 οὐ
2312 3869 2421 3941 7&9
2469 3869 2691 3933 ἔδωκεν,
2721 3868 2837 3922 ἀλλ’
2866 3869 3024 3922 ἔλαϐε
3056 3870 3241 3925 κακόν.
3289 3871 3528 3924 Ἐκεῖνον
3572 3866 3664 3937 μὲν
3687 3862 3781 3930 γὰρ

2222 3953 2332 4006 τῶν
2373 3954 2660 4024 παρόντων
2707 3954 3101 4024 ἀπεστέρησεν,
3143 3954 3340 4008 ἐαυτὸν
3363 3953 3421 4006 δὲ
3455 3951 3559 4005 τῶν
3583 3948 3779 4017 ἀφάτων

2223 4037 2443 4106 ἀγαθῶν
2486 4037 2760 4104 ἐξέϐαλεν.
2792 4038 2851 4095 Et
2896 4038 3004 4108 γὰρ
3037 4038 3065 4091 6
3102 4038 3174 4108 μὴ
3201 4039 3328 4101 δοὺς
3375 4040 3484 4099 τοῖς
3513 4032 3779 4102 δεομένοιςν

2222 4126 2301 4185 εἰς
2328 4122 2551 4191 γέενναν
2597 4122 2834 4183 ἄπεισιν,
2871 4123 2899 4174 6
2933 4121 3225 4190 λαμϐάνων
3263 4123 3335 4177 τά
3366 4120 3473 4175 τῶν
3512 4114 3776 4186 δεομένων.

2221 4205 2274 4257 τί
2303 4205 2586 4267 πείσεται;
2613 4205 2721 4257 Καὶ
2745 4204 2796 4256 τί
2827 4204 2883 4257 :6
2906 4204 3114 4272 κέρδος,
3147 4206 3334 4274 φησὶν,
3366 4205 3493 4257 ὅταν
3515 4198 3621 4268 ἐγὼ
3642 4193 3778 4249 πάθω

2223 4286 2441 4351 κακῶς;
2471 4287 2632 4354 Μέγα
2668 4287 2766 4357 μὲν
2793 4284 2887 4339 οὖν
2915 4287 2976 4339 :6
3000 4286 3213 4358 κέρδος.
3242 4289 3319 4339 Οὐ
3350 4286 3459 4357 γάρ
3477 4286 3541 4354 τῇ
3563 4276 3777 4358 τιμωρίᾳ

2223 4370 2314 4424 :05
2359 4371 2545 4435 κακῶς
2579 4371 2937 4441 πεποιηκότος
2979 4370 3160 4440 ἵστησί
3207 4388 3290 4424 σοι
3337 4370 3436 4440 τὴν
3471 4363 3719 4421 ἀντίδοσιν
3751 4357 3777 4407 ὁ

2222 4455 2373 4519 Θεόςο
2406 4455 2529 4507 ἐπεὶ
2561 4454 2715 4507 οὐδὲν
2743 4453 2809 4507 ἂν
2834 4448 2901 4523 ἧν
2931 4453 3093 4522 μέγα.
3133 4453 3197 4504 Τί
3230 4454 3338 4525 γάρ
3372 4450 3579 4520 ὄφελος,
3609 4446 3723 4498 ὅταν
3752 4450 3776 4478 ⁸

2223 4538 2334 4606 ἐγὼ
2363 4538 2521 4592 πάθω
2544 4539 2751 4603 κακῶς,
2787 4540 3038 4602 κάκεῖνος
3073 4538 3258 4609 πάσχῃ
3286 4536 3509 4599 κακῶς;
3537 4529 3698 4587 καίτοι
3721 4538 3776 4609 γε

2225 4604 2452 4685 πολλοὺς
2489 4618 2607 4676 οἶδα
2640 4622 2905 4693 μεγίστην
2942 4604 3296 4692 παραμυθίαν
3331 4619 3531 4688 ταύτην
3564 4604 3776 4693 ἡγουμέ-

2222 4724 2368 4770 νους,
2408 4706 2502 4759 καὶ
2530 4706 2590 4759 τὸ
2615 4690 2721 4759 πᾶν
2753 4690 3112 4775 ἀπειληφέναι
3140 4701 3477 4775 νομίζοντας,
3515 4699 3637 4751 ὅταν
3670 4690 3776 4775 τούς

2224 4791 2637 4861 ἐπηρεάσαντας
2665 4790 2814 4841 ἴδωσι
2837 4770 3254 4856 κολαζομένους.
3286 4785 3426 4840 Ἀλλ’
3449 4784 3591 4852 ὅμως
3616 4779 3643 4829 ὁ
3660 4770 3773 4831 θεδὶ

2222 4874 2322 4926 οὐκ
2348 4874 2405 4925 ἐν
2428 4872 2634 4935 τούτοις
2666 4872 2846 4941 ἵστησι
2873 4871 2969 4940 τὴν
2991 4870 3245 4942 ἀμοιϐήν.
3288 4867 3451 4922 Ἀλλά
3478 4862 3644 4935 βούλει
3679 4868 3770 4923 μα·

2224 4957 2337 5010 θεῖν
2385 4958 2484 5010 ὅσα
2526 4958 2595 5009 τὰ
2642 4955 2823 5024 ἀγαθά
2858 4971 2917 5007 σε
2954 4941 3284 5019 διαδέξεταις
3314 4952 3417 5006 Τὸν
3453 4941 3664 5016 οὐρανόν
3701 4950 3771 5024 °_°‘

2227 5041 2401 5094 πάντα
2430 5040 2657 5109 ἀνοίγει,
2690 5039 2798 5092 τῶν
2834 5038 3005 5107 ἁγίων
3037 5040 3181 5090 ποιεῖ
3206 5032 3556 5106 συμπολίτην,
3598 5025 3671 5109 εἰς
3694 5016 3771 5070 τδν

2224 5123 2405 5176 αὐτῶν
2437 5124 2597 5194 χορὸν
2628 5124 2801 5176 τελεῖν
2833 5138 2892 5175 σε
2926 5120 3359 5191 παρασκευάζει,
3389 5105 3770 5194 ἁμαρτημάτων

2224 5191 2471 5271 ἀπολύει,
2503 5191 2820 5279 δικαιοσύνῃ
2847 5209 3119 5276 στεφανοῖ.
3161 5207 3222 5257 Εἰ
3247 5205 3355 5274 γὰρ
3385 5203 3434 5253 οἱ
3467 5198 3583 5279 τοῖς
3615 5191 3762 5279 ἡμβίν

2224 5293 2448 5360 τηκόσιν
2475 5292 2726 5359 ἀφιέντες
2750 5270 3110 5360 τύγχάνουσιν
3133 5270 3420 5358 ἀφέσεως.
3454 5283 3502 5335 οἱ
3529 5270 3770 5360 μθμόνίῗν

2225 5357 2498 5443 ἀφιέντες,
2528 5357 2676 5428 ἀλλὰ
2726 5357 3376 5442 καὶέπιδαψιλευόμενοι,
3411 5366 3547 5422 τίνος
3577 5357 3634 5410 οὐ

2227 5428 2407 5524 ξένται
2440 5428 2689 5526 εὐλογίας
2715 5458 2764 5523 b;
2797 5455 2889 5527 Μὴ
2915 5428 3093 5509 τοίνυν
3115 5428 3619 5522 ἀγέννῶςνένέγκῃς,

2227 5542 2322 5594 καὶ
2373 5537 2528 5605 εὖξαι
2566 5525 2709 5610 ύπέρ
2755 5538 2849 5592 τοῦ
2878 5525 3235 5610 γήδικηκότοςο
3280 5536 3417 5603 ὑπὲρ
3464 5527 3567 5596 γὰρ
3592 5525 3766 5573 σαυτθυ

2289 5758 2315 5786 ⁸
2354 5756 2631 5838 urgebatur,
2655 5756 2713 5816 εἰ,
2735 5754 2960 5838 καίεται
2994 5754 3022 5793 b
3038 5751 3193 5825 Sayil.
3250 5756 3303 5800 et
3341 5743 3528 5838 mmet,

2289 5834 2332 5838 ._
2440 5819 2673 5838 ,_Ax_--r_,_
2743 5826 2785 5838 ,..
2835 5820 2905 5838 -ι-
2971 5822 3069 5838 -..ιι
3099 5821 3342 5838 ...ιη-..-Μ
3462 5809 3603 5838 ranue
3651 5802 3703 5835 QC

2227 5802 2713 5930 nesdiéioﬁﬁg
2739 5802 2922 5867 ὲίίέὶᾶ
2949 5816 3076 5878 legit
3098 5814 3359 5875 interpres.
3400 5807 3603 5864 Utraque
3634 5802 3703 5838 Icc

2229 5898 2323 5931 (ma
2363 5894 2411 5928 ra
2439 5916 2453 5930 ,

2247 5916 2374 5946 ,ηαυ-
2388 5916 2411 5928 u
2421 5916 2453 5930 δ’
