3992 6428
266 422 350 478 t‘a‘l
1056 400 1063 407 ’
1302 416 1367 473 IN
1405 414 1626 473 EPIST.
1667 416 1687 471 ι
1751 416 1843 470 AD
1881 415 2038 470 con.
2082 416 2311 473 llOlllL.
2354 419 2491 474 xu.

275 555 445 614 passus
480 547 565 594 est
595 555 610 591 :
642 538 799 594 illum
828 537 975 593 enim
1005 535 1181 607 coegit
1219 534 1562 589 adversarius
1592 542 1648 589 et
1673 532 1859 588 dolere

270 643 319 690 et
350 629 553 703 judicio
577 629 933 685 contendere.
973 627 1110 697 Quid
1136 627 1278 681 enim
1322 625 1464 697 quod
1492 624 1705 680 vicisti?
1735 625 1860 692 quid

272 725 407 797 quod
432 723 719 780 universas
741 722 998 794 accepisti
1027 722 1280 792 pecunias
1300 720 1324 773 ?
1344 719 1497 786 Quod
1523 719 1743 774 nolebas
1774 717 1858 772 in-

275 818 421 872 terim
470 832 665 887 passus
693 830 756 871 es
778 856 795 882 ,
824 826 881 870 ut
904 823 1123 869 coactus
1150 813 1203 866 in
1237 812 1441 883 judicio
1482 814 1857 865 contenderes.

269 907 321 964 Si
367 923 502 962 vero
537 907 874 977 iniquitatem
917 905 1078 971 feras,
1113 904 1287 959 vincis
1323 904 1559 973 privatus
1595 902 1856 973 pecuniis,

270 1002 358 1057 sed
387 1016 500 1056 non
529 999 754 1055 victoria
784 1015 906 1069 quin
931 1007 1014 1053 est
1050 998 1121 1053 ob
1161 1006 1362 1052 tantam
1415 996 1808 1066 phil050phiam
1843 1014 1856 1051 :

267 1107 365 1147 non
394 1091 573 1162 potuit
609 1092 751 1146 enim
786 1090 876 1145 ille
906 1099 958 1145 te
982 1104 1176 1159 cogere
1203 1088 1268 1142 ad
1292 1089 1343 1144 id
1366 1087 1690 1152 faciendum,
1713 1086 1855 1158 quod

266 1182 505 1238 nolebas.
533 1184 691 1250 Quod
720 1192 901 1237 autem
929 1180 1032 1236 hoc
1058 1182 1130 1237 sit
1156 1197 1382 1246 verum,
1412 1180 1499 1236 dic
1525 1181 1655 1235 mihi
1682 1196 1697 1238 :
1727 1181 1857 1246 Quis

262 1273 384 1327 vicit
408 1313 425 1340 ,
471 1272 799 1338 invidusne,
841 1287 909 1327 an
938 1274 985 1327 is
1035 1271 1127 1341 qui
1163 1271 1378 1342 jacebat
1403 1272 1454 1325 in
1483 1271 1856 1341 sterquilinio?

260 1365 381 1432 quis
406 1376 699 1435 superatus
726 1374 809 1421 est
834 1407 848 1429 ,
877 1382 944 1420 an
971 1365 1096 1427 Job,
1125 1366 1212 1420 cui
1238 1366 1417 1420 omnia
1459 1366 1679 1436 abrepta
1706 1375 1852 1430 sunt,

257 1473 323 1510 an
362 1459 456 1526 qui
486 1459 666 1513 omnia
692 1459 807 1529 ipse
827 1459 1046 1515 abstulit
1063 1460 1306 1515 diabolus
1326 1461 1349 1514 ?
1369 1460 1725 1531 Conspicuam
1749 1472 1852 1527 est,

253 1551 397 1618 quod
427 1551 475 1605 is
502 1551 594 1621 qui
622 1554 802 1607 omnia
827 1554 930 1623 ipsi
955 1553 1175 1609 abstulit
1199 1554 1465 1611 diabolus.
1494 1557 1662 1623 Quem
1693 1555 1856 1610 mira—

254 1656 377 1694 mur
400 1643 476 1697 ob
504 1641 782 1697 victoriam
805 1686 821 1709 ,
864 1645 1210 1701 diabolunme
1235 1648 1324 1713 qui
1354 1648 1635 1715 percussit,
1665 1663 1734 1702 an
1760 1647 1853 1703 Jo-

254 1731 378 1785 bum
409 1735 774 1801 percussum?
802 1734 982 1789 Palam
1008 1745 1113 1803 est,
1141 1737 1282 1808 quod
1310 1736 1526 1793 Jobum.
1556 1740 1714 1810 Atqui
1742 1755 1849 1795 non

254 1824 425 1890 potuit
466 1834 762 1892 pereuntes
791 1827 1045 1894 pecunias
1091 1828 1331 1882 retinere
1357 1868 1372 1892 ,
1405 1844 1510 1881 non
1537 1828 1679 1883 lilios
1717 1844 1846 1885 suos

249 1928 495 1969 servare.
527 1914 732 1985 Ecquid
759 1917 883 1971 dico
909 1918 1162 1986 pecunias
1187 1929 1244 1974 et
1288 1920 1427 1974 lilios
1447 1921 1471 1973 ?
1495 1922 1742 1991 corporis
1769 1922 1850 1977 sui

248 2005 483 2059 salutem
529 2020 750 2062 servare
778 2023 887 2063 non
931 2010 1123 2078 potuit.
1154 2013 1406 2066 Attamen
1435 2011 1523 2067 hic
1547 2022 1629 2068 est
1656 2014 1745 2084 qui
1774 2014 1852 2067 vi-

244 2099 319 2153 cit
355 2100 451 2169 qui
492 2100 676 2155 omnia
704 2116 799 2156 sua
821 2103 1041 2173 amisit.
1072 2104 1334 2159 Pecunias
1359 2106 1573 2175 quidem
1616 2106 1851 2163 retinere

244 2205 351 2245 non
382 2193 603 2261 potuit,
636 2194 886 2262 pietatem
914 2211 1043 2251 vero
1068 2212 1191 2251 cum
1219 2199 1366 2252 omni
1395 2200 1739 2254 accuratioue
1767 2216 1851 2255 re-

246 2283 431 2337 tinnit.
463 2283 574 2338 Sed
604 2287 951 2355 pereuntibus
980 2289 1101 2343 liliis
1128 2306 1235 2345 non
1262 2306 1420 2361 opem
1452 2292 1591 2346 tulit.
1622 2293 1687 2347 Et
1713 2294 1841 2363 quid

242 2373 345 2429 hoc
364 2375 392 2428 ἰ)
417 2390 550 2430 nam
573 2375 697 2432 illos
718 2377 832 2446 ipse
856 2393 1014 2435 casus
1034 2380 1427 2450 splendidiores
1447 2383 1681 2438 reddidit
1706 2401 1720 2449 ;
1745 2386 1846 2440 sibi

240 2482 463 2537 quoque
495 2469 658 2523 malis
684 2469 879 2526 affecto
916 2472 1166 2530 similiter
1191 2487 1349 2545 opem
1396 2476 1533 2530 tulit.
1577 2476 1691 2533 Nisi
1719 2495 1848 2534 vero

240 2560 387 2613 male
412 2575 619 2630 passus
643 2570 701 2616 et
722 2562 917 2633 injuria
943 2562 1168 2621 alfectus
1196 2582 1224 2620 a
1252 2565 1470 2622 diabolo
1497 2568 1705 2634 fuisset,
1739 2586 1848 2625 non

240 2649 587 2718 splendidam
622 2652 764 2707 illam
795 2654 1067 2711 retulisset
1095 2656 1392 2713 victoriam.
1422 2659 1480 2716 Si
1506 2661 1703 2717 malum
1730 2672 1849 2720 erat

244 2740 438 2810 injuria
461 2742 636 2808 affici,
667 2760 772 2799 non
800 2745 853 2801 id
882 2746 1035 2802 nobis
1050 2747 1299 2818 jussisset
1325 2750 1467 2806 Dens
1497 2767 1513 2805 :
1543 2753 1680 2807 mala
1699 2753 1845 2809 enim

250 2834 387 2889 Deus
432 2852 550 2890 non
574 2836 730 2906 jubet
758 2856 772 2893 :
803 2856 869 2892 an
901 2842 1122 2895 nescitis
1163 2842 1308 2913 quod
1336 2843 1452 2914 ipse
1477 2845 1548 2899 sit
1575 2846 1715 2901 Deus
1741 2848 1849 2918 glo-

245 2927 378 2981 ria?
404 2943 516 2983 nec
564 2944 667 2985 nos
706 2931 965 2987 voluisset
1005 2934 1338 3004 turpitudine
1360 2976 1377 3003 ,
1408 2937 1520 2993 risu
1547 2949 1602 2994 et
1645 2939 1847 2996 damno

240 3020 567 3087 involvere,
617 3023 711 3078 sed
752 3025 1022 3080 contraria
1064 3028 1375 3083 conciliare.
1426 3030 1553 3086 Ideo
1571 3033 1724 3101 jubet
1746 3048 1847 3089 nos

238 3113 497 3183 injuriam
527 3116 659 3185 pati,
691 3116 930 3187 nihilque
955 3134 1061 3173 non
1090 3119 1197 3189 agit
1228 3130 1286 3175 ut
1315 3137 1412 3177 nos
1438 3138 1468 3178 a
1495 3127 1846 3183 stecularibus

242 3207 547 3274 abstrahat,
575 3217 634 3263 et
676 3210 995 3278 persuadeat
1036 3211 1165 3279 quid
1199 3214 1269 3267 sit
1291 3214 1483 3284 gloria,
1513 3218 1640 3288 quid
1681 3221 1845 3291 turpi-

246 3301 397 3364 tudo,
429 3300 561 3371 quid
587 3301 865 3369 damnum,
895 3301 1019 3371 quid
1049 3303 1276 3359 lucrum.

316 3395 374 3448 6.
402 3394 515 3449 Sed
543 3393 740 3449 durum
769 3404 856 3450 est
880 3395 1075 3465 injuria
1102 3408 1157 3452 et
1186 3397 1384 3453 damno
1409 3399 1551 3456 afliei
1572 3402 1598 3456 ?
1622 3402 1740 3459 Non
1762 3415 1846 3461 est

251 3484 463 3553 durum,
521 3501 631 3541 non
676 3497 778 3552 est,
826 3503 860 3540 ο
906 3488 1101 3544 homo!
1152 3489 1440 3561 Usquequo
1494 3497 1846 3563 praesentibus

252 3573 678 3648 inhiasLNequ‘e
707 3579 849 3633 enim
874 3579 975 3635 hoc
1002 3583 1357 3653 praecepisset
1379 3585 1537 3653 Deus,
1568 3587 1612 3642 si
1640 3591 1841 3646 malum

253 3683 409 3725 esset.
456 3669 756 3726 Considera
814 3681 989 3727 autem
1033 3692 1047 3729 :
1088 3676 1180 3742 qui
1227 3675 1472 3746 injuriam
1512 3681 1656 3744 fecit,
1713 3683 1844 3739 abiit

257 3764 503 3833 pecunias
540 3763 765 3830 habens,
809 3764 907 3819 sed
938 3766 1134 3820 malum
1163 3783 1376 3839 quoque
1401 3773 1787 3828 conscientiam
1823 3795 1837 3831 :

252 3856 335 3924 qui
362 3865 545 3911 autem
579 3856 768 3924 injuria
800 3857 958 3912 lwsus
985 3867 1069 3913 est
1093 3901 1108 3925 ,
1145 3863 1387 3929 pecuniis
1411 3864 1628 3933 quidem
1664 3882 1842 3935 priva-

257 3953 335 4000 tas
361 3944 458 4000 fuit
485 3987 504 4011 ,
535 3945 630 4001 sed
659 3946 906 4002 ﬁduciam
946 3949 1091 4018 apud
1117 3950 1282 4006 υυυιιι
1314 3952 1479 4008 habet
1503 3994 1518 4021 ,
1544 3959 1843 4024 possessio-

257 4055 369 4093 nem
399 4041 551 4093 mille
582 4039 847 4096 thesauris
875 4043 1266 4111 pretiosiorem.
1290 4045 1418 4101 Haec
1439 4056 1560 4101 cum
1582 4048 1837 4117 sciamus,

255 4144 314 4184 es
342 4129 623 4200 proposito
655 4131 945 4187 voluntatis
988 4133 1429 4205 philosophentur
1450 4177 1467 4202 ,
1514 4152 1612 4193 nec
1650 4140 1837 4194 eadem

256 4236 367 4289 qua:
393 4221 548 4275 stulti
578 4224 866 4291 patiamur,
895 4225 985 4294 qui
1033 4234 1160 4280 tunc
1203 4241 1264 4281 se
1305 4243 1411 4281 non
1449 4227 1643 4298 injuria
1682 4232 1839 4288 lat-ses

258 4323 437 4379 putant
462 4355 477 4376 ,
509 4329 631 4367 cum
663 4314 764 4369 hoc
791 4316 897 4369 illis
921 4332 952 4369 a
972 4316 1177 4386 judicio
1204 4319 1418 4374 accidit.
1452 4321 1682 4378 Prorsus
1711 4339 1841 4379 vero

258 4405 576 4459 econtrario
603 4407 730 4461 illud
761 4416 845 4462 est
883 4407 1135 4463 damnum
1166 4411 1458 4467 maximum
1483 4453 1499 4481 ,
1540 4425 1596 4468 et
1627 4417 1839 4470 univer-

257 4497 350 4551 sim
378 4498 598 4567 quando
629 4516 735 4553 non
766 4500 1213 4572 philosophantur
1244 4516 1435 4575 sponte
1482 4517 1696 4573 nostra,
1742 4508 1838 4564 sed

260 4587 377 4642 inde
410 4592 667 4658 superati.
701 4591 841 4646 Nihil
882 4593 1024 4648 enim
1056 4595 1188 4649 lucri
1218 4600 1461 4651 referunt
1489 4600 1579 4667 qui
1601 4602 1835 4669 superati

262 4693 288 4728 a
311 4679 514 4747 judicio
537 4720 552 4745 ,
583 4680 635 4735 id
664 4684 939 4750 patiuntur
973 4702 986 4738 :
1017 4702 1138 4740 nam
1172 4696 1297 4742 tunc
1336 4691 1552 4743 demum
1591 4690 1723 4745 illud
1767 4708 1834 4747 ex

264 4771 574 4824 necessitate
606 4774 682 4826 lit.
708 4774 962 4839 Qua-nant
989 4792 1117 4847 ergo
1145 4780 1426 4847 Splendida
1460 4781 1681 4836 vietoria
1710 4785 1837 4838 est?

266 4860 476 4925 Quando
497 4871 552 4916 tu
580 4864 629 4917 id
659 4865 989 4934 despexeris,
1017 4870 1229 4938 quando
1247 4871 1452 4938 judicio
1478 4889 1583 4927 non
1610 4886 1803 4930 conten
1828 4906 1837 4915 -

272 4952 422 5006 deris.
449 4955 585 5022 Quid
625 4956 797 5011 dicis?
836 4962 1017 5015 onmia
1046 4960 1174 5016 mihi
1220 4963 1396 5017 ablata
1432 4966 1571 5019 bona
1600 4976 1745 5033 sunt,
1783 4978 1839 5022 et

268 5046 419 5101 silere
446 5048 634 5114 iubes?
674 5050 870 5106 danmo
900 5054 1124 5108 aﬂ'ectus
1152 5068 1270 5109 sum
1292 5096 1308 5121 ,
1358 5065 1416 5110 ut
1446 5068 1728 5115 mansuete
1756 5062 1835 5115 fe-

264 5157 370 5195 ram
398 5141 678 5200 hortaris?
722 5155 775 5200 et
810 5148 1077 5217 quomodo
1119 5149 1248 5204 illud
1292 5153 1517 5220 potero?
1563 5152 1839 5210 Facillime

262 5238 461 5308 utique,
488 5239 533 5294 si
567 5241 621 5294 in
660 5242 848 5296 czclum
876 5245 1180 5314 respexeris
1209 5287 1222 5308 ,
1252 5246 1296 5299 si
1330 5245 1530 5301 videris
1559 5247 1697 5302 hanc
1722 5250 1839 5318 pul-

262 5331 610 5387 cbritudinem
631 5343 684 5387 et
705 5334 794 5389 ubi
827 5345 878 5390 te
902 5347 1281 5405 suscepturum
1310 5353 1432 5393 esse
1465 5339 1602 5393 Deus
1635 5343 1839 5409 pollici-

266 5432 345 5477 tos
362 5423 454 5487 sit,
486 5424 531 5478 si
569 5425 808 5496 iujnriam
829 5442 1094 5499 generose
1122 5429 1282 5483 feras.
1317 5430 1430 5485 lloc
1453 5432 1633 5501 itaque
1655 5433 1832 5496 facito,

268 5524 314 5569 el
337 5524 614 5585 postquam
636 5518 824 5572 cielnm
856 5519 1174 5586 respexeris,
1210 5521 1382 5590 Cogita
1411 5529 1464 5575 te
1489 5522 1718 5576 similem
1747 5524 1838 5576 fa-

270 5617 399 5660 ctnm
427 5622 548 5662 esse
567 5607 636 5675 ei,
668 5610 755 5679 qui
788 5609 896 5663 illic
915 5623 1078 5681 super
1101 5610 1393 5667 Cherubim
1424 5613 1598 5668 sedet.
1624 5612 1756 5669 Nam
1782 5625 1837 5670 et

277 5694 350 5751 ille
373 5700 689 5755 contumelia
715 5699 941 5757 affectus
967 5710 1069 5770 est,
1097 5711 1154 5758 et
1174 5701 1228 5758 id
1254 5704 1411 5769 tulit;
1440 5713 1495 5759 et
1525 5706 1736 5775 probris
1756 5718 1838 5762 est

278 5787 496 5859 allectus,
527 5807 623 5848 nec
649 5808 769 5848 sese
801 5803 886 5848 cst
916 5792 1092 5860 ultus;
1120 5794 1292 5864 sputis
1313 5794 1703 5882 deltonestatus
1728 5807 1832 5864 est,

281 5892 324 5937 et
345 5902 441 5941 non
472 5900 587 5944 sese
615 5888 903 5945 vindicavit
931 5928 944 5955 ,
976 5896 1069 5944 sed
1115 5890 1398 5947 contrariis
1429 5894 1791 5949 rentuncravil
1816 5934 1830 5964 ,

3464 435 3563 489 lZS

1980 532 2280 592 innmneris
2318 536 2557 592 alliciens
2586 537 2856 595 beneficiis
2884 559 2977 599 eos
3023 546 3113 615 qui
3150 549 3274 605 talia
3306 550 3562 623 fecerant,

1967 634 2023 680 et
2060 641 2159 681 nos
2185 629 2351 698 ipsius
2380 630 2678 687 imitatores
2718 650 2840 691 esse
2859 636 3037 706 jussit.
3065 640 3250 712 Cogita
3280 656 3332 702 te
3360 650 3564 705 nudum

1967 718 2164 772 exiisse
2192 735 2260 773 ex
2290 730 2444 775 utero
2490 725 2674 778 matris
2716 736 2860 793 tua};
2896 731 3071 785 nudus
3104 741 3397 796 reverteris
3420 752 3475 798 et
3504 754 3561 800 tu

1967 819 2022 863 et
2043 808 2133 878 qui
2164 821 2216 866 te
2232 810 2408 867 ati‘ecil
2437 814 2664 885 injuria;
2695 817 2803 874 imo
2834 835 2962 876 vero
2992 824 3083 879 ille
3108 843 3230 884 cum
3262 831 3557 893 innumeris

1968 901 2278 959 vulneribus
2301 945 2316 970 ,
2353 921 2473 976 qua:
2503 924 2715 965 vermes
2744 912 2982 982 gignant.
3011 917 3197 988 Cogita
3238 926 3381 993 quod
3412 936 3554 982 tem-

1967 1008 2202 1065 poranea
2232 997 2338 1053 sint
2365 1003 2652 1064 pra‘sentia
2685 1022 2700 1059 :
2735 1013 2907 1061 tecum
2939 1020 3126 1078 reputt
3170 1017 3417 1085 sepulcra
3442 1038 3556 1076 ma-

1958 1084 2160 1153 jorum.
2215 1088 2371 1145 Disce
2408 1102 2592 1161 aperte
2630 1110 2691 1149 ea
2738 1113 2857 1167 qua:
2891 1098 3026 1156 facta
3058 1115 3186 1161 sunt
3211 1084 3245 1174 ,ί
3269 1119 3324 1165 et
3352 1112 3559 1170 videbis

1968 1193 2085 1230 eum
2107 1179 2197 1248 qui
2229 1190 2281 1236 te
2310 1181 2504 1252 injuria
2534 1184 2747 1250 affecit,
2776 1198 2827 1245 te
2847 1193 3122 1251 fortiorem
3159 1198 3352 1258 fecisse
3380 1222 3394 1260 :
3437 1223 3561 1277 pas-

1962 1267 2170 1323 sionem
2212 1287 2442 1344 namque
2487 1290 2640 1332 suam
2674 1283 2979 1350 graviorem
3005 1291 3273 1360 reddidit;
3314 1267 3555 1357 amorem

1964 1362 2205 1428 pecunia:
2227 1363 2379 1431 dico;
2410 1376 2554 1424 tuam
2583 1387 2714 1428 vero
2740 1374 3149 1438 imbecilliorem
3177 1427 3193 1449 ,
3219 1388 3400 1445 ablato
3425 1390 3556 1449 ferte

1963 1452 2104 1508 illius
2131 1455 2409 1512 alimento.
2442 1461 2523 1515 Ad
2555 1461 2673 1519 haec
2698 1479 2828 1522 vero
2859 1479 2911 1525 te
2936 1468 3182 1530 liberavit
3211 1494 3242 1533 a
3274 1483 3420 1537 curis
3443 1527 3457 1550 ,
3488 1488 3557 1541 ab

1959 1542 2123 1599 animi
2148 1561 2371 1618 angore,
2393 1551 2461 1606 ab
2490 1553 2691 1611 invidia
2711 1561 3175 1631 syc0pltantarum
3199 1610 3215 1635 ,
3241 1586 3272 1625 a
3305 1542 3494 1645 turba,
3524 1598 3554 1633 a

1961 1637 2211 1705 tumultu,
2240 1656 2270 1695 a
2302 1655 2564 1715 perpetuo
2590 1659 2769 1719 metu;
2797 1664 2853 1709 et
2882 1658 3148 1715 malorum
3179 1637 3552 1729 collttviem'in

1957 1739 2118 1798 caput
2144 1747 2299 1787 suum
2326 1740 2617 1807 congessit.
2650 1742 2787 1808 Quid
2822 1746 3003 1816 igitur,
3039 1753 3085 1806 si
3113 1768 3236 1811 cum
3270 1761 3432 1827 fame,
3468 1766 3551 1820 in-

1958 1822 2130 1924 quies,
2158 1831 2507 1883 eoncertem?
2542 1832 2677 1888 Cum
2724 1836 2891 1892 Paulo
2922 1840 3022 1896 hoc
3062 1848 3282 1914 pateris,
3311 1855 3399 1924 qui
3418 1822 3506 1912 'ait
3534 1879 3548 1915 :

1961 1909 2130 1982 Usque
2153 1915 2205 1967 in
2228 1916 2360 1971 hanc
2385 1919 2563 1975 horam
2586 1934 2631 1977 et
2659 1929 2907 1984 esurimus
2933 1942 2981 1986 ct
3007 1936 3204 1994 sitimus
3233 1954 3280 1995 et
3310 1909 3437 1999 riadi
3465 1966 3551 2003 su-

1956 2019 2068 2104 mus
2097 2005 2175 2074 (1.
2209 2008 2330 2062 Cor.
2361 2012 2413 2066 4.
2446 2013 2506 2068 ll
2529 2014 2575 2084 ).
2609 2018 2678 2071 At
2705 2019 2815 2084 ille,
2846 2022 3077 2094 inquies,
3110 2042 3330 2104 propter
3358 2040 3541 2097 Deum.

1957 2095 2024 2191 Et
2052 2107 2106 2151 tu
2139 2116 2363 2191 quoque
2405 2117 2624 2175 pr0pter
2666 2110 2835 2168 Deum
2868 2133 2886 2174 :
2917 2095 3133 2187 quando
3174 2095 3316 2184 enim
3360 2148 3465 2188 non
3500 2095 3552 2191 te

1956 2188 2100 2291 ultus
2126 2188 2318 2292 fueris,
2344 2209 2564 2267 prepter
2597 2201 2764 2258 Deum
2796 2206 2848 2262 id
2877 2209 3069 2267 fecisti.
3100 2217 3206 2273 Sed
3231 2224 3322 2292 qui
3350 2241 3437 2281 me
3465 2188 3548 2283 in:

1950 2278 2092 2348 juria
2119 2282 2319 2351 aﬂ'eeit,
2351 2303 2472 2343 cuin
2494 2291 2755 2352 divitibus
2778 2298 2830 2353 in
2853 2301 3061 2360 deliciis
3081 2278 3264 2380 degit:
3281 2314 3391 2370 imo

1954 2386 2076 2425 cum
2101 2374 2318 2430 diabolo
2351 2395 2366 2433 :
2396 2380 2492 2435 sed
2523 2390 2578 2436 tu
2611 2399 2734 2441 cum
2778 2389 2946 2446 l’aulo
2974 2374 3270 2456 coronaris.
3302 2404 3382 2461 Ne
3414 2374 3546 2481 ergo

1954 2463 2150 2521 famem
2187 2467 2415 2526 timeas:
2452 2473 2574 2529 Non
2609 2479 2741 2532 enim
2766 2482 2904 2550 [ante
2943 2490 3137 2543 necabit
3172 2490 3309 2549 Deus
3344 2463 3546 2556 animus

1944 2559 2206 2628 justorum
2250 2563 2269 2635 (
2294 2562 2451 2620 Prov.
2480 2567 2567 2623 10.
2592 2570 2626 2624 '5
2644 2579 2687 2643 ).
2719 2572 2787 2628 Et
2821 2576 2961 2633 alius
2991 2563 3203 2639 rursum
3233 2589 3308 2644 ait
3352 2609 3366 2645 :
3392 2592 3547 2650 Jacta

1950 2667 2104 2720 super
2135 2654 2408 2711 Dominum
2436 2677 2613 2715 curam
2641 2673 2802 2731 tuam,
2835 2679 2884 2723 et
2911 2671 3019 2740 ipse
3046 2684 3094 2729 te
3117 2682 3331 2738 enutriet
3352 2685 3370 2757 (
3394 2684 3540 2743 Psul.

1951 2744 2042 2800 54.
2081 2746 2152 2802 25
2173 2747 2225 2844 ).⁸
2249 2749 2478 2844 Sienim
2507 2770 2756 2825 passeres
2797 2766 2910 2833 agri
2943 2770 3150 2839 nutrit,
3190 2744 3462 2844 quomodo
3491 2793 3543 2839 te

1953 2853 2057 2944 non
2087 2841 2286 2940 nutriet
2304 2842 2326 2895 ἱ)
2343 2842 2424 2899 Ne
2451 2846 2621 2903 simus
2640 2864 2770 2921 ergo
2799 2856 3024 2913 modica:
3051 2860 3173 2918 fidei
3250 2885 3424 2939 neque
3450 2891 3547 2944 pu-

1951 2929 2264 2995 sillanimes,
2289 2948 2321 2988 ο
2349 2934 2555 2991 dilecti.
2578 2940 2680 3007 Qui
2705 2943 2852 2999 enim
2877 2963 3102 3018 regnum
3129 2929 3388 3016 caelorum
3420 2929 3543 3034 pro-

1953 3022 2099 3075 misit
2131 3032 2186 3078 et
2211 3032 2357 3081 tanta
2382 3027 2523 3083 bona
2544 3071 2561 3095 ,
2604 3037 2890 3101 praesentia
2921 3046 3192 3109 quomodo
3220 3065 3329 3106 non
3355 3022 3544 3114 dabit?

1950 3112 2026 3167 Ne
2052 3116 2319 3184 superflua
2337 3117 2727 3190 desideremus,
2750 3128 2844 3183 sed
2865 3133 3009 3200 quod
3029 3136 3281 3210 sufficiat,
3311 3154 3366 3201 et
3393 3112 3541 3206 Seni;

1953 3218 2048 3273 per
2071 3206 2265 3261 divites
2303 3209 2506 3267 erimus
2555 3230 2569 3266 :
2619 3223 2984 3285 tegumentum
3022 3206 3327 3299 quaeramus
3363 3248 3418 3294 et
3445 3245 3544 3299 ali-

1950 3306 2154 3366 menta,
2181 3310 2237 3355 et
2261 3303 2441 3358 omnia
2469 3306 2813 3379 accipiemus,
2843 3321 2900 3368 et
2928 3314 3044 3373 haec
3062 3325 3301 3382 etmulto
3316 3332 3540 3404 majora.

1952 3392 2007 3445 Si
2055 3403 2238 3451 autem
2279 3398 2455 3456 adhuc
2493 3402 2648 3460 doles
2682 3416 2737 3459 et
2774 3406 3027 3467 deorsum
3059 3419 3316 3491 respicis,
3347 3392 3538 3486 vellem

1953 3486 2045 3540 tibi
2074 3488 2193 3557 ejus
2218 3491 2310 3559 qui
2334 3501 2405 3547 'te
2434 3493 2626 3563 injuria
2647 3496 2825 3554 ali'ecit
2850 3502 3083 3561 animam
3113 3486 3237 3579 post
3263 3486 3540 3580 victoriam

1950 3581 2260 3648 ostendere,
2290 3586 2559 3655 quomodo
2587 3590 2724 3644 cinis
2753 3590 2892 3648 facta
2921 3596 3010 3652 sit.
3044 3599 3172 3658 Tale
3204 3620 3436 3681 namque
3457 3628 3543 3672 est

1951 3683 2231 3742 peccatum
2260 3694 2272 3729 :
2305 3678 2558 3747 quamdiu
2587 3694 2848 3752 patratur,
2881 3693 3168 3758 quamdam
3212 3678 3539 3773 voluptatem

1947 3768 2134 3835 alfert;
2157 3772 2372 3840 quando
2388 3782 2569 3829 autem
2594 3791 3026 3839 consummatum
3044 3796 3148 3856 est,
3179 3798 3306 3851 tunc
3325 3768 3538 3856 modica

1950 3857 2037 3911 illa
2057 3861 2300 3929 voluptas
2322 3863 2519 3931 avolat,
2539 3868 2779 3923 succedit
2796 3882 2975 3929 autem
2990 3878 3157 3934 animi
3177 3898 3398 3942 mceror.
3417 3892 3543 3949 Haec

1951 3965 2111 4018 porro
2145 3953 2400 4022 patimur,
2431 3969 2554 4009 cum
2592 3960 2853 4027 quosdam
2882 3972 3207 4027 contumelia
3231 3976 3534 4051 afficittttts;

1949 4052 2135 4111 postea
2176 4061 2302 4100 vero
2336 4062 2435 4102 nos
2456 4049 2603 4116 ipsos
2636 4064 2974 4110 accusamus.
2996 4056 3086 4114 Sic
3108 4066 3267 4120 etiam
3296 4085 3417 4126 cum
3448 4049 3537 4130 ru;

1947 4136 2143 4204 pimus,
2170 4137 2486 4206 gaudemus;
2500 4140 2693 4195 deinde
2706 4158 2871 4200 verna
2885 4153 3208 4210 conscientia
3231 4165 3539 4234 pnngimur.

2022 4228 2124 4295 Qui
2157 4230 2325 4299 egenis
2348 4247 2449 4285 non
2496 4230 2864 4306 eleemosynam
2900 4255 3110 4314 erogat,
3152 4249 3206 4304 iu
3234 4228 3541 4323 igelt'euuam

1948 4321 2181 4373 mittitur.
2206 4346 2279 4360 —-
2307 4321 2467 4378 Vides
2490 4325 2632 4394 apud
2664 4331 2968 4399 quempiam
3005 4336 3225 4395 domum
3251 4321 3543 4419 pauperis?

1947 4414 2095 4469 Dcﬂe
2118 4455 2134 4479 ,
2165 4430 2271 4469 non
2299 4430 2421 4471 eum
2447 4419 2537 4488 qui
2559 4419 2798 4490 privatus
2827 4425 2962 4492 fuit,
2987 4430 3081 4484 sed
3111 4449 3232 4488 cum
3263 4414 3540 4509 qui—acce-

1948 4505 2062 4573 pit;
2099 4520 2205 4559 non
2234 4507 2379 4560 enim
2419 4507 2587 4575 dedit,
2621 4512 2714 4566 sed
2740 4517 2948 4586 accepit
2977 4521 3197 4578 malum.
3221 4505 3354 4584 Nam
3382 4532 3534 4591 illum

1946 4597 2162 4668 quidem
2190 4602 2548 4667 praesentibus
2569 4604 2849 4675 spoliavit,
2876 4624 2936 4665 se
2964 4628 3094 4668 vero
3121 4631 3184 4671 ex
3208 4620 3367 4679 bonis
3395 4626 3511 4683 iuef
3524 4664 3531 4669 -

1948 4689 2197 4744 labilibus
2222 4690 2400 4759 ejecit.
2441 4692 2573 4748 Nam
2605 4697 2651 4750 si
2681 4698 2759 4761 is,
2793 4701 2883 4769 qui
2913 4709 3096 4773 egenis
3127 4724 3229 4764 non
3257 4714 3535 4787 elargitur,

1947 4782 1999 4835 in
2029 4782 2332 4852 gehennam
2362 4785 2502 4853 abit;
2530 4787 2621 4856 qui
2651 4789 2736 4843 illa
2771 4808 2893 4862 quae
2917 4809 3210 4866 egenorum
3241 4782 3538 4868 sunt'acci;

1948 4875 2045 4942 pit,
2082 4875 2207 4944 quid
2239 4878 2513 4946 patietur?
2544 4880 2610 4934 Et
2649 4896 2892 4950 quaenam
2926 4888 3128 4947 utilitas
3151 4935 3165 4959 ,
3214 4896 3456 4970 inquies,
3491 4909 3538 4960 si

1945 4983 2044 5036 ego
2080 4968 2223 5023 male
2255 4970 2463 5040 patiar?
2490 4972 2676 5044 Magna
2703 4989 2851 5032 certe
2876 4982 3097 5039 utilitas.
3130 4986 3244 5043 Non
3278 4968 3374 5061 per
3406 5011 3538 5067 sup-

1949 5062 2166 5129 plicium
2212 5063 2331 5131 ejus
2356 5105 2370 5129 ,
2404 5066 2493 5134 qui
2526 5075 2578 5122 te
2606 5069 2748 5123 malo
2793 5070 2993 5140 affecit,
3044 5062 3534 5147 remunerationem

1948 5153 2041 5209 tibi
2067 5156 2348 5210 constituit
2374 5156 2550 5225 Deus;
2581 5175 2702 5214 nam
2740 5162 2869 5217 illud
2894 5180 3005 5221 non
3032 5184 3220 5242 inagna
3252 5192 3340 5233 res
3369 5195 3534 5239 esset.

1947 5249 2076 5314 Quae
2097 5248 2239 5302 enim
2270 5250 2470 5304 utilitas
2493 5292 2506 5316 ,
2535 5253 2580 5306 si
2622 5263 2678 5308 et
2718 5270 2819 5324 ego
2847 5267 2902 5312 ct
2929 5260 3020 5317 ille
3051 5265 3194 5320 mala
3225 5272 3494 5338 patiamur
3515 5279 3541 5332 2

1944 5356 2268 5414 quamquam
2300 5346 2499 5401 multos
2524 5347 2676 5414 novi,
2705 5352 2792 5418 qui
2819 5349 2920 5407 hoc
2948 5370 3047 5422 pro
3074 5361 3310 5419 maxima
3339 5364 3541 5426 habent

1945 5438 2336 5507 consolatione,
2361 5448 2416 5496 et
2437 5449 2607 5498 totum
2634 5458 2694 5500 se
2713 5448 2995 5518 accepisse
3022 5453 3380 5527 arbitrantur,
3408 5477 3532 5517 eum

1944 5546 2038 5586 eos
2067 5534 2156 5602 qui
2184 5532 2285 5588 sibi
2316 5532 2615 5590 nocuerunt
2641 5537 2828 5607 plexos
2868 5542 3066 5598 vident.
3108 5547 3361 5605 Attamen
3396 5553 3536 5610 Deus

1948 5644 2057 5686 non
2084 5628 2171 5685 hic
2200 5629 2342 5685 sistit
2365 5622 2877 5688 remunerationem.
2907 5634 3015 5692 Sed
3043 5640 3124 5694 vis
3150 5641 3290 5699 scire
3322 5655 3456 5714 quot
3484 5657 3536 5703 te

1947 5722 2086 5778 bona
2112 5729 2401 5792 exceptura
2431 5720 2578 5776 sint?
2605 5721 2807 5779 Totum'
2829 5718 2932 5782 sibi
2971 5730 3162 5784 czelum
3187 5736 3380 5803 aperit,
3408 5753 3535 5795 san-

1946 5827 2153 5875 ctorum
2188 5816 2466 5873 concivem
2494 5815 2642 5885 facit,
2674 5821 2726 5874 in
2753 5822 2942 5877 eodem
2970 5824 3139 5882 choro
3164 5836 3222 5883 ut
3247 5829 3322 5885 sis
3348 5831 3534 5901 efficit,

1950 5930 1980 5971 a
2010 5913 2243 5987 peccatis
2271 5911 2501 5968 absolvit
2522 5953 2536 5977 ,
2567 5914 2772 5984 justitia
2800 5922 3043 5972 ceronat.
3074 5916 3132 5978 Si
3159 5926 3301 5984 enim
3334 5929 3419 6001 qui
3453 5946 3537 5987 τε.
