3992 6416
536 411 641 467 159
1314 419 1369 472 S.
1409 418 1684 474 JOANNIS
1719 417 2188 473 CllliYSUS'l'OMl
2231 420 2544 476 ARClllEl'.
2587 427 3113 487 CUNSTANTINOP.
3705 443 3790 501 lit)

535 535 758 586 mittunt
799 531 888 594 iis,
943 531 1032 600 qui
1081 540 1458 600 peccaverunt,
1510 530 1882 584 remissionem
1929 545 2121 584 consc-
2231 535 2321 586 tris
2346 536 2606 604 vestriqui
2635 547 2705 590 est
2739 539 2790 590 in
2836 541 2959 592 ca'lo
2994 540 3216 610 (Matth.
3256 546 3308 598 5.
3359 550 3445 602 65.
3475 553 3597 623 46).
3631 557 3792 628 Ilaqnc

527 635 768 689 qunntur
792 641 805 686 ;
832 624 920 692 qui
947 641 1049 676 non
1083 623 1241 676 modo
1264 623 1576 685 remittunt,
1605 624 1701 676 sed
1748 623 1878 690 ipsis
1906 623 2119 676 abunde
2240 625 2388 677 nullo
2432 627 2668 695 privatus
2693 644 2752 682 es
2772 669 2784 689 ,
2829 631 2923 682 sed
2965 633 3127 684 etiam
3159 638 3412 705 accepisti
3441 656 3456 703 ;
3491 658 3590 697 non
3617 623 3796 716 injuria

539 718 870 786 largiuntur,
901 733 1056 785 quam
1089 733 1192 770 non
1220 726 1622 784 consequentur
1648 717 2122 772 benedictionem?
2229 717 2475 782 allectus,
2509 721 2603 772 sed
2633 733 2928 775 eoronatns
2957 740 3038 789 es,
3069 728 3250 781 animo
3276 733 3442 802 magis
3466 736 3790 809 philosophus

534 810 611 864 Ne
660 811 834 879 itaque
889 809 1080 876 pusillo
1109 809 1288 862 animo
1329 807 1469 863 feras
1495 851 1510 874 ,
1557 809 1651 862 sed
1681 812 1841 862 etiam
1901 824 2123 878 precare
2229 811 2450 864 ellectus
2482 811 2699 881 Deoque
2728 814 2921 868 similis
2943 857 2956 879 ,
2988 820 3332 886 pecuniarum
3359 839 3486 878 cura
3519 807 3757 886 liberatus
3780 873 3793 895 ,

531 918 630 970 pro
656 920 722 954 νο
750 903 837 971 qui
873 912 922 955 te
948 902 1104 956 besit.
1133 902 1391 956 Pecunias
1421 912 1539 955 tuas
1565 901 1811 970 accepit?
1837 901 1930 954 sed
1959 901 2120 956 etiam
2230 919 2458 972 regnum
2487 905 2742 959 ctelorum
2771 920 3117 977 assequutus.
3150 913 3273 968 llaec
3299 917 3478 986 itaque
3506 923 3674 976 omnia
3701 940 3783 979 no-

531 1007 771 1063 pecc:tta,
804 1007 859 1049 ut
889 996 941 1049 in
972 995 1246 1050 Nccmano
1271 1006 1325 1049 et
1350 996 1496 1050 Ciezi
1527 994 1740 1050 accidit.
1768 995 2006 1062 Quantas
2034 1011 2125 1064 pe-
2231 997 2436 1050 biscum
2466 1007 2794 1066 reputantes,
2827 999 2876 1053 in
2907 1000 3115 1070 injuriis
3133 1004 3588 1078 philosophemur,
3610 1013 3791 1080 dilecti.

529 1089 713 1142 cunias
739 1104 846 1141 non
865 1087 996 1141 dare
1018 1088 1304 1151 voluisses,
1331 1098 1388 1142 ιιι
1418 1097 1634 1158 peccata
1668 1088 1760 1141 tibi
1783 1089 2125 1142 remitteren-
2232 1101 2282 1141 ut
2317 1097 2370 1142 et
2398 1104 2428 1142 a
2473 1091 2752 1158 prtescntis
2781 1092 2904 1145 vita:
2949 1096 3352 1163 perturbatione
3391 1101 3672 1158 liberemur
3695 1148 3708 1169 ,
3748 1118 3789 1161 ct

531 1180 661 1233 tur?
691 1177 802 1232 lloc
833 1180 1013 1250 itaque
1039 1195 1180 1232 nunc
1199 1180 1360 1233 etiam
1386 1196 1483 1234 usu
1506 1181 1648 1234 venit
1679 1197 1691 1232 ε
1723 1180 1767 1233 si
1796 1180 1940 1234 enim
1966 1195 2125 1249 gene-
2231 1180 2470 1233 inutilem
2503 1196 2790 1237 maerorem
2818 1183 3134 1252 abjiciamus
3156 1229 3170 1251 ,
3202 1187 3541 1260 futurumque
3568 1196 3792 1264 gaudium

502 1287 650 1356 ‘rose
695 1273 857 1335 l'eras,
905 1287 1004 1326 nec
1047 1272 1357 1336 maledicas,
1409 1273 1690 1343 splendida
1743 1273 2024 1327 redimitus
2063 1289 2123 1327 es
2231 1287 2660 1342 consequamur,
2705 1275 2874 1345 gratia
2922 1287 2976 1332 et
3026 1279 3353 1351 benignitate
3402 1285 3604 1341 Domini
3645 1289 3790 1343 nostri

525 1379 745 1417 corona.
789 1363 903 1418 Non
933 1379 1086 1418 meus
1126 1375 1209 1419 est
1235 1381 1414 1420 sermo
1439 1407 1454 1429 ,
1485 1366 1578 1420 sed
1625 1366 1818 1420 audisti
1847 1366 2122 1420 Christum
2229 1364 2355 1419 Jesu
2387 1365 2605 1429 Christi,
2636 1369 2851 1436 quicum
2882 1369 3025 1424 Patri
3049 1381 3103 1425 et
3128 1388 3228 1426 una
3247 1373 3468 1444 Spiritui
3487 1388 3665 1434 sancto
3685 1383 3790 1449 glo.

525 1456 796 1509 dicentem
847 1472 858 1508 :
910 1454 1070 1509 Orate
1107 1474 1199 1527 pro
1240 1458 1303 1510 iis
1343 1459 1429 1527 qui
1458 1458 1594 1511 vobis
1623 1460 1903 1512 molestiam
1930 1469 2121 1512 creant.
2233 1457 2330 1519 ria,
2367 1459 2670 1525 imperium,
2707 1461 2899 1524 honor,
2943 1477 3082 1516 nunc
3109 1473 3165 1516 et
3193 1478 3431 1535 semper,
3461 1477 3514 1522 et
3539 1469 3593 1523 in
3621 1473 3792 1524 Stccula

527 1549 594 1602 Et
615 1549 787 1616 cogita
818 1560 1072 1618 quantum
1115 1551 1184 1604 sit
1211 1556 1486 1619 przemitttn
1513 1595 1528 1617 ,
1562 1551 1630 1606 Ut
1650 1552 1761 1605 sitis
1785 1552 1977 1606 similes
2011 1551 2116 1605 Pa-
2238 1553 2582 1606 sa‘culorum.
2614 1555 2806 1606 Amen.

1429 1686 1638 1693 ψ

1649 1687 1850 1692 __.._-._.._.
1863 1686 1892 1692 .-
1907 1685 2118 1694 ~_—-__

2305 1686 2524 1694 _._..’.-~-—.
2539 1690 2564 1693 -_
2579 1689 2600 1694 .-
2639 1690 2882 1696 —.._....—--,—
2895 1692 3342 1702 —.—..-—-—_—___

3345 1697 3490 1703 ὢν...
3499 1698 3779 1708 ,ει--.ᾔ

1863 1759 2206 1820 HOMlLlA
2251 1759 2454 1821 XVII.

527 1908 639 1961 (far
711 1907 757 1960 ϐ.
810 1923 857 1957 v.
898 1905 978 1959 l2.
1031 1904 1217 1956 Omnia
1262 1905 1382 1957 mihi
1435 1907 1622 1968 licent,
1665 1905 1754 1956 sed
1796 1921 1895 1957 non
1951 1906 2120 1957 omnia
2230 1920 2359 1973 ergo
2385 1906 2450 1959 ad
2477 1907 2748 1960 Christum
2779 1924 2876 1964 nos
2903 1910 3124 1976 ducere,
3147 1910 3239 1965 sed
3258 1911 3325 1966 ad
3346 1913 3458 1967 lucc
3485 1914 3788 1971 trahit.Cra-

601 1999 866 2066 expediant
898 2013 914 2050 :
940 1997 1110 2050 ontnia
1137 1997 1259 2048 mihi
1323 1998 1509 2062 licent,
1539 1997 1628 2049 sed
1657 2014 1749 2066 ego
1800 1997 1889 2050 sub
1934 1997 2124 2050 nullius
2233 1998 2312 2050 vis
2339 2000 2482 2050 enim
2511 2009 2566 2051 et
2600 1999 2832 2053 bellniua
2875 2010 2956 2056 est
3005 2002 3184 2072 passio
3210 2019 3501 2074 servosque
3531 2005 3721 2068 reddit,
3744 2015 3791 2060 et

600 2092 802 2158 redigar
831 2098 1096 2156 potestate.
2235 2097 2292 2142 ut
2319 2088 2416 2140 sibi
2465 2089 2728 2143 serviatur
2774 2092 2955 2145 efﬁcit.
2983 2093 3092 2147 Cur
3139 2108 3271 2163 ergo
3315 2096 3548 2150 alimenti
3603 2095 3786 2156 inhias.

605 2185 656 2237 1.
689 2183 976 2237 llellnones
1026 2181 1112 2236 hic
1138 2181 1466 2236 subindicat.
1498 2182 1629 2248 Quia
1675 2181 1818 2235 enim
1850 2197 2034 2234 rursus
2059 2182 2124 2235 ad
2233 2197 2265 2235 ο
2296 2181 2499 2236 homo"
2524 2182 2670 2238 Illius
2700 2201 2931 2254 namque
2976 2185 3261 2240 ministerii
3290 2188 3412 2241 talis
3463 2196 3538 2242 est
3585 2188 3722 2248 linis,
3745 2197 3790 2240 et

528 2274 910 2328 l'oi-nieatorem
936 2282 1019 2326 cst
1049 2272 1341 2337 rediturus,
1375 2273 1660 2326 fornicatio
1701 2285 1879 2326 autem
1922 2287 1985 2325 ex
2031 2273 2126 2326 de-
2237 2274 2364 2329 nihil
2391 2275 2620 2344 amplius
2646 2277 2954 2341 exhibebit;
2985 2277 3078 2331 sed
3107 2286 3382 2347 tamquam
3410 2279 3562 2332 alicui
3591 2277 3790 2332 domina:

528 2367 669 2421 liciis
695 2373 748 2420 et
783 2365 1146 2420 immoderato
1173 2365 1296 2421 cibo
1323 2367 1524 2429 oritur,
1559 2366 1908 2420 vehementer
1935 2366 2120 2420 vitium
2237 2367 2565 2430 ministrans,
2597 2378 2773 2421 manet
2804 2366 2942 2421 hanc
2971 2367 3210 2422 retinens
3239 2370 3553 2423 servitutem
3581 2410 3594 2434 ,
3643 2381 3791 2435 neque

528 2459 658 2512 illud
687 2457 933 2526 castigat.
979 2457 1162 2522 Neque
1190 2457 1335 2511 enim
1380 2459 1447 2511 de
1477 2457 1764 2525 prohibitis
1792 2458 1907 2510 bare
1954 2457 2085 2510 dicit
2111 2474 2124 2516 ;
2237 2457 2459 2512 ulterius
2489 2457 2763 2527 procedit;
2798 2458 3110 2526 nulhunque
3139 2458 3281 2512 aliud
3313 2475 3446 2528 opus
3496 2458 3680 2521 habet,
3707 2455 3785 2510 sed

543 2551 632 2604 illa
665 2567 894 2620 namque
923 2565 1026 2602 non
1059 2549 1222 2602 licent
1247 2566 1260 2613 ;
1293 2549 1386 2603 sed
1417 2547 1484 2602 de
1534 2549 1598 2602 iis
1627 2566 1746 2618 qua!
1775 2549 2128 2603 iuddTerentia
2238 2550 2511 2605 hociuane
2533 2550 2910 2604 ministerium.
2937 2549 3004 2604 Et
3029 2550 3187 2603 ambo
3209 2558 3787 2611 mutuoconnectuntur,

530 2658 649 2695 esse
677 2642 944 2696 videntur.
977 2640 1218 2709 Exempli
1242 2655 1400 2693 causa
1434 2659 1446 2694 :
1475 2640 1600 2694 licet
1625 2682 1640 2703 ,
1696 2641 1902 2709 inquit,
1951 2656 2131 2694 eome-
2237 2653 2292 2697 et
2312 2642 2471 2696 simul
2501 2641 2868 2695 dissolvuntur
2903 2652 3089 2696 venter
3114 2657 3235 2696 cum
3265 2644 3424 2704 escis,
3455 2653 3506 2697 ct
3533 2657 3660 2697 escae
3686 2656 3788 2694 cunt

530 2739 658 2788 dere
690 2743 744 2786 et
777 2734 995 2792 bibere;
1045 2733 1139 2786 sed
1166 2748 1285 2786 cum
1334 2731 1490 2800 copia
1537 2731 1701 2786 nimia
1735 2747 1841 2785 non
1889 2731 2127 2801 expedit.
2239 2745 2448 2796 ventre,
2471 2747 2685 2786 cursum
2713 2732 2996 2801 quemdam
3021 2733 3110 2802 qui
3129 2749 3418 2804 numquam
3449 2735 3620 2788 linitur
3644 2732 3786 2786 invol-

529 2825 790 2893 Quodque
819 2825 1011 2876 mirmn
1065 2824 1598 2892 inexspectatumtpte
1627 2833 1710 2876 est
1731 2865 1746 2887 ,
1777 2826 1918 2893 quod
1953 2834 2130 2876 tamen
2241 2833 2449 2886 ventes,
2468 2837 2530 2876 ac
2557 2823 2601 2876 si
2629 2838 2658 2875 a
2683 2834 2938 2892 corrupto
2958 2838 3188 2892 corpore
3216 2835 3504 2878 nascantur
3524 2837 3727 2883 vermes,
3745 2829 3789 2872 ct

537 2919 715 2970 l'acme
731 2931 872 2983 stupe
889 2915 1026 2968 solet
1047 2916 1096 2966 in
1112 2914 1441 2968 contrarium
1456 2924 1783 2968 coovertens
1806 2913 2127 2975 orationem,
2242 2929 2425 2968 rursus
2447 2929 2477 2967 a
2499 2914 2765 2968 vermibus
2779 2925 3367 2984 eorpusconsumatur;
3389 2917 3468 2970 vel
3484 2913 3789 2984 quemadmo-

538 3005 626 3059 hic
651 3021 864 3074 quoque
896 3004 1022 3058 illud
1053 3007 1399 3072 exsequitur,
1427 3014 1483 3058 et
1503 3003 1893 3072 ostenditquod
1917 3004 1966 3056 in
1987 3014 2136 3072 pote-
2241 3008 2368 3060 dum
2399 3006 2441 3058 si
2464 3006 2654 3060 lluctus
2681 3005 2732 3058 in
2761 3021 3029 3060 summum
3047 3006 3293 3061 sublatus
3321 3007 3653 3069 dissolvatur,
3680 3003 3786 3056 nihil

535 3106 677 3150 state
706 3095 914 3161 lacere,
949 3112 1054 3148 non
1095 3098 1268 3148 solum
1313 3111 1416 3147 non
1462 3095 1740 3163 expediat,
1772 3094 1866 3148 sed
1911 3109 2008 3150 nec
2036 3109 2132 3164 po-
2165 3145 2167 3147 ,
2245 3097 2378 3150 ultra
2397 3095 2724 3150 ellicit.ll;ec
2739 3110 2898 3164 porro
2913 3112 3016 3149 non
3031 3095 3096 3150 de
3110 3112 3232 3151 esca
3250 3097 3384 3152 etde
3413 3111 3630 3164 corpore
3652 3094 3787 3154 dicit;

540 3189 751 3244 testatis
808 3187 1023 3258 quidem
1075 3189 1193 3253 sit,
1262 3203 1445 3242 verum
1495 3187 1792 3242 servitutis.
1845 3188 1910 3241 Et
1963 3187 2136 3257 primo
2244 3190 2336 3244 sed
2363 3190 2502 3258 gulae
2523 3189 2712 3243 vitium
2755 3198 2809 3242 et
2837 3190 3014 3244 cibum
3046 3189 3460 3244 immoderatum
3492 3189 3717 3250 traducit,
3745 3194 3792 3237 ut

539 3279 757 3345 quidem
787 3280 985 3334 avertit
1011 3279 1078 3332 ab
1105 3294 1170 3333 eo
1192 3320 1208 3342 ,
1240 3279 1380 3348 quod
1437 3294 1542 3333 non
1596 3279 1882 3347 expediat,
1908 3279 2133 3334 dicens:
2245 3281 2524 3351 sequentia
2549 3280 2840 3334 ostendunt
2870 3298 2882 3334 :
2909 3280 3180 3350 subiungit
3203 3283 3350 3335 enim
3378 3302 3391 3335 :
3422 3281 3556 3335 Deus
3574 3289 3722 3333 autent
3745 3286 3784 3330 et

544 3370 668 3424 Non
698 3372 974 3440 expediam
999 3387 1017 3435 ;
1041 3371 1279 3426 secundo
1309 3380 1486 3424 autem
1516 3385 1545 3423 a
1589 3371 1862 3424 contrario
1885 3411 1898 3434 ,
1931 3369 2136 3433 dicens,
2246 3378 2379 3428 lianc
2405 3384 2452 3427 et
2477 3375 2584 3426 lucc
2615 3373 2856 3426 destruet.
2887 3370 3001 3425 Non
3051 3381 3293 3426 ventrem
3325 3373 3486 3434 dicit,
3515 3369 3602 3424 sed
3633 3370 3792 3422 immo-

541 3462 656 3534 Ego
719 3464 810 3516 sub
862 3464 1056 3516 nullius
1118 3464 1320 3532 redigar
1365 3472 1623 3528 potestate.
1657 3462 1767 3515 lloe
1811 3475 1988 3516 autem
2036 3464 2136 3516 sibi
2246 3465 2484 3519 demtum
2511 3463 2999 3531 concupiscentiam
3031 3479 3045 3514 :
3079 3478 3182 3515 non
3215 3477 3436 3528 eseam,
3465 3461 3555 3515 sed
3582 3459 3788 3514 delicias.

546 3556 659 3608 vult
691 3573 702 3604 :
735 3556 904 3609 Penes
938 3565 988 3608 te
1045 3565 1123 3610 est
1184 3554 1540 3617 manducare,
1587 3555 1790 3624 inquit:
1819 3572 1946 3626 ergo
1983 3573 2138 3611 mane
2247 3555 2428 3623 Neque
2456 3555 2598 3608 enim
2629 3553 2770 3606 illam
2800 3569 2942 3622 argre
2969 3552 3066 3608 lert
3091 3595 3107 3618 ,
3137 3554 3231 3607 sed
3285 3555 3352 3607 de
3397 3555 3497 3606 illis
3522 3555 3674 3624 legem
3699 3558 3790 3601 sta-

544 3648 599 3700 iu
634 3647 722 3701 illa
756 3656 1021 3714 potestate
1047 3687 1062 3713 ,
1093 3657 1148 3700 et
1194 3661 1324 3700 cave
1382 3662 1447 3700 ne
1498 3645 1653 3715 hujus
1682 3646 1902 3700 allectus
1951 3663 2138 3700 servus
2249 3648 2347 3700 tuit
2370 3648 2447 3702 sic
2475 3648 2700 3716 loquens
2731 3664 2743 3700 :
2780 3645 3031 3700 Habentes
3062 3647 3310 3699 alimenta
3337 3659 3383 3700 et
3415 3654 3702 3715 tegumenta,
3729 3640 3791 3692 ltit

548 3738 826 3791 elliciaris.
873 3736 1006 3790 Nam
1061 3738 1148 3806 qui
1201 3745 1256 3788 ut
1307 3737 1557 3790 convenit
1609 3737 1700 3789 illo
1749 3738 1953 3800 utitur,
2001 3739 2139 3791 illius
2247 3740 2464 3792 contenti
2504 3755 2676 3792 minus
2708 3738 2786 3806 (l.
2813 3737 2949 3792 Tim.
2978 3737 3032 3792 6.
3059 3737 3150 3807 8);
3183 3739 3278 3791 sed
3313 3737 3413 3791 hac
3458 3738 3654 3791 ratione
3698 3744 3788 3784 rem

547 3830 799 3881 dominus
847 3840 964 3891 est;
1015 3829 1104 3896 qui
1156 3840 1334 3880 autem
1381 3844 1685 3880 litettsttt‘atn
1734 3830 1978 3889 excedit,
2033 3847 2136 3881 mm
2250 3831 2537 3899 improbat,
2565 3829 2686 3899 ejus
2712 3828 3150 3884 emendationem
3178 3839 3300 3898 post
3327 3829 3601 3884 consilium
3638 3823 3790 3877 datum

548 3924 683 3974 ultra
710 3919 960 3973 dominus
992 3929 1112 3982 est,
1144 3919 1236 3972 sed
1265 3935 1453 3972 servus
1479 3921 1598 3986 ejus
1640 3922 1904 3982 cllicitur,
1937 3921 2054 3990 gula
2087 3922 2136 3974 iu
2248 3924 2475 3978 orationi
2530 3923 2866 3991 relinquens.
2915 3921 3144 3988 Quidam
3190 3937 3321 3975 vero
3367 3921 3577 3983 dicunt,
3623 3915 3790 3969 dictum

547 4013 665 4081 ipso
704 4011 1041 4082 tyrannidem
1096 4022 1414 4065 exercente.
1449 4011 1632 4065 Viden’
1676 4013 2132 4080 quomodocum,
2250 4016 2377 4069 illud
2427 4031 2547 4069 esse
2597 4014 2964 4084 prepbetiam,
3014 4029 3136 4084 qua:
3186 4021 3386 4068 statum
3437 4011 3590 4066 futuri
3640 3999 3790 4060 seculi

546 4103 635 4172 qui
666 4119 726 4158 se
755 4112 1071 4170 potestatem
1105 4104 1301 4156 habere
1331 4103 1571 4172 putabat,
1601 4105 1699 4157 sub
1730 4115 1990 4172 potestate
2018 4122 2139 4160 esse
2247 4109 2506 4172 declarat,
2537 4109 2588 4162 in
2617 4124 2726 4176 quo
2754 4123 2858 4160 non
2889 4105 3025 4159 ultra
3053 4103 3461 4159 manducabitur
3487 4101 3566 4155 vel
3596 4097 3788 4152 hibetur-

549 4194 832 4250 osteudat?
853 4195 1002 4250 Solet
1027 4196 1170 4249 enim
1200 4195 1396 4248 Paulus
1429 4196 1527 4251 hoc
1558 4196 1757 4261 facere,
1787 4209 1842 4250 ut
1866 4199 1975 4265 jam
2006 4198 2134 4258 dixi,
2248 4200 2304 4253 Si
2331 4208 2510 4252 autem
2543 4199 2850 4252 moderatus
2867 4212 2994 4252 usus
3023 4197 3182 4251 linem
3214 4196 3452 4261 habebit,
3473 4192 3631 4247 nmlto
3654 4186 3792 4251 magis

552 4290 604 4342 in
633 4289 958 4342 contrarium
989 4289 1320 4358 objectiones
1372 4299 1579 4343 vertere
1613 4308 1624 4343 :
1655 4289 1797 4358 quod
1848 4290 1933 4344 hic
1977 4292 2136 4344 etiam
2249 4293 2316 4346 ab
2359 4290 2711 4346 inunoderato
2749 4288 3147 4344 abstinendum.
3187 4287 3387 4342 Deinde
3430 4301 3496 4340 ne
3537 4282 3644 4352 quis
3674 4283 3792 4346 Ριιιθί

550 4383 692 4436 fecit.
724 4381 1103 4436 Animadverte
1133 4391 1311 4434 autem
1344 4399 1358 4435 :
1393 4382 1616 4450 quisque
1658 4397 1844 4435 eorum
1893 4383 2102 4436 dicebat
2123 4423 2138 4446 ,
2253 4383 2724 4452 reprehensionem
2755 4381 2806 4434 id
2837 4395 2956 4435 esse
2986 4378 3228 4446 corporis
3248 4421 3264 4445 ,
3311 4394 3446 4433 neve
3473 4373 3594 4429 illud
3637 4365 3786 4432 suspi-

550 4475 700 4530 Licet
731 4475 858 4528 mihi
887 4475 1124 4528 deliciari
1161 4493 1172 4526 :
1209 4475 1296 4526 ille
1329 4489 1457 4524 vero
1485 4475 1635 4538 dicit,
1667 4473 1780 4528 Non
1833 4475 1935 4529 hoc
1975 4485 2029 4527 tu
2069 4476 2138 4526 ita
2249 4485 2422 4539 cetur,
2451 4473 2593 4542 quod
2623 4488 2816 4540 nempe
2843 4488 2870 4525 a
2903 4481 3054 4541 parte
3083 4480 3250 4525 totum
3281 4465 3637 4526 damnaverit,
3682 4469 3795 4512 ne“i

552 4568 684 4620 lacis
713 4566 881 4634 utqui
930 4565 980 4616 id
1013 4564 1208 4617 habeas
1249 4565 1299 4616 iu
1350 4573 1650 4631 potestate,
1694 4565 1788 4618 sed
1845 4574 1900 4617 ut
1948 4566 2036 4633 qui
2069 4566 2142 4616 sis
2251 4567 2392 4619 ditat
2437 4564 2680 4634 corporis
2708 4573 2952 4617 naturam
2998 4579 3214 4617 causam
3265 4577 3386 4617 esse
3427 4549 3790 4614 fornicationis;

551 4658 666 4725 ip-e
697 4654 943 4709 redactus
969 4655 1069 4707 sub
1099 4656 1234 4706 hanc
1264 4663 1598 4721 potestatem.
1632 4654 1813 4722 Neque
1840 4655 1979 4708 enim
2013 4671 2140 4708 \‘ctt-
2251 4659 2372 4712 audi
2400 4656 2675 4727 sequentia
2711 4675 2723 4709 :
2752 4655 2866 4709 Non
2889 4656 3030 4708 enim
3055 4654 3298 4722 corporis
3339 4663 3605 4710 naturain,
3631 4638 3794 4709 inquit.

557 4749 649 4803 tris
679 4755 993 4816 potestatem
1027 4745 1192 4800 habes
1221 4789 1233 4809 ,
1267 4747 1519 4814 quamdiu
1567 4747 1730 4801 lueris
1781 4749 1950 4802 ventri
1983 4748 2141 4801 nimis
2251 4764 2468 4813 accuso,
2496 4745 2590 4802 sed
2623 4747 3025 4800 immoderatam
3078 4745 3239 4798 animi
3266 4743 3598 4813 cupiditatem
3626 4752 3638 4788 :
3668 4729 3792 4786 ideo-

553 4841 853 4908 indulgens,
887 4839 978 4891 sed
1013 4839 1122 4908 ipse
1154 4840 1279 4893 tein
1311 4847 1574 4907 potestate
1601 4840 1782 4894 habet.
1821 4842 1930 4894 lloc
1958 4855 2135 4896 autem
2251 4855 2356 4909 que
2401 4839 2584 4908 adjicit
2636 4855 2650 4891 :
2700 4837 2894 4908 Corpus
2948 4847 3116 4890 antem
3165 4853 3266 4888 non
3321 4827 3671 4904 fornicationi,
3721 4814 3797 4871 mi

553 4934 620 4986 de
649 4931 891 5000 pecuniis
917 4933 1077 4985 etiam
1127 4933 1299 4999 deque
1339 4932 1457 4985 aliis
1502 4933 1602 4986 dici
1648 4943 1840 5002 potest.
1877 4937 1962 4990 l5.
1999 4935 2142 4988 Esca:
2254 4932 2490 4986 Domino.
2515 4930 2630 4985 Non
2663 4930 2807 4984 enim
2836 4929 2956 4982 ideo
2985 4928 3270 4982 formatum
3318 4926 3412 4979 luit
3441 4965 3457 4988 ,
3489 4929 3543 4974 ut
3583 4912 3796 5008 luxui.“

553 5023 735 5077 ventri.
770 5021 1020 5077 Ventrem
1079 5022 1163 5076 hic
1209 5039 1315 5076 non
1371 5034 1648 5089 ventrem,
1705 5025 1796 5078 sed
1850 5025 2140 5096 ingluviem
2251 5021 2592 5077 fornicationi
2647 5035 2867 5089 operam
2911 5019 3104 5081 daret,
3157 5028 3212 5070 ut
3245 5031 3415 5084 neque
3455 5018 3626 5065 venter
3649 5012 3798 5096 uilli“

556 5125 711 5170 vocat
766 5131 780 5168 :
829 5124 887 5168 ut
929 5133 1050 5170 etnn
1104 5116 1235 5170 dicit
1292 5134 1304 5168 :
1365 5117 1591 5181 Quorum
1644 5117 1769 5171 deus
1819 5130 1986 5172 venter
2068 5131 2139 5172 est
2247 5116 2567 5186 gurgitetur,
2597 5114 2693 5169 sed
2725 5123 2781 5166 ut
2813 5112 3086 5166 Christum
3117 5119 3276 5180 caput
3307 5115 3590 5177 sequatur,
3619 5106 3668 5151 et
3710 5091 3799 5144 00'

553 5207 814 5278 (Philipp.
843 5209 896 5264 ’5.
923 5208 1047 5277 19);
1080 5223 1183 5261 non
1211 5207 1279 5261 de
1308 5207 1408 5262 hoc
1457 5209 1698 5262 membro
1742 5209 1968 5278 loquens
1989 5249 2004 5274 ,
2048 5209 2139 5260 sed
2250 5208 2431 5260 minus
2463 5207 2772 5275 imponatur
2798 5203 3032 5272 corpori.
3067 5202 3449 5261 Revercamur,
3473 5196 3791 5274 horreamus:

552 5302 618 5354 de
648 5299 954 5353 voracitate.
985 5299 1138 5366 Quod
1166 5301 1308 5354 enim
1339 5299 1409 5353 ita
1438 5301 1528 5364 sit,
1561 5300 1684 5354 audi
1714 5301 1993 5369 sequentia
2027 5317 2040 5352 :
2075 5299 2141 5352 Et
2249 5300 2390 5369 quod
2420 5308 2568 5354 tanto
2594 5300 2798 5352 honore
2827 5297 3030 5366 dignati
3058 5339 3073 5360 ,
3107 5306 3165 5349 ιιι
3195 5296 3333 5350 illius
3379 5304 3532 5360 supra
3575 5281 3789 5369 Collum“

548 5403 718 5446 uenter
744 5392 868 5444 escis
915 5406 934 5443 :
963 5407 1146 5458 corpus
1189 5402 1358 5444 autem
1384 5407 1484 5445 non
1537 5392 1884 5462 fornicationi,
1916 5391 2004 5445 sed
2032 5390 2141 5444 Do-
2250 5391 2489 5443 membra
2516 5389 2834 5451 elliciamur,
2870 5397 2949 5441 tot
2979 5387 3136 5442 malis
3163 5402 3260 5440 nos
3302 5384 3653 5449 detnrpentlls-
3679 5366 3788 5420 Cm"

549 5485 710 5538 mino.
749 5481 908 5550 Atqui
965 5489 1155 5536 venter
1195 5498 1408 5551 quoque
1447 5492 1530 5536 est
1577 5497 1794 5552 corpus.
1841 5483 1946 5538 Sed
2003 5483 2139 5538 duas
2249 5497 2378 5551 ergo
2405 5481 2683 5534 helluones
2709 5479 2843 5533 satis
2875 5478 3185 5547 carpsisset,
3215 5478 3504 5530 futurorum
3548 5465 3789 5521 etiannpc

555 5575 733 5643 posuit
757 5574 1186 5641 coniunctiones.
1213 5589 1366 5629 escas
1393 5583 1447 5630 et
1477 5575 1762 5644 ingluviem
1790 5616 1804 5638 ,
1834 5591 1998 5644 quant
2025 5576 2143 5644 qui-
2250 5577 2318 5626 ab
2347 5575 2445 5627 hac
2478 5574 2712 5643 nequitia
2741 5571 2978 5632 abducit,
3009 5571 3195 5624 dicens
3224 5587 3236 5620 :
3271 5570 3355 5622 14.
3392 5565 3522 5618 Dens
3558 5567 3706 5610 autem
3753 5553 3788 5596 ει

551 5671 672 5720 dem
704 5677 946 5721 ventrem
979 5666 1206 5730 vocavit,
1237 5663 1512 5720 Christum
1540 5676 1594 5719 et
1619 5681 1838 5735 corpus.
1868 5666 2003 5731 Quid
2035 5667 2137 5720 sibi
2252 5665 2526 5718 Dominum
2572 5665 2829 5719 suscitavit
2862 5704 2877 5729 ,
2922 5673 2969 5716 ct
3025 5679 3116 5715 nos
3167 5659 3422 5716 sttscilabil
3471 5667 3554 5724 per
3593 5647 3790 5700 virtute?“

555 5760 665 5810 vult
693 5760 839 5822 illud,
871 5757 1017 5812 Esca
1048 5760 1206 5811 ventri
1233 5759 1258 5812 I’
1287 5757 1459 5824 Escm,
1495 5759 1686 5830 inquit,
1711 5759 2003 5814 amicitiam
2035 5760 2133 5812 ha-
2249 5775 2414 5812 suam.

555 5850 683 5904 beat
712 5867 830 5905 cum
862 5852 1092 5917 ingluvie
1114 5893 1128 5919 ,
1161 5862 1214 5908 ct
1263 5852 1378 5912 lucc
1403 5867 1523 5908 eum
1577 5829 1782 5908 ventre.
1817 5851 1928 5906 Non
1961 5862 2138 5924 potest
2323 5853 2374 5904 ‘3.
2407 5849 2650 5904 Vidistin’
2682 5864 2892 5905 rursum
2923 5846 3240 5917 sapientiam
3286 5829 3656 5912 apostolicam?
3685 5830 3784 5877 "3"
