3992 6434
272 344 359 399 ιω
1317 337 1381 392 ΙΝ
1421 336 1639 395 EPIST.
1684 339 1700 392 I
1765 338 1859 395 AD

1991 340 2055 396 Β.
2096 339 2332 397 Βοωιι.
2378 338 2536 396 χγιι.

277 463 376 520 fide
400 459 625 531 dignam
669 456 1128 515 resurrectionem
1175 469 1297 511 esse
1336 470 1364 507 a
1396 452 1613 508 Christo
1659 468 1873 523 semper

284 555 490 627 probat,
514 554 758 606 maxime
789 566 919 606 vero
947 563 1107 603 nunc.
1129 546 1185 603 Si
1213 547 1356 602 enim
1385 561 1584 615 corpus
1631 555 1870 599 nostrqu

284 648 591 704 membrum
650 654 737 702 est
783 644 1018 708 Christi,
1062 640 1303 697 Christus
1353 654 1483 693 vero
1530 639 1871 700 resurrexit,

281 743 438 797 etiam
468 754 672 809 corpus
697 738 923 792 omnino
972 744 1131 803 caput
1173 744 1445 804 sequetur.
1483 731 1582 786 Per
1630 735 1869 787 virtutem

282 851 449 889 suain.
477 833 614 900 Quia
644 832 791 886 enim
821 845 933 883 rem
959 828 1113 893 dixit,
1142 841 1261 896 qua:
1294 840 1400 880 non
1428 825 1665 880 creditur
1709 834 1761 878 et
1790 840 1873 878 ra-

285 926 523 981 tiociniis
546 923 747 994 percipi
793 938 898 978 non
929 931 1099 991 potest
1125 961 1142 987 ,
1167 922 1283 990 ejus
1314 920 1529 974 virtutis
1565 920 1872 988 incompre-

282 1017 634 1074 hensibilitati
664 1015 931 1071 concessit
959 1029 1042 1079 ea,
1077 1028 1195 1080 quae
1211 1012 1873 1068 Christiresurrectionem

281 1117 554 1178 spectant,
574 1122 679 1162 non
706 1121 921 1175 parvam
948 1103 1071 1159 hinc
1091 1113 1278 1158 contra
1296 1103 1601 1158 incredulos
1629 1101 1876 1172 pra-hens

279 1196 828 1255 demonstrationem.
858 1195 924 1249 Et
941 1194 993 1250 in
1021 1192 1220 1248 Christi
1245 1193 1460 1263 quidem
1479 1195 1885 1249 resurrectione-

283 1291 459 1358 ipsam
489 1305 599 1343 non
629 1288 805 1356 posuit
834 1302 848 1339 :
883 1300 1056 1355 neque
1081 1284 1224 1340 enim
1269 1284 1407 1339 dixit
1457 1302 1473 1339 :
1504 1284 1646 1341 Deus
1694 1294 1875 1339 autem

280 1384 453 1438 etiam
486 1380 771 1436 Dominum
799 1377 1120 1443 suscitabit;
1153 1392 1243 1433 res
1269 1377 1412 1432 enim
1455 1377 1568 1448 jam
1621 1378 1873 1448 contigit;

280 1477 379 1528 sed
405 1472 681 1545 quomodo
702 1473 724 1526 ?
749 1471 889 1525 Deus
910 1486 1028 1524 vero
1056 1480 1102 1524 et
1129 1470 1404 1524 Dominum
1441 1471 1705 1524 suscitavit
1729 1488 1748 1536 ,'
1778 1485 1879 1525 nec

280 1581 427 1635 opus
475 1564 663 1619 habuit
720 1563 1055 1632 probatione.
1102 1562 1180 1617 De
1233 1573 1413 1616 nostra
1460 1573 1640 1616 autem
1695 1578 1877 1616 resur-

282 1657 573 1721 rectione,
618 1655 743 1724 quia
786 1654 1020 1709 nondum
1064 1653 1245 1709 evenit
1268 1695 1282 1717 ,
1316 1669 1423 1707 non
1456 1653 1525 1708 ita
1577 1652 1749 1719 dixit,
1783 1654 1878 1709 sed

283 1746 612 1817 quomodo?
644 1744 707 1798 Et
751 1762 845 1799 nos
891 1744 1151 1799 suscitabit
1180 1760 1271 1814 per
1311 1744 1545 1799 uirtute-in
1579 1760 1770 1807 suam;
1812 1761 1877 1800 ex

286 1857 359 1895 eo
387 1840 537 1911 quod
567 1838 670 1893 ﬁde
709 1839 866 1908 digna
913 1838 983 1891 sit
1009 1838 1126 1905 ejus
1168 1838 1258 1905 qui
1291 1838 1571 1893 suscitavit
1598 1848 1837 1907 potestas
1859 1879 1880 1905 ,

284 1947 353 1987 os
399 1932 691 1986 obstructis
741 1928 1254 1985 contradicentibus.
1284 1930 1342 1984 Si
1382 1939 1562 1984 autem
1592 1930 1737 1985 Patri
1781 1930 1879 1984 ad-

286 2024 483 2079 scribit
528 2022 726 2076 Christi
758 2023 1214 2078 resurrectionem
1242 2063 1256 2084 .
1288 2022 1421 2077 nihil
1473 2032 1525 2078 te
1572 2024 1877 2079 conturbet.

285 2117 409 2173 Non
434 2117 578 2172 enim
606 2116 748 2186 quod
794 2114 1043 2171 Christus
1073 2129 1183 2170 non
1226 2124 1452 2184 posset,
1506 2115 1612 2170 hoc
1657 2118 1832 2185 posuit
1865 2136 1878 2172 :

288 2210 408 2279 ipse
434 2223 667 2277 namque
712 2207 958 2263 Christus
989 2207 1127 2262 dixit
1163 2207 1398 2263 :Solnite
1420 2208 1667 2277 templum
1697 2209 1813 2273 hoc,
1835 2220 1882 2264 et

288 2302 346 2356 in
373 2300 533 2355 tribus
564 2300 751 2354 diebus—
765 2298 992 2354 excitabo
1035 2299 1171 2354 illud
1201 2299 1378 2371 (locu.
1404 2299 1463 2354 2.
1496 2300 1590 2371 l9)
1616 2316 1631 2365 ;
1660 2311 1715 2355 et
1757 2318 1858 2356 rur-

290 2407 418 2456 sus,
477 2390 782 2445 Potestatem
833 2390 992 2445 habeo
1040 2391 1263 2461 portendi
1308 2391 1538 2446 animum
1584 2409 1748 2446 meam
1770 2433 1783 2458 ,
1836 2402 1882 2447 et

293 2496 589 2553 potestatem
622 2486 780 2540 habeo
809 2487 990 2541 iterum
1016 2487 1253 2542 sumendi
1274 2505 1384 2542 eam
1411 2488 1592 2560 (Joau.
1630 2491 1718 2545 il).
1743 2491 1834 2561 l8)
1861 2508 1876 2556 ς

292 2586 351 2632 et
400 2577 572 2632 Lucas
623 2578 676 2631 in
727 2577 951 2633 Acubus
1001 2578 1111 2642 ait,
1146 2577 1344 2644 Quibus
1392 2580 1617 2634 exhibuit
1663 2584 1882 2652 seipsum

295 2672 463 2723 Divum
485 2670 624 2739 (Act.
651 2671 704 2724 l.
731 2670 924 2739 3).Cur
950 2685 1080 2741 ergo
1104 2670 1298 2726 Paulus
1323 2674 1403 2728 sic
1429 2674 1707 2743 loquitur?
1733 2676 1870 2741 Quia

293 2776 415 2830 qua:
457 2759 577 2813 Filii
605 2768 749 2825 sunt,
778 2759 924 2815 Patri
950 2760 1231 2828 adscribit,
1254 2772 1308 2816 et
1327 2778 1447 2833 quae
1472 2762 1668 2824 Patris.
1702 2764 1837 2819 Filio
1867 2781 1881 2819 :

294 2867 418 2905 nam
450 2848 578 2917 Qua:
621 2850 709 2905 ille
751 2851 910 2919 facit,
956 2852 1159 2923 inquit,
1192 2862 1240 2908 et
1269 2851 1442 2907 Filius
1486 2853 1720 2910 similiter
1761 2857 1884 2926 facit

295 2942 481 3010 (Joan.
505 2944 699 3013 5.19).
722 2942 1039 3015 Opportune
1065 2955 1244 3001 autem
1272 2945 1562 3002 admodum
1591 2947 1681 3003 hic
1706 2964 1883 3003 resur-

294 3034 591 3088 rectionem
622 3045 903 3102 memorat,
933 3045 985 3091 et
1011 3036 1099 3092 tali
1137 3051 1237 3106 spe
1262 3037 1402 3107 gulae
1431 3035 1766 3108 tyrannidem
1796 3054 1882 3094 re-

297 3127 561 3194 primens,
592 3134 646 3181 et
678 3136 881 3181 tantum
929 3143 1035 3182 non
1082 3126 1271 3184 dicens
1302 3145 1316 3181 :
1344 3128 1635 3185 Conuedisti
1658 3170 1672 3193 ,
1703 3127 1881 3185 bibisti

295 3219 414 3274 sine
450 3233 699 3274 mensura
725 3261 740 3285 ,
769 3229 824 3274 et
850 3221 971 3290 quis
1014 3221 1117 3276 erit
1146 3220 1315 3276 ﬁnis?
1344 3222 1525 3279 nullus
1546 3264 1561 3288 ,
1609 3223 1714 3278 nisi
1761 3238 1885 3279 cor-

297 3312 472 3380 ruptio
500 3322 730 3367 tantum.
759 3312 1095 3382 COIIjIlIlClllS’
1120 3329 1181 3370 es
1230 3313 1452 3371 Christo
1472 3358 1487 3382 ,
1535 3325 1591 3371 et
1630 3317 1752 3387 quis
1779 3316 1886 3372 erit

295 3404 454 3458 linis?
480 3419 705 3475 magnus
748 3414 803 3460 et
847 3406 1141 3472 mirabilis,
1166 3406 1346 3463 futura
1400 3409 1730 3466 resurrectio
1761 3409 1884 3481 glo-

298 3497 435 3550 riosa
465 3497 576 3562 illa,
598 3512 902 3575 sermonem
931 3514 1146 3554 omnem
1175 3515 1464 3570 superans.

371 3587 697 3643 Resurrectio
726 3589 905 3659 futura
931 3591 1054 3660 prob
1072 3600 1191 3645 tlur.
1214 3622 1287 3632 —
1310 3592 1479 3648 Nemo
1505 3592 1683 3663 itaque
1703 3607 1887 3649 resur-

297 3681 526 3736 rectioni
574 3679 732 3735 ﬁdem
773 3690 934 3752 neget
974 3682 1065 3738 :si
1110 3683 1230 3753 quis
1281 3693 1457 3741 autem
1500 3701 1606 3740 non
1658 3686 1883 3752 credat,

297 3772 497 3842 cogitet
520 3782 717 3840 quanta
744 3787 810 3825 ex
840 3771 1008 3827 nihilo
1038 3773 1387 3842 produxerit,
1416 3784 1472 3829 et
1514 3774 1638 3830 hinc
1684 3776 1753 3831 de
1796 3777 1884 3831 illa

297 3861 815 3917 demonstrationem
839 3863 1085 3933 accipiat.
1110 3864 1243 3919 Nam
1269 3881 1389 3936 quae
1412 3866 1524 3936 jam
1551 3865 1693 3921 facta
1720 3878 1846 3922 sunt
1865 3910 1881 3933 ,

299 3954 469 4009 multo
508 3962 635 4008 sunt
660 3953 988 4011 mirabiliora
1014 3994 1030 4020 ,
1077 3964 1131 4011 et
1157 3955 1348 4027 ingens
1376 3956 1696 4013 miraculum
1728 3958 1885 4013 exhi-

298 4044 501 4098 bemia.
537 4043 917 4099 Animadverte
943 4055 1120 4099 autem
1153 4054 1393 4101 :terram
1416 4045 1626 4116 accepit
1669 4054 1725 4101 et
1774 4047 1883 4101 mi—

302 4136 467 4197 scuit.
502 4135 880 4205 hominemque
908 4137 1070 4200 fecit;
1104 4146 1326 4205 terram,
1354 4138 1597 4209 inquam,
1629 4154 1751 4208 quas
1779 4155 1885 4194 non

299 4242 457 4284 antea
508 4237 643 4282 erat.
686 4227 968 4296 Quomodo
1012 4245 1143 4301 ergo
1187 4239 1327 4287 terra
1352 4231 1493 4286 facta
1542 4241 1627 4288 est
1674 4233 1886 4287 homo?

301 4322 577 4388 qtttllltOdO
604 4321 719 4392 ipsa
749 4336 873 4377 cum
903 4336 1009 4378 non
1043 4330 1223 4391 esset,
1274 4323 1535 4395 producta
1565 4324 1707 4379 fuit?
1755 4342 1891 4396 quo-

307 4420 473 4474 modo
494 4433 615 4488 quae
635 4434 698 4472 ex
723 4419 840 4487 ipsa
872 4416 1007 4472 ﬁunt
1028 4420 1231 4485 omnia,
1253 4420 1515 4475 immensa
1538 4434 1737 4489 genera
1759 4419 1892 4476 bru-

308 4523 513 4575 torum,
535 4526 825 4575 seuunum,
850 4511 1179 4580 plantarum,
1207 4512 1375 4566 nullis
1400 4519 1589 4582 partus
1610 4511 1892 4568 doloribus

309 4602 629 4673 praemissis,
659 4618 769 4658 non
815 4602 1015 4672 pluviis
1060 4602 1112 4656 in
1145 4603 1235 4658 illa
1264 4604 1551 4667 demissis,
1582 4604 1729 4658 nulla
1765 4621 1891 4660 cum

308 4696 676 4765 agricultura,
730 4710 838 4750 non
886 4694 1082 4759 bobus,
1113 4702 1299 4748 aratro
1339 4695 1420 4749 vel
1464 4695 1573 4749 alio
1608 4694 1675 4749 ad
1708 4704 1891 4750 ortum

309 4786 527 4840 illorum
570 4784 932 4841 administro?
975 4784 1096 4840 ldeo
1133 4786 1278 4840 enim
1307 4801 1373 4840 ex
1401 4793 1547 4841 terra
1592 4785 1890 4841 inanimata

314 4882 367 4921 et
392 4867 689 4923 insensibili
716 4878 794 4924 tot
821 4870 872 4924 in
905 4870 1168 4941 principio
1214 4887 1416 4942 genera
1439 4882 1495 4928 et
1523 4874 1822 4943 plantarum
1843 4883 1897 4930 et

319 4961 593 5014 brutorum
619 4959 932 5017 animalium
975 4972 1092 5018 orta
1121 4973 1265 5026 sunt,
1296 4972 1357 5018 ut
1389 4975 1442 5020 te
1479 4966 1591 5031 jam
1637 4965 1768 5021 olim
1811 4982 1899 5021 re-

318 5053 662 5108 surrectionis
718 5054 982 5109 rationem
1044 5057 1285 5112 doceret.
1342 5054 1476 5111 Illud
1522 5057 1668 5113 enim
1718 5072 1900 5114 resur-

315 5146 556 5201 rectione
599 5147 831 5217 cogitatu
859 5145 1127 5202 difﬁcilius
1150 5156 1254 5203 est.
1277 5146 1394 5203 Non
1423 5149 1575 5220 paria
1599 5149 1745 5204 enim
1772 5160 1900 5206 sunt

312 5239 631 5293 exstinctam
676 5238 946 5294 lucernam
989 5239 1323 5306 accendere,
1352 5247 1409 5294 et
1450 5240 1688 5295 nondum
1728 5256 1899 5312 appa-

314 5338 522 5384 rentem
567 5329 744 5401 ignem
804 5329 1061 5386 exhibere
1106 5349 1120 5386 :
1165 5345 1271 5386 non
1317 5331 1464 5401 paria
1493 5339 1621 5386 sunt
1665 5332 1896 5388 dirutam

312 5420 528 5475 domum
556 5419 885 5477 reaediﬁcare
906 5461 919 5484 ,
949 5429 1003 5476 et
1031 5421 1180 5476 nullo
1209 5421 1370 5476 modo
1397 5422 1748 5477 exsisteutem
1776 5437 1900 5493 pro-

311 5512 526 5567 ducere.
558 5511 658 5567 llic
684 5512 862 5578 enim,
913 5510 1016 5568 etsi
1061 5511 1194 5567 nihil
1223 5511 1400 5579 aliud,
1444 5520 1501 5565 at
1529 5512 1749 5566 materia
1777 5515 1902 5569 sub-

309 5603 443 5673 iecta
470 5613 587 5659 emt
615 5620 629 5656 :
656 5602 772 5658 illic
802 5616 933 5657 vero
981 5618 1051 5658 ne
1079 5603 1377 5658 substantia
1421 5601 1638 5671 quidem
1677 5618 1901 5672 appare-

305 5693 417 5751 bat.
446 5697 686 5769 Ideoque
728 5692 872 5766 quod
905 5692 1174 5749 difﬁcilius
1224 5709 1345 5750 esse
1381 5692 1696 5757 videbatur,
1729 5693 1901 5762 primo

304 5786 444 5861 fecit,
480 5802 534 5849 ut
580 5806 647 5849 ex
694 5787 799 5844 hoc
825 5786 966 5859 quod
992 5786 1198 5846 facilius
1223 5795 1339 5845 erat
1380 5785 1709 5843 admittercs.
1744 5785 1890 5846 Dilli-

3475 345 3579 397 ΗΞ

1981 455 2140 510 cilius
2169 465 2347 511 autem
2375 457 2486 512 dixi
2516 499 2532 525 ,
2582 474 2687 513 nou
2723 459 2854 527 Deo,
2894 460 2989 517 sed
3014 474 3309 518 secunaum
3351 465 3568 518 ratiocr-

1983 546 2190 600 uiorum
2247 558 2551 602 nostrorum
2615 552 3054 621 consequentiam
3106 572 3121 608 :
3176 554 3287 609 Deo
3338 569 3570 624 namque

1980 639 2203 694 difficile
2249 641 2378 694 nihil
2409 654 2524 706 est;
2572 643 2667 698 sed
2712 645 3163 711 quemadmodum
3222 647 3428 716 pictor,
3473 645 3567 716 qui

1982 746 2143 785 unam
2187 730 2313 786 facit
2353 733 2640 802 imaginem
2668 774 2686 799 ,
2717 734 3025 790 innumeras
3050 736 3207 793 facile
3248 735 3448 793 faciet:
3480 739 3563 793 sic

1980 833 2036 878 et
2060 825 2168 878 Deo
2200 823 2406 879 facilius
2435 825 2554 890 fuit,
2585 825 2897 882 innumeros
2936 826 3113 883 facere
3149 828 3384 884 mutulos
3408 839 3572 898 atque

1981 914 2219 970 inﬁnitos
2252 932 2267 971 :
2299 917 2405 970 imo
2454 917 2666 985 potius,
2727 927 2784 973 ut
2837 917 2991 974 facile
3023 919 3113 974 tibi
3160 928 3242 975 est
3286 920 3470 975 urbem
3516 928 3576 976 et

1982 1007 2221 1062 inﬁnitos
2273 1009 2509 1077 cogitare
2554 1010 2821 1074 mundos,
2873 1010 2945 1064 ita
3000 1011 3112 1065 Deo
3163 1012 3284 1066 illos
3336 1011 3574 1066 coudcre

1982 1099 2136 1155 facile
2159 1108 2264 1164 est,
2296 1101 2408 1155 imo
2434 1102 2593 1171 longe
2616 1100 2845 1158 facilius.
2877 1103 2954 1158 Tu
2983 1104 3128 1159 enim
3158 1118 3348 1174 parum
3377 1104 3569 1160 saltem

1982 1193 2241 1261 temporis
2263 1191 2317 1246 in
2349 1192 2451 1248 hac
2478 1193 2805 1262 cogitatione
2834 1194 3095 1260 insumis;
3127 1196 3268 1250 Deus
3311 1210 3439 1250 vero
3462 1210 3572 1252 non

1981 1282 2147 1338 item:
2180 1300 2303 1339 nam
2324 1296 2525 1355 quanto
2563 1302 2622 1341 re
2659 1288 2892 1356 quadam
2940 1288 3208 1343 levissima
3230 1330 3244 1352 ,
3269 1289 3379 1343 imo
3407 1288 3571 1344 etiam

1984 1384 2165 1431 mente
2191 1388 2373 1430 nostra
2399 1419 2414 1442 ,
2446 1379 2723 1449 graviores
2750 1379 2957 1449 lapides
3001 1391 3127 1435 sunt
3151 1397 3166 1445 ;
3201 1390 3349 1435 tanto
3375 1381 3572 1437 mentis

1984 1481 2182 1525 nostra:
2210 1471 2460 1526 celeritas
2485 1488 2515 1525 a
2549 1473 2659 1527 Deo
2688 1472 2742 1527 in
2770 1475 3006 1528 creando
3050 1484 3354 1543 Superatur.
3382 1474 3569 1528 Admi-

1983 1570 2132 1616 ratus
2182 1577 2242 1617 es
2293 1562 2410 1632 ejus
2460 1564 2512 1616 in
2570 1573 2713 1618 terra
2768 1563 3063 1619 virtutem?
3112 1564 3295 1635 Cogita
3348 1580 3564 1619 rursum

1983 1653 2256 1723 quomodo
2291 1654 2480 1709 caelum
2510 1654 2705 1710 factum
2733 1656 2803 1710 sit
2828 1670 2949 1709 cum
2974 1670 3081 1710 non
3103 1665 3271 1720 esset,
3294 1656 3575 1725 “quomodo

1984 1745 2156 1800 stellae
2180 1745 2598 1803 innumerabiles
2618 1787 2632 1809 ,
2662 1747 2934 1817 quomodo
2958 1747 3037 1801 sol
3059 1789 3074 1813 ,
3102 1748 3376 1819 quomodo
3405 1750 3530 1804 luna
3557 1766 3572 1811 ;

1984 1847 2040 1891 et
2080 1836 2199 1893 lucc
2240 1838 2456 1905 omnia,
2503 1854 2628 1894 cum
2670 1854 2776 1893 non
2803 1849 2960 1893 antea
2991 1848 3196 1893 essent.
3217 1838 3456 1901 Rursus,
3489 1839 3578 1895 dic

1984 1928 2139 1990 mihi,
2170 1930 2443 1999 quomodo
2474 1939 2752 1999 postquam
2784 1928 2921 1985 facta
2967 1939 3092 1984 sunt
3131 1939 3404 1986 steterunt
3431 1939 3487 1986 et
3521 1932 3573 1984 iu

1985 2021 2132 2090 quo?
2176 2022 2319 2091 quod
2352 2021 2553 2076 habent
2589 2021 2857 2088 fulcrum,
2906 2021 3175 2092 quodnam
3219 2023 3405 2077 terra?
3446 2023 3575 2093 quid

1988 2123 2106 2183 post
2135 2115 2377 2169 terram?
2407 2122 2461 2168 et
2486 2122 2608 2182 post
2633 2113 2765 2169 illud
2794 2128 3005 2168 rursum
3050 2112 3193 2183 quod
3230 2122 3348 2181 post
3379 2124 3574 2169 terram

1984 2214 2099 2268 est,
2155 2204 2328 2274 quid?
2381 2203 2542 2258 Vides
2596 2205 2648 2258 in
2695 2213 2953 2273 quantum
2995 2203 3318 2275 \‘ertig'mem
3362 2203 3580 2259 decidat

1988 2296 2187 2351 tuentis
2214 2306 2319 2350 tua:
2344 2297 2555 2361 oculus,
2588 2295 2692 2350 nisi
2722 2296 2902 2350 statim
2936 2294 3005 2350 ad
3040 2294 3203 2349 ﬁdem
3246 2310 3498 2350 accurras
3524 2306 3580 2349 et

1985 2389 2050 2443 ad
2080 2388 2679 2459 incomprehensibilem
2712 2389 2986 2459 operantis
3030 2389 3281 2442 virtutem
3305 2390 3330 2442 ?
3356 2386 3413 2444 Si
3445 2388 3579 2442 velis

1986 2493 2165 2537 autem
2195 2481 2356 2537 etiam
2383 2498 2450 2537 ex
2483 2481 2740 2536 humanis
2767 2480 3131 2551 conjecturam
3163 2479 3365 2548 facere,
3395 2481 3582 2550 paula-

1989 2575 2083 2629 tim
2128 2574 2330 2644 potcris
2380 2584 2613 2627 mentem
2666 2581 2809 2626 tuam
2862 2587 2963 2627 ceu
3010 2571 3109 2624 alis
3154 2571 3442 2626 instruere.
3495 2571 3573 2625 Ex

1986 2669 2200 2739 quibus,
2235 2667 2464 2735 inquies,
2514 2665 2805 2720 humanis?
2831 2664 2944 2719 Non
2995 2664 3146 2719 vides
3186 2664 3398 2733 ﬁgulus,
3441 2680 3577 2734 quo-

1988 2761 2148 2814 modo
2174 2760 2398 2813 fractum
2448 2766 2502 2811 ct
2551 2757 2669 2812 sine
2693 2756 2863 2810 forma
2897 2755 3095 2811 factum
3149 2771 3244 2810 vas
3275 2754 3577 2824 efﬁngunt?

1987 2868 2084 2908 eos
2121 2852 2210 2922 qui
2243 2851 2563 2906 metallicnm
2594 2862 2790 2904 terram
2819 2849 3047 2917 fodiunt,
3079 2849 3349 2920 quomodo
3376 2858 3572 2904 terram

1987 2961 2176 3000 aurum
2222 2959 2342 2999 esse
2388 2951 2801 3008 utonstreut,et
2850 2944 3048 2998 ferrum
3075 2953 3235 3013 atque
3277 2958 3351 2996 aas
3392 2958 3576 2997 rursus

1984 3037 2091 3092 alia
2119 3040 2143 3089 ?
2196 3036 2286 3105 qui
2331 3035 2527 3089 vitrum
2573 3034 2900 3101 conﬁciunt,
2950 3035 3220 3105 quomodo
3262 3052 3481 3089 arenam
3522 3034 3575 3088 in

1985 3142 2184 3197 corpus
2207 3124 2441 3180 solidum
2468 3135 2522 3180 et
2539 3126 2861 3195 pellucidum
2886 3125 3301 3182 tmnsforment?
3323 3126 3578 3182 Dicamne

1985 3223 2266 3288 coriarios,
2299 3236 2393 3275 eos
2421 3220 2510 3290 qui
2542 3234 2810 3289 purpurea
2841 3221 3156 3275 vestimenta
3179 3220 3418 3290 tingunt,
3441 3236 3577 3289 quo-

1987 3315 2150 3372 modo
2188 3313 2319 3368 illud
2362 3312 2505 3383 quod
2560 3314 2846 3367 tincturam
2899 3314 3111 3383 excepit
3142 3313 3285 3368 aliud
3335 3328 3434 3383 pro
3471 3312 3578 3366 alio

1988 3407 2298 3462 monstret?
2356 3405 2603 3461 dicamne
2640 3406 3040 3476 generationem
3089 3406 3370 3459 nostram?
3401 3421 3578 3459 nouue

1989 3499 2256 3553 modicmn
2298 3513 2485 3552 semen
2515 3496 2750 3552 informe
2791 3507 2848 3552 et
2885 3496 3004 3552 sine
3031 3498 3197 3566 figura
3223 3497 3275 3551 in
3304 3496 3577 3564 excipien-

1989 3601 2096 3645 tem
2150 3590 2359 3643 vulvam
2415 3589 2753 3659 ingreditur?
2782 3588 2923 3644 uude
2969 3604 3101 3659 ergo
3146 3597 3291 3643 tanta
3331 3587 3578 3643 animalis

1988 3681 2331 3739 ell'ormatio?
2358 3680 2495 3748 Quid
2540 3695 2671 3734 vero
2716 3679 3088 3735 frumentum?
3137 3695 3315 3735 nonne
3353 3696 3575 3749 granum

1991 3773 2191 3828 nudum
2211 3773 2262 3825 in
2296 3781 2493 3825 terram
2516 3770 2985 3840 injicitur?uoune
3013 3782 3290 3842 postquam
3321 3771 3576 3841 injectum

1990 3876 2075 3921 est
2127 3864 2426 3934 putrescit?
2477 3864 2620 3919 unde
2675 3864 2871 3934 spicas,
2951 3865 3131 3920 arista:
3176 3905 3191 3931 ,
3272 3866 3462 3921 calami
3526 3877 3582 3919 et

1989 3966 2187 4012 caetera
2213 3955 2438 4008 omnia?
2467 3970 2645 4010 nonne
2675 3971 2896 4021 parvum
2926 3955 3011 4010 ﬁci
3062 3972 3289 4026 granum
3342 3972 3487 4025 smpc
3522 3957 3577 4011 in

1994 4060 2191 4106 terram
2216 4047 2435 4111 cadens,
2468 4055 2524 4101 et
2551 4047 2784 4102 radicem
2807 4056 2862 4100 et
2889 4062 3066 4101 ramos
3094 4060 3146 4103 et
3174 4048 3402 4103 fructum
3429 4048 3582 4103 tulit?

1993 4144 2137 4200 Sane
2197 4141 2618 4212 unumquodque
2680 4139 2872 4194 horum
2920 4139 3161 4195 admittis
3214 4156 3316 4197 nec
3367 4141 3582 4197 curiose

1995 4235 2245 4306 inquiris,
2295 4249 2324 4287 a
2378 4236 2486 4288 Deo
2515 4242 2693 4287 autem
2740 4232 2857 4286 solo
2905 4241 3146 4287 nostrum
3183 4249 3375 4303 corpus
3407 4244 3582 4289 trans~

2005 4329 2276 4381 formante
2326 4324 2564 4379 rationes
2609 4323 2815 4394 exigis?
2858 4334 2914 4377 et
2962 4324 3233 4393 quomodo
3281 4325 3397 4380 lucc
3429 4325 3583 4381 venia

1995 4418 2156 4489 digna
2186 4416 2431 4472 fuerint?

2066 4510 2119 4565 5.
2162 4508 2286 4564 Haac
2315 4517 2372 4563 et
2401 4508 2522 4562 talia
2549 4506 2749 4563 Gnecis
2788 4505 3028 4562 dicamus
3058 4524 3072 4562 :
3111 4522 3233 4562 nam
3269 4506 3408 4576 apud
3448 4522 3542 4562 eos
3568 4543 3582 4566 ,

1995 4602 2085 4672 qui
2112 4601 2402 4670 Scripturis
2423 4601 2812 4669 obsequuntur,
2843 4615 2907 4653 ne
2931 4614 3181 4654 sermone
3209 4598 3427 4669 quidem
3449 4613 3589 4667 opus

1997 4702 2083 4748 cst
2103 4691 2256 4747 mihi.
2302 4690 2360 4747 Si
2388 4692 2531 4745 cnim
2560 4691 2703 4746 illius
2728 4689 2907 4744 tnuuia
2936 4691 3148 4745 curiose
3177 4689 3405 4746 scrutari
3432 4691 3585 4756 velis,

1996 4784 2126 4855 quid
2162 4784 2277 4854 plus
2318 4782 2535 4837 habebit
2571 4783 2708 4837 Deus
2747 4797 2905 4851 quam
2951 4781 3240 4837 hon‘iincs?
3266 4798 3589 4853 quamquam

2002 4891 2102 4931 nec
2126 4875 2194 4930 de
2215 4875 2397 4930 multis
2417 4874 2630 4945 quidem
2649 4874 2951 4928 hominibus
2976 4875 3188 4930 curiose
3212 4875 3590 4946 pcrquirimus.

1999 4966 2153 5035 Quod
2182 4966 2226 5018 si
2252 4967 2304 5020 in
2332 4964 2637 5018 hominibus
2661 4965 2761 5019 hoc
2778 4964 3022 5026 facimus,
3049 4981 3150 5019 nec
3178 4966 3391 5020 curiose
3420 4966 3597 5036 iuqui~

2003 5059 2206 5121 rimus;
2236 5057 2403 5111 multo
2430 5057 2608 5111 minus
2638 5056 2731 5111 Dei
2760 5056 3077 5126 sapientiam
3106 5059 3336 5113 scrutari
3357 5067 3596 5129 oportet,

2001 5150 2085 5204 vel
2116 5148 2352 5204 rationes
2373 5147 2440 5202 ab
2467 5146 2554 5202 illa
2578 5159 2849 5214 expetere.
2875 5147 3054 5201 Primo
3078 5148 3316 5219 quidem,
3340 5150 3462 5220 quia
3492 5150 3599 5204 fide

2003 5240 2195 5310 dignus
2229 5247 2313 5297 est
2361 5240 2406 5293 is
2452 5238 2540 5310 qui
2586 5239 2981 5309 prommtiavit;
3026 5240 3300 5308 secundo,
3351 5243 3475 5313 quia
3506 5258 3594 5298 res

2005 5333 2135 5402 ipsae
2174 5333 2577 5387 ratiociniorum
2619 5333 3097 5400 perscrutationem
3138 5348 3244 5390 non
3287 5333 3597 5389 admittunt.

2004 5422 2121 5478 Non
2152 5424 2297 5479 enim
2324 5423 2461 5478 adeo
2487 5438 2686 5493 egenus
2707 5432 2789 5477 est
2826 5424 2995 5485 Deus.
3026 5433 3082 5478 ut
3109 5441 3170 5480 ea
3202 5426 3374 5481 solum
3407 5440 3599 5494 opere-

2010 5526 2114 5582 tur,
2153 5533 2275 5585 qua:
2306 5516 2713 5571 ratiociniorum
2744 5526 2954 5571 tuorum
2987 5519 3349 5574 unbecillitate
3379 5530 3605 5588 possunt

2007 5609 2410 5680 comprehendi.
2441 5610 2495 5664 Si
2527 5609 2670 5664 enim
2699 5610 2834 5665 fabri
2864 5627 3001 5685 opus
3029 5628 3133 5667 non
3162 5612 3593 5681 comprehendis,

2008 5700 2179 5756 multo
2201 5701 2378 5756 minus
2401 5701 2491 5755 Dei
2514 5703 2943 5772 praestantissimi
2967 5703 3206 5757 artiﬁcis.
3236 5702 3314 5758 Ne
3333 5705 3490 5759 ﬁdem
3516 5721 3604 5762 er.

2010 5809 2078 5865 εί)
2124 5794 2331 5865 negetis
2355 5793 2728 5849 resurrectioni
2759 5812 2772 5851 :
2805 5810 2925 5850 nam
2959 5811 2985 5850 a
3009 5810 3104 5868 spe
3130 5793 3432 5858 futurorum
3451 5797 3606 5866 lotlgu
