3992 6432
456 339 566 395 «ιδ

462 459 703 512 aberitis.
734 459 839 514 Sed
868 477 1110 530 quaenam
1147 469 1226 512 est
1259 459 1514 526 sapientia
1543 455 2047 519 contradicentium,

462 549 573 604 imo
596 551 783 620 ingens
809 553 1073 606 stultitia?
1102 552 1165 604 Et
1195 550 1486 620 quomodo,
1524 549 1809 618 inquiunt,
1839 547 2052 617 quando

461 655 657 708 corpus
689 651 846 696 terra:
879 643 1224 697 commixtum
1254 649 1338 693 est
1363 649 1417 694 et
1448 642 1642 694 factum
1671 648 1753 694 est
1781 649 1918 694 terra
1939 681 1953 703 ,
1997 648 2050 692 et

465 735 581 786 hzec
615 749 827 788 rursum
869 736 974 788 alio
1003 736 1254 788 translata
1279 733 1472 799 fuerit,
1501 743 1745 804 resurget
1774 743 1950 788 tamen
1983 734 2048 786 ii-

460 823 596 877 lnd?
630 825 740 880 lloc
769 827 860 879 tibi
887 826 1106 880 dubium
1133 826 1342 879 videtur
1371 841 1490 880 esse
1509 867 1525 892 ,
1558 825 1652 879 sed
1685 841 1790 878 non
1819 825 2047 878 insomni

451 913 533 967 Illi
564 917 720 969 oculo
765 934 778 970 :
829 918 926 986 ipsi
969 917 1112 970 enim
1154 916 1433 971 manifesta
1471 917 1650 970 onmia
1697 927 1840 970 sunt.
1889 916 1952 968 Et
1994 926 2047 968 tu

456 1009 671 1076 quidem
700 1025 803 1064 non
836 1010 984 1064 vides
1017 1009 1336 1065 divisionem
1357 1028 1478 1081 qua:
1503 1021 1585 1066 est
1615 1011 1667 1064 in
1693 1011 2044 1074 confusione;

458 1100 550 1152 ille
575 1115 701 1154 vero
731 1100 906 1154 omnia
937 1101 1118 1155 novit:
1152 1102 1582 1170 quandoquidem
1631 1111 1684 1155 tu
1718 1101 1930 1170 ignoras
1957 1101 2045 1154 illa

454 1206 574 1258 qtae
627 1192 676 1244 in
703 1191 867 1246 corde
895 1193 1120 1261 proximi
1163 1201 1319 1253 sunt;
1355 1193 1442 1246 ille
1490 1208 1618 1246 vero
1659 1193 1836 1245 otnnia
1875 1191 2041 1246 novit.

457 1282 512 1335 Si
544 1297 693 1352 ergo,
723 1285 844 1352 quia
876 1284 1091 1353 ignoras
1123 1285 1393 1354 quomodo
1416 1285 1698 1338 resuscitct
1740 1285 1899 1348 Deus,
1937 1300 2042 1337 non

452 1373 628 1427 credis
663 1375 805 1444 quod
839 1375 1158 1439 resuscitet,
1193 1391 1297 1429 noa
1339 1375 1525 1430 credes
1571 1377 1730 1429 etiam
1757 1415 1772 1441 ,
1805 1375 1948 1444 quod
1981 1391 2042 1430 ea

450 1480 569 1533 qnze
611 1465 662 1518 in
694 1475 874 1520 mente
900 1478 1026 1520 sunt
1056 1476 1276 1522 noscat:
1304 1484 1424 1521 nam
1457 1483 1630 1538 neque
1650 1469 1735 1522 illa
1759 1479 2040 1538 apparent.

448 1555 610 1626 Atqui
643 1555 694 1608 in
737 1571 966 1626 corpore
1007 1560 1229 1613 materia
1271 1559 1486 1627 quidem
1532 1573 1613 1614 εει
1645 1560 1899 1624 visibilis,
1940 1561 2042 1615 etsi

448 1647 817 1712 dissolvatur;
869 1649 976 1701 ilhc.
1003 1665 1130 1702 vero
1172 1651 1521 1718 cogitationes
1561 1651 1858 1706 invisibiles
1895 1661 2039 1706 sunt.

449 1738 551 1802 Qui
579 1753 708 1808 ergo
737 1739 1016 1793 invisibilia
1045 1756 1164 1793 cum
1189 1743 1334 1793 omni
1361 1743 1703 1798 accuratione
1729 1745 1894 1807 novit,
1918 1744 2042 1798 visi-

447 1826 575 1880 bilia
601 1843 706 1881 non
735 1829 955 1894 videbit,
984 1846 1082 1885 nec
1117 1831 1276 1886 facile
1301 1847 1498 1902 corpus
1535 1833 1773 1887 dividet?
1805 1837 1896 1888 Est
1920 1837 2039 1890 cui-

447 1921 530 1974 vis
553 1923 916 1990 perspicuum.
945 1923 1020 1976 Ne
1049 1925 1211 1992 igitur
1233 1927 1616 1980 resurrectioni
1647 1926 1804 1980 fidem
1835 1944 1997 1998 neges
2023 1946 2038 1982 :

445 2023 531 2066 est
558 2014 756 2082 quippe
803 2015 995 2086 dogma
1032 2016 1381 2074 diabolicum.
1428 2017 1538 2071 Iloc
1575 2018 1826 2074 diabolus
1851 2030 2037 2090 curat,

445 2120 551 2158 non
571 2107 729 2159 modo
753 2115 808 2160 ut
830 2110 1207 2163 resurrectioni
1233 2126 1339 2163 non
1360 2110 1630 2173 credatur,
1653 2113 1745 2166 sed
1766 2121 1895 2166 etut
1926 2115 2036 2168 vir-

445 2201 575 2255 tutis
598 2217 761 2269 opera
802 2203 1163 2256 diSsolvamur
1193 2213 1248 2257 et
1277 2213 1520 2272 pereant.
1562 2205 1736 2259 Homo
1773 2207 1914 2260 enim
1945 2209 2036 2277 qui

445 2309 552 2348 non
579 2302 856 2362 exspectat
883 2308 943 2348 SC
986 2305 1412 2349 I‘CSUI'I'CCIUI'UIII
1437 2337 1450 2359 ,
1485 2306 1537 2349 et
1565 2311 1786 2366 operum
1818 2314 2035 2353 suorum

444 2386 704 2438 rationem
735 2369 1226 2450 redditurumanon
1264 2390 1372 2442 cito
1401 2390 1652 2445 virtutem
1682 2391 1884 2457 adibit;
1931 2394 2038 2448 vir-

443 2478 540 2530 tuti
571 2493 696 2532 vero
743 2494 848 2532 non
899 2481 1034 2533 dans
1079 2495 1298 2548 operam
1325 2523 1338 2546 ,
1379 2497 1564 2536 rursus
1607 2500 1712 2537 non
1761 2486 1943 2539 credet
1971 2502 2032 2541 se

439 2579 864 2623 resurrecturum
899 2588 911 2622 :
944 2570 1104 2623 ambo
1143 2572 1288 2625 enim
1335 2573 1560 2626 alterunt
1591 2574 1660 2627 ab
1693 2576 1861 2630 altero
1908 2593 2033 2646 pro-

439 2660 653 2722 bantur,
687 2660 921 2730 nequitia
960 2661 1028 2714 ab
1057 2662 1465 2727 incredulitate,
1507 2675 1560 2718 et
1609 2665 1954 2723 incredulitas
2002 2685 2031 2723 a

437 2750 694 2820 nequitia.
720 2752 1055 2806 Conscientia
1073 2754 1216 2808 enim
1249 2755 1432 2810 multis
1463 2757 1618 2825 plena
1639 2759 1818 2824 malis,
1840 2761 2033 2816 timens

435 2859 502 2898 ac
532 2853 769 2899 tremens
787 2844 1018 2899 futuram
1049 2846 1334 2912 ultionem,
1367 2849 1488 2917 quia
1519 2865 1626 2902 non
1655 2851 1767 2904 vult
1796 2868 1824 2904 a
1855 2864 2034 2906 muta-

438 2937 585 2991 tione
609 2938 675 2990 ad
701 2937 925 2992 meliora
952 2940 1376 2995 consolationem
1405 2944 1640 3011 assequi,
1667 2944 1734 2997 ab
1777 2945 2026 3001 incredu-

443 3027 592 3081 litate
636 3028 748 3080 vult
795 3029 1029 3094 quietem
1065 3030 1310 3098 adipisci.
1341 3031 1417 3086 Te
1458 3033 1601 3086 enim
1649 3051 1747 3088 nec
1790 3052 2030 3094 resurre-

436 3121 634 3174 tionem
662 3121 873 3175 dicente
901 3137 1000 3176 nec
1026 3123 1306 3192 judicium,
1329 3124 1419 3178 ille
1440 3141 1651 3194 quoque
1674 3128 1812 3182 dicet
1837 3146 1851 3182 :
1885 3130 2027 3201 Ergo

435 3228 609 3280 neque
635 3227 735 3282 ego
767 3213 1032 3268 scelerum
1077 3216 1342 3269 rationem
1378 3216 1536 3270 dabo.
1578 3217 1681 3272 Sed
1728 3220 1851 3288 quid
1897 3222 2028 3278 dicit

431 3303 720 3358 Christus:
756 3304 970 3370 Erratis,
1023 3307 1298 3359 nescientes
1327 3307 1626 3378 Scriptura:
1665 3327 1824 3380 neque
1868 3317 2026 3367 virtu-

432 3403 532 3447 tem
563 3394 653 3446 Dei
683 3395 894 3465 (.llau/t.
923 3395 1013 3448 22.
1036 3397 1152 3463 9.9).
1176 3396 1355 3467 Neque
1382 3401 1525 3453 enim
1557 3409 1662 3454 tam
1689 3405 1851 3458 multa
1882 3405 2024 3460 Deus

433 3497 578 3542 esset
607 3500 880 3557 operatus,
913 3490 1011 3542 nisi
1038 3505 1136 3543 nos
1158 3493 1572 3546 resuscitaturus
1599 3503 1762 3558 esset,
1789 3497 1882 3550 sed
1913 3497 2024 3552 dis-

431 3581 702 3634 soluturus
740 3591 794 3636 et
824 3583 874 3634 in
908 3582 1132 3637 nihilum
1160 3583 1474 3638 redacturus
1503 3602 1516 3637 :
1542 3603 1647 3640 non
1679 3597 1880 3643 tantum
1909 3606 2019 3645 ειυ-

430 3673 536 3726 Ιιιηι
564 3673 919 3737 extendissct,
945 3690 1050 3728 non
1080 3684 1276 3728 terram
1320 3676 1598 3731 stravisset
1625 3720 1639 3741 ,
1673 3694 1777 3733 non
1826 3691 2018 3737 extera

429 3764 606 3817 omnia
641 3779 736 3834 pro
768 3765 866 3818 hac
911 3766 1084 3819 solum
1131 3767 1280 3820 brevi
1309 3769 1412 3820 vita
1463 3770 1696 3824 fecisset.
1735 3772 1789 3826 Si
1838 3785 2015 3827 autem

430 3855 544 3910 haec
572 3854 698 3909 fecit
729 3872 825 3925 pro
854 3859 1125 3926 praesenti,
1155 3858 1282 3927 quid
1311 3874 1415 3914 non
1460 3858 1620 3916 faciet
1671 3877 1766 3930 pro
1797 3863 1970 3922 futura
1993 3869 2018 3920 ἲ

425 3948 480 4003 Si
512 3965 638 4002 vero
669 3950 816 4004 nulla
867 3951 936 4005 sit
976 3951 1174 4018 futura,
1237 3952 1300 4005 iis
1325 3994 1340 4018 ,
1373 3971 1493 4022 qua:
1543 3971 1638 4023 pro
1681 3957 1834 4012 nobis
1876 3959 2011 4013 facta

422 4051 564 4104 sunt,
592 4043 748 4111 longe
773 4061 958 4098 sumus
981 4045 1220 4099 viliores.
1252 4047 1382 4100 Nam
1411 4048 1622 4114 caelum,
1662 4060 1834 4118 terra,
1866 4069 2012 4108 mare

424 4145 478 4186 et
521 4133 740 4188 ﬂumina
772 4148 898 4190 sunt
922 4139 1074 4191 nobis
1099 4140 1396 4204 Stabiliora,
1431 4156 1638 4196 necnon
1676 4143 1829 4198 bruta
1860 4163 2009 4214 qua:-

423 4227 545 4279 dam
574 4245 586 4278 :
620 4244 741 4281 nam
768 4239 818 4281 et
839 4230 1022 4283 cornix
1046 4240 1099 4284 et
1119 4231 1522 4300 elephantorum
1546 4251 1735 4304 genus,
1765 4247 1817 4290 et
1846 4240 2007 4294 multa

419 4319 522 4374 alia
554 4320 884 4376 diuturniore
907 4324 1012 4378 vita
1061 4325 1312 4393 praesenti
1354 4325 1618 4381 fruuntur.
1650 4329 1815 4383 Nobis
1845 4332 2006 4386 etiam

418 4421 473 4464 et
501 4413 675 4468 brevis
705 4424 758 4468 et
784 4417 1046 4470 laboriosa
1093 4419 1344 4480 estvita;
1397 4419 1490 4472 sed
1534 4435 1639 4474 non
1697 4423 1839 4477 illis:
1883 4440 2003 4479 nam

421 4508 576 4576 longa
613 4524 801 4562 eorum
835 4511 938 4563 vita
971 4519 1087 4573 est,
1141 4527 1204 4565 ae
1245 4512 1567 4566 maeroribus
1605 4513 1855 4583 curisque
1905 4533 2003 4570 va-

416 4615 539 4654 cua.
566 4601 700 4664 Quid
741 4615 869 4670 ergo
889 4643 904 4665 ,
931 4602 1018 4655 die
1045 4603 1213 4668 mihi,
1243 4618 1504 4658 servosne
1531 4606 1771 4660 melioris
1812 4609 2002 4663 condi-

419 4691 582 4743 tionis
612 4690 733 4745 fecit
762 4708 918 4760 quam
961 4692 1250 4747 dominos?
1275 4693 1373 4761 Ne,
1395 4711 1599 4764 quzeso,
1633 4712 1700 4750 ne
1732 4698 1853 4752 talia
1884 4701 1999 4753 exi-

415 4781 647 4834 stimes:
707 4797 878 4852 neque
925 4782 998 4836 sis
1049 4791 1226 4837 mente
1278 4785 1472 4852 inops,
1525 4801 1560 4840 o
1619 4787 1814 4854 homo,
1869 4804 2001 4845 neve

413 4874 626 4940 ignores
655 4873 866 4928 divitias
897 4876 985 4929 Dei
1013 4919 1027 4941 ,
1077 4892 1198 4930 cum
1232 4877 1389 4931 talem
1439 4877 1635 4934 habeas
1691 4880 1994 4937 Dominum.

413 4962 546 5017 Nam
575 4964 642 5017 ab
671 4965 818 5020 initio
853 4968 990 5021 Deus
1015 4979 1066 5022 te
1089 4967 1443 5024 immortalem
1468 4969 1646 5026 facere
1672 4972 1834 5026 voluit
1858 4992 1872 5035 ;
1901 4975 1995 5028 sed

418 5065 474 5108 ιιι
507 5055 741 5110 noluisti.
777 5056 1197 5113 lmn‘tortalitatis
1222 5061 1363 5114 enim
1390 5061 1674 5139 :enigmata
1706 5075 1857 5118 erant
1883 5065 1992 5131 illa,

409 5146 735 5214 colloquium
763 5164 882 5201 cum
931 5151 1040 5205 Deo
1066 5194 1080 5215 ,
1114 5151 1220 5205 vita
1256 5167 1362 5205 non
1415 5151 1717 5221 laboriosa,
1770 5155 1992 5211 liberum

405 5253 528 5292 esse
548 5255 578 5292 a
607 5237 826 5305 dolore,
861 5256 988 5294 cura
1017 5253 1180 5312 atque
1211 5242 1482 5298 laboribus
1508 5245 1736 5315 aliisque
1781 5256 1990 5317 tempo-

408 5333 607 5386 raucis.
639 5331 822 5402 Neque
861 5335 1002 5388 enim
1044 5346 1192 5391 veste
1222 5352 1358 5406 opus
1388 5337 1618 5392 habebat.
1645 5340 1812 5394 Adam
1834 5383 1848 5403 ,
1884 5357 1988 5396 non

403 5435 568 5491 tecto,
600 5441 704 5480 non
726 5427 832 5482 alio
858 5431 1048 5496 quovis
1077 5431 1238 5484 simili
1260 5443 1548 5499 apparatu;
1578 5433 1671 5488 sed
1701 5435 1868 5504 magis
1891 5451 1980 5490 an-

402 5519 537 5585 gelis
577 5519 765 5573 similis
801 5529 950 5586 erat,
1005 5524 1170 5576 umlta
1199 5523 1497 5579 futurorum
1541 5528 1895 5594 prtesciebat,
1935 5538 1990 5582 et

405 5611 662 5676 sapientia
708 5625 822 5669 erat
853 5614 1018 5668 multa
1049 5616 1260 5686 plenus.
1298 5617 1361 5671 Et
1391 5619 1531 5688 quod
1577 5619 1806 5674 latenter
1851 5622 1989 5675 Deus

405 5697 528 5752 fecit
555 5742 568 5761 ,
599 5703 648 5755 id
679 5706 765 5760 ille
788 5709 1034 5776 cognovit
1054 5748 1068 5771 ,
1103 5707 1246 5761 circa
1271 5709 1547 5763 mulierem
1591 5711 1796 5764 scilicet
1821 5727 1834 5774 ;
1867 5710 1988 5765 ideo

401 5789 608 5844 diccbat
634 5811 645 5845 :
684 5795 792 5852 Hoc
823 5815 955 5852 nunc
985 5816 1040 5854 os
1063 5816 1123 5854 ex
1152 5800 1343 5857 ossibus
1373 5803 1512 5870 meis,
1538 5813 1580 5854 et
1609 5819 1727 5855 caro
1749 5819 1810 5857 ex
1834 5818 1984 5856 carne

1141 346 1196 401 S.
1236 342 1513 398 JOANNIS
1548 338 2025 396 CIIRYSOSTOMI
2065 335 2380 396 ARCHIEP.
2422 343 2952 400 CONSTANTINOP.

3637 357 3724 414 ut

2167 471 2276 507 mea
2307 455 2460 526 (Gen.
2492 459 2546 513 2.
2577 459 2693 527 9.5).
2749 461 2925 524 Labor
2980 471 3157 518 autem
3209 474 3387 532 postea
3431 477 3576 524 ortus
3618 486 3724 537 est,

2159 544 2353 600 deinde
2371 548 2555 613 sudor,
2577 563 2758 618 posma
2784 553 2955 620 pudor
2975 564 3030 608 et
3057 555 3218 609 timor
3238 567 3290 608 et
3311 557 3474 613 libere
3492 561 3727 630 loquendi

2158 636 2492 694 difficultas:
2545 653 2671 697 tunc
2695 645 2838 698 enim
2891 662 2994 699 non
3029 661 3249 711 nimror.
3276 664 3380 703 non
3406 651 3578 720 dolor,
3631 674 3727 714 non

2159 729 2410 797 gemitus.
2443 731 2550 787 Sed
2578 735 2632 788 in
2659 735 2917 802 dignitate
2947 738 3040 791 illa
3069 755 3175 793 non
3205 741 3420 796 mansit.

2229 820 2282 873 4.
2314 821 2451 887 Quid
2500 839 2660 893 ergo.
2721 827 2964 895 inquies,
2998 828 3188 884 faciant
3216 832 3360 900 ego?
3409 846 3624 906 propter
3672 842 3728 894 il-

2159 909 2338 967 lumue
2369 918 2618 983 peream?
2643 917 2759 972 Non
2784 933 2915 974 sane
2937 931 3159 990 propter
3179 923 3326 978 illum
3355 941 3372 979 :
3405 942 3575 996 neque
3594 933 3724 986 enim

2156 1011 2210 1056 tu
2243 1005 2359 1058 sine
2409 1017 2629 1074 peccato
2671 1011 3066 1074 mansisti,sed
3097 1015 3306 1070 etiamsi
3359 1034 3464 1072 non
3507 1020 3722 1090 idipsum

2155 1107 2434 1164 peccatutn
2459 1139 2472 1162 ,
2503 1099 2646 1153 aliud
2679 1101 2864 1169 utique
2890 1103 3176 1158 admisisti.
3207 1106 3457 1178 Alioquin
3505 1103 3724 1168 autem'a

2155 1186 2431 1254 punitione
2462 1205 2566 1242 non
2598 1191 2853 1245 dauunun
2886 1196 3180 1262 accepisti,
3236 1198 3329 1252 sed
3379 1200 3610 1258 lucratus
3648 1223 3720 1261 es.

2151 1275 2282 1330 Nam
2311 1279 2354 1331 si
2384 1278 2666 1336 debuisses
2689 1298 2904 1351 semper
2931 1286 3174 1340 mortalis
3207 1304 3424 1345 manere
3444 1333 3457 1355 ,
3504 1294 3720 1365 aliquam

2151 1366 2288 1423 forte
2316 1371 2576 1426 rationem
2613 1372 2834 1428 haberet
2860 1375 2909 1428 id
2927 1377 3067 1445 quod
3096 1377 3295 1432 dictum
3323 1391 3406 1436 est
3431 1401 3444 1436 :
3474 1401 3610 1440 nime
3631 1405 3721 1442 au-

2153 1467 2258 1512 tem
2291 1461 2606 1516 immortalis
2636 1479 2716 1528 es,
2767 1466 2885 1518 etsi
2920 1467 3053 1520 velis
3079 1509 3092 1530 ,
3145 1469 3264 1537 plus
3305 1487 3464 1537 quam
3492 1476 3570 1528 sol
3619 1478 3722 1547 ipse

2149 1550 2431 1618 splendere
2459 1554 2682 1621 poteris.
2727 1555 2832 1609 Sed
2863 1557 2963 1611 nisi
2993 1560 3220 1614 mortale
3247 1578 3446 1632 corpus
3493 1573 3717 1637 accepis-

2148 1657 2284 1704 sem,
2319 1645 2528 1715 inquies
2552 1687 2565 1709 ,
2601 1662 2706 1701 non
2751 1664 3079 1718 peccassem.
3111 1652 3248 1717 Quid
3277 1669 3442 1724 ergo,
3488 1673 3554 1712 an
3601 1661 3716 1728 ille,

2147 1751 2363 1802 quaeso,
2421 1739 2648 1794 mortale
2699 1755 2897 1808 corpus
2943 1741 3147 1798 habens
3202 1750 3487 1815 peccavit?
3528 1751 3719 1822 Nequa-

2146 1841 2304 1893 quam
2341 1845 2352 1879 :
2384 1844 2508 1883 nam
2538 1831 2580 1884 si
2614 1833 2842 1886 mortale
2874 1833 3090 1898 fuisset,
3128 1852 3234 1890 non
3279 1849 3462 1907 postea
3491 1845 3716 1912 supplicii

2146 1917 2264 1973 loco
2304 1930 2532 1974 mortem
2589 1937 2802 1989 passum
2855 1935 3020 1980 esset.
3071 1927 3226 1995 Quod
3277 1940 3458 1986 autem
3513 1939 3717 1992 mort-ile

2144 2024 2341 2078 corpus
2371 2026 2476 2063 non
2509 2012 2580 2065 sit
2626 2012 3066 2081 impedimentum
3109 2018 3174 2071 ad
3209 2020 3494 2089 virtutem,
3543 2027 3631 2080 sed
3670 2040 3719 2083 et

2147 2111 2532 2171 temperantem
2566 2106 2752 2160 reddat
2772 2118 2824 2161 et
2852 2109 3077 2164 multum
3103 2113 3370 2182 conferat,
3405 2116 3528 2173 hinc
3559 2121 3714 2189 palam

2143 2204 2245 2248 est.
2275 2195 2331 2249 Si
2359 2195 2500 2248 enim
2546 2198 2962 2256 immortalitatis
3011 2208 3350 2272 exspectatio
3379 2211 3550 2266 solum
3592 2215 3715 2266 Ada.

2144 2304 2287 2343 mum
2317 2298 2519 2344 tantum
2546 2293 2763 2357 extulit;
2797 2295 2840 2348 si
2865 2311 3051 2351 revera
3078 2299 3399 2357 immortalis
3428 2308 3712 2372 mansisset,

2141 2381 2194 2434 iu
2223 2395 2476 2451 quantam
2507 2387 2868 2455 arrogantiam
2905 2405 3010 2444 non
3061 2396 3455 2462 processisset?
3486 2402 3548 2456 Et
3589 2417 3716 2455 nunc

2139 2477 2352 2545 quidem
2386 2489 2503 2546 post
2537 2491 2812 2549 peccatum
2845 2494 2998 2552 potes
3031 2499 3245 2554 peccata
3303 2492 3516 2549 solvere
3539 2537 3552 2558 ,
3604 2491 3712 2550 eum

2137 2583 2334 2638 corpus
2353 2571 2423 2624 sit
2445 2572 2663 2637 humile,
2688 2573 2957 2644 abjectum
2979 2586 3036 2631 et
3052 2577 3373 2635 dissolutum
3394 2600 3408 2647 ;
3435 2584 3516 2639 ha:
3535 2590 3714 2656 quippe

2135 2662 2486 2729 cogitationes
2513 2673 2735 2731 possunt
2764 2672 3155 2735 temperantem
3185 2671 3413 2726 reddere
3438 2693 3450 2728 :
3475 2675 3518 2728 si
3548 2688 3709 2730 autem

2139 2768 2416 2820 peccaSses
2457 2751 2511 2806 in
2559 2754 2884 2818 immortali,
2914 2758 3189 2812 stabiliora
3233 2760 3461 2818 fortasse
3505 2765 3709 2819 fuissent

2135 2856 2385 2914 peccata,
2400 2845 2518 2898 Non
2547 2861 2677 2917 ergo
2706 2849 2952 2902 mortalis
2981 2861 3170 2903 natura
3202 2867 3367 2906 causa
3395 2855 3588 2922 peccati
3615 2868 3706 2922 est,

2136 2953 2203 2990 ne
2226 2950 2477 3000 accuses;
2506 2936 2601 2990 sed
2633 2936 2828 2990 malum
2852 2938 3139 2994 voluntatis
3170 2945 3501 3012 propositum
3527 2955 3605 3000 est
3629 2963 3708 3001 ra-

2132 3027 2220 3080 dix
2274 3028 2559 3081 malorum.
2589 3030 2697 3083 Cur
2725 3027 2870 3084 enim
2922 3030 3140 3086 Abelem
3169 3047 3371 3103 corpus
3412 3052 3513 3090 non
3545 3038 3708 3092 laesit?

2134 3134 2227 3172 cur
2249 3118 2380 3172 nihil
2407 3119 2604 3188 profuit
2629 3119 2983 3186 dremonibus,
3012 3123 3153 3191 quod
3181 3136 3362 3180 essent
3387 3128 3713 3198 incorporei?

2133 3210 2226 3265 Vis
2255 3213 2394 3266 scire
2422 3213 2694 3282 quomodo
2723 3228 2922 3282 corpus
2951 3215 3180 3269 mortale
3226 3233 3336 3271 non
3367 3219 3593 3288 lat-serit,
3621 3221 3703 3275 sed

2129 3303 2287 3357 etiam
2325 3303 2509 3372 juvet?
2553 3304 2678 3358 audi
2699 3316 2896 3374 quanta
2943 3305 3068 3360 hinc
3119 3307 3380 3375 lucreris,
3433 3312 3476 3364 si
3510 3312 3700 3381 vigiles.

2127 3396 2446 3451 Maeroribus
2467 3438 2482 3461 ,
2513 3397 2789 3451 doloribus
2818 3408 2978 3467 atque
3012 3399 3288 3454 laboribus
3316 3400 3540 3472 aliisque
3564 3401 3701 3456 simi-

2128 3489 2268 3543 libus
2299 3499 2350 3543 te
2381 3489 2604 3544 retrahit
2633 3498 2688 3543 et
2717 3489 2898 3543 avellit
2927 3504 2955 3542 a
2985 3490 3133 3544 vitio.
3163 3490 3270 3545 Sed
3303 3493 3462 3547 etiam
3492 3493 3557 3548 ad
3603 3494 3701 3546 fore

2126 3581 2474 3646 nicationem,
2503 3581 2736 3650 inquies,
2771 3581 2976 3636 trahit?
3003 3581 3118 3635 Non
3151 3599 3373 3652 corpus,
3407 3585 3503 3639 sed
3528 3587 3699 3639 incon-

2124 3675 2349 3728 tinentia
2377 3693 2390 3727 :
2431 3673 2544 3728 hare
2574 3676 2774 3744 quippe
2800 3675 3001 3741 omnia,
3032 3692 3152 3744 qua:
3179 3676 3313 3743 dixi,
3342 3680 3558 3732 omnino
3590 3694 3698 3732 cor-

2123 3767 2271 3836 poris
2299 3775 2444 3821 sunt.
2473 3768 2810 3836 Quapropter
2843 3769 2954 3822 fieri
2987 3769 3174 3838 nequit
3219 3779 3277 3824 ιιι
3308 3773 3467 3826 homo
3495 3776 3544 3825 in
3572 3773 3696 3825 hanc

2120 3859 2281 3911 vitam
2311 3859 2529 3912 veniens
2556 3874 2661 3912 non
2689 3859 2906 3924 doleat,
2954 3859 3162 3914 laboret
3200 3871 3253 3914 et
3291 3875 3510 3918 maereat
3537 3881 3550 3929 ;
3599 3879 3692 3917 non

2119 3950 2370 4005 fornicari
2397 3965 2524 4005 vero
2571 3959 2763 4018 potest.
2796 3948 2978 4020 itaque
3008 3952 3051 4004 si
3101 3961 3310 4007 natura:
3341 3956 3579 4024 corporis
3617 3970 3692 4009 es-

2115 4053 2238 4099 sent
2262 4059 2348 4103 ea,
2379 4059 2498 4113 qua:
2531 4043 2597 4096 ad
2629 4043 2751 4097 vitia
2785 4045 3054 4113 pertinent
3076 4085 3090 4108 ,
3127 4046 3447 4103 universalia
3479 4059 3686 4104 essent:

2117 4135 2240 4188 talia
2269 4134 2412 4189 enim
2442 4135 2705 4188 naturalia
2731 4146 2890 4197 sunt;
2921 4146 2976 4188 at
3012 4152 3116 4190 non
3146 4138 3266 4192 talis
3294 4155 3382 4194 res
3427 4151 3506 4195 est
3536 4142 3688 4195 forni-

2112 4227 2223 4281 cari
2251 4242 2264 4278 τ
2297 4226 2483 4280 dolere
2514 4225 2636 4280 inde
2663 4227 2930 4296 provenit,
2965 4228 3214 4283 fornicari
3253 4242 3434 4286 autem
3473 4248 3535 4287 ex
3569 4247 3681 4302 pro-

2113 4321 2287 4390 posito
2317 4318 2625 4373 voluntatis.
2651 4318 2728 4373 Ne
2754 4334 2884 4390 ergo
2907 4335 3103 4389 corpus
3133 4337 3392 4389 accuses,
3429 4341 3494 4379 ne
3530 4327 3684 4378 hono~

2113 4431 2225 4467 rem
2258 4413 2350 4467 tibi
2379 4414 2585 4467 auferat
2606 4413 2851 4466 diabolus
2873 4453 2887 4478 ,
2935 4429 3093 4482 quem
3128 4415 3220 4468 tibi
3249 4417 3398 4471 dedit
3447 4418 3599 4472 Deus.
3632 4417 3681 4469 Si

2108 4507 2252 4558 enim
2292 4504 2520 4558 velimus
2548 4544 2562 4566 ,
2592 4504 2849 4571 optimum
2906 4503 3112 4558 frenum
3143 4507 3248 4560 erit
3285 4523 3482 4576 corpus
3503 4548 3518 4572 ,
3550 4506 3678 4576 quod

2105 4597 2301 4649 animae
2323 4595 2551 4648 insultus
2575 4603 2844 4661 coerceat,
2875 4596 3232 4664 arrogantiam
3252 4599 3469 4662 avellat,
3500 4600 3676 4652 fastum

2107 4687 2399 4756 reprimat,
2447 4695 2503 4740 et
2535 4687 2586 4740 in
2615 4687 2887 4756 praeclaris
2930 4689 3185 4755 operibus
3214 4689 3368 4744 nobis
3405 4690 3675 4744 ministret.

2105 4776 2182 4832 Ne
2204 4779 2335 4832 mihi
2358 4778 2592 4832 furentes
2617 4777 2878 4848 quosdam
2909 4779 3058 4834 dicas
3089 4798 3102 4833 ε
3133 4796 3257 4834 nam
3285 4797 3430 4852 sa-pe
3451 4783 3674 4836 videmus

2104 4883 2270 4938 equos
2297 4869 2532 4938 aurigam
2574 4869 2920 4925 deturbantes
2951 4887 3071 4925 cum
3104 4871 3256 4927 freno
3283 4882 3339 4927 et
3370 4889 3463 4942 per
3503 4874 3674 4941 preci-

2106 4963 2230 5030 pitia
2277 4977 2400 5015 sese
2445 4960 2668 5026 dantes;
2703 4962 2795 5016 sed
2847 4962 3054 5016 frenum
3089 4980 3193 5019 non
3224 4965 3530 5034 culpamus;
3573 4978 3669 5016 non

2101 5057 2244 5110 enim
2279 5055 2404 5108 illud
2451 5055 2717 5125 ahjectum
2770 5056 2821 5110 in
2865 5066 3153 5120 causaest,
3189 5058 3283 5112 sed
3332 5059 3543 5127 auriga,
3587 5053 3667 5123 qui

2102 5164 2208 5201 non
2239 5148 2474 5210 retinuit,
2503 5149 2680 5200 omnia
2707 5147 2959 5216 perdidit.
2991 5148 3064 5201 ita
3096 5148 3183 5202 hic
3211 5165 3423 5219 quoque
3445 5155 3619 5214 reputa
3654 5161 3666 5196 :

2099 5240 2143 5293 si
2194 5239 2391 5292 videris
2445 5239 2696 5306 juvenem
2735 5241 3074 5309 orphanum,
3121 5250 3174 5295 et
3217 5243 3353 5296 mala
3402 5242 3666 5294 innumera

2100 5342 2494 5398 perpetrantem
2517 5372 2530 5389 .
2565 5347 2630 5385 ne
2682 5347 2879 5401 corpus
2926 5333 3161 5396 incuses,
3195 5333 3286 5387 sed
3308 5333 3538 5401 aurigam
3583 5328 3662 5398 qui

2099 5422 2346 5483 trahitur,
2367 5439 2559 5492 nempe
2596 5425 2880 5478 rationem.
2910 5423 3058 5478 Sicut
3085 5424 3226 5478 enim
3270 5423 3416 5478 frena
3445 5439 3544 5476 non
3576 5436 3664 5473 nc-

2095 5525 2296 5594 gotiutn
2317 5523 2517 5577 faciunt
2538 5523 2757 5592 aurigze,
2785 5522 2881 5576 sed
2905 5522 2992 5576 ille
3013 5524 3252 5576 omnium
3276 5536 3433 5576 eausa
3457 5527 3556 5580 cst,
3580 5513 3660 5583 qui

2098 5615 2335 5670 habenas
2372 5632 2476 5668 non
2525 5615 2690 5683 probe
2726 5615 2961 5678 retinet;
3007 5613 3233 5683 ideoque
3273 5613 3341 5666 ab
3372 5611 3459 5664 ilto
3489 5617 3660 5677 poenas

2095 5717 2367 5777 repetunt,
2398 5723 2518 5760 cum
2556 5706 2644 5760 illo
2671 5707 3004 5774 complicata:
3033 5705 3253 5760 habena:
3279 5716 3330 5758 et
3357 5717 3475 5756 eum
3501 5707 3658 5752 attra-

2101 5799 2234 5854 hunt
2263 5809 2316 5854 et
2343 5807 2538 5870 cogunt
2564 5813 2682 5852 csse
2708 5798 3020 5869 participem
3054 5797 3321 5853 infortunii
3352 5795 3431 5850 sui
3457 5811 3468 5846 :
3497 5793 3566 5845 ita
3608 5793 3656 5840 et
