3992 6492
271 351 367 407 N3

276 468 334 523 οὐ
358 467 435 539 τῷ
467 470 764 544 ἀκοιμήτῳ
781 476 1052 549 ὀφθαλμῷ
1070 495 1082 508 ·
1109 479 1304 550 ἐκείνῳ
1332 481 1443 553 γάρ
1464 481 1687 536 ἅπαντα
1708 481 1861 552 δῆλα.

284 554 385 608 Kal
422 554 487 606 σὺ
523 554 625 638 μὲν
652 557 757 629 οὐχ
789 560 929 630 δρᾷς
954 561 1055 632 τὴν
1091 563 1151 615 ἐν
1191 566 1257 634 τῇ
1290 564 1551 635 συγχύσει
1578 565 1863 638 διαίρεσιν,

281 639 480 701 ἐκεῖνος
524 637 583 691 δὲ
627 640 810 695 πάντα
852 639 1025 698 οἶδεν·
1071 646 1194 699 ἐπεὶ
1229 648 1326 701 zeal
1371 647 1443 701 τὰ
1473 649 1532 701 ἐν
1568 650 1636 720 τῇ
1669 637 1870 720 καρδία

282 723 347 774 σὺ
388 720 487 792 μὲν
526 722 748 790 ἀγνοεῖς
787 725 885 779 106
917 726 1144 798 πλησίον
1162 768 1177 792 ,
1207 731 1416 794 ἐκεῖνος
1454 730 1512 783 δὲ
1541 731 1722 785 πάντα
1767 733 1867 783 ἐπ-

282 806 516 859 ίσταται.
548 806 613 860 Εί
654 809 836 861 τοίνυν
881 811 1067 882 ἐπειδὴ
1108 814 1323 880 ἀγνοεῖς
1366 814 1487 877 πῶς
1525 815 1809 887 ἀνίστησιν
1840 816 1870 868 6

280 890 440 954 Θεὸς,
479 890 737 955 ἀπιστεῖς
775 894 856 947 ὅτι
899 894 1215 967 ἀνίστησιν,
1281 898 1607 970 ἀπιστήσεις
1640 901 1721 953 ὅτι
1770 899 1868 954 zeal

284 974 347 1027 τά
376 977 430 1025 ἐν
462 977 533 1044 τῇ
562 974 774 1047 διανοίᾳ
796 972 968 1047 οἷδεν;
1007 980 1069 1033 ού
1108 980 1359 1050 φαίνεται
1389 983 1498 1055 γάρ
1526 984 1649 1038 οὐδὲ
1670 984 1865 1042 ταῦτα.

209 1119 221 1132 ἲ
280 1058 474 1110 Καίτοι
521 1059 618 1111 ἐπὶ
662 1059 757 1113 τοῦ
814 1059 1067 1131 σώματος
1133 1064 1233 1134 μὲν
1286 1064 1388 1136 ὕλη
1444 1066 1593 1120 ἐστὶν
1653 1067 1864 1139 ὁρατὴ,

276 1140 382 1194 κᾶν
424 1139 691 1213 διαλυθῇ·
724 1145 930 1197 ἐκεῖναι
964 1146 1021 1200 δὲ
1061 1149 1117 1200 al
1156 1147 1355 1202 ἔννοιαι
1404 1149 1651 1221 ἀόρατοι.
1697 1150 1755 1204 Ὀ
1797 1149 1868 1203 τά

274 1223 495 1293 ἀόρατα
526 1224 709 1279 τοίνυν
758 1227 912 1292 εἰδὼς
968 1229 1107 1299 μετά
1152 1231 1444 1303 ἀκριϐείας
1495 1233 1751 1306 ἀπάσης,
1798 1235 1869 1288 τά

272 1307 453 1375 ὀρατά
498 1308 600 1361 ούκ
639 1309 862 1378 ὄψεται,
891 1315 987 1366 zeal
1034 1313 1304 1386 διαιρήσει
1341 1316 1541 1388 ῥᾳδίως
1576 1317 1639 1372 τὸ
1670 1318 1865 1389 σῶμα;

271 1389 456 1442 Παντί
492 1408 597 1444 που
630 1392 807 1462 δῆλον.
837 1396 930 1466 Μὴ
971 1397 1151 1452 τοίνυν
1183 1399 1404 1453 ἀπίστει
1427 1402 1494 1471 τῇ
1531 1401 1829 1455 ἀναστάσει
1849 1419 1865 1435 ·

268 1471 590 1528 διαϐολικόν
637 1477 744 1547 γάρ
792 1478 853 1531 τὸ
889 1479 1098 1551 δόγμα·
1154 1482 1249 1535 zeal
1297 1483 1594 1548 σπουδάζει
1631 1483 1794 1537 τοῦτο
1840 1486 1869 1538 6

267 1554 553 1621 διάϐολος,
606 1559 703 1630 ούχ
745 1560 832 1614 ἴνα
876 1562 1174 1628 ἀνάστασις
1205 1565 1483 1638 ἀπιστηοῇ
1535 1567 1715 1638 μόνον,
1750 1568 1866 1621 ἀλλ’

270 1640 371 1693 ἵνα
398 1642 499 1695 καὶ
513 1642 583 1696 τά
606 1643 706 1713 τῆς
726 1645 929 1717 ἀρετῆς
948 1645 1084 1718 ἔργα
1103 1649 1386 1721 καταλυθῇ
1409 1652 1504 1704 zeal
1524 1651 1797 1723 ἀπόληται
1814 1664 1865 1707 ι.

273 1725 611 1796 ’Ἄνθρωπος
646 1729 756 1799 γὰρ
781 1729 857 1800 μή
881 1732 1197 1802 προσδοκῶν
1218 1734 1622 1805 ἀναστήσεσθαι
1644 1737 1741 1789 zeal
1765 1736 1868 1790 δώ-

270 1824 397 1860 σειν
432 1808 594 1878 λόγον
642 1810 750 1864 τῶν
788 1815 1235 1885 πεπραγμένων,
1281 1818 1381 1889 οὐχ
1423 1818 1625 1888 ἅψεται
1654 1820 1868 1891 ταχέως

268 1891 489 1962 ἀρετῆς
514 1909 527 1919 ·
562 1892 659 1963 οὐχ
686 1895 991 1965 ἁπτόμενος
1030 1897 1088 1951 δὲ
1125 1899 1358 1971 ἀρετῆς,
1408 1901 1758 1973 διαπιστήσει
1796 1906 1864 1973 τῇ

267 1975 573 2029 ἀναστάσει
608 1978 800 2031 πάλιν·
834 1981 1121 2054 ἀμφότερα
1150 1983 1262 2055 γὰρ
1287 1985 1379 2037 ὑπ’
1412 1984 1662 2056 ἀλλήλων
1694 2003 1866 2040 κατα-

269 2059 629 2142 σκευάζεται,
658 2063 691 2132 ἠ
719 2064 886 2116 κακία
907 2064 1013 2118 ὑπὸ
1031 2066 1133 2134 τῆς
1155 2068 1435 2132 ἀπιστίας,
1459 2070 1555 2123 zeal
1578 2072 1611 2142 ή
1634 2071 1865 2124 ἀπιστία

268 2141 383 2194 ὑπὸ
412 2144 517 2213 τῆς
545 2144 763 2209 κακίας.
794 2146 1011 2201 Πολλῶν
1037 2149 1147 2220 γάρ
1175 2141 1611 2222 πεπληρωμένον
1639 2154 1700 2207 τὸ
1738 2172 1862 2207 συν-

267 2224 415 2288 ειδὸς
454 2227 753 2299 πονηριῶν,
781 2229 1018 2294 δεδοικὸς
1056 2235 1150 2287 zeal
1182 2233 1386 2305 τρέμον
1427 2236 1528 2306 τὴν
1562 2236 1862 2307 μέλλουσαν

268 2309 566 2375 ἀντίδοσιν,
609 2312 796 2384 ἐπειδὴ
842 2315 919 2385 μὴ
961 2314 1210 2386 βούλεται
1257 2317 1366 2371 ἀπὸ
1409 2319 1510 2390 τῆς
1552 2321 1862 2391 μεταϐολῆς

266 2390 373 2461 τῆς
420 2394 515 2446 ἐπὶ
556 2394 626 2447 τὰ
663 2395 926 2450 κάλλιστα
970 2399 1072 2468 τὴν
1121 2400 1475 2471 παραμυθίαν
1511 2390 1857 2473 πορίζεσθαι,

267 2475 383 2529 ἀπὸ
411 2480 512 2549 τῆς
546 2478 805 2544 ἀπιστίας
839 2481 1215 2537 ἀναπαύεσθαι
1256 2484 1526 2554 βούλεται.
1568 2488 1645 2540 Ού
1676 2488 1863 2555 λέγον-

266 2574 366 2622 τος
397 2560 509 2643 γὰρ
544 2560 639 2614 σοῦ
685 2562 986 2618 ἀνάστασιν
1014 2566 1137 2620 οὐδὲ
1177 2569 1382 2639 κρίσιν,
1420 2571 1674 2635 κάκεῖνος
1708 2573 1857 2643 ἐρεῖ·

267 2642 486 2726 Οὐκοῦν
528 2643 653 2697 ούδέ
699 2644 811 2715 ἐγὼ
855 2646 1012 2701 δώσω
1057 2649 1215 2717 λόγον
1259 2651 1370 2707 τῶν
1412 2642 1857 2726 τετολμημένων.

280 2725 447 2781 um
477 2726 530 2779 τί
562 2744 727 2798 φησιν
750 2732 778 2783 ὁ
809 2731 1075 2801 Χριστός;
1106 2733 1464 2800 Πλανᾶσθε,
1504 2738 1593 2806 μὴ
1632 2725 1859 2807 εἰδότες

266 2810 379 2876 τὰς
397 2813 667 2880 Γραφὰς,
683 2812 840 2882 μηδὲ
858 2814 973 2883 τὴν
999 2815 1260 2886 δύναμιν
1276 2819 1384 2874 τοῦ
1402 2821 1572 2875 Θεοῦ.
1597 2822 1729 2875 Οὐδὲ
1750 2824 1858 2893 γὰρ

269 2893 339 2945 ἀν
367 2894 612 2948 τοσαῦτα
649 2897 1144 2967 ἐπραγματεύσατο
1173 2901 1201 2953 6
1227 2902 1381 2968 Θεὸς,
1413 2904 1468 2955 εἴ
1491 2920 1554 2972 γε
1588 2905 1663 2975 μὴ
1693 2905 1856 2976 ἔμελ-

272 2976 366 3029 λεν
386 2979 712 3050 ἀναστήσειν
736 2982 905 3051 ἡμᾶς,
936 2981 1071 3034 ἀλλά
1091 2983 1327 3037 διαλύειν
1350 2987 1445 3039 καὶ
1469 2988 1751 3055 ἀφανίζειν
1777 2992 1857 3052 εἰς

271 3060 336 3113 τὸ
373 3062 541 3133 μηδέν
561 3079 574 3092 ·
615 3063 716 3116 οὐκ
745 3063 811 3117 ἂν
843 3065 935 3118 τὸν
963 3065 1192 3137 οὐρανὸν
1233 3068 1467 3133 ἐξέτεινε
1498 3069 1687 3124 τοῦτον
1709 3111 1723 3135 ,
1755 3072 1857 3125 οὐκ

268 3142 341 3196 ἂν
374 3144 475 3213 τὴν
527 3145 634 3214 γῆν
680 3146 1080 3221 ὑπεστόρεσεν,
1115 3152 1216 3204 ούκ
1245 3152 1312 3205 ἂν
1348 3152 1420 3206 τά
1462 3152 1599 3206 ἀλλα
1643 3154 1858 3209 ἅπαντα

269 3228 411 3299 ὑπὲρ
445 3228 545 3297 τῆς
585 3229 846 3302 βραχείας
882 3233 1028 3304 ζωῆς
1058 3235 1218 3305 μόνον
1247 3235 1452 3308 ταύτης
1480 3238 1756 3308 ἐποίησεν.
1791 3242 1855 3293 Εἰ

268 3313 327 3364 66
349 3312 490 3384 ὑπὲρ
516 3313 619 3384 τῆς
647 3315 928 3389 παρούσης
955 3319 1150 3382 ταῦτα,
1173 3319 1227 3372 τί
1256 3321 1316 3373 ού
1341 3322 1561 3392 ποιήσει
1589 3324 1731 3395 ὑπὲρ
1754 3327 1855 3395 τῆς

275 3396 608 3468 μελλούσης;
643 3398 792 3452 Εἱδέ
838 3402 915 3471 μή
956 3401 1110 3456 ἔσται
1153 3403 1462 3473 μέλλουσα,
1507 3407 1642 3459 πολὺ
1692 3410 1855 3479 ἡμεῖς

272 3480 377 3533 τῶν
399 3482 468 3535 δι’
500 3484 649 3553 ἡμᾶς
678 3485 985 3555 γενομένων
1014 3488 1334 3558 ἀτιμότεροι
1360 3491 1503 3545 κατά
1540 3490 1718 3546 10610.
1748 3495 1855 3548 Kal

271 3564 376 3635 γὰρ
404 3565 638 3636 οὐρανὸς
668 3568 765 3621 zeal
799 3568 873 3639 γῆ
899 3570 992 3623 καὶ
1022 3570 1269 3625 Θάλασσα
1300 3575 1395 3625 zeal
1433 3578 1672 3646 ποταμοὶ
1704 3596 1856 3648 μονι-

274 3648 493 3736 μώτερα
532 3651 713 3736 ἡμῶν,
761 3654 858 3736 zeal
903 3654 1010 3707 τῶν
1056 3655 1269 3724 ἀλόγων
1310 3658 1366 3711 δὲ
1410 3658 1527 3713 ἔνια
1552 3677 1565 3689 ·
1608 3664 1703 3715 καὶ
1745 3665 1854 3736 γὰρ

270 3732 485 3803 κορώνη
510 3734 609 3787 καὶ
639 3734 701 3787 τὸ
725 3735 833 3789 τῶν
854 3738 1162 3806 ἐλεφάντων
1192 3740 1351 3806 γένος
1378 3744 1473 3795 zeal
1496 3743 1671 3797 πολλὰ
1688 3732 1855 3817 ἕτερα

270 3817 489 3871 πλείονα
519 3818 709 3888 χρόνον
739 3820 1002 3873 ἀπολαύει
1031 3824 1131 3892 τῆς
1164 3824 1449 3895 παρούσης
1481 3824 1645 3898 ζωῆς.
1691 3829 1853 3901 Ἡμῖν

266 3898 322 3951 66
348 3902 446 3953 zeal
476 3901 682 3972 βραχὺς
708 3903 803 3955 καὶ
832 3903 1085 3968 ἐπίπονος
1107 3907 1135 3959 6
1165 3904 1298 3975 βίος,
1325 3907 1441 3961 ἀλλ’
1467 3909 1569 3962 οὐκ
1597 3898 1849 3979 ἐκείνοις,

266 3983 405 4038 ἀλλά
443 3985 539 4038 zeal
566 3986 794 4057 μακρὸς,
821 3989 915 4040 zeal
940 3987 1139 4058 μᾶλλον
1168 3990 1409 4061 ἀθυμίας
1431 3992 1525 4045 zeal
1553 3997 1852 4066 φροντίδων

268 4067 706 4139 ἀπηλλαγμένος.
740 4069 806 4121 Τί
843 4066 957 4133 οὖν,
994 4072 1118 4124 εἰπέ
1156 4090 1276 4143 μοι,
1314 4075 1439 4139 τοὺς
1472 4074 1693 4143 δούλους
1728 4080 1849 4150 βελ-

266 4151 417 4214 τίους
470 4152 694 4221 ἐποίησε
746 4152 856 4206 τῶν
898 4153 1207 4221 δεσποτῶν;
1242 4157 1355 4226 Μὴ.
1390 4161 1731 4230 παρακαλῶ,
1776 4162 1851 4235 μὴ

266 4234 439 4288 ταῦτα
465 4236 703 4304 λογίζου,
727 4237 862 4309 μηδέ
890 4236 1138 4310 πτώχευε
1163 4240 1261 4311 τὴν
1289 4241 1549 4309 διάνοιαν,
1571 4234 1849 4315 ἄνθρωπε,

271 4319 409 4391 μηδὲ
442 4319 627 4387 ἀγνόει
671 4321 764 4373 τὸν
811 4320 1043 4375 πλοῦτον
1083 4322 1178 4375 τοῦ
1210 4322 1370 4390 Θεοῦ,
1419 4326 1661 4381 τοιοῦτον
1712 4328 1851 4401 ἔχων

269 4403 568 4473 Δεσπότην.
604 4404 712 4457 Kal
738 4403 848 4476 γάρ
874 4405 935 4469 ἐξ
962 4406 1138 4476 ἀρχῆς
1166 4422 1227 4459 σε
1251 4406 1503 4461 ἐϐούλετο
1527 4410 1796 4466 ἀθάνατον
1822 4416 1851 4466 6

267 4486 400 4551 Θεὸς
432 4487 676 4557 ποιῆσαι.
715 4488 829 4542 ἀλλ’
868 4491 969 4544 οὐκ
1000 4490 1273 4564 ἠθέλησας
1309 4492 1394 4547 σύ.
1429 4494 1544 4548 Kal
1569 4494 1678 4566 γὰρ
1716 4497 1850 4551 ἀθα-

270 4570 464 4633 νασίας
489 4571 788 4642 αἰνίγματα
811 4575 995 4628 ἐκεῖνα
1018 4569 1109 4645 ἦν,
1136 4577 1171 4645 ή
1201 4576 1340 4646 πρὸς
1367 4578 1458 4630 τὸν
1482 4577 1616 4632 Θεὸν
1640 4581 1848 4650 ὁμιλία,

270 4654 332 4708 τὸ
366 4655 752 4727 ἀταλαίπωρον
781 4656 887 4729 τῆς
914 4656 1086 4727 ζωῆς,
1116 4659 1180 4712 τὸ
1208 4657 1385 4731 λύπης
1427 4661 1522 4713 καὶ
1554 4664 1851 4733 φροντίδων

271 4738 615 4810 ἀπηλλάχθαι
642 4741 737 4794 zeal
766 4741 946 4795 πόνων
965 4782 980 4808 ,
1008 4742 1103 4797 zeal
1132 4742 1243 4797 τῶν
1274 4744 1451 4800 ἄλλων
1489 4746 1600 4799 τῶν
1633 4749 1850 4804 ἐπικαί-

278 4837 401 4891 ρων.
434 4820 574 4877 Οὔτε
604 4823 715 4894 γάρ
746 4823 962 4894 ἱματίου
1001 4824 1170 4878 ἐδεῖτο
1199 4828 1229 4879 6
1266 4826 1436 4898 Ἀδὰμ
1455 4869 1470 4893 ,
1498 4829 1599 4882 ούκ
1622 4831 1845 4903 ὀρόφου,

282 4903 425 4977 [150]
470 4906 574 4959 ούκ
619 4905 787 4979 ἄλλης
829 4907 1265 4985 τινὸςτοιαύτης
1311 4917 1690 4985 κατασκευῆς,
1733 4918 1848 4972 ἀλλ’

285 4988 523 5055 ἀγγέλοις
558 4990 757 5060 μᾶλλον
805 4984 1002 5061 ἐῴκει,
1037 4993 1132 5045 zeal
1174 4992 1345 5048 πολλά
1398 4995 1508 5049 τῶν
1543 4984 1850 5067 μελλόντων

284 5070 514 5142 προῄδει,
534 5074 630 5126 zeal
646 5074 836 5143 σοφίας
860 5074 1221 5146 ἐπεπλήρωτο
1243 5076 1465 5148 πολλῆς.
1491 5081 1604 5134 Kal
1621 5082 1651 5135 6
1673 5082 1849 5155 λάθρα

278 5155 525 5226 ἐποίησεν
559 5158 588 5209 6
618 5157 771 5222 Θεὸς,
812 5157 972 5211 τοῦτο
1019 5161 1225 5224 ἐκεῖνος
1273 5159 1435 5229 ἔγνω,
1484 5164 1546 5217 τὸ
1590 5168 1847 5239 περὶτῆς

278 5239 548 5307 γυναικός·
578 5240 661 5294 διὸ
691 5243 785 5295 zeal
812 5240 985 5310 ἔλεγε·
1024 5242 1204 5297 Τοῦτο
1229 5243 1349 5298 νῦν
1378 5245 1606 5302 ὀστοῦν
1631 5250 1700 5303 ἐκ
1728 5250 1848 5305 τῶν

280 5320 464 5375 ὀστῶν
485 5340 637 5391 μου,
682 5324 783 5378 καὶ
826 5324 983 5392 σὰρξ
1008 5326 1077 5379 ἐκ
1107 5325 1220 5395 τῆς
1256 5329 1486 5396 σαρκός
1506 5348 1648 5399 μου.
1692 5334 1752 5388 Ὀ
1788 5334 1847 5389 δὲ

279 5406 429 5470 πόνος
485 5406 714 5479 ὕστερον
776 5408 1017 5476 γέγονεν,
1076 5408 1302 5480 ὕστερον
1362 5412 1557 5483 ἱδρὼς,
1620 5415 1846 5489 ὕστερον

277 5489 497 5561 αἰσχύνη
529 5493 624 5545 zeal
651 5494 685 5561 ή
715 5490 889 5545 δειλία
917 5492 1013 5544 zeal
1032 5493 1093 5545 16
1123 5495 1594 5567 ἀπαρῥησίαστον·
1627 5501 1747 5555 τότε
1788 5503 1846 5557 66

276 5575 330 5628 οὐ
349 5574 512 5649 λύπη,
544 5577 648 5631 οὐκ
676 5575 861 5646 ὀδύνη.
891 5576 952 5629 ού
980 5580 1304 5649 στεναγμός.
1351 5582 1490 5636 Ἀλλ’
1513 5585 1615 5638 οὐκ
1634 5585 1846 5657 ἔμεινεν

276 5660 357 5714 ἐπὶ
377 5662 481 5731 τῆς
509 5660 673 5727 ἀξίας
692 5660 931 5730 ἐκείνης.

316 5900 338 5930 ⁵
362 5902 567 5962 Deerat,
593 5896 681 5946 zeal
707 5894 961 5954 ἀπόληται.

1329 366 1408 432 ,ΙΝ
1448 363 1666 437 ΕΡΙΒΤ,
1711 367 1731 422 1
1771 366 1862 420 AD
1897 364 2057 421 (ΞΟΠ.
2093 365 2333 424 HOMIL.
2376 368 2539 425 XVII.

2041 480 2084 533 δ’
2091 522 2104 535 .
2137 483 2204 536 Τί
2233 479 2327 539 οὖν
2346 484 2459 554 ἐγὼ
2490 485 2669 549 πάθω,
2692 486 2827 557 φησί
2850 504 2864 553 ;
2887 487 2954 541 δι’
2977 487 3187 541 ἐκεῖνον
3218 488 3566 561 ἀπόλλυμαις

1974 563 2231 621 Μάλιστα
2266 567 2366 637 μὲν
2391 568 2453 620 οὐ
2482 567 2550 620 δι’
2582 568 2790 622 ἐκεῖνον
2813 587 2826 599 ·
2863 569 2984 623 ούδέ
3010 569 3119 642 γὰρ
3155 570 3219 624 σὺ
3245 572 3568 644 ἀναμάρτη-

1972 663 2062 711 τος
2095 647 2339 720 έμεινας,
2395 650 2510 704 ἀλλ’
2562 653 2612 704 εἰ
2666 653 2764 706 zeal
2817 654 2892 725 μὴ
2925 653 3025 724 τὴν
3057 654 3228 726 αὐτὴν
3267 656 3563 727 ἁμαρτίαν,

1972 729 2165 801 ἑτέραν
2190 732 2324 799 γοῦν
2351 733 2622 803 ἥμαρτες.
2656 735 2869 798 ’Ἄλλως
2893 736 2952 789 δέ
2980 736 3103 790 οὐδὲ
3134 736 3244 790 ἀπὸ
3267 738 3366 806 τῆς
3393 755 3567 808 τιμω-

1974 815 2098 883 ρίας
2127 813 2384 887 ἐϐλάϐης,
2416 816 2553 870 ἀλλά
2581 817 2674 869 zeal
2706 818 3022 890 ἐκέρδανας.
3056 819 3118 871 El
3149 821 3247 889 μὲν
3276 820 3386 889 γάρ
3408 819 3568 890 ἐμελ-

1971 894 2061 959 λες
2090 895 2267 952 διόλου
2317 898 2501 969 μένειν
2545 899 2773 971 θνητὸς,
2818 902 2951 965 ἴσως
2993 899 3109 973 εἶχέ
3151 919 3276 954 τινα
3308 902 3468 971 λόγον
3503 902 3566 957 τὸ

1971 982 2093 1053 είρη
2103 980 2265 1051 μένον
2284 999 2298 1014 ·
2326 982 2422 1037 νῦν
2448 983 2505 1036 δὲ
2540 985 2635 1037 zeal
2663 985 2932 1049 ἀθάνατος
2954 980 3024 1048 εἴ,
3053 985 3157 1038 κᾶν
3183 985 3395 1058 ἐθέλῃς,
3421 986 3564 1057 ὑπὲρ

1968 1062 2060 1117 τὸν
2088 1064 2241 1135 ἥλιον
2280 1066 2448 1121 αὐτὸν
2483 1065 2700 1137 λάμψαι
2728 1066 2958 1139 δυνήσῃ.
3008 1067 3147 1121 Ἀλλ’
3182 1070 3231 1121 εί
3263 1069 3338 1139 μὴ
3369 1068 3565 1138 θνητὸν

1968 1143 2161 1200 ἔλαϐον
2202 1147 2383 1219 σῶμα,
2428 1149 2617 1220 φησὶν,
2654 1149 2757 1203 οὐκ
2786 1149 2854 1204 ἂν
2882 1150 3148 1222 ἥμαρτον.
3188 1151 3253 1203 Ἰῖί
3286 1147 3400 1216 οὖν,
3440 1150 3563 1205 εἰπέ

1972 1246 2066 1299 μοι
2088 1245 2105 1296 ;
2131 1231 2362 1297 ἐκεῖνος,
2387 1232 2583 1304 θνητὸν
2603 1233 2744 1304 ἔχων
2765 1232 2945 1304 σῶμα,
2971 1235 3249 1305 ἧμαρτεν;
3273 1234 3559 1305 Οὐδαμῶς·

1967 1314 2031 1366 οὐ
2070 1314 2183 1387 γὰρ
2232 1315 2323 1378 ἂν,
2371 1316 2516 1385 εἴγε
2557 1316 2751 1389 θνητὸν
2783 1312 2873 1388 ἦν,
2920 1316 3150 1389 ὕστερον
3193 1319 3250 1371 ἐν
3285 1318 3563 1382 κολάσεως

1966 1395 2121 1463 τάξει
2165 1398 2261 1451 τὸν
2297 1398 2529 1454 θάνατον
2567 1400 2886 1470 ὑπέμεινεν.
2931 1400 3054 1454 Ὀτι
3098 1400 3156 1454 δὲ
3194 1399 3320 1454 οὕτε
3365 1401 3561 1473 θνητὸν

1957 1479 2134 1551 ’σῶμα
2161 1481 2448 1551 ἐμποδίζει
2492 1483 2633 1555 πρὸς
2669 1484 2898 1558 ἀρετὴν,
2931 1482 3070 1538 ἀλλά
3096 1485 3193 1537 καὶ
3235 1484 3561 1556 σωφρονίζει

1967 1565 2062 1617 καὶ
2112 1565 2185 1619 τὰ
2237 1566 2472 1638 μέγιστα
2504 1568 2786 1635 συντελεῖ,
2840 1567 2999 1638 δῆλον
3053 1566 3289 1620 ἐκεῖθεν.
3343 1568 3406 1621 El
3448 1568 3561 1639 γάρ

1967 1650 2266 1721 προσδοκία
2289 1650 2592 1714 ἀθανασίας
2624 1651 2787 1723 μόνον
2825 1651 3002 1715 οὕτως
3031 1651 3208 1721 ἐπῆρε
3229 1649 3322 1703 τὸν
3364 1651 3555 1722 Ἀδὰμ,

1966 1733 2016 1784 εί
2046 1734 2141 1785 zeal
2168 1733 2246 1802 τῷ
2276 1734 2391 1788 ὄντι
2426 1734 2702 1798 ἀθάνατος
2739 1733 2987 1803 ἐγεγόνει
3009 1774 3025 1799 ,
3059 1733 3162 1787 ποῦ
3196 1732 3298 1786 οὐκ
3324 1732 3391 1786 ἂν
3419 1733 3558 1786 ἀπο-

1967 1815 2114 1879 νοίας
2138 1817 2298 1888 ἐξέϐη
2322 1833 2337 1883 ;
2366 1819 2476 1871 Kal
2498 1817 2593 1874 νῦν
2620 1818 2722 1888 μὲν
2751 1815 3015 1888 ἁμαρτὼν
3046 1814 3274 1869 δύνασαι
3302 1813 3464 1867 λῦσαι
3490 1816 3560 1868 τὰ

1966 1897 2361 1972 ἁμαρτήματα,
2390 1901 2485 1955 τοῦ
2524 1901 2777 1972 σώματος
2806 1900 3069 1954 ταπεινοῦ
3098 1899 3250 1963 δντος
3275 1900 3369 1952 zeal
3393 1914 3560 1952 κατα-

1965 1982 2259 2048 πίπτοντος
2288 1984 2382 2037 zeal
2407 1984 2787 2055 διαλυομένου·
2824 1985 2920 2038 zeal
2948 1984 3059 2054 γάρ
3085 1978 3245 2037 αὗται
3281 1984 3338 2036 al
3360 1981 3558 2036 ἔννοιαι

1967 2068 2151 2121 ἱκαναὶ
2181 2067 2535 2139 σωφρονίσαι·
2566 2073 2615 2122 εί
2640 2068 2699 2122 66
2725 2071 2786 2122 ἐν
2814 2069 3070 2139 ἀθανάτῳ
3103 2066 3558 2137 ἐπλημμέλησας,

1968 2149 2320 2223 μονιμώτερα
2373 2152 2504 2216 ἴσως
2560 2152 2789 2223 ἔμελλεν
2841 2147 2981 2205 εἶναι
3034 2150 3105 2204 τά
3162 2151 3555 2222 ἁμαρτήματα.

1964 2232 2042 2285 Οὐ
2076 2233 2257 2286 τοίνυν
2285 2235 2317 2303 ὴ
2343 2234 2610 2305 θνητότης
2654 2237 2807 2289 αἰτία
2838 2234 2954 2304 τῆς⁷
2989 2234 3289 2305 ἁμαρτίας,
3323 2233 3400 2303 μὴ
3421 2249 3553 2286 κατ-

1961 2315 2175 2386 ηγόρει,
2214 2317 2331 2371 ἀλλ’
2357 2319 2389 2386 ἡ
2419 2319 2635 2391 πονηρά
2659 2318 2982 2389 προαίρεσίς
3012 2317 3164 2371 ἐστιν
3200 2318 3235 2387 ή
3282 2316 3408 2387 ῥίζα
3445 2315 3557 2369 τῶν

1963 2398 2171 2453 κακῶν.
2200 2402 2299 2454 Διά
2321 2400 2375 2454 τί
2395 2403 2505 2473 γάρ
2530 2402 2697 2473 μηδὲν
2716 2402 2810 2455 τὸν
2836 2401 3003 2455 Ἀϐελ
3022 2401 3087 2454 16
3108 2400 3268 2471 σῶμα
3291 2400 3553 2471 ἠδίκησες

1961 2480 2051 2533 διά
2094 2481 2147 2535 τί
2195 2482 2366 2554 μηδὲν
2413 2486 2540 2547 τοὺς
2582 2484 2844 2555 δαίμονας
2888 2484 2951 2537 τὸ
2999 2483 3292 2554 ἀσώματον
3338 2482 3553 2551 ὥνησε;

1963 2563 2152 2617 Βούλει
2200 2565 2429 2636 μαθεῖν,’
2470 2565 2553 2620 ὅτι
2595 2567 2658 2619 ού
2697 2567 2858 2638 μόνον
2890 2567 2992 2620 οὐκ
3040 2565 3241 2634 ἔϐλαψε
3281 2564 3342 2618 τὸ
3394 2563 3558 2634 σῶμα

1963 2647 2155 2718 θνητὸν
2183 2647 2498 2720 γενόμενον,
2530 2649 2667 2702 ἀλλά
2708 2651 2804 2702 zeal
2841 2650 3161 2720 ώφέλησενς
3194 2647 3429 2702 ἄκουσον
3454 2647 3558 2700 ὅσα

1938 2729 2291 2799 ’κερδαίνεις,
2329 2731 2425 2784 ἐὰν
2460 2732 2657 2804 νήφῃς.
2695 2734 2762 2785 ἐκ
2793 2731 3009 2787 τούτου,
3055 2731 3332 2784 Ἀνθέλκει
3366 2746 3426 2782 σε
3460 2729 3556 2782 zeal

1962 2813 2213 2883 περισπᾷ
2250 2813 2361 2865 ἀπὸ
2407 2813 2509 2882 τῆς
2560 2814 2762 2878 κακίας
2814 2815 3032 2876 ὀδύναις
3078 2814 3173 2867 zeal
3206 2812 3409 2875 λύπαις
3461 2809 3557 2864 zeal

1961 2898 2145 2960 πόνοις
2178 2898 2272 2950 zeal
2304 2899 2420 2960 τοῖς
2453 2897 2634 2961 ἀλλοις
2665 2901 2777 2961 τοῖς
2813 2898 3096 2961 τοιούτοις.
3148 2896 3311 2949 Ἀλλά
3350 2896 3446 2949 zeal
3473 2897 3555 2958 εἰς

1961 2981 2219 3052 πορνείαν
2248 2981 2456 3050 ἐξάγει,
2488 2982 2654 3053 φησίν
2680 3001 2695 3049 ;
2740 2984 2816 3037 Οὐ
2846 2984 2909 3037 16
2940 2984 3124 3053 σῶμα,
3147 2982 3262 3035 ἀλλ’
3289 2984 3324 3049 ή
3350 2981 3554 3034 ἀκολα-

1960 3064 2070 3118 σία·
2111 3066 2287 3118 ταῦτα
2336 3067 2435 3136 μέν
2469 3066 2601 3137 γὰρ,
2642 3067 2787 3137 ἆπερ
2827 3060 3003 3133 εἷπον,
3048 3066 3267 3129 πάντως
3304 3064 3400 3118 106
3449 3062 3555 3116 σώ-

1961 3148 2131 3218 ματὸς
2163 3151 2300 3202 ἐστι.
2340 3150 2540 3220 Διόπερ
2568 3150 2668 3204 οὐκ
2699 3149 2846 3203 ἔστιν
2878 3149 3169 3221 ἄνθρωπον
3203 3151 3284 3212 είς
3314 3149 3408 3202 τὸν
3436 3150 3552 3219 βίον

1957 3232 2185 3286 ἐλθόντα
2209 3231 2401 3286 τοῦτον
2427 3233 2502 3303 μὴ
2529 3235 2622 3286 zeal
2649 3237 2827 3287 νοσεῖν
2851 3234 2948 3288 zeal
2969 3232 3157 3302 ἀλγεῖν
3180 3235 3275 3287 zeal
3294 3232 3548 3304 ἀθυμεῖν·

1961 3318 2035 3387 μὴ
2075 3316 2362 3389 πορνεύειν
2389 3317 2447 3370 δέ
2488 3317 2590 3372 ἔνι.
2625 3318 2791 3370 ’Ὥστε
2836 3319 2887 3370 εί
2933 3317 3033 3388 τῆς
3060 3316 3154 3370 τοῦ
3201 3316 3452 3388 σώματος
3482 3313 3552 3386 ἦν

1958 3401 2174 3469 φύσεως
2201 3401 2296 3454 zeal
2328 3399 2400 3454 τὰ
2427 3402 2528 3471 τῆς
2557 3402 2779 3466 κακίας,
2817 3401 3087 3455 καθολικά
3116 3401 3184 3455 ἂν
3219 3398 3308 3472 ἦν·
3339 3399 3410 3454 τά
3442 3401 3551 3471 γάρ

1957 3487 2164 3557 φυσικά
2194 3485 2456 3549 τοιαῦτα,
2499 3485 2560 3538 16
2591 3486 2650 3539 66
2694 3486 2985 3558 πορνεύειν
3014 3487 3076 3539 οὐ
3112 3485 3377 3539 τοιοῦτον·
3412 3483 3551 3538 ἀλλά

1955 3570 2016 3623 τὸ
2058 3571 2156 3639 μὲν
2202 3569 2390 3638 ἀλγεῖν
2440 3568 2712 3634 ἐντεῦθεν,
2761 3570 2822 3623 16
2869 3569 2927 3622 66
2968 3570 3260 3638 πορνεύειν
3304 3567 3413 3621 ἀπὸ
3445 3567 3549 3637 τῆς

1957 3653 2357 3723 προαιρέσεως.
2390 3652 2482 3723 Μὴ
2509 3653 2690 3706 τοίνυν
2720 3652 3020 3724 κατηγόρει
3041 3652 3137 3705 τοῦ
3169 3651 3443 3723 σώματος,
3473 3650 3549 3721 μή

1958 3754 2051 3789 σου
2075 3736 2175 3807 τὴν
2201 3736 2369 3806 τιμὴν
2399 3736 2746 3807 ἀφαιρείσθω
2771 3738 2800 3789 6
2828 3736 3098 3799 διάϐολος,
3124 3736 3193 3808 ἦν
3233 3753 3316 3789 σοι
3346 3736 3548 3789 ἔδωκεν

1951 3819 1983 3872 ό
2018 3818 2172 3880 Θεὸς.
2209 3820 2305 3871 Ἂν
2349 3818 2457 3888 γὰρ
2492 3819 2757 3890 θέλωμεν,
2800 3820 3015 3890 χαλινός
3058 3822 3206 3873 ἐστιν
3239 3818 3461 3890 ἀριστος
3488 3819 3549 3871 16

1956 3901 2138 3973 σῶμα,
2170 3903 2238 3954 τὰ
2274 3905 2624 3973 σκιρτήματα
2657 3905 2753 3972 τῆς
2782 3903 2963 3976 ψυχῆς
2995 3903 3249 3975 κατέχον,
3284 3904 3546 3957 ἀπόνοιαν

1954 3985 2287 4048 κατασπῶν,
2348 3986 2669 4049 ἀλαζονείαν
2721 3986 2961 4052 κωλύον,
3005 3989 3064 4039 ἐν
3116 3989 3230 4050 τοῖς
3266 3987 3545 4056 μεγίστοις

1956 4065 2105 4140 [151]
2163 4068 2585 4139 κατορθώμασιν
2632 4070 2763 4139 ἡμῖν
2801 4068 3238 4138 διακονούμενον.
3282 4068 3374 4139 Μὴ
3434 4068 3542 4140 γάρ

1956 4167 2047 4219 μοι
2064 4152 2193 4213 τοὺς
2220 4152 2577 4220 μαινομένους
2600 4153 2779 4221 εἴπῃς·
2804 4151 2928 4203 ἐπεὶ
2952 4151 3047 4203 zeal
3076 4151 3184 4203 τῶν
3210 4150 3393 4203 ἵππων
3413 4148 3543 4202 πολ-

1953 4234 2077 4298 λοὺς
2107 4235 2323 4305 ὁρῶμεν
2348 4234 2488 4287 κατά
2514 4233 2779 4304 κρημνῶν
2814 4234 3172 4305 φερομένους,
3204 4233 3297 4287 τὸν
3326 4231 3542 4304 ἡνίοχον

1955 4318 2223 4389 ῥίψαντας
2269 4318 2407 4387 μετά
2438 4317 2531 4371 106
2564 4317 2801 4389 χαλινοῦ·
2838 4317 2956 4372 ἀλλ’
2985 4317 3048 4370 οὐ
3090 4316 3420 4387 μεμφόμεθα
3448 4316 3540 4369 τὸν

1952 4402 2205 4473 χαλινόν·
2248 4402 2309 4454 οὺ
2349 4402 2457 4472 γὰρ
2504 4404 2709 4463 ἐκεῖνος
2758 4401 3116 4464 διασπασθεὶς
3145 4399 3307 4455 τοῦτο
3348 4398 3539 4472 εἰργά-

1955 4502 2108 4548 σατο,
2144 4486 2258 4538 ἀλλ’
2290 4488 2318 4538 6
2353 4485 2563 4555 ἡνίοχος
2601 4486 2629 4537 6
2660 4483 2735 4555 μὴ
2766 4482 3076 4555 κατασχὼν,
3114 4486 3291 4538 πάντα
3320 4483 3538 4538 ἀπώλε-

1952 4587 2066 4624 σεν.
2101 4569 2257 4622 Οὕτω
2294 4569 2357 4637 δὴ
2398 4570 2489 4621 καὶ
2530 4567 2767 4621 ἐνταῦθα
2796 4566 3033 4635 λογίζου·
3070 4565 3137 4621 ἂν
3181 4566 3299 4638 ἴδῃς
3327 4565 3447 4620 νέον
3479 4567 3540 4618 ἐν

1951 4653 2185 4724 ὀρφανίᾳ
2214 4651 2407 4716 ζῶντα.
2426 4652 2520 4705 zeal
2556 4651 2724 4721 μυρία
2766 4650 3137 4722 ἐργαζόμενον
3167 4650 3315 4704 κακά
3335 4690 3350 4714 ,
3379 4650 3453 4721 μὴ
3476 4650 3538 4702 τὸ

1953 4735 2114 4806 σῶμα
2152 4735 2333 4798 αἰτιῶ,
2381 4734 2516 4787 ἀλλά
2558 4734 2648 4786 τὸν
2696 4733 2910 4804 ήνίοχον
2950 4732 3041 4786 16v
3083 4733 3402 4803 συρόμενον,
3444 4734 3538 4786 τὸν

1951 4819 2214 4889 λογισμὸν
2246 4819 2410 4887 λέγω.
2450 4820 2664 4890 Ὥσπερ
2710 4818 2820 4889 γὰρ
2868 4820 2922 4870 al
2957 4816 3106 4889 ήνίαι
3140 4816 3201 4869 οὐ
3233 4817 3535 4888 παρέχουσι

1951 4903 2259 4975 πράγματα
2287 4903 2364 4973 τῷ
2407 4904 2628 4974 ήνιόχῳ,
2656 4901 2770 4956 ἀλλ’
2801 4904 2829 4955 6
2852 4902 3068 4973 ἡνίοχος
3101 4900 3322 4954 πάντων
3362 4902 3533 4964 αἴτιος

1947 4988 2010 5040 ού
2037 4985 2219 5048 καλῶς
2245 4985 2415 5047 αὐτὰς
2438 4985 2684 5055 κατέχων
2706 5001 2719 5015 ·
2753 4985 2832 5038 διὸ
2864 4984 2959 5038 καὶ
2986 4984 3144 5053 δίκην
3177 4984 3341 5037 αὐτὸν
3367 4985 3534 5038 ἀπαι-

1946 5067 2137 5134 τοῦσι,
2171 5068 2618 5138 συμπλεκόμεναι
2646 5067 2794 5137 αύτῷ
2828 5060 2924 5120 zeal
2957 5067 3372 5138 παρασύρουσαι
3398 5067 3530 5120 πολ-

1948 5152 2106 5217 λάκις
2135 5154 2230 5206 zeal
2257 5150 2666 5220 ἀναγκάζουσαι
2692 5150 2792 5220 τῆς
2813 5151 3021 5213 οἰκείας
3046 5151 3389 5221 δυσπραγίας
3419 5168 3532 5204 κοι⁴

1947 5239 2135 5291 νωνεῖν
2160 5253 2173 5266 ·
2200 5235 2344 5289 οὕτω
2373 5235 2439 5305 δὴ
2466 5235 2561 5287 zeal
2589 5226 2850 5288 ἐνταῦθαξ
2886 5233 3028 5302 Ἐγὼ
3059 5235 3158 5305 μὲν
3182 5238 3314 5304 γάρ,
3343 5237 3529 5307 φησὶν,

1948 5322 2181 5392 ἴμασσον
2211 5318 2273 5372 16
2308 5319 2485 5389 στόμα
2526 5317 2621 5371 τοῦ
2653 5317 2851 5380 ἵππου,
2894 5316 2999 5379 ἓως
3037 5321 3310 5389 κατεῖχες·
3342 5319 3532 5391 ἐπειδὴ

1946 5403 2004 5457 δὲ
2045 5403 2314 5476 ἔρριψας,
2344 5401 2563 5456 ἀπαιτῶ
2615 5418 2674 5453 σε
2710 5400 2811 5470 τῆς
2845 5402 3306 5473 καταφρονήσεως
3352 5402 3528 5472 δίκην,

1948 5488 2044 5542 zeal
2086 5486 2493 5557 περιπλέκομαι
2532 5486 2630 5539 zeal
2674 5482 3018 5555 παρασύρω,
3049 5482 3190 5541 ὥστε
3235 5487 3434 5558 μηκέτι
3470 5487 3532 5540 τὸ

1947 5570 2081 5624 αὐτὸ
2113 5569 2328 5623 παθεῖν.
2356 5570 2564 5641 Μηδεὶς
2586 5568 2768 5623 τοίνυν
2791 5567 3058 5621 αἰτιάσθω
3082 5570 3181 5633 τὰς
3208 5571 3386 5640 ἡνίας,
3414 5567 3531 5622 ἀλλ’

1948 5654 2137 5707 ἑαυτὸν
2172 5652 2266 5706 zeal
2290 5653 2392 5724 τὴν
2417 5652 2823 5725 διεφθαρμένην
2864 5654 3113 5724 γνώμην.
3158 5654 3267 5706 Kal
3304 5654 3413 5721 γὰρ
3444 5652 3533 5721 ἐφ’

1950 5735 2105 5807 ήμῶν
2152 5736 2362 5807 ἡνίοχός
2402 5737 2551 5789 ἐστιν
2585 5738 2614 5789 6
2645 5736 2926 5807 λογισμός·
2971 5736 3118 5808 ήνίαι
3151 5735 3206 5788 δὲ
3252 5736 3313 5788 16
3347 5734 3528 5805 σῶμα,

1952 5819 2284 5887 συνάγουσαι
2313 5821 2439 5882 τοὺς
2479 5819 2679 5882 ἵππους
2729 5820 2866 5890 πρὸς
2894 5820 2985 5873 τὸν
3016 5820 3251 5890 ἡνίοχον.
3303 5817 3402 5872 "Av
3429 5817 3534 5888 μὲν

1952 5897 2044 5957 οὖν
2075 5901 2254 5967 καλῶς
2287 5896 2446 5957 αὗται
2475 5902 2821 5970 διακέωνται,
2865 5901 3017 5957 οὐδὲν
3050 5901 3214 5974 πείσῃ
3243 5894 3436 5971 δεινόν’·
3464 5899 3533 5956 ἀν
