3992 6416
196 422 272 481 185
1201 406 1265 468 ΙΝ
1308 411 1521 469 EPIST.
1567 411 1584 466 l
1652 409 1742 466 AD

1882 405 1936 463 ﬂ.
1977 405 2212 463 HOMIL.
2254 404 2443 462 XVI".

198 538 267 596 hic
300 548 533 607 quoque.
564 533 684 604 Ego
710 538 858 588 enim
884 570 901 595 ,
949 534 1230 600 inquiunt,
1279 541 1341 580 os
1382 525 1504 595 equi
1548 523 1771 578 habenis

196 630 443 702 regebam,
472 625 737 698 quamdiu
784 633 840 679 tu
868 620 1125 680 tenebas:
1164 618 1287 690 quia
1329 632 1458 673 vero
1491 615 1767 682 abiecisti,

192 726 273 783 abs
293 733 344 780 te
371 723 536 793 exigo
563 733 753 791 poenas
781 722 1119 786 contemptus
1145 713 1241 777 tui,
1263 720 1319 767 et
1349 720 1523 767 tecum
1541 708 1770 778 compli-

193 833 272 874 cor
296 827 349 872 et
373 813 617 878 attrabo,
644 820 703 867 ut
732 826 804 866 ne
829 809 1058 879 amplius
1106 806 1210 861 tale
1255 802 1527 873 quidpiam
1576 800 1765 871 patiar.

196 910 342 966 Nemo
368 908 554 977 itaque
584 904 827 960 habenas
866 902 1077 971 culpet,
1133 896 1227 954 sed
1278 896 1512 966 scipsum
1553 902 1609 948 et
1649 907 1768 947 corv

193 1011 389 1074 ruptum
420 998 686 1053 animum.
711 995 845 1050 Nam
876 993 928 1048 in
955 992 1110 1046 nobis
1137 989 1321 1059 auriga
1365 996 1442 1041 est
1480 985 1644 1044 ratio.
1669 982 1767 1037 ha.-

190 1073 583 1159 benrecorpus,
614 1102 734 1158 quae
762 1100 930 1156 equos
955 1098 1078 1138 cum
1119 1080 1300 1150 auriga
1330 1077 1680 1146 conjungunt.
1710 1073 1768 1128 Si

184 1197 305 1253 ergo
329 1181 441 1235 illa:
467 1190 615 1233 recte
646 1177 832 1243 pOsita:
858 1175 1005 1239 sint,
1040 1171 1170 1227 nihil
1196 1183 1361 1240 grave
1391 1167 1641 1236 patieris;
1681 1166 1766 1219 sin

182 1275 297 1329 illas
323 1272 603 1335 dimittas,
635 1267 815 1321 omnia
857 1264 1140 1320 abolevisti
1186 1272 1242 1316 et
1272 1258 1570 1330 perdidisti.
1601 1256 1767 1310 Tem-

180 1373 431 1433 perantes
468 1377 599 1431 ergo
624 1362 813 1421 simus,
855 1366 911 1412 et
940 1371 1006 1411 ne
1036 1368 1350 1410 accusemus
1386 1364 1584 1419 corpus
1607 1388 1623 1415 ,
1669 1346 1765 1402 sed

178 1458 375 1512 malum
406 1454 664 1510 animum.
693 1450 826 1506 Nam
865 1449 969 1505 hoc
992 1447 1234 1504 maxime
1259 1445 1453 1500 diaboli
1484 1458 1619 1511 opus
1660 1447 1760 1505 est,

181 1562 235 1605 ut
260 1551 458 1604 stultos
503 1547 674 1618 magis
700 1553 918 1601 moveat
960 1543 1028 1597 ad
1065 1538 1422 1596 accusandum
1466 1551 1661 1606 corpus
1711 1540 1769 1589 et

3369 410 3471 465 “.6

1879 523 2046 577 Deum
2068 534 2122 575 et
2145 521 2468 592 proximum,
2492 536 2651 592 quam
2673 531 2979 591 corruptum
3004 523 3279 589 animum;
3303 536 3360 580 ut
3381 542 3470 589 tto,

1877 617 1924 672 si
1951 630 2166 671 causam
2200 615 2524 677 invenerint,
2576 615 2871 670 liberentur
2898 631 2927 669 a
2971 615 3152 670 radice
3182 618 3468 671 malorum.

1879 710 1984 766 Sed
2011 725 2108 765 vos
2136 725 2259 765 cum
2292 711 2513 764 insidias
2542 711 2895 780 cognoscatis,
2929 710 3062 765 iram
3092 711 3283 766 vertite
3310 712 3362 764 in
3405 712 3472 766 il-

1877 804 2023 867 lum,
2064 812 2121 860 et
2148 804 2386 872 aurigam
2410 801 2541 872 jugo
2572 803 2908 870 imponentcs
2932 844 2948 869 ,
2981 803 3045 856 ad
3076 802 3244 856 Deum
3275 804 3472 856 mentis

1877 899 2092 953 oculum
2125 898 2442 952 convertite.
2471 896 2601 951 Nam
2632 898 2683 950 in
2710 897 2827 951 aliis
2850 895 3064 966 quidem
3092 895 3138 950 is
3164 896 3294 950 nihil
3317 896 3472 951 affert

1877 991 1965 1065 qui
1990 998 2263 1043 certamen
2294 988 2589 1060 proposuit,
2614 987 2708 1041 sed
2731 997 3007 1058 exspectat
3039 987 3233 1042 linem:
3261 987 3348 1042 hic
3377 1005 3472 1040 an-

1879 1092 1983 1136 tem
2016 1082 2238 1136 omnino
2267 1081 2588 1152 agonotheta
2620 1090 2704 1134 est
2735 1081 2898 1136 Deus.
2928 1082 3083 1136 Hunc
3128 1098 3257 1151 ergo
3291 1078 3472 1151 propi-

1879 1174 2009 1228 timn
2040 1174 2363 1237 hal'camus,
2399 1182 2453 1228 et
2478 1173 2699 1227 omnino
2725 1187 3118 1243 consequemur
3156 1174 3329 1226 futura
3377 1173 3472 1225 bo-

1877 1284 1966 1333 na,
1991 1267 2162 1338 gratia
2188 1275 2246 1322 et
2270 1266 2600 1337 benignitate
2634 1265 2843 1320 Domini
2891 1265 3062 1319 nostri
3089 1265 3214 1320 Jesu
3243 1265 3466 1332 Christi,
3497 1256 3504 1287 "

1875 1361 2089 1429 quicum
2121 1359 2262 1413 Patri
2294 1374 2505 1426 unaque
2529 1356 2750 1428 Spiritui
2782 1366 2970 1411 sancto
3008 1357 3182 1428 gloria
3204 1399 3218 1415 .
3270 1357 3463 1418 honor,

1877 1452 2184 1520 imperium,
2219 1465 2360 1504 nunc
2380 1460 2435 1505 et
2460 1464 2694 1519 semper,
2725 1449 2851 1503 etin
2884 1447 3079 1502 su'cula
3120 1449 3463 1502 Stl'Cllilll'lllil.

1874 1551 2068 1605 Amen.

190 1665 3462 1704 _________________________———-———-————————————————«

1481 1737 1824 1800 HOMILLA
1872 1733 2110 1796 XVIII.

177 1905 303 1959 Cse.
348 1903 404 1958 6.
452 1917 504 1956 v.
552 1900 639 1955 15.
687 1897 908 1953 Nescitis
939 1894 1074 1964 quod
1100 1908 1315 1960 corpora
1353 1900 1516 1945 uestra
1544 1885 1765 1941 membra

242 2003 362 2049 sunt
393 1991 624 2047 Christi?
660 1991 840 2044 tollens
879 2004 997 2058 ergo
1040 1985 1262 2040 membra
1303 1981 1527 2045 Christi,
1578 1979 1765 2047 faciam

243 2085 471 2140 membra
497 2081 807 2137 meretricis?
834 2080 994 2133 Absit.

243 2178 299 2232 i.
341 2176 477 2232 Cum
506 2190 533 2228 a
563 2173 884 2228 fornicatore
911 2171 962 2223 in
989 2183 1208 2223 avarum
1238 2164 1555 2227 transiisset,
1579 2175 1766 2216 rursus

179 2268 241 2322 ab
263 2266 368 2320 hoc
388 2265 536 2319 venit
560 2263 625 2317 ad
655 2245 826 2327 illum,
851 2275 955 2314 non
984 2261 1121 2313 ultra
1151 2257 1324 2326 ipsum
1349 2255 1648 2323 alloquens,
1671 2251 1767 2306 sed

180 2360 314 2415 alios
338 2360 426 2430 qui
477 2357 715 2412 fornicati
746 2371 851 2409 non
882 2354 1124 2417 fuerant;
1149 2358 1203 2404 et
1244 2349 1364 2403 illos
1392 2348 1640 2401 muniens
1664 2387 1680 2411 ,
1709 2355 1769 2400 ut

183 2466 247 2506 ne
286 2453 339 2504 in
378 2449 527 2520 paria
569 2445 803 2502 incidant
827 2486 842 2510 ,
873 2445 1046 2513 ipsum
1073 2440 1250 2497 denuo
1278 2438 1603 2510 perstringit.
1634 2436 1766 2491 Nam

182 2543 266 2611 qni
294 2539 566 2612 peccavit,
594 2537 803 2594 etiamsi
830 2535 897 2590 ad
923 2535 1083 2589 alium
1110 2534 1407 2587 orationem
1435 2529 1664 2601 dirigas,
1690 2528 1769 2583 sic

185 2635 336 2688 etiam
367 2631 621 2702 pungitur
642 2671 658 2697 ,
686 2628 950 2684 concitata
980 2625 1306 2681 conscientia
1338 2623 1618 2693 ipsumque
1643 2635 1766 2675 ver-

187 2725 418 2783 berante.
459 2723 769 2781 Sufficicbat
806 2722 1022 2793 quidem
1061 2729 1236 2777 metus
1277 2718 1522 2790 supplicii
1552 2717 1618 2771 ad
1650 2716 1770 2770 illos

191 2818 236 2872 il
258 2822 502 2873 castitate
528 2814 919 2871 continendos:
943 2814 1064 2884 quia
1096 2827 1225 2867 vero
1254 2826 1357 2865 non
1388 2820 1532 2865 metu
1563 2818 1768 2865 tantum

192 2911 286 2965 rnlt
328 2909 445 2965 haec
483 2917 628 2964 recte
662 2906 949 2973 constitui,
990 2906 1165 2959 minas
1204 2903 1364 2959 simul
1396 2912 1451 2958 et
1491 2901 1770 2957 ratiocinia

184 3001 349 3059 alert.
378 3003 493 3058 Illic
521 3018 647 3071 ergo
677 3017 798 3056 cum
840 3008 1119 3070 peccatum
1158 2998 1422 3062 dixisset,
1458 3004 1514 3051 et
1555 3009 1769 3065 poenam

184 3098 454 3150 statuisset
478 3094 841 3163 damnumque
870 3090 1211 3158 ostendisset,
1241 3092 1382 3161 quod
1412 3091 1664 3146 omnibus
1691 3088 1772 3144 af-

186 3183 448 3241 ferebatur
466 3201 532 3240 ex
563 3184 652 3239 tali
683 3183 1022 3239 fornicatoris
1046 3182 1369 3248 concubitu;
1400 3181 1466 3236 ad
1491 3181 1767 3235 avaritiam

188 3278 389 3331 transiit
408 3318 426 3341 ,
455 3287 511 3332 et
536 3276 771 3331 minatus
796 3276 909 3330 fore
938 3284 992 3330 ut
1017 3292 1045 3328 ιι
1080 3288 1246 3345 regno
1271 3272 1568 3339 excidant,
1598 3283 1653 3328 et
1682 3272 1769 3327 hic

187 3378 238 3423 et
254 3369 433 3425 caeteri
456 3383 669 3434 omnes,
689 3383 826 3437 quos
848 3367 1138 3433 recensuit,
1161 3366 1241 3422 sic
1265 3367 1561 3421 orationem
1588 3363 1770 3419 absol-

191 3462 299 3517 vit:
325 3464 409 3519 hic
441 3473 625 3519 autem
666 3463 1055 3517 horribiliorem
1095 3461 1297 3517 inducit
1328 3459 1768 3515 admonitionem.

190 3552 311 3608 Nam
338 3557 426 3625 qui
457 3565 728 3625 peccaturo
761 3555 911 3623 punit
936 3562 1171 3617 tantum,
1204 3567 1306 3608 nec
1334 3551 1620 3606 admodum
1647 3564 1772 3621 gra-

192 3662 249 3701 ve
279 3659 331 3704 et
368 3650 613 3719 iniquum
637 3646 912 3710 ostendit,
943 3647 1073 3701 nihil
1107 3655 1211 3701 tam
1242 3659 1492 3716 magnum
1523 3659 1614 3713 per
1642 3657 1771 3712 sup-

195 3740 391 3807 plicium
422 3738 556 3794 facit
582 3754 597 3792 :
627 3742 717 3809 qui
749 3754 880 3794 vero
909 3737 976 3792 ad
1007 3737 1263 3808 pudorem
1295 3736 1498 3791 inducit
1527 3743 1728 3788 tantum
1753 3774 1770 3799 ,

193 3849 355 3903 neque
392 3848 493 3904 per
522 3834 850 3903 punitionem
885 3839 1086 3895 terret,
1115 3845 1224 3884 non
1266 3827 1553 3883 admodum
1592 3826 1776 3896 pungit

192 3940 296 3988 eos,
323 3929 411 3996 qui
444 3942 549 3979 non
576 3934 699 3978 sunt
723 3939 884 3979 sensu
918 3923 1144 3993 pra'diti.
1174 3920 1536 3987 Quamobrem
1562 3926 1772 3972 utrum-

194 4036 285 4089 que
306 4020 429 4075 facit
450 4020 665 4081 Paulus,
680 4030 734 4072 et
756 4020 1011 4089 pudorem
1030 4017 1187 4070 infert
1202 4012 1640 4079 dicens,Nescitis
1657 4010 1776 4081 quia

192 4115 387 4184 angelos
403 4113 754 4185 judicabimus
769 4114 795 4168 ?
813 4124 867 4167 et
893 4120 1058 4166 terret
1082 4110 1166 4165 his
1186 4110 1383 4175 verbis,
1411 4105 1630 4161 Nescitis
1656 4105 1777 4172 quia

192 4208 323 4260 avari
360 4223 574 4275 regnum
613 4204 706 4259 Dei
742 4222 841 4258 non
871 4200 1235 4274 possidebunt?
1263 4202 1325 4255 Et
1354 4200 1422 4254 de
1456 4199 1777 4253 fornicatore

192 4300 377 4354 iterum
414 4298 608 4353 eodem
641 4299 806 4351 utitur
833 4308 1083 4350 sermone
1116 4310 1129 4347 :
1159 4308 1281 4348 cum
1311 4292 1455 4347 enim
1498 4289 1779 4345 terruisset

191 4409 282 4463 per
307 4408 371 4447 ea
412 4407 532 4461 qua:
572 4391 719 4460 prius
754 4388 1001 4453 dixerat,
1035 4396 1091 4443 et
1127 4401 1248 4441 eum
1292 4384 1583 4439 excidisset
1616 4391 1779 4451 atque

187 4488 398 4542 Satanae
431 4484 735 4539 tradidisset
768 4483 1035 4551 futurique
1059 4480 1162 4534 diei
1192 4477 1561 4536 meminisset,
1595 4487 1781 4528 rursus

189 4581 260 4633 illi
285 4579 547 4648 pudorem
579 4578 767 4638 infert,
798 4575 1018 4630 dicens:
1049 4571 1272 4627 Nescitis
1294 4569 1430 4642 quod
1453 4584 1668 4637 corpora
1692 4582 1779 4619 ue-

189 4681 295 4724 stra
332 4670 559 4723 membra
580 4677 695 4722 sunt
731 4665 957 4722 Christi?
989 4674 1257 4734 tamquam
1298 4663 1555 4732 ingenuos
1586 4673 1782 4729 pueros

191 4764 447 4833 deinceps
468 4762 761 4831 alloquens.
796 4759 928 4824 Quia
955 4757 1097 4812 enim
1127 4756 1283 4813 dixit,
1315 4755 1512 4820 Corpus
1541 4751 1779 4814 Domino,

198 4870 337 4909 nunc
377 4854 576 4908 clarius
620 4851 857 4907 ostendit
899 4850 1092 4921 ipsum.
1141 4849 1202 4903 Et
1253 4846 1375 4900 alibi
1423 4859 1638 4916 quoque
1682 4843 1783 4898 hoc

203 4948 373 5015 ipsum
402 4948 547 5012 facit,
573 4948 756 5001 dicens
780 4964 793 4999 :
832 4943 930 4998 Vos
957 4944 1075 4998 estis
1102 4957 1287 5011 corpus
1316 4938 1521 5003 Christi,
1554 4948 1598 4991 et
1629 4954 1784 4990 tuent-

206 5043 298 5096 bra
319 5059 379 5096 ετ
400 5053 543 5112 parte
564 5042 611 5111 (l
627 5082 639 5094 .
661 5041 782 5097 Cor.
807 5038 896 5093 1‘2.
916 5038 1031 5108 27).
1054 5037 1125 5092 Et
1154 5037 1256 5089 hoc
1282 5035 1455 5103 ipsum
1477 5031 1784 5100 exemplum

200 5150 348 5204 sepe
371 5136 517 5206 ponit
541 5177 558 5200 ,
589 5148 694 5189 non
726 5147 824 5204 pro
850 5133 1011 5186 rebus
1045 5129 1232 5184 iisdem
1258 5168 1274 5194 ,
1300 5125 1395 5182 sed
1421 5124 1706 5196 aliquando
1730 5131 1788 5177 ut

194 5232 541 5287 dilectionem
570 5227 849 5293 ostendat,
876 5224 1159 5295 aliquando
1188 5231 1246 5276 ut
1276 5222 1520 5276 timorem
1550 5226 1739 5289 augeat
1767 5232 1782 5281 ;

195 5326 285 5379 hic
308 5334 487 5377 autem
515 5322 687 5389 ipsum
715 5319 892 5390 posuit
913 5326 1120 5372 terrens
1139 5324 1194 5369 et
1214 5315 1463 5368 timorem
1488 5310 1783 5364 incutiens:

200 5417 404 5472 Totiens
423 5429 541 5487 ergo
562 5412 783 5467 membra
802 5409 1011 5473 Christi,
1032 5408 1219 5479 faciant
1239 5405 1460 5458 membra
1476 5401 1754 5456 meretricis
1765 5399 1792 5452 ξ’

204 5512 357 5567 Absit.
403 5507 541 5564 Nihil
575 5507 678 5562 hoc
716 5504 861 5559 dicto
899 5512 982 5557 est
1022 5500 1349 5556 horribilius.
1381 5496 1450 5561 Et
1478 5511 1584 5550 non
1614 5495 1784 5557 dixit,

203 5605 413 5661 Toliens
441 5619 570 5673 ergo
603 5600 846 5658 membra
873 5594 1092 5659 Chriai,
1126 5594 1443 5662 conjungam
1476 5587 1788 5644 meretrici?

208 5697 295 5751 sed
317 5697 477 5770 quid?
507 5696 728 5752 Faciam
756 5690 979 5745 membra
1003 5687 1311 5741 meretricis?
1333 5683 1475 5754 quod
1503 5691 1652 5737 certe
1678 5696 1790 5735 tua-

212 5790 280 5859 gis
306 5792 591 5864 pungebat.
626 5782 836 5842 Deinde
868 5781 1056 5852 probat
1082 5776 1350 5849 quomodo
1377 5774 1421 5864 is
1444 5775 1531 5864 qui
1561 5771 1791 5864 fornica.

214 5889 284 5939 zu.-
303 5861 353 5941 id
382 5861 512 5952 fiat,
546 5881 749 5938 dicens
777 5890 791 5930 ε
822 5872 911 5928 to.
942 5871 1020 5925 An
1053 5868 1256 5924 nescitis
1280 5863 1416 5937 quod
1442 5863 1529 5936 qui
1565 5861 1793 5916 adhaeret

1878 1880 2160 1941 meretrici,
2200 1895 2362 1933 unum
2401 1894 2587 1950 corpus
2625 1880 2879 1951 efficitur!
2903 1883 3181 1939 Undenam
3211 1886 3312 1941 hoc
3342 1904 3469 1958 per-

1875 1974 2158 2042 spicuum?
2191 1973 2356 2027 Erunt
2384 1975 2517 2028 enim
2542 2016 2556 2040 ,
2577 1971 2782 2045 inquit,
2806 1977 2909 2030 duo
2941 1978 2993 2031 in
3031 1994 3185 2033 carne
3221 1999 3339 2035 una.
3380 1984 3464 2039 i7.

1879 2062 1978 2131 Qui
2005 2076 2171 2118 autem
2208 2066 2434 2119 adltwret
2474 2063 2691 2120 Domino
2714 2107 2728 2129 ,
2761 2079 2833 2121 est
2870 2085 3002 2124 unus
3028 2071 3259 2139 spiritus.
3288 2074 3471 2145 Neque

1875 2155 2018 2210 enim
2046 2156 2305 2226 permittit
2325 2157 2640 2211 concubitus
2664 2168 2719 2211 ut
2746 2159 2852 2212 dtto
2879 2160 2985 2216 sint
3010 2162 3137 2225 duo,
3162 2166 3255 2219 sed
3284 2170 3473 2224 ambos

1875 2261 2039 2300 unum
2065 2248 2206 2303 facit.
2236 2246 2306 2303 Et
2328 2248 2450 2304 vide
2478 2264 2688 2303 rursum
2715 2251 2987 2321 quomodo
3008 2269 3105 2324 per
3132 2256 3270 2313 nuda
3298 2261 3474 2314 nomi-

1877 2352 1943 2392 na
1980 2339 2238 2408 procedat
2257 2382 2272 2404 ,
2298 2355 2396 2410 per
2424 2343 2761 2397 meretricem
2792 2354 2847 2398 ct
2876 2360 2971 2413 per
2999 2346 3271 2403 Christum
3298 2350 3471 2406 dedu-

1874 2444 2004 2485 cens
2050 2433 2463 2488 accusationem.
2520 2434 2607 2489 18.
2660 2433 2848 2506 Fugite
2895 2439 3300 2507 fomicationem.
3355 2443 3472 2499 Non

1874 2520 2037 2587 dixit,
2071 2523 2350 2580 Abstinete
2381 2540 2409 2579 a
2441 2526 2818 2590 fornicatione;
2851 2528 2943 2581 sed
2964 2567 2980 2592 ,
3017 2529 3239 2599 Fugite;
3269 2532 3321 2586 id
3350 2544 3470 2600 est,

1874 2612 2008 2667 Cum
2034 2614 2214 2669 studio
2244 2613 2402 2671 facite
2427 2624 2486 2669 nt
2511 2630 2542 2669 a
2572 2617 2715 2670 malo
2746 2618 3064 2672 liberemiui.
3103 2620 3267 2675 Omne
3293 2639 3474 2690 pecca-

1876 2713 1981 2758 tum
2024 2705 2371 2776 quodcumque
2413 2709 2584 2776 fecerit
2628 2708 2778 2761 homo
2797 2750 2813 2775 ,
2845 2718 2991 2764 castra
3027 2726 3214 2780 corpus
3242 2722 3315 2766 est
3344 2730 3364 2767 :
3387 2715 3477 2784 qui

1875 2805 2039 2850 autem
2072 2798 2359 2868 fornicatur
2377 2838 2391 2862 ,
2422 2799 2478 2852 in
2505 2815 2688 2867 corpus
2717 2815 2865 2853 suum
2893 2813 3086 2871 peccat.
3120 2802 3234 2858 Hoc
3257 2814 3340 2859 est
3370 2807 3473 2860 nti-

1876 2905 1978 2945 nus
2004 2891 2211 2959 priore;
2235 2890 2331 2946 sed
2352 2890 2475 2961 quia
2497 2893 2566 2945 ab
2585 2907 2651 2946 eo
2671 2893 2930 2962 agebatur
2947 2894 3014 2949 de
3037 2894 3471 2963 fornicatoribns,

1874 2983 2110 3054 undique
2137 2984 2264 3038 illml
2296 2984 2541 3049 extollit,
2570 2996 2625 3039 et
2654 3000 2684 3038 a
2715 2986 3006 3055 majoribus
3032 2998 3086 3042 et
3115 3002 3145 3041 a
3177 2989 3476 3044 minoribus

1875 3077 2076 3130 crimen
2100 3076 2453 3147 amplificatis.
2482 3078 2618 3133 Illud
2639 3079 2852 3149 quidem
2877 3080 3023 3149 prius
3046 3081 3476 3151 religiOsioribus

1875 3172 2077 3227 dictum
2108 3181 2231 3239 est,
2267 3171 2369 3227 hoc
2408 3182 2586 3228 autem
2632 3173 3085 3229 imbecillioribus.
3123 3174 3254 3228 Nam
3285 3184 3340 3229 et
3375 3175 3476 3230 hoc

1875 3278 2086 3334 quoque
2126 3263 2276 3318 Pauli
2315 3265 2591 3333 sapientiae
2620 3275 2702 3320 est
2725 3304 2742 3331 ,
2782 3279 2888 3320 non
2930 3266 3093 3320 modo
3121 3281 3150 3320 a
3182 3267 3475 3334 majoribus

1877 3356 2134 3427 pudorem
2164 3356 2425 3423 incutere,
2456 3355 2550 3411 sed
2578 3358 2739 3411 etiam
2767 3372 2797 3410 a
2828 3357 3145 3424 minoribus,
3175 3367 3229 3412 et
3253 3372 3285 3411 a
3318 3358 3476 3427 turpi-

1878 3447 2062 3505 tudine
2099 3462 2261 3521 atquc
2307 3450 2375 3503 ab
2418 3449 2693 3505 indecoro.
2736 3449 2873 3516 Quid
2917 3463 3079 3519 ergo,
3124 3449 3364 3519 inquies,
3405 3464 3473 3503 an

1879 3540 2144 3596 homicida
2183 3556 2400 3595 manum
2441 3556 2544 3595 non
2589 3540 2816 3610 polluit?
2854 3540 2980 3610 quid
3024 3554 3151 3595 vero
3188 3554 3382 3593 avarus
3418 3548 3474 3593 et

1877 3634 2083 3703 rapax?
2109 3633 2162 3688 Id
2189 3633 2385 3703 cuique
2414 3633 2587 3702 palam
2619 3639 2703 3687 est
2731 3649 2744 3686 :
2774 3633 2869 3688 sed
2896 3630 3019 3703 quia
3049 3630 3154 3686 dici
3190 3646 3296 3687 non
3326 3638 3473 3700 pote-

1876 3738 1961 3782 rat
1986 3727 2116 3781 nihil
2142 3741 2264 3782 esse
2289 3724 2440 3796 pejus
2467 3726 2810 3788 fornicatore,
2834 3726 2942 3779 alio
2964 3724 3124 3779 modo
3148 3723 3248 3778 hoc
3269 3724 3474 3778 crimen

1878 3822 2029 3875 auxit
2051 3821 2254 3885 dicens,
2282 3820 2335 3875 in
2369 3817 2721 3874 fornicatione
2747 3825 2916 3872 totum
2946 3832 3142 3888 corpus
3172 3816 3287 3872 fieri
3314 3831 3474 3870 exsc-

1878 3911 2158 3965 erandum.
2180 3910 2473 3980 Tamquam
2494 3909 2640 3964 enim
2664 3908 2906 3962 incidens
2929 3908 2980 3962 in
3003 3908 3234 3962 lebetem
3256 3907 3478 3960 immun-

1878 4004 2044 4069 ditite,
2067 4002 2471 4074 inquinamento
2491 4002 2736 4061 tinctum.
2761 4000 2839 4056 sic
2859 4000 3136 4072 polluitur.
3165 4001 3275 4055 lloc
3295 4009 3474 4054 autem

1881 4096 2038 4152 nobis
2067 4096 2227 4151 etiam
2271 4096 2322 4148 in
2354 4109 2505 4149 more
2533 4102 2636 4149 est.
2667 4091 2802 4147 Nam
2831 4094 2899 4147 ab
2923 4092 3146 4146 avaritia
3177 4092 3390 4162 quidem
3422 4100 3479 4145 ct

1880 4190 2066 4260 rapina
2096 4200 2255 4244 nemo
2283 4197 2526 4242 nostrum
2557 4185 2825 4240 curaverit
2865 4185 2917 4239 in
2949 4184 3197 4239 balneum
3232 4185 3309 4237 ire
3333 4226 3348 4247 ,
3381 4184 3476 4236 sed
3552 4214 3555 4217 »

1883 4283 2000 4337 sine
2023 4282 2131 4336 ullo
2156 4280 2465 4335 discrimine
2488 4278 2705 4333 domum
2732 4277 2872 4332 redit
2897 4295 2908 4329 :
2932 4290 2961 4330 a
2986 4275 3131 4331 coitu
3154 4284 3332 4331 autem
3356 4291 3480 4331 cum

1884 4374 2188 4437 meretrice,
2212 4387 2276 4427 ac
2300 4373 2344 4427 si
2374 4380 2515 4425 totus
2544 4369 2850 4425 immundus
2876 4368 2945 4423 sit
2971 4367 3215 4431 effectus,
3243 4367 3308 4421 ad
3338 4369 3481 4421 lava—

1883 4481 2034 4522 crum
2065 4467 2209 4520 venit
2239 4486 2252 4520 :
2281 4466 2351 4518 ita
2381 4462 2676 4532 turpiorem
2705 4461 2988 4531 quamdam
3020 4459 3381 4529 suspicionem
3413 4477 3481 4515 ex

1886 4565 1989 4619 hoc
2012 4570 2232 4633 peccato
2262 4559 2423 4615 habet
2447 4557 2792 4614 conscientia.
2824 4555 3121 4624 Utrmnque
3147 4563 3295 4608 certe
3319 4568 3483 4623 grate

1885 4666 2006 4721 est,
2042 4651 2264 4709 avaritia
2307 4665 2500 4719 nempe
2542 4660 2595 4703 et
2640 4646 2959 4709 fornicatio,
2994 4655 3051 4699 et
3090 4645 3141 4698 in
3181 4647 3483 4713 gehennam

1888 4749 2092 4819 injicit:
2116 4760 2303 4803 verum
2331 4745 2453 4815 quia
2488 4742 2681 4796 Paulus
2705 4740 2884 4795 omnia
2910 4737 3244 4793 ceconomice
3270 4744 3326 4789 et
3352 4750 3482 4805 pro-

1887 4846 2077 4899 denter
2104 4838 2477 4902 administrat,
2510 4849 2631 4904 qua:
2656 4832 3013 4903 suppetebant
3036 4828 3212 4884 omnia
3239 4827 3484 4883 adhibuit

1887 4934 1954 4990 ad
1985 4930 2352 4989 fornicationis
2383 4929 2585 4983 crimen
2625 4924 2946 4994 augendum.
2997 4921 3087 4977 i9.
3131 4920 3212 4974 An
3241 4921 3445 4975 nescitis
3466 4961 3483 4985 ,

1888 5029 2025 5100 quod
2051 5041 2235 5098 corpus
2265 5032 2483 5076 vestrum
2524 5018 2768 5089 templum
2806 5026 2879 5071 est
2908 5017 3018 5087 ejus
3053 5016 3140 5086 qui
3170 5015 3222 5068 in
3250 5015 3388 5069 vobis
3414 5023 3491 5070 est

1891 5123 2118 5192 Spiritus
2141 5117 2346 5174 sancti?

1960 5214 2016 5269 2.
2061 5214 2174 5268 Non
2202 5209 2520 5279 simpliciter
2548 5204 2720 5270 dixit,
2753 5201 3015 5274 Spiritus;
3044 5200 3160 5264 sed,
3195 5199 3297 5267 Qui
3320 5199 3373 5254 in
3403 5215 3492 5253 vo-

1892 5308 1966 5362 bis
1986 5316 2077 5371 est,
2101 5303 2242 5376 quod
2263 5300 2595 5359 consolantis
2615 5305 2733 5353 erat
2754 5312 2770 5353 :
2794 5306 2848 5351 et
2867 5308 3056 5350 rursus
3075 5307 3139 5348 es
3149 5294 3351 5362 plicans
3371 5290 3448 5345 ait
3473 5309 3486 5345 :

1896 5400 2057 5466 Quem
2088 5398 2280 5452 habetis
2309 5413 2340 5449 a
2367 5394 2497 5449 Deo.
2543 5392 2678 5447 Eum
2705 5390 2794 5461 qui
2825 5388 2971 5465 dedit
3005 5388 3221 5458 posuit,
3248 5384 3404 5440 simul
3435 5392 3490 5437 ct

1894 5492 2174 5547 sublimem
2205 5487 2437 5544 reddens
2463 5484 2784 5548 auditorem,
2806 5491 2860 5537 et
2885 5492 3093 5537 terrens
3119 5474 3491 5548 magnitudine

1894 5585 2162 5654 depositi.
2194 5591 2251 5639 et
2287 5580 2558 5637 desidet-io
2588 5576 2871 5646 studioque
2906 5571 3248 5644 deponentis.
3286 5568 3348 5622 Et
3386 5581 3491 5620 non

1895 5679 2015 5733 estis
2050 5676 2222 5731 vestri.
2252 5674 2384 5729 'lloc
2421 5686 2527 5727 non
2568 5669 2824 5740 pudorem
2869 5664 3146 5721 inferentis
3183 5658 3344 5715 modo
3370 5668 3449 5713 est
3472 5698 3491 5722 ,

1896 5768 1992 5825 sed
2019 5768 2180 5823 etiam
2207 5764 2451 5836 cogentis
2477 5762 2544 5816 ad
2570 5762 2842 5815 virtutem.
2870 5756 3006 5826 Quid
3037 5753 3214 5809 enim?
3241 5750 3383 5819 quod
3413 5751 3493 5804 vis

1899 5858 2029 5916 facis
2053 5900 2071 5929 ,
2100 5859 2180 5915 ais
2207 5876 2221 5914 :
2249 5872 2355 5913 non
2386 5868 2446 5912 es
2476 5852 2551 5909 tui
2579 5850 2851 5907 dominus.
2886 5848 3012 5901 llarc
3036 5851 3212 5897 autem
3240 5840 3451 5897 dicebat
3474 5877 3493 5907 ,
