3992 6490
512 406 611 460 li?

515 541 624 582 non
672 524 898 579 liberum
939 520 1214 577 arbitrium
1255 516 1479 577 tollens;
1521 529 1643 568 nam
1687 527 1807 566 cum
1834 510 2096 574 dixisset,

518 614 706 670 Omnia
735 615 859 667 mihi
887 614 1038 666 licent
1063 652 1075 670 .
1103 609 1193 663 sed
1221 623 1322 660 non
1356 605 1526 659 omnia
1552 602 1827 672 expediunt
1850 641 1864 663 ,
1897 614 2002 653 non
2032 599 2102 653 li-

452 738 455 739 ν
520 711 779 762 hertatcm
823 714 1059 759 nostram
1103 698 1320 754 abstulit
1352 715 1365 750 :
1393 705 1447 751 et
1477 695 1562 749 hic
1605 708 1791 749 rursus
1820 691 2062 746 scribens
2085 729 2102 746 .

521 800 644 856 Non
668 802 783 854 estis
804 797 971 854 vestri.
1002 810 1105 850 non
1134 791 1459 862 propositum
1481 789 1774 843 voluntatis
1800 786 2103 849 labefactat,

521 893 614 947 sed
653 909 681 944 a
729 889 957 958 nequitia
998 885 1249 947 abducit,
1280 891 1335 936 et
1375 881 1580 934 Domini
1614 894 1796 933 curam
1828 876 2104 931 ostendit:

525 983 645 1035 ideo
671 979 957 1047 subjnugit,
986 976 1075 1030 ‘20.
1120 974 1291 1042 Empti
1326 973 1458 1024 enim
1484 970 1603 1025 estis
1633 969 1811 1039 pretio.
1843 967 1896 1022 Si
1928 977 2105 1019 autem

522 1090 629 1129 non
664 1087 780 1124 sum
822 1084 972 1122 meus
995 1112 1009 1130 ,
1041 1066 1310 1136 quomodo
1347 1064 1516 1131 exigis
1552 1078 1580 1114 a
1622 1076 1706 1114 me.
1744 1076 1806 1113 ea
1841 1075 1957 1126 qua:
1986 1066 2110 1111 sunt

521 1163 766 1235 agenda?
793 1161 1063 1231 quomodo
1092 1160 1142 1213 in
1175 1156 1517 1227 sequentibus
1548 1169 1756 1208 rursum
1784 1153 1920 1205 dicis
1939 1194 1954 1217 ,
1988 1149 2110 1204 Glo-

521 1256 717 1322 riﬁcate
743 1251 905 1306 Deum
931 1252 982 1304 in
1009 1266 1219 1320 corpore
1243 1258 1404 1300 vestro
1431 1256 1476 1301 et
1504 1245 1554 1299 in
1580 1246 1761 1315 spiritu
1787 1253 1948 1297 vestro
1964 1285 1979 1306 ,
2001 1256 2115 1312 quae

528 1346 621 1398 Dei
650 1355 786 1399 sunt.

596 1437 918 1491 Facultatem
951 1452 1053 1488 non
1087 1433 1328 1503 peccandi
1357 1430 1502 1484 habet
1528 1430 1698 1484 homo.
1726 1458 1799 1469 —
1820 1427 1956 1495 Quid
1985 1442 2114 1497 ergo

527 1531 628 1584 sibi
665 1532 779 1583 vult
806 1528 959 1591 illud,
992 1525 1114 1580 Non
1140 1526 1256 1579 estis
1281 1523 1472 1578 vestri?
1499 1532 1552 1577 ct
1580 1521 1706 1591 quid
1739 1537 1835 1591 per
1863 1519 1967 1574 hoc
2003 1519 2113 1573 vult

527 1622 795 1697 probare?
823 1622 880 1676 ln
910 1622 1195 1675 securitate
1220 1618 1545 1671 constituere
1565 1656 1578 1672 .
1612 1624 1671 1668 ut
1699 1630 1766 1669 ne
1797 1628 2080 1682 peccemus
2098 1654 2114 1676 ,

528 1732 630 1771 nec
655 1715 815 1767 animi
852 1710 1315 1781 concupiscentias
1358 1708 1618 1762 absurdas
1647 1721 1952 1776 sequamur.
1987 1703 2117 1758 Nam

530 1807 693 1862 multa
722 1806 965 1859 volumus
1010 1803 1239 1858 absurda
1270 1810 1324 1854 et
1360 1802 1536 1870 gravia
1564 1841 1577 1860 ,
1608 1799 1701 1851 sed
1730 1814 1792 1852 ea
1827 1797 2120 1865 reprimere

530 1908 778 1968 oportet;
826 1913 944 1950 nam
976 1896 1029 1951 id
1060 1909 1343 1963 possmuus
1372 1912 1383 1945 :
1414 1893 1456 1944 si
1488 1892 1629 1946 enim
1662 1906 1766 1943 non
1801 1902 2077 1958 possemus
2099 1929 2116 1950 ,

532 1993 798 2060 superﬂua
826 1999 968 2045 esset
996 1989 1308 2042 admonitio.
1339 1984 1470 2039 Vide
1496 2000 1624 2052 ergo
1647 1982 1916 2050 quomodo
1942 1981 2122 2034 ﬁrma-

535 2087 691 2136 vcrit.
714 2081 846 2136 Cutn
868 2079 1090 2133 dixisset
1111 2078 1277 2140 enim,
1304 2074 1421 2135 Non
1443 2077 1558 2128 estis
1583 2075 1751 2136 vestri,
1775 2087 1882 2126 non
1904 2071 2118 2139 adjecit,

534 2175 639 2229 Sed
672 2173 771 2227 sub
796 2172 1112 2226 IICCl‘SSiiillc
1139 2170 1287 2231 estis,
1317 2166 1432 2227 sed,
1462 2165 1635 2219 Pretio
1661 2165 1815 2232 empti
1851 2164 1987 2216 estis.
2014 2160 2125 2215 Cur

538 2268 640 2321 hoc
669 2265 840 2321 dit-is?
883 2280 1003 2317 nam
1034 2262 1286 2324 aliunde,
1327 2260 1520 2314 dixerit
1563 2258 1789 2312 fortasse
1826 2257 2121 2326 quispiam,

536 2357 819 2427 oportebat
851 2354 1071 2415 hortari,
1102 2350 1432 2405 ostendendo
1459 2367 1555 2403 nos
1588 2348 1788 2402 habere
1819 2347 2121 2399 hominum.

537 2447 644 2503 Sed
691 2446 791 2500 hoc
834 2444 1048 2514 quidem
1090 2458 1209 2498 cum
1255 2441 1453 2497 Graecis
1492 2440 1647 2494 nobis
1684 2449 1768 2494 est
1805 2452 2122 2496 commune;

538 2540 667 2594 illud
690 2554 841 2602 vero,
865 2536 1037 2591 Pretio
1062 2536 1215 2605 empti
1235 2536 1373 2600 estis,
1401 2534 1551 2588 nobis
1574 2544 1657 2587 est
1690 2531 2039 2600 prmcipnutn.
2069 2527 2125 2581 ltl

541 2634 851 2689 memoriam
877 2634 1020 2686 enim
1049 2639 1266 2685 revocat
1307 2629 1550 2683 beneﬁcii
1581 2625 1999 2697 magnitudinem
2026 2664 2041 2683 .
2073 2631 2129 2676 et

540 2725 728 2780 salutis
750 2723 986 2785 modum,
1005 2719 1296 2776 os:cndens
1319 2734 1417 2774 nos
1436 2736 1556 2775 cum
1578 2719 1792 2774 alienati
1818 2717 2125 2779 fuissemus,

539 2827 751 2885 emptos
783 2816 974 2877 fuisse;
1004 2823 1057 2868 et
1085 2828 1189 2867 non
1217 2812 1550 2882 simpliciter,
1576 2812 1669 2865 scd
1700 2812 1887 2879 pretio.
1921 2807 2130 2874 Cloriﬁ.

541 2916 652 2960 cate
674 2922 811 2976 ergo,
844 2913 1037 2972 portate
1062 2902 1226 2955 Deum
1250 2904 1302 2955 in
1332 2918 1543 2970 corpore
1567 2912 1728 2956 oestro
1754 2910 1799 2954 et
1822 2901 1875 2953 in
1924 2901 2127 2967 spiritu.

547 2998 658 3052 lloc
685 3011 842 3065 porro
868 2995 1027 3057 dicit,
1056 3003 1112 3047 ut
1143 3009 1246 3047 non
1277 3008 1504 3062 corpore
1530 2993 1704 3046 solum
1735 2991 1997 3060 fugiamus
2023 2988 2132 3042 for-

547 3087 900 3148 nicationem;
935 3085 1027 3139 sed
1067 3086 1225 3140 etiam
1272 3085 1323 3138 in
1370 3085 1558 3153 Spiritu
1607 3087 1799 3139 anima:
1841 3084 1967 3136 nihil
2008 3082 2130 3136 mali

545 3180 862 3250 cogitemus,
887 3193 985 3231 nec
1006 3178 1228 3248 gratiam
1250 3177 1545 3248 abigamns.
1573 3176 1699 3243 Qua:
1718 3185 1835 3230 sunt
1860 3173 1971 3228 Dei.
1998 3173 2131 3240 Quia

547 3273 690 3327 enim
717 3273 872 3331 dixit.
910 3269 1106 3336 Vestro,
1136 3270 1257 3324 ideo
1286 3270 1497 3338 adjicit,
1531 3269 1657 3336 Quae
1684 3278 1801 3323 sunt
1833 3268 1960 3330 Dei;
1990 3281 2135 3335 s:epe

549 3367 702 3420 nobis
744 3366 793 3418 in
834 3363 1149 3419 memoriam
1191 3376 1482 3427 revocans,
1513 3363 1688 3415 omnia
1732 3360 1941 3416 Domini
1971 3373 2132 3423 esse,

549 3474 745 3527 Corpus
768 3499 783 3522 ,
816 3458 1048 3511 animam
1081 3467 1136 3509 et
1164 3457 1432 3525 spiritum.
1480 3454 1765 3509 Enimvero
1794 3452 2007 3523 quidam
2049 3451 2134 3505 di-

550 3562 712 3615 cunt,
764 3550 893 3604 illud
948 3548 1015 3602 In
1070 3550 1285 3621 spiritu,
1336 3548 1441 3603 dici
1490 3548 1639 3616 quasi
1692 3547 1743 3600 in
1791 3544 2134 3600 charismate.

550 3644 684 3699 Nam
713 3645 758 3697 si
803 3642 928 3697 illtttl
967 3642 1018 3696 in
1055 3642 1210 3696 nobis
1248 3640 1447 3703 fuerit,
1475 3631 1616 3694 Dens
1641 3639 2008 3709 gloriﬁcatur;
2037 3638 2141 3693 erit

553 3748 752 3797 amem,
777 3734 820 3788 si
845 3749 938 3787 cor
960 3734 1215 3786 mundum
1244 3731 1557 3786 habeamus.
1588 3732 1679 3786 Dei
1704 3743 1880 3785 autem
1910 3731 1995 3785 illa
2020 3744 2142 3785 esse

552 3826 706 3886 dixit,
732 3841 837 3878 non
868 3825 1026 3878 modo
1048 3824 1170 3894 quia
1199 3824 1286 3877 illa
1313 3823 1584 3894 produxit,
1608 3823 1704 3879 sed
1729 3823 1849 3894 quia
1875 3824 2145 3878 abaliena-

557 3928 606 3971 ta
634 3917 882 3985 {secundo
930 3932 1115 3971 rursus
1156 3917 1474 3985 acquisivit,
1509 3917 1736 3986 pretium
1782 3931 1985 3986 ponens
2013 3930 2140 3969 san-

554 4012 766 4077 guinem
793 4009 930 4064 Filii.
954 4007 1083 4063 Vide
1103 4009 1373 4078 quomodo
1393 4009 1443 4062 in
1464 4007 1679 4063 Christo
1700 4017 1866 4062 totum
1892 4006 2138 4075 perfecit:

555 4101 822 4169 quomodo
851 4116 947 4154 nos
979 4101 1030 4153 in
1060 4101 1248 4156 ca-inm
1280 4100 1519 4154 adduxit.
1565 4100 1799 4156 Membra
1829 4101 1959 4155 estis
1988 4097 2144 4154 Chri—

556 4196 663 4258 sti,
712 4195 920 4264 inquit,
966 4192 1223 4262 templum
1268 4193 1401 4247 estis
1445 4191 1676 4261 Spiritus
1708 4209 1722 4246 :
1751 4208 1818 4247 ne
1861 4207 1990 4261 ergo
2028 4191 2145 4244 sitis

556 4287 795 4340 membra
830 4285 1126 4339 meretricis
1165 4302 1179 4338 :
1217 4299 1321 4337 non
1353 4284 1495 4337 enim
1526 4299 1720 4352 corpus
1749 4293 1984 4337 vestrum
2011 4297 2145 4337 con-

559 4378 773 4433 tumelia
822 4376 1089 4436 afﬁcitur;
1152 4392 1322 4443 neque
1369 4390 1564 4443 corpus
1603 4384 1838 4430 vestrum
1885 4383 2007 4441 est,
2050 4373 2145 4429 sed

556 4469 778 4523 Christi.
829 4469 953 4523 litec
995 4482 1158 4537 porro
1198 4466 1327 4520 dixit
1353 4508 1368 4530 ,
1414 4467 1573 4520 simul
1612 4466 1993 4533 benignitatem
2030 4466 2146 4534 ejus

558 4561 850 4615 ostendens
870 4600 886 4621 ,
919 4558 1059 4628 quod
1099 4572 1296 4626 corpus
1336 4566 1576 4611 nostrum
1615 4557 1683 4610 sit
1711 4573 1864 4611 suum
1891 4598 1907 4621 ,
1937 4567 1991 4611 et
2030 4566 2088 4609 ut
2116 4573 2143 4609 a

561 4651 789 4719 maligna
834 4656 1098 4718 potestate
1141 4662 1241 4701 nos
1278 4647 1489 4716 eripiat.
1531 4646 1662 4701 Nam
1703 4648 1746 4702 si
1789 4648 2021 4702 alienum
2064 4658 2148 4703 est

558 4753 757 4809 eorpus
778 4781 794 4805 ,
826 4754 932 4793 non
965 4746 1282 4809 potestatem
1322 4738 1532 4794 habetis
1560 4741 1719 4795 alieni
1746 4742 1986 4810 corporis
2013 4757 2145 4794 con-

561 4831 777 4885 tumelia
807 4829 1072 4884 alliciendi
1097 4871 1113 4894 ,
1146 4830 1314 4899 inquit
1339 4873 1353 4893 ,
1383 4832 1614 4885 maxime
1640 4847 1767 4886 vero
1794 4848 1913 4886 cum
1944 4833 2013 4886 sit
2046 4834 2147 4887 Do-

560 4921 833 4981 minicnm.
862 4938 1035 4993 neque
1058 4923 1312 4993 templum
1337 4924 1567 4992 Spiritus
1593 4925 1918 4993 inquinandi.
1949 4925 2002 4980 Si
2027 4927 2146 4996 quis

559 5019 703 5071 enim
750 5018 1005 5088 privatam
1044 5017 1263 5072 domum
1306 5019 1576 5088 ingressus
1598 5060 1613 5081 ,
1645 5018 1946 5088 petulanter
1979 5019 2148 5089 egerit

560 5112 611 5163 itt
660 5110 747 5164 illa
772 5152 786 5175 ,
815 5120 1084 5166 extremas
1123 5109 1272 5164 dabit
1319 5125 1504 5178 pinnas
1532 5128 1545 5164 :
1575 5111 1663 5180 qui
1708 5112 1961 5180 templum
2007 5114 2146 5183 regis

559 5205 952 5273 receptaculum
982 5204 1206 5260 latronis
1236 5203 1441 5268 fecerit,
1468 5203 1641 5274 cogita
1666 5216 1860 5275 quanta
1889 5220 2145 5273 passurus

556 5297 629 5350 sit
655 5297 810 5349 mala.
843 5295 967 5350 [hec
994 5312 1120 5366 ergo
1145 5296 1413 5366 cogitans,
1450 5296 1830 5351 inhabitantem
1859 5313 2143 5360 reverere;

560 5389 604 5443 is
632 5389 775 5442 enim
807 5397 890 5442 est
917 5388 1223 5443 Paracletus
1249 5407 1263 5442 :
1291 5390 1417 5442 time
1449 5389 1597 5443 illum
1623 5431 1639 5451 .
1670 5389 1760 5459 qui
1790 5397 1964 5444 tecum
1992 5404 2143 5445 com—

561 5480 786 5548 plieatus
815 5487 899 5533 est
926 5487 980 5532 et
1009 5479 1101 5532 tibi
1128 5478 1396 5542 adiceret;
1428 5480 1670 5535 Christus
1698 5482 1841 5534 enim
1872 5489 1974 5534 est.
2007 5481 2140 5535 Num

560 5581 611 5624 tn
647 5571 942 5625 membrum
968 5567 1167 5624 Christi
1200 5578 1251 5623 te
1281 5571 1395 5640 ipse
1424 5569 1631 5624 fecisti?
1658 5570 1748 5625 Sic
1776 5571 1945 5640 cogita
1973 5579 2029 5626 et
2055 5586 2144 5625 ea-

558 5670 672 5714 stus
698 5675 892 5714 mane:
918 5659 1072 5728 cujus
1100 5659 1297 5715 fuerint
1326 5661 1561 5715 membra
1589 5671 1643 5716 et
1668 5661 1821 5730 cujus
1852 5662 1985 5715 i'acta
2014 5662 2138 5715 sint.

562 5748 853 5804 Meretricis
882 5760 1039 5804 antea
1066 5751 1308 5805 membra
1338 5761 1509 5812 erant.
1542 5762 1595 5806 et
1624 5751 1866 5805 Christus
1899 5752 2020 5806 fecit
2052 5754 2139 5807 illa

565 5842 799 5896 membra
826 5843 910 5898 sui
931 5842 1187 5911 corporis.
1221 5842 1336 5898 Non
1367 5859 1494 5912 ergo
1522 5844 1606 5897 illa
1636 5860 1773 5895 nunc
1802 5847 1850 5898 in
1882 5854 2142 5914 potestate

1280 398 1334 454 s.
1376 394 1652 452 JOANNIS
1676 390 2144 449 cuuvsos'ront
2186 391 2499 446 ARCIIIEP.
2538 393 3069 450 covsnunxoe.
3690 401 3776 458 ηδ

2209 510 2373 563 habes
2397 528 2409 562 :
2438 510 2508 563 illi
2538 513 2740 565 servias
2760 512 2850 581 qui
2877 521 2927 567 te
2948 511 3214 568 liberavit.
3240 511 3358 568 Non
3382 512 3548 576 enim,
3570 513 3614 567 si
3636 516 3778 572 tiliam

2211 599 2434 656 haberes
2455 614 2511 657 et
2533 618 2650 658 eam
2675 618 2785 673 pne
2810 604 3034 659 stultitia
3058 602 3312 660 mercede
3335 604 3572 659 locasses
3594 605 3779 673 lenoni,

2211 703 2269 745 ut
2300 692 2682 752 fornicaretur:
2727 695 3024 765 deindeqne
3066 694 3204 750 ﬁlius
3241 697 3387 766 regis
3430 698 3685 751 transiens
3707 739 3723 764 ,
3751 718 3778 757 ει

2211 784 2465 837 servitute
2497 786 2774 839 liberatam
2804 802 3024 841 uxorem
3061 786 3342 853 duxisset,
3377 802 3542 857 penes
3577 796 3626 841 te
3652 800 3785 843 esset

2214 884 2395 941 postea
2425 876 2565 929 illam
2604 877 2653 928 in
2693 878 3043 946 prostibulum
3074 878 3273 933 ducere
3304 895 3318 931 :
3347 879 3513 933 semel
3541 880 3678 934 enim
3701 880 3784 934 de-

2213 965 2336 1019 disti
2364 976 2418 1021 et
2447 968 2749 1023 vendidisti.
2781 969 2885 1023 lies
2911 980 3090 1023 nostra
3118 970 3197 1025 sic
3224 969 3390 1025 habet
3417 992 3431 1023 :
3462 985 3671 1025 carnem
3696 986 3778 1025 oo-

2215 1067 2379 1109 stram
2426 1059 2672 1114 mercede
2716 1059 3073 1114 conduximus
3121 1060 3341 1114 diabolo
3388 1061 3534 1127 gravi
3583 1062 3777 1116 lenoni:

2219 1148 2407 1203 videns
2436 1150 2678 1205 Chrisms
2709 1154 2905 1222 eripuit
2935 1154 3076 1207 illam
3107 1163 3162 1208 et
3188 1154 3439 1208 liberavit
3467 1172 3496 1207 a
3530 1157 3784 1226 tyrannide

2219 1239 2305 1293 illa
2333 1243 2545 1295 acerba.
2577 1242 2691 1296 Non
2719 1254 2802 1297 est
2828 1260 2959 1313 ergo
2982 1245 3093 1313 jam
3127 1255 3331 1310 nostra,
3362 1245 3458 1299 sed
3490 1246 3781 1300 liberatoris.

2219 1332 2275 1387 Si
2298 1335 2427 1388 velis
2455 1336 2525 1388 uti
2551 1337 2634 1391 illa
2660 1347 2924 1407 tamquam
2948 1339 3089 1408 regis
3110 1353 3330 1408 sponsa,
3350 1352 3511 1393 nemo
3534 1337 3782 1408 prohibet;

2220 1424 2302 1478 sin
2342 1424 2408 1478 ad
2450 1426 2624 1494 priora
2666 1427 2884 1481 duxeris
2908 1468 2924 1490 ,
2956 1427 3143 1482 eadem
3186 1427 3444 1497 patieris,
3467 1442 3582 1497 qua:
3610 1444 3695 1496 par
3716 1440 3787 1484 est

2223 1518 2328 1587 pati
2371 1519 2807 1573 contumeliosos.
2842 1520 2965 1574 ldco
3005 1522 3180 1589 potius
3222 1521 3312 1574 illa
3352 1530 3437 1575 est
3466 1520 3780 1583 exornanda,

2220 1624 2379 1679 quam
2409 1610 2604 1680 probro
2626 1610 2904 1666 afﬁcienda
2954 1612 3136 1680 Neque
3157 1613 3300 1665 enim
3326 1612 3614 1680 potentiam
3635 1612 3786 1666 carnis

2224 1701 2390 1755 habes
2427 1702 2477 1755 in
2509 1704 2685 1772 pravis
2710 1705 3188 1773 concupiscentiis.
3216 1704 3312 1759 sed
3346 1705 3398 1758 in
3428 1705 3492 1759 iis
3517 1704 3658 1763 solis.
3685 1720 3785 1774 qua:

2224 1793 2365 1848 Deus
2393 1795 2728 1865 prmeeperit.
2769 1792 2954 1864 Cogita
2984 1810 3114 1865 ergo
3146 1811 3176 1847 a
3217 1804 3418 1865 quanta
3458 1795 3595 1848 illam
3625 1804 3786 1848 contu-

2225 1892 2385 1947 melia
2430 1893 2734 1947 liberaverit
2780 1894 2918 1947 Deus
2947 1910 2960 1944 :
2989 1893 3177 1961 quavis
3210 1893 3355 1945 enitn
3388 1890 3663 1946 meretrice
3688 1899 3786 1942 tur-

2226 1986 2345 2054 pior
2381 1986 2656 2057 prostabat
2685 1996 2839 2040 antea
2871 1996 3056 2039 natura
3095 1995 3300 2039 nostra.
3334 1984 3465 2038 Nam
3497 1983 3747 2037 latrocinia
3770 2022 3783 2044 ,

2227 2075 2532 2139 homicidia,
2564 2086 2618 2130 et
2651 2079 2853 2145 qozevis
2881 2077 3056 2146 iniqua
3085 2076 3344 2144 cogitatio
3377 2076 3429 2128 itt
3462 2075 3602 2127 illam
3631 2073 3784 2142 ingre-

2226 2167 2400 2230 diens,
2430 2184 2550 2221 cum
2581 2170 2757 2222 anima
2787 2167 3171 2222 roncumlnebat
3201 2209 3216 2227 ,
3252 2181 3414 2234 parva
3446 2165 3638 2233 vilique
3663 2177 3785 2216 mer-

2226 2259 2401 2326 cede,
2449 2260 2728 2329 pnesentis
2774 2275 2967 2329 nempe
3019 2259 3330 2325 voluptatis.
3392 2257 3575 2311 Anima
3619 2254 3787 2324 quippe

2227 2352 2514 2407 commixta
2544 2369 2664 2405 cum
2699 2353 2852 2405 malis
2879 2351 3292 2421 cogitationibus
3323 2358 3377 2403 et
3406 2349 3604 2403 actibus
3623 2386 3639 2411 ,
3672 2344 3789 2399 hanc

2229 2446 2401 2500 solum
2432 2446 2758 2515 percipiebat
2780 2446 3102 2500 mercedem.

2302 2540 2355 2593 5.
2402 2537 2509 2593 Sed
2539 2539 2653 2592 iure
2681 2537 2896 2607 quidem
2941 2547 3101 2591 antea
3128 2536 3243 2591 ﬁeri
3276 2552 3438 2607 grave
3482 2551 3598 2589 cum
3634 2541 3783 2592 esset.

2233 2647 2341 2685 non
2368 2641 2472 2685 tam
2499 2645 2659 2700 grave
2680 2640 2827 2683 erat:
2856 2638 2975 2698 post
2996 2630 3184 2682 e:clum
3214 2638 3419 2689 autem,
3437 2634 3556 2697 post
3572 2637 3784 2695 regnum,

2232 2732 2510 2792 postquam
2540 2721 2818 2775 tremenda
2863 2720 3171 2789 perceperis
3201 2719 3480 2790 mysteria,
3506 2729 3700 2770 rursum
3723 2713 3789 2765 iu—

2231 2816 2463 2887 quinari,
2489 2830 2645 2905 quam
2670 2814 2886 2866 habebit
2914 2812 3163 2865 veniam?
3188 2812 3384 2865 Annon
3406 2808 3665 2864 existimas
3684 2819 3786 2859 cum

2232 2914 2407 2968 avaris
2420 2921 2473 2966 et
2490 2910 2872 2987 ak‘is‘omnibns
2891 2923 3025 2977 quos
3040 2905 3397 2971 enumeravit,
3422 2906 3588 2973 ipsum
3606 2913 3787 2955 accum-

2236 3004 2362 3058 bere
2409 3002 2718 3071 diabolqm?
2763 3002 3014 3054 mulieres
3063 3008 3243 3053 autem
3293 2997 3362 3052 ad
3408 2994 3668 3051 libidinem
3713 3005 3788 3040 0r-

2236 3104 2387 3167 na‘tas
2415 3110 2518 3148 non
2547 3108 2736 3165 cepses
2775 3108 2896 3147 cum
2939 3092 3031 3145 illo
3066 3089 3446 3144 commisceri?
3483 3085 3656 3157 ecquis
3687 3082 3789 3136 huic

2236 3184 2470 3241 sermoni
2495 3184 2908 3255 contradixerit'?
2934 3181 3086 3250 Quod
3114 3180 3158 3235 si
3185 3181 3307 3251 quis
3332 3180 3403 3234 sit
3428 3175 3786 3233 contentiosus.

2237 3287 2397 3333 exuat
2456 3278 2689 3347 animam
2747 3275 3029 3329 mulierum
3083 3288 3205 3342 quze
3279 3287 3343 3326 se
3393 3270 3526 3325 adeo
3575 3265 3791 3320 indecore

2239 3376 2451 3438 gemat,
2469 3378 2520 3422 et
2542 3367 2742 3431 videbit
2763 3366 3049 3436 malignum
3078 3365 3227 3417 illum
3251 3364 3550 3419 dmmonem
3575 3371 3682 3413 cum
3706 3353 3793 3407 illis

2242 3461 2396 3516 valde
2436 3460 2743 3530 complicari
2792 3469 2845 3514 et
2887 3456 3249 3513 commisceri.
3284 3453 3509 3510 Ditﬁcile
3540 3450 3670 3506 enim
3706 3454 3789 3503 εει.

2242 3553 2444 3616 dilecti,
2460 3551 2677 3606 difﬁcile
2696 3560 2796 3613 est,
2823 3550 2931 3604 imo
2954 3548 3178 3603 fortasse
3206 3544 3555 3616 impossibile,
3571 3549 3626 3595 ut
3639 3539 3709 3592 sic
3723 3550 3794 3587 er-

2244 3655 2371 3699 nato
2397 3659 2645 3714 corpore,
2681 3641 2837 3705 simttl
2869 3656 3081 3712 quoque
3118 3651 3345 3695 ornetur
3381 3639 3585 3699 anima;
3610 3630 3693 3686 sed
3717 3643 3793 3682 uc.

2243 3752 2395 3793 cesse
2429 3746 2510 3791 est
2551 3736 2777 3791 alterum
2825 3735 3091 3803 negligere
3118 3748 3240 3787 cum
3272 3731 3361 3803 qui
3389 3728 3603 3783 alterius
3637 3733 3791 3777 curam

2248 3830 2433 3886 habet:
2450 3844 2623 3898 neque
2646 3828 2790 3895 enim
2815 3844 2879 3881 ex
2909 3837 3092 3881 natura
3124 3841 3219 3880 sua
3247 3826 3364 3879 haec
3379 3822 3536 3878 simul
3562 3832 3671 3874 esse
3694 3827 3794 3883 pos-

2246 3932 2389 3977 sunt.
2419 3919 2544 3976 Ideo
2569 3921 2680 3975 ait:
2716 3919 2817 3988 Qui
2845 3919 3070 3972 odhwret
3095 3917 3345 3972 meretrici
3363 3958 3377 3978 ,
3408 3923 3481 3968 est
3519 3925 3663 3966 unum
3695 3918 3790 3957 cor-

2249 4032 2345 4086 pus
2374 4030 2392 4067 :
2417 4015 2502 4083 qui
2528 4023 2697 4067 autem
2725 4014 2949 4067 adlucret
2977 4010 3212 4074 Domino,
3243 4025 3374 4062 unus
3395 4006 3594 4074 spiritus
3612 4008 3691 4053 est.
3720 3994 3793 4086 Ille

2251 4082 2485 4177 namq.
2504 4103 2718 4163 tandem
2774 4101 2991 4177 spiritus
3035 4098 3299 4163 efﬁcitur,
3332 4099 3459 4153 licet
3502 4082 3796 4177 corpore

2248 4176 2628 4253 circumdatus.
2668 4176 2892 4262 Quando
2940 4193 3083 4249 enim
3140 4192 3270 4246 nihil
3326 4176 3792 4259 corporeumutilli'

2249 4304 2508 4352 crassum,
2540 4288 2670 4342 nihil
2713 4299 2981 4342 terrenum
3025 4287 3166 4341 circa
3212 4287 3385 4354 ipsum
3428 4282 3599 4341 fuerit,
3626 4270 3795 4340 simpli-

2250 4381 2387 4438 citer
2437 4396 2666 4450 corpore
2718 4379 3078 4439 circumdatur
3110 4398 3123 4435 :
3153 4394 3277 4433 cum
3318 4387 3458 4432 totus
3510 4369 3794 4443 principatus

2250 4475 2321 4530 sit
2344 4475 2537 4529 animre
2563 4482 2617 4527 et
2641 4472 2880 4545 spiritus,
2911 4472 2988 4526 sic
3014 4472 3343 4542 gloriﬁcatur
3379 4470 3534 4525 Deus.
3560 4454 3794 4531 Quamob-

2253 4582 2364 4622 rem
2406 4568 2457 4620 iu
2485 4566 2728 4620 oratione
2751 4565 2932 4619 dicere
2961 4565 3231 4633 iubemur,
3262 4560 3613 4621 Sancti/iretur
3645 4560 3793 4633 nomen

2252 4667 2424 4721 tuum;
2445 4666 2500 4711 et
2519 4656 2763 4711 Christus
2790 4654 2858 4708 ait
2882 4672 2896 4709 :
2921 4632 3104 4721 Lttreat
3129 4655 3221 4708 (ua:
3245 4662 3409 4706 vestra
3433 4660 3596 4703 coram
3621 4632 3797 4693 immitti-

2254 4751 2365 4813 bus.
2391 4759 2446 4803 ut
2471 4749 2672 4802 videant
2699 4764 2854 4816 opera
2878 4759 3044 4805 uestra
3072 4746 3222 4808 bona,
3242 4754 3289 4798 et
3320 4740 3591 4814 gloriﬁcent
3618 4730 3793 4784 Patrem

2252 4854 2470 4898 vestrum
2496 4842 2581 4911 qui
2607 4842 2659 4895 in
2688 4841 2827 4895 caelis
2857 4851 2927 4893 est
2960 4839 2979 4913 (
3009 4837 3191 4891 Matth.
3247 4837 3303 4892 5.
3358 4832 3425 4889 16
3449 4833 3487 4901 ).
3529 4828 3613 4882 Sic
3650 4821 3793 4913 ipsum

2252 4934 2553 5005 gloriﬁcant
2581 4934 2742 4989 etiam
2769 4931 2909 4997 cadi,
2935 4947 3040 4989 non
3062 4944 3247 4984 vocem
3270 4928 3588 4984 emittentes,
3609 4912 3693 4970 sed
3709 4920 3793 5005 AW

2252 5037 2527 5096 aSpectum
2582 5024 2993 5087 admirationem
3043 5030 3480 5079 commoventes,
3507 5022 3557 5069 et
3602 5002 3793 5096 gloriam

2250 5116 2488 5173 Creatori
2513 5117 2820 5172 referentes.
2841 5115 2931 5168 Sic
2953 5115 3311 5191 gloriﬁcemus
3333 5112 3472 5166 illum
3498 5115 3549 5159 et
3572 5113 3689 5191 nos}
3710 5093 3795 5146 Ῐίηο

2252 5209 2421 5279 mag‘s
2461 5222 2619 5277 quam
2666 5207 2773 5271 illi;
2805 5186 3087 5275 possumus
3120 5204 3263 5259 enim
3303 5203 3347 5258 si
3387 5198 3616 5256 velimus.
3641 5186 3793 5251 Νεφιθ

2252 5278 2395 5356 enim
2443 5300 2515 5354 ita
2559 5299 2751 5354 cadum
2777 5307 2833 5353 et
2857 5297 2972 5353 dies
3001 5307 3056 5361 et
3083 5313 3185 5351 nox
3233 5298 3397 5351 Deum
3447 5282 3722 5358 gloriﬁcat.
3748 5278 3792 5320 ιιι

2251 5392 2429 5446 anima
2458 5401 2664 5446 sancta.
2714 5388 2866 5445 Sicut
2900 5389 3044 5449 enim
3084 5389 3206 5458 quis
3233 5385 3349 5442 creli
3388 5369 3786 5461 pulchritudittctlt

2252 5481 2547 5552 reSpiciens
2576 5479 2725 5543 dicit,
2749 5478 2928 5535 Gloria
2944 5479 3061 5551 tibi,
3081 5449 3223 5534 licus
3251 5495 3266 5531 :
3298 5449 3451 5546 quale
3471 5481 3596 5537 0P“5
3616 5449 3789 5552 misy}

2252 5574 2324 5627 ita
2346 5537 2407 5627 et
2429 5572 2525 5626 viri
2552 5552 2800 5625 virtutem
2829 5537 3063 5637 intuens;
3094 5569 3202 5633 imo
3230 5537 3329 5623 hic-
3348 5563 3507 5620 multo
3531 5549 3696 5619 magis.
3718 5537 3784 5595 Ah

2253 5666 2358 5719 illis
2385 5678 2616 5733 namque
2642 5662 2903 5717 creaturis
2942 5677 3052 5715 non
3093 5674 3283 5719 otnnes
3322 5657 3482 5711 Deum
3508 5637 3784 5733 gini-ineant,

2250 5756 2343 5809 sed
2372 5756 2531 5809 etiam
2558 5755 2710 5808 multi
2741 5754 2831 5807 illa
2859 5762 3132 5813 automata
3173 5767 3292 5807 esse
3330 5748 3536 5804 dicunt;
3577 5730 3785 5828 aliivet‘o

2251 5847 2584 5901 dienmnibns
2605 5845 2897 5901 attribuunt
2919 5845 3099 5900 mundi
3124 5844 3444 5900 creationem
3468 5842 3517 5888 et
3543 5811 3787 5899 providen-
