3992 6424
208 342 286 399 187

213 464 431 521 ἐνταῦθα
467 471 661 527 πάλιν
707 474 960 547 γράφων,
993 474 1076 527 δτι
1132 475 1252 528 Οὐκ
1291 471 1435 528 ἐστὲ
1466 469 1715 533 ἑαυτῶν,
1748 469 1809 521 οὐ

214 553 269 621 τῇ
294 554 635 624 προαιρέσει
664 556 1015 628 λυμαίνεται,
1046 556 1180 611 ἀλλά
1204 557 1308 626 τῆς
1335 556 1534 620 κακίας
1577 554 1806 622 ἀπάγει,

215 633 294 687 καὶ
330 634 429 688 τοῦ
479 639 776 694 Δεσπότου
818 642 916 711 τὴν
954 640 1279 712 κηδεμονίαν
1325 639 1679 694 ἐνδείκνυται.
1718 636 1811 689 Διὸ

217 718 298 771 καὶ
324 721 660 789 ἐπήγαγεν·
722 722 1125 793 Ἠγοράο-θητε
1148 724 1261 793 τὰρ
1292 722 1489 793 τιμῆς.
1527 722 1588 774 Et
1616 720 1673 773 δέ
1711 721 1810 772 οὐκ

217 801 318 872 εἰμὶ
336 802 618 871 ἐμαυτοῦ,
662 805 783 869 πῶς
813 823 881 876 με
900 809 1153 870 ἀπαιτεῖς
1181 809 1249 860 τὰ
1283 804 1566 878 πρακτέα;
1603 803 1721 866 πῶς
1751 802 1808 857 δέ

219 884 407 956 προῖὼν
433 885 631 955 λέγεις
659 889 842 954 πάλιν,
875 889 1182 955 Δοξάσατε
1210 890 1287 959 δὴ
1312 891 1421 943 τὸν
1455 888 1606 944 Θεὸν
1629 887 1701 940 ἐν
1726 884 1808 952 τῷ

219 968 431 1038 σώματι
463 971 646 1040 ὑμῶν
686 972 788 1029 καί
834 973 905 1026 ἐν
935 973 1016 1039 τῷ
1054 975 1347 1044 πνεύματι
1396 971 1584 1042 ὑμῶν,
1630 970 1808 1025 ἄτινὰ

214 1052 333 1106 ἐστι
360 1054 471 1107 τοῦ
511 1057 665 1110 Θεοῦ
683 1073 704 1120 ;
886 1116 901 1127 ,

278 1137 342 1189 Τί
375 1133 472 1191 οῦν
508 1141 629 1193 ἐστι
677 1141 757 1206 τὸ,
785 1143 908 1196 Οὐκ
933 1140 1076 1196 ἐστὲ
1108 1138 1372 1204 ἐαυτῶν;
1406 1140 1502 1194 καὶ
1530 1139 1584 1192 τί
1607 1139 1674 1192 δι’
1704 1139 1803 1192 αὐ-

204 1220 298 1275 τοῦ
332 1225 752 1278 κατασκευάσαι
783 1224 1062 1295 βούλεται;
1104 1225 1194 1278 Ἑν
1220 1223 1492 1294 ἀσφαλείᾳ
1519 1223 1800 1291 καταστῆ-

209 1322 302 1359 σαι
348 1306 446 1359 τοῦ
498 1308 574 1377 μὴ
616 1309 950 1379 ἁμαρτάνειν
987 1308 1121 1380 μηδὲ
1168 1310 1290 1372 ταῖς
1342 1306 1662 1377 ἐπιθυμίαις
1699 1309 1801 1377 τῆς

205 1388 388 1459 ψυχῆς
431 1390 747 1445 ἀκολουθεῖν
770 1395 890 1456 ταῖς
922 1392 1165 1455 ἀτόποις.
1191 1390 1302 1445 Καὶ
1339 1392 1447 1461 γὰρ
1481 1390 1650 1444 πολλά
1681 1390 1801 1460 βου-

203 1471 416 1543 λόμεθα
453 1474 655 1539 ἄτοπα,
688 1474 824 1528 ἀλλά
866 1475 1119 1546 κατέχειν
1165 1476 1276 1529 δεῖ*
1324 1474 1605 1546 δυνάμεθα
1652 1476 1795 1547 γάρ’

203 1556 256 1607 εί
284 1556 342 1608 δέ
368 1556 444 1628 μὴ
467 1557 767 1630 δυνάμεθα,
795 1560 1026 1632 περιττὴ
1053 1563 1088 1632 η
1118 1559 1464 1631 παραίνεσις.
1493 1561 1636 1630 Ὅρα
1666 1560 1797 1628 γοῦν

202 1639 329 1704 πῶς
378 1641 734 1711 ἠσφαλίσατο.
786 1642 973 1699 Εἰπὼν
1015 1644 1145 1715 γάρ,
1197 1646 1320 1698 Οὐκ
1367 1643 1511 1697 ἐστὲ
1537 1644 1792 1709 ἑαυτῶν,

201 1722 309 1775 οὐκ
330 1723 633 1793 ἐπήγαγεν,
676 1724 815 1779 Ἀλλ’
856 1727 949 1780 ὑπ’
983 1728 1232 1798 ἀνάγκην
1265 1727 1421 1791 ἐστὲ,
1452 1727 1588 1789 ἀλλ’,
1632 1728 1794 1799 Ἡγο-

196 1804 473 1872 ρὰσθητε
523 1809 719 1877 τιμῆς.
780 1810 881 1863 Διά
930 1811 986 1863 τί
1040 1809 1198 1863 τοῦτο
1260 1809 1478 1879 λέγεις;
1532 1811 1629 1864 καὶ
1683 1812 1792 1882 μὴν

206 1890 496 1962 ἑτέρωθεν,
541 1893 684 1948 εἴποι
727 1911 811 1958 τις
860 1893 927 1948 ἂν
969 1895 1121 1958 ἴσως,
1159 1893 1265 1947 ἔδει
1320 1894 1650 1966 προτρέψαι,
1681 1894 1790 1948 δεί-

206 1972 410 2026 κνύντα
444 1975 527 2027 δτι
569 1976 847 2046 Δεσπότην
892 1976 1107 2048 ἔχομεν.
1167 1976 1330 2030 Ἀλλά
1364 1977 1523 2031 τοῦτο
1555 1976 1656 2047 μὲν
1694 1977 1790 2031 καὶ

206 2056 348 2125 πρὸς
366 2057 631 2129 Ἕλληνας
661 2061 793 2130 ἡμῖν
829 2061 1025 2126 κοινὸν,
1057 2060 1117 2113 τὸ
1154 2061 1234 2121 δὲ,
1278 2060 1671 2130 Ἡγοράσθητε
1704 2080 1788 2115 τι·

202 2137 348 2205 μῆςν
384 2142 542 2211 ἡμῶν
589 2143 886 2214 ἐξαίρετον.
931 2141 1368 2215 Ἀναμιμνήσκει
1417 2144 1526 2216 γάρ
1557 2145 1653 2197 τοῦ
1689 2164 1788 2216 με-

206 2231 396 2299 γέθους
418 2233 517 2303 τῆς
540 2235 856 2305 εὐεργεσίας
883 2239 977 2290 καὶ
1001 2236 1095 2291 τοῦ
1124 2237 1327 2308 τρόπου
1360 2235 1461 2306 τῆς
1489 2241 1785 2308 σωτηρίας,

206 2314 419 2380 δεικνὺς
441 2318 522 2371 δτι
580 2319 1036 2392 ἀλλοτριωθέντες
1068 2321 1493 2393 ἠγοράσθημεν·
1545 2325 1639 2376 καὶ
1686 2325 1787 2396 οὐχ

208 2398 408 2461 ἁπλῶς.
434 2401 570 2456 ἀλλά
604 2403 792 2473 τιμῆς.
819 2403 1127 2469 Δοξάσατε
1145 2404 1245 2472 δὴ,
1281 2404 1464 2473 ἄρατε
1492 2406 1600 2460 τὸν
1637 2409 1787 2461 Θεὸν

208 2480 278 2533 ἐν
311 2481 385 2548 τῷ
404 2484 629 2553 σώματι
652 2485 818 2556 ὑμῶν
841 2489 939 2542 καὶ
970 2489 1040 2541 ἐν
1066 2487 1146 2554 τῷ
1165 2490 1482 2557 πνεύματι.
1515 2490 1699 2545 Ταῦτα
1728 2492 1785 2548 δέ

209 2562 371 2634 λέγει,
401 2566 541 2622 ὥστε
583 2568 659 2642 μὴ
700 2570 779 2640 τῷ
809 2571 1022 2641 σώματι
1055 2572 1217 2643 μόνον
1260 2572 1484 2641 φεύγειν
1512 2573 1613 2645 τὴν
1644 2593 1781 2646 πορ-

211 2651 372 2713 νείαν,
411 2651 548 2706 ἀλλά
584 2655 678 2707 καὶ
719 2658 777 2707 ἐν
808 2648 965 2727 [154]
1002 2656 1083 2727 τῷ
1134 2655 1410 2726 πνεύματι
1457 2656 1559 2727 τῆς
1601 2659 1782 2729 ψυχῆς

215 2734 371 2805 μηδὲν
422 2738 656 2806 πονηρὸν
695 2738 1006 2808 λογίζεσθαι
1050 2740 1145 2793 καὶ
1193 2738 1441 2793 ἐλαύνειν
1470 2740 1569 2811 τὴν
1597 2743 1776 2811 χάριν.

214 2816 399 2871 ’Δτινά
422 2820 554 2873 ἐστι
592 2821 700 2876 τοῦ
739 2822 909 2876 Θεοῦ.
950 2823 1171 2895 Ἐπειδὴ
1202 2824 1311 2895 γὰρ
1340 2820 1514 2889 εἶπεν,
1561 2825 1775 2895 ’Υμῶν,

212 2899 287 2954 διὰ
310 2902 465 2956 τοῦτο
483 2906 786 2975 ἐπήγαγεν,
810 2905 1009 2960 Ἀτινά
1036 2907 1168 2961 ἐστι
1197 2906 1305 2962 τοῦ
1337 2908 1508 2972 Θεοῦ,
1539 2910 1779 2980 συνεχῶς

205 2986 626 3060 ἀναμιμνήσκων
647 2992 815 3061 ἡμᾶς,
839 2991 920 3044 δτι
946 2992 1126 3045 πάντα
1146 2992 1474 3059 Δεσποτικά,
1499 2994 1594 3047 καὶ
1617 2993 1776 3065 σῶμα

202 3070 292 3123 καὶ
318 3069 461 3143 ψυχὴ
483 3074 574 3126 καὶ
600 3072 839 3144 πνεῦμα.
869 3076 980 3128 Καὶ
999 3076 1108 3147 γάρ
1136 3077 1280 3139 τινές
1302 3093 1455 3145 φασι,
1480 3076 1563 3142 Τῷ
1589 3078 1773 3132 πνεύ-

196 3166 349 3219 ματι,
384 3153 463 3225 τῷ
494 3156 792 3228 χαρίσματι
824 3156 1023 3226 λέγειν.
1062 3161 1162 3212 Ἂν
1197 3158 1307 3229 γάρ
1336 3161 1514 3213 ἐκεῖνο
1641 3164 1774 3232 παρ’

202 3237 345 3306 ἡμῖν,
392 3237 675 3304 δοξάζεται
715 3242 744 3294 6
768 3241 928 3307 Θεός·
964 3243 1115 3297 ἐσται
1148 3243 1228 3306 δὲ,
1262 3243 1331 3297 ἂν
1360 3242 1610 3315 καθαρὰν
1641 3262 1776 3315 καρ-

200 3316 310 3371 δίαν
345 3321 576 3393 ἔχωμεν.
608 3324 716 3377 Τοῦ
742 3324 877 3378 Θεοῦ
907 3325 964 3379 δὲ
996 3326 1137 3379 αὺτά
1180 3325 1403 3396 ἔφησεν,
1444 3328 1545 3381 οὐκ
1585 3328 1774 3401 ἐπειδὴ

205 3405 510 3484 παρήγαγεν
561 3407 701 3462 αύτά
737 3409 920 3478 μόνον,
966 3409 1082 3463 ἀλλ’
1130 3409 1320 3481 ἐπειδὴ
1353 3411 1449 3463 καὶ
1486 3410 1774 3484 ἀλλοτριω-

206 3483 368 3550 θὲντα,
406 3491 470 3541 ἐκ
502 3490 758 3562 δευτέρου
791 3491 954 3546 πάλιν
988 3494 1279 3565 ἐκτήσατο,
1324 3496 1490 3566 τιμὴν
1531 3496 1592 3548 τὸ
1632 3483 1773 3568 αἷμα

200 3568 287 3619 τοῦ
316 3570 509 3634 Παιδὸς
545 3574 825 3639 καταθείς.
877 3575 1019 3647 Ὅρα
1048 3575 1167 3639 πῶς
1194 3579 1275 3639 είς
1321 3577 1411 3629 τὸν
1440 3578 1677 3647 Χριστὸν
1711 3580 1772 3633 τὸ

204 3653 301 3705 πᾶν
324 3655 628 3726 ἀπήρτισε’
663 3657 779 3721 πῶς
822 3659 968 3731 ἡμᾶς
999 3661 1079 3723 είς
1107 3659 1199 3712 τὸν
1227 3660 1459 3730 οὐρανὸν
1499 3662 1768 3734 ἀνήγαγε.

201 3736 338 3809 Μὲλη
360 3740 483 3809 τοῦκ
500 3741 741 3813 Χριστοῦ
782 3744 928 3807 ἐστε,
955 3745 1109 3814 φησὶ,
1147 3744 1277 3807 ναός
1310 3747 1432 3797 ἐστε
1470 3745 1568 3799 τοῦ
1593 3748 1766 3801 Πνεύ-

202 3837 387 3889 ματος·
444 3826 522 3894 μὴ
567 3824 748 3879 τοίνυν
785 3827 1001 3892 γίνεσθε
1022 3827 1230 3898 πόρνης
1265 3825 1438 3899 p.611;-
1477 3828 1541 3881 ού
1570 3831 1681 3901 γάρ
1705 3831 1769 3884 τὸ

197 3905 341 3977 σῶμα
382 3906 447 3959 τὸ
495 3909 652 3979 ὑμῶν
702 3910 1017 3981 ὑδρίζεται’
1064 3910 1126 3963 ού
1164 3910 1276 3981 γάρ
1314 3910 1376 3964 τὸ
1407 3911 1569 3983 σῶμα
1612 3913 1768 3984 ὑμῶν

194 3989 346 4051 ἐστιν,
370 3990 513 4044 ἀλλά
551 3992 645 4045 τοῦ
668 3991 929 4064 Χριστοῦ.
969 3992 1155 4047 Ταῦτα
1178 3993 1235 4047 δὲ
1268 3993 1475 4062 ἔλεγεν,
1500 3994 1637 4065 ὁμοῦ
1675 3997 1769 4051 καὶ

189 4072 276 4144 τὴν
311 4074 729 4146 φιλανθρωπίαν
759 4075 1187 4147 ἐνδεικνύμενος,
1213 4078 1297 4130 ὅτι
1321 4077 1488 4131 αὐτοῦ
1520 4078 1581 4131 τὸ
1607 4080 1767 4149 σῶμα

185 4157 241 4210 τὸ
282 4160 580 4230 ἡμέτερον,
622 4161 718 4213 καὶ
769 4161 869 4231 τῆς
909 4159 1158 4227 ἐξουσίας
1195 4161 1298 4231 τῆς
1340 4164 1586 4233 πονηρᾶς
1618 4164 1767 4233 ἡμᾶς

183 4241 605 4315 ἀφαιρούμενος.
656 4245 718 4297 Εί
762 4244 871 4313 γάρ
904 4244 1186 4316 ἀλλότριόν
1227 4246 1341 4298 ἐστι
1363 4246 1426 4298 τὸ
1454 4246 1634 4316 σῶμα,
1665 4249 1767 4302 οὐκ

179 4324 325 4394 ἔχετε
368 4326 625 4390 ἐξουσίαν
650 4327 931 4399 ἀλλότριον
971 4327 1135 4397 σῶμα
1185 4327 1451 4399 ὑϐρίζειν,
1484 4330 1638 4399 φησὶ,
1671 4331 1767 4382 καὶ

178 4407 426 4477 μάλιστα
472 4410 605 4463 ὅταν
692 4410 1047 4473 Δεσποτικὸν,
1078 4410 1198 4464 οὺδέ
1227 4410 1354 4465 ναὸν
1389 4411 1639 4481 μολύνειν
1672 4412 1765 4465 τοῦ

174 4491 521 4563 Πνεύματος.
554 4494 617 4546 Εἰ
647 4494 755 4564 γάρ
785 4493 1026 4564 ἰδιωτικῇ
1063 4510 1148 4556 τις
1181 4493 1424 4547 ἐπελθὼν
1461 4496 1630 4568 οἰκία,
1672 4497 1767 4548 καὶ

174 4577 444 4646 κωμάσας
477 4578 561 4639 εἰς
593 4579 831 4649 ἐκείνην,
881 4579 982 4649 τὴν
1036 4579 1275 4649 ἐσχάτην
1308 4578 1468 4632 δώσει
1514 4579 1704 4650 δίκηνο
1737 4581 1765 4633 6

176 4660 444 4730 βασιλέως
471 4662 602 4716 ναὸν
648 4662 849 4736 λῃστοῦ
890 4662 1059 4715 ποιῶν
1107 4661 1477 4731 καταγώγιον,
1511 4664 1766 4733 ἐννόησον

172 4744 314 4799 me.
342 4746 600 4799 πείσεται
626 4748 796 4801 κακά.
821 4746 1010 4800 Ταῦτα
1039 4743 1133 4801 οὖν
1170 4749 1451 4818 ἐννοήσας,
1485 4748 1764 4820 αίδὲσθητι

170 4828 262 4881 τὸν
303 4828 631 4883 ἐνοικοῦντα
654 4847 669 4861 ·
725 4833 754 4884 6
806 4831 915 4904 γὰρ
960 4832 1322 4902 Παράκλητός
1380 4832 1528 4883 ἐστιν
1575 4826 1762 4896 οὗτοςο

178 4912 363 4982 φρίξον
411 4912 502 4966 τὸν
552 4915 1047 4985 συμπεπλεγμένον
1080 4933 1163 4969 σοι
1201 4916 1299 4969 καὶ
1332 4914 1760 4983 κεκολλημένον·

177 4998 208 5048 6
233 4997 342 5068 γάρ
365 4999 608 5069 Χριστός
640 5002 777 5054 ἐστι.
806 5000 899 5070 Μὴ
943 5000 1052 5071 γάρ
1084 5000 1148 5053 σὺ
1180 4999 1314 5071 μέλη
1363 4999 1602 5071 Χριστοῦ
1632 5001 1760 5053 ἐαυ-

175 5079 271 5132 τὸν
299 5081 594 5153 ἐποίησας;
638 5082 924 5152 Ἐννόησον
957 5082 1123 5147 οὕτω,
1155 5084 1248 5137 καὶ
1280 5084 1409 5154 μένε
1444 5082 1756 5155 σωφρονῶν,

169 5163 321 5227 τίνος
348 5159 417 5236 ἦν
446 5166 583 5237 μέλη
611 5178 658 5232 η,
693 5166 787 5220 καὶ
832 5167 977 5231 τίνος
1009 5168 1221 5236 γέγονε.
1255 5167 1473 5238 Πόρνης
1520 5162 1589 5236 ἦν
1623 5167 1760 5240 μέλη

167 5248 282 5319 πρὸ
316 5248 539 5313 τούτου,
569 5251 665 5303 καὶ
711 5253 739 5303 ό
768 5250 1004 5322 Χριστὸς
1035 5251 1291 5321 ἐποίησεν
1324 5250 1465 5303 αὐτά
1497 5248 1635 5319 μέλη
1666 5249 1760 5303 τοῦ

167 5331 301 5386 ἰδίου
353 5332 635 5403 σώματος.
668 5335 783 5390 Οὐκ
815 5336 925 5402 ἄρα
969 5335 1149 5389 αὐτῶν
1179 5334 1431 5400 ἐξουσίαν
1472 5333 1617 5404 ἔχεις
1647 5333 1761 5387 λοι-

167 5415 297 5469 πόν·
324 5417 528 5486 ἐκείνῳ
546 5416 766 5470 δούλευε
798 5417 876 5489 τῷ
903 5417 1354 5488 ἐλευθερώσαντι.
1384 5417 1522 5472 υὺδέ
1549 5417 1680 5489 γὰρ,
1713 5420 1761 5472 εί

172 5497 455 5571 θυγατέρα
483 5500 648 5572 ἔχων,
679 5505 742 5556 ἐκ
769 5501 971 5573 πολλῆς
1017 5502 1115 5572 τῆς
1158 5501 1344 5566 ἀνοίας
1383 5500 1762 5572 ἐξεμίσθωσας

175 5582 337 5657 αὐτὴν
398 5584 795 5656 πορνοϐοσκῷ,
846 5584 1210 5659 πορνεύεσθαι
1272 5584 1572 5657 ἐποίησας,
1640 5581 1762 5638 εἶτα

183 5664 439 5732 βασιλέως
491 5668 607 5731 υίὸς
658 5666 871 5740 παριὼν
927 5669 1270 5740 ἡλευθέρωσέ
1327 5686 1386 5722 τε
1437 5667 1606 5739 αὐτὴν
1663 5671 1762 5740 τῆς

183 5746 411 5814 δουλείας
438 5752 659 5822 ἐκείνης
696 5756 791 5806 καὶ
833 5754 1071 5824 συνῆψεν
1110 5753 1305 5825 ἐαυτῷ,
1342 5752 1533 5827 κύριος
1562 5747 1611 5805 εί
1651 5752 1762 5805 λοι-

238 5915 259 5945 ³
289 5914 498 5974 ﬂoret,
517 5917 644 5974 τίνος
667 5917 749 5966 οὖν
768 5919 903 5982 μέλη.

1247 347 1315 403 ΙΝ
1355 347 1580 406 EPIST.
1617 350 1637 406 l
1674 351 1766 407 AD
1802 349 1963 406 COR.
2007 349 2241 408 IlOMll..
2288 350 2469 408 XVIII.

3405 362 3512 419 ηε

1920 466 2022 519 πὸν
2052 469 2206 535 ἄγειν
2247 468 2420 540 αὐτὴν
2450 469 2543 521 ἐπὶ
2572 467 2633 521 τὸ
2661 474 2942 542 περ-θεῖον·
2976 472 3125 542 ἀπαξ
3159 475 3267 548 γὰρ
3299 477 3508 544 ἔδωκας

1921 551 2011 603 καὶ
2038 550 2349 618 ἐπώλησας.
2371 552 2625 605 Τοιοῦτόν
2647 554 2762 606 ἐστι
2798 556 2892 608 καὶ
2915 555 2976 609 τὸ
2997 557 3264 629 ἡμέτερον
3283 577 3299 590 ο
3324 561 3507 630 ἐξεμι-

1914 633 2205 703 σθώσαμεν
2254 635 2352 705 τὴν
2399 636 2582 705 σάρκα
2642 638 2743 707 τὴν
2774 640 2983 691 ἑαυτῶν
3026 640 3105 710 τῷ
3134 641 3388 714 διαϐόλῳ,
3424 645 3506 716 τῷ

1909 716 2131 787 χαλεπῷ
2176 719 2530 790 πορνοϐοσκῷ
2556 736 2567 747 ·
2610 720 2735 773 ἰδὼν
2763 723 2791 773 6
2823 722 3080 793 Χριστὸς,
3110 724 3380 795 ἐρρύσατο
3404 728 3503 780 αὺ-

1908 800 2009 871 τὴν
2037 803 2132 855 καὶ⁵
2161 802 2439 874 ἀπήλλαξε
2485 805 2585 873 τῆς
2624 808 2868 877 πονηρᾶς
2907 807 3220 878 τυραννίδος
3247 810 3464 881 ἐκείνης
3483 828 3499 842 ⁸

1906 885 1968 937 οὐ
1989 885 2170 939 τοίνυν
2197 887 2347 940 ἐστὶν
2374 887 2619 958 ἡμετέρα
2648 888 2858 951 λοιπὸν,
2886 890 3022 943 ἀλλά
3047 890 3141 943 τοῦ
3167 893 3499 963 ῥυσαμένου.

1918 968 2045 1022 Ἐἀν
2082 969 2274 1043 ἐθέλῃς
2318 972 2393 1035 ώς
2437 972 2628 1047 νύμφῃ
2658 972 2926 1043 βασιλέως
2967 975 3293 1048 κεχρῆσθαι,
3322 978 3501 1042 οὐδεὶς

1903 1052 1933 1103 6
1975 1053 2232 1106 κωλύωνο
2286 1055 2382 1108 ἐὰν
2424 1055 2480 1110 δὲ
2530 1059 2624 1110 ἐπὶ
2660 1057 2727 1111 τὰ
2769 1058 3012 1130 πρότερα
3055 1060 3291 1131 ἀγάγῃς,
3331 1063 3497 1133 πείσῃ

1900 1136 1969 1190 τὰ
2023 1139 2182 1201 αὐτὰ,
2236 1141 2272 1193 ἀ
2325 1140 2452 1205 τοὺς
2498 1141 2725 1195 τοιαῦτα
2777 1143 3104 1212 ὑϐρίζοντας
3157 1145 3325 1207 είκὸς.
3404 1146 3498 1198 Διὸ

1905 1219 2106 1288 μᾶλλον
2144 1221 2318 1291 αὐτὴν
2352 1228 2724 1297 κατακοσμεῖν
2755 1225 2884 1297 χρὴ,
2925 1226 3048 1296 οὐχὶ
3085 1225 3490 1296 καταισχύνειν.

1900 1305 1976 1357 Οὐ
2004 1306 2113 1378 γὰρ
2155 1306 2298 1377 ἔχεις
2330 1307 2580 1375 ἐξουσίαν
2607 1310 2710 1379 τῆς
2751 1310 2957 1381 σαρκὸς
2988 1312 3046 1361 ἐν
3083 1314 3203 1372 ταῖς
3231 1314 3495 1382 πονηραῖς

1898 1387 2244 1458 ἐπιθυμίαις,
2281 1389 2400 1443 ἀλλ’
2440 1391 2500 1443 ἐν
2548 1386 2630 1456 οἷς
2676 1392 2742 1444 ἂν
2773 1395 2801 1445 6
2846 1391 2979 1454 Θεὸς
3010 1393 3241 1465 ἐπιτάξῃ
3285 1393 3491 1462 μόνοις.

1910 1471 2194 1544 Ἐννόησον
2242 1470 2372 1540 γοῦν
2415 1474 2612 1545 ἡλίκης
2659 1475 2830 1545 αὐτὴν
2866 1474 3080 1548 ὕϐρεως
3117 1476 3429 1546 ἀπήλλαξεν
3462 1477 3492 1526 ό

1895 1553 2059 1619 Θεόςο
2115 1555 2208 1617 καὶ
2254 1557 2364 1628 γὰρ
2423 1558 2606 1629 πάσης
2658 1559 2865 1629 πόρνης
2900 1559 3253 1630 αἰσχρότερον
3302 1576 3491 1632 προει-

1896 1639 2088 1709 στήκει
2141 1640 2176 1710 ἡ
2236 1639 2397 1708 φύσις
2454 1642 2489 1711 ἡ
2537 1642 2788 1713 ἡμετέρα
2838 1642 2945 1712 πρὸ
2985 1642 3198 1694 τούτου.
3240 1642 3351 1693 Καὶ
3380 1642 3492 1713 γὰρ

1891 1721 2137 1792 λῃστεῖαι
2181 1723 2278 1777 καὶ
2325 1716 2694 1797 ἀνδροφονίαι,
2746 1725 2842 1779 καὶ
2895 1726 3129 1789 ἕκαστος
3168 1725 3489 1795 παράνομος

1891 1801 2154 1874 λογισμὸς
2211 1807 2349 1877 πρὸς
2401 1806 2571 1878 αὐτὴν
2625 1810 2834 1872 εἰσιὼν,
2902 1807 3361 1870 συγκατεκλίνετο
3418 1810 3492 1877 τῇ

1888 1886 2055 1960 ψυχῇ,
2110 1889 2204 1943 καὶ
2258 1889 2615 1960 μισθώματος
2671 1892 2856 1960 ὀλίγου
2910 1893 3007 1946 καὶ
3057 1890 3152 1944 τοῦ
3208 1891 3485 1961 τυχόντος,

1889 1973 1987 2043 τῆς
2027 1973 2311 2045 παρούσης
2350 1975 2568 2044 ἡδονῆς.
2612 1976 2677 2029 Ἦ
2710 1977 2819 2048 γάρ
2854 1976 3003 2047 ψυχὴ
3030 1974 3311 2046 φυρομένη
3347 1974 3488 2044 μετά

1886 2054 1998 2108 τῶν
2042 2056 2298 2129 πονηρῶν
2341 2058 2563 2112 ἐννοιῶν
2622 2060 2718 2112 καὶ
2763 2060 3039 2133 πράξεων,
3088 2058 3276 2113 τοῦτον
3320 2060 3488 2127 ἐκαρ-

1889 2138 2056 2192 ποῦτο
2091 2139 2254 2211 μόνον
2274 2140 2368 2194 τὸν
2396 2140 2608 2212 μισθόν,

1954 2315 2024 2384 γ’.
2046 2314 2197 2389 [155]
2230 2317 2392 2372 Ἀλλά
2426 2318 2487 2371 τὺ
2519 2318 2619 2390 μὲν
2667 2319 2773 2389 πρὸ
2793 2320 2986 2374 τούτου
3026 2321 3199 2375 ταῦτα
3239 2322 3483 2392 γίνεσθαι

1884 2398 2061 2452 καίτοι
2089 2399 2260 2453 δεινὸν
2282 2399 2361 2464 ὃν,
2391 2401 2490 2472 οὐχ
2532 2399 2676 2455 οῦτω
2703 2402 2878 2456 δεινὸν
2905 2399 2973 2474 ἦν
2993 2421 3008 2437 ο
3047 2402 3110 2457 τὸ
3138 2405 3194 2458 δέ
3225 2406 3364 2475 μετά
3387 2408 3485 2460 τὸν

1881 2483 2131 2552 οὐρανὸν,
2164 2483 2304 2554 μετὰ
2328 2484 2397 2537 τά
2427 2484 2694 2554 βασίλεια,
2739 2486 2878 2555 μετὰ
2916 2486 2975 2539 τὸ
3004 2487 3113 2540 τῶν
3157 2489 3479 2560 μυστηρίων

1880 2565 2189 2620 ἀπολαῦσαι
2247 2566 2358 2619 τῶν
2404 2567 2651 2637 φρικτῶν
2706 2567 2870 2620 πάλιν
2918 2566 3268 2637 μολύνεσθαι,
3318 2571 3483 2623 ποίαν

1880 2650 1991 2716 ἒξει
2035 2648 2401 2721 συγγνώμην;
2450 2645 2528 2703 Ἦ
2572 2652 2674 2704 οὐκ
2708 2650 2811 2703 οίει
2846 2653 2938 2704 καὶ
2980 2653 3094 2714 τοῖς
3126 2651 3481 2717 πλεονέκταις

1881 2736 1976 2789 καὶ
2010 2736 2198 2797 πᾶσιν,
2239 2729 2322 2798 οἷς
2361 2732 2673 2805 ἔμπροσθεν
2717 2735 3143 2807 ἀπηρίθμησεν,
3185 2737 3350 2789 αὑτὸν
3384 2737 3478 2790 τὸν

1877 2817 2125 2872 διάϐολον
2155 2817 2723 2886 συγκατακλίνεσθαις
2756 2818 2855 2881 τὰς
2889 2819 2946 2872 δὲ
2978 2818 3476 2891 καλλωπιζομένας

1878 2901 2014 2973 πρὸς
2043 2900 2337 2969 ἀσέλγειαν
2367 2904 2638 2969 γυναῖκας
2681 2903 2780 2971 οὐχ
2829 2904 2937 2973 ἡγῇ
2986 2902 3106 2972 μετ’
3146 2903 3357 2956 ἐκείνου
3387 2903 3477 2973 μί-

1876 2983 2145 3053 γνυσθαι;
2199 2984 2295 3038 καὶ
2350 2986 2435 3049 τίς
2488 2984 2706 3056 ἀντερεῖ
2751 2985 2929 3057 τούτῳ
2979 2985 3058 3055 τῷ
3096 2985 3279 3055 λόγῳ;
3319 2986 3382 3038 Εἰ
3414 2985 3475 3039 δὲ

1876 3068 1991 3121 ἔστι
2022 3086 2107 3132 τις
2159 3067 2503 3137 φιλονεικῶν,
2542 3067 2826 3121 ἀποδυέτω
2870 3068 2968 3140 τὴν
3016 3069 3197 3141 ψυχὴν
3240 3069 3349 3122 τῶν
3405 3070 3474 3123 τὰ

1873 3151 2100 3206 τοιαῦτα
2131 3152 2560 3223 ἀσχημονουσῶν
2586 3151 2886 3221 γυναικῶν,
2912 3152 3007 3205 καὶ
3035 3150 3224 3221 ὄψεται
3254 3152 3475 3217 πάντως

1872 3235 1965 3288 τὸν
2003 3236 2241 3307 πονηρὸν
2269 3236 2501 3305 δαίμονα
2530 3238 2739 3289 ἐκεῖνον
2764 3235 3010 3306 σφοδρῶς
3041 3236 3472 3307 συμπεπλεγμέ-

1873 3337 1963 3373 νον
1989 3320 2201 3382 αὺταῖς.
2233 3319 2502 3373 Δύσκολον
2525 3320 2656 3389 γὰρ,
2683 3319 2982 3389 ἀγαπητοὶ,
3016 3318 3295 3382 δύσκολον,
3329 3321 3474 3389 τάχα

1871 3401 1929 3454 δέ
1946 3403 2040 3455 καὶ
2066 3404 2366 3474 ἀμήχανον,
2394 3402 2490 3455 τοῦ
2515 3402 2767 3473 σώματος
2793 3400 3275 3471 καλλωπιζομένου
3305 3401 3470 3463 οὕτω,

1871 3486 1967 3539 καὶ
2003 3486 2103 3556 τὴν
2155 3486 2334 3558 ψυχὴν
2382 3485 2518 3557 όμοῦ
2564 3484 3006 3550 καλλωπίζεσθαι
3041 3503 3054 3516 ·
3097 3484 3212 3539 ἀλλ’
3253 3486 3470 3556 ἀνάγκη

1873 3568 2103 3641 θάτερον
2130 3569 2471 3641 ἀμελεῖσθαι,
2508 3568 2939 3641 ἐπιμελουμένου
2968 3568 3229 3640 θατέρουσ
3265 3568 3327 3620 ού
3357 3568 3468 3640 γὰρ

1872 3653 1986 3723 ἔχει
2013 3654 2175 3723 φύσιν
2201 3654 2337 3724 ὁμοῦ
2374 3653 2548 3707 ταῦτα
2580 3654 2847 3722 γίνεσθαι.
2876 3653 2968 3705 Διό
3001 3670 3188 3723 φησιν·
3237 3653 3302 3705 '0
3328 3658 3473 3706 κολ-

1871 3736 2141 3807 λώμενος
2176 3737 2251 3808 τῇ
2283 3739 2499 3807 πόρνῃ,
2537 3736 2608 3791 ἐν
2634 3737 2808 3807 σῶμά
2844 3739 3051 3791 ἐστιν·
3086 3740 3118 3791 ό
3145 3736 3215 3789 δὲ
3247 3735 3470 3791 κολλώ-

1865 3837 2053 3888 μενος
2107 3821 2188 3886 τῷ
2231 3823 2449 3889 Κιψίῳ,
2502 3821 2574 3875 ἓν
2624 3820 2863 3891 πνεῦμά
2897 3822 3049 3874 ἐστι.
3081 3818 3307 3890 Πνεῦμα
3356 3820 3469 3891 γάρ

1868 3905 2080 3974 γίνεται
2128 3905 2319 3958 λοιπὸν
2356 3907 2385 3959 6
2434 3905 2700 3968 τοιοῦτος,
2756 3907 2858 3959 κᾶν
2910 3904 3073 3975 σῶμα
3127 3905 3464 3974 περίκειται.

1870 3989 2039 4042 Ὅταν
2064 3988 2173 4059 γάρ
2207 3988 2374 4059 μηδὲν
2406 3989 2719 4058 σωματικὸν
2760 3987 2897 4057 μηδέ
2931 3987 3077 4056 παχὺ
3108 3987 3246 4055 μηδέ
3276 3987 3467 4055 γήϊνον

1867 4072 1996 4142 περὶ
2041 4073 2204 4125 αὑτὸν
2235 4067 2290 4144 ᾖ,
2324 4069 2512 4134 ἁπλῶς
2551 4071 2612 4122 τὸ
2663 4070 2824 4140 σῶμα
2881 4070 3191 4140 περίκειται
3225 4084 3238 4097 ⁸
3266 4070 3396 4120 ὅταν
3430 4071 3465 4139 ἡ

1867 4156 2019 4208 πᾶσα
2053 4153 2200 4226 ἀρχὴ
2242 4155 2343 4224 τῆς
2372 4153 2553 4224 ψυχῆς
2655 4154 2750 4206 καὶ
2796 4151 2891 4205 τοῦ
2936 4150 3272 4221 πνεύματος,
3318 4150 3464 4203 οὕτω

1866 4239 2148 4305 δοξάζεται
2179 4241 2207 4293 6
2240 4238 2394 4302 Θεός.
2443 4240 2535 4291 Διὸ
2580 4238 2674 4292 καὶ
2718 4240 2775 4290 ἐν
2814 4240 2880 4308 τῇ
2938 4237 3070 4307 εὐχῇ
3126 4235 3462 4306 κελευόμεθα

1869 4324 2067 4393 λέγειν·
2112 4323 2470 4393 Ἁγιασθήτω
2510 4322 2578 4376 τὸ
2604 4321 2793 4390 ὄνομὰ
2822 4338 2938 4374 σου
2967 4336 2981 4349 ο
3024 4320 3120 4373 καὶ
3163 4321 3191 4371 6
3226 4318 3461 4389 Χριστός

1870 4423 2024 4477 φησι·
2055 4405 2360 4476 Λαμψάτω
2387 4406 2453 4459 τὸ
2487 4404 2616 4472 φῶς
2641 4403 2811 4474 ὑμῶν
2838 4403 3182 4473 ἔμπροσθεν
3204 4401 3322 4455 τῶν
3354 4402 3462 4456 ἀν·

1868 4491 2138 4559 θρώπων,
2169 4490 2329 4555 ὅπως
2359 4489 2531 4543 ἴδωσι
2563 4491 2637 4542 τὰ
2666 4489 2821 4541 καλὰ
2851 4487 2999 4557 ἔργα
3022 4484 3210 4555 ὑμῶν,
3244 4485 3341 4538 καὶ
3366 4485 3459 4539 δο-

1866 4573 2103 4637 ξάσωσι
2139 4574 2249 4626 τὸν
2291 4572 2524 4640 Πατέρα
2558 4569 2728 4641 ὑμῶν
2754 4570 2863 4624 τόν
2905 4573 2974 4624 ἐν
2999 4568 3124 4635 τοῖς
3156 4568 3455 4636 οὐρανοῖς.

1867 4656 2026 4710 Οὖτω
2065 4656 2385 4721 δοξάζουσιν
2428 4657 2593 4711 αὑτὸν
2649 4656 2746 4708 καὶ
2783 4656 2833 4708 οἱ
2874 4655 3126 4727 οὐρανοὶ,
3168 4655 3229 4706 ού
3273 4652 3457 4723 φωνὴν

1865 4740 2140 4808 ἀφιέντες,
2172 4739 2309 4792 ἀλλά
2332 4739 2423 4793 διά
2456 4740 2552 4811 τῆς
2580 4738 2755 4809 ὄψεως
2790 4738 3214 4809 θαυμαζόμενοι,
3245 4737 3338 4790 καὶ
3359 4736 3458 4807 τὴν

1863 4822 2020 4890 δόξαν
2054 4825 2134 4887 εἰς
2170 4823 2262 4875 τὸν
2295 4822 2640 4893 Δημιουργὸν
2679 4824 3065 4891 ἀναφέροντες.
3104 4820 3262 4873 Οὕτω
3297 4818 3454 4885 δοξά-

1867 4922 2050 4976 σωμεν
2070 4904 2230 4958 αὑτὸν
2253 4905 2348 4957 καὶ
2376 4907 2558 4975 ἡμεῖς,
2582 4905 2780 4976 μᾶλλον
2809 4905 2866 4958 δὲ
2896 4906 2992 4957 καὶ
3015 4904 3174 4955 πλέον
3196 4902 3421 4956 ἐκείνων
3437 4918 3452 4936 θ

1866 4988 2144 5058 δυνάμεθα
2177 4988 2305 5060 γὰρ,
2341 4987 2407 5041 ἃν
2439 4988 2730 5060 ἐθέλωμεν.
2766 4990 2840 5042 Οὐ
2872 4988 2981 5060 γὰρ
3009 4986 3182 5050 οὕτως
3225 4986 3457 5057 οὐρανὸς

1865 5072 1960 5127 καὶ
1981 5072 2165 5144 ἡμέρα
2189 5074 2284 5125 καὶ¹
2314 5072 2432 5138 νὺξ,
2465 5073 2541 5136 ὡς
2573 5074 2703 5142 ἀγία
2735 5072 2883 5144 ψυχὴ
2907 5072 3119 5137 δοξάζει
3144 5072 3292 5125 Θεόν.
3322 5072 3455 5124 ’Ὡσ-

1864 5173 1973 5227 περ
1994 5156 2104 5226 γὰρ
2127 5156 2208 5219 είς
2235 5155 2296 5208 τὸ
2315 5154 2510 5217 κάλλος
2535 5157 2630 5209 τοῦ
2650 5157 2708 5209 οὐ
2719 5157 2880 5229 ρανοῦ
2909 5174 2992 5219 τις
3012 5155 3253 5226 ἀφορῶν,
3279 5154 3450 5222 λέγει’

1862 5238 2000 5303 Δόξα
2031 5256 2134 5300 σοι,
2165 5240 2193 5291 6
2230 5238 2384 5303 Θεὸς,
2428 5236 2541 5293 οἷον
2581 5239 3026 5311 ἔργονέκτισας
3055 5237 3201 5292 οὕτω
3244 5238 3309 5308 δὴ
3357 5238 3453 5290 καὶ

1863 5326 1942 5387 είς
1968 5321 2162 5393 ἀνδρὸς
2187 5322 2391 5393 ἀρετὴν
2419 5322 2654 5393 βλέπων,
2682 5322 2777 5376 καὶ
2805 5320 2985 5391 πολλῷ
3004 5321 3162 5373 πλέον
3191 5321 3447 5376 ἐνταῦθα.

1893 5407 2000 5459 Aw‘
2028 5406 2253 5459 ἐκείνων
2280 5406 2380 5476 μὲν
2412 5405 2522 5476 γὰρ
2544 5406 2653 5459 τῶν
2691 5405 3009 5476 κτισμάτων
3041 5404 3102 5456 ού
3139 5404 3343 5466 πάντες
3368 5404 3455 5456 δο-

1865 5489 2136 5554 ξάζουσιν,
2172 5488 2308 5542 ἀλλὰ
2337 5489 2522 5543 πολλοὶ
2547 5489 2638 5543 καὶ
2667 5489 2953 5559 αὐτόματα
2977 5484 3117 5540 εἶναι
3142 5487 3360 5556 λέγουσι
3382 5484 3454 5539 τὰ

1861 5573 1989 5626 ὄντα
2011 5587 2023 5601 ’
2061 5571 2210 5626 ἄλλοι
2246 5572 2305 5625 δέ
2335 5574 2430 5625 καὶ
2477 5572 2727 5642 δαίμοσιν
2767 5570 3086 5626 ἀνατιθέασι
3119 5569 3214 5624 τοῦ
3244 5568 3451 5638 κόσμου

1861 5657 1963 5726 τὴν
1995 5655 2357 5727 δημιουργίαν
2403 5660 2499 5710 καὶ
2548 5657 2646 5729 τὴν
2694 5657 2971 5726 πρόνοιαν,
3007 5655 3057 5707 οἳ
3106 5655 3199 5707 καὶ
3246 5651 3451 5722 σφόδρα⁹

1864 5740 2230 5809 ἀσύγγνωστα
2259 5740 2663 5812 ἁμαρτάνουσιν
2689 5760 2701 5771 ·
2736 5744 2828 5794 ἐπὶ
2847 5742 2904 5794 δέ
2925 5738 3217 5810 ἀνθρώπου
3249 5736 3451 5807 ἀρετῆς

1864 5824 2039 5887 οὐδεὶς
2066 5823 2292 5876 τοιαῦτα
2326 5825 2754 5895 ἀναισχυντῆσαι
2797 5825 3106 5891 δυνήσεται,
3137 5819 3273 5875 ἀλλά
3314 5821 3453 5874 πάν-

1869 5926 1974 5971 τως
2016 5905 2228 5971 δοξάσει
2270 5907 2359 5959 τὸν
2407 5906 2562 5976 Θεὸν,
2613 5909 2704 5963 τὸν
2753 5905 3076 5960 δουλεύοντα
3120 5905 3267 5977 αὐτῷ
3316 5903 3454 5974 μετά
