3992 6474
203 376 301 433 149

205 498 347 563 liam.
369 499 523 571 quod
553 513 865 573 peccatum
889 506 977 561 vix
1002 505 1205 561 veniam
1234 504 1478 558 admittat
1508 522 1520 557 :
1552 504 1691 558 circa
1721 504 1830 557 vir-

207 600 370 647 tutem
412 601 611 650 autem
663 596 949 664 hominis,
981 613 1138 653 nemo
1173 598 1250 652 sic
1289 596 1626 667 impudenter
1670 611 1831 666 agere

214 684 429 755 poterit,
449 685 551 741 sed
574 692 815 744 omnino
834 690 1153 761 gloriﬁcabit
1174 690 1365 752 Deum,
1387 689 1513 743 dum
1536 687 1684 742 videt
1705 702 1829 741 eum

218 777 303 841 qui
336 775 449 831 Deo
478 779 657 833 servit
686 792 883 836 sancte
928 784 1214 835 viventem.
1255 780 1386 848 Quis
1414 780 1555 835 enim
1593 793 1699 833 non
1728 779 1828 833 ob-

222 878 513 940 stupescet,
562 873 790 941 quando
831 874 1091 944 quispiam
1114 916 1126 939 ,
1158 872 1319 927 homo
1343 886 1463 926 cum
1489 873 1558 925 sit
1582 886 1825 925 commu-

222 960 408 1028 nisque
430 971 649 1016 naturze
680 965 973 1034 particeps,
1000 965 1050 1018 in
1080 964 1378 1033 mediisque
1404 977 1624 1018 versans
1654 962 1829 1015 homi-

215 1050 374 1105 nibus
402 1097 419 1117 ,
450 1053 598 1107 sicut
624 1056 869 1120 adamas,
919 1073 1022 1109 non
1067 1055 1397 1111 convertitur
1422 1053 1486 1107 ad
1517 1054 1822 1122 passionum

208 1157 413 1214 agmen
438 1146 463 1198 ?
489 1162 617 1200 cum
652 1148 792 1202 inter
838 1150 1010 1218 ignem
1038 1160 1093 1203 et
1119 1149 1317 1203 ferrum
1341 1157 1395 1202 et
1426 1147 1563 1200 feras
1603 1160 1823 1201 versans

203 1233 513 1290 adamante
558 1238 747 1292 fortior
786 1249 886 1303 est,
918 1250 969 1294 et
998 1255 1093 1308 per
1135 1239 1349 1308 pietatis
1394 1237 1614 1291 verbum
1654 1237 1821 1291 ratio-

204 1340 459 1394 nemque
486 1329 672 1382 omnia
698 1329 1059 1397 superaverit?
1084 1329 1297 1398 quando
1325 1328 1529 1397 probris
1565 1328 1815 1391 afﬁcitur,

202 1428 267 1470 et
299 1418 623 1475 benedicit?
652 1422 861 1491 quando
906 1422 1045 1477 male
1090 1422 1235 1475 audit
1275 1431 1327 1475 et
1368 1420 1579 1474 laudat?
1607 1420 1819 1488 quando

204 1512 472 1565 molestia
502 1515 554 1567 ei
582 1525 813 1578 creatur,
838 1524 891 1569 ct
912 1514 1001 1569 ille
1028 1525 1143 1569 orat
1173 1529 1267 1582 pro
1296 1514 1359 1568 iis
1387 1513 1477 1582 qui
1506 1527 1685 1567 secum
1712 1511 1816 1566 iui-

202 1616 328 1670 que
348 1606 558 1672 agunt?
576 1606 789 1674 quando
814 1606 1021 1660 insidiis
1041 1607 1327 1674 appetitur,
1346 1615 1399 1659 et
1423 1606 1534 1673 ipse
1560 1603 1815 1659 beneﬁcia

206 1704 448 1761 praestat
498 1696 895 1751 insidiatoribus
921 1707 975 1751 et
1000 1696 1354 1750 adversariis?
1395 1697 1518 1750 Ilzrc
1542 1705 1595 1750 ct
1621 1696 1813 1749 similia

211 1787 397 1855 magis
434 1803 594 1854 quam
632 1789 747 1843 caeli
787 1787 1085 1857 gloriﬁcant
1129 1788 1313 1842 Deum.
1364 1787 1537 1842 Grarci
1584 1803 1814 1856 namque

214 1878 414 1931 uelum
467 1878 743 1943 videntes,
773 1895 878 1932 non
928 1879 1131 1948 pudore
1174 1878 1513 1941 afliciuntur;
1567 1888 1810 1933 sanctum

216 1982 403 2024 autem
436 1972 605 2025 virum
638 1972 878 2027 videntes
927 1982 1174 2027 accurate
1225 1972 1611 2041 philosophiam
1653 1971 1810 2025 exhi-

222 2063 465 2129 bentem,
497 2064 697 2133 pudore
724 2064 1101 2119 suffunduntur
1126 2080 1349 2134 seseque
1375 2064 1649 2118 damnant.
1674 2064 1806 2119 Cum

223 2155 369 2207 enim
399 2158 460 2215 is.
489 2157 576 2222 qui
602 2155 841 2225 ejusdem
872 2168 1072 2212 naturm
1101 2172 1323 2211 consors
1344 2168 1446 2220 est,
1470 2158 1539 2211 ita
1563 2159 1808 2227 superior

227 2247 338 2299 illis
360 2256 473 2309 est,
504 2256 557 2301 et
584 2248 749 2302 multo
785 2247 986 2318 magis,
1017 2262 1173 2315 quam
1206 2248 1394 2302 caalum
1425 2256 1618 2302 terram
1649 2263 1804 2317 supc-

229 2346 345 2399 rat;
370 2336 446 2390 vel
476 2336 624 2390 inviti
670 2337 939 2407 cogitant,
968 2337 1249 2407 quamdam
1278 2336 1509 2390 divinam
1556 2339 1801 2394 virtutem

234 2427 349 2482 bzec
371 2429 577 2495 operari
608 2446 623 2481 :
647 2429 769 2483 ideo
795 2430 901 2483 ait:
927 2429 993 2483 Et
1019 2430 1303 2499 gloriﬁcent
1350 2428 1557 2483 Patrem
1583 2439 1800 2483 vestrum

229 2524 316 2590 qui
350 2524 396 2575 in
427 2524 562 2577 aclis
606 2533 698 2578 est.
740 2523 832 2577 Vis
861 2531 915 2577 et
942 2522 1160 2578 aliunde
1202 2523 1441 2587 discere,
1467 2523 1734 2593 quomodo
1769 2538 1798 2577 a

232 2629 490 2668 servorum
537 2630 754 2669 suorum
804 2616 910 2669 vita
956 2615 1281 2685 gloriﬁcetur
1327 2616 1489 2681 Deus,
1532 2617 1800 2687 quomodo

228 2708 375 2760 etiam
401 2723 429 2760 a
459 2707 769 2762 miraculis?
800 2708 1023 2761 Immisit
1048 2707 1332 2777 aliquando
1372 2707 1799 2763 Nabuchodono-

228 2811 310 2849 sor
338 2807 438 2853 tres
466 2814 663 2867 pueros
691 2800 741 2852 in
772 2797 1060 2853 fornacem.
1095 2798 1294 2852 Deinde
1324 2799 1446 2867 quia
1471 2798 1599 2851 vidit
1621 2799 1797 2867 igncm

227 2902 321 2940 non
348 2889 463 2942 illos
489 2904 765 2958 superare,
789 2889 861 2942 ait
892 2907 903 2942 :
937 2887 1237 2942 Benedictus
1257 2886 1418 2952 Deus,
1439 2888 1526 2956 qui
1546 2890 1679 2942 misit
1700 2907 1795 2943 an-

214 2980 371 3046 gelum
394 2997 563 3043 suum,
594 2989 640 3034 et
660 2981 841 3047 eripuit
868 2996 1048 3050 pueros
1068 2996 1189 3033 suos
1215 2994 1244 3032 a
1275 2978 1510 3040 fornace,
1534 2983 1653 3045 quia
1673 2997 1794 3034 con-

209 3071 427 3138 ﬁdem"!
450 3074 501 3126 in
526 3090 640 3127 eum
671 3088 690 3126 :
713 3082 757 3125 et
789 3073 990 3126 verbum
1016 3074 1146 3142 regis
1178 3082 1491 3125 mutaverunt
1523 3071 1699 3143 (Dan.
1734 3074 1789 3127 5.

206 3164 333 3229 95).
356 3166 490 3230 Quid
518 3164 687 3219 dicis?
710 3174 1045 3233 contemptus
1074 3164 1237 3223 fuisti.
1262 3174 1317 3218 et
1343 3165 1551 3218 miraris
1581 3180 1674 3219 eos
1702 3166 1789 3235 qui

203 3260 558 3326 respuerunt?
607 3257 802 3321 Etiam,
852 3257 1042 3325 inquit,
1088 3267 1142 3310 et
1194 3264 1409 3326 propter
1459 3255 1560 3310 hoc
1616 3257 1787 3325 ipsum

198 3350 336 3417 quod
382 3351 720 3420 contemptui
746 3350 957 3404 habitus
984 3350 1118 3415 sim;
1157 3357 1211 3403 et
1239 3349 1476 3404 miraculi
1510 3350 1647 3405 hanc
1676 3362 1788 3405 sta-

198 3445 292 3497 tuit
316 3460 439 3500 esse
464 3460 700 3499 causam.
733 3445 914 3514 Itaque
944 3459 1048 3499 non
1082 3451 1297 3513 propter
1334 3444 1543 3513 signum
1583 3454 1785 3499 tantum

196 3544 317 3590 tunc
339 3538 514 3606 gloria
544 3537 654 3591 Deo
680 3536 811 3599 fuit,
840 3535 933 3591 sed
966 3543 1183 3604 propter
1225 3536 1553 3604 propositum
1593 3551 1783 3590 eorum

189 3628 275 3695 qui
303 3629 400 3682 illo
432 3628 615 3696 injecti
646 3636 786 3681 sunt.
837 3627 986 3694 Quod
1019 3627 1065 3681 si
1096 3627 1214 3695 quis
1244 3626 1346 3682 hoc
1368 3636 1422 3682 et
1447 3627 1574 3681 illml
1607 3643 1701 3697 per
1725 3643 1785 3682 se

188 3719 478 3783 examinet,
515 3734 622 3774 non
649 3719 750 3773 hoc
781 3718 871 3772 illo
899 3719 1072 3773 minus
1099 3727 1203 3772 est.
1226 3719 1267 3772 A
1302 3717 1516 3774 fornace
1545 3722 1685 3773 enim
1715 3720 1773 3773 liv

186 3816 449 3879 berasse,
480 3829 588 3867 non
616 3823 695 3868 est
722 3813 892 3883 majus
918 3814 985 3868 ad
1009 3812 1268 3869 rationem
1314 3814 1554 3868 miraculi
1574 3856 1589 3876 ,
1622 3830 1779 3883 quam

185 3907 377 3959 animis
432 3905 765 3973 persuasisse
811 3916 867 3957 ut
911 3904 1321 3974 ingrederentur
1376 3906 1427 3958 in
1484 3904 1776 3959 fornacem.

184 3995 470 4063 Quomodo
495 3996 637 4050 enim
666 4010 771 4050 non
800 3995 1019 4064 dignum
1068 4004 1286 4065 stupore
1327 3995 1504 4060 fuerit,
1534 4012 1654 4050 cum
1685 4012 1777 4052 rex

184 4089 359 4151 orbis,
394 4095 505 4139 tam
534 4086 714 4141 multis
740 4086 902 4141 armis
927 4086 1349 4156 circumseptus,
1379 4090 1648 4141 exercitus
1679 4086 1775 4140 ha-

185 4181 336 4244 bens,
371 4178 562 4241 duces,
588 4177 869 4246 toparchas
890 4188 944 4232 et
966 4177 1235 4243 consules,
1261 4188 1418 4231 terra:
1442 4187 1495 4231 et
1523 4182 1654 4231 mari
1680 4179 1776 4233 im-

186 4287 399 4341 perans,
422 4286 451 4325 a
479 4272 657 4339 pueris
678 4270 900 4340 captivis
927 4270 1218 4338 despicitur
1238 4310 1252 4335 ,
1279 4278 1335 4325 et
1356 4270 1516 4324 vincti
1538 4270 1776 4327 vincien-

187 4375 287 4418 tem
317 4372 579 4433 superant
605 4373 660 4417 et
684 4372 852 4416 totum
876 4363 1041 4431 ipsius
1064 4363 1283 4417 vincunt
1302 4362 1637 4417 exercitum?
1657 4362 1775 4417 Non

184 4456 323 4510 enim
372 4461 666 4524 potuerunt
695 4453 746 4508 id
767 4495 783 4515 ,
812 4453 951 4523 quod
996 4453 1307 4517 voluerunt,
1341 4468 1433 4508 rex
1464 4461 1520 4507 et
1548 4453 1775 4509 clientes

185 4548 317 4617 ejus,
340 4546 430 4615 qui
478 4556 534 4600 et
576 4544 695 4600 haec
732 4556 789 4599 et
836 4544 1065 4599 fornacis
1106 4545 1314 4613 copiam
1351 4544 1647 4607 habebant;
1677 4544 1772 4600 sed

190 4639 331 4702 nudi,
365 4636 544 4701 servi,
574 4636 763 4700 exteri,
780 4634 1111 4707 pauci(quid
1153 4636 1294 4689 enim
1337 4636 1505 4688 tribus
1552 4636 1774 4706 paucius

190 4730 315 4798 sit?)
358 4728 683 4782 immensum
720 4727 1013 4782 exercitum
1047 4726 1212 4782 vincti
1245 4726 1613 4796 proﬂigarunt.
1652 4727 1771 4782 .Iam

194 4822 326 4875 enim
360 4835 510 4875 mors
530 4819 944 4890 despiciebatur,
968 4820 1089 4888 quia
1124 4819 1451 4874 adventurus
1472 4829 1588 4874 erat
1612 4819 1771 4875 Chri-

200 4924 299 4968 stus
323 4933 337 4969 :
362 4922 413 4968 et
442 4914 584 4967 sicut
609 4913 719 4980 jam
745 4911 951 4966 orituro
977 4912 1115 4976 sole,
1133 4920 1418 4980 antequam
1446 4910 1581 4965 radii
1608 4925 1772 4980 appa-

205 5002 659 5075 reant,spleudida
689 5002 918 5058 efﬁcitur
944 5002 1032 5056 lux
1060 5002 1165 5056 diei
1197 5020 1208 5055 :
1242 5002 1321 5056 sic
1348 5001 1509 5056 etiam
1542 5012 1770 5057 venturo

206 5095 395 5166 iustitia:
418 5096 539 5151 sole
565 5111 712 5150 mors
738 5095 949 5150 tandem
976 5094 1218 5149 cedebat.
1252 5093 1389 5161 Quid
1430 5094 1520 5149 illo
1562 5094 1771 5150 theatro

204 5189 517 5259 splendidius
542 5187 748 5242 fuerit?
784 5186 911 5257 quid
942 5186 1160 5241 victoria
1185 5185 1425 5240 clarius?
1461 5186 1589 5256 quid
1618 5187 1770 5242 novis

202 5288 394 5357 truncis
425 5283 725 5355 insignius?

264 5376 313 5434 ι.
363 5377 483 5433 Hoc
506 5375 568 5430 Iit
593 5374 760 5429 etiam
788 5381 973 5429 nostro
999 5382 1262 5442 tempore.
1307 5370 1377 5427 Et
1398 5386 1539 5426 nunc
1565 5387 1658 5426 rex
1688 5380 1771 5427 est

206 5470 529 5542 Babylonica;
571 5466 836 5532 fornacis,
866 5481 1009 5522 nunc
1032 5465 1191 5523 etiam
1217 5464 1495 5521 fornacem
1525 5464 1771 5520 accendit

206 5563 278 5619 illa
295 5563 598 5633 graviorem
630 5580 645 5617 :
676 5568 760 5616 est
784 5559 942 5614 etiam
967 5562 1054 5628 qui
1085 5573 1227 5612 nunc
1249 5557 1391 5612 illam
1413 5556 1566 5626 jubet
1593 5555 1767 5610 adrni-

210 5660 296 5715 rari
338 5658 629 5727 imaginem
657 5674 671 5710 :
699 5653 895 5709 adsunt
940 5651 1040 5723 ipsi
1077 5660 1133 5706 et
1157 5658 1383 5719 satrapa:
1411 5658 1466 5705 et
1493 5649 1689 5704 milites
1715 5658 1772 5704 et

210 5753 386 5805 musica
436 5748 786 5810 deumlcens;
818 5744 1075 5813 multique
1103 5742 1247 5798 illam
1276 5741 1565 5811 Imaginem
1594 5740 1768 5796 adrni-

215 5854 407 5909 rantur,
448 5841 685 5899 variam.
730 5850 996 5905 magnam.
1044 5834 1172 5888 Tale
1199 5834 1341 5887 enim
1382 5830 1653 5902 quidpiam
1678 5840 1763 5885 cst

492 5940 771 6000 Ριτιιοι..
820 5937 936 5995 Gn.
991 5938 1146 5997 LXI.

1263 388 1330 443 IN
1372 387 1587 443 EPIST.
1630 388 1647 442 I
1714 389 1804 443 AD
1841 388 1999 445 COR.
2042 389 2272 445 HOMIL.
2320 391 2504 447 XVIII.

3425 403 3529 460 £50

1936 504 2161 559 avaritia
2185 547 2198 567 ,
2229 506 2387 575 quale
2414 509 2591 578 imago
2621 507 2707 561 illa
2736 549 2751 572 ,
2784 524 2852 564 ne
2877 509 3079 566 ferrum
3108 513 3326 582 quidem
3355 515 3529 588 despi-

1934 594 2083 649 ciens
2108 637 2124 661 ,
2167 596 2261 650 sed
2287 612 2353 651 ex
2396 597 2746 654 dissimilibus
2772 603 3071 670 composita
3100 602 3261 660 rebus
3282 646 3302 673 ,
3345 609 3525 661 omnia

1932 687 2187 743 admirari
2223 689 2419 758 jubens
2445 731 2461 755 ,
2489 706 2565 746 aes
2590 732 2606 757 ,
2634 691 2834 748 ferrum
2857 735 2872 759 ,
2902 703 2956 747 et
2981 711 3099 765 quas
3124 708 3250 751 sunt
3290 698 3396 753 illis
3424 700 3525 754 ad—

1934 779 2150 835 modum
2199 781 2407 836 viliora.
2454 782 2560 837 Sed
2614 785 3066 854 quemadmodum
3098 788 3213 844 bzec
3241 799 3404 856 sunt;
3451 792 3529 847 ita

1931 871 2091 925 etiam
2121 888 2263 928 nunc
2292 883 2418 928 sunt
2444 890 2732 944 puerorum
2761 876 2968 930 illortun
3000 879 3293 935 imitatores
3322 883 3410 949 qui
3438 882 3521 936 div

1930 973 2094 1018 cunt:
2127 965 2240 1020 Diis
2268 968 2372 1019 tuis
2398 982 2499 1020 non
2524 968 2810 1031 servimus,
2845 978 2898 1022 ct
2927 970 3213 1040 imaginem
3245 983 3385 1026 trram
3411 990 3518 1029 non

1928 1055 2251 1122 adoramus;
2282 1059 2375 1113 sed
2426 1067 2481 1113 et
2525 1060 2853 1129 paupertatis
2886 1060 3157 1116 fornacem
3188 1063 3516 1120 sustinemus

1927 1154 1982 1199 et
2022 1148 2179 1201 aliam
2229 1148 2442 1204 omnem
2490 1151 2757 1205 miseriam
2805 1167 2901 1221 pro
2934 1152 3024 1205 Dei
3070 1154 3291 1222 legibus.
3326 1155 3395 1210 Et
3439 1158 3512 1211 illi

1926 1237 2141 1306 quidem
2164 1240 2254 1310 qui
2277 1243 2439 1296 multa
2465 1241 2680 1308 habent,
2704 1253 2761 1297 ut
2782 1254 2833 1297 et
2858 1253 3068 1298 veteres
3091 1246 3186 1307 illi,
3214 1246 3350 1300 hanc
3371 1263 3514 1317 saepe

1924 1328 2152 1385 adorant
2194 1342 2249 1387 et
2272 1334 2691 1399 comburuntur;
2740 1335 2827 1403 qui
2874 1351 3002 1390 vero
3032 1336 3163 1389 nihil
3199 1339 3509 1406 possident.

1925 1417 2061 1475 hanc
2088 1422 2433 1493 despiciunt,
2460 1426 2587 1480 etin
2619 1433 2936 1495 paupertate
2967 1436 3263 1493 versantes,
3304 1429 3353 1481 in
3388 1446 3511 1484 rore

1922 1514 2092 1583 magis
2133 1516 2478 1585 deliciantur,
2526 1535 2684 1588 quam
2714 1519 2790 1573 illi
2819 1521 2907 1588 qui
2952 1521 3004 1574 in
3039 1536 3215 1575 rerum
3244 1522 3396 1592 copia
3428 1524 3499 1575 vi-

1921 1615 2087 1659 vunt:
2118 1607 2257 1662 sicut
2280 1618 2335 1663 et
2367 1620 2492 1664 tunc
2515 1625 2762 1681 quoque,
2796 1611 2886 1679 qui
2916 1611 3216 1681 injecerunt
3242 1614 3506 1667 combusti

1919 1706 2038 1749 sunt
2059 1737 2073 1760 ,
2097 1697 2186 1767 qui
2221 1708 2398 1754 autem
2428 1701 2479 1753 in
2508 1700 2687 1755 medio
2711 1710 2867 1756 erant
2889 1744 2903 1765 ,
2934 1717 3031 1756 ceu
3063 1702 3113 1756 in
3140 1718 3275 1773 aqua
3303 1715 3354 1756 et
3384 1720 3509 1760 rore

1920 1789 2288 1845 versabantur.
2316 1792 2601 1864 Tyrannus
2627 1802 2806 1849 autem
2839 1794 2926 1848 ille
2955 1805 3080 1848 tunc
3105 1794 3274 1865 magis
3302 1813 3327 1847 a
3355 1794 3507 1848 ﬂam-

1917 1893 2004 1933 ma
2061 1881 2348 1949 urebatur,
2400 1884 2475 1938 ira
2523 1884 2894 1940 vehementius
2946 1885 3092 1939 illum
3144 1884 3503 1949 incendente,

1915 1986 2073 2040 quam
2099 1975 2247 2041 pueri
2278 1976 2354 2029 illi
2379 1976 2812 2030 incenderentur.
2841 1975 2972 2030 Nam
3015 1976 3229 2030 illorum
3259 1993 3325 2031 ne
3353 1993 3505 2031 sum-

1914 2078 2032 2118 mos
2058 2065 2271 2135 quidem
2300 2068 2523 2136 capillos
2550 2068 2721 2138 potuit
2759 2068 2896 2139 ignis
2939 2077 3190 2138 tangere;
3222 2067 3377 2137 hujus
3403 2084 3503 2123 au-

1916 2162 2020 2207 tem
2069 2166 2302 2209 mentem
2333 2158 2452 2227 igne
2498 2157 2872 2213 vehementius
2919 2158 2993 2212 ira
3024 2157 3283 2214 incendit.
3318 2160 3503 2229 Cogita

1910 2247 2055 2300 enim
2084 2258 2339 2317 quantum
2371 2250 2500 2303 illud
2525 2261 2700 2313 esset,
2731 2251 2781 2302 in
2816 2260 2923 2304 tam
2953 2249 3244 2305 multorum
3275 2265 3504 2318 conspe-

1908 2350 1999 2396 ctu
2043 2356 2073 2395 a
2122 2342 2304 2411 pueris
2347 2343 2571 2412 captivis
2610 2342 2783 2412 ipsum
2830 2342 3127 2399 contemni.
3168 2343 3318 2399 Tunc
3355 2344 3498 2398 enim

1908 2433 2177 2499 ostendit,
2211 2450 2271 2490 se
2298 2435 2511 2491 illorum
2540 2436 2728 2491 urbem
2759 2436 2970 2505 cepisse
2990 2478 3004 2499 ,
3041 2451 3145 2490 non
3173 2438 3223 2489 vi
3255 2452 3372 2500 sua,
3401 2437 3495 2493 sed

1907 2534 2128 2594 propter
2149 2527 2436 2581 multorum
2463 2534 2698 2596 peccata.
2730 2526 2861 2580 Nam
2884 2528 2928 2580 si
2956 2528 3163 2582 vinctos
3186 2543 3293 2581 non
3327 2529 3496 2596 potuit

1905 2630 2162 2682 superare
2182 2657 2196 2680 ,
2228 2617 2498 2685 etiamque
2549 2617 2600 2669 in
2628 2615 2897 2672 fornacem
2931 2617 3156 2685 injectos
3180 2656 3195 2680 ,
3224 2617 3497 2686 quomodo

1906 2707 2027 2760 illos
2057 2707 2174 2776 lege
2205 2706 2326 2761 belli
2368 2715 2709 2776 superasset,
2755 2706 2799 2760 si
2830 2720 3020 2761 omnes
3049 2706 3184 2760 tales
3227 2705 3497 2759 fuissent?

1904 2796 2057 2852 Unde
2087 2796 2428 2851 manifestum
2469 2808 2552 2851 est
2581 2798 2870 2851 multorum
2899 2806 3118 2867 peccata
3162 2797 3348 2850 urbem
3381 2805 3493 2850 trao

1901 2887 2123 2943 didiSSe.
2159 2887 2291 2943 Vide
2328 2897 2506 2942 autem
2531 2904 2689 2957 quam
2718 2904 2746 2940 a
2782 2902 2913 2941 vana
2943 2888 3112 2959 gloria
3143 2888 3302 2941 alieni
3343 2890 3494 2957 pueri

1900 2990 2100 3035 essent.
2146 2980 2262 3034 Non
2290 2982 2433 3034 enim
2478 2981 2783 3035 iusilierunt
2815 2981 2866 3033 in
2916 2979 3190 3034 fornacem
3216 3021 3232 3046 ,
3263 2981 3356 3035 sed
3381 2981 3491 3049 jam

1898 3071 2025 3125 olim
2076 3070 2275 3125 Christi
2321 3086 2645 3141 prmceptum
2697 3072 2988 3131 servabant
3036 3072 3302 3127 dicentis:
3335 3070 3495 3127 Orate

1897 3180 1959 3217 ne
1985 3166 2179 3217 intretis
2209 3166 2261 3217 in
2290 3166 2613 3218 tentalionem
2658 3166 2874 3234 (Matth.
2903 3165 2992 3220 26.
3024 3165 3115 3237 41)
3149 3184 3162 3220 :
3194 3181 3369 3236 neque
3399 3166 3487 3220 fu-

1894 3265 2087 3325 gerunt
2137 3256 2354 3325 quando
2391 3257 2532 3310 ducti
2563 3266 2720 3321 sunt,
2764 3256 2858 3312 sed
2909 3266 3176 3311 steterunt
3225 3257 3277 3311 in
3312 3258 3490 3312 medio

1893 3345 2107 3400 fortiter
2133 3364 2146 3400 :
2181 3362 2354 3416 neque
2382 3363 2488 3401 non
2528 3358 2753 3402 vocante
2778 3347 3119 3402 decertantes
3138 3390 3153 3415 ,
3188 3364 3361 3418 neque
3390 3365 3487 3404 vo-

1892 3450 2048 3494 cante
2072 3440 2261 3493 molles
2288 3451 2343 3495 et
2370 3440 2565 3510 ignavi,
2595 3440 2688 3495 sed
2712 3440 2777 3493 ad
2806 3440 2982 3493 omnia
3010 3441 3179 3510 parati
3207 3450 3261 3496 et
3282 3442 3485 3496 strenui

1891 3532 2145 3602 omnique
2178 3532 2366 3587 ﬁducia
2398 3533 2560 3602 pleni.
2612 3533 2902 3586 Audiamus
2932 3534 3076 3587 enim
3105 3533 3231 3602 quid
3261 3533 3443 3587 dicant
3467 3575 3483 3595 ,

1891 3634 1946 3676 ut
1978 3624 2101 3679 inde
2140 3639 2326 3678 eorum
2354 3624 2734 3694 philosophum
2768 3640 2983 3678 sensum
3013 3624 3355 3678 ediscamus:
3386 3622 3483 3678 Est

1888 3713 2029 3768 Deus
2080 3716 2131 3767 in
2175 3716 2314 3768 cazlis
2363 3725 2539 3783 potens
2583 3716 2777 3783 eripere
2817 3732 2908 3768 nos
2935 3714 3099 3789 (Dan.
3133 3716 3184 3770 5.
3222 3716 3333 3786 17).
3363 3715 3479 3771 Νοη

1886 3806 2029 3858 enim
2058 3805 2126 3859 de
2152 3820 2211 3860 se
2238 3815 2361 3860 sunt
2400 3808 2646 3872 solliciti,
2691 3808 2786 3862 sed
2832 3823 2954 3861 mox
2986 3807 3336 3862 comburendi
3366 3850 3382 3873 ,
3412 3808 3481 3863 dc

1884 3896 2054 3965 gloria
2090 3897 2180 3950 Dei
2212 3897 2427 3951 solliciti
2474 3909 2616 3951 sunt.
2651 3898 2718 3954 Ut
2743 3900 2885 3953 enim
2907 3940 2924 3965 ,
2954 3899 3108 3953 nobis
3135 3900 3430 3955 combustis
3460 3941 3477 3966 ,

1886 3986 2051 4040 Deum
2076 4002 2178 4041 non
2209 3986 2429 4041 damnes
2457 3989 2851 4051 imbecillitatis,
2881 3992 2990 4056 jam
3022 3990 3119 4042 tibi
3148 4000 3313 4044 totum
3342 3990 3478 4061 dog-

1884 4093 1968 4130 ma
2014 4086 2258 4131 nostrum
2304 4090 2552 4133 accurate
2578 4082 2976 4133 annuntiamus.
3013 4082 3107 4133 Est
3135 4081 3271 4135 Deus
3294 4082 3348 4135 in
3374 4098 3477 4136 ca:-

1883 4168 1975 4233 lis,
2022 4183 2126 4221 non
2175 4171 2294 4223 talis
2324 4171 2495 4238 qualis
2526 4173 2638 4224 haac
2669 4172 2841 4242 imago
2874 4173 2924 4225 in
2967 4183 3105 4227 terra
3134 4214 3148 4236 ,
3184 4173 3473 4229 inanimata

1881 4272 1935 4315 et
1967 4274 2147 4327 muta,
2190 4262 2282 4316 sed
2330 4264 2418 4332 qui
2450 4264 2617 4331 possit
2663 4280 2730 4318 ex
2779 4265 2954 4321 media
3004 4266 3222 4322 fornace
3265 4267 3473 4323 ardenti

1880 4351 2111 4421 eripere.
2145 4351 2222 4406 Ne
2253 4353 2432 4422 itaque
2461 4355 2608 4407 illum
2636 4355 2859 4409 damnes
2888 4357 3303 4420 imbecillitatis,
3330 4360 3473 4428 quod

1882 4458 1982 4497 nos
2011 4443 2151 4497 sinat
2180 4445 2229 4497 in
2263 4460 2382 4499 eam
2413 4445 2647 4500 incidere
2680 4464 2690 4499 :
2727 4457 2831 4501 tam
2864 4456 3054 4516 potens
3080 4459 3202 4515 est,
3234 4458 3292 4502 ut
3318 4460 3470 4517 post-

1880 4551 2037 4606 quam
2071 4536 2420 4591 inciderimus
2440 4580 2453 4602 ,
2486 4553 2583 4591 nos
2609 4553 2637 4591 a
2685 4538 2896 4592 flamma
2925 4540 3139 4608 eripere
3168 4541 3333 4608 possit
3358 4556 3373 4603 ;
3408 4540 3472 4594 Et

1878 4630 1919 4681 si
1952 4645 2051 4682 non
2082 4630 2237 4701 faciat
2259 4669 2277 4697 ,
2306 4641 2479 4683 notum
2507 4630 2570 4684 sit
2598 4630 2686 4683 tibi
2708 4673 2722 4692 ,
2755 4647 2786 4684 0
2810 4648 2921 4696 rex,
2952 4632 3086 4701 quod
3114 4632 3216 4684 diis
3243 4633 3343 4685 tuis
3370 4649 3471 4685 non

1877 4723 2123 4777 servimus
2149 4764 2164 4785 ,
2194 4732 2241 4776 et
2271 4739 2481 4776 auream
2512 4739 2661 4794 quam
2692 4724 2909 4793 posuisti
2938 4733 3159 4777 statuam
3192 4740 3294 4777 non
3337 4724 3469 4777 ado-

1877 4833 2051 4869 ramus
2094 4815 2257 4885 (lbid.
2286 4832 2333 4870 υ.
2370 4816 2479 4885 l8).
2518 4817 2650 4871 Vide
2694 4833 2789 4871 eos
2832 4826 2983 4872 certo
3021 4818 3251 4872 consilio
3282 4826 3333 4871 et
3362 4816 3473 4871 dis-

1877 4907 2197 4977 pensotione
2228 4923 2332 4962 non
2364 4923 2524 4962 nosse
2552 4911 2810 4963 futurum.
2856 4909 2910 4963 Si
2971 4911 3112 4963 enim
3145 4911 3426 4965 scivissem
3452 4952 3468 4973 ,

1876 5000 2179 5055 admirandi
2226 5016 2332 5053 non
2386 5000 2616 5055 fuissent
2664 5000 2781 5055 haec
2806 5000 3067 5056 facientes
3107 5020 3117 5056 :
3152 5001 3277 5072 quid
3326 5001 3470 5056 cnim

1878 5092 2070 5146 mirum
2097 5133 2113 5158 ,
2153 5092 2199 5147 si
2230 5093 2453 5163 pignora
2481 5093 2670 5147 salutis
2712 5093 2969 5149 habentes
2989 5134 3006 5160 ,
3034 5096 3215 5165 gravia
3247 5096 3334 5149 illa
3375 5111 3471 5149 an-

1876 5181 2063 5238 dacter
2108 5183 2409 5239 adiissent?
2458 5183 2552 5238 sed
2594 5183 2985 5253 gloriﬁcaretur
3028 5185 3241 5252 quidem
3283 5186 3467 5253 Deus,

1876 5277 1965 5347 qui
2002 5274 2265 5343 potuisset
2310 5274 2523 5345 eripere
2559 5289 2628 5329 ex
2662 5277 2917 5339 fornace;
2949 5276 3049 5346 ipsi
3083 5292 3211 5331 vero
3239 5293 3344 5332 non
3373 5278 3470 5331 ad-

1879 5368 2152 5423 mirabiles
2178 5367 2423 5434 fuissent,
2452 5377 2636 5439 utpote
2665 5370 2754 5439 qui
2783 5385 2888 5424 non
2920 5371 2973 5424 in
3004 5371 3236 5439 pericula
3263 5370 3470 5441 seipsos

1878 5460 2258 5530 coniecissent.
2306 5458 2433 5515 Ideo
2478 5460 2751 5531 permisit,
2793 5472 2853 5516 ut
2896 5462 2997 5531 ipsi
3044 5462 3183 5533 quod
3232 5462 3467 5519 futurum

1878 5564 1997 5610 erat
2040 5557 2381 5625 ignorarent,
2410 5564 2469 5609 ut
2498 5555 2666 5625 magis
2709 5570 2804 5609 eos
2829 5556 3174 5626 gloriﬁcaret.
3223 5554 3292 5611 Et
3333 5556 3473 5611 sicut

1878 5648 1978 5718 ipsi
2007 5646 2401 5702 conﬁrmabant
2428 5662 2609 5718 regem
2637 5688 2652 5715 ,
2686 5657 2746 5703 ut
2792 5664 2860 5703 ne
2888 5649 3055 5705 Deum
3088 5648 3470 5704 imbecillitatis

1879 5740 2197 5807 damnaret,
2248 5740 2292 5794 si
2343 5740 2443 5808 ipsi
2492 5741 2757 5797 combusti
2807 5742 3033 5797 fuissent
3069 5760 3082 5796 :
3115 5744 3186 5796 ita
3230 5749 3287 5795 et
3329 5740 3470 5795 Deus

1881 5841 2171 5901 utrumque
2216 5831 2501 5903 praestitit,
2539 5840 2593 5888 et
2621 5834 2910 5903 potentiam
2940 5848 3088 5888 suam
3120 5831 3389 5899 ostendit,
3413 5839 3468 5886 et

3051 5930 3127 5992 10
