3992 6426
179 329 271 392 la
1252 330 1321 387 ΙΝ
1357 327 1569 386 EPIST.
1613 327 1631 382 Ι
1695 325 1796 381 A‘D
1826 323 1978 380 COR.
2025 324 2231 382 llOMlL
2292 327 2433 386 XIX.

193 470 298 510 nam
321 458 382 509 et
405 451 722 522 adulteria,
747 462 803 510 et
829 449 1209 508 fornicationes
1234 455 1290 504 et
1312 445 1598 502 domorum
1627 457 1784 498 ever-

205 549 362 606 siones
381 563 538 620 szrpe
564 547 700 603 inde
730 553 1070 615 consequuta:
1096 548 1238 597 sunt.
1270 539 1325 596 Si
1351 539 1494 594 enim
1513 553 1632 593 cum
1656 552 1791 591 uxo-

205 661 281 701 res
304 643 573 710 habeam,
607 641 963 707 fornicantur,
993 636 1160 692 multo
1186 633 1354 705 magis
1373 634 1419 689 si
1447 633 1566 688 illos
1592 633 1661 687 ab
1693 633 1792 688 hac

199 738 573 795 consolatione
621 734 935 808 privaveris.
967 735 1032 790 Et
1060 742 1209 790 recte
1254 733 1409 797 dixit,
1446 728 1623 784 Nolite
1647 728 1792 798 frau-

197 832 328 893 dare,
367 828 622 884 fraudem
651 829 738 884 hic
764 838 818 884 et
843 825 1082 882 debitum
1112 823 1360 895 superius
1385 821 1664 893 appellans
1685 861 1701 886 ,
1734 828 1791 872 ut

200 921 499 977 dominium
529 923 705 991 majus
738 921 1066 976 ostenderet.
1095 918 1229 974 Nam
1264 918 1429 972 invito
1457 917 1628 970 altero
1652 913 1789 968 alte-

197 1029 307 1068 rum
329 1028 394 1067 se
414 1015 701 1069 continere
721 1054 736 1078 ,
761 1013 888 1069 illud
906 1020 988 1068 est
1003 1011 1284 1077 fraudare;
1307 1019 1533 1080 utroque
1553 1006 1789 1071 volente,

192 1120 294 1159 non
323 1104 487 1160 item.
522 1104 638 1160 Non
667 1105 832 1169 enim,
855 1106 899 1159 si
927 1114 1208 1174 postquam
1259 1101 1392 1156 mihi
1435 1099 1788 1171 persuaseris,

189 1199 398 1270 aliquid
427 1214 503 1255 ex
525 1200 660 1255 meis
685 1199 933 1269 accipias,
968 1197 1203 1253 fraudari
1232 1211 1318 1251 me
1347 1194 1490 1250 dico.
1519 1192 1619 1258 Qui
1647 1191 1788 1246 enim

185 1290 256 1345 ab
284 1290 465 1346 invito
491 1301 548 1346 et
578 1307 671 1362 per
691 1293 796 1346 vim
821 1300 1008 1345 coacto
1035 1291 1250 1359 accipit,
1276 1287 1368 1343 ille
1383 1285 1613 1340 fraudat.
1636 1281 1799 1351 Quod.

185 1384 380 1440 multm
409 1384 666 1440 mulieres
698 1384 914 1448 faciunt,
944 1399 1064 1455 quae
1093 1390 1368 1454 peccatum
1392 1378 1681 1435 admittunt
1699 1378 1788 1448 ju-

183 1475 399 1529 stitiam
430 1490 790 1546 exsuperans,
842 1486 897 1531 ct
924 1474 1025 1531 hac
1073 1475 1281 1530 ratione
1307 1473 1542 1529 libidinis
1568 1471 1790 1526 marito-

184 1581 310 1621 rum
355 1568 410 1621 in
439 1569 597 1638 culpa
625 1576 794 1635 sunt,
825 1569 1110 1637 omniaque
1146 1566 1200 1621 in
1247 1564 1635 1620 dissensionem
1668 1578 1789 1616 ver-

186 1667 331 1713 tunt.
361 1659 590 1728 Oportet
605 1669 782 1715 autem
802 1659 1144 1717 concordiam
1167 1660 1415 1714 omnibus
1437 1666 1786 1727 anteponere,

187 1753 316 1822 quia
372 1752 479 1808 hoc
519 1753 768 1808 omnibus
792 1762 875 1808 est
901 1751 1315 1824 prteferendum.
1340 1751 1410 1805 Et
1435 1751 1477 1805 si
1513 1750 1705 1820 placet,
1735 1749 1786 1803 id

191 1844 246 1898 in
278 1844 448 1899 rebus
477 1844 609 1914 ipsis
658 1845 1042 1899 examinemus.
1071 1843 1192 1898 Sint
1218 1857 1354 1897 uxor
1377 1850 1432 1897 et
1459 1841 1705 1905 maritus,
1735 1850 1790 1894 et

191 1951 252 1991 se
275 1937 552 1991 contineat
583 1951 718 1992 uxor
743 1937 957 1992 nolente
981 1936 1178 1990 marito
1208 1953 1222 1991 :
1252 1934 1380 2006 quid
1408 1949 1535 2004 ergo
1555 1974 1572 2000 ,
1621 1934 1667 1987 si
1697 1933 1789 1987 ille

197 2025 327 2082 hinc
352 2025 424 2080 ad
450 2025 827 2082 fornicaudum
857 2027 1178 2093 inducatur;
1226 2035 1318 2081 aut
1345 2040 1450 2081 non
1496 2025 1790 2080 fornicatur

197 2120 438 2191 quidem,
469 2121 564 2177 sed
592 2121 791 2185 doleat,
828 2120 1070 2176 turbetur
1090 2161 1105 2186 ,
1139 2119 1470 2184 incendatur,
1501 2127 1700 2188 pugnet
1725 2132 1788 2172 ac

201 2213 396 2285 litiget,
426 2223 482 2269 et
506 2215 786 2269 innumera
815 2215 964 2268 uxori
994 2214 1204 2283 negotia
1229 2211 1523 2266 exhibeat?
1549 2209 1675 2281 quid
1700 2210 1784 2264 lu-

203 2305 280 2359 cri
310 2320 371 2360 ex
393 2305 600 2374 jejunio
626 2315 680 2360 et
707 2305 1034 2361 continentia
1055 2346 1070 2371 ,
1099 2319 1222 2360 cum
1249 2304 1443 2359 caritas
1481 2303 1648 2357 fracta
1676 2303 1786 2358 sit?

206 2396 364 2451 Nihil.
401 2401 542 2464 Quot
581 2398 726 2453 enim
753 2398 876 2455 inde
902 2397 1164 2465 convicia,
1193 2405 1322 2468 quot
1351 2397 1582 2467 negotia,
1609 2411 1786 2466 quau-

209 2498 316 2544 tum
343 2491 540 2546 bellum
570 2490 872 2546 necessario
887 2487 1120 2546 oriatur!

276 2580 329 2635 Ξ.
360 2581 494 2637 Cum
525 2581 670 2636 enim
725 2581 869 2635 domi
916 2580 1140 2636 maritus
1190 2587 1246 2635 et
1295 2595 1431 2633 uxor
1481 2579 1780 2646 dissident,

213 2688 314 2728 non
360 2674 550 2728 melius
591 2687 650 2729 se
679 2671 898 2728 habebit
939 2671 1153 2737 domus,
1203 2685 1362 2742 quam
1395 2671 1546 2726 navis
1587 2672 1783 2742 agitata

214 2773 540 2834 tempestate,
567 2764 925 2834 gubernatore
946 2765 1035 2833 qui
1065 2763 1132 2818 ab
1156 2778 1221 2818 eo
1245 2778 1458 2833 proram
1490 2764 1628 2833 regit
1673 2764 1782 2818 dis-

211 2856 482 2911 sentiente.
539 2855 771 2924 Ideoque
798 2855 872 2909 ait
900 2873 913 2910 :
944 2852 1121 2908 Nolite
1146 2856 1390 2924 fraudare
1414 2854 1646 2922 invicem,
1684 2855 1783 2909 nisi

209 2946 407 3012 [ortecx
426 2963 672 3002 consensu
692 2946 760 3000 ad
774 2956 968 3016 tempus
992 2955 1048 2999 ut
1071 2946 1252 2999 vacetis
1255 2946 1456 3017 jejunio
1479 2954 1523 2998 et
1539 2946 1780 3011 orationi;

202 3039 268 3095 de
306 3040 546 3094 oratione
579 3053 702 3092 cum
731 3037 920 3107 majori
959 3036 1136 3092 studio
1164 3035 1298 3091 facta
1319 3037 1406 3092 hic
1434 3037 1679 3108 loquens.
1722 3036 1779 3092 Si

197 3130 336 3184 enim
356 3145 510 3185 orare
533 3128 815 3200 prohibeat
829 3127 1017 3199 eosqui
1031 3127 1170 3184 inter
1185 3143 1245 3184 se
1260 3137 1475 3195 coeunt,
1494 3128 1782 3198 illud,Sine

197 3222 592 3278 intermissione
616 3235 792 3288 orare,
815 3219 1082 3292 quomodo
1109 3220 1282 3275 locum
1305 3228 1359 3274 et
1387 3230 1595 3290 tempus
1613 3220 1778 3275 habeo

197 3312 310 3368 bit?
337 3315 464 3369 licet
493 3327 625 3383 ergo
655 3320 710 3366 et
737 3326 858 3366 cum
893 3326 1058 3365 uxore
1082 3309 1525 3365 consuetudinem
1559 3311 1778 3377 habere,

197 3415 250 3459 et
278 3404 510 3459 orationi
553 3402 904 3459 incumbere;
933 3401 1026 3457 sed
1059 3417 1154 3472 per
1179 3403 1564 3457 continentiam
1596 3419 1781 3472 preca-

199 3493 272 3548 tio
285 3493 587 3549 accuratior
613 3493 873 3550 redditur.
899 3492 1011 3548 Non
1033 3491 1176 3548 enim
1197 3491 1511 3562 simpliciter
1533 3491 1684 3561 dixit,
1710 3493 1783 3550 Ut

194 3585 391 3652 oretis;
446 3584 544 3640 sed
578 3584 647 3640 Ut
697 3585 900 3648 vacetis,
932 3592 1115 3652 utpote
1159 3599 1279 3638 cum
1327 3598 1415 3640 res
1445 3585 1779 3642 vocationem

195 3678 448 3746 praebeat,
483 3676 581 3732 sed
608 3691 716 3730 non
749 3675 1162 3730 immunditiam.
1191 3674 1258 3729 Et
1275 3678 1455 3730 iterum
1481 3677 1534 3730 in
1557 3677 1780 3747 idipsum

192 3769 470 3834 convenite,
504 3782 568 3820 ne
593 3775 742 3820 tentet
781 3781 866 3820 vos
892 3775 1118 3822 satanas.
1147 3766 1227 3822 Ne
1273 3767 1546 3824 videretur
1595 3769 1736 3824 enim
1763 3810 1779 3837 ,

191 3874 300 3912 rem
328 3872 460 3913 esse
490 3857 609 3927 lege
647 3856 993 3911 constitutam
1015 3897 1028 3921 ,
1059 3870 1276 3911 causam
1304 3855 1472 3911 addit.
1523 3857 1779 3925 Quaenam

191 3951 274 4005 illa
300 3951 418 4006 est?
443 3948 530 4004 Ne
549 3957 700 4006 tentet
728 3965 815 4004 vos
829 3958 1055 4004 satanas.
1080 3950 1148 4005 Et
1173 3957 1234 4004 ut
1258 3949 1433 4004 discas
1460 3965 1566 4004 non
1591 3951 1780 4006 diabo-

189 4043 294 4097 lum
322 4050 540 4097 tantum
566 4041 811 4096 adulterii
857 4054 1076 4096 causam
1115 4054 1256 4107 esse,
1286 4039 1562 4110 subjunxit
1596 4058 1610 4095 :
1643 4039 1779 4096 Pro-

189 4146 294 4204 pter
311 4133 738 4189 incontinentiam
763 4140 997 4188 vestram.
1029 4132 1084 4186 6.
1125 4131 1238 4187 Hoc
1261 4141 1429 4187 autem
1465 4133 1578 4187 dico
1604 4151 1781 4188 secun-

187 4232 305 4284 dum
330 4229 710 4299 indulgentiam
733 4269 749 4294 ,
781 4244 883 4282 non
919 4226 1196 4282 secundum
1243 4227 1532 4298 imperium.
1563 4229 1615 4285 7.
1655 4228 1783 4284 Volo

187 4335 359 4379 autem
393 4337 571 4377 omnes
602 4321 828 4376 homines
852 4336 959 4376 esse
987 4320 1117 4374 sicut
1144 4321 1412 4390 meipsum,
1436 4321 1491 4374 in
1525 4322 1783 4375 continen-

188 4415 278 4470 tia.
315 4414 438 4469 lloc
474 4425 622 4480 saepe
645 4411 801 4477 facit,
829 4409 1044 4482 quando
1072 4424 1161 4466 res
1188 4408 1436 4465 difﬁciles
1464 4409 1657 4465 suadet
1681 4425 1696 4464 :
1725 4427 1784 4466 se

186 4509 240 4564 in
267 4506 457 4563 medio
485 4505 636 4576 ponit
654 4512 708 4560 et
732 4504 825 4568 ait,
851 4502 1137 4558 Imitatores
1162 4504 1259 4556 mei
1289 4510 1459 4558 estote.
1486 4501 1593 4557 Sed
1623 4519 1782 4557 unus-

188 4602 405 4670 quisque
452 4597 715 4667 proprium
762 4595 952 4649 donum
1001 4593 1148 4648 habet
1176 4609 1240 4648 ea:
1263 4591 1394 4658 Deo,
1423 4591 1558 4648 alius
1582 4593 1783 4658 quidem

189 4691 278 4755 sic,
307 4691 450 4744 alius
477 4704 594 4743 vero
614 4687 686 4741 sic
716 4687 764 4758 (l
780 4729 793 4741 .
811 4685 930 4742 Cor.
951 4687 1008 4741 4.
1037 4683 1151 4756 l6).
1173 4684 1306 4753 Quia
1326 4683 1470 4739 enim
1487 4683 1641 4738 valde
1664 4683 1785 4740 illos

190 4782 466 4840 accusavit
491 4779 695 4845 dicens,
721 4777 939 4850 PrOpter
961 4775 1380 4831 incontinentiam
1399 4784 1634 4838 vestram,
1659 4790 1782 4829 rur-

197 4889 285 4929 sus
313 4876 464 4944 ipsos
490 4872 799 4927 consolatus
817 4879 900 4926 est
916 4868 1264 4941 subjungens,
1287 4865 1636 4938 Unusquisque
1661 4883 1780 4936 pro-

205 4967 366 5035 prium
394 4965 588 5019 donum
626 4962 770 5016 habet
795 4977 857 5015 ea:
879 4959 982 5014 Deo
998 4977 1020 5025 ;
1047 4975 1152 5015 non
1183 4961 1286 5013 hoc
1305 4956 1608 5024 declarans,
1642 4957 1785 5028 quod

208 5055 306 5111 hoc
332 5065 473 5111 recte
503 5053 696 5110 factum
727 5061 914 5108 nostro
943 5051 1119 5107 studio
1149 5065 1254 5106 non
1302 5058 1487 5120 egeat;
1540 5050 1634 5104 sed
1662 5090 1676 5115 ,
1731 5059 1785 5105 ut

203 5151 352 5221 prius
375 5148 506 5216 dixi,
537 5146 824 5202 consolans
845 5145 985 5200 illos.
1017 5142 1148 5197 Nam
1177 5142 1222 5196 si
1251 5141 1453 5197 donum
1483 5151 1587 5208 est,
1612 5148 1666 5196 et
1701 5141 1778 5196 ni-

198 5244 272 5298 hil
321 5242 482 5297 homo
534 5239 598 5294 ad
649 5241 749 5293 hoc
788 5235 962 5303 affert,
1010 5232 1280 5305 quomodo
1331 5231 1505 5287 dicis?
1549 5231 1603 5286 8.
1659 5230 1786 5285 Dico

192 5345 361 5389 autem
386 5349 488 5386 non
517 5331 687 5402 nuptis
710 5339 756 5384 et
783 5328 945 5382 viduis
969 5343 989 5384 :
1021 5330 1204 5382 bonum
1240 5334 1313 5381 est
1339 5325 1463 5392 illis,
1491 5324 1537 5378 si
1562 5324 1634 5378 sic
1675 5339 1788 5391 per-

193 5426 470 5481 manserint
500 5433 556 5476 ut
582 5439 694 5494 ego.
723 5422 775 5477 9.
811 5420 960 5487 Quod
984 5420 1029 5475 si
1055 5435 1108 5474 se
1138 5435 1238 5473 non
1260 5417 1537 5483 continent,
1571 5416 1782 5469 nubant.

199 5517 436 5573 Vidistin‘
477 5513 632 5569 Pauli
678 5511 996 5582 sapientiam
1022 5551 1039 5578 ,
1083 5509 1354 5580 quomodo
1408 5517 1464 5563 et
1506 5506 1783 5562 meliorem

197 5610 436 5668 ostendat
462 5623 586 5664 esse
607 5604 1014 5668 continentiam,
1039 5612 1094 5657 et
1123 5617 1227 5658 non
1253 5609 1410 5670 cogat
1428 5613 1546 5654 eum
1567 5598 1654 5668 qui
1678 5613 1783 5653 non

201 5701 515 5775 aSsequitur,
549 5699 745 5754 timens
775 5712 844 5752 ne
869 5695 921 5750 in
950 5695 1154 5764 lapsum
1173 5691 1468 5747 incidatur?
1498 5685 1686 5743 Melius
1713 5699 1786 5744 est

200 5794 314 5848 enim
341 5793 554 5864 nubere,
589 5806 744 5862 quam
776 5787 875 5844 uri.
905 5787 1163 5845 lndicavit
1189 5792 1383 5857 quanta
1427 5782 1496 5840 sit
1522 5781 1780 5852 concupi-

3381 347 3483 404 154

1902 446 2121 499 scentis:
2149 449 2409 517 tyrannis.
2439 449 2552 507 Hoc
2579 462 2759 510 autem
2792 458 2902 512 vult
2924 459 3227 529 signiﬁcare
3260 482 3270 515 :
3301 465 3356 520 Si
3381 467 3486 519 vim

1902 534 2126 591 multam
2176 547 2230 594 et
2271 547 2461 595 aestum
2517 546 2730 611 pateris,
2759 562 2789 601 a
2854 548 3128 608 laboribus
3176 561 3230 608 et
3267 555 3485 610 sudori-

1897 627 1996 683 hus
2047 637 2098 683 te
2127 630 2316 696 libera,
2363 649 2431 689 ne
2458 634 2594 692 forte
2640 640 2987 698 subvertaris.
3045 645 3132 700 l0.
3189 647 3268 703 lis
3294 661 3482 710 autem,

1895 721 1981 788 qui
2033 725 2357 778 matrimonio
2391 729 2562 796 juncti
2603 741 2741 796 sunt,
2789 721 3049 805 praecipio,
3088 755 3190 792 non
3243 757 3352 810 ego,
3397 744 3490 796 sed

1898 811 2168 869 Dominus.
2199 816 2332 884 Quia
2369 819 2540 890 legem
2578 823 2794 880 disertis
2820 828 3001 883 verbis
3027 846 3056 884 a
3081 829 3299 887 Christo
3323 834 3484 889 latam

1895 914 1976 959 cst
1998 906 2254 974 lecturus,
2285 908 2354 965 de
2379 926 2542 968 uxore
2574 929 2682 969 nou
2701 915 3014 973 dimittenda
3039 922 3143 976 nisi
3169 924 3238 978 sit
3257 923 3503 980 fornica-

1898 1003 1971 1063 ta,
2006 1007 2287 1067 propterea
2317 1001 2476 1069 dicit,
2528 1003 2652 1060 Non
2681 1023 2792 1077 ego.
2846 1009 2977 1064 Nam
3007 1027 3125 1081 quae
3155 1015 3301 1083 prius
3343 1016 3486 1072 dicta

1895 1103 2038 1158 sunt,
2067 1095 2274 1150 etiamsi
2305 1111 2411 1150 non
2456 1097 2670 1155 disertis
2711 1101 2888 1156 verbis
2934 1103 3072 1158 dicta
3103 1107 3208 1160 sint
3230 1148 3245 1172 ,
3281 1108 3377 1175 ipsi
3407 1121 3484 1164 ta-

1897 1201 2019 1240 men
2049 1201 2110 1241 ea
2157 1202 2279 1243 esse
2325 1188 2594 1244 videntur.
2647 1194 2715 1246 At
2743 1193 2846 1248 hoc
2872 1195 3086 1264 quidem
3134 1198 3222 1252 ille
3267 1198 3507 1257 disertis.

1897 1279 2079 1335 verbis
2101 1280 2320 1337 tradidit
2351 1301 2365 1337 :
2397 1283 2576 1354 itaque
2607 1285 2760 1352 illud,
2791 1284 2936 1358 Ego,
2964 1299 3018 1344 et
3057 1288 3176 1344 Non
3203 1309 3314 1362 ego,
3347 1293 3486 1349 hanc

1899 1373 2097 1428 habent
2124 1373 2506 1432 dill‘erentiam.
2536 1377 2616 1434 Ne
2636 1379 2778 1433 enim
2811 1396 2905 1434 sua
2934 1396 3054 1436 esse
3085 1383 3485 1455 humanaputa-

1895 1479 2003 1528 res,
2035 1463 2156 1520 ideo
2183 1465 2459 1536 subjunxit
2488 1486 2502 1522 :
2533 1467 2670 1523 Puto
2699 1471 2831 1524 enim
2855 1473 2992 1538 quod
3015 1483 3063 1526 et
3093 1491 3186 1545 ego
3231 1475 3486 1538 Spiritum

1895 1553 1992 1609 Dei
2021 1555 2254 1610 habeam.
2276 1556 2417 1624 Quid
2445 1567 2532 1614 est
2556 1576 2706 1630 ergo,
2735 1562 2878 1631 quod
2908 1563 3166 1620 Dominus
3186 1568 3498 1636 coniugatis-

1895 1649 2185 1718 praecepit,
2216 1649 2436 1704 Umorem
2469 1667 2500 1705 a
2527 1653 2635 1707 viro
2680 1670 2782 1708 non
2807 1655 3112 1710 discedere?
3141 1658 3226 1712 ll.
3259 1661 3410 1725 quod.
3440 1663 3484 1714 si

1893 1740 2196 1809 discesserit,
2229 1752 2428 1797 maneat
2456 1744 2690 1814 innupta,
2716 1755 2802 1799 aut
2843 1747 2950 1800 viro
2971 1764 3060 1800 suo
3089 1751 3474 1805 reconcilietur:

1893 1841 1938 1885 et
1965 1835 2038 1886 vir
2065 1849 2275 1887 uxorem
2301 1851 2404 1888 non
2430 1835 2670 1890 dimittat.
2696 1835 2831 1904 Quia
2863 1839 3004 1892 enim
3032 1848 3088 1894 et
3116 1850 3332 1909 propter
3354 1858 3486 1897 con-

1894 1927 2170 1981 tinentiam
2196 1936 2252 1982 et
2279 1937 2498 1998 propter
2517 1929 2653 1985 alios
2701 1929 2951 1985 obtentus
2997 1941 3050 1986 et
3095 1930 3481 1998 dissensiones,

1892 2019 2186 2074 divisiones
2209 2019 2322 2074 fieri
2347 2020 2726 2091 contingebat;
2759 2022 2949 2077 melius
2974 2023 3190 2092 quidem
3219 2040 3246 2077 a
3282 2026 3483 2094 princi-

1895 2111 1982 2178 pio
2023 2109 2230 2176 fuisset,
2264 2126 2370 2166 non
2402 2111 2491 2166 illa
2517 2109 2634 2167 fieri
2659 2153 2675 2181 ,
2713 2112 2807 2167 sed
2835 2113 2878 2168 si
2911 2112 3048 2167 facta
3080 2122 3238 2179 sunt,
3266 2127 3483 2171 maneat

1895 2216 2028 2256 uxor
2066 2219 2188 2256 cum
2233 2203 2368 2267 viro,
2396 2204 2497 2259 etsi
2527 2220 2632 2258 non
2670 2205 2738 2260 ad
2783 2205 3152 2273 concubitum,
3205 2216 3381 2264 mmen
3428 2220 3485 2264 ut

1893 2295 2098 2348 nullum
2126 2295 2289 2349 alium
2320 2296 2538 2350 inducat
2561 2297 2756 2350 virum.
2800 2297 2888 2351 12.
2921 2296 3128 2351 (laeteris
3179 2308 3346 2352 autem
3391 2317 3485 2371 ego

1891 2385 2025 2451 dico,
2050 2401 2152 2438 non
2183 2385 2430 2439 Dominus
2456 2403 2473 2441 :
2511 2386 2572 2441 Si
2601 2388 2712 2457 quis
2753 2391 2913 2456 frater
2937 2404 3144 2442 uxorem
3173 2391 3354 2444 habent
3393 2394 3477 2446 in-

1893 2477 2114 2546 ﬁdelem,
2142 2487 2192 2532 et
2215 2479 2322 2532 haec
2341 2481 2587 2533 consentit
2615 2479 2842 2534 habitare
2867 2497 2982 2534 cum
3002 2482 3112 2547 illo,
3143 2498 3242 2536 non
3264 2485 3482 2539 dimittat

1890 2570 2054 2624 illam.
2089 2570 2176 2624 l3.
2202 2568 2270 2623 Et
2289 2571 2333 2624 si
2352 2586 2451 2636 qua
2481 2571 2661 2624 mulier
2689 2571 2871 2624 habeat
2900 2572 3062 2624 virum
3106 2573 3362 2640 inﬁdelem
3388 2617 3401 2640 ,
3435 2586 3484 2630 et

1892 2663 1974 2715 hic
2021 2662 2262 2716 consentit
2289 2661 2517 2716 habitare
2553 2678 2667 2720 cum
2711 2661 2826 2729 illa,
2880 2679 2979 2716 non
3019 2665 3239 2718 dimittat
3293 2667 3477 2720 uirum.

1889 2752 2350 2822 Quemadmodum
2391 2754 2534 2808 enim
2559 2769 2679 2808 cum
2711 2753 3023 2823 loqueretur
3048 2754 3114 2808 de
3143 2757 3496 2825 separatione

1895 2860 1924 2899 a
1954 2844 2395 2913 fornicatoribus,
2422 2845 2764 2900 correctione
2807 2845 3034 2915 quadam
3066 2862 3176 2901 rem
3205 2845 3478 2903 difﬁcilem

1892 2935 2125 2991 reddidit
2166 2937 2373 3004 dicens,
2419 2935 2486 2989 Et
2512 2953 2612 2991 non
2637 2938 2810 3008 utique
2848 2954 2880 2992 a
2909 2938 3299 3007 {ornicaloribus
3326 2942 3481 3011 hujus

1897 3029 2074 3082 mundi
2103 3045 2121 3082 :
2148 3029 2226 3083 sic
2252 3037 2306 3082 et
2331 3027 2434 3082 hoc
2460 3027 2581 3082 loco
2610 3042 2855 3098 magnam
2885 3029 3116 3098 providit
3162 3045 3281 3086 esse
3313 3031 3480 3086 facili-

1894 3127 2054 3174 tatem
2087 3134 2101 3173 :
2125 3118 2315 3188 Siquis
2331 3127 2424 3172 aut
2446 3133 2580 3172 uxor
2601 3119 2796 3185 virum,
2824 3129 2916 3174 aut
2944 3121 3026 3175 vir
3049 3137 3269 3177 uxorem
3289 3121 3485 3179 habeat

1893 3210 2186 3277 inﬁdelem,
2217 3225 2284 3265 ne
2303 3210 2540 3265 dimittat
2565 3225 2707 3266 eam.
2730 3209 2868 3277 Quid
2890 3211 3065 3267 dicis?
3087 3214 3132 3268 si
3161 3213 3372 3283 quidem
3398 3217 3484 3268 iu—

1889 3302 2060 3360 lidelis
2104 3304 2212 3370 sit,
2257 3313 2472 3360 maneat
2513 3318 2632 3358 cum
2672 3319 2870 3368 uxore;
2924 3305 2968 3360 si
3015 3304 3324 3372 fornicator,
3377 3324 3490 3363 non

1888 3393 2060 3448 item?
2103 3409 2424 3465 quamquam
2479 3396 2652 3449 minus
2695 3406 2776 3452 est
2833 3406 3110 3466 peccatum
3158 3398 3475 3464 fornicatio;

1888 3486 1982 3540 sed
1999 3486 2136 3540 Deus
2165 3486 2273 3539 tuis
2306 3485 2467 3540 rebus
2488 3486 2642 3541 valde
2671 3487 2859 3556 parcit.
2891 3486 3002 3541 Hoc
3029 3488 3189 3542 etiam
3217 3489 3268 3541 in
3314 3492 3484 3542 sacri-

1887 3573 2010 3630 ﬁcio
2040 3574 2186 3643 facit,
2217 3576 2402 3631 dicens
2432 3593 2444 3628 :
2476 3574 2689 3631 Dimitte
2712 3578 3038 3645 sacriﬁcium,
3074 3587 3119 3632 et
3164 3581 3514 3634 reconciliare-

1887 3669 2038 3738 [ναινί
2061 3679 2147 3724 tuo
2193 3668 2407 3738 (Matth.
2435 3670 2488 3724 5.
2512 3667 2734 3740 24).dta
2760 3670 2921 3726 etiam
2950 3670 3098 3726 illum
3126 3713 3142 3738 ,
3177 3673 3267 3742 qui
3295 3671 3484 3730 decem

1888 3761 2052 3816 millia
2106 3761 2300 3817 talenta
2346 3760 2772 3838 debebatqsibi,
2821 3778 2928 3819 non
2978 3764 3213 3834 punivit;
3264 3779 3486 3822 conser-

1888 3869 2012 3907 vum
2065 3862 2243 3908 autem
2309 3863 2521 3909 centum
2577 3855 2828 3910 denarios
2873 3855 3173 3926 exigentem
3216 3857 3495 3927 supplicio.

1887 3944 2081 4000 allecit.
2105 3941 2325 4008 Deinde,
2362 3960 2428 3998 ne
2455 3945 2666 4000 timeret
2697 3946 2909 4011 mulier,
2941 3962 3009 4001 ne
3029 3958 3251 4016 propter
3276 3949 3476 4002 coitum

1887 4045 2034 4091 esset
2071 4035 2380 4100 immunda,
2429 4035 2559 4090 dicit
2607 4053 2621 4089 :
2676 4038 2764 4091 14.
2819 4037 3184 4106 Sanctiﬁcatus
3234 4050 3308 4093 est
3347 4042 3486 4093 enim

1887 4129 1964 4181 vir
2002 4126 2225 4196 inﬁdelis
2272 4141 2360 4196 per
2385 4125 2681 4191 mulierem,
2732 4137 2779 4181 et
2807 4128 3125 4196 sanctiﬁcata
3181 4139 3252 4184 est
3300 4132 3483 4185 mulier

1886 4219 2108 4287 inﬁdelis
2158 4234 2246 4288 per
2277 4219 2458 4271 virum.
2489 4218 2648 4287 Atqui
2676 4218 2719 4273 si
2769 4219 2836 4286 is,
2883 4220 2971 4288 qui
3001 4221 3268 4275 meretrici
3298 4222 3483 4277 adlue-

1888 4322 1992 4377 ret,
2026 4325 2186 4365 unum
2216 4325 2413 4379 corpus
2459 4317 2576 4377 est,
2623 4311 2799 4380 palam
2845 4319 2928 4366 est
2976 4325 3116 4376 eam,
3165 4326 3282 4382 quae
3311 4312 3483 4368 idolo-

1890 4402 2039 4456 Iatrte
2084 4400 2346 4466 adhaeret,
2408 4417 2570 4456 unum
2619 4416 2815 4471 corpus
2853 4417 2974 4457 esse
3007 4421 3020 4457 :
3050 4418 3214 4458 unum
3263 4404 3478 4474 quidem

1889 4506 1971 4552 est
1996 4509 2222 4564 corpus,
2268 4504 2322 4549 at
2365 4509 2472 4550 non
2505 4493 2564 4549 fit
2607 4493 2918 4562 immunda,
2971 4494 3065 4551 sed
3111 4496 3274 4551 vincit
3327 4512 3482 4550 mun-

1889 4585 2018 4641 ditia
2068 4585 2312 4640 mulieris
2362 4584 2460 4639 viri
2527 4585 2920 4640 immunditiam
2975 4602 2992 4642 ε
3045 4587 3208 4642 vincit
3272 4603 3484 4656 quoque

1891 4677 2152 4733 munditia
2183 4677 2284 4732 viri
2311 4677 2487 4733 fidelis
2517 4679 2909 4733 immunditiam
2943 4680 3183 4734 mulieris
3227 4679 3480 4735 infidelis.

1961 4771 2016 4825 5.
2038 4769 2148 4825 Cur
2173 4784 2304 4840 ergo
2335 4770 2422 4825 hic
2456 4770 2594 4825 victa
2620 4780 2702 4826 est
2720 4772 3073 4837 immunditia,
3104 4771 3327 4841 ideoque
3351 4788 3485 4827 con-

1889 4862 2103 4919 cubitus
2134 4861 2500 4932 permittitur;
2548 4863 2600 4917 in
2652 4864 2878 4918 muliere
2903 4874 3080 4918 autem
3111 4863 3350 4918 adultera
3380 4880 3500 4920 non.

1891 4956 2100 5012 crimini
2137 4955 2295 5010 datur
2329 4957 2480 5022 viro,
2520 4970 2644 5010 cum
2677 4955 2823 5010 illam
2853 4956 3034 5026 ejicit?
3062 4956 3194 5023 Quia
3223 4956 3310 5011 hic
3364 4971 3490 5026 Spes

1891 5058 1975 5106 est
2000 5047 2116 5104 fore
2142 5056 2198 5102 ut
2223 5062 2320 5118 per
2345 5047 2746 5104 matrimonium
2777 5063 2898 5116 pars
2920 5048 3007 5101 illa
3031 5063 3146 5117 qua:
3166 5048 3372 5117 peribat
3397 5063 3490 5103 δας

1894 5143 2058 5196 lutem
2091 5149 2499 5210 consequatur;
2527 5139 2637 5194 illic
2672 5154 2800 5194 vero
2839 5139 3240 5196 matrimonium
3267 5139 3378 5209 jam
3403 5156 3489 5194 so-

1893 5230 2064 5285 lutum
2103 5236 2187 5284 est
2217 5246 2230 5282 :
2255 5238 2310 5283 et
2337 5228 2446 5283 illic
2468 5228 2687 5298 quidem
2716 5227 2876 5284 ambo
2905 5239 3324 5298 corrumpuntur
3343 5269 3359 5295 ,
3403 5229 3489 5283 hic

1893 5335 2023 5376 vero
2049 5320 2269 5375 alterius
2295 5320 2498 5375 crimen
2537 5328 2636 5374 est.
2666 5319 2907 5390 Exempli
2935 5334 3093 5374 causa
3125 5337 3138 5372 :
3167 5336 3289 5391 quae
3317 5321 3488 5375 inrui-

1892 5421 2008 5468 cata
2039 5411 2134 5466 fuit
2156 5453 2171 5478 ,
2203 5410 2532 5467 exsecranda
2558 5420 2706 5467 certe
2731 5419 2832 5465 est.
2866 5410 2920 5467 Si
2948 5425 3075 5481 ergo
3114 5413 3200 5480 qui
3247 5411 3489 5466 adliceret

1895 5503 2163 5559 meretrici
2189 5544 2205 5569 ,
2244 5518 2409 5558 unum
2439 5517 2636 5572 corpus
2665 5510 2783 5569 est,
2809 5513 2862 5558 et
2894 5503 3134 5569 impurus
3173 5503 3264 5558 ille
3291 5500 3354 5555 fit
3397 5502 3488 5567 qui

1894 5609 2015 5650 cum
2047 5594 2329 5650 meretrice
2353 5594 2646 5660 miscetur;
2690 5593 2811 5649 ideo
2865 5601 3012 5649 certe
3068 5601 3178 5647 tota
3218 5590 3484 5647 munditia

1894 5685 2092 5741 avolat.
2118 5685 2213 5740 llic
2242 5693 2418 5741 autem
2447 5701 2551 5739 non
2579 5686 2656 5740 sic
2680 5701 2694 5751 ;
2724 5683 2819 5740 sed
2844 5683 3149 5754 quomodo?
3177 5679 3496 5736 immundus

1896 5789 1978 5837 cst
2007 5778 2288 5837 idololatra
2309 5819 2324 5848 ,
2359 5777 2451 5836 sed
2478 5778 2672 5835 mulier.
2701 5792 2809 5835 non
2839 5787 2920 5834 est
2949 5775 3258 5850 immunda.
3277 5763 3498 5825 Nummi.
