3992 6448
525 346 623 403 ιείσ

521 476 742 520 consors
769 460 870 530 ipsi
894 465 1038 515 esset
1070 457 1122 512 in
1154 455 1240 511 illa
1271 467 1329 509 re
1348 447 1640 507 secundum
1669 457 1828 515 quam
1873 439 2104 492 immun-

525 556 627 613 dus
655 564 758 621 est,
790 553 843 607 itt
871 551 1165 621 impietate,
1190 546 1426 616 inquam,
1456 543 1568 611 ipsa
1600 551 1813 609 quoque
1837 530 2107 587 immunda

524 650 665 705 foret
693 667 704 702 :
736 661 880 702 nunc
906 653 1082 700 autem
1118 641 1224 696 alio
1254 636 1414 694 modo
1443 631 1748 689 immundus
1778 638 1860 685 est
1885 626 2110 682 idolola-

526 751 639 806 tra;
682 739 735 794 in
778 738 880 792 alia
907 744 1085 790 autem
1111 748 1170 787 re
1198 729 1295 801 ipsi
1336 727 1579 799 jungitur
1608 739 1775 788 uxor,
1810 723 1858 774 in
1889 735 1990 790 qua
2025 719 2112 772 ille

529 832 837 890 immundus
861 845 964 884 non
991 836 1094 882 est.
1128 823 1462 880 Connubium
1485 820 1626 874 enim
1645 827 1727 872 est
1748 825 1802 870 et
1826 827 2110 883 corporum

529 925 735 989 mixtio,
767 924 820 977 in
859 936 961 992 qua
1002 927 1086 975 est
1131 917 1384 974 societas.
1431 914 1511 968 Ad
1554 912 1668 965 lucc
1718 925 1845 964 vero
1885 921 2006 975 spes
2034 912 2114 959 est

530 1019 678 1074 il.um
729 1014 798 1069 ab
846 1027 1014 1067 uxore
1063 1018 1373 1066 revocatum
1423 1007 1524 1071 iri,
1573 1003 1658 1057 cui
1709 1000 1963 1054 adhaeret.
2024 995 2114 1048 Ille

532 1117 707 1162 autem
756 1105 892 1159 alius
939 1119 1043 1156 non
1096 1101 1167 1154 ita
1210 1099 1364 1153 facile
1407 1090 1778 1168 (curabitur).
1833 1087 2116 1158 Quomodo

531 1201 620 1256 illa
666 1215 821 1264 uxor,
875 1212 996 1267 qua:
1027 1195 1200 1264 ipsum
1245 1192 1396 1265 prius
1446 1188 1707 1244 dedecore
1737 1183 1931 1244 aﬂ‘ecit.
1963 1190 2016 1236 et
2042 1181 2118 1234 al-

534 1292 634 1348 teri
665 1306 723 1345 se
762 1288 966 1344 dedidit
1003 1286 1231 1356 juraque
1268 1280 1590 1338 matrimonii
1623 1277 1891 1338 abolevit,
1925 1273 2114 1342 injuria

533 1382 782 1437 affectum
829 1392 1086 1435 revocare
1136 1375 1364 1447 poterit;
1398 1389 1516 1428 cum
1569 1371 1800 1425 maxime
1831 1369 1921 1423 ille
1965 1365 2115 1436 quasi

534 1476 848 1548 peregrinus
876 1471 1127 1528 maneat?
1160 1470 1426 1524 Prteterea
1453 1473 1630 1519 autem
1663 1471 1782 1533 post
1817 1459 2120 1516 fornicatio-

537 1585 658 1625 nem
684 1566 909 1622 maritus
931 1580 1036 1618 non
1053 1571 1136 1618 est
1157 1565 1291 1616 ultra
1320 1559 1541 1613 maritus
1563 1576 1574 1610 :
1599 1555 1685 1609 hic
1703 1562 1882 1609 autem
1903 1550 2117 1616 mulier,

537 1661 661 1714 licet
689 1657 828 1712 idola
854 1655 1016 1719 colat,
1044 1653 1140 1707 viri
1167 1652 1254 1722 jus
1275 1667 1380 1706 non
1419 1648 1633 1704 amittit.
1664 1647 1772 1702 Nec
1800 1646 1917 1700 sine
1957 1657 2118 1698 causa

540 1767 662 1805 eum
692 1749 892 1804 inﬁdeli
922 1749 1144 1809 habitat,
1168 1745 1262 1800 sed
1292 1746 1408 1814 ipso
1433 1743 1680 1798 volente:
1713 1741 1938 1810 ideoque
1959 1741 2115 1794 dixit:

543 1843 605 1896 Et
632 1843 740 1910 ipse
767 1839 1008 1895 consentit
1035 1839 1262 1892 habitare
1290 1853 1403 1890 cum
1428 1836 1538 1890 illa.
1567 1834 1704 1902 Quid
1729 1834 1894 1899 enim,
1916 1848 2118 1902 quaeso,

540 1933 847 1990 detrimenti
874 1931 1053 1996 fuerit,
1074 1946 1195 1985 cum
1226 1945 1287 1985 ea
1310 1944 1430 1999 qua:
1451 1927 1514 1982 ad
1546 1928 1856 1998 religionem
1879 1935 2123 1996 spectant

544 2030 748 2097 integra
777 2030 1054 2090 maneant,
1096 2030 1150 2077 et
1197 2021 1264 2076 de
1290 2019 1488 2074 infideli
1526 2022 1661 2073 bona
1689 2033 1812 2089 spes
1837 2019 1924 2082 sit,
1949 2020 1992 2071 si
2013 2019 2122 2087 jam

542 2126 668 2172 sunt
705 2116 975 2186 conjugati
1015 2123 1303 2180 maneant,
1334 2127 1434 2169 nec
1464 2110 1716 2181 superﬁui
1763 2111 1883 2165 belli
1915 2111 2126 2165 occasio

544 2208 862 2264 inducatur?
881 2223 1052 2278 neque
1071 2209 1215 2262 enim
1236 2206 1571 2276 hieloquitur
1598 2205 1663 2259 de
1681 2205 1744 2258 iis
1770 2204 1858 2274 qui
1889 2204 2124 2258 nondum

537 2293 709 2364 juncti
759 2301 902 2359 sunt,
936 2293 1030 2347 sed
1081 2292 1149 2347 de
1178 2293 1496 2362 conjugatis.
1548 2289 1662 2343 Non
1695 2290 1836 2344 enim
1861 2289 1996 2343 dixit
2025 2307 2038 2342 :
2070 2289 2125 2343 Si

540 2387 659 2456 quis
683 2386 809 2439 velit
833 2384 1075 2452 accipere
1097 2383 1364 2437 infidelem
1391 2400 1404 2434 :
1436 2383 1552 2447 sed,
1573 2379 1633 2435 Si
1654 2381 1763 2447 quis
1779 2379 1924 2433 habet
1946 2381 2127 2448 inﬁde-

542 2478 674 2537 lem;
703 2476 752 2530 id
771 2483 874 2538 est,
903 2475 946 2528 si
969 2475 1086 2544 quis
1107 2485 1384 2544 postquam
1411 2473 1680 2529 connubio
1699 2472 1916 2541 junctus
1945 2471 2123 2539 fuerit,

543 2567 771 2636 accipiat
813 2565 1036 2620 verbum
1069 2567 1166 2634 pice
1205 2565 1518 2636 religionis;
1573 2564 1767 2620 deinde
1795 2580 1916 2634 pars
1959 2566 2126 2619 altera

542 2658 798 2714 manserit
824 2659 876 2712 in
903 2656 1210 2715 infidelitate
1235 2701 1249 2725 ,
1281 2659 1511 2727 velitque
1541 2669 1716 2712 tamen
1746 2673 1845 2712 una
1866 2656 2122 2723 habitare,

548 2765 616 2804 ne
645 2756 924 2818 separetur
956 2764 970 2800 :
1006 2747 1370 2816 Sanctiﬁcatus
1400 2750 1535 2803 enim
1561 2757 1666 2814 est,
1699 2748 1891 2818 inquit,
1938 2749 2013 2801 vir
2042 2749 2128 2801 in-

546 2842 712 2910 ﬁdelis
744 2856 831 2909 per
871 2855 1100 2894 uxorem.
1145 2841 1316 2896 Tanta
1347 2853 1429 2897 est
1475 2841 1750 2896 munditiae
1807 2851 1911 2896 tua:
1953 2842 2126 2910 copia.

547 2933 683 3002 Quid
715 2948 861 3003 ergo,
895 2942 1181 2988 sanctusne
1207 2944 1288 2988 cst
1319 2935 1577 3005 gentilis?
1603 2934 1946 3006 Nequaquam
1975 2952 1986 2987 :
2023 2950 2128 2987 non

544 3025 688 3080 enim
717 3025 868 3092 dixit,
892 3023 1120 3080 Sanctus
1144 3033 1255 3091 est;
1283 3026 1400 3092 sed,
1426 3027 1789 3094 Sanctiﬁcatus
1806 3035 1876 3080 est
1898 3043 1988 3096 per
2004 3041 2132 3078 utro-

547 3135 672 3170 rem.
708 3115 819 3170 floc
849 3131 1010 3186 porro
1032 3115 1185 3183 dixit,
1214 3133 1318 3171 non
1355 3125 1410 3171 ut
1435 3125 1676 3171 sanctum
1707 3118 1854 3172 illum
1884 3116 2128 3172 declara-

547 3218 650 3275 ret,
669 3209 762 3264 sed
784 3220 836 3262 ut
852 3208 977 3263 hinc
995 3211 1355 3280 magisuxoris
1372 3221 1570 3266 metum
1587 3211 1900 3280 depelleret,
1926 3211 2098 3280 ipsum
2115 3240 2132 3253 -

547 3317 651 3371 que
673 3300 741 3354 ad
775 3301 1012 3356 veritatis
1053 3301 1375 3356 desiderium
1407 3301 1700 3357 induceret.
1732 3301 1846 3358 Non
1893 3303 2034 3357 enim
2082 3303 2131 3356 in

547 3391 863 3462 corporibus
891 3392 1191 3463 conjugatis
1215 3401 1298 3448 est
1327 3393 1659 3448 imtnunditia
1681 3435 1696 3460 ,
1748 3393 1842 3448 sed
1871 3394 1922 3447 in
1966 3395 2135 3448 libero

549 3483 771 3538 arbitrio
797 3492 850 3539 et
877 3485 1310 3555 cogitationibus.
1346 3485 1482 3540 Hinc
1503 3486 1743 3555 sequitur
1766 3485 2030 3555 probatio.
2079 3487 2134 3541 Si

553 3576 693 3630 enim
715 3574 987 3630 immunda
1015 3589 1238 3630 manens
1259 3575 1467 3647 gignis;
1500 3576 1671 3631 infans
1699 3585 1876 3631 autem
1923 3592 2026 3630 non
2058 3586 2137 3630 est

553 3683 618 3722 ex
661 3679 710 3723 te
737 3669 884 3732 sola;
931 3668 1241 3723 immundus
1267 3678 1504 3739 ergatest
1550 3669 1743 3732 infans,
1777 3678 1867 3722 aut
1891 3683 1952 3724 ex
1981 3669 2140 3722 dimi-

554 3761 640 3815 dia
673 3770 822 3830 parte
868 3761 1100 3816 mundus
1129 3779 1142 3814 :
1177 3777 1316 3818 nunc
1345 3773 1520 3818 autem
1551 3778 1654 3816 non
1681 3772 1763 3818 est
1812 3763 2140 3818 immundus.

561 3853 791 3923 ideoque
826 3853 1132 3923 subjungit:
1151 3854 1391 3922 Alioquin
1412 3855 1504 3923 ﬁlii
1524 3855 1670 3908 vestri
1692 3854 1937 3908 immundi
1955 3863 2138 3918 essent;

557 3960 689 3998 nunc
717 3954 884 3997 autem
911 3946 1076 3999 sancti
1099 3954 1253 4010 sunt;
1283 3945 1332 3999 id
1355 3953 1458 4009 est,
1479 3961 1585 3998 non
1603 3945 1880 4000 immundi.
1900 3944 1991 3999 Ille
2015 3960 2142 3999 vero

556 4045 770 4091 sanctos
787 4037 929 4107 ipsos
945 4037 1177 4104 vocavit,
1195 4046 1252 4090 ut
1268 4038 1315 4090 vi
1337 4037 1618 4092 verborum
1639 4037 1940 4106 hujusmodi
1964 4038 2142 4106 suspi-

557 4129 729 4182 cionis
752 4137 950 4184 metum
977 4129 1302 4184 eliminaret.
1336 4131 1421 4185 15.
1456 4130 1516 4185 Si
1541 4142 1706 4184 autem
1728 4130 1950 4198 inﬁdelis
1979 4129 2143 4182 disce-

563 4222 660 4286 dit,
690 4221 934 4276 discedat.
963 4221 1060 4276 Hic
1082 4222 1225 4278 enim
1256 4221 1394 4276 nulla
1423 4232 1507 4276 est
1535 4222 1834 4277 fornicatio.
1881 4221 2017 4288 Quid
2046 4222 2143 4275 sibi

569 4313 681 4366 vult
709 4321 886 4367 autem
933 4312 1063 4368 illud
1094 4331 1106 4366 :
1138 4311 1373 4382 Inﬁdelis
1408 4314 1450 4367 si
1478 4313 1686 4366 discedit
1717 4323 1805 4367 aut
1841 4313 2147 4382 separatur?

573 4405 730 4461 Verbi
762 4406 928 4477 gratia
961 4406 1006 4461 si
1036 4417 1085 4461 te
1109 4405 1262 4476 jubet
1281 4405 1584 4461 sacriﬁcare
1611 4415 1703 4459 aut
1728 4405 1927 4460 sociam
1961 4406 2150 4473 impie-

567 4499 692 4553 tatis
722 4513 845 4554 esse
871 4506 1092 4568 promer
1132 4499 1482 4563 connubium,
1511 4499 1592 4551 vel
1621 4497 1931 4558 discedere;
1961 4498 2151 4551 melius

567 4599 652 4643 est
689 4589 951 4658 disrumpi
1001 4588 1349 4656 connubium,
1403 4603 1563 4658 quam
1621 4589 1760 4658 piam
1812 4587 2150 4658 religionem.

568 4679 902 4748 Quapropter
953 4679 1137 4734 subdit
1165 4695 1178 4731 :
1215 4677 1336 4732 Non
1367 4680 1500 4734 enim
1529 4680 1757 4734 servituti
1786 4660 2036 4741 subiectus
2076 4692 2153 4734 est

571 4772 730 4838 frater
757 4778 844 4823 aut
869 4786 1017 4824 soror
1040 4770 1092 4823 in
1129 4770 1378 4841 ejusmodi
1407 4772 1571 4826 rebus.
1603 4770 1658 4828 Si
1689 4771 1926 4840 quotidie
1973 4787 2034 4828 ea
2088 4774 2157 4828 de

573 4876 736 4916 causa
764 4871 965 4932 pugnet
993 4872 1042 4917 et
1091 4862 1287 4917 bellum
1317 4873 1565 4929 moveat,
1598 4864 1788 4934 inquit,
1845 4866 2036 4921 melius
2076 4877 2158 4921 est

573 4953 834 5023 separari.
875 4953 987 5010 Hoc
1015 4957 1158 5010 enim
1189 4956 1630 5012 subindicatcum
1677 4959 1840 5013 dicit:
1870 4957 1938 5012 In
1983 4977 2157 5029 pacem

571 5058 744 5100 autem
774 5050 963 5102 vocavit
1001 5066 1092 5104 nos
1123 5049 1281 5105 Deus.
1334 5050 1428 5107 Ille
1457 5052 1596 5106 enim
1638 5052 1748 5122 jam
1776 5069 1991 5110 causam
2021 5070 2162 5125 pra:-

578 5137 712 5202 buit,
745 5148 802 5193 ut
828 5140 872 5194 is
896 5142 985 5211 qui
1015 5141 1307 5199 fornicatus
1335 5153 1437 5199 est.
1468 5144 1551 5199 i6.
1581 5145 1716 5212 Quid
1743 5148 1875 5200 enim
1893 5149 2011 5214 scis,
2043 5165 2158 5200 mu-

577 5229 692 5292 lier.
733 5231 777 5285 si
817 5233 977 5285 virum
1025 5236 1221 5289 salvum
1252 5236 1444 5306 facies?
1491 5237 1602 5291 Hoc
1652 5237 1882 5294 refertur
1910 5241 1975 5294 ad
2008 5240 2158 5306 illud,

583 5320 668 5376 Ne
697 5322 913 5376 dimittat
942 5325 1129 5392 ipsum.
1161 5326 1292 5380 Nam
1324 5341 1368 5383 SI
1411 5329 1592 5384 turbas
1623 5347 1728 5386 non
1752 5341 1950 5398 movet,
1980 5347 2158 5397 mane,

577 5413 788 5484 inquit;
823 5415 946 5469 hinc
994 5418 1134 5471 enim
1163 5419 1367 5474 lucrum
1399 5423 1660 5488 refertur;
1711 5441 1883 5490 mane,
1921 5425 2160 5488 hortare.

577 5505 860 5562 consilium
882 5506 1007 5562 dato
1024 5518 1075 5563 et
1094 5511 1381 5578 persuade:
1401 5515 1576 5568 nullus
1593 5517 1731 5571 enim
1755 5519 1942 5572 doctor
1962 5527 2161 5572 tantum

582 5601 798 5667 poterit,
826 5608 1084 5671 quantum
1110 5618 1262 5656 uxor.
1286 5603 1469 5673 Neque
1503 5607 1727 5677 imponit
1760 5611 1835 5664 illi
1870 5611 2163 5664 necessita-

583 5698 714 5754 tem,
741 5707 913 5763 neque
937 5708 1049 5747 rem
1081 5698 1149 5745 ab
1181 5696 1267 5750 illa
1287 5698 1470 5767 exigit,
1503 5715 1568 5753 ne
1599 5703 1810 5770 gravius
1833 5717 1967 5756 onus
1997 5704 2166 5770 impo-

585 5785 692 5843 nat,
719 5780 976 5856 iubetque
1001 5802 1066 5840 ne
1105 5787 1386 5856 desperet;
1412 5791 1504 5846 sed
1541 5807 1650 5846 rem
1690 5794 1739 5846 in
1776 5793 1948 5869 futuro
1981 5794 2158 5850 incer-

1268 338 1324 394 S.
1362 329 1640 392 JOANNIS
1677 313 2149 383 CIIRYSOSTOMI
2190 313 2505 374 ARCHIEP.
2549 316 3079 382 CONSTANTINOP.

3715 318 3804 374 156

2223 440 2328 488 tam
2358 448 2411 492 et
2441 455 2754 511 suspensam
2787 450 3056 522 relinquit,
3089 453 3274 509 dicens
3305 473 3319 511 :
3357 455 3501 522 Quid
3531 456 3663 510 enim
3695 457 3805 519 scis.

2219 529 2419 596 mulier,
2470 535 2515 587 si
2545 538 2703 591 rirum
2750 542 2945 596 salvum
2971 545 3129 612 facies
3155 546 3181 599 .’
3207 558 3297 601 aut
3327 551 3455 619 quid
3497 552 3617 615 scis,
3641 555 3713 606 vir
3731 597 3746 620 ,
3767 557 3807 610 si

2219 623 2479 678 mulierem
2505 629 2694 682 salvam
2726 631 2920 699 facies?
2945 645 2999 689 et
3037 653 3245 693 rursum
3282 657 3296 692 :
3335 641 3425 694 Π.
3461 641 3582 695 Nisi
3611 645 3806 698 unicui-

2217 729 2313 781 que
2355 717 2482 769 sicut
2511 719 2678 774 divisit
2713 722 2872 791 Deus,
2903 744 3303 799 unumquemque
3332 733 3470 786 sicut
3498 736 3690 789 uocauit
3713 735 3806 791 Do-

2221 807 2404 870 minus,
2429 811 2501 862 ita
2527 813 2634 881 ipse
2649 816 2886 871 ambulet.
2914 821 2998 875 18.
3021 823 3366 879 Circumcisus
3389 839 3596 883 uocatus
3618 841 3688 884 est
3713 830 3803 884 ali-

2219 902 2372 969 quis?
2411 921 2510 958 non
2564 908 2787 963 adducat
2843 917 3164 983 pravputium.
3216 918 3282 972 In
3330 923 3586 990 praeputio
3635 924 3806 992 aliquis

2221 1004 2425 1047 vocatus
2451 999 2560 1051 est?
2585 1017 2684 1053 non
2729 1005 3137 1063 circumcidatur.
3188 1011 3270 1065 l9.
3306 1011 3646 1068 Circumcisio
3690 1018 3806 1069 nihil

2221 1092 2314 1147 est,
2343 1095 2388 1136 et
2415 1090 2719 1156 prcrputium
2743 1094 2874 1147 nihil
2892 1107 3000 1161 est;
3025 1099 3114 1151 sed
3151 1100 3439 1155 observatio
3462 1105 3805 1158 mandatorum

2227 1173 2336 1227 Dei.
2365 1176 2455 1230 ‘20.
2502 1178 2858 1253 Unusquisque
2895 1189 2948 1240 in
2975 1206 3074 1258 qua
3103 1194 3365 1246 vocatione
3393 1206 3602 1250 vocatus
3627 1208 3715 1264 est,
3759 1203 3802 1252 in

2221 1283 2280 1319 ea
2308 1284 2616 1337 permaneat.
2647 1275 2732 1328 ‘Zl.
2761 1275 2949 1334 Servus
2974 1294 3174 1337 uocatus
3215 1286 3308 1338 es?
3332 1303 3435 1339 non
3463 1289 3526 1341 sit
3551 1291 3636 1342 tibi
3660 1306 3802 1344 curre.

2225 1358 2350 1414 llaec
2379 1363 2442 1414 ad
2479 1364 2638 1419 ﬁdem
2665 1369 2793 1422 nihil
2817 1371 3134 1440 conferunt,
3168 1377 3346 1448 inquit
3385 1398 3399 1433 :
3446 1397 3513 1433 ne
3542 1399 3665 1453 ergo
3687 1401 3803 1439 con-

2227 1453 2413 1545 tendas
2443 1471 2613 1526 neque
2637 1461 2867 1516 turberis
2897 1481 2909 1516 :
2943 1464 3072 1520 ﬁdes
3102 1469 3241 1522 enim
3275 1470 3395 1526 hcce
3431 1475 3610 1526 omnia
3639 1477 3801 1545 ejecit.

2229 1541 2582 1616 Unusquisque
2611 1550 2661 1602 in
2691 1567 2790 1620 qua
2820 1557 3075 1611 vocatione
3102 1570 3310 1615 vocatus
3333 1572 3429 1624 est,
3456 1565 3507 1617 in
3541 1581 3598 1618 ea
3623 1582 3803 1636 perma-

2225 1646 2360 1688 neat.
2423 1638 2655 1694 Uxorem
2703 1644 2904 1699 habens
2954 1649 3219 1704 inﬁdelem
3267 1666 3493 1710 vocatus
3522 1658 3620 1711 es?
3666 1674 3803 1714 mane

2226 1739 2348 1779 cum
2379 1727 2467 1782 illa
2501 1747 2514 1784 :
2543 1747 2609 1786 ne
2650 1744 2869 1804 pmpter
2899 1737 3056 1793 ﬁdem
3084 1741 3268 1810 ejzcias
3322 1761 3572 1800 uxorem.
3623 1748 3803 1803 Servus

2227 1829 2444 1873 vocatus
2471 1823 2569 1875 es?
2599 1840 2666 1878 ne
2696 1827 2765 1881 sit
2814 1829 2906 1881 tibi
2937 1845 3080 1887 cura:
3109 1851 3120 1885 :
3147 1849 3341 1890 servus
3374 1853 3553 1892 mane.
3603 1839 3802 1909 Priapu-

2230 1911 2358 1964 tium
2409 1911 2612 1970 habens
2665 1919 2974 1975 credidisti?
3020 1939 3140 1978 eum
3186 1930 3456 1996 prmputio
3495 1946 3664 1987 mane.
3693 1931 3800 1987 Cir-

2228 2004 2496 2059 cumcisus
2512 2009 2782 2064 credidisti
2804 2012 2826 2063 ?
2845 2029 3000 2069 mane
3022 2018 3398 2074 circumcisus.
3425 2022 3535 2075 lloc
3561 2023 3696 2076 enim
3713 2024 3801 2078 sibi

2229 2094 2338 2148 vult
2358 2095 2484 2149 illud
2514 2114 2528 2149 :
2569 2098 2919 2170 Unusquisque
2940 2107 3066 2158 sicut
3083 2107 3253 2161 divisit
3282 2108 3442 2163 Deus.
3478 2112 3600 2166 Haec
3626 2113 3800 2182 quippe

2231 2205 2336 2242 non
2380 2201 2508 2244 sunt
2534 2193 2911 2262 impedimenta
2955 2197 3021 2252 ad
3061 2200 3338 2268 pietatem.
3375 2203 3454 2257 Tu
3489 2221 3610 2259 cum
3636 2221 3802 2261 servus

2231 2294 2400 2344 esses,
2434 2293 2652 2339 vocatus
2689 2299 2748 2338 es
2781 2303 2793 2336 :
2838 2287 2976 2343 alius
3015 2305 3237 2345 uxorem
3273 2291 3484 2350 habens
3513 2295 3798 2362 infidelem,

2231 2374 2366 2427 alius
2405 2375 2770 2434 circumcisus.

2301 2473 2353 2525 4.
2389 2474 2576 2542 Pame
2605 2475 2814 2528 ubinam
2845 2479 3158 2532 servitutem
3187 2480 3412 2548 posuit?
3435 2480 3504 2537 Ut
3530 2480 3652 2535 nihil
3670 2481 3800 2551 jurat

2231 2567 2606 2631 circumcisio,
2655 2566 2908 2652 nihilque‘
2935 2579 3089 2622 nocet
3133 2572 3488 2639 praeputium,
3536 2573 3610 2627 sic
3651 2587 3798 2640 neque

2233 2657 2467 2712 servitus
2496 2672 2667 2727 neque
2696 2657 2932 2712 libertas.
2971 2658 3140 2728 thue
3169 2660 3302 2715 illud
3334 2663 3532 2717 clarius
3561 2678 3620 2717 ex
3645 2661 3795 2714 abun-

2232 2747 2410 2802 dantia
2456 2747 2731 2811 ostendat,
2763 2749 2837 2800 ait
2868 2767 2880 2802 :
2914 2750 3018 2802 Sed
3049 2751 3093 2802 si
3135 2761 3279 2818 potes
3320 2754 3436 2820 ﬁeri
3475 2753 3621 2817 liber,
3661 2752 3798 2820 magis

2233 2851 2412 2904 utere;
2446 2839 2544 2894 hoc
2574 2849 2674 2900 est,
2709 2839 2874 2909 magis
2899 2842 3120 2894 servias.
3152 2840 3221 2895 Et
3246 2859 3345 2896 cur
3367 2859 3513 2907 eum,
3541 2844 3624 2913 qui
3654 2841 3797 2911 possit

2236 2932 2371 2988 liber
2399 2931 2538 2986 efﬁci
2565 2973 2578 2996 ,
2609 2932 2760 3001 jubet
2790 2947 3003 2987 servum
3047 2935 3315 2989 manere?
3347 2936 3411 2991 Ut
3441 2938 3678 2990 ostendat
3702 2949 3796 2986 Sor-

2239 3034 2492 3091 virtutem
2521 3032 2655 3086 nihil
2677 3031 2889 3095 laedere,
2915 3030 3026 3084 imo
3049 3029 3332 3100 prodesse.
3359 3028 3470 3083 Nec
3496 3029 3675 3098 ignoro
3696 3025 3797 3094 qui-

2241 3125 2361 3180 dem
2394 3122 2658 3194 quosdam
2689 3136 2811 3177 esse
2838 3121 2930 3190 qui
2964 3119 3119 3183 illud,
3153 3117 3330 3186 Magis
3368 3128 3530 3181 utere,
3556 3117 3619 3171 de
3655 3116 3795 3168 liber-

2243 3225 2356 3270 tate
2385 3216 2589 3268 dictmn
2621 3229 2746 3269 esse
2774 3220 2988 3282 putent,
3027 3210 3276 3264 dicentes
3307 3228 3319 3262 :
3359 3208 3415 3260 Si
3460 3218 3627 3276 potes,
3654 3207 3796 3260 liber-

2243 3315 2406 3362 tatem
2447 3305 2764 3374 adipiscere.
2797 3301 2902 3357 Sed
2935 3301 3084 3355 Pauli
3121 3315 3295 3369 sc0po
3332 3299 3489 3354 valde
3515 3298 3792 3368 oppositum

2240 3408 2386 3454 esset
2423 3399 2525 3453 hoc
2549 3398 2775 3458 dictum,
2805 3395 2852 3449 si
2894 3394 2997 3448 hoc
3035 3392 3434 3447 subindicaret.
3467 3391 3644 3461 Neque
3669 3389 3790 3444 enim

2242 3491 2352 3551 ille,
2395 3491 2522 3544 dum
2573 3503 2790 3543 servum
2839 3485 3154 3540 consolatur
3194 3483 3442 3555 dicitque
3474 3483 3642 3554 ipsum
3677 3479 3789 3534 nihil

2243 3581 2383 3646 latdi,
2412 3582 2625 3651 juberet
2653 3597 2775 3635 eum
2806 3579 3111 3633 libertatem
3147 3576 3406 3646 adipisci.
3443 3576 3647 3631 Diceret
3667 3572 3786 3628 enim

2243 3672 2475 3727 fortasse
2505 3671 2774 3742 quispiam
2809 3688 2821 3723 :
2855 3668 2997 3735 Quid
3031 3667 3220 3738 igitur,
3252 3669 3297 3722 si
3344 3684 3450 3723 non
3493 3667 3702 3738 possim,
3727 3678 3782 3715 an

2244 3761 2444 3831 injuria
2480 3763 2561 3816 vel
2587 3762 2787 3816 damno
2814 3759 3058 3814 alliciar?

2317 3866 2382 3913 1η
2408 3861 2488 3923 iis,
2511 3875 2623 3930 qum
2643 3859 2711 3913 ad
2734 3858 2987 3913 Christum
3015 3868 3242 3929 spectant
3272 3873 3443 3911 servus
3471 3864 3513 3909 et
3543 3853 3657 3905 liber
3677 3859 3795 3916 para

2248 3965 2386 4011 sunt.
2413 3984 2485 3994 —
2510 3953 2622 4008 Non
2653 3952 2755 4008 hoc
2782 3967 2909 4022 ergo
2939 3951 3103 4013 dicit;
3136 3951 3230 4004 sed
3264 3961 3320 4003 ut
3349 3961 3507 4018 supra
3537 3937 3789 4014 explicavi.

2250 4047 2535 4102 ostenlere
2563 4045 2765 4107 volens,
2799 4043 2928 4097 nihil
2958 4043 3073 4115 plus
3100 4044 3378 4098 accedere.
3412 4042 3454 4094 si
3489 4039 3616 4093 liber
3633 4028 3799 4089 efﬁcia-

2255 4149 2360 4203 tur,
2391 4139 2463 4192 ait
2489 4156 2500 4190 :
2531 4137 2747 4191 Etiamsi
2777 4151 2942 4206 penes
2964 4144 3014 4190 te
3042 4145 3201 4200 esset,
3231 4144 3288 4189 ut
3314 4135 3604 4188 libertatem
3628 4123 3803 4187 πάνθ’

2254 4245 2362 4292 res,
2391 4243 2576 4283 servus
2607 4228 2778 4294 potius
2807 4235 3040 4282 maneto.
3069 4227 3271 4281 Deinde
3292 4239 3504 4279 causam
3527 4210 3794 4285 subjuttgilt

2254 4321 2343 4375 2'2.
2380 4322 2480 4389 Qui
2507 4322 2638 4374 enim
2667 4321 2719 4374 in
2749 4318 2968 4373 Domino
2999 4329 3201 4373 vocatus
3229 4329 3302 4372 est
3328 4332 3514 4378 servus,
3543 4310 3725 4365 libertus
3742 4306 3799 4352 et!

2256 4415 2466 4470 Domini
2497 4435 2513 4468 .·
2541 4415 2772 4470 similiter
2797 4415 2879 4483 qui
2913 4413 3037 4466 liber
3063 4423 3268 4465 vocatus
3294 4421 3385 4474 est,
3409 4421 3571 4463 servus
3591 4410 3656 4455 est
3674 4394 3792 4452 Chri-

2259 4513 2342 4566 sti.
2378 4510 2432 4564 ln
2467 4511 2529 4564 iis
2559 4509 2700 4562 enim
2721 4549 2734 4572 ,
2767 4522 2884 4578 quae
2925 4508 2989 4561 ad
3019 4506 3289 4562 Christum
3332 4510 3564 4572 spectant
3585 4540 3599 4560 ,
3630 4490 3797 4586 inquit.

2260 4604 2418 4658 ambo
2448 4610 2573 4656 sunt
2603 4615 2756 4670 pares
2788 4617 2800 4655 :
2831 4600 3078 4653 similiter
3107 4608 3160 4652 et
3199 4607 3252 4652 tu
3287 4595 3481 4652 Christi
3514 4601 3711 4644 servus,
3739 4593 3799 4670 εις

2264 4695 2458 4750 militer
2480 4692 2642 4746 herus
2665 4701 2804 4745 tuus.
2827 4689 3106 4758 Quomodo
3135 4703 3263 4758 ergo
3279 4700 3460 4742 servus
3483 4689 3560 4736 est
3581 4665 3799 4731 libertus?

2266 4785 2395 4853 Quia
2438 4783 2680 4838 liberavit
2713 4792 2764 4836 te
2786 4823 2798 4844 ,
2834 4796 2937 4836 non
2982 4790 3184 4834 tantum
3216 4795 3245 4833 a
3275 4784 3488 4848 peccato
3511 4813 3524 4833 ,
3555 4767 3639 4822 sed
3669 4762 3798 4860 etiam

2264 4879 2330 4932 ab
2359 4886 2575 4932 externa
2608 4876 2886 4936 servitute.
2915 4873 3041 4938 dum
3071 4887 3255 4927 manes
3277 4883 3479 4926 servus.
3502 4863 3667 4929 Ne‘lue
3686 4861 3800 4907 ⁰¹¹¹¹η

2266 4982 2480 5022 servum
2509 4965 2634 5020 sinit
2658 4979 2776 5020 esse
2801 4979 3035 5022 servum.
3064 4980 3233 5032 neque
3256 4960 3517 5015 hominem
3541 4951 3800 5006 manentem

2269 5061 2320 5114 in
2352 5059 2607 5113 servitute
2632 5075 2644 5112 :
2671 5058 2774 5114 hoc
2797 5059 2938 5112 enim
2969 5057 3212 5111 mirabile
3234 5065 3337 5111 est.
3367 5053 3428 5106 Et
3448 5040 3695 5119 quomodo
3713 5045 3801 5086 ser-

2268 5166 2368 5206 vus
2397 5151 2532 5206 liber
2557 5161 2654 5216 est,
2688 5165 2910 5204 manens
2940 5150 3162 5203 servus?
3185 5146 3404 5216 Quando
3427 5143 3490 5196 ab
3513 5131 3661 5192 animi
3687 5137 3802 5224 mor-

2271 5244 2351 5298 bis
2372 5253 2426 5298 et
2445 5243 2724 5298 affectibus
2751 5243 3039 5296 liberatur:
3060 5242 3272 5310 quando
3293 5237 3498 5292 divitias
3519 5221 3800 5316 contemnitt

2273 5336 2405 5389 iram
2433 5345 2763 5404 cmterosque
2787 5334 2953 5388 animi
2980 5341 3172 5387 tnotus.
3203 5334 3290 5386 ‘23.
3328 5328 3493 5382 Pretio
3517 5315 3658 5386 empti
3673 5313 3800 5404 εειίξξ

2274 5427 2428 5480 nolite
2454 5426 2565 5493 fieri
2593 5402 2720 5478 serui
2747 5425 3025 5478 hominum.
3058 5424 3167 5478 Hoc
3193 5424 3388 5477 dictum
3417 5425 3511 5477 εει,
3542 5423 3636 5464 non
3662 5402 3798 5495 sertis

2277 5518 2454 5580 modo,
2487 5518 2579 5574 sed
2615 5519 2773 5572 etiam
2809 5519 3011 5573 liberis.
3058 5518 3238 5573 Potest
3264 5516 3400 5570 enim
3431 5508 3512 5577 qui
3534 5506 3704 5556 servus
3726 5493 3796 5540 Sit.

2278 5629 2382 5667 non
2409 5627 2528 5666 esse
2558 5625 2748 5664 servus
2771 5651 2785 5675 ,
2819 5620 2874 5665 et
2907 5612 2996 5679 qui
3043 5611 3208 5676 liber,
3236 5621 3419 5663 servus
3448 5612 3575 5656 esse.
3609 5589 3663 5642 Εῑ
3689 5589 3791 5650 ‘l'm'

2278 5703 2436 5758 modo
2459 5705 2545 5772 qui
2577 5717 2761 5757 servus
2791 5712 2892 5768 est,
2918 5719 3102 5757 servus
3135 5719 3236 5755 non
3265 5699 3368 5754 sit?
3393 5687 3598 5761 Quando
3622 5678 3797 5772 [πθνξξτ

2275 5798 2442 5853 Deum
2489 5778 2670 5852 omina
2712 5795 2930 5861 fecerit,
2965 5796 3175 5868 quando
3220 5807 3321 5849 non
3362 5782 3588 5844 simulate
3624 5768 3794 5835 03"",
