3992 6420
169 348 249 406 15'!
1204 345 1270 403 IN
1309 343 1528 403 EPIST.
1569 341 1588 398 1
1652 341 1744 398 AD
1781 339 1940 398 COR.
1983 342 2209 402 HOMIL.
2253 346 2396 402 XIX.

175 460 352 538 quando
377 476 497 519 non
527 463 606 520 ad
640 465 870 522 oculum
896 460 1136 518 servierit
1164 479 1175 514 :
1205 459 1308 515 hoc
1334 469 1418 517 est
1457 457 1762 514 hominibus

181 556 351 614 servire
375 597 390 620 ,
424 563 486 611 et.
529 570 668 611 use
706 555 958 611 liberum.
988 551 1054 607 Et
1089 550 1358 622 quomodo
1386 564 1598 606 rursum
1628 547 1766 604 liber

180 663 281 705 cum
300 645 371 703 sit
397 647 710 717 quispiam,
742 660 932 701 servus
958 643 1223 701 efﬁcitur?
1252 641 1478 711 Quando
1503 641 1640 713 apud
1669 640 1768 695 bo-

188 740 336 796 mines
361 736 575 793 malum
608 737 728 792 obit
757 735 1109 791 ministerium
1129 777 1145 801 ,
1178 743 1271 789 aut
1306 743 1527 804 pr0pter
1549 732 1725 804 gulam
1747 773 1763 800 ,

182 839 258 887 aut
284 837 510 899 propter
535 827 890 897 pecuniarum
918 825 1284 896 cupiditatem,
1316 834 1408 879 aut
1431 834 1650 895 propter
1672 838 1764 893 po-

187 901 408 980 tentiam.
432 920 573 976 Nam
599 920 692 991 qui
720 919 839 974 talis
865 928 967 984 est,
997 919 1096 973 etsi
1129 918 1282 983 liber,
1317 919 1487 973 servis
1516 917 1769 971 omnibus

180 1016 459 1073 demissior
483 1022 590 1070 est.
626 1014 753 1069 Hac
779 1012 933 1068 ambo
959 1011 1242 1068 considera
1274 1031 1287 1066 :
1315 1027 1506 1066 servus
1530 1021 1644 1067 erat
1671 1010 1766 1065 Jo-

174 1109 321 1180 seph,
346 1106 445 1163 sed
479 1121 588 1162 non
618 1105 892 1160 hominum
920 1119 1110 1159 servus
1140 1123 1154 1159 :
1182 1103 1408 1172 ideoque
1433 1104 1484 1158 in
1512 1103 1770 1158 servitute

173 1203 470 1257 liberorum
500 1199 741 1254 omnium
777 1197 1078 1252 liberrimus
1103 1205 1238 1253 erat.
1269 1196 1424 1252 Hera:
1455 1197 1630 1268 itaque
1662 1212 1769 1251 non

168 1293 356 1356 cessit,
388 1292 460 1346 ad
488 1290 795 1362 cupidinem
826 1304 974 1344 suam
1003 1288 1259 1344 famulum
1287 1289 1602 1358 impellenti.
1631 1289 1770 1344 Rur-

167 1399 285 1440 sum
317 1383 412 1438 illa
446 1383 616 1438 libera
652 1391 804 1446 erat,
845 1381 938 1436 sed
978 1383 1151 1438 servis
1180 1382 1428 1438 omnibus
1464 1383 1767 1451 demissior,

167 1490 291 1544 qua:
337 1474 548 1529 famulo
594 1474 907 1529 adulabatur
948 1475 1228 1545 ipsumque
1272 1475 1631 1545 provocabat;
1674 1476 1770 1531 sed

164 1567 342 1622 libero
384 1582 498 1621 non
539 1567 803 1637 persuasit
830 1577 884 1621 ut
924 1567 973 1621 id
1009 1566 1208 1622 faceret
1242 1566 1386 1637 quod
1425 1567 1610 1622 nollet.
1653 1567 1769 1623 Non

166 1673 300 1729 ergo
339 1661 583 1715 servitus
623 1659 710 1714 illa
745 1669 893 1723 erat,
927 1659 1022 1715 sed
1057 1673 1306 1730 suprema
1351 1659 1570 1714 libertas
1602 1677 1615 1713 :
1645 1660 1770 1731 quid

169 1754 314 1806 enim
349 1753 430 1806 illi
459 1753 528 1807 ad
556 1753 804 1808 virtutem
836 1751 1218 1822 impedimento
1247 1752 1347 1808 fuit
1376 1753 1642 1808 servitus?
1663 1754 1770 1808 Au-

169 1847 326 1901 diant
365 1846 512 1899 servi
540 1855 594 1900 et
635 1843 786 1900 liberi
818 1862 830 1896 ς
858 1845 977 1914 quis
1007 1844 1260 1912 servivit,
1292 1844 1381 1915 qui
1417 1855 1635 1916 rogatus
1664 1852 1768 1911 est,

173 1953 241 1990 an
269 1953 398 2008 quae
430 1937 681 2007 rogavit?
706 1953 822 2007 quae
853 1937 1204 2006 supplicavit,
1235 1953 1303 1992 an
1332 1938 1422 2008 qui
1465 1939 1771 2008 supplican~

175 2039 284 2083 tem
306 2027 592 2097 despexit?
613 2027 746 2084 Sunt
767 2029 908 2084 enim
932 2030 1144 2084 termini
1174 2030 1344 2085 servis
1372 2047 1400 2083 a
1434 2031 1542 2086 Deo
1571 2031 1728 2100 positi
1754 2047 1766 2084 :
1800 2072 1808 2081 .

177 2132 231 2176 et
259 2137 543 2192 quousque
568 2137 663 2178 eos
702 2121 913 2178 modum
944 2138 1160 2177 servare
1189 2133 1434 2193 oporteat
1458 2167 1472 2188 ,
1514 2133 1772 2178 statutum

177 2221 262 2266 est
291 2211 344 2266 in
377 2212 607 2281 legibus,
636 2227 770 2283 quas
799 2213 1142 2284 prastergredi
1167 2231 1272 2269 non
1305 2215 1446 2270 licet.
1472 2213 1604 2270 Cum
1627 2215 1770 2270 enim

181 2301 346 2358 herus
376 2304 510 2359 nihil
542 2306 781 2376 praecipit
805 2305 946 2376 quod
981 2306 1090 2360 Deo
1114 2305 1426 2376 displiceat,
1461 2317 1587 2364 tunc
1611 2309 1772 2364 obse-

183 2395 277 2464 qui
306 2403 359 2450 et
387 2410 582 2465 parere
621 2396 697 2451 illi
737 2408 987 2467 oportet;
1024 2398 1248 2454 ulterius
1283 2410 1460 2454 autem
1503 2402 1724 2456 minime
1754 2418 1769 2456 :

185 2487 265 2540 sie
306 2485 444 2541 enim
491 2502 677 2542 servus
723 2487 857 2543 liber
898 2488 1143 2545 efﬁcitur.
1184 2491 1242 2546 Si
1294 2493 1429 2546 ultra
1476 2493 1770 2562 procedas,

187 2578 392 2635 etiamsi
421 2577 556 2633 liber
599 2579 699 2644 sis,
728 2592 916 2633 servus
940 2578 1159 2635 enectus
1187 2595 1267 2636 es.
1300 2581 1412 2637 Hoc
1441 2581 1618 2654 itaque
1645 2584 1773 2640 sub-

192 2671 386 2726 indicat
412 2685 535 2725 cum
562 2670 692 2724 dicit
725 2691 738 2723 :
777 2669 948 2725 Nolite
972 2672 1086 2739 ﬁeri
1115 2673 1245 2726 servi
1284 2672 1567 2729 hominum.
1596 2673 1651 2730 Si
1681 2689 1777 2729 au-

195 2771 294 2816 tem
322 2776 429 2815 non
459 2762 531 2814 ita
561 2760 662 2827 sit,
690 2769 740 2815 et
768 2761 811 2815 si
841 2760 1000 2829 jussit
1026 2761 1186 2816 heros
1218 2763 1522 2833 relinquere
1541 2807 1556 2829 ,
1589 2773 1644 2818 et
1679 2780 1776 2835 pro

196 2851 520 2923 assequenda
554 2851 797 2906 libertate
835 2853 1183 2919 contendere,
1212 2854 1482 2922 quomodo
1521 2855 1772 2912 hortaba-

197 2952 274 2996 tur
298 2943 482 2998 dieens
505 2959 520 2996 :
549 2941 902 3013 Unusquisque
927 2944 980 2996 in
1007 2945 1103 2998 hoc
1124 2953 1347 3013 maneat,
1369 2947 1423 2999 in
1445 2963 1544 3017 quo
1571 2956 1777 3001 uocatus

188 3044 258 3087 est
282 3035 306 3087 .’
331 3042 386 3087 et
415 3032 538 3087 alibi
572 3050 587 3086 τ
623 3033 933 3103 Quicumque
965 3043 1080 3088 sunt
1105 3034 1196 3088 sub
1216 3038 1347 3108 jugo
1373 3039 1524 3104 serui,
1547 3038 1778 3093 dominos

186 3141 309 3178 suos
338 3127 475 3178 omni
497 3125 689 3179 honore
713 3126 892 3196 dignos
911 3139 1166 3195 censeant,
1191 3138 1239 3183 et
1266 3147 1368 3184 non
1389 3129 1667 3201 despiciant
1693 3134 1779 3202 qui

187 3217 364 3285 ﬁdeles
389 3218 570 3271 habent
600 3217 852 3282 dominos,
881 3221 1001 3288 quia
1026 3220 1209 3288 fratres
1237 3231 1353 3275 sunt
1376 3223 1462 3291 qui
1485 3222 1780 3293 beneﬁcium

188 3319 559 3378 costsequuntur
582 3311 629 3380 (l
645 3349 658 3364 .
689 3308 827 3364 Tim.
851 3311 907 3366 6.
936 3312 985 3366 1.
1009 3312 1104 3382 2)?
1131 3313 1196 3367 Et
1224 3313 1471 3383 Ephesiis
1495 3324 1656 3386 atque
1680 3316 1782 3372 Co-

194 3401 527 3458 lossensibus
564 3403 808 3458 scribens
848 3404 1036 3459 eadem
1081 3406 1192 3474 ipsa
1241 3407 1482 3476 prmeipit
1510 3419 1562 3463 et
1596 3410 1783 3464 statuit

197 3491 410 3562 (Ephes.
440 3494 495 3550 6.
525 3494 581 3549 5.
609 3510 782 3565 seqq;
812 3494 922 3550 Col.
951 3495 1004 3552 5.
1031 3494 1149 3562 ‘29.).
1177 3495 1332 3552 Unde
1362 3498 1534 3567 palam
1568 3508 1684 3566 est,
1717 3500 1782 3554 il-

197 3585 302 3640 lum
343 3585 485 3641 hanc
525 3587 836 3641 servitutem
882 3602 987 3641 non
1023 3587 1238 3656 tollere,
1269 3588 1362 3644 sed
1390 3604 1510 3644 eam
1536 3605 1656 3659 qua:
1687 3607 1784 3660 per

201 3677 318 3731 vitia
338 3678 504 3732 etiam
537 3676 732 3732 liberos
761 3677 982 3742 invadit,
1010 3693 1130 3747 quas
1151 3687 1233 3733 est
1256 3679 1594 3749 gravissima,
1621 3681 1783 3736 etiam

196 3769 238 3822 si
267 3768 387 3838 quis
416 3768 553 3823 liber
578 3767 676 3836 ipsi
701 3768 916 3822 serviat.
941 3767 1078 3836 Quid
1101 3770 1244 3824 enim
1275 3769 1461 3825 luerati
1487 3781 1611 3826 sunt
1634 3771 1787 3827 Jose-

196 3857 283 3927 phi
315 3860 540 3923 fratres,
573 3857 725 3914 liberi
752 3873 873 3914 cum
905 3861 1122 3915 essent?
1151 3877 1328 3916 annon
1357 3871 1510 3916 erant
1538 3864 1787 3918 omnibus

195 3952 365 4006 servis
406 3950 745 4015 serviliores,
779 3951 867 4020 qui
906 3952 1044 4021 apud
1083 3961 1287 4022 patrem
1318 3954 1702 4021 mentirentur,
1731 3964 1786 4010 et

197 4043 590 4098 mercatoribus
616 4041 746 4097 falsa
769 4053 1070 4106 narrarent,
1099 4053 1153 4097 ut
1178 4045 1338 4100 etiam
1372 4044 1560 4100 fratri?
1586 4047 1656 4101 At
1680 4063 1785 4102 non

198 4137 313 4191 talis
339 4145 461 4191 erat
492 4135 628 4190 liber
653 4135 762 4198 ille,
793 4135 887 4189 sed
918 4136 1113 4206 ubique
1137 4147 1192 4192 et
1220 4137 1271 4192 iu
1303 4139 1554 4194 omnibus
1583 4156 1740 4195 verax
1771 4159 1784 4195 :

195 4229 438 4299 nihilque
459 4227 611 4282 illum
639 4228 691 4282 in
721 4227 1032 4284 servitutem
1060 4230 1301 4300 redigere
1323 4231 1516 4302 potuit,
1543 4247 1650 4287 non
1673 4234 1790 4287 vin~

195 4319 336 4385 cula,
371 4334 483 4373 non
515 4318 627 4388 ipsa
655 4318 904 4380 servitus,
941 4335 1045 4373 non
1068 4319 1212 4374 herae
1238 4336 1410 4388 amor,
1442 4337 1546 4378 non
1569 4323 1709 4394 quod
1737 4324 1789 4380 in

195 4411 368 4465 aliena
393 4419 540 4465 terra
567 4419 710 4464 esset
732 4428 748 4464 :
770 4410 865 4464 sed
890 4409 1084 4480 ubique
1107 4411 1240 4466 liber
1263 4413 1477 4468 mansit.
1509 4413 1623 4469 lloc
1645 4415 1788 4470 enim

198 4505 436 4559 maxime
480 4501 704 4557 libertas
737 4510 854 4569 est,
885 4503 1099 4574 quando
1123 4520 1186 4559 ea
1217 4509 1268 4558 in
1298 4506 1555 4561 servitute
1579 4523 1792 4580 quoque

203 4597 391 4666 fulget.

271 4688 328 4744 5.
359 4685 515 4742 Talis
542 4700 628 4741 res
654 4693 737 4741 est
762 4684 1200 4740 Christianismus
1229 4704 1242 4741 :
1272 4688 1323 4744 in
1348 4690 1606 4748 servitute
1636 4693 1797 4750 liber-

207 4789 367 4834 tatem
397 4777 673 4847 elargitur.
703 4776 780 4832 Ac
814 4775 954 4831 sicut
982 4791 1179 4847 corpus
1213 4818 1230 4842 ,
1276 4785 1420 4854 quod
1473 4798 1540 4837 ex
1594 4791 1789 4839 natura

220 4869 290 4923 sit
320 4867 674 4931 vulnerabile,
722 4875 849 4922 tunc
887 4867 1278 4922 invulnerabile
1308 4871 1638 4939 ostenditur,
1673 4890 1793 4929 cttm

214 4969 429 5023 excepto
453 4955 562 5009 telo
589 4957 893 5027 nihilgrave
918 4959 1122 5029 patitur
1151 4962 1263 5015 :sic
1283 4963 1516 5033 quivere
1544 4965 1792 5033 liberest,

220 5054 342 5098 tunc
368 5047 486 5102 talis
522 5057 776 5116 apparet,
807 5049 1020 5118 quando
1045 5052 1206 5106 etiam
1236 5069 1356 5108 cum
1399 5054 1558 5112 heros
1596 5057 1792 5124 habet,

216 5139 396 5188 nonin
423 5138 738 5194 servitutem
785 5139 1063 5210 redigitur.
1105 5143 1232 5198 Ideo
1257 5145 1409 5214 jubet
1437 5162 1649 5204 servum
1680 5167 1795 5206 ma-

211 5243 359 5284 nere.
388 5229 440 5286 Si
467 5240 648 5285 autern
676 5232 790 5287 ﬂeri
815 5247 919 5288 non
949 5243 1127 5304 potest
1147 5245 1224 5301 ut,
1254 5253 1376 5294 cum
1402 5241 1472 5294 sit
1496 5255 1702 5309 servus,
1729 5246 1800 5300 sit

207 5320 547 5376 Christianus
567 5322 778 5392 qualem
799 5339 920 5380 esse
939 5336 1172 5396 oportet.
1198 5345 1403 5399 magna:
1422 5330 1799 5392 imbecillitatis

207 5414 346 5482 piam
386 5413 702 5483 religionem
738 5415 1064 5471 accusabunt
1102 5415 1312 5487 Graeci;
1351 5422 1490 5491 quod
1520 5424 1565 5478 si
1594 5424 1800 5482 discant

207 5506 347 5561 illam
377 5505 513 5561 nihil
543 5522 574 5561 a
606 5508 862 5563 servitute
893 5508 1034 5574 lmdi,
1063 5512 1496 5579 pra-dicationem
1525 5517 1798 5572 mirabun-

213 5607 311 5652 tur.
340 5595 482 5652 Nam
514 5599 558 5651 si
589 5614 762 5668 neque
798 5616 945 5654 mors
986 5601 1138 5657 nobis
1181 5615 1339 5661 nocet
1383 5622 1554 5679 neque
1592 5609 1797 5680 ﬂagella

213 5703 379 5760 neque
417 5690 656 5758 vincula,
693 5691 864 5747 multo
892 5695 1068 5750 minus
1103 5697 1355 5766 servitus,
1389 5700 1541 5772 ignis,
1576 5699 1796 5768 ferrum,

219 5781 352 5838 mille
378 5783 719 5854 tyrannides,
747 5784 940 5851 morbi,
968 5798 1270 5857 paupertas,
1297 5790 1442 5858 forte,
1468 5803 1522 5849 et
1545 5803 1797 5850 sexcenta

3357 367 3462 424 158

1871 457 1955 512 his
1992 460 2232 528 graviora
2274 461 2458 520 lideles
2496 482 2601 520 non
2645 466 2936 541 laeserunt,
2980 474 3089 531 imo
3133 475 3463 546 potentiores

1873 549 2134 608 fecerunt.
2175 554 2241 608 Et
2270 558 2539 624 quomodo
2569 561 2799 617 servitus
2838 579 3033 622 nocere
3070 572 3303 637 poterit?
3344 573 3461 631 Non

1874 645 1985 714 ipsa
2043 650 2276 702 servitus
2329 659 2507 716 nocet,
2536 649 2750 721 dilecte,
2794 657 2888 713 sed
2942 664 3145 728 peccati
3195 668 3452 736 servitus,

1871 754 1992 810 qua:
2019 755 2144 796 vere
2169 740 2290 796 talis
2317 750 2418 797 est.
2466 742 2524 799 Si
2565 745 2702 802 hanc
2746 763 2850 803 non
2891 752 3086 809 subeas
3123 759 3458 827 servitutem,

1873 829 2084 886 conﬁde
2118 840 2173 886 et
2213 832 2433 899 laetare;
2477 835 2654 891 nullus
2685 838 2775 892 tibi
2807 855 3001 896 nocere
3032 847 3260 914 poterit,
3291 852 3464 920 utqui

1876 937 2054 976 mores
2079 922 2276 978 habeas
2299 924 2367 980 ab
2387 927 2532 980 omni
2563 929 2827 986 servitute
2851 930 3050 989 liberos
3076 953 3088 988 :
3114 939 3156 990 si
3185 954 3314 994 vero
3338 957 3465 1010 pec-

1874 1013 1976 1065 cati
2002 1026 2189 1068 servus
2215 1014 2323 1080 sis,
2354 1016 2514 1070 etiam
2544 1019 2586 1071 si
2613 1018 2805 1074 millies
2833 1021 2971 1076 liber
2998 1025 3180 1093 fueris,
3208 1029 3338 1084 nihil
3367 1031 3460 1086 tibi

1875 1102 2094 1158 libertas
2140 1104 2228 1159 illa
2273 1105 2508 1174 prodest.
2553 1108 2682 1176 Quae
2726 1112 2869 1166 enim
2902 1115 3132 1183 utilitas,
3167 1136 3386 1188 qumso,
3417 1124 3464 1178 si

1876 1193 2078 1248 homini
2108 1195 2318 1263 quidem
2352 1213 2456 1252 non
2483 1200 2703 1263 servias.
2730 1202 2822 1258 sed
2851 1206 3012 1259 animi
3046 1209 3246 1264 morbis
3269 1221 3318 1266 te
3344 1213 3465 1268 sub-

1872 1283 2067 1352 jieias?
2088 1285 2342 1343 Homines
2369 1289 2564 1360 quippe
2589 1305 2732 1362 saepe
2761 1309 2978 1363 parcere
3004 1299 3200 1364 sciunt,
3233 1302 3306 1357 illi
3337 1319 3464 1358 vero

1875 1375 2074 1431 domini
2104 1394 2393 1450 numquam
2421 1391 2505 1436 tua
2534 1383 2769 1451 pernicie
2795 1386 3074 1442 satiantur.
3103 1390 3312 1446 Homini
3344 1409 3463 1448 ser-

1877 1469 1999 1522 vis?
2027 1470 2132 1526 Sed
2166 1470 2326 1525 herus
2352 1488 2565 1543 quoque
2588 1475 2680 1529 tibi
2708 1478 2892 1543 servit,
2916 1479 3004 1548 qni
3030 1481 3341 1538 alimentum
3370 1487 3463 1540 tibi

1876 1562 2165 1628 ministrat,
2200 1563 2556 1620 valetudinem
2588 1575 2730 1621 tuam
2758 1577 2932 1632 curat,
2955 1581 3152 1640 vestes,
3180 1575 3388 1629 calceos
3411 1587 3466 1632 et

1876 1653 1977 1708 alia
2006 1655 2185 1710 omnia
2225 1656 2549 1726 suppeditat.
2576 1657 2760 1728 Neque
2792 1659 2862 1714 ita
2891 1671 2946 1715 tu
2978 1662 3153 1730 times,
3186 1676 3238 1720 ut
3267 1682 3334 1722 ne
3360 1668 3460 1722 do-

1876 1745 2080 1801 minum
2107 1747 2366 1815 ollendas,
2395 1760 2451 1805 ut
2483 1750 2571 1808 ille
2594 1762 2768 1816 curat,
2801 1769 2868 1810 ne
2891 1755 3014 1824 quid
3049 1757 3140 1811 tibi
3171 1774 3237 1814 ex
3271 1776 3461 1817 neces-

1877 1837 2036 1892 sariis
2076 1838 2235 1894 desit.
2277 1842 2347 1895 At
2387 1841 2478 1896 ille
2511 1845 2808 1910 accumbit,
2841 1856 2894 1900 tn
2926 1863 3053 1903 vero
3079 1858 3211 1906 stas.
3245 1852 3305 1906 Et
3336 1855 3463 1924 quid

1878 1927 2020 1985 hoc?
2050 1945 2222 2000 neque
2249 1932 2390 1986 enim
2431 1933 2483 1987 id
2514 1934 2654 2003 apud
2695 1936 2843 1991 illum
2887 1947 3089 1994 tantum
3126 1941 3462 2012 observatur,

1876 2019 1973 2076 sed
2013 2023 2172 2076 etiam
2204 2023 2344 2094 apud
2387 2035 2458 2080 te.
2501 2025 2655 2094 Saepe
2687 2043 2916 2098 namque
2953 2040 3004 2086 te
3036 2034 3385 2091 recumbente
3413 2047 3468 2092 et

1877 2114 2116 2169 suaviter
2159 2113 2459 2171 dormiente
2482 2158 2497 2183 ,
2542 2116 2629 2173 ille
2663 2133 2769 2173 non
2811 2120 2971 2175 modo
2999 2130 3138 2188 stat,
3175 2125 3268 2180 sed
3303 2127 3466 2182 etiam

1879 2205 2024 2261 mille
2063 2207 2238 2278 poenis
2275 2206 2505 2262 afﬁcitur
2545 2209 2597 2264 in
2637 2209 2751 2265 foro
2776 2253 2789 2276 ,
2827 2223 2881 2268 et
2917 2214 3194 2271 molestius
3221 2234 3378 2288 quam
3413 2230 3468 2276 tu

1878 2299 2084 2370 vigilat.
2118 2299 2253 2368 Quid
2292 2317 2457 2372 ergo,
2491 2311 2768 2360 tantumne
2811 2321 3000 2376 passus
3040 2320 3122 2365 est
3162 2309 3361 2382 Joseph
3400 2314 3468 2368 ab

1879 2388 2043 2454 hera,
2076 2401 2332 2460 quantum
2376 2392 2466 2446 illa
2508 2408 2535 2444 a
2573 2395 3002 2464 concupiscentia
3032 2398 3167 2452 sua?
3200 2401 3295 2456 llic
3321 2402 3466 2457 enim

1881 2495 2001 2550 quae
2029 2480 2117 2534 illa
2138 2480 2328 2550 jubere
2355 2483 2538 2550 voluit,
2565 2501 2671 2539 non
2700 2484 2824 2540 fecit
2848 2504 2862 2539 :
2888 2487 2975 2542 illa
3000 2504 3127 2544 vero
3146 2506 3265 2561 quae
3290 2495 3466 2549 domi-

1883 2587 1948 2627 na
1995 2572 2110 2641 ejus
2156 2573 2321 2629 libido
2364 2576 2676 2645 imperavit,
2707 2577 2884 2632 omnia
2922 2578 3088 2646 fecit;
3122 2597 3293 2652 neque
3322 2586 3469 2653 prius

1881 2663 2105 2730 destitit,
2135 2663 2306 2720 donec
2331 2680 2449 2720 eam
2476 2665 2740 2721 dedecore
2767 2668 2965 2726 alit-cit.
2992 2673 3174 2738 Qualis
3203 2675 3364 2731 herus
3391 2686 3470 2730 ta-

1882 2756 1951 2810 lia
1978 2756 2244 2826 imperat?
2271 2759 2449 2828 qualis
2478 2759 2724 2814 immanis
2751 2765 3050 2833 tyrannus?
3078 2765 3244 2837 Roga,
3277 2769 3466 2839 inquit,

1882 2861 2096 2902 servum
2138 2855 2284 2902 tuum
2311 2891 2326 2915 ,
2363 2849 2586 2904 adulare
2639 2853 2903 2921 emptitio,
2932 2855 3169 2925 supplica
3211 2861 3466 2928 captivo:

1883 2939 2092 2994 etiamsi
2118 2943 2400 3010 respuerit,
2435 2958 2618 2997 rursus
2645 2943 2821 3011 insta;
2855 2947 3061 3003 etiamsi
3091 2929 3471 3019 saapins‘dixe-

1884 3031 1959 3086 ris
1983 3041 2038 3086 et
2069 3034 2153 3084 ille
2181 3048 2284 3087 non
2313 3049 2567 3090 assensus
2600 3035 2794 3104 fuerit,
2824 3039 3048 3094 observa
3089 3043 3470 3115 solitudinem,

1885 3131 1939 3179 et
1970 3123 2076 3177 vim
2106 3123 2265 3180 facito
2294 3134 2348 3180 et
2378 3135 2428 3181 te
2458 3129 2566 3181 risu
2595 3128 2809 3199 dignam
2842 3132 3041 3199 prmbe.
3074 3133 3212 3202 Quid
3241 3135 3471 3206 ignomi-

1887 3213 2122 3281 niosius,
2149 3214 2277 3285 quid
2320 3216 2526 3288 turpius
2557 3216 2707 3273 hisce
2745 3219 2964 3275 verbis?
3003 3221 3060 3278 Si
3101 3236 3280 3280 autem
3309 3243 3375 3282 ne
3404 3228 3474 3283 ita

1886 3305 2101 3376 quidem
2129 3306 2328 3377 aliquid
2358 3308 2666 3378 perfeceris,
2693 3311 2837 3365 illum
2863 3315 3186 3371 calumniare
3210 3329 3264 3373 et
3288 3319 3477 3390 decipe

1886 3398 2187 3468 conjugcm.
2219 3397 2353 3454 Vide
2377 3397 2537 3471 quam
2561 3402 2862 3469 illiberalia,
2887 3421 3044 3476 quam
3075 3407 3243 3478 turpia
3273 3425 3475 3479 prtece-

1890 3497 1978 3557 pta
2005 3489 2142 3555 sint,
2173 3507 2331 3560 quam
2368 3493 2592 3548 immitia
2617 3534 2632 3561 ,
2665 3511 2822 3566 quam
2852 3512 2996 3552 saeva
3022 3541 3037 3566 ,
3069 3516 3228 3570 quam
3257 3503 3474 3562 furiosa.

1889 3579 2026 3646 Quid
2054 3589 2256 3636 tantum
2285 3586 2599 3654 praeceperit
2630 3585 2793 3642 herus
2815 3589 3008 3658 quivis,
3034 3603 3289 3662 quantum
3317 3596 3476 3654 lasci-

1888 3675 1975 3727 via
2006 3680 2131 3728 tunc
2159 3675 2412 3743 praecepit
2448 3677 2608 3747 regia:
2641 3679 2895 3734 mulieri?
2923 3692 2974 3736 et
3008 3691 3183 3738 tamen
3215 3702 3318 3741 non
3350 3703 3479 3744 ausa

1891 3772 1974 3818 est
2017 3780 2122 3819 non
2162 3765 2403 3836 obsequi.
2433 3766 2632 3838 Joseph
2675 3786 2803 3826 vero
2838 3773 2966 3828 nihil
2997 3775 3099 3830 tale
3126 3792 3314 3846 passus
3337 3821 3352 3843 ,
3385 3783 3479 3838 sed

1890 3859 2156 3911 contraria
2186 3861 2385 3925 omnia,
2417 3877 2536 3930 quae
2576 3864 2799 3934 gloriam
2829 3875 2883 3921 et
2914 3867 3172 3925 honorem
3203 3872 3478 3930 afferrent.

1897 3946 1987 4002 Vis
2016 3949 2176 4004 alium
2205 3951 2390 4007 videre
2420 3955 2592 4009 virum
2617 3995 2631 4016 .
2660 3957 2745 4011 cui
2776 3972 2915 4012 saava
2947 3960 3157 4016 domina
3185 3966 3350 4020 multa
3378 3969 3478 4022 im-

1895 4039 2116 4109 peravit,
2148 4058 2248 4097 nec
2275 4058 2439 4098 ausus
2465 4055 2549 4100 est
2579 4047 2667 4102 ille
2695 4063 2801 4103 non
2829 4049 3089 4122 obsequi?

1964 4131 2182 4189 Invidia:
2218 4136 2426 4190 malum.
2458 4167 2529 4177 —
2557 4137 2782 4194 Cainum
2809 4142 2980 4212 cogita
3006 4183 3021 4210 ,
3053 4158 3248 4215 quanta
3292 4165 3485 4222 nempe

1894 4225 1963 4280 ab
1989 4226 2182 4282 invidia
2221 4228 2369 4298 jussa
2410 4231 2698 4301 acceperit.
2731 4231 2801 4289 Ut
2828 4233 3048 4291 fratrem
3079 4239 3349 4298 occideret
3379 4243 3482 4299 itn-

1897 4318 2102 4386 peravit
2121 4360 2134 4383 ,
2167 4332 2223 4374 ut
2251 4319 2362 4375 Deo
2391 4323 2731 4389 mentiretur,
2761 4334 2966 4396 patrem
2996 4328 3184 4387 dolore
3209 4333 3480 4403 alliceret,

1898 4408 2237 4479 impudenter
2255 4425 2438 4481 ageret
2464 4431 2477 4469 :
2506 4424 2561 4468 et
2585 4417 2764 4472 omnia
2789 4429 3114 4490 exsequutus
3139 4433 3241 4487 est,
3265 4440 3328 4479 ac
3356 4427 3486 4483 nihil

1900 4500 2262 4570 prmtermisit.
2296 4505 2501 4575 Ecquid
2541 4508 2753 4563 miraris
2774 4550 2789 4574 ,
2816 4510 2860 4564 si
2894 4510 3008 4566 btec
3036 4511 3252 4569 domina
3286 4527 3485 4572 tantam

1899 4594 2005 4647 vim
2033 4593 2227 4650 habeat
2253 4596 2305 4650 in
2334 4613 2459 4664 uno,
2491 4614 2610 4668 qua:
2636 4599 2873 4671 integros
2895 4617 3039 4672 saepe
3066 4605 3290 4674 populos
3313 4609 3490 4678 perdi-

1899 4684 2022 4740 dit?
2047 4687 2263 4743 Judmos
2295 4700 2440 4746 certe
2476 4691 2882 4748 Madinnitarum
2925 4696 3177 4753 mulieres
3205 4701 3410 4756 vinctos
3437 4711 3493 4758 et

1903 4776 2014 4831 fere
2041 4781 2282 4849 captivos
2308 4782 2683 4850 abduxerunt,
2710 4801 2830 4840 cum
2872 4785 3059 4843 forma:
3093 4806 3204 4845 sua:
3235 4797 3492 4865 concupi-

1901 4871 2106 4925 scentia
2144 4873 2263 4927 illos
2293 4889 2482 4929 omnes
2509 4875 2762 4931 allexere.
2796 4876 2944 4932 lianc
2974 4880 3152 4949 itaque
3179 4885 3489 4941 servitutem

1901 4961 2123 5031 ejiciens
2153 4963 2350 5019 Paulus
2370 5006 2386 5032 ,
2418 4966 2630 5022 dicebat
2661 4985 2674 5020 :
2710 4966 2791 5022 Ne
2817 4969 2926 5024 sitis
2955 4972 3084 5024 servi
3111 4973 3372 5030 hominum
3395 4994 3413 5042 ;
3440 4979 3492 5034 id

1902 5063 2019 5121 est,
2058 5071 2125 5111 ne
2163 5055 2528 5127 obsequamini
2575 5059 2881 5116 hominibus
2917 5064 3145 5118 absurda
3180 5065 3492 5138 imperanti-

1903 5151 2033 5216 bus;
2063 5152 2170 5207 imo
2199 5169 2265 5209 ne
2291 5156 2444 5209 vobis
2469 5156 2682 5226 quidem
2711 5157 2859 5228 ipsis.
2888 5159 3090 5215 Deinde
3115 5175 3238 5216 cum
3261 5174 3492 5219 mentem

1904 5245 2186 5310 erexisset,
2217 5247 2609 5318 sublimemque
2638 5248 2874 5316 fecisset,
2905 5250 2981 5305 ait
3011 5269 3024 5305 :
3057 5253 3146 5307 25.
3181 5253 3259 5310 De
3285 5257 3489 5325 virgini-

1905 5337 1996 5389 bus
2035 5347 2202 5390 autem
2249 5349 2560 5409 praeceptum
2605 5339 2811 5394 Domini
2849 5359 2951 5396 non
2991 5342 3147 5398 habeo
3183 5361 3201 5398 .'
3230 5347 3497 5400 consilium

1904 5437 2071 5482 autem
2101 5428 2167 5483 do
2186 5471 2201 5494 ,
2233 5438 2492 5498 tamquam
2528 5431 2924 5487 misericordiam
2957 5447 3294 5506 consequutus
3322 5455 3353 5490 a
3382 5436 3495 5492 Do-

1906 5520 2066 5586 mino,
2095 5529 2149 5572 ut
2175 5521 2273 5573 sim
2296 5521 2481 5589 ﬁdelis.
2513 5521 2681 5576 Recto
2705 5523 2892 5578 ordine
2923 5525 3219 5594 procedens
3243 5526 3310 5582 de
3335 5527 3495 5597 virgi-

1907 5613 2072 5668 nitate
2095 5612 2348 5683 deinceps
2379 5614 2705 5670 mentionem
2735 5615 2883 5671 l‘acit.
2916 5617 3202 5687 Postquam
3231 5618 3372 5672 enim
3401 5635 3495 5674 eos

1907 5703 1975 5758 de
2002 5705 2330 5760 continentia
2361 5706 2610 5776 loquutus
2636 5707 2877 5762 exercuit
2903 5717 2958 5763 et
2989 5711 3319 5777 composuit,
3344 5708 3412 5765 ad
3445 5710 3493 5764 id

1909 5800 2050 5874 quod
2092 5801 2263 5871 majus
2308 5809 2386 5858 est
2426 5800 2727 5871 egreditur,
2773 5799 3121 5872 Praeceptum,
3151 5796 3363 5876 inquit,
3396 5821 3495 5859 non
