3992 6444
513 321 614 380 liii)

521 437 719 501 habeo;
746 433 840 490 sed
870 434 1066 489 bonam
1097 447 1206 486 rem
1234 445 1354 485 esse
1383 439 1530 500 puto.
1561 427 1781 496 Quare?
1810 426 2009 481 Eadem
2037 425 2106 480 de

520 541 682 583 causa
706 566 720 588 .
745 540 897 596 quam
943 524 1012 580 de
1046 509 1370 578 continentia
1413 520 1608 590 posuit.
1641 518 1730 572 97.
1775 517 2028 587 Alligatus
2055 533 2106 570 es

520 619 671 674 uxori
688 618 716 672 ?
741 615 852 672 noli
875 631 1101 683 quwrcre
1132 613 1455 668 solutionem.
1499 609 1712 665 Solutus
1741 625 1791 663 es
1820 609 1883 662 ab
1911 607 2110 662 uxore?

519 709 629 762 noli
655 723 880 778 quaerere
909 721 1136 760 uxorem.
1159 703 1288 757 llaec
1319 715 1422 756 non
1451 710 1576 756 sunt
1599 701 1942 769 repugnantis
1971 698 2110 768 prio-

522 801 704 864 ribus;
730 800 836 852 imo
858 798 1008 852 valde
1030 797 1093 850 iis
1115 795 1476 850 assentientis.
1496 794 1626 848 Nam
1651 805 1702 846 et
1728 794 1834 847 illic
1855 794 1929 848 ait
1955 813 1967 847 :
1994 791 2113 846 Nisi

522 896 654 961 forte
680 906 743 944 ea:
765 905 1009 943 consensu
1032 904 1051 951 ,'
1080 886 1165 942 hic
1194 902 1323 941 vero
1346 885 1476 940 dicit
1505 903 1518 940 :
1549 886 1799 956 Alligatus
1837 902 1889 939 es
1925 886 2112 939 uxori?

523 983 629 1037 noli
657 997 878 1052 qurerere
916 980 1240 1033 solutionem.
1291 979 1406 1033 lloe
1444 991 1604 1047 porro
1646 978 1972 1031 contrarium
2004 992 2110 1030 non

519 1085 596 1127 est
624 1089 638 1125 :
664 1088 784 1126 nam
813 1071 954 1142 quod
986 1079 1178 1140 praeter
1204 1078 1438 1124 mentem
1466 1079 1546 1124 est
1573 1079 1626 1122 et
1652 1069 2000 1132 voluntatem,
2029 1078 2112 1122 est

518 1164 752 1228 solutio;
785 1165 828 1217 si
869 1172 1050 1217 autem
1079 1161 1446 1216 continuerint
1475 1176 1537 1216 ex
1573 1161 1848 1230 utriusque
1878 1175 2108 1214 consen-

521 1274 605 1321 su,
639 1273 741 1310 non
769 1266 847 1312 est
878 1255 1099 1311 solutio.

587 1347 640 1402 6.
676 1347 912 1412 Deinde,
955 1361 1023 1400 ne
1063 1345 1168 1400 hoc
1199 1345 1442 1399 videatur
1471 1344 1555 1398 lex
1585 1357 1734 1407 esse,
1783 1343 2057 1413 subiunxit
2085 1360 2101 1402 ι

517 1437 606 1492 28.
639 1436 698 1492 Si
726 1447 895 1490 autent
921 1436 1172 1504 acceperis
1203 1451 1431 1500 uxorem,
1464 1451 1561 1486 non
1593 1434 1829 1503 peccasti.
1857 1433 1969 1488 Sub
1997 1435 2111 1488 hanc

520 1529 867 1599 praesentium
896 1541 1111 1581 causam
1142 1525 1330 1589 alii-rt,
1362 1526 1650 1578 instantem
1697 1525 2068 1579 necessitatem
2091 1567 2106 1589 ,

520 1632 731 1690 tempus
768 1628 1102 1674 contractum
1130 1627 1185 1673 et
1225 1618 1644 1672 tribulationem.
1690 1616 1852 1672 Multa
1883 1631 2110 1686 namque

519 1710 845 1766 connubium
872 1724 1054 1765 secum
1085 1709 1266 1773 trahit,
1299 1724 1417 1778 qtae
1448 1717 1504 1763 et
1535 1708 1618 1762 hic
1647 1707 2022 1770 subindicavit.
2055 1718 2108 1763 et

521 1806 575 1860 in
605 1819 853 1861 sermone
881 1804 948 1858 de
967 1801 1295 1857 continentia
1323 1820 1335 1855 :
1367 1801 1478 1855 illic
1503 1801 1714 1871 quidem
1738 1800 1922 1856 dicens
1942 1843 1957 1865 ,
1985 1817 2106 1854 mu-

519 1899 702 1953 lierem
729 1911 832 1950 non
857 1896 936 1948 sui
962 1903 1274 1965 potestatem
1295 1892 1523 1957 habere;
1553 1893 1639 1946 hic
1665 1903 1864 1960 autem,
1897 1891 2109 1948 Solutus

519 2007 592 2044 es.
628 1990 688 2044 Si
727 1998 894 2042 autem
922 2003 1130 2042 uxorem
1157 1986 1444 2053 acceperis,
1478 2001 1577 2038 non
1623 1986 1872 2052 peccasti;
1904 2000 2008 2038 non
2040 1984 2108 2039 de

517 2099 581 2138 ea
612 2083 836 2152 loquens
882 2096 1001 2150 qtae
1045 2079 1403 2150 virginitatem
1439 2079 1634 2147 elegit;
1670 2079 1781 2148 ipsa
1813 2078 1955 2132 enim
1996 2079 2106 2147 jam

521 2174 778 2244 peccavit.
807 2171 942 2228 Nam
968 2171 1012 2225 si
1041 2171 1214 2225 vidua:
1245 2170 1297 2223 in
1326 2170 1528 2224 crimen
1563 2178 1840 2234 vocantur,
1870 2186 1990 2223 cum
2016 2185 2106 2225 se-

521 2265 726 2319 cundas
765 2264 980 2334 nuptias
1004 2261 1410 2327 contraxerint,
1455 2261 1498 2315 si
1527 2261 1696 2314 semel
1735 2261 1996 2330 elegerint
2026 2261 2104 2314 vi-

520 2357 812 2420 duitatem;
841 2353 1009 2408 multo
1037 2353 1206 2423 magis
1229 2351 1477 2422 virgines.
1512 2349 1911 2404 Tribulationem
1941 2361 2109 2404 tamen

519 2448 685 2502 carnis
710 2446 961 2502 habebunt
987 2443 1301 2514 hujusmodi.
1334 2443 1493 2514 Atqui
1536 2446 1696 2498 etiam
1737 2443 2065 2513 voluptatem
2091 2487 2105 2510 ,

520 2540 746 2608 inquies.
775 2537 880 2595 Sed
923 2538 1042 2592 vide
1068 2537 1340 2606 quomodo
1381 2536 1526 2590 illam
1557 2537 1811 2605 temporis
1850 2537 2109 2592 brevitate

521 2631 865 2696 contraxerit,
893 2629 1109 2684 dicens:
1139 2626 1230 2682 29.
1253 2624 1475 2697 Tempus
1504 2629 1645 2680 breve
1671 2638 1763 2680 est.
1793 2626 1848 2681 ld
1876 2638 1957 2682 est
1976 2669 1988 2691 ,
2017 2628 2106 2698 ju-

520 2723 708 2778 bemur
728 2720 1054 2792 peregrinari
1076 2727 1130 2775 et
1158 2718 1418 2774 excedere
1447 2717 1663 2772 domum
1690 2736 1703 2781 ;
1737 2728 1790 2772 tu
1818 2735 1945 2773 vero
1975 2718 2108 2772 inte-

519 2815 633 2871 rius
675 2814 866 2870 curris.
915 2813 1075 2882 Atqui
1123 2812 1332 2866 etiamsi
1380 2810 1512 2864 nihil
1558 2811 1841 2864 molestum
1888 2811 2108 2865 haberet

522 2904 950 2965 matrimonium.
981 2903 1048 2957 ad
1089 2903 1264 2957 futura
1308 2911 1484 2956 tamen
1517 2900 1767 2955 festinare
1797 2910 2068 2970 Oporteret
2090 2919 2122 2967 ;.

517 3013 640 3053 cum
668 3009 845 3051 autem
888 2993 1185 3049 molestiam
1225 3009 1408 3048 secum
1452 2994 1660 3058 trahat,
1689 2993 1816 3063 quid
1854 3010 1990 3064 opus
2027 3004 2109 3047 est

517 3105 658 3145 onus
676 3087 986 3142 attrahere?
1007 3101 1104 3141 cur
1132 3095 1329 3139 tantam
1353 3085 1629 3151 suscipere
1653 3087 1870 3146 molem,
1895 3085 2110 3154 quando

521 3192 802 3253 postquam
844 3178 1184 3248 susceperis,
1228 3178 1298 3232 ita
1328 3177 1401 3231 uti
1453 3177 1540 3230 illa
1568 3187 1782 3246 oportet
1825 3193 1886 3230 ac
1928 3178 1971 3230 si
2003 3192 2105 3230 non

521 3274 782 3330 haberes?
821 3274 1022 3328 etenim
1061 3273 1134 3326 ait
1167 3293 1180 3327 :
1227 3271 1328 3338 Qui
1369 3271 1551 3323 [tabent
1597 3286 1812 3334 uxores,
1854 3278 2108 3340 tamquam

519 3384 621 3421 non
649 3365 886 3419 habentes
908 3365 1027 3419 sint.
1059 3362 1261 3416 Deinde
1282 3404 1296 3427 ,
1327 3377 1448 3415 cunt
1475 3361 1540 3414 de
1567 3359 1756 3413 futuris
1784 3359 1909 3430 quid
1941 3361 2106 3414 inter-

521 3457 820 3529 posuisset,
862 3469 1047 3510 rursus
1087 3453 1155 3508 ad
1183 3467 1424 3523 praesens
1451 3461 1661 3521 tempus
1689 3466 1994 3505 sermonem
2027 3467 2110 3506 re-

521 3551 686 3605 ducit.
720 3549 931 3604 Etenim
971 3547 1074 3600 alia
1102 3554 1226 3600 sunt
1253 3543 1550 3614 spiritualia
1577 3558 1594 3595 :
1646 3542 1733 3596 illa
1762 3542 1958 3612 quippe
1989 3558 2109 3611 quae

521 3643 621 3696 viri
665 3648 820 3701 sunt,
855 3638 972 3692 hmc
998 3647 1174 3691 autem
1205 3651 1324 3706 qua:
1351 3643 1476 3688 sunt
1509 3633 1600 3688 Dei
1632 3643 1820 3696 curat;
1850 3633 1951 3685 alia
1981 3647 2109 3686 vero

522 3743 646 3788 sunt
673 3730 955 3803 przesenlis
978 3729 1135 3794 vitae;
1164 3726 1291 3782 illud
1318 3740 1527 3795 nempe,
1556 3723 1645 3778 '52.
1683 3722 1807 3778 Volo
1833 3733 1998 3776 autem
2026 3739 2111 3776 vos

521 3829 632 3883 sine
655 3823 994 3880 sollicitudine
1017 3839 1142 3876 esse.
1175 3825 1424 3875 Attamen
1454 3819 1583 3873 illud
1608 3835 1819 3889 quoque
1847 3823 1896 3872 in
1920 3833 2107 3873 eorum

523 3926 842 3990 potestatem
888 3914 1129 3968 remittit.
1159 3911 1290 3966 Nam
1321 3911 1408 3981 qui
1453 3920 1734 3981 postquam
1777 3910 2011 3964 ostendit
2057 3909 2106 3964 id

1190 315 1248 372 8.
1286 315 1565 372 .IOANNIS
1593 313 2063 370 CHRYSOS’I‘OMI
2103 311 2418 369 ARCHIEP.
2459 312 2987 370 CONSTANTINOP.
3377 299 3384 305 .
3729 323 3824 379 {liti

2210 425 2349 493 quod
2377 435 2458 481 est
2498 425 2802 495 eligendum
2825 470 2840 491 ,
2883 443 3071 482 rursus
3108 428 3247 499 cegit
3271 470 3288 496 ,
3325 429 3553 486 videtur
3581 448 3690 489 non
3719 450 3823 493 suis

2215 518 2378 573 t’idere
2407 518 2601 573 verbis.
2633 519 2972 588 Quapropter
2991 522 3347 577 concessione
3372 524 3553 593 magis
3575 525 3723 594 ipsos
3749 530 3822 584 in-

2212 610 2363 663 duxit
2397 621 2451 663 et
2491 609 2742 674 retinuit,
2789 609 2974 665 dicens
3005 629 3017 664 :
3051 611 3139 666 55.
3192 611 3364 667 Porro
3397 615 3498 668 hoc
3528 617 3599 670 ad
3624 618 3820 674 utilita-

2215 712 2311 755 tem
2339 713 2553 757 vestram
2580 705 2693 758 dico
2711 746 2724 769 ,
2771 722 2873 758 non
2899 717 2952 758 ut
2981 706 3214 777 laqueum
3256 709 3405 763 vobis
3431 709 3668 782 injiciam
3691 753 3707 778 ,
3739 717 3828 768 sed

2213 795 2282 846 ad
2308 795 2362 848 id
2385 795 2520 864 quod
2548 795 2812 850 honestum
2838 808 2948 861 est,
2990 808 3035 850 et
3062 799 3198 862 quod
3236 801 3553 864 facultatem
3581 804 3814 870 pra'beat.

2217 884 2450 939 Andiant
2474 886 2734 957 virgines,
2765 887 2907 957 quod
2938 887 3216 957 virginitas
3246 890 3302 943 in
3347 889 3460 945 hoc
3487 907 3596 946 non
3638 897 3817 949 termi-

2218 986 2407 1029 netur:
2444 991 2564 1029 nam
2605 991 2726 1045 qua:
2763 991 2850 1031 res
2889 979 3070 1037 mundi
3101 987 3288 1043 curat,
3339 996 3445 1036 nec
3475 981 3627 1052 virgo
3669 984 3813 1039 fuerit

2217 1081 2314 1118 nec
2343 1066 2588 1120 honesta.
2617 1065 2751 1120 Cum
2779 1066 3005 1123 dixisSet
3032 1069 3205 1136 enim,
3238 1067 3429 1124 Divisa
3458 1083 3536 1126 est
3567 1075 3748 1128 mulier
3773 1087 3815 1130 et

2214 1159 2374 1228 virgo,
2405 1157 2545 1213 hanc
2571 1158 2927 1214 dill'erentiatn
2961 1163 3170 1230 posuit,
3201 1172 3256 1217 et.
3299 1179 3409 1232 qua
3441 1164 3497 1218 in
3527 1181 3588 1220 re
3617 1165 3813 1225 discre-

2217 1260 2341 1318 pent
2368 1249 2524 1304 dixit.
2549 1250 2627 1306 Ac
2653 1266 2773 1306 cum
2802 1251 3169 1306 delinitionem
3198 1253 3354 1309 dedit
3387 1255 3613 1326 virginis
3637 1267 3692 1312 et
3717 1275 3812 1314 non

2216 1344 2468 1413 virginis,
2512 1358 2616 1399 ιιοιι
2647 1345 2896 1414 nuptias,
2938 1360 3044 1400 non
3079 1346 3480 1401 continentiam
3516 1349 3680 1415 dixit,
3725 1354 3810 1408 sed

2214 1436 2594 1492 sollicitudinis
2620 1439 2943 1494 vacuitatem
2986 1451 3040 1495 et
3067 1456 3320 1512 magnam
3370 1443 3809 1501 sollicitudinem.

2213 1527 2328 1580 Non
2361 1528 2502 1582 enim
2537 1530 2711 1584 coitus
2742 1531 2912 1584 malus
2955 1542 3036 1586 est
3059 1571 3075 1597 ,
3117 1532 3211 1587 sed
3255 1533 3709 1603 impedimentum
3747 1541 3806 1593 sd

2215 1617 2604 1688 philosophiam
2634 1619 2854 1674 malum.
2887 1621 2975 1676 '56.
3007 1621 3070 1675 Si
3093 1624 3204 1691 quis
3233 1634 3416 1679 autem
3442 1635 3644 1696 turpem
3667 1645 3718 1682 se
3740 1631 3806 1682 ri-

2216 1711 2325 1763 deri
2370 1710 2623 1765 existimat
2652 1728 2806 1781 super
2833 1715 3027 1785 uirgine
3059 1731 3172 1769 sua.
3216 1716 3320 1772 llic
3363 1718 3583 1774 videtur
3607 1721 3804 1789 quidem

2217 1802 2284 1856 de
2324 1803 2664 1857 matrimonio
2692 1803 2870 1874 loqui;
2913 1813 3082 1860 totum
3107 1814 3289 1860 autem
3337 1806 3569 1864 dicitde
3600 1810 3803 1879 virgini-

2219 1903 2324 1948 tate
2353 1913 2366 1948 :
2400 1911 2523 1948 nam
2551 1905 2603 1949 et
2639 1896 2930 1951 secundum
2955 1898 3202 1952 conoedit
3227 1900 3675 1968 matrimonium,
3703 1912 3806 1956 tan-

2218 1995 2329 2040 tum
2367 1984 2433 2040 In
2470 1985 2709 2042 Domino.
2751 1987 2887 2056 Quid
2915 1997 2998 2044 est
3037 1988 3205 2056 illud,
3254 1989 3325 2044 In
3373 1990 3642 2047 Domino?
3681 1993 3798 2048 Cum

2216 2079 2462 2134 castitate
2480 2121 2494 2145 ,
2519 2095 2639 2134 cum
2670 2081 2970 2136 honestate.
3001 2081 3112 2136 llac
3140 2083 3290 2137 enim
3324 2084 3530 2155 ubique
3557 2095 3637 2140 est
3663 2102 3796 2156 opus,

2218 2173 2495 2241 ipsamque
2520 2173 2727 2243 insequi
2769 2185 2982 2244 oportet
3013 2192 3027 2230 :
3058 2175 3302 2246 alioquin
3334 2193 3405 2232 ne
3433 2179 3564 2234 licet
3601 2179 3815 2248 quidem.

2219 2262 2386 2317 Deum
2410 2263 2612 2320 videre.
2640 2265 2696 2320 Si
2718 2275 2896 2321 autem
2920 2267 3319 2338 prmterivimus
3336 2285 3426 2333 ea,
3453 2286 3573 2340 qua:
3594 2271 3799 2326 dicenda

2217 2365 2369 2410 erant
2387 2355 2452 2410 de
2470 2357 2791 2426 virginitate,
2813 2375 2969 2412 nemo
2994 2374 3090 2413 nos
3106 2360 3245 2429 nogli
3254 2363 3456 2431 gentia:
3477 2361 3794 2418 condemnet.

2218 2447 2437 2502 Librum
2467 2449 2609 2503 enim
2645 2450 2908 2519 integrum
2945 2451 2995 2505 in
3039 2466 3156 2507 eam
3188 2468 3308 2507 rem
3343 2453 3611 2508 edidimus
3640 2453 3726 2522 (a),
3754 2463 3801 2506 ct

2217 2556 2335 2594 cum
2369 2540 2439 2594 ibi
2467 2551 2719 2596 accurate
2739 2554 2995 2612 quantum
3021 2546 3298 2614 potuimus
3325 2547 3473 2600 illam
3491 2561 3602 2601 rem
3626 2556 3795 2600 tracta-

2217 2632 2486 2698 verimus,
2516 2647 2974 2702 supervacaneum
3017 2650 3137 2690 esse
3178 2636 3443 2692 duximus
3486 2637 3668 2691 eadem
3698 2637 3793 2705 ipsa

2218 2723 2303 2779 hic
2354 2733 2617 2794 repetere.
2669 2726 3030 2794 Quamobrem
3079 2729 3172 2783 illo
3217 2732 3563 2786 remittentes
3602 2729 3790 2784 audito.

2217 2830 2330 2868 rem
2353 2856 2368 2879 ,
2410 2816 2497 2870 hic
2527 2816 2657 2869 illud
2687 2817 2927 2872 dicemus
2947 2859 2961 2883 ,
2995 2820 3391 2875 continentiam
3435 2837 3557 2878 esse
3599 2830 3787 2876 seetau—

2216 2905 2337 2959 dam
2370 2925 2381 2959 :
2416 2921 2538 2961 nam
2567 2907 2642 2961 ait
2672 2907 2760 2962 ille
2787 2926 2800 2963 :
2835 2906 3023 2962 Pacem
3054 2913 3419 2983 psrsequimiui
3447 2923 3494 2966 et
3522 2915 3785 2982 sanctiﬁca-

2216 2999 2402 3050 tioncm
2419 3041 2432 3062 ,
2461 2999 2569 3053 sine
2595 3016 2693 3070 qua
2730 3017 2873 3054 nemo
2897 3001 3082 3055 uidebit
3115 3001 3417 3057 Dominum.
3448 3004 3517 3060 Ut
3540 3020 3659 3075 ergo
3681 3020 3794 3059 eum

2217 3089 2401 3145 videre
2429 3091 2742 3161 dignemur;
2777 3093 2888 3146 sive
2929 3092 2978 3146 in
3026 3094 3338 3162 virginitate
3379 3095 3660 3166 degamus,
3689 3094 3790 3148 sive»

2216 3185 2268 3238 in
2294 3184 2477 3253 primis
2497 3185 2608 3240 sive
2631 3187 2681 3239 in
2707 3186 2957 3242 secundis
2977 3189 3194 3257 nuptiis,
3225 3191 3368 3246 hanc
3391 3205 3776 3260 persequamur,

2218 3287 2275 3328 ut
2304 3290 2526 3344 regnum
2555 3275 2808 3330 ca-lorum
2852 3275 3239 3348 adipiscamur,
3271 3282 3444 3350 gratia
3475 3290 3529 3335 et
3564 3280 3779 3349 benigni-

2218 3376 2325 3422 tate
2357 3369 2564 3421 Domini
2597 3369 2765 3424 nostri
2795 3368 2922 3424 Jesu
2963 3371 3193 3436 Christi,
3239 3375 3459 3443 quicum
3500 3373 3632 3428 Patri
3671 3386 3782 3425 una-

2216 3476 2320 3530 que
2349 3463 2567 3531 Spiritui
2591 3472 2776 3518 sancto
2805 3464 2997 3533 gloria,
3033 3465 3340 3534 imperium,
3373 3467 3561 3534 honor,
3594 3478 3720 3520 nunc
3735 3472 3781 3517 et

2216 3567 2450 3623 semper,
2486 3562 2541 3608 et
2571 3554 2623 3607 in
2651 3555 2846 3608 saecula
2879 3555 3224 3609 saeculorum.
3261 3561 3457 3613 Amen.

2280 3732 2353 3794 (a)
2377 3731 2469 3781 Hic
2493 3731 2669 3796 librum
2689 3731 2919 3796 suumde
2942 3731 3240 3794 Virginitate
3265 3739 3524 3796 memorat,
3543 3744 3680 3796 quem
3695 3729 3777 3777 edi-

2216 3806 2326 3842 mus
2339 3801 2485 3858 't’omo
2507 3794 2553 3852 1,
2569 3793 2661 3858 col.
2685 3793 2910 3858 381-582.
2925 3793 3055 3855 Lege
3081 3796 3307 3844 monitum
3325 3794 3466 3858 Operi
3488 3793 3774 3858 praemissum.

2218 3857 2298 3904 uhi
2326 3856 2456 3904 clare
2482 3849 2709 3916 probatur
2732 3856 2864 3904 idem
2899 3849 3057 3916 ipsu'm
3080 3869 3204 3904 oms
3251 3863 3304 3906 et
3349 3849 3444 3905 lion
3483 3849 3607 3904 aliud
3631 3857 3672 3902 iu
3694 3849 3774 3900 line

2218 3916 2589 3964 huiustlonnlia:
2615 3917 2664 3964 in
2689 3916 2841 3964 Enist.
2869 3919 2928 3964 ad
2951 3871 3165 3964 Corintb.
3191 3917 3475 3964 memorari.

2216 3916 2589 3980 bujustlomilia:
2615 3917 2664 3964 in
2689 3916 2841 3979 Epist.
2869 3919 2928 3965 ad
2951 3916 3165 3967 Corinth.
3191 3917 3475 3967 memorari.

544 4025 3773 4053 ___________________.____._______________________________

1951 4117 2295 4179 HOMILIA
2337 4119 2487 4179 XX.

519 4274 648 4330 CAP.
681 4274 735 4330 8.
769 4288 820 4326 ν.
856 4273 908 4328 1.
942 4271 1021 4326 De
1061 4273 1126 4327 iis
1169 4282 1358 4336 autem,
1406 4285 1521 4340 quw
1565 4269 1716 4323 idolis
1751 4269 2103 4334 immolantur,

594 4368 780 4422 scimus
803 4364 937 4432 quod
975 4379 1148 4418 omnes
1173 4362 1437 4418 scientiam
1466 4359 1724 4415 habemus.
1772 4358 2000 4415 Scientia
2030 4359 2110 4411 in-

592 4459 715 4529 ﬂat,
743 4455 928 4510 caritas
953 4471 1069 4509 vero
1098 4454 1340 4517 aediﬁcat.

594 4552 646 4604 1.
677 4549 910 4604 Necesse
948 4557 1031 4601 est
1059 4546 1232 4616 primo
1257 4545 1437 4599 dicere
1462 4543 1588 4613 quid
1619 4543 1721 4598 sibi
1756 4544 1884 4598 velit
1912 4543 1998 4597 hic
2027 4543 2111 4596 lo—

522 4655 622 4697 eus
650 4659 664 4693 :
697 4643 775 4695 sic
809 4653 1038 4708 namque
1071 4636 1226 4691 facile
1255 4635 1585 4705 intelligetur
1614 4634 1756 4704 quod
1793 4634 1986 4689 dicturi
2017 4648 2108 4687 su-

525 4747 664 4788 mus.
707 4731 809 4799 Qui
848 4730 992 4786 enim
1030 4727 1258 4798 aliquem
1301 4726 1537 4782 accusari
1578 4726 1761 4791 videt,
1815 4726 1916 4780 nisi
1966 4726 2111 4795 prius

524 4821 729 4892 peccati
753 4829 996 4876 naturam
1027 4829 1236 4886 noscat,
1265 4833 1384 4888 qua:
1410 4817 1660 4873 dicentur
1689 4832 1792 4871 non
1825 4817 2107 4888 intelliget.

522 4915 636 4983 Qua
664 4928 792 4984 ergo
819 4911 888 4967 de
930 4927 991 4968 re
1036 4919 1163 4966 tunc
1197 4909 1505 4966 Corinthios
1535 4908 1857 4965 accusabat?
1893 4909 2108 4964 Crimen

519 5015 637 5062 erat
671 5021 956 5077 magnum,
987 5021 1050 5060 ac
1078 5004 1372 5060 multorum
1413 5019 1575 5059 causa
1614 5003 1897 5057 malorum.
1942 5001 2110 5070 Quale

520 5099 690 5154 illud?
714 5099 862 5155 Multi
889 5114 952 5154 ex
983 5099 1091 5153 illis
1116 5113 1236 5153 cum
1264 5095 1600 5163 didicissent,
1631 5112 1736 5150 non
1768 5111 1886 5167 quae
1908 5096 2111 5150 intrant

518 5189 803 5259 inquinare
830 5188 1124 5255 hominem,
1147 5186 1241 5242 sed
1262 5201 1382 5256 quae
1403 5195 1599 5242 exeunt
1621 5203 1634 5238 :
1659 5195 1709 5239 et
1733 5185 1895 5250 idola,
1916 5200 2110 5254 nempe

518 5282 697 5347 ligna,
741 5279 946 5348 lapides
993 5289 1048 5335 et
1089 5277 1511 5340 daemonesmec
1551 5293 1747 5332 nocere
1791 5293 1890 5333 nec
1913 5276 2109 5349 juvare

520 5384 714 5440 posse,
757 5370 872 5426 sine
917 5369 1079 5424 modo
1121 5369 1229 5424 ullo
1275 5368 1376 5423 hac
1417 5367 1654 5438 perfecta
1687 5371 1765 5424 rei
1802 5371 2109 5439 cognitione

521 5460 830 5526 utebantur,
860 5469 914 5516 et
953 5465 1008 5514 In
1049 5475 1204 5515 suum
1245 5470 1300 5516 et
1339 5460 1391 5514 in
1437 5461 1665 5516 aliorum
1704 5461 2106 5518 detrimentum.

520 5552 654 5608 Nam
693 5551 762 5609 ad
799 5551 942 5609 idola
977 5552 1434 5624 ingrediebantur,
1481 5562 1538 5609 et
1575 5568 1878 5608 mensarum
1910 5552 2106 5608 ibidem

523 5647 810 5717 participes
835 5655 1026 5711 erant,
1060 5645 1290 5718 hincque
1321 5661 1565 5716 magnam
1595 5646 1895 5702 inferebant
1921 5647 2106 5717 perni-

525 5735 683 5792 ciem.
720 5738 850 5794 Nam
892 5739 982 5812 qui
1009 5737 1181 5796 adhuc
1212 5739 1350 5796 idola
1393 5739 1686 5805 timebant,
1727 5754 1824 5797 nec
1868 5751 2108 5797 contem-

2216 4268 2389 4322 nenda
2419 4268 2504 4322 illa
2539 4283 2657 4323 esse
2685 4269 3014 4336 didicerant,
3043 4287 3319 4327 ecenarnm
3348 4270 3636 4344 hujusmodi
3667 4281 3765 4336 par-

2220 4360 2406 4430 ticipes
2432 4369 2618 4425 erant,
2651 4375 2771 4414 cum
2818 4360 3167 4430 perfectiores
3196 4365 3442 4420 viderent
3469 4363 3678 4432 idipsum
3707 4356 3766 4408 fa-

2216 4453 2454 4517 cientes,
2503 4461 2557 4506 et
2596 4452 2719 4506 hinc
2765 4455 3002 4508 maxime
3047 4454 3382 4510 laedehantur
3413 4454 3616 4526 (neque
3647 4448 3763 4504 enim

2217 4544 2402 4600 eadem
2434 4559 2534 4615 qua
2568 4545 2646 4599 illi
2679 4554 2859 4600 mente
2893 4547 3132 4616 apposita
3154 4589 3169 4614 ,
3202 4548 3296 4603 sed
3327 4547 3477 4617 quasi
3519 4543 3660 4598 idolis
3685 4539 3765 4591 im-

2219 4635 2412 4689 molata
2439 4635 2740 4690 habebant:
2772 4647 2826 4691 et
2847 4652 2908 4691 ea
2931 4653 3018 4692 res
3041 4639 3122 4692 via
3145 4648 3261 4693 erat
3281 4638 3346 4693 ad
3376 4625 3756 4696 idololatriam):

2215 4737 2272 4782 et
2301 4728 2374 4781 illi
2401 4743 2611 4798 quoque
2642 4729 2729 4797 qui
2762 4727 3110 4798 perfectiores
3140 4738 3315 4796 erant,
3344 4744 3447 4783 non
3475 4725 3568 4780 levi
3593 4721 3762 4777 damno

2215 4819 2608 4887 efficiebantur,
2641 4820 2767 4875 dum
2798 4820 3000 4876 mensis
3027 4821 3336 4877 daamonicis
3373 4822 3674 4875 fruerentur.
3705 4807 3761 4860 Et

2219 4914 2320 4969 hoc
2348 4914 2566 4985 quidem
2606 4914 2808 4970 crimen
2837 4924 2970 4970 erat.
3006 4914 3200 4971 Beatus
3230 4925 3405 4969 autem
3433 4910 3528 4973 vir,
3562 4916 3612 4961 ut
3650 4896 3758 4956 illud

2216 5008 2558 5074 emendaret,
2590 5023 2696 5061 non
2741 5008 2922 5062 statim
2953 5008 3258 5064 vehementi
3303 5005 3465 5060 utitur
3504 4996 3754 5053 oratione:

2217 5115 2338 5154 nam
2370 5115 2434 5153 ex
2478 5099 2782 5168 insipientia
2814 5100 2982 5170 magis
3003 5142 3018 5163 ,
3049 5114 3206 5170 quam
3237 5113 3301 5153 ex
3333 5091 3523 5150 malitia
3560 5088 3607 5140 id
3633 5077 3756 5136 desi-

2213 5190 2494 5261 gnabatur.
2525 5189 2702 5257 Quare
2732 5189 2883 5243 initio
2909 5189 3283 5243 adhortatione
3303 5182 3468 5252 magis
3492 5188 3615 5247 opus
3635 5173 3751 5261 erat.

2212 5299 2372 5354 quam
2418 5282 2720 5337 vehementi
2765 5283 3126 5351 increpatione
3166 5292 3220 5338 et
3245 5274 3608 5347 indignatione.
3645 5259 3754 5354 Ληίσ

2218 5351 2488 5429 madverte
2517 5374 2674 5444 igitur
2711 5374 2827 5442 ejus
2884 5374 3252 5444 prudentiam,
3297 5364 3554 5440 quomodo
3599 5351 3749 5444 statim

2212 5442 2633 5520 admonitionem
2665 5442 2920 5534 incipiat:
2955 5464 3028 5518 De
3055 5466 3116 5518 iis
3145 5473 3345 5527 autem,
3374 5471 3484 5526 qua:
3509 5442 3749 5534 idolis

2213 5556 2489 5622 ητοιαηῑιιν,
2515 5559 2702 5611 δεῐηιαε
2727 5556 2862 5627 quod
2887 5573 3058 5610 omnes
3082 5555 3338 5610 scientiam
3359 5547 3600 5603 habemus.
3625 5529 3748 5627 inﬁt“

2213 5649 2472 5704 mioribus
2522 5649 2763 5714 relictis,
2820 5647 2962 5718 quod
3009 5663 3224 5719 semper
3271 5645 3422 5707 facit,
3468 5625 3747 5719 valentiores.

2211 5742 2442 5812 primum
2479 5739 2801 5811 aggreditur.
2839 5706 2963 5796 .lloc
3006 5706 3149 5796 enim
3181 5740 3337 5796 etiam
3383 5735 3430 5788 in
3469 5717 3664 5796 epistola
3691 5706 3744 5762 ad
