3992 6412
469 319 492 408 ’
542 295 635 354 ιει

534 411 661 466 καθ’
702 398 865 461 ἐαυτδ
889 405 952 458 τὸ
1001 401 1236 473 πρᾶγμα
1280 395 1545 463 ἐξετάζει,
1575 395 1714 463 ὅπερ
1759 391 1855 444 καὶ
1885 387 1980 444 ἐπὶ
2015 385 2116 455 τῆς

537 502 729 569 σοφίας
749 499 848 568 τῆς
874 495 1073 561 ἔξωθεν
1096 495 1153 545 ἐν
1177 492 1289 553 τοῖς
1320 485 1626 558 ἔμπροσθεν
1650 485 1897 552 ἐποίησε,
1922 477 2114 534 καθαι-

539 594 650 664 ρῶν
677 589 847 661 αὐτὴν
876 585 994 657 μεθ’
1025 581 1352 654 ὑπερϐολῆς.
1399 577 1541 631 Ἀλλ’
1576 577 1692 629 ἐκεῖ
1726 575 1826 645 μὲν
1846 570 2008 664 τοῦτο
2035 569 2117 664 εί-

536 655 711 746 κότως
739 655 942 733 ἐποίει·
979 676 1100 730 ὅλον
1125 672 1235 744 7&9
1279 670 1457 725 διόλου
1495 666 1830 738 κατηγορίας
1865 661 2016 727 ἀξιον
2049 655 2120 730 ἦν

535 774 631 829 καὶ
679 770 848 839 πολλὴ
894 771 928 839 ή
980 764 1236 820 εὐκολία·
1285 762 1476 831 διόπερ
1521 758 1641 813 οὐδέ
1693 753 1944 826 περιττὸν
1987 749 2120 806 αὐτὸ

535 865 772 918 δείκνυσι
823 861 985 930 μόνον
1009 897 1024 923 ,
1065 854 1202 910 ἀλλά
1241 853 1342 908 καὶ
1379 851 1625 906 ἐναντίον
1663 847 1741 919 τῷ
1773 843 2114 917 κηρύγματι.

549 956 810 1014 Ἐνταῦθα
836 955 893 1008 δέ
917 954 1014 1006 οὐκ
1042 950 1171 1022 ἐνῆν
1209 948 1366 1004 τοῦτο
1395 947 1650 1017 ποιῆσαι·
1687 940 1888 1010 γνῶσις
1918 937 2027 1008 7&9
2049 931 2118 1007 ἦν

531 1046 593 1100 τὸ
629 1045 969 1116 τελούμενον,
1007 1042 1104 1096 καὶ
1141 1039 1344 1110 γνῶσις
1391 1036 1594 1091 τελεία.
1630 1030 1771 1087 Οὔτε
1816 1025 1910 1083 οὖν
1944 1027 2118 1098 αὐτὴν

532 1137 854 1192 καταϐαλεῖν
901 1134 1142 1204 ἀσφαλὲς
1181 1129 1271 1203 ἦν,
1320 1131 1414 1184 καὶ
1441 1129 1533 1182 τὸν
1580 1124 1750 1195 τῦφον
1793 1122 1970 1184 άλλως
2014 1119 2115 1171 οὐκ

529 1229 659 1300 ἐνῆν
701 1227 952 1281 ἐκϐαλεῖν
989 1226 1079 1279 τὸν
1108 1224 1201 1277 ἐπὶ
1233 1221 1424 1294 ταύτῃ.
1457 1220 1524 1272 Τί
1552 1213 1646 1272 οὖν
1681 1215 1858 1278 ποιεῖς
1887 1210 2114 1283 Πρῶτον

526 1321 605 1392 τῷ
658 1319 830 1385 δεῖξαι
878 1318 1067 1390 κοινὴν
1099 1316 1275 1386 αὐτὴν
1307 1311 1493 1380 οὖσαν,
1535 1307 1890 1365 καταστέλλει
1921 1305 1981 1358 τὸ
2008 1302 2113 1374 φύ-

529 1428 683 1483 σημα
707 1411 769 1466 τὸ
795 1411 1041 1465 ἐκείνων.
1071 1410 1133 1463 Ol
1155 1407 1264 1479 7&9
1297 1405 1512 1476 ἔχοντές
1543 1420 1597 1456 τι
1631 1402 1775 1473 μέγα
1804 1400 1900 1454 καὶ
1923 1397 2109 1460 καλὸν,

525 1507 656 1560 ὅταν
695 1505 848 1575 μόνοι
887 1503 1075 1574 ἔχωσι,
1123 1500 1325 1572 μᾶλλον
1370 1497 1691 1569 ἐπαίρονται
1716 1511 1730 1524 ·
1769 1493 1836 1548 ἀν
1873 1493 1932 1547 δὲ
1976 1490 2111 1564 μετά

530 1601 706 1654 ἀλλων
731 1596 972 1667 φανῶσιν
989 1594 1120 1648 αὐτὸ
1148 1591 1497 1663 κεκτημένοι,
1529 1588 1714 1642 οὐκέτι
1735 1585 1938 1658 ὁμοίως
1958 1583 2114 1636 τοῦτο

529 1692 822 1762 πάσχουσι.
872 1685 1096 1757 Πρῶτον
1127 1685 1228 1756 μὲν
1269 1679 1364 1737 οὖν
1409 1681 1542 1735 αὐτὸ
1577 1675 1893 1744 κοινοποιεῖ,
1923 1673 2112 1745 ἐπειδὴ

529 1784 728 1836 ἐκεῖνοι
753 1777 929 1833 αὐτῶν
949 1776 1080 1830 αὐτὸ
1095 1773 1234 1829 εἶναι
1254 1771 1503 1844 ἐνόμιζον
1523 1770 1698 1842 μόνων
1717 1786 1732 1801 ·
1750 1768 1942 1822 ἔπειτα
1963 1766 2114 1835 ποιή-

529 1890 630 1936 σας
660 1869 857 1934 κοινὸν,
890 1869 950 1922 οὐ
978 1867 1193 1939 τίθησιν
1222 1865 1416 1918 ἐαυτὸν
1443 1865 1499 1916 ἐν
1524 1865 1592 1934 τῇ
1631 1861 1890 1931 κοινωνίᾳ
1925 1857 2105 1930 μόνον,

526 1966 650 2020 ἐπεὶ
678 1966 774 2018 καὶ
793 1963 965 2026 οὓτως
984 1961 1048 2015 ἂν
1068 1959 1268 2031 μᾶλλον
1297 1956 1492 2020 αὐτοὺς
1516 1955 1741 2025 ἐπῆρεν.
1767 1951 1982 2020 ’Ὥσπερ
2002 1948 2109 2018 7&9

526 2057 588 2110 τὸ
621 2059 781 2127 μόνον
817 2054 960 2125 ἐχειν
996 2050 1236 2123 ἐπαίρει,
1278 2049 1422 2103 οῦτω
1459 2047 1715 2102 κοινωνὸν
1745 2045 1843 2098 ἕνα
1878 2061 1980 2096 που
2016 2041 2110 2094 καὶ

524 2147 776 2219 δεύτερον
808 2146 950 2217 ἔχειν
976 2143 1083 2198 τῶν
1111 2142 1512 2214 ὑπερεχόντων,
1548 2140 1650 2192 οὐκ
1691 2138 1913 2191 ἔλαττον
1951 2134 2110 2188 τοῦτο

527 2242 690 2294 ποιεῖ.
732 2239 830 2294 Διά
861 2237 1021 2291 τοῦτο
1063 2236 1163 2306 οὐχ
1195 2234 1387 2289 ἐαυτὸν
1423 2234 1660 2304 τίθησιν,
1695 2231 1830 2284 ἀλλά
1878 2229 2104 2292 πάντας.

525 2331 601 2386 Οὐ
629 2331 739 2402 γὰρ
763 2325 938 2396 εἶπεν,
962 2328 1046 2382 ὅτι
1074 2326 1188 2380 Καὶ
1221 2326 1332 2395 ἐγὼ
1365 2325 1473 2394 ἐχω
1511 2323 1736 2393 γνῶσιν,
1764 2320 1900 2383 ἀλλ’,
1931 2317 2107 2372 Οἶδα-

517 2439 636 2493 μεν
671 2422 762 2476 ὅτι
788 2419 1010 2487 ,πάντες
1043 2419 1274 2490 γνῶσιν
1317 2418 1557 2487 ἔχομεν.
1598 2415 1713 2469 Ἑνὶ
1741 2413 1842 2486 μὲν
1863 2407 1957 2465 οὖν
1986 2409 2109 2463 τού-

521 2532 602 2585 τῳ
635 2512 835 2585 πρώτῳ
865 2511 1162 2566 κατέϐαλεν
1183 2510 1362 2566 αὐτῶν
1389 2510 1452 2563 τὸ
1485 2509 1760 2580 φρόνημα,
1785 2503 2025 2573 δευτέρῳ
2050 2500 2108 2554 δέ

524 2603 916 2675 σφοδροτέρως.
944 2603 1090 2674 Ποίῳ
1107 2603 1172 2674 δὴ
1190 2601 1364 2672 τούτῳ
1383 2618 1397 2666 ;
1420 2600 1510 2672 Τῷ
1529 2599 1702 2665 δεῖξαι
1724 2600 1806 2651 ὅτι
1829 2595 1951 2650 οὐδέ
1976 2594 2108 2648 αὐτὸ

521 2695 582 2749 τὸ
627 2695 860 2766 πρᾶγμα
909 2693 1318 2765 ἀπηρτισμένον
1364 2691 1534 2755 ἐστὶν,
1572 2689 1708 2744 ἀλλά
1757 2687 1852 2741 καὶ
1901 2685 2106 2756 σφόδρα

522 2786 740 2851 ἀτελές·
778 2785 876 2840 καὶ
909 2785 971 2839 οὐ
1001 2785 1160 2855 μόνον
1186 2783 1395 2848 ἀτελὲς,
1423 2781 1558 2836 ἀλλά
1580 2781 1674 2835 καὶ
1700 2777 1984 2850 βλαϐερὸν,
2013 2777 2106 2830 ἐάν

525 2879 601 2951 μὴ
711 2877 1142 2948 συνεζευγμένον
1185 2877 1370 2948 ἐτερον
1406 2872 1574 2945 αὐτῷ.
1599 2871 1785 2927 Εἰπὼν
1820 2871 1950 2941 7&9,
1976 2870 2108 2922 Ὅτι

520 2963 746 3030 πάντες
770 2963 997 3033 γνῶσιν
1020 2963 1259 3033 ἔχομεν,
1295 2964 1577 3034 ἐπήγαγεν
1602 2977 1614 2990 ·
1653 2961 1723 3014 Ἡ
1747 2958 1970 3028 γνῶσις
1993 2975 2106 3026 φυ-

520 3054 665 3120 σιοῖ,
691 3056 730 3124 ἠ
761 3053 829 3108 δὲ
853 3055 1056 3124 ἀγάπη
1083 3053 1398 3124 οἰκοδομεῖ.
1427 3053 1592 3105 Ὥστε
1619 3052 1748 3104 ὅταν
1770 3049 2106 3121 χωρὶςάγά·

523 3160 632 3214 πης
662 3139 719 3215 ᾗ,
747 3144 844 3196 καὶ
873 3143 953 3206 είς
996 3143 1255 3196 ἀπόνοιαν
1287 3141 1453 3211 αἴρει.
1508 3139 1648 3193 Ἀλλ’
1671 3139 1791 3192 οὐδέ
1819 3141 1854 3210 η
1891 3140 2103 3210 ἀγάπη,

523 3235 679 3305 φησὶ,
718 3235 887 3303 χωρὶς
921 3231 1178 3307 γνώσεως
1213 3232 1402 3304 κέρδος
1431 3231 1545 3303 ἔχει
1571 3248 1646 3286 τι.
1691 3232 1832 3284 Ἀλλ’
1858 3231 1958 3284 οὐκ
1983 3229 2104 3286 εἶπε

521 3326 682 3380 τοῦτο
711 3341 726 3357 ·
768 3325 886 3380 ἀλλ’
922 3326 996 3390 ὼς
1041 3324 1461 3396 ὡμολογημένον
1495 3323 1655 3392 ἀφεὶς
1680 3363 1695 3388 ,
1724 3322 1993 3377 δείκνυσιν
2022 3326 2104 3378 ὅτι

523 3417 734 3488 σφόδρα
776 3416 950 3470 δεῖται
994 3416 1206 3470 ἐκείνου
1254 3415 1438 3469 τοῦτο.
1481 3416 1542 3468 '0
1570 3415 1670 3485 μὲν
1693 3415 1802 3485 γὰρ
1852 3414 2102 3482 ἀγαπῶν,

523 3508 619 3561 ἀτε
642 3506 860 3578 ἐντολὴν
887 3504 1112 3578 πληρῶν
1137 3505 1234 3576 τὴν
1265 3504 1453 3559 πασῶν
1493 3505 1860 3577 κυριωτέραν,
1898 3505 2002 3559 κᾶν
2029 3505 2108 3557 ἐλ-

522 3598 779 3652 λείποντά
822 3613 944 3651 τινα
983 3597 1101 3670 ἔχη,
1137 3597 1348 3666 ταχέως
1394 3595 1546 3669 1170]
1592 3597 1961 3651 ἀπολαύσεται
2005 3599 2107 3665 τῆς

523 3689 778 3756 γνώσεως
803 3688 889 3742 διά
936 3688 1036 3758 τὴν
1073 3687 1312 3757 ἀγάπην,
1362 3687 1552 3759 ὥσπερ
1587 3689 1616 3741 ό
1665 3688 1963 3759 Κορνήλιος
2012 3689 2106 3741 καὶ

523 3781 700 3852 ἐτεροι
731 3779 951 3832 πολλοί·
979 3780 1008 3831 ό
1035 3778 1092 3832 δέ
1119 3777 1320 3846 γνῶσιν
1350 3777 1450 3848 μὲν
1500 3777 1661 3848 ἔχων,
1693 3778 1915 3848 ἀγάπην
1948 3778 2005 3831 δὲ
2031 3777 2106 3849 μὴ

523 3873 684 3944 έχων,
719 3872 781 3925 ού
816 3871 977 3942 μόνον
1011 3869 1165 3924 οὐδὲν
1206 3869 1600 3941 προσλήψεται,
1635 3869 1773 3923 ἀλλά
1811 3869 1907 3923 καὶ
1936 3869 2104 3940 αὐτῆς

523 3963 839 4016 ἐκπεσεῖται
865 3956 934 4033 ἧς
957 3961 1092 4032 ἔχει,
1134 3960 1392 4024 πολλάκις
1421 3963 1498 4024 είς
1533 3960 1793 4014 ἀπόνοιαν
1824 3958 2102 4030 ἐμπεσών.

526 4053 688 4106 Ὥστε
715 4053 747 4124 ή
776 4052 875 4124 μὲν
901 4052 1104 4121 γνῶσις
1136 4051 1358 4122 ἀγάπης
1379 4051 1479 4104 οὐκ
1508 4048 1623 4103 ἐστι
1655 4049 1938 4119 ποιητικὴ,
1967 4046 2108 4100 ἀλλά

523 4142 618 4195 καὶ
642 4133 950 4196 τούναντίον
968 4141 1254 4212 ἀποσχίζει
1279 4143 1370 4195 τὸν
1398 4141 1473 4212 μὴ
1499 4141 1857 4213 προσέχοντα,
1879 4139 2107 4210 φυσῶσα

523 4231 620 4287 καὶ
641 4232 962 4303 ἐπαίρουσά.
994 4233 1104 4287 Καὶ
1127 4233 1234 4305 γὰρ
1257 4233 1487 4305 διαιρεῖν
1507 4233 1697 4287 εἴωθεν
1720 4235 1754 4305 ή
1780 4233 2070 4296 ἀλαζονεία
2086 4246 2102 4263 ·

523 4324 557 4394 ή
585 4322 642 4376 δέ
682 4324 873 4394 ἀγάπη
921 4324 1016 4377 καὶ
1065 4324 1319 4392 συνάγειν
1368 4325 1465 4376 καὶ
1509 4324 1645 4394 πρὸς
1688 4324 1889 4393 γνῶσιν
1925 4324 2100 4392 ἄγειν.

522 4413 698 4487 Ὅπερ
721 4411 815 4470 οὖν
852 4416 948 4470 καὶ
975 4414 1153 4484 δηλῶν
1174 4413 1365 4482 ἐλεγεν
1386 4430 1400 4446 ·
1434 4416 1504 4466 Εί
1535 4412 1603 4466 δέ
1637 4430 1730 4480 τις
1757 4411 1960 4483 ἀγαπᾷ
1999 4413 2107 4466 τὸν

521 4507 693 4571 Θεὸν,
725 4503 906 4572 οὗτος
937 4506 1234 4576 ἔγνωσται
1272 4506 1374 4559 ὑπ’
1414 4507 1624 4560 αὐτοῦ.
1655 4507 1818 4559 Ὥστε
1856 4507 1917 4559 οὐ
1947 4505 2106 4560 τοῦτο

521 4596 741 4660 κωλύω,
771 4597 927 4666 φησὶ,
959 4597 1020 4648 τὸ
1050 4595 1262 4650 τελείαν
1295 4595 1498 4664 γνῶσιν
1529 4596 1694 4667 ἔχειν,
1722 4597 1864 4650 ἀλλά
1881 4597 1941 4650 τὸ
1967 4597 2106 4666 μετά

519 4687 742 4757 ἀγάπης
771 4689 975 4758 ταύτην
995 4687 1161 4758 ἔχειν,
1194 4687 1350 4740 τοῦτο
1377 4687 1586 4743 κελεύω
1603 4705 1616 4719 ·
1649 4690 1773 4742 ἐπεὶ
1803 4689 1992 4761 κέρδος
2017 4691 2105 4744 ούο

517 4769 630 4834 δέν,
657 4771 794 4825 ἀλλά
819 4770 914 4824 καὶ
947 4771 1163 4842 βλάϐος.

599 4949 667 5022 β’.
683 4952 846 5023 Ὁρᾷς
872 4953 1019 5016 ὅπως
1039 4950 1141 5024 ήδη
1157 4950 1629 5024 προανακρούεται
1641 4951 1730 5005 τὸν
1746 4951 1874 5024 περὶ
1884 4951 2104 5024 ἀγάπης

519 5043 711 5112 λόγον;
748 5043 966 5116 Ἐπειδὴ
1000 5043 1110 5114 γὰρ
1156 5041 1330 5096 ταῦτα
1374 5043 1555 5097 πάντα
1593 5042 1701 5096 ἀπὸ
1733 5041 1921 5096 τούτου
1977 5060 2104 5096 συν-

523 5135 704 5190 έϐαινε
733 5136 803 5190 τά
837 5136 1002 5202 κακὰ,
1038 5135 1136 5190 καὶ
1160 5136 1261 5189 οὐκ
1293 5135 1401 5188 ἀπὸ
1435 5135 1649 5199 τελείας
1683 5135 1956 5206 γνώσεως,
1984 5137 2101 5191 ἀλλ’

521 5229 630 5282 ἀπὸ
659 5228 754 5282 τοῦ
792 5231 868 5300 μὴ
908 5230 1112 5300 σφόδρα
1145 5228 1318 5298 φιλεῖν
1352 5229 1486 5301 μηδὲ
1517 5229 1792 5300 φείδεσθαι
1829 5229 1937 5282 τῶν
1963 5229 2103 5300 πλη-

523 5319 658 5384 σίον,
681 5320 804 5374 ὅθεν
833 5321 929 5375 καὶ
957 5321 1020 5375 τδ
1041 5321 1444 5392 διασπασθῆναι
1469 5323 1666 5385 αὐτοὺς
1693 5323 1883 5392 γέγονε
1917 5323 2010 5376 καὶ
2039 5322 2100 5375 τὸ

520 5410 867 5482 ἐπαίρεσθαι,
912 5414 1008 5467 καὶ
1033 5413 1105 5467 τά
1133 5413 1268 5469 ἀλλα
1308 5416 1488 5470 πάντα
1521 5415 1665 5486 άπερ
1689 5417 1873 5480 αὐτοῖς
1907 5415 2098 5469 ἐνεκά-

518 5500 665 5568 λεσε,
699 5504 794 5558 καὶ
819 5504 925 5576 πρὸ
952 5506 1142 5560 τούτου
1161 5508 1255 5561 καὶ
1281 5507 1422 5577 μετὰ
1443 5507 1636 5574 ταῦτα,
1670 5508 1910 5578 συνεχῶς
1929 5507 2097 5577 αὐτῆς

519 5597 880 5667 ἐπιμελεῖται,
919 5597 1018 5669 τὴν
1056 5602 1241 5672 πηγὴν
1284 5603 1394 5656 τῶν
1439 5601 1661 5672 ἀγαθῶν
1693 5599 2100 5671 διορθούμενος.

522 5686 586 5739 Τί
606 5689 784 5743 τοίνυν
810 5690 1148 5762 πεφύσησθε,
1181 5693 1367 5764 φησὶν,
1390 5693 1482 5745 ἐπὶ
1509 5696 1575 5764 τῇ
1601 5694 1796 5761 γνώσει
1823 5711 1838 5760 ;
1865 5693 1962 5746 “Av
1991 5693 2098 5764 7&9

526 5776 619 5841 τὴν
652 5779 871 5852 ἀγάπην
907 5783 982 5854 μὴ
1013 5783 1192 5857 ἔχητε,
1235 5785 1330 5843 καὶ
1365 5783 1698 5857 βλαϐήσεσθε
1734 5783 2014 5840 ἐντεῦθεν·
2043 5783 2096 5837 τί

1242 284 1299 338 5.
1339 277 1622 337 JOANNIS
1659 273 2012 333 CHRYSOS'I
2029 274 2146 326 05H
2198 273 2521 330 AKL‘IIIEP.
2559 275 3114 339 CONSTANTINOP.

3713 294 3820 349 {62

2226 386 2334 457 γὰρ
2367 386 2692 456 ἀλαζονείας
2722 395 2930 465 χεῖρονς
2956 395 3023 451 ἀν
3051 395 3109 450 δέ
3143 395 3318 452 ἐκεῖνο
3344 405 3543 474 προσῇ,
3578 404 3673 458 καὶ
3695 409 3824 462 τοῦ.

2223 497 2284 533 το
2313 480 2467 536 ἐσται
2517 483 2574 535 ἐν
2600 483 2895 558 ἀσφαλείᾳ.
2949 487 3068 541 Κᾶν
3101 489 3208 560 γάρ
3246 508 3299 543 τι
3331 491 3495 546 πλέον
3527 495 3678 566 είδῇς
3721 497 3820 552 τοῦ

2219 571 2470 642 πλησίον,
2512 573 2689 642 φιλῶν
2724 576 2889 630 αὐτὸν
2922 578 3021 631 οὐκ
3057 579 3284 652 ἐπαίρῃ,
3329 583 3467 637 ἀλλά
3517 585 3676 654 ἀγεις
3721 592 3820 643 καὶ

2220 663 2384 719 αὐτὸν
2412 666 2507 719 ἐπὶ
2533 665 2716 724 τοῦτο.
2746 669 2839 722 Διδ
2867 669 2963 724 καὶ
2992 669 3182 736 εἰπὼν,
3227 673 3298 728 Ἠ
3323 673 3548 744 γνῶσις
3579 679 3817 748 φυσιοῖ,

2221 756 2526 826 ἐπήγαγεν,
2566 757 2629 811 Ἠ
2659 757 2728 811 δὲ
2757 759 2960 828 ἀγάπη
2993 763 3310 831 οἰκοδομεῖ.
3357 765 3472 818 Οὐκ
3520 762 3667 832 εἷπε,
3697 770 3815 823 Με-

2217 847 2453 916 τριάζει,
2495 848 2634 902 ἀλλά
2677 849 2738 904 τὸ
2772 850 2951 922 πολλῷ
2993 852 3155 906 πλέον
3211 855 3305 908 καὶ
3349 858 3813 932 κερδαλεώτερον·

2216 937 2339 991 οὐδὲ
2370 937 2480 1008 7&9
2530 940 2710 1009 ἐφύσα
2749 941 2908 1012 μόνον
2948 944 2981 1014 ή
3027 943 3247 1013 γνῶσις,
3291 947 3429 1001 ἀλλά
3461 951 3556 1003 καὶ
3586 952 3810 1008 διέσπα.

2216 1025 2316 1080 Διά
2352 1025 2511 1080 τοῦτο
2546 1030 2743 1101 ἐκείνῳ
2766 1029 2925 1084 τοῦτο
2965 1032 3285 1104 ἀντέθηκεν.
3326 1033 3463 1092 Εἶτα
3501 1041 3596 1093 καὶ
3626 1043 3814 1110 τρίτον

2216 1116 2398 1188 τίθησι
2432 1118 2731 1189 δυνάμενον
2779 1120 2977 1186 αὐτοὺς
3028 1123 3297 1179 καθελεῖν.
3330 1127 3491 1182 Ποῖον
3522 1128 3588 1199 δὴ
3618 1128 3810 1195 τοῦτο;

2220 1211 2341 1264 Ὀτι
2373 1211 2478 1266 κάν
2510 1213 2912 1286 συνεζευγμένη
3027 1218 3061 1288 ἡ
3095 1217 3308 1290 ἀγάπη,
3347 1220 3467 1274 οὐδὲ
3494 1220 3673 1285 οὕτως
3703 1223 3812 1276 άπ-

2213 1305 2516 1376 ηρτισμένη
2564 1306 2712 1360 ἐστὶν
2745 1306 2885 1379 αὕτη
2928 1310 2962 1379 ή
3001 1309 3233 1378 γνῶσις·
3273 1311 3353 1364 διὸ
3383 1314 3475 1365 καὶ
3500 1313 3809 1383 ἐπήγαγεν·

2215 1392 2285 1442 Ei
2309 1390 2377 1444 δέ
2410 1408 2501 1457 τις
2527 1391 2697 1447 δοκεῖ
2715 1393 2936 1448 εἰδέναι
2967 1413 3044 1461 τι,
3072 1397 3306 1452 οὐδέπω
3341 1400 3523 1454 οὐδὲν
3558 1402 3808 1471 ἔγνωκε,

2213 1481 2407 1547 καθὼς
2445 1481 2542 1534 δεῖ
2568 1481 2806 1552 γνῶναι.
2839 1484 2990 1558 Αῦτη
3026 1488 3216 1560 καιρία
3245 1490 3280 1560 ἡ
3320 1489 3524 1562 πληγή.
3555 1492 3632 1544 Ού
3665 1491 3813 1560 λέγω

2212 1574 2343 1643 7&9,
2378 1575 2564 1645 φησιν,
2597 1576 2680 1628 ὃτι
2706 1579 2861 1648 κοινὴ
2899 1579 2932 1650 ή
2959 1579 3162 1648 γνῶσις
3194 1581 3435 1636 πάντων·
3459 1582 3519 1635 ού
3554 1582 3704 1650 λέγω
3728 1585 3810 1636 ὅτι

2216 1664 2388 1736 μισῶν
2437 1665 2529 1719 τὸν
2563 1666 2790 1738 πλησίον
2841 1670 2937 1722 καὶ
2968 1671 3389 1744 ἀπονοούμενος,
3443 1671 3513 1726 τὰ.
3565 1673 3814 1744 μέγιστα

2214 1755 2441 1809 σεαυτὸν
2467 1757 2890 1824 καταϐλάπτεις.
2922 1759 3041 1815 Κᾶν
3069 1764 3179 1834 7&9
3210 1763 3370 1834 μόνος
3392 1763 3543 1835 ἔχῃς,
3577 1764 3685 1816 κᾶν
3709 1783 3813 1835 με·

2211 1847 2463 1919 τριάζης,
2491 1848 2592 1902 κάν
2625 1850 2786 1921 φιλῇς
2815 1851 2907 1905 τὸν
2931 1853 3183 1922 ἀδελφὸν,
3215 1855 3308 1907 καὶ
3329 1853 3502 1918 οὓτως
3533 1843 3737 1925 ἀτελὴς
3760 1851 3815 1908 εἴ

2214 1939 2353 1994 κατά
2383 1941 2484 2011 τὴν
2517 1943 2740 2010 γνῶσιν·
2764 1943 2977 1999 οὐδέπω
3003 1944 3113 2016 7&9
3140 1945 3293 1999 οὐδὲν
3320 1941 3491 2009 οἶδας,
3515 1946 3592 2009 ὡς
3616 1946 3701 1998 δεῖ
3723 1948 3811 1999 εί·

2209 2032 2380 2088 δέναι.
2414 2033 2476 2087 Εί
2505 2034 2561 2087 δέ
2587 2035 2800 2099 οὐδενὸς
2820 2035 3033 2090 οὐδέπω
3065 2038 3268 2108 ἀκριϐῆ
3309 2038 3409 2109 τὴν
3442 2037 3646 2106 γνῶσιν
3679 2036 3810 2107 ἐχο-

2215 2141 2334 2194 μεν,
2359 2124 2477 2188 πῶς
2501 2142 2646 2189 τινες
2670 2128 2751 2190 είς
2771 2127 3025 2181 τοσοῦτον
3049 2129 3246 2198 μανίας
3270 2129 3498 2202 ήλασαν,
3519 2129 3593 2193 ὡς
3621 2129 3812 2197 λέγειν

2210 2214 2301 2268 τὸν
2327 2214 2460 2268 Θεὸν
2493 2217 2689 2270 είδέναι
2727 2218 2867 2288 μετά
2893 2219 3182 2290 ἀκριϐείας
3213 2221 3618 2291 άπάσης;ὅπου
3651 2237 3717 2288 γε
3757 2222 3813 2275 ει

2209 2307 2304 2359 καὶ
2347 2307 2564 2361 πάντων
2607 2309 2828 2379 εἴχομεν
2863 2311 3064 2382 ἀκριϐῆ
3099 2311 3300 2380 γνῶσιν
3334 2312 3432 2384 τὴν
3461 2311 3570 2366 τῶν
3600 2311 3808 2377 ἄλλων,

2208 2399 2330 2453 οὐδὲ
2361 2399 2506 2454 οὕτω
2526 2401 2748 2455 δυνατὸν
2770 2399 2838 2474 ἦν
2867 2403 3011 2473 ἔχειν
3038 2403 3245 2476 ταύτην
3276 2405 3468 2470 οὕτως.
3494 2405 3661 2458 Ὅσον
3692 2405 3807 2474 7&9

2208 2490 2374 2545 αὐτοῦ
2415 2493 2552 2565 πρὸς
2603 2493 2817 2548 ἅπαντα
2848 2495 2910 2547 τὸ
2946 2495 3130 2568 μέσον,
3166 2497 3289 2551 οὐδέ
3332 2498 3508 2550 εἰπεῖν
3552 2496 3654 2550 ἔνι.
3692 2495 3808 2548 Καὶ

2207 2583 2311 2654 ὅρα
2344 2583 2461 2647 πῶς
2495 2584 2675 2638 αὐτῶν
2723 2589 3036 2640 κατέσπασε
3077 2587 3141 2641 τὸ
3169 2586 3420 2659 φύσημα.
3455 2587 3531 2641 Οὐ
3577 2587 3690 2658 7&9
3727 2583 3810 2639 εἷ-

2209 2691 2330 2738 πεν,
2363 2675 2444 2728 ὅτι
2475 2677 2611 2746 Περὶ
2643 2675 2753 2730 τῶν
2784 2679 3164 2750 προκειμένων
3195 2680 3294 2733 οὐκ
3322 2681 3474 2751 ἔχετε
3503 2681 3604 2750 την
3632 2695 3808 2749 προσ-

2207 2767 2448 2838 ήκουσαν
2460 2767 2684 2836 γνῶσιν,
2699 2768 2834 2823 ἀλλά
2848 2787 2915 2822 πε
2921 2772 2977 2841 ρὶ
2992 2771 3193 2835 παντὸς
3209 2771 3554 2842 πράγματος.
3573 2773 3684 2826 Καὶ
3700 2774 3804 2826 οὐκ

2208 2856 2382 2924 εἶπεν,
2411 2861 2493 2913 ὃτι
2523 2861 2732 2931 Ὑμεῖς,
2766 2863 2902 2927 ἀλλ’,
2935 2865 3016 2918 ὅτι
3042 2862 3165 2918 Οὐδ’
3182 2863 3452 2930 ὁστισοῦν,
3471 2865 3571 2918 κάν
3593 2865 3806 2936 Πέτρος

2207 2941 2262 3018 ᾖ,
2296 2946 2400 3000 κᾶν
2440 2947 2670 3014 Παῦλος,
2707 2950 2811 3002 κᾶν
2841 2950 3110 3006 ὁστισοῦν.
3143 2949 3293 3024 [171]
3323 2953 3513 3024 Τούτῳ
3555 2954 3666 3024 γάρ
3706 2956 3806 3006 καὶ

2210 3038 2662 3108 παρεμυθήσατο,
2711 3042 2807 3094 καὶ
2845 3041 3185 3096 συνέστειλεν
3218 3044 3416 3107 αὐτοὺς
3464 3044 3602 3114 μετά
3635 3046 3805 3115 ἀκριο

2209 3127 2379 3191 ϐείας.
2419 3133 2486 3184 Εί
2511 3129 2578 3182 δέ
2610 3147 2698 3196 τις
2734 3131 2936 3201 ἁγαπᾴ
2966 3133 3075 3186 τὸν
3101 3132 3269 3198 Θεὸν,
3295 3128 3474 3197 οὗτος
3502 3135 3804 3204 ἐγνωται

2206 3221 2310 3276 ὑπ’
2335 3221 2522 3276 αὐτοῦ
2544 3232 2585 3276 ⁸.
2621 3223 2733 3276 Οὐκ
2774 3217 2948 3290 εἶπεν,
2983 3224 3164 3293 Ἔγνω
3192 3225 3374 3292 αὐτὸν,
3419 3225 3534 3280 ἀλλ’
3577 3227 3805 3296 Ἔγνω·

2205 3327 2346 3366 σται
2378 3314 2478 3367 ὑπ’
2508 3313 2715 3367 αὑτοῦ.
2751 3315 2824 3367 Οὐ
2852 3314 2961 3385 7&9
2999 3316 3163 3386 ἡμεῖς
3194 3317 3357 3370 αὐτὸν
3385 3317 3656 3386 έγ·.ωμεν,
3684 3319 3804 3372 ἀλλ’

2206 3405 2369 3468 αὐτὸς
2419 3406 2569 3475 ἡμᾶς
2619 3405 2780 3474 ἔγνω.
2820 3407 2912 3460 Διὸ
2951 3409 3043 3461 καὶ
3085 3409 3114 3461 ό
3149 3411 3383 3480 Χριστὸς
3426 3408 3635 3476 ἔλεγεν,
3673 3412 3802 3478 Οὐχ

2207 3495 2376 3565 ὑμεῖς
2393 3513 2470 3565 με
2495 3495 2877 3561 ἐξελέξασθε,
2899 3496 3038 3550 ἀλλ’
3068 3496 3184 3567 ἐγὼ
3215 3497 3372 3567 ὑμᾶς
3392 3497 3799 3569 ἐξελεξάμην·

2207 3587 2302 3640 καί
2333 3586 2545 3650 Παῦλος
2577 3586 2832 3656 ἀλλαχοῦ,
2872 3587 3016 3643 Τότε
3047 3589 3116 3642 δὲ
3136 3590 3566 3662 ἐπιγνώσομαι,
3597 3591 3800 3660 καθὼς

2207 3678 2306 3732 καί
2334 3678 2745 3748 ἐπεγνώσθην.
2778 3678 2978 3733 Σκόπει
3001 3681 3182 3734 τοίνυν
3206 3682 3272 3735 δι’
3292 3683 3434 3737 ὅσων
3457 3684 3800 3754 κατήνεγκεν

2205 3767 2384 3820 αὐτῶν
2432 3767 2494 3820 τὸ
2535 3769 2812 3840 φρόνημα.
2870 3767 3094 3839 Πρῶτον
3133 3769 3354 3836 ἔδειξεν,
3406 3772 3489 3826 ὅτι
3530 3774 3593 3826 οὐ
3641 3774 3798 3844 μόνοι

2206 3858 2548 3924 ἐπίστανται,
2579 3860 2722 3932 άπερ
2752 3860 2919 3913 ἴσασι·
2947 3861 3178 3927 Πάντες
3206 3863 3339 3935 γὰρ,
3378 3864 3534 3934 φησι,
3565 3864 3799 3935 γνῶσιν

2205 3955 2462 4023 ἔχομεν·
2513 3953 2725 4018 ἔπειτα,
2762 3954 2845 4007 ὅτι
2897 3952 3158 4026 βλαϐερὸν
3210 3955 3273 4008 τὸ
3322 3957 3576 4028 πρᾶγμα,
3623 3958 3799 4027 χωρὶς

2205 4048 2428 4119 ἀγάπης
2467 4046 2546 4100 δν·
2590 4049 2647 4104 Ἡ
2681 4047 2790 4119 7&9
2821 4048 3066 4118 γνῶσις,
3094 4051 3250 4120 φησὶ,
3277 4049 3506 4118 φυσιοῖ·
3538 4045 3682 4116 εἶτα,
3712 4052 3796 4105 δτι

2208 4141 2302 4192 καὶ
2347 4138 2484 4210 μετὰ
2532 4139 2755 4210 ἀγάπης
2784 4139 2864 4203 ὃν,
2888 4141 2990 4193 οὐκ
3033 4140 3445 4211 ἀπηρτισμένον
3480 4142 3628 4195 ἐστὶν
3668 4142 3797 4196 οὐδὲ

2208 4229 2432 4283 τέλειον·
2456 4233 2525 4284 Εἰ
2557 4232 2664 4302 γάρ
2685 4249 2775 4296 τις
2802 4231 2969 4286 δοκεῖ
3001 4232 3221 4289 εἰδέναι
3251 4251 3326 4297 τι,
3349 4233 3583 4289 οὐδέπω
3611 4236 3798 4289 οὐδὲν

2206 4321 2451 4391 ἔγνωκε,
2478 4324 2632 4394 φησὶ,
2661 4323 2856 4388 καθὼς
2885 4322 2981 4377 δεῖ
3006 4323 3250 4395 γνῶναι.
3287 4325 3429 4396 Πρὸς
3453 4326 3685 4390 τούτοις,
3713 4327 3795 4380 ὅτι

2207 4413 2329 4467 οὐδέ
2357 4415 2490 4468 αὐτὸ
2523 4414 2683 4467 τοῦτο
2713 4415 2926 4469 οῐκοθεν
2956 4414 3194 4486 ἔχουσιν,
3221 4415 3361 4470 ἀλλά
3391 4416 3484 4470 τοῦ
3521 4416 3657 4470 Θεοῦ
3689 4418 3794 4470 δωο

2211 4507 2540 4577 ρησαμένου·
2594 4507 2656 4560 οὐ
2702 4507 2810 4578 7&9
2868 4503 3053 4573 εἶπεν,
3089 4509 3271 4577 Ἔγνω
3317 4507 3410 4562 τὸν
3451 4509 3618 4574 Θεὸν,
3675 4510 3796 4562 ἀλλ’

2211 4599 2544 4668 Ἔγνωσται
2573 4601 2674 4656 ὑπ’
2704 4599 2892 4654 αὑτοῦ
2919 4616 2932 4632 ·
2980 4597 3121 4667 εἶτα,
3151 4602 3231 4655 ὅτι
3258 4602 3366 4654 ἀπὸ
3399 4602 3619 4672 ἀγάπης
3647 4602 3796 4670 γίνε-

2205 4707 2295 4743 ται
2337 4689 2497 4742 τοῦτο
2533 4690 2685 4754 αὐτὸ,
2715 4691 2782 4762 ἢν
2806 4691 2907 4745 οὐκ
2938 4691 3161 4763 ἔχουσιν
3183 4692 3259 4756 ὡς
3288 4693 3416 4764 χρή·
3451 4695 3521 4747 El
3542 4693 3650 4763 γάρ
3677 4711 3792 4760 τις,

2207 4784 2390 4853 φησὶν,
2425 4781 2626 4849 ἀγαπᾷ
2659 4781 2767 4836 τὸν
2795 4782 2965 4848 Θεὸν,
3004 4779 3184 4849 οὗτος
3221 4783 3512 4852 ἔγνωσται
3547 4783 3649 4838 ὑπ’
3686 4787 3794 4838 αὺ-

2203 4873 2333 4928 τοῦ.
2376 4873 2477 4928 Διά
2526 4873 2796 4927 τοσούτων
2846 4875 3025 4928 τοίνυν
3066 4875 3410 4938 καταλεάνας
3457 4873 3638 4928 αὐτῶν
3691 4876 3792 4944 τὴν

2205 4965 2533 5036 φλεγμονὴν,
2567 4965 2793 5037 ἄρχεται
2825 4965 3193 5035 δογματίζειν,
3225 4965 3369 5019 οὕτω
3407 4965 3577 5034 λέγων
3597 4982 3611 4996 ·
3649 4967 3790 5034 Περὶ

2203 5056 2312 5124 τῆς
2345 5056 2631 5127 βρώσεως
2659 5053 2773 5111 οὖν
2802 5055 2921 5109 τῶν
2952 5056 3381 5120 εἰδωλοθύτων,
3419 5056 3667 5124 οῖδαμεν
3700 5056 3789 5110 ὅτι

2201 5150 2384 5205 οὐδὲν
2412 5149 2665 5204 εἴδωλον
2693 5149 2765 5203 ἐν
2788 5151 3014 5218 κόσμῳ,
3037 5147 3136 5202 καὶ
3160 5147 3246 5201 ὅτι
3270 5147 3470 5213 οὐδεὶς
3500 5146 3646 5214 Θεὸς
3668 5147 3790 5202 ἐτε-

2193 5259 2326 5311 ρος,
2357 5243 2411 5295 εὶ
2441 5240 2528 5312 μὴ
2567 5235 2673 5307 εἷς.
2709 5240 2818 5294 Θέα
2846 5241 2927 5302 είς
2957 5241 3090 5310 ὅσην
3121 5238 3486 5309 στενοχωρίαν
3535 5237 3784 5292 ἐνέπεσε.

2201 5337 2311 5389 Καὶ
2355 5335 2464 5406 7&9
2509 5333 2798 5405 ἀμφότερα
2848 5333 3094 5405 βούλεται
3129 5331 3566 5394 κατασκευάσαι,
3601 5330 3684 5383 ὅτι
3729 5345 3786 5382 τε

2200 5424 2501 5495 ἀπέχεσθαι
2535 5424 2616 5478 δεῖ
2641 5425 2740 5493 τῆς
2761 5424 3019 5495 τοιαύτης
3052 5422 3350 5494 τραπέζης,
3383 5421 3479 5474 καὶ
3516 5420 3598 5474 ὅτι
3633 5419 3785 5490 ίσχῦν

2198 5519 2298 5572 οὐκ
2333 5517 2446 5587 ἔχει
2479 5515 2616 5588 πρὸς
2653 5515 2715 5568 τὸ
2756 5515 2955 5585 βλάψαι
2983 5516 3110 5577 τοὺς
3143 5513 3489 5583 μετέχοντας·
3528 5511 3676 5581 άπερ
3723 5507 3782 5560 οὐ

2202 5609 2406 5680 σφόδρα
2445 5608 2695 5678 ἀλλήλοις
2738 5606 3106 5677 συμϐαίνοντα
3136 5601 3224 5677 ἦν.
3255 5603 3532 5666 Μαθόντες
3559 5598 3670 5671 7&9
3701 5599 3781 5654 ὃτι

2263 5792 2286 5821 ⁸
2313 5790 2522 5842 Deerant
2551 5785 2693 5838 verba
2717 5787 2947 5848 ἔγνωσται
2981 5785 3062 5832 ὑπ’
3084 5779 3250 5832 αὐτοῦ.
