3992 6422
160 380 239 439 161
1228 382 1295 439 ΙΝ
1332 380 1547 440 EPIST.
1590 382 1631 438 1.
1674 382 1757 438 Ali

1866 380 1958 437 )B.
2000 381 2233 438 IIOMIL.
2275 381 2396 438 XX.

160 497 413 552 Romanos
436 494 612 565 fecit,
650 497 841 554 dicens
870 512 885 551 :
916 497 996 552 Tu
1027 512 1141 551 vero
1169 496 1292 567 quid
1312 497 1521 568 judicas
1548 499 1758 569 fratrem

164 604 283 645 tuum
306 588 499 657 (Rom.
538 591 634 647 ll.
663 589 791 661 10)?
819 589 905 645 hic
930 588 1071 645 enim
1102 597 1206 654 est,
1237 590 1328 660 qui
1362 589 1568 645 facilius
1594 590 1762 659 possit

167 678 587 751 increpationem
630 681 900 750 accipere.
930 679 1084 746 Quod
1128 680 1213 734 hic
1251 696 1465 752 quoque
1506 679 1632 735 facit
1662 698 1675 734 :
1705 688 1761 735 et

174 773 323 843 primo
353 770 567 826 fastum
610 787 800 827 eorum
840 779 1098 834 evacuat,
1130 771 1256 827 dum
1290 771 1433 842 quod
1466 772 1540 826 illi
1572 771 1758 841 princi-

172 879 313 934 puum
335 863 615 933 putabant
635 872 687 918 et
711 864 1001 933 perfectam
1026 863 1327 927 scientiam,
1352 863 1453 917 hoc
1473 877 1760 918 commune

172 971 275 1011 esse
301 955 684 1026 pronuntiavit
711 974 723 1008 :
757 956 960 1011 Scimus
988 955 1153 1020 enim,
1189 955 1389 1026 inquit,
1418 954 1554 1025 quod
1586 971 1759 1008 omnes

165 1050 422 1103 scientiam
448 1048 719 1103 habemus.
749 1047 881 1102 Nam
907 1049 951 1103 si
981 1048 1101 1102 illos
1125 1048 1291 1103 altum
1318 1062 1509 1118 sapere
1543 1047 1753 1110 sinens,

161 1143 330 1211 primo
361 1140 701 1195 ostendisset
726 1156 838 1196 rem
860 1155 981 1196 esse
1001 1141 1120 1195 aliis
1148 1141 1385 1208 noxiam,
1418 1155 1522 1195 non
1551 1149 1754 1194 tantum

157 1234 444 1301 utilitatis,
507 1242 772 1305 quantum
832 1234 1012 1288 damni
1070 1234 1360 1289 attulisset.
1426 1232 1757 1288 Ambitiosus

156 1325 354 1396 quippe
380 1325 621 1389 animus,
640 1340 761 1379 eum
786 1325 963 1394 aliqua
991 1340 1048 1379 re
1068 1340 1126 1379 se
1147 1327 1326 1380 ornari
1347 1333 1515 1394 putat,
1544 1325 1756 1380 etiamsi

156 1419 275 1472 aliis
297 1418 372 1470 sit
401 1417 585 1482 noxia,
609 1432 726 1471 eam
753 1418 1055 1472 accuratius
1080 1418 1271 1472 retinet
1303 1419 1372 1473 ob
1399 1433 1550 1473 tante
1570 1417 1755 1485 glorize

156 1510 529 1581 tyrannidem.
577 1510 706 1564 Ideo
748 1510 945 1565 Paulus
993 1511 1166 1580 primo
1211 1526 1323 1565 rem
1372 1518 1433 1565 ut
1478 1510 1532 1564 in
1574 1525 1632 1564 se
1674 1518 1759 1563 est

157 1604 468 1669 examinat,
503 1612 561 1657 ut
588 1602 729 1657 circa
760 1610 1033 1657 externam
1063 1604 1375 1672 sapientiam
1406 1602 1652 1671 superius
1678 1602 1756 1655 fe-

158 1696 267 1759 cit,
300 1696 450 1748 illam
480 1694 700 1748 omnino
729 1692 1009 1763 dejiciens.
1050 1693 1153 1749 Sed
1183 1694 1290 1748 illic
1316 1695 1530 1764 quidem
1564 1692 1613 1747 id
1633 1692 1757 1762 jure

159 1786 426 1851 faciebat;
462 1794 631 1839 totum
666 1784 808 1839 enim
836 1785 1256 1855 reprehensione
1281 1785 1500 1855 dignum
1528 1794 1673 1851 erat,
1702 1793 1757 1840 et

160 1877 330 1931 facilis
359 1892 449 1931 res
475 1884 630 1930 erat:
658 1886 986 1946 quapropter
1014 1874 1066 1930 id
1094 1891 1199 1930 non
1243 1876 1403 1930 modo
1428 1889 1753 1945 supervaca-

163 1986 352 2034 neum,
388 1966 483 2022 sed
508 1968 667 2021 etiam
698 1967 1059 2036 praedicationi
1089 1968 1417 2022 contrarium
1445 1982 1565 2023 esse
1597 1966 1752 2021 dixit.

162 2060 261 2114 Hie
287 2069 464 2113 autem
497 2074 603 2112 non
642 2059 800 2113 liceat
830 2060 899 2112 ita
924 2058 1140 2113 facere:
1175 2074 1297 2113 nam
1329 2058 1379 2112 id
1404 2058 1472 2114 de
1496 2073 1603 2129 quo
1631 2074 1757 2127 age-

161 2151 319 2205 batur
344 2151 567 2205 scientia
601 2157 756 2217 erat,
789 2157 845 2204 et
869 2150 1093 2205 scientia
1125 2150 1380 2218 perfecta.
1413 2148 1596 2220 Neque
1623 2163 1755 2219 ergo

162 2258 279 2296 eam
314 2242 552 2312 dejicere
582 2249 753 2296 tutum
795 2249 945 2309 erat,
977 2257 1076 2297 nec
1122 2242 1280 2298 aliter
1322 2241 1517 2298 licebat
1559 2242 1751 2297 fastum

165 2350 224 2389 ex
256 2336 345 2390 illa
374 2344 696 2406 conceptum
737 2334 991 2404 dejicere.
1028 2334 1165 2403 Quid
1203 2350 1332 2407 ergo
1381 2334 1538 2391 facit?
1567 2336 1753 2391 Primo

165 2428 308 2481 illam
338 2427 636 2483 ostendens
659 2441 781 2482 esse
801 2441 1164 2493 communem,
1197 2427 1410 2483 illorum
1434 2427 1629 2483 fastum
1655 2428 1751 2483 de-

166 2521 361 2589 primit.
392 2520 492 2588 Qui
523 2521 666 2575 enim
688 2534 938 2591 magnum
964 2520 1238 2590 quidpiam
1266 2530 1321 2577 et
1348 2522 1629 2592 pulchrum
1659 2520 1754 2575 ha-

171 2613 325 2678 bent,
354 2613 400 2666 si
429 2612 531 2665 soli
562 2611 825 2675 habeant,
854 2614 1024 2681 magis
1049 2611 1377 2678 efferuntur;
1406 2612 1450 2666 si
1476 2627 1603 2667 vero
1631 2627 1752 2666 cum

172 2705 282 2759 aliis
302 2704 351 2759 id
371 2703 649 2775 possidere
670 2703 1163 2773 deprehendantur,
1188 2720 1293 2761 non
1316 2705 1429 2775 pari
1454 2715 1579 2759 tunc
1595 2705 1755 2759 modo

176 2795 334 2850 affecti
376 2804 524 2850 sunt.
571 2795 808 2850 Primum
842 2796 1001 2867 igitur
1038 2796 1142 2852 hoc
1170 2812 1457 2852 commune
1482 2797 1712 2852 oStendit
1735 2838 1752 2864 ,

178 2890 413 2956 quoniam
463 2888 564 2958 ipsi
612 2888 868 2958 putabant
906 2889 959 2944 id
1004 2889 1106 2944 sibi
1148 2898 1353 2945 tantum
1395 2897 1703 2961 competere
1738 2908 1753 2946 :

169 2980 354 3035 deinde
383 2990 668 3050 postquam
702 2980 831 3034 illud
861 2995 1148 3037 commune
1178 2981 1326 3050 fecit,
1358 2998 1464 3037 non
1493 2997 1553 3037 se
1580 2983 1753 3038 solum

162 3071 478 3141 participem
505 3072 637 3126 dicit
666 3090 679 3127 :
709 3073 787 3127 sic
814 3072 957 3127 enim
988 3073 1105 3127 illos
1130 3074 1301 3146 magis
1338 3075 1638 3143 extulisset.
1684 3075 1756 3132 Ut

160 3163 204 3216 si
232 3178 370 3217 unus
414 3171 622 3217 tantum
649 3162 858 3225 habeat,
881 3164 1164 3218 seextollit
1194 3181 1207 3218 :
1243 3165 1315 3219 ita
1349 3166 1394 3220 si
1436 3181 1598 3221 unum
1641 3175 1757 3221 tan-

162 3264 276 3309 tum
302 3255 387 3309 vel
412 3255 639 3309 alterum
672 3269 739 3309 ex
767 3255 1045 3325 prmcipuis
1070 3266 1374 3312 consortem
1400 3257 1612 3323 habeat,
1646 3274 1754 3315 non

164 3348 389 3402 minoris
412 3362 526 3401 rem
559 3346 703 3401 facit.
731 3345 855 3401 Ideo
881 3362 984 3401 non
1016 3362 1075 3403 se
1101 3349 1274 3403 solum
1304 3351 1484 3420 ponit,
1513 3350 1608 3407 sed
1634 3368 1755 3407 om-

168 3454 302 3494 nes:
331 3457 437 3495 non
464 3442 612 3495 enim
638 3440 793 3503 dixit,
823 3440 934 3510 Ego
959 3442 1236 3496 scientiam
1267 3444 1467 3509 habeo;
1497 3445 1612 3509 sed,
1639 3446 1758 3501 Sci-

169 3548 281 3586 mus
307 3533 442 3604 quod
457 3549 631 3587 omnes
660 3532 924 3586 scientiam
954 3531 1213 3587 habemus.
1246 3534 1361 3590 Hoc
1391 3536 1551 3605 igitur
1580 3538 1756 3606 priore

169 3622 306 3677 dicto
342 3639 533 3678 eorum
578 3622 772 3677 fastum
813 3622 1033 3692 dejecil;
1078 3625 1318 3680 secundo
1363 3638 1544 3681 autem
1589 3628 1756 3684 vehe-

170 3716 417 3769 mentius.
446 3714 727 3782 Quodnam
755 3713 882 3767 illud
903 3716 1023 3768 cst?
1054 3716 1204 3783 Quod
1234 3717 1482 3771 ostendat
1513 3734 1623 3773 rem
1649 3734 1757 3775 non

168 3806 460 3876 perfectam
484 3849 496 3861 .
534 3806 637 3858 imo
662 3805 946 3859 admodum
986 3806 1355 3875 imperfecmm
1384 3824 1544 3871 esse;
1581 3825 1757 3880 neque

166 3899 322 3951 modo
355 3897 763 3966 imperfectam,
792 3898 886 3951 sed
916 3907 971 3952 et
1001 3901 1234 3963 noxiam,
1264 3900 1366 3953 nisi
1397 3901 1466 3953 sit
1489 3900 1632 3955 aliud
1656 3901 1755 3955 ad-

161 3990 430 4057 junctum.
460 3990 593 4045 Cum
622 3989 846 4044 dixisset
881 3990 1055 4055 enim,
1093 3990 1373 4045 Scientiam
1403 4008 1574 4047 omnes
1606 3993 1759 4047 halte-

165 4099 299 4147 atus,
332 4081 614 4151 subjunin
641 4096 656 4139 :
702 4080 926 4135 Scientia
954 4082 1134 4152 inﬂat,
1167 4083 1354 4137 caritas
1383 4094 1552 4137 autent
1588 4085 1754 4154 (edi/i-

162 4184 259 4227 cat.
293 4174 485 4242 Itaque
525 4189 645 4227 cum
686 4184 770 4229 est
818 4175 935 4229 sine
982 4175 1241 4237 caritate,
1287 4177 1354 4231 ad
1395 4178 1756 4248 arrogantiam

162 4266 399 4321 extollit.
434 4270 501 4318 At
532 4281 704 4337 neque
748 4266 978 4335 caritas,
1010 4268 1252 4338 inquies,
1286 4268 1489 4339 absque
1533 4272 1757 4326 scientia

163 4358 366 4428 aliquid
395 4358 527 4413 lucri
550 4357 728 4412 habet.
753 4358 949 4413 Verum
976 4375 1082 4412 non
1110 4358 1211 4414 hoc
1232 4359 1386 4425 dixit,
1416 4361 1511 4416 sed
1538 4362 1678 4431 quod
1704 4361 1756 4416 in

162 4450 419 4505 confesso
440 4461 523 4505 est
544 4450 871 4520 relinquens,
899 4454 1133 4508 ostendit
1155 4452 1256 4508 hoc
1278 4454 1370 4508 illo
1392 4454 1548 4509 valde
1576 4471 1755 4525 egere.

164 4542 296 4597 Nam
324 4540 417 4613 qui
447 4542 652 4613 diligit,
685 4552 867 4613 utpote
904 4544 995 4615 qui
1042 4556 1364 4615 prazceptum
1397 4547 1616 4616 impleat
1642 4564 1758 4603 om-

171 4635 313 4688 nium
350 4634 890 4704 prmslantissimum,
933 4636 1143 4691 etiamsi
1187 4637 1313 4708 quid
1358 4638 1459 4708 ipsi
1502 4638 1755 4704 deficiat,

170 4726 274 4779 cito
302 4741 407 4796 per
447 4726 724 4780 caritatem
760 4727 980 4782 scientia
1028 4728 1253 4796 fruetur,
1297 4737 1356 4784 ut
1397 4729 1676 4785 Cornelius
1706 4742 1760 4787 et

174 4818 259 4870 alii
291 4816 445 4870 multi
475 4834 488 4869 :
520 4818 607 4887 qui
638 4826 817 4873 autem
854 4819 1133 4874 scientiam
1174 4819 1391 4890 quidem
1437 4821 1629 4888 habet,
1662 4822 1758 4877 sed

181 4925 282 4962 non
309 4910 589 4963 caritatem
611 4952 626 4974 ,
660 4925 765 4965 non
795 4911 957 4966 modo
986 4911 1118 4966 nihil
1145 4922 1419 4976 assumet,
1451 4913 1544 4970 sed
1576 4914 1644 4968 ab
1671 4915 1759 4969 illa

185 5014 338 5068 quam
359 4998 520 5054 habet
539 5001 769 5068 excidet,
797 5016 940 5073 saepe
961 5003 1014 5057 in
1041 5006 1399 5075 arrogantiam
1430 5005 1634 5061 labens.
1659 5005 1763 5061 lla-

186 5106 289 5161 que
317 5092 533 5147 scientia
578 5094 855 5149 caritatem
888 5110 993 5149 non
1036 5096 1203 5165 parit,
1234 5096 1343 5151 imo
1371 5106 1561 5151 contra
1602 5097 1669 5152 ah
1697 5112 1760 5151 ea

182 5185 443 5240 abscindit
467 5201 593 5241 eum
624 5187 713 5257 qui
745 5202 851 5241 non
882 5188 1139 5256 attendit,
1168 5188 1297 5244 dum
1338 5190 1489 5244 illum
1522 5189 1671 5244 inﬂat
1710 5199 1766 5245 et

178 5278 405 5332 extollit.
456 5278 668 5334 Etenim
713 5280 1016 5350 arrogantia
1060 5280 1303 5337 dividere
1349 5282 1520 5347 solet;
1566 5283 1765 5339 caritas

180 5385 306 5424 vero
330 5370 609 5441 ceujnngit
632 5379 688 5427 et
709 5371 776 5427 ad
804 5373 1082 5427 scientiam
1109 5373 1346 5429 adducit.
1376 5374 1527 5442 Quod
1556 5374 1764 5446 signifi-

184 5477 303 5518 cans
332 5464 424 5518 ille
449 5464 698 5520 dicebat:
729 5464 793 5521 Si
816 5467 930 5537 quis
952 5476 1118 5521 autem
1144 5466 1310 5539 diligit
1339 5466 1537 5533 Deum,
1567 5470 1648 5523 hic
1676 5484 1765 5523 co-

189 5556 345 5623 gnitus
375 5565 451 5611 est
485 5556 546 5609 ab
573 5557 685 5627 ipso
715 5557 795 5628 (L
824 5556 941 5612 Cor.
972 5558 1026 5613 8.
1050 5559 1129 5631 ὅ).
1160 5557 1343 5629 Itaque
1373 5574 1479 5615 non
1511 5559 1763 5630 impedio,

194 5643 384 5717 inquit,
426 5651 717 5719 quominus
746 5650 977 5719 perfecta
1004 5651 1226 5707 scientia
1258 5651 1549 5719 habeatur;
1590 5652 1682 5707 sed
1713 5663 1771 5707 ut

196 5751 297 5794 cum
337 5741 565 5797 caritate
614 5740 905 5806 habeatur,
947 5740 1047 5797 hoc
1094 5743 1349 5815 praecipio
1380 5761 1394 5800 :
1426 5744 1662 5816 alioquin
1691 5744 1770 5799 lu-

200 5842 327 5886 crum
353 5839 577 5903 nullum,
601 5830 700 5889 sed
725 5831 1128 5889 detrimentum.

3367 397 3465 453 I62

1936 493 1990 548 2.
2038 494 2224 549 Viden‘
2249 495 2520 565 quomodo
2538 496 2647 566 jam
2676 499 2815 554 viam
2851 513 3002 570 parat
3029 505 3095 560 ad
3124 520 3455 579 sermonem,

1866 600 2027 653 quem
2054 585 2123 640 de
2165 588 2390 643 caritate
2419 596 2504 642 est
2532 587 2855 648 habiturus?
2880 594 3012 652 Nam
3040 600 3163 669 quia
3198 600 3313 658 htcc
3334 619 3456 662 om-

1867 676 1953 729 nia
1985 676 2125 730 mala
2158 677 2284 734 hinc
2321 680 2679 746 accidebant,
2728 699 2834 740 non
2882 697 3062 744 autem
3110 706 3176 747 ex
3222 695 3458 762 perfecta

1866 768 2114 833 scientia,
2145 770 2240 825 sed
2268 772 2411 840 quod
2444 788 2550 826 non
2575 773 2863 831 admodum
2896 778 3203 851 diligerent,
3237 802 3338 841 nec
3368 805 3453 843 re-

1867 859 1964 914 bus
1993 862 2221 931 proximi
2257 876 2560 933 parcerent;
2594 867 2736 922 unde
2767 872 3115 940 contingebat
3140 875 3261 931 illos
3290 876 3458 934 dissi-

1865 950 1993 1008 dere
2016 995 2030 1017 ,
2054 953 2231 1009 efferri
2256 994 2272 1019 ,
2313 964 2615 1028 eteteraque
2659 964 2836 1015 omnia
2867 966 3084 1022 evenire
3107 1008 3123 1033 ,
3168 968 3237 1022 de
3263 972 3459 1040 quibus

1866 1042 1954 1097 ille
1981 1053 2035 1098 et
2060 1054 2184 1099 ante
2211 1055 2265 1100 et
2293 1058 2413 1115 post
2453 1047 2569 1103 luce
2596 1050 2871 1121 redarguit
2895 1069 2909 1107 :
2937 1056 3243 1125 frequenter
3273 1060 3340 1115 de
3368 1078 3461 1115 ca-

1863 1136 2021 1190 ritate
2067 1146 2288 1203 tractat,
2340 1138 2541 1194 fontem
2582 1144 2822 1197 omnium
2868 1144 3129 1202 bonorum
3183 1151 3455 1220 puriorem

1864 1224 2116 1283 reddens.
2146 1227 2283 1295 Quid
2308 1245 2437 1300 ergo
2464 1231 2629 1286 inflati
2660 1234 2789 1288 estis
2810 1275 2826 1301 ,
2858 1235 3064 1305 inquit,
3096 1239 3162 1295 de
3188 1244 3456 1299 scientia?

1861 1315 1917 1370 Si
1939 1317 2080 1371 enim
2110 1318 2389 1375 caritatem
2415 1337 2520 1376 non
2570 1322 2891 1392 habueritis,
2925 1326 3050 1383 hinc
3076 1330 3329 1387 damnum
3357 1350 3450 1391 ac-

1862 1407 2073 1475 cipietis
2099 1423 2113 1462 :
2142 1409 2269 1479 quid
2315 1413 2458 1467 enim
2500 1418 2806 1485 arrogantia
2854 1418 3049 1488 pejus?
3084 1423 3128 1475 si
3160 1439 3292 1480 vero
3321 1426 3453 1481 illud

1862 1499 2037 1565 adsit,
2075 1502 2237 1556 etiam
2267 1502 2369 1558 hoc
2401 1505 2453 1559 in
2501 1514 2616 1561 tuto
2639 1509 2763 1563 erit.
2798 1510 3025 1567 Etiamsi
3069 1515 3212 1570 enim
3249 1518 3451 1587 aliquid

1862 1594 2093 1663 amplius
2120 1597 2298 1661 scias,
2332 1612 2490 1666 quam
2521 1601 2828 1669 proximus;
2863 1604 2908 1658 si
2946 1620 3097 1660 ames
3124 1608 3270 1663 illum
3294 1652 3309 1676 ,
3344 1628 3450 1667 non

1862 1685 2160 1751 extolleris,
2190 1686 2283 1742 sed
2315 1688 2488 1759 ipsum
2512 1706 2729 1761 quoque
2753 1694 2820 1748 ad
2844 1694 2948 1750 hoe
2968 1696 3224 1754 dedoces.
3251 1701 3452 1767 Quam-

1862 1776 2047 1831 obrem
2076 1794 2197 1833 cum
2229 1780 2491 1845 dixisset,
2525 1783 2755 1839 Scientia
2795 1789 2962 1859 inﬂat,
2996 1791 3221 1858 addidit,
3252 1792 3453 1851 Caritas

1861 1881 2031 1924 autem
2058 1872 2300 1941 cedi/ient.
2330 1874 2445 1930 Non
2473 1876 2608 1931 dixit
2632 1921 2647 1943 ,
2676 1879 2914 1936 Modeste
2938 1899 2996 1938 se
3018 1887 3158 1954 gerit
3181 1889 3315 1953 ,.sed
3346 1890 3450 1945 ali-

1860 1960 1985 2031 quid
2020 1962 2177 2033 longe
2205 1966 2376 2034 majus
2405 1975 2457 2021 et
2487 1969 2706 2023 utilius:
2738 1973 2962 2028 scientia
2990 1978 3133 2031 enim
3154 1995 3260 2034 non
3290 1983 3451 2038 modo

1861 2052 2098 2121 inflabat,
2129 2055 2223 2110 sed
2251 2057 2413 2112 etiam
2442 2058 2796 2131 disjuugchat.
2831 2064 3061 2136 Ideoque
3107 2070 3208 2125 hoc
3236 2071 3309 2127 illi
3355 2089 3453 2143 0p-

1861 2149 2061 2217 posuit.
2090 2150 2294 2206 Deinde
2315 2154 2532 2207 tertium
2563 2170 2778 2226 quoque
2810 2162 2979 2227 ponit,
3005 2162 3147 2231 quod
3178 2165 3298 2219 illos
3326 2182 3451 2238 pos-

1860 2239 1927 2293 sit
1953 2238 2208 2309 dejicere.
2238 2242 2519 2310 Quodnam
2553 2246 2684 2301 illud
2732 2250 2854 2303 est?
2890 2250 3042 2317 Quod
3075 2254 3287 2310 etiamsi
3316 2273 3449 2313 con-

1854 2330 2036 2401 juncta
2060 2333 2129 2388 sit
2149 2336 2365 2403 earitas,
2396 2352 2464 2392 ne
2484 2339 2563 2393 sic
2582 2339 2801 2409 quidem
2831 2342 3067 2411 perfecta
3097 2346 3167 2401 sit
3185 2349 3444 2406 scientia:

1860 2422 2086 2494 ideoque
2113 2426 2391 2494 subjunxit
2415 2446 2428 2481 :
2461 2427 2517 2482 2.
2549 2430 2612 2486 Si
2629 2432 2744 2502 quis
2769 2444 2937 2489 autem
2964 2437 3218 2492 existimat
3246 2459 3299 2495 se
3326 2444 3453 2498 scire

1858 2512 2055 2583 aliquid
2070 2556 2086 2581 ,
2109 2516 2337 2570 nondum
2359 2520 2887 2589 cognovit-quomodo
2909 2536 3139 2594 oporteat
3165 2545 3279 2584 eum
3301 2534 3450 2589 scire.

1861 2604 1987 2660 llaec
2013 2606 2251 2661 maxima
2284 2609 2437 2680 plaga
2471 2610 2747 2681 infligitur.
2775 2612 2890 2669 Non
2918 2616 3040 2673 dico
3061 2620 3227 2686 enim,
3259 2622 3452 2694 inquit,

1859 2695 2139 2751 scientiam
2182 2712 2524 2755 communem
2570 2717 2693 2758 esse
2735 2708 3021 2762 omnibus:
3051 2725 3159 2767 non
3198 2712 3321 2768 dico
3362 2724 3452 2784 tc,

1860 2788 1951 2856 qui
1981 2788 2107 2843 odio
2139 2789 2307 2846 habes
2349 2793 2653 2862 proximum
2696 2806 2751 2851 et
2794 2813 3053 2870 arrogans
3094 2817 3189 2870 es,
3221 2804 3314 2859 tibi
3348 2807 3451 2877 ipsi

1860 2881 2093 2937 maxime
2118 2898 2334 2940 nocere.
2364 2885 2586 2941 Etiamsi
2611 2889 2755 2943 enim
2786 2890 2933 2945 solus
2962 2892 3210 2962 haberes,
3237 2898 3451 2953 etiamsi

1860 2974 2101 3031 modeste
2128 2992 2316 3047 ageres
2342 3020 2357 3044 ,
2386 2980 2599 3037 etiamsi
2641 2982 2862 3039 fratrem
2890 2986 3147 3058 diligeres
3172 3031 3187 3057 ,
3216 2991 3297 3046 sic
3320 3008 3455 3063 quo-

1859 3080 1965 3136 que
1994 3067 2336 3137 imperfectus
2367 3085 2518 3127 esses
2538 3074 2834 3130 secundum
2864 3079 3145 3135 scientiam
3170 3098 3185 3134 :
3214 3084 3450 3139 nondum

1860 3157 2003 3212 enim
2032 3159 2141 3214 scis
2164 3161 2459 3231 quidpiam,
2490 3172 2548 3218 ut
2573 3165 2714 3220 scire
2743 3177 2974 3236 oportet.
3003 3168 3139 3238 Quid
3164 3173 3208 3226 si
3251 3174 3451 3230 nullam

1859 3247 2035 3304 adhuc
2056 3258 2360 3306 accuratam
2381 3254 2662 3309 scientiam
2685 3255 3014 3324 habeamus;
3042 3262 3312 3331 quomodo
3334 3266 3453 3333 qui-

1860 3338 1984 3394 dam
2013 3339 2065 3394 in
2093 3348 2294 3395 tantam
2323 3342 2584 3399 insaniam
2616 3360 3017 3417 processerunt,
3044 3361 3102 3406 nt
3129 3352 3372 3410 dicerent
3391 3370 3452 3411 se

1862 3431 2028 3487 Deum
2046 3449 2167 3488 cum
2194 3436 2342 3491 omni
2363 3439 2707 3494 accuratione
2727 3446 3092 3511 cognoscere?
3110 3460 3232 3501 nam
3261 3451 3452 3503 etiam-

1861 3527 1907 3581 si
1960 3530 2200 3583 omnium
2260 3529 2485 3585 aliarum
2543 3547 2725 3588 rerum
2799 3545 3107 3592 accuratam
3170 3540 3451 3595 scientiam

1862 3619 2218 3688 haberemus,
2253 3637 2427 3692 neque
2478 3623 2557 3678 sic
2587 3623 2702 3679 ﬁeri
2742 3637 2951 3695 posset,
3000 3636 3055 3682 ut
3107 3627 3245 3684 hanc
3293 3632 3454 3686 etiam

1863 3708 2202 3767 haberemus.
2240 3710 2506 3778 Quantum
2528 3714 2670 3770 enim
2697 3716 2767 3770 sit
2790 3717 3016 3787 spatium
3047 3719 3185 3773 inter
3215 3720 3377 3775 Deum
3399 3732 3456 3776 et

1862 3800 1966 3855 alia
1992 3804 2170 3857 omnia
2193 3844 2209 3870 ,
2238 3820 2307 3859 ne
2334 3804 2441 3861 dici
2465 3807 2682 3876 quidem
2712 3819 2906 3877 potest.
2937 3809 3006 3864 Et
3035 3810 3155 3866 vide
3180 3808 3469 3883 quomodo

1864 3894 2076 3949 illorum
2110 3895 2305 3951 fastum
2346 3898 2585 3967 dejiciat.
2629 3900 2743 3955 Non
2776 3903 2918 3956 enim
2950 3902 3129 3970 dixit,
3176 3906 3251 3959 De
3292 3907 3453 3962 rebus

1860 3988 2153 4060 propositis
2177 3999 2563 4060 congruentem
2610 3993 2887 4047 scientiam
2930 4012 3036 4050 non
3072 3996 3313 4063 habetis,
3357 4000 3454 4055 scd

1856 4083 1931 4137 De
1957 4094 2017 4135 re
2042 4080 2305 4150 qualibet.
2333 4081 2520 4152 Neque
2540 4083 2715 4150 dixit,
2748 4083 2858 4139 Vos
2902 4094 3105 4140 tantum
3129 4130 3144 4155 ,
3175 4088 3269 4143 scd
3292 4086 3456 4155 .Qui-

1864 4185 2093 4241 cumque
2121 4173 2226 4227 sit:
2254 4174 2467 4229 etiamsi
2515 4174 2705 4230 Petrus
2737 4175 2936 4243 fuerit,
2968 4179 3178 4234 etiamsi
3224 4182 3454 4249 Paulus,

1863 4265 2072 4319 etiamsi
2099 4265 2274 4335 quivis
2304 4266 2460 4321 alius.
2496 4266 2609 4321 lloc
2633 4269 2776 4322 enim
2804 4269 2950 4322 dicto
2984 4270 3100 4325 illos
3131 4283 3380 4330 accurate
3402 4284 3457 4330 et

1862 4357 2171 4411 consolatus
2200 4367 2284 4411 est
2326 4366 2381 4411 et
2425 4358 2705 4427 repressit.
2756 4359 2809 4413 5.
2846 4358 2909 4413 Si
2936 4360 3046 4429 quis
3074 4373 3242 4414 autem
3289 4364 3457 4435 diligit

1864 4448 2052 4517 Deum,
2088 4449 2169 4504 Itic
2196 4451 2427 4522 cognitus
2453 4460 2525 4505 est
2548 4451 2610 4505 ab
2655 4468 2734 4505 eo.
2766 4451 2883 4506 Non
2910 4453 3044 4508 dixit
3064 4495 3077 4516 ,
3108 4453 3267 4509 Novit
3294 4472 3416 4511 eum
3437 4498 3455 4526 ,

1864 4542 1982 4609 sed,
2013 4543 2257 4614 Cognitus
2295 4551 2367 4597 est
2395 4546 2459 4596 ab
2488 4559 2566 4597 eo.
2615 4542 2731 4599 Non
2779 4545 2921 4599 enim
2954 4560 3051 4600 nos
3096 4547 3271 4616 ipsum
3304 4552 3456 4603 novi-

1867 4650 2006 4701 mus,
2038 4634 2134 4690 sed
2163 4636 2277 4705 ipse
2306 4649 2404 4689 nos
2433 4635 2584 4689 novit
2617 4634 2716 4706 (a).
2752 4634 2877 4690 Ideo
2923 4635 3137 4692 dicebat
3166 4638 3414 4695 Christus
3441 4658 3455 4694 :

1867 4727 1989 4783 Non
2020 4744 2106 4782 vos
2134 4744 2211 4783 me
2239 4726 2482 4799 elegistis,
2514 4727 2603 4781 sed
2628 4744 2719 4799 ego
2748 4728 2875 4799 elegi
2900 4744 2986 4783 vos
3011 4728 3192 4800 (Joan.
3221 4732 3307 4787 l5.
3342 4732 3456 4807 {6);

1866 4831 1919 4877 et
1947 4820 2147 4875 Paulus
2176 4820 2304 4875 alibi
2335 4838 2349 4874 :
2379 4818 2525 4874 Tunc
2553 4830 2723 4874 autem
2759 4837 3060 4891 cognoscam
3103 4824 3232 4877 sicut
3275 4834 3324 4879 et
3367 4842 3460 4880 co-

1867 4913 2038 4984 gnitus
2081 4928 2194 4964 sum
2240 4911 2335 4979 (l.
2367 4911 2489 4965 Cor.
2521 4912 2609 4966 l5.
2654 4912 2781 4984 12).
2818 4914 3098 4983 Perpende
3143 4915 3302 4987 igitur
3331 4927 3459 4990 quot

1866 5003 2025 5059 dictis
2055 5004 2267 5058 illorum
2300 5003 2497 5058 fastum
2528 5003 2814 5074 deprimat.
2861 5006 3046 5061 Primo
3072 5010 3311 5065 ostendit
3341 5011 3461 5068 illos

1868 5111 1976 5151 non
2004 5096 2153 5150 solos
2178 5096 2320 5150 scire
2350 5110 2415 5150 ea
2439 5111 2559 5165 qua:
2582 5096 2792 5161 sciunt;
2828 5096 3018 5153 Omnes
3046 5102 3188 5154 enim
3210 5141 3225 5166 ,
3256 5101 3463 5172 inquit,

1869 5186 2130 5240 scientiam
2176 5185 2454 5240 habemus:
2494 5186 2689 5241 deinde
2734 5202 2848 5241 rem
2879 5202 3003 5244 esse
3033 5190 3255 5247 noxiam
3278 5235 3293 5261 ,
3322 5194 3366 5248 si
3394 5196 3467 5251 sit

1872 5280 1989 5335 sine
2016 5281 2280 5345 caritate;
2327 5294 2451 5334 nam
2501 5278 2731 5333 Scientia
2772 5281 2960 5351 inﬂat,
2994 5282 3165 5354 inquit
3195 5304 3210 5340 :
3242 5297 3425 5357 postea
3447 5330 3467 5356 ,

1873 5371 2016 5443 quod
2044 5371 2257 5427 etiamsi
2297 5371 2367 5426 sit
2395 5385 2516 5425 cum
2559 5371 2783 5426 caritate
2801 5413 2817 5438 ,
2850 5372 2902 5428 id
2931 5390 3037 5429 non
3065 5376 3371 5434 absolutum
3399 5381 3472 5437 sit

1875 5478 2050 5534 neque
2076 5460 2373 5533 perfectum
2403 5478 2419 5519 ε
2444 5461 2508 5517 Si
2531 5461 2675 5518 enim
2702 5462 2815 5533 quis
2843 5473 2989 5534 putat
3017 5482 3071 5521 se
3094 5468 3225 5522 scire
3251 5469 3469 5537 aliquid,

1875 5555 2101 5610 nondum
2132 5555 2227 5609 scit
2307 5555 2739 5624 quemadmodum
2793 5566 2994 5627 oportet
3033 5560 3183 5615 scire.
3227 5561 3309 5616 Ad
3356 5560 3473 5618 haec

1876 5664 2007 5705 vero
2031 5689 2047 5715 ,
2077 5647 2220 5718 quod
2250 5662 2355 5703 non
2385 5647 2490 5702 hoc
2515 5663 2583 5703 ex
2613 5662 2676 5704 se
2702 5648 2979 5716 habeant,
3013 5651 3106 5705 sed
3136 5651 3246 5706 Deo
3274 5651 3472 5723 dante;

1942 5785 2022 5858 (a)_
2042 5785 2096 5836 In
2122 5786 2453 5858 sequentibus
2476 5785 2677 5858 Regium
2695 5785 2921 5838 Codicem
2943 5788 3218 5852 sequimur.
3242 5787 3301 5838 la
3321 5785 3515 5858 Editis~

1880 5847 2103 5911 quaedam
2122 5847 2401 5898 neéemria
2424 5847 2652 5898 deerant.
