  <div class='ocr_page' id='page_1' title='image "/cluster/home/n/w/nwhite01/storage/ocr_20150623/61:no.10/coo.31924054869619/169.png"; bbox 0 0 3992 6392; ppageno 0'>
   <div class='ocr_carea' id='block_1_1' title="bbox 482 408 584 466">
    <p class='ocr_par' dir='ltr' id='par_1_1' title="bbox 482 408 584 466">
     <span class='ocr_line' id='line_1_1' title="bbox 482 408 584 466; baseline -0.029 0"><span class='ocrx_word' id='word_1_1' title='bbox 482 408 584 466; x_wconf 67' lang='grc'><strong>163</strong></span> 
     </span>
    </p>
   </div>
   <div class='ocr_carea' id='block_1_2' title="bbox 475 495 2055 574">
    <p class='ocr_par' dir='ltr' id='par_1_2' title="bbox 475 495 2055 574">
     <span class='ocr_line' id='line_1_2' title="bbox 475 495 2055 574; baseline -0.018 -2"><span class='ocrx_word' id='word_1_2' title='bbox 475 534 586 573; x_wconf 70' lang='grc' dir='ltr'><strong>ιοιι</strong></span> <span class='ocrx_word' id='word_1_3' title='bbox 615 517 754 574; x_wconf 87' lang='lat' dir='ltr'><strong>enim</strong></span> <span class='ocrx_word' id='word_1_4' title='bbox 774 513 938 573; x_wconf 82' lang='lat' dir='ltr'><strong>dixit,</strong></span> <span class='ocrx_word' id='word_1_5' title='bbox 969 508 1124 564; x_wconf 83' lang='lat' dir='ltr'><strong>Novit</strong></span> <span class='ocrx_word' id='word_1_6' title='bbox 1153 505 1338 565; x_wconf 88' lang='lat' dir='ltr'><strong>Deum,</strong></span> <span class='ocrx_word' id='word_1_7' title='bbox 1360 499 1481 574; x_wconf 69' lang='lat' dir='ltr'><strong>sed,</strong></span> <span class='ocrx_word' id='word_1_8' title='bbox 1508 497 1748 567; x_wconf 83' lang='lat' dir='ltr'><strong>Caguitus</strong></span> <span class='ocrx_word' id='word_1_9' title='bbox 1774 504 1846 547; x_wconf 84' lang='lat' dir='ltr'><strong>est</strong></span> <span class='ocrx_word' id='word_1_10' title='bbox 1872 495 1934 545; x_wconf 85' lang='lat' dir='ltr'><strong>ab</strong></span> <span class='ocrx_word' id='word_1_11' title='bbox 1957 509 2012 545; x_wconf 88' lang='lat' dir='ltr'><strong>eo</strong></span> <span class='ocrx_word' id='word_1_12' title='bbox 2041 507 2055 544; x_wconf 90' lang='lat'><em>:</em></span> 
     </span>
    </p>
   </div>
   <div class='ocr_carea' id='block_1_3' title="bbox 481 569 2060 674">
    <p class='ocr_par' dir='ltr' id='par_1_3' title="bbox 481 569 2060 674">
     <span class='ocr_line' id='line_1_3' title="bbox 481 569 2060 674; baseline -0.022 -7"><span class='ocrx_word' id='word_1_13' title='bbox 481 569 716 670; x_wconf 74' lang='lat' dir='ltr'><strong>deinde,</strong></span> <span class='ocrx_word' id='word_1_14' title='bbox 744 603 882 674; x_wconf 90' lang='lat' dir='ltr'><strong>quod</strong></span> <span class='ocrx_word' id='word_1_15' title='bbox 913 569 1011 654; x_wconf 78' lang='lat' dir='ltr'><strong>hoc</strong></span> <span class='ocrx_word' id='word_1_16' title='bbox 1035 614 1062 650; x_wconf 91' lang='lat' dir='ltr'><strong>a</strong></span> <span class='ocrx_word' id='word_1_17' title='bbox 1090 595 1309 650; x_wconf 83' lang='lat' dir='ltr'><strong>caritate</strong></span> <span class='ocrx_word' id='word_1_18' title='bbox 1359 569 1451 643; x_wconf 65' lang='lat' dir='ltr'><strong>ﬁat</strong></span> <span class='ocrx_word' id='word_1_19' title='bbox 1475 632 1489 653; x_wconf 91' lang='lat'><strong>,</strong></span> <span class='ocrx_word' id='word_1_20' title='bbox 1519 604 1677 656; x_wconf 91' lang='lat' dir='ltr'><strong>quam</strong></span> <span class='ocrx_word' id='word_1_21' title='bbox 1710 601 1815 638; x_wconf 90' lang='lat' dir='ltr'><strong>non</strong></span> <span class='ocrx_word' id='word_1_22' title='bbox 1863 584 2060 637; x_wconf 78' lang='lat' dir='ltr'><strong>habent</strong></span> 
     </span>
    </p>
   </div>
   <div class='ocr_carea' id='block_1_4' title="bbox 483 674 2059 768">
    <p class='ocr_par' dir='ltr' id='par_1_4' title="bbox 483 674 2059 768">
     <span class='ocr_line' id='line_1_4' title="bbox 483 674 2059 768; baseline -0.022 -11"><span class='ocrx_word' id='word_1_23' title='bbox 483 713 543 757; x_wconf 86' lang='lat' dir='ltr'><strong>ut</strong></span> <span class='ocrx_word' id='word_1_24' title='bbox 570 705 866 768; x_wconf 85' lang='lat' dir='ltr'><strong>oporteret.</strong></span> <span class='ocrx_word' id='word_1_25' title='bbox 897 691 1025 743; x_wconf 82' lang='lat' dir='ltr'><strong>Nam</strong></span> <span class='ocrx_word' id='word_1_26' title='bbox 1055 688 1114 741; x_wconf 86' lang='lat' dir='ltr'><strong>Si</strong></span> <span class='ocrx_word' id='word_1_27' title='bbox 1139 686 1250 754; x_wconf 88' lang='lat' dir='ltr'><strong>quis</strong></span> <span class='ocrx_word' id='word_1_28' title='bbox 1277 723 1290 742; x_wconf 88' lang='lat'>.</span> <span class='ocrx_word' id='word_1_29' title='bbox 1325 683 1393 734; x_wconf 87' lang='lat' dir='ltr'><strong>ait</strong></span> <span class='ocrx_word' id='word_1_30' title='bbox 1417 723 1431 745; x_wconf 92' lang='lat'><strong>,</strong></span> <span class='ocrx_word' id='word_1_31' title='bbox 1464 679 1628 749; x_wconf 84' lang='lat' dir='ltr'><strong>diligit</strong></span> <span class='ocrx_word' id='word_1_32' title='bbox 1656 676 1848 740; x_wconf 83' lang='lat' dir='ltr'><strong>Deum,</strong></span> <span class='ocrx_word' id='word_1_33' title='bbox 1873 674 1952 726; x_wconf 81' lang='lat' dir='ltr'><strong>hic</strong></span> <span class='ocrx_word' id='word_1_34' title='bbox 1979 688 2059 724; x_wconf 68' lang='grc' dir='ltr'><strong>σοι</strong></span> 
     </span>
    </p>
   </div>
   <div class='ocr_carea' id='block_1_5' title="bbox 481 767 2060 862">
    <p class='ocr_par' dir='ltr' id='par_1_5' title="bbox 481 767 2060 862">
     <span class='ocr_line' id='line_1_5' title="bbox 481 767 2060 862; baseline -0.02 -18"><span class='ocrx_word' id='word_1_35' title='bbox 481 767 653 862; x_wconf 72' lang='lat' dir='ltr'><strong>quitus</strong></span> <span class='ocrx_word' id='word_1_36' title='bbox 681 796 752 841; x_wconf 87' lang='lat' dir='ltr'><strong>est</strong></span> <span class='ocrx_word' id='word_1_37' title='bbox 779 785 840 836; x_wconf 91' lang='lat' dir='ltr'><strong>ab</strong></span> <span class='ocrx_word' id='word_1_38' title='bbox 866 799 944 835; x_wconf 88' lang='lat' dir='ltr'><strong>eo.</strong></span> <span class='ocrx_word' id='word_1_39' title='bbox 991 780 1123 834; x_wconf 83' lang='lat' dir='ltr'><strong>Cum</strong></span> <span class='ocrx_word' id='word_1_40' title='bbox 1175 789 1266 843; x_wconf 87' lang='lat' dir='ltr'><strong>per</strong></span> <span class='ocrx_word' id='word_1_41' title='bbox 1309 773 1423 825; x_wconf 73' lang='lat' dir='ltr'><strong>lucc</strong></span> <span class='ocrx_word' id='word_1_42' title='bbox 1453 771 1692 823; x_wconf 78' lang='lat' dir='ltr'><strong>leuiisset</strong></span> <span class='ocrx_word' id='word_1_43' title='bbox 1724 767 1936 819; x_wconf 89' lang='lat' dir='ltr'><strong>illorum</strong></span> <span class='ocrx_word' id='word_1_44' title='bbox 1973 772 2060 862; x_wconf 58' lang='lat' dir='ltr'><strong>ll:-</strong></span> 
     </span>
    </p>
   </div>
   <div class='ocr_carea' id='block_1_6' title="bbox 483 851 2068 941">
    <p class='ocr_par' dir='ltr' id='par_1_6' title="bbox 483 851 2068 941">
     <span class='ocr_line' id='line_1_6' title="bbox 483 851 2068 941; baseline -0.021 -5"><span class='ocrx_word' id='word_1_45' title='bbox 483 851 714 941; x_wconf 69' lang='lat' dir='ltr'><strong>inorem,</strong></span> <span class='ocrx_word' id='word_1_46' title='bbox 738 873 918 940; x_wconf 85' lang='lat' dir='ltr'><strong>incipit</strong></span> <span class='ocrx_word' id='word_1_47' title='bbox 941 869 1236 922; x_wconf 78' lang='lat' dir='ltr'><strong>dot-trinam</strong></span> <span class='ocrx_word' id='word_1_48' title='bbox 1259 864 1538 916; x_wconf 87' lang='lat' dir='ltr'><strong>instituere</strong></span> <span class='ocrx_word' id='word_1_49' title='bbox 1567 860 1651 912; x_wconf 89' lang='lat' dir='ltr'><strong>his</strong></span> <span class='ocrx_word' id='word_1_50' title='bbox 1672 858 1846 910; x_wconf 80' lang='lat' dir='ltr'><strong>verbis</strong></span> <span class='ocrx_word' id='word_1_51' title='bbox 1875 873 1887 906; x_wconf 89' lang='lat'>:</span> <span class='ocrx_word' id='word_1_52' title='bbox 1913 854 1966 907; x_wconf 74' lang='grc'><strong>4.</strong></span> <span class='ocrx_word' id='word_1_53' title='bbox 1991 851 2068 904; x_wconf 91' lang='lat' dir='ltr'><strong>De</strong></span> 
     </span>
    </p>
   </div>
   <div class='ocr_carea' id='block_1_7' title="bbox 484 943 2067 1038">
    <p class='ocr_par' dir='ltr' id='par_1_7' title="bbox 484 943 2067 1038">
     <span class='ocr_line' id='line_1_7' title="bbox 484 943 2067 1038; baseline -0.02 -13"><span class='ocrx_word' id='word_1_54' title='bbox 484 987 594 1025; x_wconf 83' lang='lat' dir='ltr'><strong>esca</strong></span> <span class='ocrx_word' id='word_1_55' title='bbox 615 969 771 1038; x_wconf 81' lang='lat' dir='ltr'><strong>igitur</strong></span> <span class='ocrx_word' id='word_1_56' title='bbox 790 977 904 1034; x_wconf 64' lang='lat' dir='ltr'><strong>qua!</strong></span> <span class='ocrx_word' id='word_1_57' title='bbox 924 961 1021 1012; x_wconf 87' lang='lat' dir='ltr'><strong>diis</strong></span> <span class='ocrx_word' id='word_1_58' title='bbox 1046 957 1342 1010; x_wconf 88' lang='lat' dir='ltr'><strong>immolatur</strong></span> <span class='ocrx_word' id='word_1_59' title='bbox 1362 993 1376 1015; x_wconf 93' lang='lat'><strong>,</strong></span> <span class='ocrx_word' id='word_1_60' title='bbox 1408 953 1595 1005; x_wconf 86' lang='lat' dir='ltr'><strong>scimus</strong></span> <span class='ocrx_word' id='word_1_61' title='bbox 1620 947 1752 1017; x_wconf 89' lang='lat' dir='ltr'><strong>quod</strong></span> <span class='ocrx_word' id='word_1_62' title='bbox 1781 945 1978 998; x_wconf 77' lang='lat' dir='ltr'><strong>mtuum</strong></span> <span class='ocrx_word' id='word_1_63' title='bbox 2005 943 2067 994; x_wconf 86' lang='lat' dir='ltr'><strong>sit</strong></span> 
     </span>
    </p>
   </div>
   <div class='ocr_carea' id='block_1_8' title="bbox 485 1038 2067 1117">
    <p class='ocr_par' dir='ltr' id='par_1_8' title="bbox 485 1038 2067 1117">
     <span class='ocr_line' id='line_1_8' title="bbox 485 1038 2067 1117; baseline -0.019 -1"><span class='ocrx_word' id='word_1_64' title='bbox 485 1063 679 1116; x_wconf 88' lang='lat' dir='ltr'><strong>idolum</strong></span> <span class='ocrx_word' id='word_1_65' title='bbox 707 1061 760 1111; x_wconf 85' lang='lat' dir='ltr'><strong>in</strong></span> <span class='ocrx_word' id='word_1_66' title='bbox 791 1054 979 1108; x_wconf 84' lang='lat' dir='ltr'><strong>mundo</strong></span> <span class='ocrx_word' id='word_1_67' title='bbox 1002 1095 1014 1115; x_wconf 91' lang='lat'><strong>,</strong></span> <span class='ocrx_word' id='word_1_68' title='bbox 1044 1060 1088 1103; x_wconf 88' lang='lat' dir='ltr'><strong>et</strong></span> <span class='ocrx_word' id='word_1_69' title='bbox 1115 1049 1246 1117; x_wconf 90' lang='lat' dir='ltr'><strong>quod</strong></span> <span class='ocrx_word' id='word_1_70' title='bbox 1271 1046 1444 1098; x_wconf 85' lang='lat' dir='ltr'><strong>nullus</strong></span> <span class='ocrx_word' id='word_1_71' title='bbox 1474 1041 1609 1096; x_wconf 87' lang='lat' dir='ltr'><strong>Deus</strong></span> <span class='ocrx_word' id='word_1_72' title='bbox 1634 1042 1767 1093; x_wconf 84' lang='lat' dir='ltr'><strong>alius</strong></span> <span class='ocrx_word' id='word_1_73' title='bbox 1797 1038 1894 1090; x_wconf 87' lang='lat' dir='ltr'><strong>nisi</strong></span> <span class='ocrx_word' id='word_1_74' title='bbox 1916 1052 2067 1088; x_wconf 86' lang='lat' dir='ltr'><strong>unus.</strong></span> 
     </span>
    </p>
   </div>
   <div class='ocr_carea' id='block_1_9' title="bbox 493 1127 2070 1217">
    <p class='ocr_par' dir='ltr' id='par_1_9' title="bbox 493 1127 2070 1217">
     <span class='ocr_line' id='line_1_9' title="bbox 493 1127 2070 1217; baseline -0.017 -13"><span class='ocrx_word' id='word_1_75' title='bbox 493 1151 623 1204; x_wconf 78' lang='lat' dir='ltr'><strong>Vide</strong></span> <span class='ocrx_word' id='word_1_76' title='bbox 673 1151 724 1202; x_wconf 91' lang='lat' dir='ltr'><strong>in</strong></span> <span class='ocrx_word' id='word_1_77' title='bbox 768 1155 1021 1217; x_wconf 85' lang='lat' dir='ltr'><strong>quantum</strong></span> <span class='ocrx_word' id='word_1_78' title='bbox 1081 1138 1378 1206; x_wconf 80' lang='lat' dir='ltr'><strong>angustiam</strong></span> <span class='ocrx_word' id='word_1_79' title='bbox 1430 1131 1698 1186; x_wconf 86' lang='lat' dir='ltr'><strong>inciderit.</strong></span> <span class='ocrx_word' id='word_1_80' title='bbox 1749 1128 1876 1181; x_wconf 82' lang='lat' dir='ltr'><strong>Vult</strong></span> <span class='ocrx_word' id='word_1_81' title='bbox 1927 1127 2070 1180; x_wconf 89' lang='lat' dir='ltr'><strong>enim</strong></span> 
     </span>
    </p>
   </div>
   <div class='ocr_carea' id='block_1_10' title="bbox 493 1223 2072 1310">
    <p class='ocr_par' dir='ltr' id='par_1_10' title="bbox 493 1223 2072 1310">
     <span class='ocr_line' id='line_1_10' title="bbox 493 1223 2072 1310; baseline -0.018 -14"><span class='ocrx_word' id='word_1_82' title='bbox 493 1256 777 1310; x_wconf 87' lang='lat' dir='ltr'><strong>utrumque</strong></span> <span class='ocrx_word' id='word_1_83' title='bbox 798 1237 1046 1307; x_wconf 88' lang='lat' dir='ltr'><strong>probare,</strong></span> <span class='ocrx_word' id='word_1_84' title='bbox 1068 1230 1206 1301; x_wconf 90' lang='lat' dir='ltr'><strong>quod</strong></span> <span class='ocrx_word' id='word_1_85' title='bbox 1235 1247 1261 1279; x_wconf 87' lang='lat' dir='ltr'><strong>a</strong></span> <span class='ocrx_word' id='word_1_86' title='bbox 1288 1228 1376 1280; x_wconf 90' lang='lat' dir='ltr'><strong>tali</strong></span> <span class='ocrx_word' id='word_1_87' title='bbox 1409 1240 1590 1279; x_wconf 87' lang='lat' dir='ltr'><strong>mcusa</strong></span> <span class='ocrx_word' id='word_1_88' title='bbox 1613 1223 1883 1276; x_wconf 83' lang='lat' dir='ltr'><strong>abstinere</strong></span> <span class='ocrx_word' id='word_1_89' title='bbox 1910 1233 2072 1286; x_wconf 87' lang='lat' dir='ltr'><strong>opor-</strong></span> 
     </span>
    </p>
   </div>
   <div class='ocr_carea' id='block_1_11' title="bbox 496 1306 2075 1399">
    <p class='ocr_par' dir='ltr' id='par_1_11' title="bbox 496 1306 2075 1399">
     <span class='ocr_line' id='line_1_11' title="bbox 496 1306 2075 1399; baseline -0.017 -12"><span class='ocrx_word' id='word_1_90' title='bbox 496 1345 627 1394; x_wconf 84' lang='lat' dir='ltr'><strong>teat,</strong></span> <span class='ocrx_word' id='word_1_91' title='bbox 661 1306 882 1399; x_wconf 82' lang='lat' dir='ltr'><strong>etquod</strong></span> <span class='ocrx_word' id='word_1_92' title='bbox 923 1328 1026 1377; x_wconf 85' lang='lat' dir='ltr'><strong>vim</strong></span> <span class='ocrx_word' id='word_1_93' title='bbox 1072 1339 1174 1374; x_wconf 89' lang='lat' dir='ltr'><strong>non</strong></span> <span class='ocrx_word' id='word_1_94' title='bbox 1217 1320 1409 1372; x_wconf 89' lang='lat' dir='ltr'><strong>habeat</strong></span> <span class='ocrx_word' id='word_1_95' title='bbox 1454 1315 1520 1368; x_wconf 90' lang='lat' dir='ltr'><strong>ad</strong></span> <span class='ocrx_word' id='word_1_96' title='bbox 1550 1311 1819 1367; x_wconf 74' lang='lat' dir='ltr'><strong>lzedendos</strong></span> <span class='ocrx_word' id='word_1_97' title='bbox 1861 1323 1956 1361; x_wconf 90' lang='lat' dir='ltr'><strong>eos</strong></span> <span class='ocrx_word' id='word_1_98' title='bbox 1984 1306 2075 1376; x_wconf 91' lang='lat' dir='ltr'><strong>qui</strong></span> 
     </span>
    </p>
   </div>
   <div class='ocr_carea' id='block_1_12' title="bbox 493 1400 2046 1491">
    <p class='ocr_par' dir='ltr' id='par_1_12' title="bbox 493 1400 2046 1491">
     <span class='ocr_line' id='line_1_12' title="bbox 493 1400 2046 1491; baseline -0.019 -13"><span class='ocrx_word' id='word_1_99' title='bbox 493 1435 617 1478; x_wconf 85' lang='lat' dir='ltr'><strong>sunt</strong></span> <span class='ocrx_word' id='word_1_100' title='bbox 647 1423 762 1491; x_wconf 83' lang='lat' dir='ltr'><strong>ejus</strong></span> <span class='ocrx_word' id='word_1_101' title='bbox 791 1417 1112 1488; x_wconf 85' lang='lat' dir='ltr'><strong>participes:</strong></span> <span class='ocrx_word' id='word_1_102' title='bbox 1143 1429 1262 1480; x_wconf 64' lang='lat' dir='ltr'><strong>quze</strong></span> <span class='ocrx_word' id='word_1_103' title='bbox 1290 1408 1503 1478; x_wconf 82' lang='lat' dir='ltr'><strong>quidem</strong></span> <span class='ocrx_word' id='word_1_104' title='bbox 1532 1420 1636 1458; x_wconf 87' lang='lat' dir='ltr'><strong>non</strong></span> <span class='ocrx_word' id='word_1_105' title='bbox 1677 1400 1964 1456; x_wconf 87' lang='lat' dir='ltr'><strong>admodum</strong></span> <span class='ocrx_word' id='word_1_106' title='bbox 1996 1400 2046 1450; x_wconf 90' lang='lat' dir='ltr'><strong>in</strong></span> 
     </span>
    </p>
   </div>
   <div class='ocr_carea' id='block_1_13' title="bbox 494 1489 2083 1569">
    <p class='ocr_par' dir='ltr' id='par_1_13' title="bbox 494 1489 2083 1569">
     <span class='ocr_line' id='line_1_13' title="bbox 494 1489 2083 1569; baseline -0.018 1"><span class='ocrx_word' id='word_1_107' title='bbox 494 1527 574 1569; x_wconf 88' lang='lat' dir='ltr'><strong>ter</strong></span> <span class='ocrx_word' id='word_1_108' title='bbox 601 1529 660 1568; x_wconf 88' lang='lat' dir='ltr'><strong>se</strong></span> <span class='ocrx_word' id='word_1_109' title='bbox 678 1489 1096 1565; x_wconf 75' lang='lat' dir='ltr'><strong>conveniebant.</strong></span> <span class='ocrx_word' id='word_1_110' title='bbox 1129 1504 1262 1557; x_wconf 88' lang='lat' dir='ltr'><strong>Nam</strong></span> <span class='ocrx_word' id='word_1_111' title='bbox 1285 1516 1403 1553; x_wconf 91' lang='lat' dir='ltr'><strong>cum</strong></span> <span class='ocrx_word' id='word_1_112' title='bbox 1432 1497 1746 1552; x_wconf 87' lang='lat' dir='ltr'><strong>didicissent</strong></span> <span class='ocrx_word' id='word_1_113' title='bbox 1776 1509 1838 1547; x_wconf 88' lang='lat' dir='ltr'><strong>ea</strong></span> <span class='ocrx_word' id='word_1_114' title='bbox 1869 1508 1974 1546; x_wconf 91' lang='lat' dir='ltr'><strong>non</strong></span> <span class='ocrx_word' id='word_1_115' title='bbox 2003 1489 2083 1543; x_wconf 81' lang='lat' dir='ltr'><strong>af—</strong></span> 
     </span>
    </p>
   </div>
   <div class='ocr_carea' id='block_1_14' title="bbox 497 1582 2080 1664">
    <p class='ocr_par' dir='ltr' id='par_1_14' title="bbox 497 1582 2080 1664">
     <span class='ocr_line' id='line_1_14' title="bbox 497 1582 2080 1664; baseline -0.017 -3"><span class='ocrx_word' id='word_1_116' title='bbox 497 1609 635 1660; x_wconf 78' lang='lat' dir='ltr'><strong>ferre</strong></span> <span class='ocrx_word' id='word_1_117' title='bbox 685 1604 982 1664; x_wconf 81' lang='lat' dir='ltr'><strong>damnum,</strong></span> <span class='ocrx_word' id='word_1_118' title='bbox 1037 1613 1098 1651; x_wconf 89' lang='lat' dir='ltr'><strong>ea</strong></span> <span class='ocrx_word' id='word_1_119' title='bbox 1155 1605 1421 1662; x_wconf 89' lang='lat' dir='ltr'><strong>tamquam</strong></span> <span class='ocrx_word' id='word_1_120' title='bbox 1478 1587 1833 1643; x_wconf 77' lang='lat' dir='ltr'><strong>indifferentia</strong></span> <span class='ocrx_word' id='word_1_121' title='bbox 1887 1582 2080 1637; x_wconf 90' lang='lat' dir='ltr'><strong>adituri</strong></span> 
     </span>
    </p>
   </div>
   <div class='ocr_carea' id='block_1_15' title="bbox 499 1679 2080 1754">
    <p class='ocr_par' dir='ltr' id='par_1_15' title="bbox 499 1679 2080 1754">
     <span class='ocr_line' id='line_1_15' title="bbox 499 1679 2080 1754; baseline -0.018 -3"><span class='ocrx_word' id='word_1_122' title='bbox 499 1705 654 1751; x_wconf 84' lang='lat' dir='ltr'><strong>erant</strong></span> <span class='ocrx_word' id='word_1_123' title='bbox 695 1710 708 1746; x_wconf 92' lang='lat'><strong><em>:</em></strong></span> <span class='ocrx_word' id='word_1_124' title='bbox 753 1709 873 1745; x_wconf 90' lang='lat' dir='ltr'><strong>cum</strong></span> <span class='ocrx_word' id='word_1_125' title='bbox 918 1705 1046 1744; x_wconf 91' lang='lat' dir='ltr'><strong>vero</strong></span> <span class='ocrx_word' id='word_1_126' title='bbox 1091 1685 1476 1754; x_wconf 75' lang='lat' dir='ltr'><strong>impedirentur</strong></span> <span class='ocrx_word' id='word_1_127' title='bbox 1517 1695 1584 1734; x_wconf 90' lang='lat' dir='ltr'><strong>ne</strong></span> <span class='ocrx_word' id='word_1_128' title='bbox 1629 1679 1714 1730; x_wconf 90' lang='lat' dir='ltr'><strong>illa</strong></span> <span class='ocrx_word' id='word_1_129' title='bbox 1763 1685 2080 1742; x_wconf 80' lang='lat' dir='ltr'><strong>tangerent,</strong></span> 
     </span>
    </p>
   </div>
   <div class='ocr_carea' id='block_1_16' title="bbox 499 1765 2082 1851">
    <p class='ocr_par' dir='ltr' id='par_1_16' title="bbox 499 1765 2082 1851">
     <span class='ocr_line' id='line_1_16' title="bbox 499 1765 2082 1851; baseline -0.016 -9"><span class='ocrx_word' id='word_1_130' title='bbox 499 1802 686 1842; x_wconf 90' lang='lat' dir='ltr'><strong>rursus</strong></span> <span class='ocrx_word' id='word_1_131' title='bbox 719 1782 1159 1851; x_wconf 77' lang='lat' dir='ltr'><strong>SIISpicabautur,</strong></span> <span class='ocrx_word' id='word_1_132' title='bbox 1202 1776 1341 1845; x_wconf 78' lang='lat' dir='ltr'><strong>quod</strong></span> <span class='ocrx_word' id='word_1_133' title='bbox 1397 1771 1648 1840; x_wconf 84' lang='lat' dir='ltr'><strong>prohibiti</strong></span> <span class='ocrx_word' id='word_1_134' title='bbox 1703 1776 1885 1821; x_wconf 81' lang='lat' dir='ltr'><strong>essent</strong></span> <span class='ocrx_word' id='word_1_135' title='bbox 1932 1765 2082 1834; x_wconf 86' lang='lat' dir='ltr'><strong>quasi</strong></span> 
     </span>
    </p>
   </div>
   <div class='ocr_carea' id='block_1_17' title="bbox 503 1857 2087 1939">
    <p class='ocr_par' dir='ltr' id='par_1_17' title="bbox 503 1857 2087 1939">
     <span class='ocr_line' id='line_1_17' title="bbox 503 1857 2087 1939; baseline -0.015 -7"><span class='ocrx_word' id='word_1_136' title='bbox 503 1879 592 1932; x_wconf 90' lang='lat' dir='ltr'><strong>illa</strong></span> <span class='ocrx_word' id='word_1_137' title='bbox 626 1873 1039 1939; x_wconf 71' lang='lat' dir='ltr'><strong>vimJIaberent</strong></span> <span class='ocrx_word' id='word_1_138' title='bbox 1067 1867 1320 1922; x_wconf 66' lang='lat' dir='ltr'><strong>laedendi.</strong></span> <span class='ocrx_word' id='word_1_139' title='bbox 1355 1865 1478 1918; x_wconf 91' lang='lat' dir='ltr'><strong>Ideo</strong></span> <span class='ocrx_word' id='word_1_140' title='bbox 1527 1878 1646 1916; x_wconf 92' lang='lat' dir='ltr'><strong>cum</strong></span> <span class='ocrx_word' id='word_1_141' title='bbox 1680 1861 1940 1913; x_wconf 83' lang='lat' dir='ltr'><strong>idolorum</strong></span> <span class='ocrx_word' id='word_1_142' title='bbox 1968 1857 2087 1923; x_wconf 89' lang='lat' dir='ltr'><strong>opi-</strong></span> 
     </span>
    </p>
   </div>
   <div class='ocr_carea' id='block_1_18' title="bbox 504 1947 2089 2025">
    <p class='ocr_par' dir='ltr' id='par_1_18' title="bbox 504 1947 2089 2025">
     <span class='ocr_line' id='line_1_18' title="bbox 504 1947 2089 2025; baseline -0.015 -3"><span class='ocrx_word' id='word_1_143' title='bbox 504 1971 716 2022; x_wconf 89' lang='lat' dir='ltr'><strong>nionem</strong></span> <span class='ocrx_word' id='word_1_144' title='bbox 745 1964 1074 2025; x_wconf 82' lang='lat' dir='ltr'><strong>sustulisset,</strong></span> <span class='ocrx_word' id='word_1_145' title='bbox 1101 1957 1404 2012; x_wconf 87' lang='lat' dir='ltr'><strong>abstinendi</strong></span> <span class='ocrx_word' id='word_1_146' title='bbox 1431 1956 1656 2024; x_wconf 87' lang='lat' dir='ltr'><strong>primam</strong></span> <span class='ocrx_word' id='word_1_147' title='bbox 1686 1965 1902 2004; x_wconf 83' lang='lat' dir='ltr'><strong>causam</strong></span> <span class='ocrx_word' id='word_1_148' title='bbox 1935 1947 2089 2001; x_wconf 72' lang='lat' dir='ltr'><strong>aliert</strong></span> 
     </span>
    </p>
   </div>
   <div class='ocr_carea' id='block_1_19' title="bbox 506 2043 2094 2115">
    <p class='ocr_par' dir='ltr' id='par_1_19' title="bbox 506 2043 2094 2115">
     <span class='ocr_line' id='line_1_19' title="bbox 506 2043 2094 2115; baseline -0.014 -2"><span class='ocrx_word' id='word_1_149' title='bbox 506 2060 725 2113; x_wconf 82' lang='lat' dir='ltr'><strong>fratrum</strong></span> <span class='ocrx_word' id='word_1_150' title='bbox 758 2053 1110 2115; x_wconf 71' lang='lat' dir='ltr'><strong>oﬂ‘cndicula,</strong></span> <span class='ocrx_word' id='word_1_151' title='bbox 1139 2051 1217 2103; x_wconf 88' lang='lat' dir='ltr'><strong>sic</strong></span> <span class='ocrx_word' id='word_1_152' title='bbox 1257 2048 1480 2102; x_wconf 89' lang='lat' dir='ltr'><strong>dicens:</strong></span> <span class='ocrx_word' id='word_1_153' title='bbox 1510 2045 1586 2097; x_wconf 91' lang='lat' dir='ltr'><strong>De</strong></span> <span class='ocrx_word' id='word_1_154' title='bbox 1613 2060 1723 2096; x_wconf 83' lang='lat' dir='ltr'><strong>esca</strong></span> <span class='ocrx_word' id='word_1_155' title='bbox 1752 2043 1906 2110; x_wconf 84' lang='lat' dir='ltr'><strong>igitur</strong></span> <span class='ocrx_word' id='word_1_156' title='bbox 1935 2079 1947 2101; x_wconf 93' lang='lat'><strong>,</strong></span> <span class='ocrx_word' id='word_1_157' title='bbox 1981 2053 2094 2105; x_wconf 78' lang='lat' dir='ltr'><strong>qua:</strong></span> 
     </span>
    </p>
   </div>
   <div class='ocr_carea' id='block_1_20' title="bbox 505 2131 2092 2209">
    <p class='ocr_par' dir='ltr' id='par_1_20' title="bbox 505 2131 2092 2209">
     <span class='ocr_line' id='line_1_20' title="bbox 505 2131 2092 2209; baseline -0.015 -6"><span class='ocrx_word' id='word_1_158' title='bbox 505 2151 603 2203; x_wconf 73' lang='lat' dir='ltr'><strong>diis</strong></span> <span class='ocrx_word' id='word_1_159' title='bbox 631 2147 940 2204; x_wconf 83' lang='lat' dir='ltr'><strong>immolatur,</strong></span> <span class='ocrx_word' id='word_1_160' title='bbox 965 2145 1150 2196; x_wconf 82' lang='lat' dir='ltr'><strong>scimus</strong></span> <span class='ocrx_word' id='word_1_161' title='bbox 1171 2139 1305 2209; x_wconf 86' lang='lat' dir='ltr'><strong>quod</strong></span> <span class='ocrx_word' id='word_1_162' title='bbox 1335 2135 1534 2190; x_wconf 77' lang='lat' dir='ltr'><strong>nullum</strong></span> <span class='ocrx_word' id='word_1_163' title='bbox 1559 2135 1624 2187; x_wconf 85' lang='lat' dir='ltr'><strong>sit</strong></span> <span class='ocrx_word' id='word_1_164' title='bbox 1647 2131 1842 2185; x_wconf 78' lang='lat' dir='ltr'><strong>idolum</strong></span> <span class='ocrx_word' id='word_1_165' title='bbox 1870 2131 1922 2182; x_wconf 88' lang='lat' dir='ltr'><strong>iu</strong></span> <span class='ocrx_word' id='word_1_166' title='bbox 1944 2145 2092 2180; x_wconf 83' lang='lat' dir='ltr'><strong>mun—</strong></span> 
     </span>
    </p>
   </div>
   <div class='ocr_carea' id='block_1_21' title="bbox 508 2219 2097 2305">
    <p class='ocr_par' dir='ltr' id='par_1_21' title="bbox 508 2219 2097 2305">
     <span class='ocr_line' id='line_1_21' title="bbox 508 2219 2097 2305; baseline -0.013 -12"><span class='ocrx_word' id='word_1_167' title='bbox 508 2244 592 2294; x_wconf 81' lang='lat' dir='ltr'><strong>do.</strong></span> <span class='ocrx_word' id='word_1_168' title='bbox 629 2241 831 2294; x_wconf 81' lang='lat' dir='ltr'><strong>Rursus</strong></span> <span class='ocrx_word' id='word_1_169' title='bbox 859 2238 1031 2305; x_wconf 89' lang='lat' dir='ltr'><strong>ipsum</strong></span> <span class='ocrx_word' id='word_1_170' title='bbox 1062 2246 1343 2286; x_wconf 83' lang='lat' dir='ltr'><strong>commune</strong></span> <span class='ocrx_word' id='word_1_171' title='bbox 1395 2229 1553 2291; x_wconf 69' lang='lat' dir='ltr'><strong>t‘acit,</strong></span> <span class='ocrx_word' id='word_1_172' title='bbox 1588 2239 1687 2279; x_wconf 89' lang='lat' dir='ltr'><strong>nec</strong></span> <span class='ocrx_word' id='word_1_173' title='bbox 1713 2221 1963 2278; x_wconf 85' lang='lat' dir='ltr'><strong>concedit</strong></span> <span class='ocrx_word' id='word_1_174' title='bbox 1993 2219 2097 2273; x_wconf 91' lang='lat' dir='ltr'><strong>hoc</strong></span> 
     </span>
    </p>
   </div>
   <div class='ocr_carea' id='block_1_22' title="bbox 509 2316 2098 2388">
    <p class='ocr_par' dir='ltr' id='par_1_22' title="bbox 509 2316 2098 2388">
     <span class='ocr_line' id='line_1_22' title="bbox 509 2316 2098 2388; baseline -0.015 0"><span class='ocrx_word' id='word_1_175' title='bbox 509 2334 721 2388; x_wconf 90' lang='lat' dir='ltr'><strong>illorum</strong></span> <span class='ocrx_word' id='word_1_176' title='bbox 764 2345 882 2384; x_wconf 88' lang='lat' dir='ltr'><strong>esse</strong></span> <span class='ocrx_word' id='word_1_177' title='bbox 926 2329 1127 2388; x_wconf 74' lang='grc' dir='ltr'><strong>ειιιιιη,</strong></span> <span class='ocrx_word' id='word_1_178' title='bbox 1175 2323 1268 2377; x_wconf 71' lang='lat' dir='ltr'><strong>sed</strong></span> <span class='ocrx_word' id='word_1_179' title='bbox 1311 2319 1551 2375; x_wconf 73' lang='lat' dir='ltr'><strong>extrudit</strong></span> <span class='ocrx_word' id='word_1_180' title='bbox 1590 2316 1953 2386; x_wconf 78' lang='lat' dir='ltr'><strong>cognitionem</strong></span> <span class='ocrx_word' id='word_1_181' title='bbox 2005 2327 2098 2379; x_wconf 77' lang='lat' dir='ltr'><strong>per</strong></span> 
     </span>
    </p>
   </div>
   <div class='ocr_carea' id='block_1_23' title="bbox 515 2410 2096 2481">
    <p class='ocr_par' dir='ltr' id='par_1_23' title="bbox 515 2410 2096 2481">
     <span class='ocr_line' id='line_1_23' title="bbox 515 2410 2096 2481; baseline -0.016 -1"><span class='ocrx_word' id='word_1_182' title='bbox 515 2437 684 2480; x_wconf 89' lang='lat' dir='ltr'><strong>totum</strong></span> <span class='ocrx_word' id='word_1_183' title='bbox 710 2424 896 2476; x_wconf 88' lang='lat' dir='ltr'><strong>orbem</strong></span> <span class='ocrx_word' id='word_1_184' title='bbox 927 2432 1101 2474; x_wconf 62' lang='lat' dir='ltr'><strong>terrm.</strong></span> <span class='ocrx_word' id='word_1_185' title='bbox 1149 2416 1328 2481; x_wconf 77' lang='lat' dir='ltr'><strong>Nepte</strong></span> <span class='ocrx_word' id='word_1_186' title='bbox 1371 2414 1512 2467; x_wconf 83' lang='lat' dir='ltr'><strong>enim</strong></span> <span class='ocrx_word' id='word_1_187' title='bbox 1554 2410 1691 2480; x_wconf 89' lang='lat' dir='ltr'><strong>apud</strong></span> <span class='ocrx_word' id='word_1_188' title='bbox 1721 2424 1815 2461; x_wconf 87' lang='lat' dir='ltr'><strong>vos</strong></span> <span class='ocrx_word' id='word_1_189' title='bbox 1855 2416 2096 2466; x_wconf 90' lang='lat' dir='ltr'><strong>tantum,</strong></span> 
     </span>
    </p>
   </div>
   <div class='ocr_carea' id='block_1_24' title="bbox 515 2500 2096 2588">
    <p class='ocr_par' dir='ltr' id='par_1_24' title="bbox 515 2500 2096 2588">
     <span class='ocr_line' id='line_1_24' title="bbox 515 2500 2096 2588; baseline -0.015 -15"><span class='ocrx_word' id='word_1_190' title='bbox 515 2519 708 2588; x_wconf 86' lang='lat' dir='ltr'><strong>inquit,</strong></span> <span class='ocrx_word' id='word_1_191' title='bbox 741 2515 836 2570; x_wconf 86' lang='lat' dir='ltr'><strong>sed</strong></span> <span class='ocrx_word' id='word_1_192' title='bbox 867 2515 1059 2582; x_wconf 86' lang='lat' dir='ltr'><strong>ubique</strong></span> <span class='ocrx_word' id='word_1_193' title='bbox 1091 2521 1352 2564; x_wconf 85' lang='lat' dir='ltr'><strong>terrarum</strong></span> <span class='ocrx_word' id='word_1_194' title='bbox 1387 2507 1486 2559; x_wconf 87' lang='lat' dir='ltr'><strong>hoc</strong></span> <span class='ocrx_word' id='word_1_195' title='bbox 1511 2504 1704 2572; x_wconf 81' lang='lat' dir='ltr'><strong>dogma</strong></span> <span class='ocrx_word' id='word_1_196' title='bbox 1738 2502 1842 2554; x_wconf 91' lang='lat' dir='ltr'><strong>vim</strong></span> <span class='ocrx_word' id='word_1_197' title='bbox 1873 2500 2096 2551; x_wconf 83' lang='lat' dir='ltr'><strong>obtinet.</strong></span> 
     </span>
    </p>
   </div>
   <div class='ocr_carea' id='block_1_25' title="bbox 516 2589 2100 2677">
    <p class='ocr_par' dir='ltr' id='par_1_25' title="bbox 516 2589 2100 2677">
     <span class='ocr_line' id='line_1_25' title="bbox 516 2589 2100 2677; baseline -0.014 -16"><span class='ocrx_word' id='word_1_198' title='bbox 516 2609 795 2677; x_wconf 76' lang='lat' dir='ltr'><strong>Quodnam</strong></span> <span class='ocrx_word' id='word_1_199' title='bbox 829 2605 999 2660; x_wconf 71' lang='lat' dir='ltr'><strong>illud?</strong></span> <span class='ocrx_word' id='word_1_200' title='bbox 1048 2601 1198 2666; x_wconf 83' lang='lat' dir='ltr'><strong>Quod</strong></span> <span class='ocrx_word' id='word_1_201' title='bbox 1242 2600 1438 2652; x_wconf 75' lang='lat' dir='ltr'><strong>nullout</strong></span> <span class='ocrx_word' id='word_1_202' title='bbox 1467 2598 1531 2650; x_wconf 87' lang='lat' dir='ltr'><strong>sit</strong></span> <span class='ocrx_word' id='word_1_203' title='bbox 1575 2594 1766 2646; x_wconf 79' lang='lat' dir='ltr'><strong>idolum</strong></span> <span class='ocrx_word' id='word_1_204' title='bbox 1799 2593 1848 2643; x_wconf 86' lang='lat' dir='ltr'><strong>in</strong></span> <span class='ocrx_word' id='word_1_205' title='bbox 1879 2589 2100 2654; x_wconf 86' lang='lat' dir='ltr'><strong>mundo,</strong></span> 
     </span>
    </p>
   </div>
   <div class='ocr_carea' id='block_1_26' title="bbox 516 2683 2104 2768">
    <p class='ocr_par' dir='ltr' id='par_1_26' title="bbox 516 2683 2104 2768">
     <span class='ocr_line' id='line_1_26' title="bbox 516 2683 2104 2768; baseline -0.017 -15"><span class='ocrx_word' id='word_1_206' title='bbox 516 2711 564 2754; x_wconf 72' lang='lat' dir='ltr'><strong>et</strong></span> <span class='ocrx_word' id='word_1_207' title='bbox 593 2699 732 2768; x_wconf 82' lang='lat' dir='ltr'><strong>quod</strong></span> <span class='ocrx_word' id='word_1_208' title='bbox 765 2714 866 2751; x_wconf 85' lang='lat' dir='ltr'><strong>non</strong></span> <span class='ocrx_word' id='word_1_209' title='bbox 892 2695 956 2750; x_wconf 90' lang='lat' dir='ltr'><strong>sit</strong></span> <span class='ocrx_word' id='word_1_210' title='bbox 1000 2691 1140 2746; x_wconf 85' lang='lat' dir='ltr'><strong>Deus</strong></span> <span class='ocrx_word' id='word_1_211' title='bbox 1170 2691 1302 2743; x_wconf 82' lang='lat' dir='ltr'><strong>alius</strong></span> <span class='ocrx_word' id='word_1_212' title='bbox 1347 2688 1442 2740; x_wconf 88' lang='lat' dir='ltr'><strong>uisi</strong></span> <span class='ocrx_word' id='word_1_213' title='bbox 1483 2701 1632 2739; x_wconf 84' lang='lat' dir='ltr'><strong>unus.</strong></span> <span class='ocrx_word' id='word_1_214' title='bbox 1681 2683 1794 2736; x_wconf 83' lang='lat' dir='ltr'><strong>Non</strong></span> <span class='ocrx_word' id='word_1_215' title='bbox 1828 2690 1950 2734; x_wconf 88' lang='lat' dir='ltr'><strong>sunt</strong></span> <span class='ocrx_word' id='word_1_216' title='bbox 1975 2695 2104 2747; x_wconf 73' lang='lat' dir='ltr'><strong>ergo</strong></span> 
     </span>
    </p>
   </div>
   <div class='ocr_carea' id='block_1_27' title="bbox 521 2774 2104 2849">
    <p class='ocr_par' dir='ltr' id='par_1_27' title="bbox 521 2774 2104 2849">
     <span class='ocr_line' id='line_1_27' title="bbox 521 2774 2104 2849; baseline -0.013 -5"><span class='ocrx_word' id='word_1_217' title='bbox 521 2792 700 2844; x_wconf 80' lang='lat' dir='ltr'><strong>idola?</strong></span> <span class='ocrx_word' id='word_1_218' title='bbox 721 2805 827 2844; x_wconf 90' lang='lat' dir='ltr'><strong>non</strong></span> <span class='ocrx_word' id='word_1_219' title='bbox 850 2795 973 2841; x_wconf 89' lang='lat' dir='ltr'><strong>sunt</strong></span> <span class='ocrx_word' id='word_1_220' title='bbox 1000 2781 1372 2839; x_wconf 69' lang='lat' dir='ltr'><strong>statumiSuut</strong></span> <span class='ocrx_word' id='word_1_221' title='bbox 1393 2779 1630 2849; x_wconf 80' lang='lat' dir='ltr'><strong>quidem,</strong></span> <span class='ocrx_word' id='word_1_222' title='bbox 1657 2777 1749 2830; x_wconf 90' lang='lat' dir='ltr'><strong>sed</strong></span> <span class='ocrx_word' id='word_1_223' title='bbox 1781 2774 1974 2827; x_wconf 88' lang='lat' dir='ltr'><strong>nullam</strong></span> <span class='ocrx_word' id='word_1_224' title='bbox 2001 2774 2104 2824; x_wconf 84' lang='lat' dir='ltr'><strong>vim</strong></span> 
     </span>
    </p>
   </div>
   <div class='ocr_carea' id='block_1_28' title="bbox 529 2861 2105 2948">
    <p class='ocr_par' dir='ltr' id='par_1_28' title="bbox 529 2861 2105 2948">
     <span class='ocr_line' id='line_1_28' title="bbox 529 2861 2105 2948; baseline -0.015 -11"><span class='ocrx_word' id='word_1_225' title='bbox 529 2884 752 2942; x_wconf 86' lang='lat' dir='ltr'><strong>habent;</strong></span> <span class='ocrx_word' id='word_1_226' title='bbox 783 2893 956 2948; x_wconf 85' lang='lat' dir='ltr'><strong>neque</strong></span> <span class='ocrx_word' id='word_1_227' title='bbox 981 2876 1054 2932; x_wconf 91' lang='lat' dir='ltr'><strong>dii</strong></span> <span class='ocrx_word' id='word_1_228' title='bbox 1086 2883 1232 2939; x_wconf 90' lang='lat' dir='ltr'><strong>sunt,</strong></span> <span class='ocrx_word' id='word_1_229' title='bbox 1261 2873 1355 2926; x_wconf 89' lang='lat' dir='ltr'><strong>sed</strong></span> <span class='ocrx_word' id='word_1_230' title='bbox 1385 2870 1590 2938; x_wconf 76' lang='lat' dir='ltr'><strong>lapides</strong></span> <span class='ocrx_word' id='word_1_231' title='bbox 1620 2876 1674 2920; x_wconf 91' lang='lat' dir='ltr'><strong>ct</strong></span> <span class='ocrx_word' id='word_1_232' title='bbox 1701 2866 1993 2920; x_wconf 72' lang='lat' dir='ltr'><strong>dannoues.</strong></span> <span class='ocrx_word' id='word_1_233' title='bbox 2026 2861 2105 2914; x_wconf 80' lang='lat' dir='ltr'><strong>Ad</strong></span> 
     </span>
    </p>
   </div>
   <div class='ocr_carea' id='block_1_29' title="bbox 524 2956 2108 3042">
    <p class='ocr_par' dir='ltr' id='par_1_29' title="bbox 524 2956 2108 3042">
     <span class='ocr_line' id='line_1_29' title="bbox 524 2956 2108 3042; baseline -0.013 -13"><span class='ocrx_word' id='word_1_234' title='bbox 524 2984 779 3042; x_wconf 85' lang='lat' dir='ltr'><strong>utrosque</strong></span> <span class='ocrx_word' id='word_1_235' title='bbox 798 2971 941 3026; x_wconf 89' lang='lat' dir='ltr'><strong>enim</strong></span> <span class='ocrx_word' id='word_1_236' title='bbox 970 2984 1109 3022; x_wconf 91' lang='lat' dir='ltr'><strong>nunc</strong></span> <span class='ocrx_word' id='word_1_237' title='bbox 1133 2966 1430 3021; x_wconf 88' lang='lat' dir='ltr'><strong>orationem</strong></span> <span class='ocrx_word' id='word_1_238' title='bbox 1462 2961 1636 3030; x_wconf 78' lang='lat' dir='ltr'><strong>dirigit</strong></span> <span class='ocrx_word' id='word_1_239' title='bbox 1665 3001 1680 3024; x_wconf 91' lang='lat'><strong>,</strong></span> <span class='ocrx_word' id='word_1_240' title='bbox 1704 2969 1756 3014; x_wconf 90' lang='lat' dir='ltr'><strong>et</strong></span> <span class='ocrx_word' id='word_1_241' title='bbox 1782 2958 1846 3012; x_wconf 84' lang='lat' dir='ltr'><strong>ad</strong></span> <span class='ocrx_word' id='word_1_242' title='bbox 1875 2956 2108 3011; x_wconf 80' lang='lat' dir='ltr'><strong>crassio-</strong></span> 
     </span>
    </p>
   </div>
   <div class='ocr_carea' id='block_1_30' title="bbox 525 3047 2108 3130">
    <p class='ocr_par' dir='ltr' id='par_1_30' title="bbox 525 3047 2108 3130">
     <span class='ocr_line' id='line_1_30' title="bbox 525 3047 2108 3130; baseline -0.015 -11"><span class='ocrx_word' id='word_1_243' title='bbox 525 3083 612 3120; x_wconf 90' lang='lat' dir='ltr'><strong>res</strong></span> <span class='ocrx_word' id='word_1_244' title='bbox 637 3074 692 3118; x_wconf 87' lang='lat' dir='ltr'><strong>et</strong></span> <span class='ocrx_word' id='word_1_245' title='bbox 719 3063 782 3115; x_wconf 87' lang='lat' dir='ltr'><strong>ad</strong></span> <span class='ocrx_word' id='word_1_246' title='bbox 809 3078 906 3116; x_wconf 84' lang='lat' dir='ltr'><strong>eos</strong></span> <span class='ocrx_word' id='word_1_247' title='bbox 949 3061 1041 3130; x_wconf 89' lang='lat' dir='ltr'><strong>qui</strong></span> <span class='ocrx_word' id='word_1_248' title='bbox 1080 3055 1446 3128; x_wconf 86' lang='lat' dir='ltr'><strong>philosophari</strong></span> <span class='ocrx_word' id='word_1_249' title='bbox 1477 3054 1742 3106; x_wconf 61' lang='lat' dir='ltr'><strong>videatur.</strong></span> <span class='ocrx_word' id='word_1_250' title='bbox 1789 3050 1924 3116; x_wconf 80' lang='lat' dir='ltr'><strong>Quia</strong></span> <span class='ocrx_word' id='word_1_251' title='bbox 1965 3047 2108 3102; x_wconf 90' lang='lat' dir='ltr'><strong>enim</strong></span> 
     </span>
    </p>
   </div>
   <div class='ocr_carea' id='block_1_31' title="bbox 528 3139 2114 3222">
    <p class='ocr_par' dir='ltr' id='par_1_31' title="bbox 528 3139 2114 3222">
     <span class='ocr_line' id='line_1_31' title="bbox 528 3139 2114 3222; baseline -0.013 -13"><span class='ocrx_word' id='word_1_252' title='bbox 528 3157 616 3210; x_wconf 88' lang='lat' dir='ltr'><strong>alii</strong></span> <span class='ocrx_word' id='word_1_253' title='bbox 651 3154 780 3206; x_wconf 78' lang='lat' dir='ltr'><strong>niiiil</strong></span> <span class='ocrx_word' id='word_1_254' title='bbox 813 3153 931 3222; x_wconf 88' lang='lat' dir='ltr'><strong>plus</strong></span> <span class='ocrx_word' id='word_1_255' title='bbox 977 3151 1155 3205; x_wconf 88' lang='lat' dir='ltr'><strong>sciunt</strong></span> <span class='ocrx_word' id='word_1_256' title='bbox 1198 3163 1355 3216; x_wconf 86' lang='lat' dir='ltr'><strong>quam</strong></span> <span class='ocrx_word' id='word_1_257' title='bbox 1394 3145 1628 3214; x_wconf 85' lang='lat' dir='ltr'><strong>lapides,</strong></span> <span class='ocrx_word' id='word_1_258' title='bbox 1662 3142 1749 3195; x_wconf 90' lang='lat' dir='ltr'><strong>alii</strong></span> <span class='ocrx_word' id='word_1_259' title='bbox 1778 3156 1904 3193; x_wconf 89' lang='lat' dir='ltr'><strong>vero</strong></span> <span class='ocrx_word' id='word_1_260' title='bbox 1930 3139 2114 3192; x_wconf 89' lang='lat' dir='ltr'><strong>dicunt</strong></span> 
     </span>
    </p>
   </div>
   <div class='ocr_carea' id='block_1_32' title="bbox 534 3231 2117 3313">
    <p class='ocr_par' dir='ltr' id='par_1_32' title="bbox 534 3231 2117 3313">
     <span class='ocr_line' id='line_1_32' title="bbox 534 3231 2117 3313; baseline -0.01 -15"><span class='ocrx_word' id='word_1_261' title='bbox 534 3251 755 3300; x_wconf 67' lang='lat' dir='ltr'><strong>virtute~</strong></span> <span class='ocrx_word' id='word_1_262' title='bbox 773 3242 1026 3313; x_wconf 82' lang='lat' dir='ltr'><strong>quasdam</strong></span> <span class='ocrx_word' id='word_1_263' title='bbox 1052 3242 1103 3295; x_wconf 90' lang='lat' dir='ltr'><strong>in</strong></span> <span class='ocrx_word' id='word_1_264' title='bbox 1134 3239 1240 3292; x_wconf 88' lang='lat' dir='ltr'><strong>illis</strong></span> <span class='ocrx_word' id='word_1_265' title='bbox 1256 3235 1517 3298; x_wconf 86' lang='lat' dir='ltr'><strong>habitare,</strong></span> <span class='ocrx_word' id='word_1_266' title='bbox 1537 3249 1668 3303; x_wconf 88' lang='lat' dir='ltr'><strong>quas</strong></span> <span class='ocrx_word' id='word_1_267' title='bbox 1692 3235 1850 3286; x_wconf 90' lang='lat' dir='ltr'><strong>etiam</strong></span> <span class='ocrx_word' id='word_1_268' title='bbox 1872 3231 2004 3285; x_wconf 74' lang='lat' dir='ltr'><strong>deos</strong></span> <span class='ocrx_word' id='word_1_269' title='bbox 2024 3243 2117 3282; x_wconf 86' lang='lat' dir='ltr'><strong>vo-</strong></span> 
     </span>
    </p>
   </div>
   <div class='ocr_carea' id='block_1_33' title="bbox 531 3322 2112 3402">
    <p class='ocr_par' dir='ltr' id='par_1_33' title="bbox 531 3322 2112 3402">
     <span class='ocr_line' id='line_1_33' title="bbox 531 3322 2112 3402; baseline -0.013 -12"><span class='ocrx_word' id='word_1_270' title='bbox 531 3347 685 3394; x_wconf 83' lang='lat' dir='ltr'><strong>cant:</strong></span> <span class='ocrx_word' id='word_1_271' title='bbox 712 3335 816 3388; x_wconf 89' lang='lat' dir='ltr'><strong>illis</strong></span> <span class='ocrx_word' id='word_1_272' title='bbox 837 3333 1050 3402; x_wconf 86' lang='lat' dir='ltr'><strong>quidem</strong></span> <span class='ocrx_word' id='word_1_273' title='bbox 1073 3329 1203 3385; x_wconf 92' lang='lat' dir='ltr'><strong>dicit</strong></span> <span class='ocrx_word' id='word_1_274' title='bbox 1225 3329 1426 3381; x_wconf 89' lang='lat' dir='ltr'><strong>nullum</strong></span> <span class='ocrx_word' id='word_1_275' title='bbox 1454 3339 1573 3380; x_wconf 60' lang='lat' dir='ltr'><strong>C858</strong></span> <span class='ocrx_word' id='word_1_276' title='bbox 1602 3325 1800 3378; x_wconf 78' lang='lat' dir='ltr'><strong>idolum</strong></span> <span class='ocrx_word' id='word_1_277' title='bbox 1826 3326 1876 3375; x_wconf 90' lang='lat' dir='ltr'><strong>in</strong></span> <span class='ocrx_word' id='word_1_278' title='bbox 1895 3322 2112 3386; x_wconf 82' lang='lat' dir='ltr'><strong>mundo,</strong></span> 
     </span>
    </p>
   </div>
   <div class='ocr_carea' id='block_1_34' title="bbox 533 3415 2053 3489">
    <p class='ocr_par' dir='ltr' id='par_1_34' title="bbox 533 3415 2053 3489">
     <span class='ocr_line' id='line_1_34' title="bbox 533 3415 2053 3489; baseline -0.011 -9"><span class='ocrx_word' id='word_1_279' title='bbox 533 3429 651 3480; x_wconf 86' lang='lat' dir='ltr'><strong>aiiis</strong></span> <span class='ocrx_word' id='word_1_280' title='bbox 697 3439 865 3489; x_wconf 89' lang='lat' dir='ltr'><strong>vero,</strong></span> <span class='ocrx_word' id='word_1_281' title='bbox 899 3438 1004 3476; x_wconf 90' lang='lat' dir='ltr'><strong>non</strong></span> <span class='ocrx_word' id='word_1_282' title='bbox 1034 3437 1154 3476; x_wconf 88' lang='lat' dir='ltr'><strong>esse</strong></span> <span class='ocrx_word' id='word_1_283' title='bbox 1185 3421 1356 3475; x_wconf 90' lang='lat' dir='ltr'><strong>Deum</strong></span> <span class='ocrx_word' id='word_1_284' title='bbox 1404 3419 1456 3472; x_wconf 91' lang='lat' dir='ltr'><strong>in</strong></span> <span class='ocrx_word' id='word_1_285' title='bbox 1501 3416 1698 3470; x_wconf 80' lang='lat' dir='ltr'><strong>niuudo</strong></span> <span class='ocrx_word' id='word_1_286' title='bbox 1745 3415 1842 3466; x_wconf 88' lang='lat' dir='ltr'><strong>nisi</strong></span> <span class='ocrx_word' id='word_1_287' title='bbox 1867 3429 2053 3466; x_wconf 89' lang='lat' dir='ltr'><strong>unum.</strong></span> 
     </span>
    </p>
   </div>
   <div class='ocr_carea' id='block_1_35' title="bbox 607 3507 2119 3585">
    <p class='ocr_par' dir='ltr' id='par_1_35' title="bbox 607 3507 2119 3585">
     <span class='ocr_line' id='line_1_35' title="bbox 607 3507 2119 3585; baseline -0.01 -13"><span class='ocrx_word' id='word_1_288' title='bbox 607 3518 659 3572; x_wconf 77' lang='lat'><strong>3.</strong></span> <span class='ocrx_word' id='word_1_289' title='bbox 698 3516 879 3570; x_wconf 79' lang='lat' dir='ltr'><strong>Viden’</strong></span> <span class='ocrx_word' id='word_1_290' title='bbox 907 3513 1177 3585; x_wconf 90' lang='lat' dir='ltr'><strong>quomodo</strong></span> <span class='ocrx_word' id='word_1_291' title='bbox 1205 3527 1310 3564; x_wconf 90' lang='lat' dir='ltr'><strong>non</strong></span> <span class='ocrx_word' id='word_1_292' title='bbox 1339 3511 1531 3562; x_wconf 78' lang='lat' dir='ltr'><strong>frustra</strong></span> <span class='ocrx_word' id='word_1_293' title='bbox 1563 3509 1753 3576; x_wconf 81' lang='lat' dir='ltr'><strong>dogma</strong></span> <span class='ocrx_word' id='word_1_294' title='bbox 1782 3507 2119 3562; x_wconf 87' lang='lat' dir='ltr'><strong>constituens</strong></span> 
     </span>
    </p>
   </div>
   <div class='ocr_carea' id='block_1_36' title="bbox 537 3599 2117 3672">
    <p class='ocr_par' dir='ltr' id='par_1_36' title="bbox 537 3599 2117 3672">
     <span class='ocr_line' id='line_1_36' title="bbox 537 3599 2117 3672; baseline -0.009 -10"><span class='ocrx_word' id='word_1_295' title='bbox 537 3610 650 3662; x_wconf 63' lang='lat' dir='ltr'><strong>haec</strong></span> <span class='ocrx_word' id='word_1_296' title='bbox 682 3609 873 3662; x_wconf 82' lang='lat' dir='ltr'><strong>scribat</strong></span> <span class='ocrx_word' id='word_1_297' title='bbox 903 3646 920 3672; x_wconf 91' lang='lat'><strong>,</strong></span> <span class='ocrx_word' id='word_1_298' title='bbox 963 3605 1056 3660; x_wconf 84' lang='lat' dir='ltr'><strong>sed</strong></span> <span class='ocrx_word' id='word_1_299' title='bbox 1085 3605 1150 3656; x_wconf 91' lang='lat' dir='ltr'><strong>ad</strong></span> <span class='ocrx_word' id='word_1_300' title='bbox 1178 3601 1530 3656; x_wconf 64' lang='lat' dir='ltr'><strong>differentiam</strong></span> <span class='ocrx_word' id='word_1_301' title='bbox 1579 3599 1964 3653; x_wconf 79' lang='lat' dir='ltr'><strong>externorum?</strong></span> <span class='ocrx_word' id='word_1_302' title='bbox 1997 3612 2117 3649; x_wconf 90' lang='lat' dir='ltr'><strong>nam</strong></span> 
     </span>
    </p>
   </div>
   <div class='ocr_carea' id='block_1_37' title="bbox 537 3689 2112 3767">
    <p class='ocr_par' dir='ltr' id='par_1_37' title="bbox 537 3689 2112 3767">
     <span class='ocr_line' id='line_1_37' title="bbox 537 3689 2112 3767; baseline -0.008 -15"><span class='ocrx_word' id='word_1_303' title='bbox 537 3700 662 3752; x_wconf 89' lang='lat' dir='ltr'><strong>illud</strong></span> <span class='ocrx_word' id='word_1_304' title='bbox 693 3699 887 3767; x_wconf 87' lang='lat' dir='ltr'><strong>ubique</strong></span> <span class='ocrx_word' id='word_1_305' title='bbox 913 3693 1306 3750; x_wconf 71' lang='lat' dir='ltr'><strong>Obsuﬂ&#39;aﬂdtlttl</strong></span> <span class='ocrx_word' id='word_1_306' title='bbox 1330 3733 1343 3756; x_wconf 90' lang='lat'><strong>,</strong></span> <span class='ocrx_word' id='word_1_307' title='bbox 1377 3695 1490 3745; x_wconf 88' lang='lat' dir='ltr'><strong>sive</strong></span> <span class='ocrx_word' id='word_1_308' title='bbox 1531 3691 1776 3744; x_wconf 76' lang='lat' dir='ltr'><strong>absolute</strong></span> <span class='ocrx_word' id='word_1_309' title='bbox 1792 3689 2077 3759; x_wconf 87' lang='lat' dir='ltr'><strong>quiddicat</strong></span> <span class='ocrx_word' id='word_1_310' title='bbox 2099 3727 2112 3751; x_wconf 92' lang='lat'><strong>,</strong></span> 
     </span>
    </p>
   </div>
   <div class='ocr_carea' id='block_1_38' title="bbox 539 3780 2120 3852">
    <p class='ocr_par' dir='ltr' id='par_1_38' title="bbox 539 3780 2120 3852">
     <span class='ocr_line' id='line_1_38' title="bbox 539 3780 2120 3852; baseline -0.007 -8"><span class='ocrx_word' id='word_1_311' title='bbox 539 3792 652 3845; x_wconf 90' lang='lat' dir='ltr'><strong>sive</strong></span> <span class='ocrx_word' id='word_1_312' title='bbox 691 3791 812 3843; x_wconf 89' lang='lat' dir='ltr'><strong>aliis</strong></span> <span class='ocrx_word' id='word_1_313' title='bbox 840 3789 1125 3840; x_wconf 84' lang='lat' dir='ltr'><strong>obsistens.</strong></span> <span class='ocrx_word' id='word_1_314' title='bbox 1179 3784 1364 3852; x_wconf 88' lang='lat' dir='ltr'><strong>Neque</strong></span> <span class='ocrx_word' id='word_1_315' title='bbox 1407 3784 1550 3837; x_wconf 90' lang='lat' dir='ltr'><strong>enim</strong></span> <span class='ocrx_word' id='word_1_316' title='bbox 1594 3783 1696 3834; x_wconf 88' lang='lat' dir='ltr'><strong>hoc</strong></span> <span class='ocrx_word' id='word_1_317' title='bbox 1737 3795 1920 3848; x_wconf 86' lang='lat' dir='ltr'><strong>parum</strong></span> <span class='ocrx_word' id='word_1_318' title='bbox 1967 3780 2120 3833; x_wconf 88' lang='lat' dir='ltr'><strong>nobis</strong></span> 
     </span>
    </p>
   </div>
   <div class='ocr_carea' id='block_1_39' title="bbox 545 3871 2120 3946">
    <p class='ocr_par' dir='ltr' id='par_1_39' title="bbox 545 3871 2120 3946">
     <span class='ocr_line' id='line_1_39' title="bbox 545 3871 2120 3946; baseline -0.008 -10"><span class='ocrx_word' id='word_1_319' title='bbox 545 3881 760 3936; x_wconf 79' lang='lat' dir='ltr'><strong>oonfert</strong></span> <span class='ocrx_word' id='word_1_320' title='bbox 788 3879 852 3932; x_wconf 86' lang='lat' dir='ltr'><strong>ad</strong></span> <span class='ocrx_word' id='word_1_321' title='bbox 884 3879 1192 3946; x_wconf 79' lang='lat' dir='ltr'><strong>dogmatum</strong></span> <span class='ocrx_word' id='word_1_322' title='bbox 1237 3877 1707 3929; x_wconf 89' lang='lat' dir='ltr'><strong>accurationemet</strong></span> <span class='ocrx_word' id='word_1_323' title='bbox 1749 3871 1813 3925; x_wconf 88' lang='lat' dir='ltr'><strong>ad</strong></span> <span class='ocrx_word' id='word_1_324' title='bbox 1858 3871 2120 3926; x_wconf 89' lang='lat' dir='ltr'><strong>dictorum</strong></span> 
     </span>
    </p>
   </div>
   <div class='ocr_carea' id='block_1_40' title="bbox 545 3961 2125 4038">
    <p class='ocr_par' dir='ltr' id='par_1_40' title="bbox 545 3961 2125 4038">
     <span class='ocr_line' id='line_1_40' title="bbox 545 3961 2125 4038; baseline -0.007 -13"><span class='ocrx_word' id='word_1_325' title='bbox 545 3970 970 4038; x_wconf 80' lang='lat' dir='ltr'><strong>intelligentiam.</strong></span> <span class='ocrx_word' id='word_1_326' title='bbox 1007 3967 1061 4022; x_wconf 90' lang='lat'><strong>5.</strong></span> <span class='ocrx_word' id='word_1_327' title='bbox 1100 3964 1238 4018; x_wconf 85' lang='lat' dir='ltr'><strong>Nam</strong></span> <span class='ocrx_word' id='word_1_328' title='bbox 1264 3966 1359 4020; x_wconf 83' lang='lat' dir='ltr'><strong>etsi</strong></span> <span class='ocrx_word' id='word_1_329' title='bbox 1383 3973 1498 4016; x_wconf 83' lang='lat' dir='ltr'><strong>sunt</strong></span> <span class='ocrx_word' id='word_1_330' title='bbox 1523 3967 1608 4031; x_wconf 90' lang='lat' dir='ltr'><strong>qui</strong></span> <span class='ocrx_word' id='word_1_331' title='bbox 1638 3965 1878 4015; x_wconf 81' lang='lat' dir='ltr'><strong>dicuntur</strong></span> <span class='ocrx_word' id='word_1_332' title='bbox 1906 3961 1996 4024; x_wconf 88' lang='lat' dir='ltr'><strong>dii,</strong></span> <span class='ocrx_word' id='word_1_333' title='bbox 2023 3962 2125 4014; x_wconf 77' lang='lat' dir='ltr'><strong>sive</strong></span> 
     </span>
    </p>
   </div>
   <div class='ocr_carea' id='block_1_41' title="bbox 543 4051 2122 4124">
    <p class='ocr_par' dir='ltr' id='par_1_41' title="bbox 543 4051 2122 4124">
     <span class='ocr_line' id='line_1_41' title="bbox 543 4051 2122 4124; baseline -0.007 -10"><span class='ocrx_word' id='word_1_334' title='bbox 543 4063 596 4115; x_wconf 90' lang='lat' dir='ltr'><strong>in</strong></span> <span class='ocrx_word' id='word_1_335' title='bbox 615 4059 876 4124; x_wconf 77' lang='lat' dir='ltr'><strong>cwlo,sive</strong></span> <span class='ocrx_word' id='word_1_336' title='bbox 900 4059 948 4111; x_wconf 89' lang='lat' dir='ltr'><strong>iu</strong></span> <span class='ocrx_word' id='word_1_337' title='bbox 973 4067 1138 4120; x_wconf 86' lang='lat' dir='ltr'><strong>terra;</strong></span> <span class='ocrx_word' id='word_1_338' title='bbox 1169 4065 1224 4108; x_wconf 91' lang='lat' dir='ltr'><strong>ut</strong></span> <span class='ocrx_word' id='word_1_339' title='bbox 1243 4063 1357 4108; x_wconf 83' lang='lat' dir='ltr'><strong>sunt</strong></span> <span class='ocrx_word' id='word_1_340' title='bbox 1384 4055 1454 4106; x_wconf 88' lang='lat' dir='ltr'><strong>dii</strong></span> <span class='ocrx_word' id='word_1_341' title='bbox 1483 4053 1632 4106; x_wconf 79' lang='lat' dir='ltr'><strong>multi</strong></span> <span class='ocrx_word' id='word_1_342' title='bbox 1651 4063 1697 4104; x_wconf 76' lang='lat' dir='ltr'><strong>et</strong></span> <span class='ocrx_word' id='word_1_343' title='bbox 1725 4052 1918 4105; x_wconf 83' lang='lat' dir='ltr'><strong>domini</strong></span> <span class='ocrx_word' id='word_1_344' title='bbox 1942 4051 2085 4104; x_wconf 86' lang='lat' dir='ltr'><strong>multi</strong></span> <span class='ocrx_word' id='word_1_345' title='bbox 2103 4067 2122 4104; x_wconf 91' lang='lat'><strong><em>:</em></strong></span> 
     </span>
    </p>
   </div>
   <div class='ocr_carea' id='block_1_42' title="bbox 545 4143 2127 4212">
    <p class='ocr_par' dir='ltr' id='par_1_42' title="bbox 545 4143 2127 4212">
     <span class='ocr_line' id='line_1_42' title="bbox 545 4143 2127 4212; baseline -0.007 -7"><span class='ocrx_word' id='word_1_346' title='bbox 545 4151 599 4205; x_wconf 88' lang='lat'><strong>6.</strong></span> <span class='ocrx_word' id='word_1_347' title='bbox 634 4150 774 4203; x_wconf 84' lang='lat' dir='ltr'><strong>nobis</strong></span> <span class='ocrx_word' id='word_1_348' title='bbox 799 4160 964 4200; x_wconf 84' lang='lat' dir='ltr'><strong>tamen</strong></span> <span class='ocrx_word' id='word_1_349' title='bbox 987 4162 1116 4200; x_wconf 89' lang='lat' dir='ltr'><strong>unus</strong></span> <span class='ocrx_word' id='word_1_350' title='bbox 1146 4145 1279 4199; x_wconf 85' lang='lat' dir='ltr'><strong>Deus</strong></span> <span class='ocrx_word' id='word_1_351' title='bbox 1313 4143 1498 4210; x_wconf 87' lang='lat' dir='ltr'><strong>Pater,</strong></span> <span class='ocrx_word' id='word_1_352' title='bbox 1527 4159 1589 4197; x_wconf 79' lang='lat' dir='ltr'><strong>ea:</strong></span> <span class='ocrx_word' id='word_1_353' title='bbox 1612 4159 1708 4212; x_wconf 89' lang='lat' dir='ltr'><strong>quo</strong></span> <span class='ocrx_word' id='word_1_354' title='bbox 1733 4143 1904 4194; x_wconf 87' lang='lat' dir='ltr'><strong>omnia</strong></span> <span class='ocrx_word' id='word_1_355' title='bbox 1925 4181 1939 4205; x_wconf 95' lang='lat'><strong>,</strong></span> <span class='ocrx_word' id='word_1_356' title='bbox 1967 4151 2013 4194; x_wconf 86' lang='lat' dir='ltr'><strong>et</strong></span> <span class='ocrx_word' id='word_1_357' title='bbox 2036 4157 2127 4194; x_wconf 90' lang='lat' dir='ltr'><strong>nos</strong></span> 
     </span>
    </p>
   </div>
   <div class='ocr_carea' id='block_1_43' title="bbox 549 4232 2123 4308">
    <p class='ocr_par' dir='ltr' id='par_1_43' title="bbox 549 4232 2123 4308">
     <span class='ocr_line' id='line_1_43' title="bbox 549 4232 2123 4308; baseline -0.005 -16"><span class='ocrx_word' id='word_1_358' title='bbox 549 4232 602 4293; x_wconf 85' lang='lat' dir='ltr'><strong>in</strong></span> <span class='ocrx_word' id='word_1_359' title='bbox 616 4241 749 4308; x_wconf 86' lang='lat' dir='ltr'><strong>ipso;</strong></span> <span class='ocrx_word' id='word_1_360' title='bbox 767 4247 812 4291; x_wconf 90' lang='lat' dir='ltr'><strong>et</strong></span> <span class='ocrx_word' id='word_1_361' title='bbox 830 4254 959 4290; x_wconf 84' lang='lat' dir='ltr'><strong>unus</strong></span> <span class='ocrx_word' id='word_1_362' title='bbox 985 4236 1230 4290; x_wconf 82' lang='lat' dir='ltr'><strong>Dominus</strong></span> <span class='ocrx_word' id='word_1_363' title='bbox 1245 4235 1277 4288; x_wconf 81' lang='lat' dir='ltr'><strong><em>J</em></strong></span> <span class='ocrx_word' id='word_1_364' title='bbox 1284 4252 1395 4288; x_wconf 78' lang='lat' dir='ltr'><strong>esus</strong></span> <span class='ocrx_word' id='word_1_365' title='bbox 1411 4234 1659 4300; x_wconf 80' lang='lat' dir='ltr'><strong>Christus,</strong></span> <span class='ocrx_word' id='word_1_366' title='bbox 1679 4249 1766 4303; x_wconf 86' lang='lat' dir='ltr'><strong>per</strong></span> <span class='ocrx_word' id='word_1_367' title='bbox 1775 4250 1922 4304; x_wconf 82' lang='lat' dir='ltr'><strong>quem</strong></span> <span class='ocrx_word' id='word_1_368' title='bbox 1934 4233 2123 4297; x_wconf 82' lang='lat' dir='ltr'><strong>omnia,</strong></span> 
     </span>
    </p>
   </div>
   <div class='ocr_carea' id='block_1_44' title="bbox 551 4325 2130 4400">
    <p class='ocr_par' dir='ltr' id='par_1_44' title="bbox 551 4325 2130 4400">
     <span class='ocr_line' id='line_1_44' title="bbox 551 4325 2130 4400; baseline -0.004 -16"><span class='ocrx_word' id='word_1_369' title='bbox 551 4341 598 4383; x_wconf 85' lang='lat' dir='ltr'><strong>et</strong></span> <span class='ocrx_word' id='word_1_370' title='bbox 627 4347 718 4384; x_wconf 84' lang='lat' dir='ltr'><strong>nos</strong></span> <span class='ocrx_word' id='word_1_371' title='bbox 762 4347 850 4398; x_wconf 86' lang='lat' dir='ltr'><strong>per</strong></span> <span class='ocrx_word' id='word_1_372' title='bbox 875 4331 1061 4400; x_wconf 85' lang='lat' dir='ltr'><strong>ipsum.</strong></span> <span class='ocrx_word' id='word_1_373' title='bbox 1093 4328 1226 4394; x_wconf 84' lang='lat' dir='ltr'><strong>Quia</strong></span> <span class='ocrx_word' id='word_1_374' title='bbox 1255 4327 1420 4390; x_wconf 80' lang='lat' dir='ltr'><strong>dixit,</strong></span> <span class='ocrx_word' id='word_1_375' title='bbox 1454 4326 1657 4381; x_wconf 88' lang='lat' dir='ltr'><strong>nullum</strong></span> <span class='ocrx_word' id='word_1_376' title='bbox 1697 4341 1817 4379; x_wconf 89' lang='lat' dir='ltr'><strong>esse</strong></span> <span class='ocrx_word' id='word_1_377' title='bbox 1849 4325 2047 4379; x_wconf 87' lang='lat' dir='ltr'><strong>idolum</strong></span> <span class='ocrx_word' id='word_1_378' title='bbox 2074 4332 2130 4378; x_wconf 87' lang='lat' dir='ltr'><strong>et</strong></span> 
     </span>
    </p>
   </div>
   <div class='ocr_carea' id='block_1_45' title="bbox 552 4416 2132 4484">
    <p class='ocr_par' dir='ltr' id='par_1_45' title="bbox 552 4416 2132 4484">
     <span class='ocr_line' id='line_1_45' title="bbox 552 4416 2132 4484; baseline -0.003 -9"><span class='ocrx_word' id='word_1_379' title='bbox 552 4421 753 4475; x_wconf 90' lang='lat' dir='ltr'><strong>nullum</strong></span> <span class='ocrx_word' id='word_1_380' title='bbox 789 4421 954 4474; x_wconf 83' lang='lat' dir='ltr'><strong>Deum</strong></span> <span class='ocrx_word' id='word_1_381' title='bbox 988 4419 1183 4482; x_wconf 87' lang='lat' dir='ltr'><strong>alium;</strong></span> <span class='ocrx_word' id='word_1_382' title='bbox 1215 4429 1474 4484; x_wconf 79' lang='lat' dir='ltr'><strong>erantque</strong></span> <span class='ocrx_word' id='word_1_383' title='bbox 1499 4426 1676 4470; x_wconf 80' lang='lat' dir='ltr'><strong>tamen</strong></span> <span class='ocrx_word' id='word_1_384' title='bbox 1707 4416 1868 4479; x_wconf 89' lang='lat' dir='ltr'><strong>idola,</strong></span> <span class='ocrx_word' id='word_1_385' title='bbox 1898 4425 1954 4470; x_wconf 90' lang='lat' dir='ltr'><strong>et</strong></span> <span class='ocrx_word' id='word_1_386' title='bbox 1978 4425 2132 4471; x_wconf 84' lang='lat' dir='ltr'><strong>erant</strong></span> 
     </span>
    </p>
   </div>
   <div class='ocr_carea' id='block_1_46' title="bbox 550 4508 2132 4585">
    <p class='ocr_par' dir='ltr' id='par_1_46' title="bbox 550 4508 2132 4585">
     <span class='ocr_line' id='line_1_46' title="bbox 550 4508 2132 4585; baseline -0.004 -17"><span class='ocrx_word' id='word_1_387' title='bbox 550 4517 638 4585; x_wconf 87' lang='lat' dir='ltr'><strong>qui</strong></span> <span class='ocrx_word' id='word_1_388' title='bbox 667 4515 738 4569; x_wconf 91' lang='lat' dir='ltr'><strong>dii</strong></span> <span class='ocrx_word' id='word_1_389' title='bbox 773 4514 1136 4567; x_wconf 82' lang='lat' dir='ltr'><strong>vocabantur:</strong></span> <span class='ocrx_word' id='word_1_390' title='bbox 1169 4526 1236 4564; x_wconf 91' lang='lat' dir='ltr'><strong>ne</strong></span> <span class='ocrx_word' id='word_1_391' title='bbox 1275 4510 1520 4564; x_wconf 79' lang='lat' dir='ltr'><strong>videautr</strong></span> <span class='ocrx_word' id='word_1_392' title='bbox 1543 4517 1732 4562; x_wconf 90' lang='lat' dir='ltr'><strong>contra</strong></span> <span class='ocrx_word' id='word_1_393' title='bbox 1760 4523 1872 4561; x_wconf 91' lang='lat' dir='ltr'><strong>rem</strong></span> <span class='ocrx_word' id='word_1_394' title='bbox 1909 4508 2132 4562; x_wconf 82' lang='lat' dir='ltr'><strong>manife-</strong></span> 
     </span>
    </p>
   </div>
   <div class='ocr_carea' id='block_1_47' title="bbox 552 4599 2126 4674">
    <p class='ocr_par' dir='ltr' id='par_1_47' title="bbox 552 4599 2126 4674">
     <span class='ocr_line' id='line_1_47' title="bbox 552 4599 2126 4674; baseline -0.004 -14"><span class='ocrx_word' id='word_1_395' title='bbox 552 4617 688 4660; x_wconf 84' lang='lat' dir='ltr'><strong>stam</strong></span> <span class='ocrx_word' id='word_1_396' title='bbox 735 4619 986 4674; x_wconf 81' lang='lat' dir='ltr'><strong>pugnare,</strong></span> <span class='ocrx_word' id='word_1_397' title='bbox 1018 4601 1289 4670; x_wconf 72' lang='lat' dir='ltr'><strong>subiungit</strong></span> <span class='ocrx_word' id='word_1_398' title='bbox 1333 4601 1422 4674; x_wconf 92' lang='lat' dir='ltr'><strong>(si</strong></span> <span class='ocrx_word' id='word_1_399' title='bbox 1474 4609 1598 4654; x_wconf 90' lang='lat' dir='ltr'><strong>sunt</strong></span> <span class='ocrx_word' id='word_1_400' title='bbox 1639 4601 1706 4652; x_wconf 83' lang='lat' dir='ltr'><strong>ita</strong></span> <span class='ocrx_word' id='word_1_401' title='bbox 1744 4600 1990 4667; x_wconf 86' lang='lat' dir='ltr'><strong>appellati</strong></span> <span class='ocrx_word' id='word_1_402' title='bbox 2031 4599 2126 4666; x_wconf 92' lang='lat' dir='ltr'><strong>dii,</strong></span> 
     </span>
    </p>
   </div>
   <div class='ocr_carea' id='block_1_48' title="bbox 555 4690 2131 4757">
    <p class='ocr_par' dir='ltr' id='par_1_48' title="bbox 555 4690 2131 4757">
     <span class='ocr_line' id='line_1_48' title="bbox 555 4690 2131 4757; baseline -0.002 -8"><span class='ocrx_word' id='word_1_403' title='bbox 555 4706 613 4749; x_wconf 84' lang='lat' dir='ltr'><strong>ut</strong></span> <span class='ocrx_word' id='word_1_404' title='bbox 661 4709 848 4749; x_wconf 84' lang='lat' dir='ltr'><strong>revera</strong></span> <span class='ocrx_word' id='word_1_405' title='bbox 899 4702 1047 4752; x_wconf 89' lang='lat' dir='ltr'><strong>sunt,</strong></span> <span class='ocrx_word' id='word_1_406' title='bbox 1077 4709 1181 4746; x_wconf 90' lang='lat' dir='ltr'><strong>non</strong></span> <span class='ocrx_word' id='word_1_407' title='bbox 1236 4707 1362 4745; x_wconf 88' lang='lat' dir='ltr'><strong>vere</strong></span> <span class='ocrx_word' id='word_1_408' title='bbox 1395 4701 1537 4752; x_wconf 83' lang='lat' dir='ltr'><strong>sunt,</strong></span> <span class='ocrx_word' id='word_1_409' title='bbox 1582 4690 1676 4745; x_wconf 76' lang='lat' dir='ltr'><strong>Sed</strong></span> <span class='ocrx_word' id='word_1_410' title='bbox 1726 4691 1800 4746; x_wconf 84' lang='lat' dir='ltr'><strong>ita</strong></span> <span class='ocrx_word' id='word_1_411' title='bbox 1849 4691 2131 4757; x_wconf 84' lang='lat' dir='ltr'><strong>dicuntur;</strong></span> 
     </span>
    </p>
   </div>
   <div class='ocr_carea' id='block_1_49' title="bbox 556 4780 2136 4852">
    <p class='ocr_par' dir='ltr' id='par_1_49' title="bbox 556 4780 2136 4852">
     <span class='ocr_line' id='line_1_49' title="bbox 556 4780 2136 4852; baseline -0.002 -12"><span class='ocrx_word' id='word_1_412' title='bbox 556 4803 664 4840; x_wconf 89' lang='lat' dir='ltr'><strong>non</strong></span> <span class='ocrx_word' id='word_1_413' title='bbox 721 4787 774 4838; x_wconf 88' lang='lat' dir='ltr'><strong>in</strong></span> <span class='ocrx_word' id='word_1_414' title='bbox 824 4801 918 4848; x_wconf 89' lang='lat' dir='ltr'><strong>re,</strong></span> <span class='ocrx_word' id='word_1_415' title='bbox 962 4784 1056 4838; x_wconf 84' lang='lat' dir='ltr'><strong>sed</strong></span> <span class='ocrx_word' id='word_1_416' title='bbox 1100 4785 1153 4838; x_wconf 92' lang='lat' dir='ltr'><strong>in</strong></span> <span class='ocrx_word' id='word_1_417' title='bbox 1181 4785 1347 4838; x_wconf 87' lang='lat' dir='ltr'><strong>verbo</strong></span> <span class='ocrx_word' id='word_1_418' title='bbox 1391 4783 1489 4834; x_wconf 88' lang='lat' dir='ltr'><strong>hoc</strong></span> <span class='ocrx_word' id='word_1_419' title='bbox 1539 4780 1840 4852; x_wconf 82' lang='lat' dir='ltr'><strong>habentes)</strong></span> <span class='ocrx_word' id='word_1_420' title='bbox 1874 4801 1886 4836; x_wconf 93' lang='lat'>:</span> <span class='ocrx_word' id='word_1_421' title='bbox 1919 4783 2036 4836; x_wconf 79' lang='lat' dir='ltr'><strong>Sive</strong></span> <span class='ocrx_word' id='word_1_422' title='bbox 2081 4784 2136 4838; x_wconf 85' lang='lat' dir='ltr'><strong>in</strong></span> 
     </span>
    </p>
   </div>
   <div class='ocr_carea' id='block_1_50' title="bbox 556 4873 2135 4942">
    <p class='ocr_par' dir='ltr' id='par_1_50' title="bbox 556 4873 2135 4942">
     <span class='ocr_line' id='line_1_50' title="bbox 556 4873 2135 4942; baseline -0.001 -11"><span class='ocrx_word' id='word_1_423' title='bbox 556 4879 680 4932; x_wconf 70' lang='lat' dir='ltr'><strong>caelo</strong></span> <span class='ocrx_word' id='word_1_424' title='bbox 703 4919 718 4941; x_wconf 88' lang='lat'><strong>,</strong></span> <span class='ocrx_word' id='word_1_425' title='bbox 752 4877 852 4930; x_wconf 76' lang='lat' dir='ltr'><strong>sive</strong></span> <span class='ocrx_word' id='word_1_426' title='bbox 881 4878 931 4930; x_wconf 86' lang='lat' dir='ltr'><strong>in</strong></span> <span class='ocrx_word' id='word_1_427' title='bbox 963 4885 1132 4942; x_wconf 85' lang='lat' dir='ltr'><strong>terra;</strong></span> <span class='ocrx_word' id='word_1_428' title='bbox 1159 4875 1212 4930; x_wconf 91' lang='lat' dir='ltr'><strong>in</strong></span> <span class='ocrx_word' id='word_1_429' title='bbox 1261 4875 1393 4928; x_wconf 75' lang='lat' dir='ltr'><strong>czelo</strong></span> <span class='ocrx_word' id='word_1_430' title='bbox 1439 4873 1624 4927; x_wconf 91' lang='lat' dir='ltr'><strong>dicens</strong></span> <span class='ocrx_word' id='word_1_431' title='bbox 1667 4874 1832 4927; x_wconf 82' lang='lat' dir='ltr'><strong>solem</strong></span> <span class='ocrx_word' id='word_1_432' title='bbox 1861 4884 1914 4928; x_wconf 87' lang='lat' dir='ltr'><strong>et</strong></span> <span class='ocrx_word' id='word_1_433' title='bbox 1959 4875 2135 4930; x_wconf 87' lang='lat' dir='ltr'><strong>lunam</strong></span> 
     </span>
    </p>
   </div>
   <div class='ocr_carea' id='block_1_51' title="bbox 559 4967 2139 5038">
    <p class='ocr_par' dir='ltr' id='par_1_51' title="bbox 559 4967 2139 5038">
     <span class='ocr_line' id='line_1_51' title="bbox 559 4967 2139 5038; baseline -0.001 -14"><span class='ocrx_word' id='word_1_434' title='bbox 559 4980 614 5024; x_wconf 90' lang='lat' dir='ltr'><strong>ct</strong></span> <span class='ocrx_word' id='word_1_435' title='bbox 652 4970 911 5038; x_wconf 88' lang='lat' dir='ltr'><strong>reliquum</strong></span> <span class='ocrx_word' id='word_1_436' title='bbox 944 4979 1207 5022; x_wconf 89' lang='lat' dir='ltr'><strong>astrorum</strong></span> <span class='ocrx_word' id='word_1_437' title='bbox 1236 4968 1494 5031; x_wconf 86' lang='lat' dir='ltr'><strong>chorum;</strong></span> <span class='ocrx_word' id='word_1_438' title='bbox 1529 4983 1649 5020; x_wconf 66' lang='lat' dir='ltr'><strong>nam</strong></span> <span class='ocrx_word' id='word_1_439' title='bbox 1687 4967 1798 5022; x_wconf 73' lang='lat' dir='ltr'><strong>bzec</strong></span> <span class='ocrx_word' id='word_1_440' title='bbox 1824 4969 1984 5022; x_wconf 83' lang='lat' dir='ltr'><strong>etiam</strong></span> <span class='ocrx_word' id='word_1_441' title='bbox 2011 4968 2139 5024; x_wconf 82' lang='lat' dir='ltr'><strong>ado-</strong></span> 
     </span>
    </p>
   </div>
   <div class='ocr_carea' id='block_1_52' title="bbox 563 5057 2137 5130">
    <p class='ocr_par' dir='ltr' id='par_1_52' title="bbox 563 5057 2137 5130">
     <span class='ocr_line' id='line_1_52' title="bbox 563 5057 2137 5130; baseline -0.003 -15"><span class='ocrx_word' id='word_1_442' title='bbox 563 5060 752 5116; x_wconf 70' lang='lat' dir='ltr'><strong>robaut</strong></span> <span class='ocrx_word' id='word_1_443' title='bbox 777 5062 1036 5130; x_wconf 76' lang='lat' dir='ltr'><strong>gentiles;</strong></span> <span class='ocrx_word' id='word_1_444' title='bbox 1073 5061 1123 5114; x_wconf 91' lang='lat' dir='ltr'><strong>in</strong></span> <span class='ocrx_word' id='word_1_445' title='bbox 1159 5071 1320 5125; x_wconf 88' lang='lat' dir='ltr'><strong>terra,</strong></span> <span class='ocrx_word' id='word_1_446' title='bbox 1353 5059 1645 5122; x_wconf 66' lang='lat' dir='ltr'><strong>daemonas,</strong></span> <span class='ocrx_word' id='word_1_447' title='bbox 1675 5068 1727 5111; x_wconf 91' lang='lat' dir='ltr'><strong>et</strong></span> <span class='ocrx_word' id='word_1_448' title='bbox 1749 5075 1842 5113; x_wconf 90' lang='lat' dir='ltr'><strong>cos</strong></span> <span class='ocrx_word' id='word_1_449' title='bbox 1873 5075 1935 5112; x_wconf 83' lang='lat' dir='ltr'><strong>ex</strong></span> <span class='ocrx_word' id='word_1_450' title='bbox 1961 5057 2137 5112; x_wconf 80' lang='lat' dir='ltr'><strong>homi-</strong></span> 
     </span>
    </p>
   </div>
   <div class='ocr_carea' id='block_1_53' title="bbox 563 5147 2140 5220">
    <p class='ocr_par' dir='ltr' id='par_1_53' title="bbox 563 5147 2140 5220">
     <span class='ocr_line' id='line_1_53' title="bbox 563 5147 2140 5220; baseline -0.002 -14"><span class='ocrx_word' id='word_1_451' title='bbox 563 5153 718 5207; x_wconf 86' lang='lat' dir='ltr'><strong>nibus</strong></span> <span class='ocrx_word' id='word_1_452' title='bbox 745 5154 834 5220; x_wconf 87' lang='lat' dir='ltr'><strong>qui</strong></span> <span class='ocrx_word' id='word_1_453' title='bbox 874 5154 926 5205; x_wconf 92' lang='lat' dir='ltr'><strong>in</strong></span> <span class='ocrx_word' id='word_1_454' title='bbox 956 5151 1088 5207; x_wconf 87' lang='lat' dir='ltr'><strong>deos</strong></span> <span class='ocrx_word' id='word_1_455' title='bbox 1115 5151 1267 5205; x_wconf 86' lang='lat' dir='ltr'><strong>relati</strong></span> <span class='ocrx_word' id='word_1_456' title='bbox 1313 5161 1458 5204; x_wconf 91' lang='lat' dir='ltr'><strong>sunt.</strong></span> <span class='ocrx_word' id='word_1_457' title='bbox 1511 5149 1616 5204; x_wconf 87' lang='lat' dir='ltr'><strong>Sed</strong></span> <span class='ocrx_word' id='word_1_458' title='bbox 1644 5149 1785 5202; x_wconf 82' lang='lat' dir='ltr'><strong>nobis</strong></span> <span class='ocrx_word' id='word_1_459' title='bbox 1823 5165 1956 5202; x_wconf 86' lang='lat' dir='ltr'><strong>unus</strong></span> <span class='ocrx_word' id='word_1_460' title='bbox 2001 5147 2140 5203; x_wconf 86' lang='lat' dir='ltr'><strong>Deus</strong></span> 
     </span>
    </p>
   </div>
   <div class='ocr_carea' id='block_1_54' title="bbox 565 5241 2137 5314">
    <p class='ocr_par' dir='ltr' id='par_1_54' title="bbox 565 5241 2137 5314">
     <span class='ocr_line' id='line_1_54' title="bbox 565 5241 2137 5314; baseline -0.002 -18"><span class='ocrx_word' id='word_1_461' title='bbox 565 5241 738 5296; x_wconf 79' lang='lat' dir='ltr'><strong>Pater.</strong></span> <span class='ocrx_word' id='word_1_462' title='bbox 775 5243 908 5297; x_wconf 88' lang='lat' dir='ltr'><strong>Cum</strong></span> <span class='ocrx_word' id='word_1_463' title='bbox 936 5245 1082 5314; x_wconf 88' lang='lat' dir='ltr'><strong>prius</strong></span> <span class='ocrx_word' id='word_1_464' title='bbox 1123 5244 1391 5312; x_wconf 72' lang='lat' dir='ltr'><strong>posuisset</strong></span> <span class='ocrx_word' id='word_1_465' title='bbox 1429 5243 1630 5310; x_wconf 69' lang='lat' dir='ltr'><strong>absque</strong></span> <span class='ocrx_word' id='word_1_466' title='bbox 1678 5241 1766 5294; x_wconf 92' lang='lat' dir='ltr'><strong>illa</strong></span> <span class='ocrx_word' id='word_1_467' title='bbox 1797 5257 1925 5295; x_wconf 79' lang='lat' dir='ltr'><strong>voee</strong></span> <span class='ocrx_word' id='word_1_468' title='bbox 1953 5242 2137 5307; x_wconf 84' lang='lat' dir='ltr'><strong>Pater,</strong></span> 
     </span>
    </p>
   </div>
   <div class='ocr_carea' id='block_1_55' title="bbox 562 5331 2143 5397">
    <p class='ocr_par' dir='ltr' id='par_1_55' title="bbox 562 5331 2143 5397">
     <span class='ocr_line' id='line_1_55' title="bbox 562 5331 2143 5397; baseline 0 -9"><span class='ocrx_word' id='word_1_469' title='bbox 562 5345 618 5388; x_wconf 71' lang='lat' dir='ltr'><strong>et</strong></span> <span class='ocrx_word' id='word_1_470' title='bbox 644 5334 882 5396; x_wconf 77' lang='lat' dir='ltr'><strong>dixisset,</strong></span> <span class='ocrx_word' id='word_1_471' title='bbox 916 5331 1112 5386; x_wconf 80' lang='lat' dir='ltr'><strong>Nullus</strong></span> <span class='ocrx_word' id='word_1_472' title='bbox 1143 5344 1216 5388; x_wconf 87' lang='lat' dir='ltr'><strong>est</strong></span> <span class='ocrx_word' id='word_1_473' title='bbox 1243 5334 1373 5386; x_wconf 88' lang='lat' dir='ltr'><strong>alius</strong></span> <span class='ocrx_word' id='word_1_474' title='bbox 1409 5332 1541 5397; x_wconf 83' lang='lat' dir='ltr'><strong>Deus</strong></span> <span class='ocrx_word' id='word_1_475' title='bbox 1563 5333 1659 5384; x_wconf 85' lang='lat' dir='ltr'><strong>nisi</strong></span> <span class='ocrx_word' id='word_1_476' title='bbox 1688 5349 1849 5397; x_wconf 84' lang='lat' dir='ltr'><strong>unus;</strong></span> <span class='ocrx_word' id='word_1_477' title='bbox 1879 5347 2017 5387; x_wconf 91' lang='lat' dir='ltr'><strong>nunc</strong></span> <span class='ocrx_word' id='word_1_478' title='bbox 2041 5333 2143 5388; x_wconf 89' lang='lat' dir='ltr'><strong>hoc</strong></span> 
     </span>
    </p>
   </div>
   <div class='ocr_carea' id='block_1_56' title="bbox 564 5422 2142 5494">
    <p class='ocr_par' dir='ltr' id='par_1_56' title="bbox 564 5422 2142 5494">
     <span class='ocr_line' id='line_1_56' title="bbox 564 5422 2142 5494; baseline -0.001 -15"><span class='ocrx_word' id='word_1_479' title='bbox 564 5426 745 5486; x_wconf 85' lang='lat' dir='ltr'><strong>addit,</strong></span> <span class='ocrx_word' id='word_1_480' title='bbox 779 5434 1054 5494; x_wconf 86' lang='lat' dir='ltr'><strong>postquam</strong></span> <span class='ocrx_word' id='word_1_481' title='bbox 1087 5425 1206 5478; x_wconf 89' lang='lat' dir='ltr'><strong>illos</strong></span> <span class='ocrx_word' id='word_1_482' title='bbox 1235 5425 1455 5477; x_wconf 89' lang='lat' dir='ltr'><strong>omnino</strong></span> <span class='ocrx_word' id='word_1_483' title='bbox 1481 5422 1735 5491; x_wconf 73' lang='lat' dir='ltr'><strong>eiecerat.</strong></span> <span class='ocrx_word' id='word_1_484' title='bbox 1773 5423 1973 5477; x_wconf 84' lang='lat' dir='ltr'><strong>Deinde</strong></span> <span class='ocrx_word' id='word_1_485' title='bbox 2001 5424 2142 5493; x_wconf 91' lang='lat' dir='ltr'><strong>quod</strong></span> 
     </span>
    </p>
   </div>
   <div class='ocr_carea' id='block_1_57' title="bbox 566 5516 2147 5587">
    <p class='ocr_par' dir='ltr' id='par_1_57' title="bbox 566 5516 2147 5587">
     <span class='ocr_line' id='line_1_57' title="bbox 566 5516 2147 5587; baseline -0.003 -13"><span class='ocrx_word' id='word_1_486' title='bbox 566 5531 645 5573; x_wconf 72' lang='grc' dir='ltr'><strong>εει</strong></span> <span class='ocrx_word' id='word_1_487' title='bbox 671 5519 961 5570; x_wconf 78' lang='lat' dir='ltr'><strong>maximum</strong></span> <span class='ocrx_word' id='word_1_488' title='bbox 993 5517 1282 5571; x_wconf 79' lang='lat' dir='ltr'><strong>divinitatis</strong></span> <span class='ocrx_word' id='word_1_489' title='bbox 1307 5516 1566 5585; x_wconf 90' lang='lat' dir='ltr'><strong>judicium</strong></span> <span class='ocrx_word' id='word_1_490' title='bbox 1595 5516 1743 5570; x_wconf 91' lang='lat' dir='ltr'><strong>addit</strong></span> <span class='ocrx_word' id='word_1_491' title='bbox 1769 5535 1781 5569; x_wconf 92' lang='lat'>:</span> <span class='ocrx_word' id='word_1_492' title='bbox 1815 5517 1896 5570; x_wconf 78' lang='lat' dir='ltr'><strong>Ea:</strong></span> <span class='ocrx_word' id='word_1_493' title='bbox 1918 5532 2018 5587; x_wconf 89' lang='lat' dir='ltr'><strong>quo</strong></span> <span class='ocrx_word' id='word_1_494' title='bbox 2037 5535 2147 5570; x_wconf 87' lang='lat' dir='ltr'><strong>om-</strong></span> 
     </span>
    </p>
   </div>
   <div class='ocr_carea' id='block_1_58' title="bbox 569 5608 2142 5674">
    <p class='ocr_par' dir='ltr' id='par_1_58' title="bbox 569 5608 2142 5674">
     <span class='ocr_line' id='line_1_58' title="bbox 569 5608 2142 5674; baseline 0 -14"><span class='ocrx_word' id='word_1_495' title='bbox 569 5611 672 5664; x_wconf 89' lang='lat' dir='ltr'><strong>nia.</strong></span> <span class='ocrx_word' id='word_1_496' title='bbox 707 5610 815 5663; x_wconf 88' lang='lat' dir='ltr'><strong>lloc</strong></span> <span class='ocrx_word' id='word_1_497' title='bbox 835 5611 978 5665; x_wconf 86' lang='lat' dir='ltr'><strong>enim</strong></span> <span class='ocrx_word' id='word_1_498' title='bbox 1002 5609 1237 5662; x_wconf 87' lang='lat' dir='ltr'><strong>ostendit</strong></span> <span class='ocrx_word' id='word_1_499' title='bbox 1269 5609 1389 5662; x_wconf 90' lang='lat' dir='ltr'><strong>illos</strong></span> <span class='ocrx_word' id='word_1_500' title='bbox 1423 5623 1526 5664; x_wconf 91' lang='lat' dir='ltr'><strong>non</strong></span> <span class='ocrx_word' id='word_1_501' title='bbox 1550 5623 1669 5662; x_wconf 89' lang='lat' dir='ltr'><strong>esse</strong></span> <span class='ocrx_word' id='word_1_502' title='bbox 1689 5608 1838 5662; x_wconf 87' lang='lat' dir='ltr'><strong>deos.</strong></span> <span class='ocrx_word' id='word_1_503' title='bbox 1871 5609 1948 5661; x_wconf 90' lang='lat' dir='ltr'><strong>Dii</strong></span> <span class='ocrx_word' id='word_1_504' title='bbox 1977 5609 2142 5674; x_wconf 88' lang='lat' dir='ltr'><strong>enim,</strong></span> 
     </span>
    </p>
   </div>
   <div class='ocr_carea' id='block_1_59' title="bbox 570 5698 2143 5771">
    <p class='ocr_par' dir='ltr' id='par_1_59' title="bbox 570 5698 2143 5771">
     <span class='ocr_line' id='line_1_59' title="bbox 570 5698 2143 5771; baseline 0.004 -21"><span class='ocrx_word' id='word_1_505' title='bbox 570 5698 759 5766; x_wconf 84' lang='lat' dir='ltr'><strong>inquit,</strong></span> <span class='ocrx_word' id='word_1_506' title='bbox 792 5705 880 5771; x_wconf 87' lang='lat' dir='ltr'><strong>qui</strong></span> <span class='ocrx_word' id='word_1_507' title='bbox 910 5702 1100 5755; x_wconf 71' lang='lat' dir='ltr'><strong>cmlum</strong></span> <span class='ocrx_word' id='word_1_508' title='bbox 1130 5711 1184 5756; x_wconf 90' lang='lat' dir='ltr'><strong>et</strong></span> <span class='ocrx_word' id='word_1_509' title='bbox 1215 5712 1408 5756; x_wconf 82' lang='lat' dir='ltr'><strong>terram</strong></span> <span class='ocrx_word' id='word_1_510' title='bbox 1447 5717 1551 5754; x_wconf 90' lang='lat' dir='ltr'><strong>non</strong></span> <span class='ocrx_word' id='word_1_511' title='bbox 1595 5701 1834 5755; x_wconf 79' lang='lat' dir='ltr'><strong>fecerunt</strong></span> <span class='ocrx_word' id='word_1_512' title='bbox 1857 5742 1872 5767; x_wconf 88' lang='lat'><strong>,</strong></span> <span class='ocrx_word' id='word_1_513' title='bbox 1903 5714 2143 5771; x_wconf 87' lang='lat' dir='ltr'><strong>pereant.</strong></span> 
     </span>
    </p>
   </div>
   <div class='ocr_carea' id='block_1_60' title="bbox 576 5787 2141 5866">
    <p class='ocr_par' dir='ltr' id='par_1_60' title="bbox 576 5787 2141 5866">
     <span class='ocr_line' id='line_1_60' title="bbox 576 5787 2141 5866; baseline 0.003 -24"><span class='ocrx_word' id='word_1_514' title='bbox 576 5787 796 5857; x_wconf 82' lang='lat' dir='ltr'><strong>Deinde,</strong></span> <span class='ocrx_word' id='word_1_515' title='bbox 827 5793 969 5866; x_wconf 90' lang='lat' dir='ltr'><strong>quod</strong></span> <span class='ocrx_word' id='word_1_516' title='bbox 1003 5809 1106 5848; x_wconf 82' lang='lat' dir='ltr'><strong>non</strong></span> <span class='ocrx_word' id='word_1_517' title='bbox 1139 5794 1314 5848; x_wconf 87' lang='lat' dir='ltr'><strong>minus</strong></span> <span class='ocrx_word' id='word_1_518' title='bbox 1345 5803 1446 5860; x_wconf 86' lang='lat' dir='ltr'><strong>est,</strong></span> <span class='ocrx_word' id='word_1_519' title='bbox 1479 5792 1659 5861; x_wconf 82' lang='lat' dir='ltr'><strong>adjicit</strong></span> <span class='ocrx_word' id='word_1_520' title='bbox 1687 5811 1700 5846; x_wconf 87' lang='lat'><strong>:</strong></span> <span class='ocrx_word' id='word_1_521' title='bbox 1733 5791 1797 5846; x_wconf 85' lang='lat' dir='ltr'><strong>Et</strong></span> <span class='ocrx_word' id='word_1_522' title='bbox 1820 5809 1910 5853; x_wconf 81' lang='lat' dir='ltr'><strong>nos</strong></span> <span class='ocrx_word' id='word_1_523' title='bbox 1939 5795 1990 5846; x_wconf 87' lang='lat' dir='ltr'><strong>in</strong></span> <span class='ocrx_word' id='word_1_524' title='bbox 2013 5795 2141 5864; x_wconf 83' lang='lat' dir='ltr'><strong>ipso.</strong></span> 
     </span>
    </p>
   </div>
   <div class='ocr_carea' id='block_1_61' title="bbox 1221 365 3032 446">
    <p class='ocr_par' dir='ltr' id='par_1_61' title="bbox 1221 365 3032 446">
     <span class='ocr_line' id='line_1_61' title="bbox 1221 365 3032 446; baseline -0.014 -2"><span class='ocrx_word' id='word_1_525' title='bbox 1221 390 1278 446; x_wconf 85' lang='lat' dir='ltr'><strong>S.</strong></span> <span class='ocrx_word' id='word_1_526' title='bbox 1318 382 1590 443; x_wconf 62' lang='lat' dir='ltr'><strong>JOANNIS</strong></span> <span class='ocrx_word' id='word_1_527' title='bbox 1635 374 2105 435; x_wconf 69' lang='lat' dir='ltr'><strong>CHRYSOSTOMI</strong></span> <span class='ocrx_word' id='word_1_528' title='bbox 2147 371 2465 428; x_wconf 77' lang='lat' dir='ltr'><strong>ARCHIEP.</strong></span> <span class='ocrx_word' id='word_1_529' title='bbox 2505 365 3032 424; x_wconf 77' lang='lat' dir='ltr'><strong>CONSTANTINOP.</strong></span> 
     </span>
    </p>
   </div>
   <div class='ocr_carea' id='block_1_62' title="bbox 3269 297 3348 313">
    <p class='ocr_par' dir='ltr' id='par_1_62' title="bbox 3269 297 3348 313">
     <span class='ocr_line' id='line_1_62' title="bbox 3269 297 3348 313; baseline 0 -11"><span class='ocrx_word' id='word_1_530' title='bbox 3269 297 3302 313; x_wconf 58' lang='grc' dir='ltr'>ι.</span> <span class='ocrx_word' id='word_1_531' title='bbox 3328 300 3348 305; x_wconf 73' lang='grc'><strong>,-</strong></span> 
     </span>
    </p>
   </div>
   <div class='ocr_carea' id='block_1_63' title="bbox 3652 367 3750 426">
    <p class='ocr_par' dir='ltr' id='par_1_63' title="bbox 3652 367 3750 426">
     <span class='ocr_line' id='line_1_63' title="bbox 3652 367 3750 426; baseline 0.01 -2"><span class='ocrx_word' id='word_1_532' title='bbox 3652 367 3750 426; x_wconf 71' lang='grc' dir='ltr'><strong>ίὸι</strong></span> 
     </span>
    </p>
   </div>
   <div class='ocr_carea' id='block_1_64' title="bbox 2169 477 3762 556">
    <p class='ocr_par' dir='ltr' id='par_1_64' title="bbox 2169 477 3762 556">
     <span class='ocr_line' id='line_1_64' title="bbox 2169 477 3762 556; baseline -0.001 -18"><span class='ocrx_word' id='word_1_533' title='bbox 2169 488 2393 556; x_wconf 84' lang='lat' dir='ltr'><strong>Quando</strong></span> <span class='ocrx_word' id='word_1_534' title='bbox 2412 487 2553 540; x_wconf 90' lang='lat' dir='ltr'><strong>enim</strong></span> <span class='ocrx_word' id='word_1_535' title='bbox 2572 486 2724 547; x_wconf 77' lang='lat' dir='ltr'><strong>dixit,</strong></span> <span class='ocrx_word' id='word_1_536' title='bbox 2746 484 2829 538; x_wconf 74' lang='lat' dir='ltr'><strong>Ex</strong></span> <span class='ocrx_word' id='word_1_537' title='bbox 2845 477 2942 553; x_wconf 84' lang='lat' dir='ltr'><strong>quo</strong></span> <span class='ocrx_word' id='word_1_538' title='bbox 2969 484 3138 536; x_wconf 80' lang='lat' dir='ltr'><strong>omnia</strong></span> <span class='ocrx_word' id='word_1_539' title='bbox 3161 526 3175 547; x_wconf 96' lang='lat'><strong>,</strong></span> <span class='ocrx_word' id='word_1_540' title='bbox 3191 483 3520 538; x_wconf 82' lang='lat' dir='ltr'><strong>creationem</strong></span> <span class='ocrx_word' id='word_1_541' title='bbox 3550 498 3762 538; x_wconf 82' lang='lat' dir='ltr'><strong>menso-</strong></span> 
     </span>
    </p>
   </div>
   <div class='ocr_carea' id='block_1_65' title="bbox 2171 572 3763 647">
    <p class='ocr_par' dir='ltr' id='par_1_65' title="bbox 2171 572 3763 647">
     <span class='ocr_line' id='line_1_65' title="bbox 2171 572 3763 647; baseline -0.003 -15"><span class='ocrx_word' id='word_1_542' title='bbox 2171 587 2253 632; x_wconf 89' lang='lat' dir='ltr'><strong>rat</strong></span> <span class='ocrx_word' id='word_1_543' title='bbox 2274 587 2328 632; x_wconf 89' lang='lat' dir='ltr'><strong>ct</strong></span> <span class='ocrx_word' id='word_1_544' title='bbox 2347 576 2749 647; x_wconf 87' lang='lat' dir='ltr'><strong>productionem</strong></span> <span class='ocrx_word' id='word_1_545' title='bbox 2767 589 2830 627; x_wconf 76' lang='lat' dir='ltr'><strong>ex</strong></span> <span class='ocrx_word' id='word_1_546' title='bbox 2852 573 3019 627; x_wconf 88' lang='lat' dir='ltr'><strong>nihilo</strong></span> <span class='ocrx_word' id='word_1_547' title='bbox 3039 572 3104 627; x_wconf 89' lang='lat' dir='ltr'><strong>ad</strong></span> <span class='ocrx_word' id='word_1_548' title='bbox 3127 574 3466 628; x_wconf 74' lang='lat' dir='ltr'><strong>existentiam</strong></span> <span class='ocrx_word' id='word_1_549' title='bbox 3487 592 3502 637; x_wconf 87' lang='lat'><strong>;</strong></span> <span class='ocrx_word' id='word_1_550' title='bbox 3528 589 3654 628; x_wconf 90' lang='lat' dir='ltr'><strong>cum</strong></span> <span class='ocrx_word' id='word_1_551' title='bbox 3673 591 3763 628; x_wconf 89' lang='lat' dir='ltr'><strong>au-</strong></span> 
     </span>
    </p>
   </div>
   <div class='ocr_carea' id='block_1_66' title="bbox 2173 666 3762 734">
    <p class='ocr_par' dir='ltr' id='par_1_66' title="bbox 2173 666 3762 734">
     <span class='ocr_line' id='line_1_66' title="bbox 2173 666 3762 734; baseline -0.003 -10"><span class='ocrx_word' id='word_1_552' title='bbox 2173 681 2277 725; x_wconf 88' lang='lat' dir='ltr'><strong>tem</strong></span> <span class='ocrx_word' id='word_1_553' title='bbox 2299 669 2449 730; x_wconf 90' lang='lat' dir='ltr'><strong>dicit,</strong></span> <span class='ocrx_word' id='word_1_554' title='bbox 2473 668 2535 721; x_wconf 72' lang='lat' dir='ltr'><strong>Et</strong></span> <span class='ocrx_word' id='word_1_555' title='bbox 2557 681 2647 720; x_wconf 78' lang='lat' dir='ltr'><strong>nos</strong></span> <span class='ocrx_word' id='word_1_556' title='bbox 2671 668 2723 720; x_wconf 88' lang='lat' dir='ltr'><strong>iu</strong></span> <span class='ocrx_word' id='word_1_557' title='bbox 2740 667 2871 733; x_wconf 89' lang='lat' dir='ltr'><strong>ipso,</strong></span> <span class='ocrx_word' id='word_1_558' title='bbox 2906 666 3024 720; x_wconf 82' lang='lat' dir='ltr'><strong>iidci</strong></span> <span class='ocrx_word' id='word_1_559' title='bbox 3046 674 3099 720; x_wconf 90' lang='lat' dir='ltr'><strong>et</strong></span> <span class='ocrx_word' id='word_1_560' title='bbox 3113 667 3509 734; x_wconf 77' lang='lat' dir='ltr'><strong>conjunCtionis</strong></span> <span class='ocrx_word' id='word_1_561' title='bbox 3533 668 3762 721; x_wconf 77' lang='lat' dir='ltr'><strong>verbum</strong></span> 
     </span>
    </p>
   </div>
   <div class='ocr_carea' id='block_1_67' title="bbox 2172 755 3769 830">
    <p class='ocr_par' dir='ltr' id='par_1_67' title="bbox 2172 755 3769 830">
     <span class='ocr_line' id='line_1_67' title="bbox 2172 755 3769 830; baseline -0.003 -17"><span class='ocrx_word' id='word_1_562' title='bbox 2172 760 2374 830; x_wconf 75' lang='lat' dir='ltr'><strong>profert</strong></span> <span class='ocrx_word' id='word_1_563' title='bbox 2398 777 2410 810; x_wconf 91' lang='lat'><strong>:</strong></span> <span class='ocrx_word' id='word_1_564' title='bbox 2435 759 2576 830; x_wconf 90' lang='lat' dir='ltr'><strong>quod</strong></span> <span class='ocrx_word' id='word_1_565' title='bbox 2601 770 2753 810; x_wconf 87' lang='lat' dir='ltr'><strong>antea</strong></span> <span class='ocrx_word' id='word_1_566' title='bbox 2777 773 2987 826; x_wconf 88' lang='lat' dir='ltr'><strong>quoque</strong></span> <span class='ocrx_word' id='word_1_567' title='bbox 3010 756 3223 811; x_wconf 85' lang='lat' dir='ltr'><strong>dicebat</strong></span> <span class='ocrx_word' id='word_1_568' title='bbox 3246 773 3260 810; x_wconf 89' lang='lat'><strong>:</strong></span> <span class='ocrx_word' id='word_1_569' title='bbox 3287 755 3368 810; x_wconf 74' lang='lat' dir='ltr'><strong>Ex</strong></span> <span class='ocrx_word' id='word_1_570' title='bbox 3388 758 3499 826; x_wconf 84' lang='lat' dir='ltr'><strong>ipso</strong></span> <span class='ocrx_word' id='word_1_571' title='bbox 3521 767 3696 811; x_wconf 75' lang='lat' dir='ltr'><strong>autem</strong></span> <span class='ocrx_word' id='word_1_572' title='bbox 3722 766 3769 810; x_wconf 80' lang='lat' dir='ltr'><strong>et</strong></span> 
     </span>
    </p>
   </div>
   <div class='ocr_carea' id='block_1_68' title="bbox 2175 846 3772 919">
    <p class='ocr_par' dir='ltr' id='par_1_68' title="bbox 2175 846 3772 919">
     <span class='ocr_line' id='line_1_68' title="bbox 2175 846 3772 919; baseline -0.004 -13"><span class='ocrx_word' id='word_1_573' title='bbox 2175 869 2260 906; x_wconf 75' lang='lat' dir='ltr'><strong>vos</strong></span> <span class='ocrx_word' id='word_1_574' title='bbox 2287 856 2403 907; x_wconf 81' lang='lat' dir='ltr'><strong>estis</strong></span> <span class='ocrx_word' id='word_1_575' title='bbox 2435 853 2487 904; x_wconf 88' lang='lat' dir='ltr'><strong>in</strong></span> <span class='ocrx_word' id='word_1_576' title='bbox 2504 851 2701 905; x_wconf 87' lang='lat' dir='ltr'><strong>Christo</strong></span> <span class='ocrx_word' id='word_1_577' title='bbox 2714 850 2837 902; x_wconf 84' lang='lat' dir='ltr'><strong>Jesu</strong></span> <span class='ocrx_word' id='word_1_578' title='bbox 2859 851 2905 918; x_wconf 81' lang='grc' dir='ltr'>(Ι</span> <span class='ocrx_word' id='word_1_579' title='bbox 2922 890 2934 901; x_wconf 93' lang='grc'><strong>.</strong></span> <span class='ocrx_word' id='word_1_580' title='bbox 2952 848 3066 903; x_wconf 85' lang='lat' dir='ltr'><strong>Cor.</strong></span> <span class='ocrx_word' id='word_1_581' title='bbox 3089 849 3138 902; x_wconf 75' lang='grc'><strong>1.</strong></span> <span class='ocrx_word' id='word_1_582' title='bbox 3160 846 3275 919; x_wconf 79' lang='grc'><strong>50).</strong></span> <span class='ocrx_word' id='word_1_583' title='bbox 3297 849 3500 918; x_wconf 79' lang='lat' dir='ltr'><strong>Duplici</strong></span> <span class='ocrx_word' id='word_1_584' title='bbox 3521 849 3670 903; x_wconf 87' lang='lat' dir='ltr'><strong>enim</strong></span> <span class='ocrx_word' id='word_1_585' title='bbox 3693 864 3772 900; x_wconf 86' lang='lat' dir='ltr'><strong>ra-</strong></span> 
     </span>
    </p>
   </div>
   <div class='ocr_carea' id='block_1_69' title="bbox 2177 938 3773 1008">
    <p class='ocr_par' dir='ltr' id='par_1_69' title="bbox 2177 938 3773 1008">
     <span class='ocr_line' id='line_1_69' title="bbox 2177 938 3773 1008; baseline -0.004 -12"><span class='ocrx_word' id='word_1_586' title='bbox 2177 944 2320 996; x_wconf 86' lang='lat' dir='ltr'><strong>tione</strong></span> <span class='ocrx_word' id='word_1_587' title='bbox 2334 959 2398 995; x_wconf 68' lang='grc' dir='ltr'><strong>(ιχ</strong></span> <span class='ocrx_word' id='word_1_588' title='bbox 2424 943 2540 1008; x_wconf 89' lang='lat' dir='ltr'><strong>ipso</strong></span> <span class='ocrx_word' id='word_1_589' title='bbox 2557 956 2760 1004; x_wconf 89' lang='lat' dir='ltr'><strong>sumus,</strong></span> <span class='ocrx_word' id='word_1_590' title='bbox 2781 949 2834 992; x_wconf 83' lang='lat' dir='ltr'><strong>et</strong></span> <span class='ocrx_word' id='word_1_591' title='bbox 2848 939 2989 1008; x_wconf 90' lang='lat' dir='ltr'><strong>quod</strong></span> <span class='ocrx_word' id='word_1_592' title='bbox 3007 954 3127 991; x_wconf 92' lang='lat' dir='ltr'><strong>cum</strong></span> <span class='ocrx_word' id='word_1_593' title='bbox 3148 955 3252 993; x_wconf 92' lang='lat' dir='ltr'><strong>non</strong></span> <span class='ocrx_word' id='word_1_594' title='bbox 3271 954 3535 1002; x_wconf 86' lang='lat' dir='ltr'><strong>essemus,</strong></span> <span class='ocrx_word' id='word_1_595' title='bbox 3556 938 3686 992; x_wconf 79' lang='lat' dir='ltr'><strong>facti</strong></span> <span class='ocrx_word' id='word_1_596' title='bbox 3705 938 3773 991; x_wconf 83' lang='lat' dir='ltr'><strong>si-</strong></span> 
     </span>
    </p>
   </div>
   <div class='ocr_carea' id='block_1_70' title="bbox 2178 1030 3773 1102">
    <p class='ocr_par' dir='ltr' id='par_1_70' title="bbox 2178 1030 3773 1102">
     <span class='ocr_line' id='line_1_70' title="bbox 2178 1030 3773 1102; baseline -0.003 -16"><span class='ocrx_word' id='word_1_597' title='bbox 2178 1047 2314 1097; x_wconf 90' lang='lat' dir='ltr'><strong>mus,</strong></span> <span class='ocrx_word' id='word_1_598' title='bbox 2339 1044 2389 1086; x_wconf 88' lang='lat' dir='ltr'><strong>et</strong></span> <span class='ocrx_word' id='word_1_599' title='bbox 2411 1032 2551 1102; x_wconf 92' lang='lat' dir='ltr'><strong>quod</strong></span> <span class='ocrx_word' id='word_1_600' title='bbox 2593 1031 2772 1085; x_wconf 81' lang='lat' dir='ltr'><strong>ﬁdeles</strong></span> <span class='ocrx_word' id='word_1_601' title='bbox 2805 1031 2924 1084; x_wconf 78' lang='lat' dir='ltr'><strong>facti</strong></span> <span class='ocrx_word' id='word_1_602' title='bbox 2956 1030 3121 1082; x_wconf 90' lang='lat' dir='ltr'><strong>simus</strong></span> <span class='ocrx_word' id='word_1_603' title='bbox 3142 1045 3154 1080; x_wconf 93' lang='lat'>:</span> <span class='ocrx_word' id='word_1_604' title='bbox 3174 1043 3295 1082; x_wconf 90' lang='lat' dir='ltr'><strong>nam</strong></span> <span class='ocrx_word' id='word_1_605' title='bbox 3330 1030 3429 1083; x_wconf 87' lang='lat' dir='ltr'><strong>hoc</strong></span> <span class='ocrx_word' id='word_1_606' title='bbox 3446 1043 3666 1099; x_wconf 86' lang='lat' dir='ltr'><strong>quoque</strong></span> <span class='ocrx_word' id='word_1_607' title='bbox 3687 1039 3773 1081; x_wconf 83' lang='lat' dir='ltr'><strong>est</strong></span> 
     </span>
    </p>
   </div>
   <div class='ocr_carea' id='block_1_71' title="bbox 2179 1119 3773 1194">
    <p class='ocr_par' dir='ltr' id='par_1_71' title="bbox 2179 1119 3773 1194">
     <span class='ocr_line' id='line_1_71' title="bbox 2179 1119 3773 1194; baseline -0.003 -15"><span class='ocrx_word' id='word_1_608' title='bbox 2179 1127 2383 1179; x_wconf 84' lang='lat' dir='ltr'><strong>creatio</strong></span> <span class='ocrx_word' id='word_1_609' title='bbox 2404 1143 2415 1176; x_wconf 89' lang='lat'>:</span> <span class='ocrx_word' id='word_1_610' title='bbox 2437 1125 2576 1194; x_wconf 90' lang='lat' dir='ltr'><strong>quod</strong></span> <span class='ocrx_word' id='word_1_611' title='bbox 2593 1125 2752 1178; x_wconf 91' lang='lat' dir='ltr'><strong>etiam</strong></span> <span class='ocrx_word' id='word_1_612' title='bbox 2773 1123 2896 1177; x_wconf 88' lang='lat' dir='ltr'><strong>alibi</strong></span> <span class='ocrx_word' id='word_1_613' title='bbox 2915 1122 3072 1176; x_wconf 84' lang='lat' dir='ltr'><strong>dicit:</strong></span> <span class='ocrx_word' id='word_1_614' title='bbox 3096 1119 3162 1175; x_wconf 87' lang='lat' dir='ltr'><strong>Ut</strong></span> <span class='ocrx_word' id='word_1_615' title='bbox 3180 1123 3307 1174; x_wconf 87' lang='lat' dir='ltr'><strong>duos</strong></span> <span class='ocrx_word' id='word_1_616' title='bbox 3319 1134 3512 1175; x_wconf 76' lang='lat' dir='ltr'><strong>crearet</strong></span> <span class='ocrx_word' id='word_1_617' title='bbox 3530 1127 3582 1174; x_wconf 80' lang='lat' dir='ltr'><strong>in</strong></span> <span class='ocrx_word' id='word_1_618' title='bbox 3601 1121 3773 1182; x_wconf 76' lang='lat' dir='ltr'><strong>seipse</strong></span> 
     </span>
    </p>
   </div>
   <div class='ocr_carea' id='block_1_72' title="bbox 2181 1212 3776 1286">
    <p class='ocr_par' dir='ltr' id='par_1_72' title="bbox 2181 1212 3776 1286">
     <span class='ocr_line' id='line_1_72' title="bbox 2181 1212 3776 1286; baseline -0.003 -16"><span class='ocrx_word' id='word_1_619' title='bbox 2181 1223 2233 1270; x_wconf 86' lang='lat' dir='ltr'><strong>iu</strong></span> <span class='ocrx_word' id='word_1_620' title='bbox 2252 1235 2402 1271; x_wconf 85' lang='lat' dir='ltr'><strong>unum</strong></span> <span class='ocrx_word' id='word_1_621' title='bbox 2425 1233 2604 1270; x_wconf 78' lang='lat' dir='ltr'><strong>novum</strong></span> <span class='ocrx_word' id='word_1_622' title='bbox 2627 1217 2875 1269; x_wconf 82' lang='lat' dir='ltr'><strong>hominem</strong></span> <span class='ocrx_word' id='word_1_623' title='bbox 2895 1213 3107 1286; x_wconf 80' lang='lat' dir='ltr'><strong>(Ep/tes.</strong></span> <span class='ocrx_word' id='word_1_624' title='bbox 3133 1214 3186 1266; x_wconf 72' lang='grc'>2.</span> <span class='ocrx_word' id='word_1_625' title='bbox 3210 1212 3321 1285; x_wconf 75' lang='lat' dir='ltr'><strong>iii).</strong></span> <span class='ocrx_word' id='word_1_626' title='bbox 3346 1212 3410 1266; x_wconf 82' lang='lat' dir='ltr'><strong>Et</strong></span> <span class='ocrx_word' id='word_1_627' title='bbox 3432 1230 3560 1268; x_wconf 85' lang='lat' dir='ltr'><strong>unus</strong></span> <span class='ocrx_word' id='word_1_628' title='bbox 3582 1213 3776 1267; x_wconf 73' lang='lat' dir='ltr'><strong>Dauci-</strong></span> 
     </span>
    </p>
   </div>
   <div class='ocr_carea' id='block_1_73' title="bbox 2181 1307 3774 1378">
    <p class='ocr_par' dir='ltr' id='par_1_73' title="bbox 2181 1307 3774 1378">
     <span class='ocr_line' id='line_1_73' title="bbox 2181 1307 3774 1378; baseline -0.002 -17"><span class='ocrx_word' id='word_1_629' title='bbox 2181 1326 2277 1362; x_wconf 82' lang='lat' dir='ltr'><strong>nus</strong></span> <span class='ocrx_word' id='word_1_630' title='bbox 2302 1308 2453 1362; x_wconf 84' lang='lat' dir='ltr'><strong>Jesus</strong></span> <span class='ocrx_word' id='word_1_631' title='bbox 2483 1309 2733 1372; x_wconf 83' lang='lat' dir='ltr'><strong>Christus,</strong></span> <span class='ocrx_word' id='word_1_632' title='bbox 2782 1324 2870 1375; x_wconf 72' lang='lat' dir='ltr'><strong>per</strong></span> <span class='ocrx_word' id='word_1_633' title='bbox 2893 1323 3037 1376; x_wconf 84' lang='lat' dir='ltr'><strong>quem</strong></span> <span class='ocrx_word' id='word_1_634' title='bbox 3074 1307 3244 1359; x_wconf 83' lang='lat' dir='ltr'><strong>omnia</strong></span> <span class='ocrx_word' id='word_1_635' title='bbox 3265 1317 3310 1358; x_wconf 83' lang='lat' dir='ltr'><strong>et</strong></span> <span class='ocrx_word' id='word_1_636' title='bbox 3341 1322 3431 1360; x_wconf 84' lang='lat' dir='ltr'><strong>nos</strong></span> <span class='ocrx_word' id='word_1_637' title='bbox 3465 1323 3556 1374; x_wconf 82' lang='lat' dir='ltr'><strong>per</strong></span> <span class='ocrx_word' id='word_1_638' title='bbox 3574 1307 3774 1378; x_wconf 75' lang='lat' dir='ltr'><strong>ipsum.</strong></span> 
     </span>
    </p>
   </div>
   <div class='ocr_carea' id='block_1_74' title="bbox 2187 1397 3778 1467">
    <p class='ocr_par' dir='ltr' id='par_1_74' title="bbox 2187 1397 3778 1467">
     <span class='ocr_line' id='line_1_74' title="bbox 2187 1397 3778 1467; baseline 0 -12"><span class='ocrx_word' id='word_1_639' title='bbox 2187 1403 2251 1455; x_wconf 64' lang='lat' dir='ltr'><strong>Et</strong></span> <span class='ocrx_word' id='word_1_640' title='bbox 2293 1403 2453 1454; x_wconf 89' lang='lat' dir='ltr'><strong>etiam</strong></span> <span class='ocrx_word' id='word_1_641' title='bbox 2484 1400 2552 1454; x_wconf 83' lang='lat' dir='ltr'><strong>de</strong></span> <span class='ocrx_word' id='word_1_642' title='bbox 2582 1399 2795 1452; x_wconf 73' lang='lat' dir='ltr'><strong>(.ltristo</strong></span> <span class='ocrx_word' id='word_1_643' title='bbox 2837 1399 3083 1451; x_wconf 82' lang='lat' dir='ltr'><strong>simiLter</strong></span> <span class='ocrx_word' id='word_1_644' title='bbox 3131 1397 3232 1450; x_wconf 85' lang='lat' dir='ltr'><strong>hoc</strong></span> <span class='ocrx_word' id='word_1_645' title='bbox 3271 1397 3632 1467; x_wconf 80' lang='lat' dir='ltr'><strong>cogitandum.</strong></span> <span class='ocrx_word' id='word_1_646' title='bbox 3667 1400 3778 1454; x_wconf 78' lang='lat' dir='ltr'><strong>Per</strong></span> 
     </span>
    </p>
   </div>
   <div class='ocr_carea' id='block_1_75' title="bbox 2187 1490 3781 1564">
    <p class='ocr_par' dir='ltr' id='par_1_75' title="bbox 2187 1490 3781 1564">
     <span class='ocr_line' id='line_1_75' title="bbox 2187 1490 3781 1564; baseline -0.001 -18"><span class='ocrx_word' id='word_1_647' title='bbox 2187 1496 2357 1564; x_wconf 88' lang='lat' dir='ltr'><strong>ipsum</strong></span> <span class='ocrx_word' id='word_1_648' title='bbox 2387 1495 2528 1548; x_wconf 89' lang='lat' dir='ltr'><strong>enim</strong></span> <span class='ocrx_word' id='word_1_649' title='bbox 2556 1507 2619 1545; x_wconf 82' lang='lat' dir='ltr'><strong>ex</strong></span> <span class='ocrx_word' id='word_1_650' title='bbox 2650 1491 2818 1546; x_wconf 86' lang='lat' dir='ltr'><strong>nihilo</strong></span> <span class='ocrx_word' id='word_1_651' title='bbox 2850 1491 3160 1558; x_wconf 89' lang='lat' dir='ltr'><strong>productum</strong></span> <span class='ocrx_word' id='word_1_652' title='bbox 3190 1500 3272 1544; x_wconf 85' lang='lat' dir='ltr'><strong>est</strong></span> <span class='ocrx_word' id='word_1_653' title='bbox 3301 1505 3469 1559; x_wconf 81' lang='lat' dir='ltr'><strong>genus</strong></span> <span class='ocrx_word' id='word_1_654' title='bbox 3492 1490 3781 1545; x_wconf 89' lang='lat' dir='ltr'><strong>hominum</strong></span> 
     </span>
    </p>
   </div>
   <div class='ocr_carea' id='block_1_76' title="bbox 2187 1583 3783 1648">
    <p class='ocr_par' dir='ltr' id='par_1_76' title="bbox 2187 1583 3783 1648">
     <span class='ocr_line' id='line_1_76' title="bbox 2187 1583 3783 1648; baseline -0.001 -8"><span class='ocrx_word' id='word_1_655' title='bbox 2187 1589 2252 1640; x_wconf 88' lang='lat' dir='ltr'><strong>ad</strong></span> <span class='ocrx_word' id='word_1_656' title='bbox 2293 1587 2630 1640; x_wconf 82' lang='lat' dir='ltr'><strong>existentiam</strong></span> <span class='ocrx_word' id='word_1_657' title='bbox 2653 1624 2666 1648; x_wconf 97' lang='lat'><strong>,</strong></span> <span class='ocrx_word' id='word_1_658' title='bbox 2697 1595 2751 1638; x_wconf 91' lang='lat' dir='ltr'><strong>ct</strong></span> <span class='ocrx_word' id='word_1_659' title='bbox 2778 1599 2838 1637; x_wconf 83' lang='lat' dir='ltr'><strong>ex</strong></span> <span class='ocrx_word' id='word_1_660' title='bbox 2873 1598 3058 1637; x_wconf 89' lang='lat' dir='ltr'><strong>errore</strong></span> <span class='ocrx_word' id='word_1_661' title='bbox 3093 1583 3156 1636; x_wconf 89' lang='lat' dir='ltr'><strong>ad</strong></span> <span class='ocrx_word' id='word_1_662' title='bbox 3191 1583 3463 1636; x_wconf 81' lang='lat' dir='ltr'><strong>veritatem</strong></span> <span class='ocrx_word' id='word_1_663' title='bbox 3514 1585 3783 1638; x_wconf 86' lang='lat' dir='ltr'><strong>reductus</strong></span> 
     </span>
    </p>
   </div>
   <div class='ocr_carea' id='block_1_77' title="bbox 2189 1676 3786 1747">
    <p class='ocr_par' dir='ltr' id='par_1_77' title="bbox 2189 1676 3786 1747">
     <span class='ocr_line' id='line_1_77' title="bbox 2189 1676 3786 1747; baseline -0.002 -13"><span class='ocrx_word' id='word_1_664' title='bbox 2189 1688 2289 1734; x_wconf 89' lang='lat' dir='ltr'><strong>est.</strong></span> <span class='ocrx_word' id='word_1_665' title='bbox 2322 1679 2506 1747; x_wconf 90' lang='lat' dir='ltr'><strong>Itaque</strong></span> <span class='ocrx_word' id='word_1_666' title='bbox 2537 1677 2666 1730; x_wconf 88' lang='lat' dir='ltr'><strong>illud</strong></span> <span class='ocrx_word' id='word_1_667' title='bbox 2687 1719 2701 1739; x_wconf 88' lang='lat'><strong>,</strong></span> <span class='ocrx_word' id='word_1_668' title='bbox 2733 1676 2814 1731; x_wconf 82' lang='lat' dir='ltr'><strong>Ea:</strong></span> <span class='ocrx_word' id='word_1_669' title='bbox 2843 1692 2961 1743; x_wconf 69' lang='lat' dir='ltr'><strong>quo.</strong></span> <span class='ocrx_word' id='word_1_670' title='bbox 2992 1691 3097 1728; x_wconf 85' lang='lat' dir='ltr'><strong>non</strong></span> <span class='ocrx_word' id='word_1_671' title='bbox 3128 1685 3211 1729; x_wconf 90' lang='lat' dir='ltr'><strong>est</strong></span> <span class='ocrx_word' id='word_1_672' title='bbox 3231 1717 3244 1738; x_wconf 92' lang='lat'><strong>,</strong></span> <span class='ocrx_word' id='word_1_673' title='bbox 3272 1676 3388 1730; x_wconf 89' lang='lat' dir='ltr'><strong>sine</strong></span> <span class='ocrx_word' id='word_1_674' title='bbox 3429 1676 3586 1730; x_wconf 76' lang='lat' dir='ltr'><strong>(Ihris</strong></span> <span class='ocrx_word' id='word_1_675' title='bbox 3613 1695 3646 1729; x_wconf 89' lang='grc' dir='ltr'><strong>ο</strong></span> <span class='ocrx_word' id='word_1_676' title='bbox 3671 1697 3683 1731; x_wconf 88' lang='lat'>:</span> <span class='ocrx_word' id='word_1_677' title='bbox 3712 1695 3786 1731; x_wconf 76' lang='lat' dir='ltr'><strong>ex</strong></span> 
     </span>
    </p>
   </div>
   <div class='ocr_carea' id='block_1_78' title="bbox 2192 1767 3789 1842">
    <p class='ocr_par' dir='ltr' id='par_1_78' title="bbox 2192 1767 3789 1842">
     <span class='ocr_line' id='line_1_78' title="bbox 2192 1767 3789 1842; baseline -0.004 -18"><span class='ocrx_word' id='word_1_678' title='bbox 2192 1771 2308 1838; x_wconf 91' lang='lat' dir='ltr'><strong>ipso</strong></span> <span class='ocrx_word' id='word_1_679' title='bbox 2333 1771 2604 1842; x_wconf 52' lang='lat' dir='ltr'><strong>enim‘per</strong></span> <span class='ocrx_word' id='word_1_680' title='bbox 2632 1768 2902 1821; x_wconf 78' lang='lat' dir='ltr'><strong>Christum</strong></span> <span class='ocrx_word' id='word_1_681' title='bbox 2954 1767 3119 1820; x_wconf 88' lang='lat' dir='ltr'><strong>creati</strong></span> <span class='ocrx_word' id='word_1_682' title='bbox 3166 1781 3372 1819; x_wconf 90' lang='lat' dir='ltr'><strong>sumus.</strong></span> <span class='ocrx_word' id='word_1_683' title='bbox 3419 1767 3600 1836; x_wconf 75' lang='lat' dir='ltr'><strong>Neque</strong></span> <span class='ocrx_word' id='word_1_684' title='bbox 3647 1785 3789 1836; x_wconf 79' lang='lat' dir='ltr'><strong>ergo</strong></span> 
     </span>
    </p>
   </div>
   <div class='ocr_carea' id='block_1_79' title="bbox 2194 1857 3793 1929">
    <p class='ocr_par' dir='ltr' id='par_1_79' title="bbox 2194 1857 3793 1929">
     <span class='ocr_line' id='line_1_79' title="bbox 2194 1857 3793 1929; baseline -0.001 -15"><span class='ocrx_word' id='word_1_685' title='bbox 2194 1861 2410 1914; x_wconf 91' lang='lat' dir='ltr'><strong>nomina</strong></span> <span class='ocrx_word' id='word_1_686' title='bbox 2445 1870 2716 1928; x_wconf 86' lang='lat' dir='ltr'><strong>tamquam</strong></span> <span class='ocrx_word' id='word_1_687' title='bbox 2742 1866 2886 1912; x_wconf 89' lang='lat' dir='ltr'><strong>sorte</strong></span> <span class='ocrx_word' id='word_1_688' title='bbox 2930 1857 3213 1911; x_wconf 84' lang='lat' dir='ltr'><strong>distributa</strong></span> <span class='ocrx_word' id='word_1_689' title='bbox 3254 1858 3467 1924; x_wconf 86' lang='lat' dir='ltr'><strong>divisit,</strong></span> <span class='ocrx_word' id='word_1_690' title='bbox 3499 1858 3639 1912; x_wconf 88' lang='lat' dir='ltr'><strong>Filio</strong></span> <span class='ocrx_word' id='word_1_691' title='bbox 3660 1863 3793 1929; x_wconf 87' lang='lat' dir='ltr'><strong>qui-</strong></span> 
     </span>
    </p>
   </div>
   <div class='ocr_carea' id='block_1_80' title="bbox 2193 1948 3790 2016">
    <p class='ocr_par' dir='ltr' id='par_1_80' title="bbox 2193 1948 3790 2016">
     <span class='ocr_line' id='line_1_80' title="bbox 2193 1948 3790 2016; baseline 0 -12"><span class='ocrx_word' id='word_1_692' title='bbox 2193 1951 2317 2006; x_wconf 91' lang='lat' dir='ltr'><strong>dem</strong></span> <span class='ocrx_word' id='word_1_693' title='bbox 2352 1952 2624 2016; x_wconf 91' lang='lat' dir='ltr'><strong>Dominus,</strong></span> <span class='ocrx_word' id='word_1_694' title='bbox 2657 1949 2798 2003; x_wconf 85' lang='lat' dir='ltr'><strong>Patri</strong></span> <span class='ocrx_word' id='word_1_695' title='bbox 2831 1963 2958 2002; x_wconf 84' lang='lat' dir='ltr'><strong>vero</strong></span> <span class='ocrx_word' id='word_1_696' title='bbox 2987 1948 3160 2012; x_wconf 89' lang='lat' dir='ltr'><strong>Deus,</strong></span> <span class='ocrx_word' id='word_1_697' title='bbox 3190 1948 3508 2002; x_wconf 87' lang='lat' dir='ltr'><strong>attribueus.</strong></span> <span class='ocrx_word' id='word_1_698' title='bbox 3550 1949 3684 2003; x_wconf 82' lang='lat' dir='ltr'><strong>Nam</strong></span> <span class='ocrx_word' id='word_1_699' title='bbox 3718 1966 3790 2004; x_wconf 85' lang='lat' dir='ltr'><strong>ea</strong></span> 
     </span>
    </p>
   </div>
   <div class='ocr_carea' id='block_1_81' title="bbox 2196 2038 3782 2112">
    <p class='ocr_par' dir='ltr' id='par_1_81' title="bbox 2196 2038 3782 2112">
     <span class='ocr_line' id='line_1_81' title="bbox 2196 2038 3782 2112; baseline 0 -18"><span class='ocrx_word' id='word_1_700' title='bbox 2196 2057 2410 2112; x_wconf 87' lang='lat' dir='ltr'><strong>quoque</strong></span> <span class='ocrx_word' id='word_1_701' title='bbox 2442 2043 2579 2096; x_wconf 86' lang='lat' dir='ltr'><strong>solet</strong></span> <span class='ocrx_word' id='word_1_702' title='bbox 2609 2056 2752 2110; x_wconf 87' lang='lat' dir='ltr'><strong>sa-pe</strong></span> <span class='ocrx_word' id='word_1_703' title='bbox 2785 2051 2991 2094; x_wconf 88' lang='lat' dir='ltr'><strong>mutare</strong></span> <span class='ocrx_word' id='word_1_704' title='bbox 3020 2038 3293 2108; x_wconf 91' lang='lat' dir='ltr'><strong>Scriptura</strong></span> <span class='ocrx_word' id='word_1_705' title='bbox 3317 2081 3332 2104; x_wconf 91' lang='lat'><strong>,</strong></span> <span class='ocrx_word' id='word_1_706' title='bbox 3365 2049 3418 2094; x_wconf 90' lang='lat' dir='ltr'><strong>ut</strong></span> <span class='ocrx_word' id='word_1_707' title='bbox 3447 2056 3566 2095; x_wconf 90' lang='lat' dir='ltr'><strong>cum</strong></span> <span class='ocrx_word' id='word_1_708' title='bbox 3598 2041 3733 2094; x_wconf 86' lang='lat' dir='ltr'><strong>dicit</strong></span> <span class='ocrx_word' id='word_1_709' title='bbox 3767 2084 3782 2104; x_wconf 87' lang='lat'><strong>,</strong></span> 
     </span>
    </p>
   </div>
   <div class='ocr_carea' id='block_1_82' title="bbox 2200 2131 3794 2202">
    <p class='ocr_par' dir='ltr' id='par_1_82' title="bbox 2200 2131 3794 2202">
     <span class='ocr_line' id='line_1_82' title="bbox 2200 2131 3794 2202; baseline -0.001 -14"><span class='ocrx_word' id='word_1_710' title='bbox 2200 2135 2340 2189; x_wconf 74' lang='lat' dir='ltr'><strong>Dixit</strong></span> <span class='ocrx_word' id='word_1_711' title='bbox 2387 2135 2636 2188; x_wconf 87' lang='lat' dir='ltr'><strong>Dominus</strong></span> <span class='ocrx_word' id='word_1_712' title='bbox 2687 2133 2908 2185; x_wconf 88' lang='lat' dir='ltr'><strong>Domino</strong></span> <span class='ocrx_word' id='word_1_713' title='bbox 2939 2147 3082 2192; x_wconf 78' lang='lat' dir='ltr'><strong>meo:</strong></span> <span class='ocrx_word' id='word_1_714' title='bbox 3131 2141 3185 2185; x_wconf 93' lang='lat' dir='ltr'><strong>et</strong></span> <span class='ocrx_word' id='word_1_715' title='bbox 3232 2148 3416 2185; x_wconf 89' lang='lat' dir='ltr'><strong>rursus</strong></span> <span class='ocrx_word' id='word_1_716' title='bbox 3443 2175 3456 2195; x_wconf 87' lang='lat'><strong>,</strong></span> <span class='ocrx_word' id='word_1_717' title='bbox 3500 2131 3794 2202; x_wconf 72' lang='lat' dir='ltr'><strong>Propterea</strong></span> 
     </span>
    </p>
   </div>
   <div class='ocr_carea' id='block_1_83' title="bbox 2200 2223 3788 2296">
    <p class='ocr_par' dir='ltr' id='par_1_83' title="bbox 2200 2223 3788 2296">
     <span class='ocr_line' id='line_1_83' title="bbox 2200 2223 3788 2296; baseline -0.001 -16"><span class='ocrx_word' id='word_1_718' title='bbox 2200 2230 2346 2280; x_wconf 76' lang='lat' dir='ltr'><strong>unxit</strong></span> <span class='ocrx_word' id='word_1_719' title='bbox 2373 2238 2418 2280; x_wconf 89' lang='lat' dir='ltr'><strong>te</strong></span> <span class='ocrx_word' id='word_1_720' title='bbox 2467 2226 2599 2279; x_wconf 88' lang='lat' dir='ltr'><strong>Deus</strong></span> <span class='ocrx_word' id='word_1_721' title='bbox 2619 2269 2633 2287; x_wconf 84' lang='lat'><strong>.</strong></span> <span class='ocrx_word' id='word_1_722' title='bbox 2662 2225 2796 2278; x_wconf 85' lang='lat' dir='ltr'><strong>Deus</strong></span> <span class='ocrx_word' id='word_1_723' title='bbox 2825 2235 2939 2277; x_wconf 89' lang='lat' dir='ltr'><strong>tuus</strong></span> <span class='ocrx_word' id='word_1_724' title='bbox 2963 2223 3280 2293; x_wconf 69' lang='lat' dir='ltr'><strong>(PsalJO‘J.</strong></span> <span class='ocrx_word' id='word_1_725' title='bbox 3303 2223 3413 2276; x_wconf 77' lang='lat' dir='ltr'><strong>Let</strong></span> <span class='ocrx_word' id='word_1_726' title='bbox 3455 2226 3542 2279; x_wconf 67' lang='grc'><strong>44.</strong></span> <span class='ocrx_word' id='word_1_727' title='bbox 3572 2227 3660 2296; x_wconf 83' lang='grc'><strong>8);</strong></span> <span class='ocrx_word' id='word_1_728' title='bbox 3693 2239 3749 2280; x_wconf 86' lang='lat' dir='ltr'><strong>et</strong></span> <span class='ocrx_word' id='word_1_729' title='bbox 3775 2268 3788 2286; x_wconf 88' lang='lat'><em>.</em></span> 
     </span>
    </p>
   </div>
   <div class='ocr_carea' id='block_1_84' title="bbox 2208 2317 3797 2386">
    <p class='ocr_par' dir='ltr' id='par_1_84' title="bbox 2208 2317 3797 2386">
     <span class='ocr_line' id='line_1_84' title="bbox 2208 2317 3797 2386; baseline -0.002 -15"><span class='ocrx_word' id='word_1_730' title='bbox 2208 2320 2287 2372; x_wconf 72' lang='lat' dir='ltr'><strong>Ea:</strong></span> <span class='ocrx_word' id='word_1_731' title='bbox 2335 2319 2510 2383; x_wconf 86' lang='lat' dir='ltr'><strong>quibus</strong></span> <span class='ocrx_word' id='word_1_732' title='bbox 2539 2319 2768 2371; x_wconf 82' lang='lat' dir='ltr'><strong>Christus</strong></span> <span class='ocrx_word' id='word_1_733' title='bbox 2807 2319 3082 2370; x_wconf 80' lang='lat' dir='ltr'><strong>secundum</strong></span> <span class='ocrx_word' id='word_1_734' title='bbox 3128 2332 3363 2379; x_wconf 87' lang='lat' dir='ltr'><strong>carnem,</strong></span> <span class='ocrx_word' id='word_1_735' title='bbox 3391 2317 3478 2382; x_wconf 88' lang='lat' dir='ltr'><strong>qui</strong></span> <span class='ocrx_word' id='word_1_736' title='bbox 3523 2326 3595 2369; x_wconf 76' lang='lat' dir='ltr'><strong>est</strong></span> <span class='ocrx_word' id='word_1_737' title='bbox 3634 2335 3797 2386; x_wconf 65' lang='lat' dir='ltr'><strong>super</strong></span> 
     </span>
    </p>
   </div>
   <div class='ocr_carea' id='block_1_85' title="bbox 2203 2407 3806 2481">
    <p class='ocr_par' dir='ltr' id='par_1_85' title="bbox 2203 2407 3806 2481">
     <span class='ocr_line' id='line_1_85' title="bbox 2203 2407 3806 2481; baseline 0 -19"><span class='ocrx_word' id='word_1_738' title='bbox 2203 2412 2372 2462; x_wconf 83' lang='lat' dir='ltr'><strong>munia</strong></span> <span class='ocrx_word' id='word_1_739' title='bbox 2404 2411 2536 2463; x_wconf 82' lang='lat' dir='ltr'><strong>Deus</strong></span> <span class='ocrx_word' id='word_1_740' title='bbox 2579 2409 2756 2481; x_wconf 78' lang='lat' dir='ltr'><strong>(Rom.</strong></span> <span class='ocrx_word' id='word_1_741' title='bbox 2789 2409 2843 2462; x_wconf 90' lang='lat'><strong>9.</strong></span> <span class='ocrx_word' id='word_1_742' title='bbox 2874 2407 2950 2480; x_wconf 81' lang='grc'><strong>5).</strong></span> <span class='ocrx_word' id='word_1_743' title='bbox 2987 2407 3048 2460; x_wconf 84' lang='grc' dir='ltr'><strong>ΕΙ</strong></span> <span class='ocrx_word' id='word_1_744' title='bbox 3097 2421 3242 2475; x_wconf 69' lang='lat' dir='ltr'><strong>smpe</strong></span> <span class='ocrx_word' id='word_1_745' title='bbox 3273 2407 3473 2460; x_wconf 88' lang='lat' dir='ltr'><strong>videris</strong></span> <span class='ocrx_word' id='word_1_746' title='bbox 3517 2407 3634 2462; x_wconf 70' lang='lat' dir='ltr'><strong>hil‘c</strong></span> <span class='ocrx_word' id='word_1_747' title='bbox 3674 2423 3806 2462; x_wconf 90' lang='lat' dir='ltr'><strong>mu-</strong></span> 
     </span>
    </p>
   </div>
   <div class='ocr_carea' id='block_1_86' title="bbox 2206 2500 3798 2570">
    <p class='ocr_par' dir='ltr' id='par_1_86' title="bbox 2206 2500 3798 2570">
     <span class='ocr_line' id='line_1_86' title="bbox 2206 2500 3798 2570; baseline 0 -16"><span class='ocrx_word' id='word_1_748' title='bbox 2206 2511 2308 2554; x_wconf 82' lang='lat' dir='ltr'><strong>tata</strong></span> <span class='ocrx_word' id='word_1_749' title='bbox 2337 2503 2572 2555; x_wconf 87' lang='lat' dir='ltr'><strong>nomina.</strong></span> <span class='ocrx_word' id='word_1_750' title='bbox 2617 2503 2671 2556; x_wconf 86' lang='lat' dir='ltr'><strong>Si</strong></span> <span class='ocrx_word' id='word_1_751' title='bbox 2700 2511 2878 2554; x_wconf 86' lang='lat' dir='ltr'><strong>autem</strong></span> <span class='ocrx_word' id='word_1_752' title='bbox 2924 2509 3105 2554; x_wconf 88' lang='lat' dir='ltr'><strong>essent</strong></span> <span class='ocrx_word' id='word_1_753' title='bbox 3146 2500 3296 2568; x_wconf 90' lang='lat' dir='ltr'><strong>quasi</strong></span> <span class='ocrx_word' id='word_1_754' title='bbox 3339 2511 3484 2554; x_wconf 88' lang='lat' dir='ltr'><strong>sorte</strong></span> <span class='ocrx_word' id='word_1_755' title='bbox 3515 2502 3798 2570; x_wconf 79' lang='lat' dir='ltr'><strong>assignata</strong></span> 
     </span>
    </p>
   </div>
   <div class='ocr_carea' id='block_1_87' title="bbox 2210 2589 3800 2662">
    <p class='ocr_par' dir='ltr' id='par_1_87' title="bbox 2210 2589 3800 2662">
     <span class='ocr_line' id='line_1_87' title="bbox 2210 2589 3800 2662; baseline 0.001 -18"><span class='ocrx_word' id='word_1_756' title='bbox 2210 2594 2498 2662; x_wconf 88' lang='lat' dir='ltr'><strong>unicuique</strong></span> <span class='ocrx_word' id='word_1_757' title='bbox 2554 2601 2757 2646; x_wconf 76' lang='lat' dir='ltr'><strong>naturze</strong></span> <span class='ocrx_word' id='word_1_758' title='bbox 2778 2633 2792 2654; x_wconf 92' lang='lat'><strong>,</strong></span> <span class='ocrx_word' id='word_1_759' title='bbox 2828 2606 3000 2660; x_wconf 88' lang='lat' dir='ltr'><strong>neque</strong></span> <span class='ocrx_word' id='word_1_760' title='bbox 3049 2591 3188 2644; x_wconf 87' lang='lat' dir='ltr'><strong>Dens</strong></span> <span class='ocrx_word' id='word_1_761' title='bbox 3211 2600 3356 2646; x_wconf 89' lang='lat' dir='ltr'><strong>esset</strong></span> <span class='ocrx_word' id='word_1_762' title='bbox 3385 2589 3548 2643; x_wconf 68' lang='lat' dir='ltr'><strong>Filius</strong></span> <span class='ocrx_word' id='word_1_763' title='bbox 3569 2633 3584 2657; x_wconf 77' lang='lat'><strong>,</strong></span> <span class='ocrx_word' id='word_1_764' title='bbox 3616 2607 3800 2660; x_wconf 84' lang='lat' dir='ltr'><strong>neque</strong></span> 
     </span>
    </p>
   </div>
   <div class='ocr_carea' id='block_1_88' title="bbox 2212 2682 3802 2747">
    <p class='ocr_par' dir='ltr' id='par_1_88' title="bbox 2212 2682 3802 2747">
     <span class='ocr_line' id='line_1_88' title="bbox 2212 2682 3802 2747; baseline -0.001 -9"><span class='ocrx_word' id='word_1_765' title='bbox 2212 2685 2353 2738; x_wconf 88' lang='lat' dir='ltr'><strong>Deus</strong></span> <span class='ocrx_word' id='word_1_766' title='bbox 2379 2695 2437 2736; x_wconf 92' lang='lat' dir='ltr'><strong>ut</strong></span> <span class='ocrx_word' id='word_1_767' title='bbox 2470 2685 2655 2747; x_wconf 85' lang='lat' dir='ltr'><strong>Pater,</strong></span> <span class='ocrx_word' id='word_1_768' title='bbox 2688 2697 2912 2737; x_wconf 89' lang='lat' dir='ltr'><strong>manens</strong></span> <span class='ocrx_word' id='word_1_769' title='bbox 2937 2682 3137 2747; x_wconf 85' lang='lat' dir='ltr'><strong>Filius;</strong></span> <span class='ocrx_word' id='word_1_770' title='bbox 3165 2697 3288 2735; x_wconf 90' lang='lat' dir='ltr'><strong>cum</strong></span> <span class='ocrx_word' id='word_1_771' title='bbox 3319 2683 3483 2746; x_wconf 77' lang='lat' dir='ltr'><strong>dixit,</strong></span> <span class='ocrx_word' id='word_1_772' title='bbox 3511 2682 3618 2736; x_wconf 77' lang='lat' dir='ltr'><strong>Sed</strong></span> <span class='ocrx_word' id='word_1_773' title='bbox 3652 2685 3802 2737; x_wconf 85' lang='lat' dir='ltr'><strong>nobis</strong></span> 
     </span>
    </p>
   </div>
   <div class='ocr_carea' id='block_1_89' title="bbox 2209 2773 3804 2846">
    <p class='ocr_par' dir='ltr' id='par_1_89' title="bbox 2209 2773 3804 2846">
     <span class='ocr_line' id='line_1_89' title="bbox 2209 2773 3804 2846; baseline 0.001 -16"><span class='ocrx_word' id='word_1_774' title='bbox 2209 2794 2340 2831; x_wconf 88' lang='lat' dir='ltr'><strong>unus</strong></span> <span class='ocrx_word' id='word_1_775' title='bbox 2372 2775 2540 2841; x_wconf 77' lang='lat' dir='ltr'><strong>Deus,</strong></span> <span class='ocrx_word' id='word_1_776' title='bbox 2573 2776 2842 2846; x_wconf 78' lang='lat' dir='ltr'><strong>superﬂue</strong></span> <span class='ocrx_word' id='word_1_777' title='bbox 2871 2775 3162 2830; x_wconf 89' lang='lat' dir='ltr'><strong>addidisset</strong></span> <span class='ocrx_word' id='word_1_778' title='bbox 3194 2775 3320 2829; x_wconf 91' lang='lat' dir='ltr'><strong>illud</strong></span> <span class='ocrx_word' id='word_1_779' title='bbox 3344 2817 3357 2838; x_wconf 89' lang='lat'><strong>,</strong></span> <span class='ocrx_word' id='word_1_780' title='bbox 3383 2773 3574 2841; x_wconf 80' lang='lat' dir='ltr'><strong>Pater,</strong></span> <span class='ocrx_word' id='word_1_781' title='bbox 3606 2777 3804 2830; x_wconf 71' lang='lat' dir='ltr'><strong>Volens</strong></span> 
     </span>
    </p>
   </div>
   <div class='ocr_carea' id='block_1_90' title="bbox 2211 2867 3801 2939">
    <p class='ocr_par' dir='ltr' id='par_1_90' title="bbox 2211 2867 3801 2939">
     <span class='ocr_line' id='line_1_90' title="bbox 2211 2867 3801 2939; baseline 0 -16"><span class='ocrx_word' id='word_1_782' title='bbox 2211 2869 2514 2938; x_wconf 79' lang='lat' dir='ltr'><strong>signiﬁcare</strong></span> <span class='ocrx_word' id='word_1_783' title='bbox 2543 2870 2837 2939; x_wconf 85' lang='lat' dir='ltr'><strong>ingenitum</strong></span> <span class='ocrx_word' id='word_1_784' title='bbox 2870 2885 2883 2921; x_wconf 90' lang='lat'>:</span> <span class='ocrx_word' id='word_1_785' title='bbox 2916 2870 3046 2923; x_wconf 85' lang='lat' dir='ltr'><strong>satis</strong></span> <span class='ocrx_word' id='word_1_786' title='bbox 3071 2869 3214 2922; x_wconf 90' lang='lat' dir='ltr'><strong>enim</strong></span> <span class='ocrx_word' id='word_1_787' title='bbox 3243 2867 3428 2923; x_wconf 82' lang='lat' dir='ltr'><strong>fuisset</strong></span> <span class='ocrx_word' id='word_1_788' title='bbox 3451 2868 3601 2931; x_wconf 88' lang='lat' dir='ltr'><strong>illud,</strong></span> <span class='ocrx_word' id='word_1_789' title='bbox 3629 2868 3801 2934; x_wconf 82' lang='lat' dir='ltr'><strong>Deus,</strong></span> 
     </span>
    </p>
   </div>
   <div class='ocr_carea' id='block_1_91' title="bbox 2213 2959 3809 3030">
    <p class='ocr_par' dir='ltr' id='par_1_91' title="bbox 2213 2959 3809 3030">
     <span class='ocr_line' id='line_1_91' title="bbox 2213 2959 3809 3030; baseline 0.001 -18"><span class='ocrx_word' id='word_1_790' title='bbox 2213 2965 2256 3012; x_wconf 90' lang='lat' dir='ltr'><strong>si</strong></span> <span class='ocrx_word' id='word_1_791' title='bbox 2284 2961 2398 3030; x_wconf 82' lang='lat' dir='ltr'><strong>ejus</strong></span> <span class='ocrx_word' id='word_1_792' title='bbox 2439 2961 2606 3014; x_wconf 87' lang='lat' dir='ltr'><strong>solius</strong></span> <span class='ocrx_word' id='word_1_793' title='bbox 2636 2960 2913 3014; x_wconf 76' lang='lat' dir='ltr'><strong>exhiberet</strong></span> <span class='ocrx_word' id='word_1_794' title='bbox 2949 2959 3314 3030; x_wconf 77' lang='lat' dir='ltr'><strong>cognitionem</strong></span> <span class='ocrx_word' id='word_1_795' title='bbox 3337 3002 3350 3023; x_wconf 94' lang='lat'><strong>,</strong></span> <span class='ocrx_word' id='word_1_796' title='bbox 3383 2959 3448 3013; x_wconf 91' lang='lat' dir='ltr'><strong>ad</strong></span> <span class='ocrx_word' id='word_1_797' title='bbox 3496 2959 3546 3013; x_wconf 92' lang='lat' dir='ltr'><strong>id</strong></span> <span class='ocrx_word' id='word_1_798' title='bbox 3596 2960 3809 3029; x_wconf 84' lang='lat' dir='ltr'><strong>signiti-</strong></span> 
     </span>
    </p>
   </div>
   <div class='ocr_carea' id='block_1_92' title="bbox 2211 3049 3808 3120">
    <p class='ocr_par' dir='ltr' id='par_1_92' title="bbox 2211 3049 3808 3120">
     <span class='ocr_line' id='line_1_92' title="bbox 2211 3049 3808 3120; baseline 0 -16"><span class='ocrx_word' id='word_1_799' title='bbox 2211 3052 2464 3106; x_wconf 86' lang='lat' dir='ltr'><strong>caudum.</strong></span> <span class='ocrx_word' id='word_1_800' title='bbox 2498 3051 2613 3107; x_wconf 87' lang='lat' dir='ltr'><strong>Non</strong></span> <span class='ocrx_word' id='word_1_801' title='bbox 2667 3052 2767 3105; x_wconf 87' lang='lat' dir='ltr'><strong>hoc</strong></span> <span class='ocrx_word' id='word_1_802' title='bbox 2814 3060 2990 3105; x_wconf 90' lang='lat' dir='ltr'><strong>autem</strong></span> <span class='ocrx_word' id='word_1_803' title='bbox 3034 3050 3205 3104; x_wconf 90' lang='lat' dir='ltr'><strong>solum</strong></span> <span class='ocrx_word' id='word_1_804' title='bbox 3228 3091 3244 3116; x_wconf 92' lang='lat'><strong>,</strong></span> <span class='ocrx_word' id='word_1_805' title='bbox 3275 3049 3370 3104; x_wconf 87' lang='lat' dir='ltr'><strong>sed</strong></span> <span class='ocrx_word' id='word_1_806' title='bbox 3415 3049 3558 3103; x_wconf 90' lang='lat' dir='ltr'><strong>aliud</strong></span> <span class='ocrx_word' id='word_1_807' title='bbox 3587 3064 3808 3120; x_wconf 85' lang='lat' dir='ltr'><strong>quoque</strong></span> 
     </span>
    </p>
   </div>
   <div class='ocr_carea' id='block_1_93' title="bbox 2216 3140 3811 3211">
    <p class='ocr_par' dir='ltr' id='par_1_93' title="bbox 2216 3140 3811 3211">
     <span class='ocr_line' id='line_1_93' title="bbox 2216 3140 3811 3211; baseline 0.001 -16"><span class='ocrx_word' id='word_1_808' title='bbox 2216 3142 2318 3195; x_wconf 89' lang='lat' dir='ltr'><strong>dici</strong></span> <span class='ocrx_word' id='word_1_809' title='bbox 2355 3152 2550 3211; x_wconf 84' lang='lat' dir='ltr'><strong>potest.</strong></span> <span class='ocrx_word' id='word_1_810' title='bbox 2603 3143 2658 3196; x_wconf 90' lang='lat' dir='ltr'><strong>Si</strong></span> <span class='ocrx_word' id='word_1_811' title='bbox 2687 3142 2830 3197; x_wconf 90' lang='lat' dir='ltr'><strong>enim</strong></span> <span class='ocrx_word' id='word_1_812' title='bbox 2862 3141 3063 3195; x_wconf 79' lang='lat' dir='ltr'><strong>dixeris</strong></span> <span class='ocrx_word' id='word_1_813' title='bbox 3088 3182 3102 3206; x_wconf 95' lang='lat'><strong>,</strong></span> <span class='ocrx_word' id='word_1_814' title='bbox 3133 3140 3254 3210; x_wconf 84' lang='lat' dir='ltr'><strong>quia</strong></span> <span class='ocrx_word' id='word_1_815' title='bbox 3286 3143 3426 3196; x_wconf 91' lang='lat' dir='ltr'><strong>Deus</strong></span> <span class='ocrx_word' id='word_1_816' title='bbox 3457 3158 3592 3195; x_wconf 90' lang='lat' dir='ltr'><strong>unus</strong></span> <span class='ocrx_word' id='word_1_817' title='bbox 3626 3142 3811 3197; x_wconf 78' lang='lat' dir='ltr'><strong>dictus</strong></span> 
     </span>
    </p>
   </div>
   <div class='ocr_carea' id='block_1_94' title="bbox 2217 3235 3811 3304">
    <p class='ocr_par' dir='ltr' id='par_1_94' title="bbox 2217 3235 3811 3304">
     <span class='ocr_line' id='line_1_94' title="bbox 2217 3235 3811 3304; baseline 0.001 -15"><span class='ocrx_word' id='word_1_818' title='bbox 2217 3245 2332 3299; x_wconf 91' lang='lat' dir='ltr'><strong>est,</strong></span> <span class='ocrx_word' id='word_1_819' title='bbox 2367 3235 2492 3289; x_wconf 91' lang='lat' dir='ltr'><strong>illud</strong></span> <span class='ocrx_word' id='word_1_820' title='bbox 2519 3278 2534 3302; x_wconf 94' lang='lat'><strong>,</strong></span> <span class='ocrx_word' id='word_1_821' title='bbox 2586 3235 2723 3289; x_wconf 85' lang='lat' dir='ltr'><strong>Deus</strong></span> <span class='ocrx_word' id='word_1_822' title='bbox 2743 3275 2761 3302; x_wconf 97' lang='lat'><strong>,</strong></span> <span class='ocrx_word' id='word_1_823' title='bbox 2802 3250 2906 3289; x_wconf 91' lang='lat' dir='ltr'><strong>non</strong></span> <span class='ocrx_word' id='word_1_824' title='bbox 2937 3235 3185 3289; x_wconf 89' lang='lat' dir='ltr'><strong>convenit</strong></span> <span class='ocrx_word' id='word_1_825' title='bbox 3212 3235 3379 3299; x_wconf 85' lang='lat' dir='ltr'><strong>Filio;</strong></span> <span class='ocrx_word' id='word_1_826' title='bbox 3407 3236 3631 3288; x_wconf 86' lang='lat' dir='ltr'><strong>observa</strong></span> <span class='ocrx_word' id='word_1_827' title='bbox 3662 3237 3811 3304; x_wconf 90' lang='lat' dir='ltr'><strong>quod</strong></span> 
     </span>
    </p>
   </div>
   <div class='ocr_carea' id='block_1_95' title="bbox 2222 3327 3812 3398">
    <p class='ocr_par' dir='ltr' id='par_1_95' title="bbox 2222 3327 3812 3398">
     <span class='ocr_line' id='line_1_95' title="bbox 2222 3327 3812 3398; baseline 0 -16"><span class='ocrx_word' id='word_1_828' title='bbox 2222 3331 2323 3384; x_wconf 88' lang='lat' dir='ltr'><strong>hoc</strong></span> <span class='ocrx_word' id='word_1_829' title='bbox 2351 3332 2514 3384; x_wconf 84' lang='lat' dir='ltr'><strong>etiam</strong></span> <span class='ocrx_word' id='word_1_830' title='bbox 2559 3329 2626 3384; x_wconf 90' lang='lat' dir='ltr'><strong>de</strong></span> <span class='ocrx_word' id='word_1_831' title='bbox 2661 3330 2796 3383; x_wconf 78' lang='lat' dir='ltr'><strong>Filio</strong></span> <span class='ocrx_word' id='word_1_832' title='bbox 2821 3329 2927 3382; x_wconf 89' lang='lat' dir='ltr'><strong>dici</strong></span> <span class='ocrx_word' id='word_1_833' title='bbox 2971 3329 3154 3398; x_wconf 86' lang='lat' dir='ltr'><strong>possit.</strong></span> <span class='ocrx_word' id='word_1_834' title='bbox 3191 3328 3400 3382; x_wconf 87' lang='lat' dir='ltr'><strong>Etenim</strong></span> <span class='ocrx_word' id='word_1_835' title='bbox 3433 3327 3598 3381; x_wconf 86' lang='lat' dir='ltr'><strong>Filius</strong></span> <span class='ocrx_word' id='word_1_836' title='bbox 3620 3369 3634 3392; x_wconf 92' lang='lat'><strong>,</strong></span> <span class='ocrx_word' id='word_1_837' title='bbox 3668 3344 3812 3382; x_wconf 79' lang='lat' dir='ltr'><strong>unus</strong></span> 
     </span>
    </p>
   </div>
   <div class='ocr_carea' id='block_1_96' title="bbox 2225 3419 3812 3489">
    <p class='ocr_par' dir='ltr' id='par_1_96' title="bbox 2225 3419 3812 3489">
     <span class='ocr_line' id='line_1_96' title="bbox 2225 3419 3812 3489; baseline 0.001 -15"><span class='ocrx_word' id='word_1_838' title='bbox 2225 3421 2484 3474; x_wconf 91' lang='lat' dir='ltr'><strong>Dominus</strong></span> <span class='ocrx_word' id='word_1_839' title='bbox 2517 3420 2694 3474; x_wconf 88' lang='lat' dir='ltr'><strong>dictus</strong></span> <span class='ocrx_word' id='word_1_840' title='bbox 2723 3431 2838 3484; x_wconf 77' lang='lat' dir='ltr'><strong>est;</strong></span> <span class='ocrx_word' id='word_1_841' title='bbox 2869 3435 3043 3489; x_wconf 77' lang='lat' dir='ltr'><strong>neque</strong></span> <span class='ocrx_word' id='word_1_842' title='bbox 3072 3429 3248 3474; x_wconf 86' lang='lat' dir='ltr'><strong>tamen</strong></span> <span class='ocrx_word' id='word_1_843' title='bbox 3279 3419 3401 3474; x_wconf 87' lang='lat' dir='ltr'><strong>ideo</strong></span> <span class='ocrx_word' id='word_1_844' title='bbox 3433 3421 3558 3473; x_wconf 91' lang='lat' dir='ltr'><strong>illud</strong></span> <span class='ocrx_word' id='word_1_845' title='bbox 3579 3463 3594 3486; x_wconf 91' lang='lat'><strong>,</strong></span> <span class='ocrx_word' id='word_1_846' title='bbox 3623 3419 3812 3476; x_wconf 84' lang='lat' dir='ltr'><strong>Domi-</strong></span> 
     </span>
    </p>
   </div>
   <div class='ocr_carea' id='block_1_97' title="bbox 2221 3511 3810 3582">
    <p class='ocr_par' dir='ltr' id='par_1_97' title="bbox 2221 3511 3810 3582">
     <span class='ocr_line' id='line_1_97' title="bbox 2221 3511 3810 3582; baseline 0.001 -18"><span class='ocrx_word' id='word_1_847' title='bbox 2221 3528 2317 3564; x_wconf 85' lang='lat' dir='ltr'><strong>nus</strong></span> <span class='ocrx_word' id='word_1_848' title='bbox 2338 3553 2352 3571; x_wconf 90' lang='lat'><strong>,</strong></span> <span class='ocrx_word' id='word_1_849' title='bbox 2383 3512 2480 3580; x_wconf 83' lang='lat' dir='ltr'><strong>ipsi</strong></span> <span class='ocrx_word' id='word_1_850' title='bbox 2513 3513 2615 3565; x_wconf 89' lang='lat' dir='ltr'><strong>soli</strong></span> <span class='ocrx_word' id='word_1_851' title='bbox 2658 3523 2969 3579; x_wconf 85' lang='lat' dir='ltr'><strong>competere</strong></span> <span class='ocrx_word' id='word_1_852' title='bbox 3005 3511 3250 3564; x_wconf 85' lang='lat' dir='ltr'><strong>dicimus.</strong></span> <span class='ocrx_word' id='word_1_853' title='bbox 3280 3511 3620 3581; x_wconf 87' lang='lat' dir='ltr'><strong>Quapropter</strong></span> <span class='ocrx_word' id='word_1_854' title='bbox 3644 3530 3810 3582; x_wconf 81' lang='lat' dir='ltr'><strong>quam</strong></span> 
     </span>
    </p>
   </div>
   <div class='ocr_carea' id='block_1_98' title="bbox 2227 3603 3811 3674">
    <p class='ocr_par' dir='ltr' id='par_1_98' title="bbox 2227 3603 3811 3674">
     <span class='ocr_line' id='line_1_98' title="bbox 2227 3603 3811 3674; baseline 0.003 -17"><span class='ocrx_word' id='word_1_855' title='bbox 2227 3607 2336 3659; x_wconf 91' lang='lat' dir='ltr'><strong>vim</strong></span> <span class='ocrx_word' id='word_1_856' title='bbox 2369 3605 2527 3659; x_wconf 90' lang='lat' dir='ltr'><strong>babct</strong></span> <span class='ocrx_word' id='word_1_857' title='bbox 2555 3605 2719 3668; x_wconf 91' lang='lat' dir='ltr'><strong>illud,</strong></span> <span class='ocrx_word' id='word_1_858' title='bbox 2755 3603 2900 3659; x_wconf 83' lang='lat' dir='ltr'><strong>Unus</strong></span> <span class='ocrx_word' id='word_1_859' title='bbox 2922 3646 2936 3670; x_wconf 90' lang='lat'><strong>,</strong></span> <span class='ocrx_word' id='word_1_860' title='bbox 2965 3620 3087 3674; x_wconf 78' lang='lat' dir='ltr'><strong>erga</strong></span> <span class='ocrx_word' id='word_1_861' title='bbox 3113 3603 3303 3658; x_wconf 88' lang='lat' dir='ltr'><strong>Filium</strong></span> <span class='ocrx_word' id='word_1_862' title='bbox 3325 3647 3339 3668; x_wconf 95' lang='lat'><strong>,</strong></span> <span class='ocrx_word' id='word_1_863' title='bbox 3370 3606 3613 3660; x_wconf 87' lang='lat' dir='ltr'><strong>eamdem</strong></span> <span class='ocrx_word' id='word_1_864' title='bbox 3649 3607 3811 3662; x_wconf 83' lang='lat' dir='ltr'><strong>habet</strong></span> 
     </span>
    </p>
   </div>
   <div class='ocr_carea' id='block_1_99' title="bbox 2225 3696 3814 3769">
    <p class='ocr_par' dir='ltr' id='par_1_99' title="bbox 2225 3696 3814 3769">
     <span class='ocr_line' id='line_1_99' title="bbox 2225 3696 3814 3769; baseline 0.001 -17"><span class='ocrx_word' id='word_1_865' title='bbox 2225 3713 2348 3768; x_wconf 80' lang='lat' dir='ltr'><strong>erga</strong></span> <span class='ocrx_word' id='word_1_866' title='bbox 2402 3699 2611 3752; x_wconf 85' lang='lat' dir='ltr'><strong>Patrem</strong></span> <span class='ocrx_word' id='word_1_867' title='bbox 2645 3715 2657 3752; x_wconf 93' lang='lat'>:</span> <span class='ocrx_word' id='word_1_868' title='bbox 2688 3713 2751 3752; x_wconf 86' lang='lat' dir='ltr'><strong>ac</strong></span> <span class='ocrx_word' id='word_1_869' title='bbox 2791 3696 3240 3766; x_wconf 85' lang='lat' dir='ltr'><strong>quemadmodum</strong></span> <span class='ocrx_word' id='word_1_870' title='bbox 3292 3697 3380 3750; x_wconf 87' lang='lat' dir='ltr'><strong>ille</strong></span> <span class='ocrx_word' id='word_1_871' title='bbox 3429 3714 3532 3752; x_wconf 90' lang='lat' dir='ltr'><strong>non</strong></span> <span class='ocrx_word' id='word_1_872' title='bbox 3586 3700 3814 3769; x_wconf 86' lang='lat' dir='ltr'><strong>impedit</strong></span> 
     </span>
    </p>
   </div>
   <div class='ocr_carea' id='block_1_100' title="bbox 2226 3787 3814 3858">
    <p class='ocr_par' dir='ltr' id='par_1_100' title="bbox 2226 3787 3814 3858">
     <span class='ocr_line' id='line_1_100' title="bbox 2226 3787 3814 3858; baseline 0.003 -17"><span class='ocrx_word' id='word_1_873' title='bbox 2226 3790 2512 3857; x_wconf 88' lang='lat' dir='ltr'><strong>quominus</strong></span> <span class='ocrx_word' id='word_1_874' title='bbox 2542 3789 2698 3842; x_wconf 86' lang='lat' dir='ltr'><strong>Pater</strong></span> <span class='ocrx_word' id='word_1_875' title='bbox 2723 3788 2987 3841; x_wconf 87' lang='lat' dir='ltr'><strong>Dominus</strong></span> <span class='ocrx_word' id='word_1_876' title='bbox 3010 3787 3099 3852; x_wconf 92' lang='lat' dir='ltr'><strong>sit,</strong></span> <span class='ocrx_word' id='word_1_877' title='bbox 3129 3803 3195 3840; x_wconf 88' lang='lat' dir='ltr'><strong>eo</strong></span> <span class='ocrx_word' id='word_1_878' title='bbox 3219 3787 3379 3842; x_wconf 90' lang='lat' dir='ltr'><strong>modo</strong></span> <span class='ocrx_word' id='word_1_879' title='bbox 3409 3805 3513 3858; x_wconf 91' lang='lat' dir='ltr'><strong>quo</strong></span> <span class='ocrx_word' id='word_1_880' title='bbox 3535 3788 3704 3844; x_wconf 87' lang='lat' dir='ltr'><strong>Filius</strong></span> <span class='ocrx_word' id='word_1_881' title='bbox 3729 3801 3814 3845; x_wconf 85' lang='lat' dir='ltr'><strong>est</strong></span> 
     </span>
    </p>
   </div>
   <div class='ocr_carea' id='block_1_101' title="bbox 2231 3877 3810 3950">
    <p class='ocr_par' dir='ltr' id='par_1_101' title="bbox 2231 3877 3810 3950">
     <span class='ocr_line' id='line_1_101' title="bbox 2231 3877 3810 3950; baseline 0.001 -16"><span class='ocrx_word' id='word_1_882' title='bbox 2231 3881 2504 3944; x_wconf 84' lang='lat' dir='ltr'><strong>Dominus,</strong></span> <span class='ocrx_word' id='word_1_883' title='bbox 2534 3895 2600 3934; x_wconf 90' lang='lat' dir='ltr'><strong>eo</strong></span> <span class='ocrx_word' id='word_1_884' title='bbox 2628 3879 2770 3950; x_wconf 88' lang='lat' dir='ltr'><strong>quod</strong></span> <span class='ocrx_word' id='word_1_885' title='bbox 2800 3877 2968 3932; x_wconf 87' lang='lat' dir='ltr'><strong>Filius</strong></span> <span class='ocrx_word' id='word_1_886' title='bbox 2991 3894 3128 3932; x_wconf 91' lang='lat' dir='ltr'><strong>unus</strong></span> <span class='ocrx_word' id='word_1_887' title='bbox 3174 3879 3432 3933; x_wconf 88' lang='lat' dir='ltr'><strong>Dominus</strong></span> <span class='ocrx_word' id='word_1_888' title='bbox 3460 3879 3705 3934; x_wconf 87' lang='lat' dir='ltr'><strong>dicatur:</strong></span> <span class='ocrx_word' id='word_1_889' title='bbox 3739 3882 3810 3936; x_wconf 88' lang='lat' dir='ltr'><strong>ita</strong></span> 
     </span>
    </p>
   </div>
   <div class='ocr_carea' id='block_1_102' title="bbox 2229 3969 3816 4040">
    <p class='ocr_par' dir='ltr' id='par_1_102' title="bbox 2229 3969 3816 4040">
     <span class='ocr_line' id='line_1_102' title="bbox 2229 3969 3816 4040; baseline 0.001 -14"><span class='ocrx_word' id='word_1_890' title='bbox 2229 3987 2401 4040; x_wconf 88' lang='lat' dir='ltr'><strong>neque</strong></span> <span class='ocrx_word' id='word_1_891' title='bbox 2429 3970 2620 4025; x_wconf 86' lang='lat' dir='ltr'><strong>Filium</strong></span> <span class='ocrx_word' id='word_1_892' title='bbox 2669 3969 2893 4038; x_wconf 89' lang='lat' dir='ltr'><strong>impedit</strong></span> <span class='ocrx_word' id='word_1_893' title='bbox 2930 3969 3217 4037; x_wconf 89' lang='lat' dir='ltr'><strong>quominus</strong></span> <span class='ocrx_word' id='word_1_894' title='bbox 3254 3971 3321 4024; x_wconf 91' lang='lat' dir='ltr'><strong>sit</strong></span> <span class='ocrx_word' id='word_1_895' title='bbox 3355 3971 3490 4024; x_wconf 89' lang='lat' dir='ltr'><strong>Deus</strong></span> <span class='ocrx_word' id='word_1_896' title='bbox 3513 4013 3528 4034; x_wconf 93' lang='lat'><strong>,</strong></span> <span class='ocrx_word' id='word_1_897' title='bbox 3559 3987 3624 4025; x_wconf 88' lang='lat' dir='ltr'><strong>eo</strong></span> <span class='ocrx_word' id='word_1_898' title='bbox 3652 3973 3816 4028; x_wconf 90' lang='lat' dir='ltr'><strong>modo</strong></span> 
     </span>
    </p>
   </div>
   <div class='ocr_carea' id='block_1_103' title="bbox 2228 4059 3811 4131">
    <p class='ocr_par' dir='ltr' id='par_1_103' title="bbox 2228 4059 3811 4131">
     <span class='ocr_line' id='line_1_103' title="bbox 2228 4059 3811 4131; baseline 0.001 -17"><span class='ocrx_word' id='word_1_899' title='bbox 2228 4077 2334 4131; x_wconf 89' lang='lat' dir='ltr'><strong>quo</strong></span> <span class='ocrx_word' id='word_1_900' title='bbox 2360 4061 2518 4115; x_wconf 87' lang='lat' dir='ltr'><strong>Pater</strong></span> <span class='ocrx_word' id='word_1_901' title='bbox 2548 4071 2631 4114; x_wconf 91' lang='lat' dir='ltr'><strong>est</strong></span> <span class='ocrx_word' id='word_1_902' title='bbox 2676 4061 2812 4114; x_wconf 85' lang='lat' dir='ltr'><strong>Deus</strong></span> <span class='ocrx_word' id='word_1_903' title='bbox 2831 4101 2846 4124; x_wconf 86' lang='lat'><strong>,</strong></span> <span class='ocrx_word' id='word_1_904' title='bbox 2878 4059 3019 4128; x_wconf 90' lang='lat' dir='ltr'><strong>quod</strong></span> <span class='ocrx_word' id='word_1_905' title='bbox 3049 4060 3205 4114; x_wconf 88' lang='lat' dir='ltr'><strong>Pater</strong></span> <span class='ocrx_word' id='word_1_906' title='bbox 3234 4061 3441 4115; x_wconf 87' lang='lat' dir='ltr'><strong>dicatur</strong></span> <span class='ocrx_word' id='word_1_907' title='bbox 3470 4078 3606 4115; x_wconf 92' lang='lat' dir='ltr'><strong>unus</strong></span> <span class='ocrx_word' id='word_1_908' title='bbox 3647 4062 3811 4118; x_wconf 89' lang='lat' dir='ltr'><strong>Deus.</strong></span> 
     </span>
    </p>
   </div>
   <div class='ocr_carea' id='block_1_104' title="bbox 2229 4149 3812 4221">
    <p class='ocr_par' dir='ltr' id='par_1_104' title="bbox 2229 4149 3812 4221">
     <span class='ocr_line' id='line_1_104' title="bbox 2229 4149 3812 4221; baseline 0.003 -17"><span class='ocrx_word' id='word_1_909' title='bbox 2229 4151 2380 4217; x_wconf 88' lang='lat' dir='ltr'><strong>Quod</strong></span> <span class='ocrx_word' id='word_1_910' title='bbox 2408 4152 2452 4204; x_wconf 92' lang='lat' dir='ltr'><strong>si</strong></span> <span class='ocrx_word' id='word_1_911' title='bbox 2483 4151 2698 4219; x_wconf 85' lang='lat' dir='ltr'><strong>quidam</strong></span> <span class='ocrx_word' id='word_1_912' title='bbox 2734 4149 2968 4204; x_wconf 74' lang='lat' dir='ltr'><strong>dixerat</strong></span> <span class='ocrx_word' id='word_1_913' title='bbox 2992 4191 3007 4215; x_wconf 89' lang='lat'><strong>,</strong></span> <span class='ocrx_word' id='word_1_914' title='bbox 3036 4167 3131 4204; x_wconf 90' lang='lat' dir='ltr'><strong>cur</strong></span> <span class='ocrx_word' id='word_1_915' title='bbox 3167 4151 3424 4221; x_wconf 86' lang='lat' dir='ltr'><strong>Spiritum</strong></span> <span class='ocrx_word' id='word_1_916' title='bbox 3473 4169 3576 4206; x_wconf 91' lang='lat' dir='ltr'><strong>non</strong></span> <span class='ocrx_word' id='word_1_917' title='bbox 3609 4169 3812 4208; x_wconf 81' lang='lat' dir='ltr'><strong>memo-</strong></span> 
     </span>
    </p>
   </div>
   <div class='ocr_carea' id='block_1_105' title="bbox 2231 4241 3818 4311">
    <p class='ocr_par' dir='ltr' id='par_1_105' title="bbox 2231 4241 3818 4311">
     <span class='ocr_line' id='line_1_105' title="bbox 2231 4241 3818 4311; baseline 0.001 -15"><span class='ocrx_word' id='word_1_918' title='bbox 2231 4241 2400 4296; x_wconf 81' lang='lat' dir='ltr'><strong>ravit?</strong></span> <span class='ocrx_word' id='word_1_919' title='bbox 2429 4241 2558 4295; x_wconf 90' lang='lat' dir='ltr'><strong>illud</strong></span> <span class='ocrx_word' id='word_1_920' title='bbox 2588 4241 2912 4306; x_wconf 77' lang='lat' dir='ltr'><strong>dixerimus,</strong></span> <span class='ocrx_word' id='word_1_921' title='bbox 2937 4242 3107 4310; x_wconf 89' lang='lat' dir='ltr'><strong>ipsum</strong></span> <span class='ocrx_word' id='word_1_922' title='bbox 3131 4257 3323 4311; x_wconf 89' lang='lat' dir='ltr'><strong>nempe</strong></span> <span class='ocrx_word' id='word_1_923' title='bbox 3354 4242 3660 4298; x_wconf 85' lang='lat' dir='ltr'><strong>idololatras</strong></span> <span class='ocrx_word' id='word_1_924' title='bbox 3685 4246 3818 4297; x_wconf 84' lang='lat' dir='ltr'><strong>allo-</strong></span> 
     </span>
    </p>
   </div>
   <div class='ocr_carea' id='block_1_106' title="bbox 2233 4332 3816 4403">
    <p class='ocr_par' dir='ltr' id='par_1_106' title="bbox 2233 4332 3816 4403">
     <span class='ocr_line' id='line_1_106' title="bbox 2233 4332 3816 4403; baseline 0.002 -18"><span class='ocrx_word' id='word_1_925' title='bbox 2233 4336 2320 4403; x_wconf 89' lang='lat' dir='ltr'><strong>qui</strong></span> <span class='ocrx_word' id='word_1_926' title='bbox 2343 4377 2356 4400; x_wconf 91' lang='lat'><strong>,</strong></span> <span class='ocrx_word' id='word_1_927' title='bbox 2377 4344 2431 4388; x_wconf 90' lang='lat' dir='ltr'><strong>et</strong></span> <span class='ocrx_word' id='word_1_928' title='bbox 2455 4334 2523 4387; x_wconf 89' lang='lat' dir='ltr'><strong>de</strong></span> <span class='ocrx_word' id='word_1_929' title='bbox 2551 4334 2654 4387; x_wconf 87' lang='lat' dir='ltr'><strong>diis</strong></span> <span class='ocrx_word' id='word_1_930' title='bbox 2681 4333 2866 4388; x_wconf 89' lang='lat' dir='ltr'><strong>multis</strong></span> <span class='ocrx_word' id='word_1_931' title='bbox 2887 4333 3060 4403; x_wconf 88' lang='lat' dir='ltr'><strong>deque</strong></span> <span class='ocrx_word' id='word_1_932' title='bbox 3085 4332 3318 4388; x_wconf 88' lang='lat' dir='ltr'><strong>dominis</strong></span> <span class='ocrx_word' id='word_1_933' title='bbox 3346 4335 3526 4388; x_wconf 91' lang='lat' dir='ltr'><strong>multis</strong></span> <span class='ocrx_word' id='word_1_934' title='bbox 3551 4351 3671 4389; x_wconf 86' lang='lat' dir='ltr'><strong>esse</strong></span> <span class='ocrx_word' id='word_1_935' title='bbox 3699 4350 3816 4388; x_wconf 83' lang='lat' dir='ltr'><strong>cer-</strong></span> 
     </span>
    </p>
   </div>
   <div class='ocr_carea' id='block_1_107' title="bbox 2235 4423 3820 4488">
    <p class='ocr_par' dir='ltr' id='par_1_107' title="bbox 2235 4423 3820 4488">
     <span class='ocr_line' id='line_1_107' title="bbox 2235 4423 3820 4488; baseline 0.001 -10"><span class='ocrx_word' id='word_1_936' title='bbox 2235 4434 2432 4480; x_wconf 90' lang='lat' dir='ltr'><strong>tamen.</strong></span> <span class='ocrx_word' id='word_1_937' title='bbox 2468 4424 2592 4478; x_wconf 85' lang='lat' dir='ltr'><strong>ldeo</strong></span> <span class='ocrx_word' id='word_1_938' title='bbox 2621 4439 2740 4478; x_wconf 90' lang='lat' dir='ltr'><strong>cum</strong></span> <span class='ocrx_word' id='word_1_939' title='bbox 2781 4424 2994 4479; x_wconf 86' lang='lat' dir='ltr'><strong>Patrem</strong></span> <span class='ocrx_word' id='word_1_940' title='bbox 3023 4425 3188 4478; x_wconf 87' lang='lat' dir='ltr'><strong>Deum</strong></span> <span class='ocrx_word' id='word_1_941' title='bbox 3217 4423 3460 4488; x_wconf 77' lang='lat' dir='ltr'><strong>dixisset,</strong></span> <span class='ocrx_word' id='word_1_942' title='bbox 3489 4426 3679 4480; x_wconf 87' lang='lat' dir='ltr'><strong>Filium</strong></span> <span class='ocrx_word' id='word_1_943' title='bbox 3715 4426 3820 4479; x_wconf 85' lang='lat' dir='ltr'><strong>Do-</strong></span> 
     </span>
    </p>
   </div>
   <div class='ocr_carea' id='block_1_108' title="bbox 2236 4516 3820 4585">
    <p class='ocr_par' dir='ltr' id='par_1_108' title="bbox 2236 4516 3820 4585">
     <span class='ocr_line' id='line_1_108' title="bbox 2236 4516 3820 4585; baseline 0.001 -15"><span class='ocrx_word' id='word_1_944' title='bbox 2236 4517 2438 4570; x_wconf 90' lang='lat' dir='ltr'><strong>minum</strong></span> <span class='ocrx_word' id='word_1_945' title='bbox 2488 4516 2796 4585; x_wconf 89' lang='lat' dir='ltr'><strong>appellavit.</strong></span> <span class='ocrx_word' id='word_1_946' title='bbox 2840 4516 2895 4571; x_wconf 87' lang='lat' dir='ltr'><strong>Si</strong></span> <span class='ocrx_word' id='word_1_947' title='bbox 2939 4530 3067 4585; x_wconf 76' lang='lat' dir='ltr'><strong>ergo</strong></span> <span class='ocrx_word' id='word_1_948' title='bbox 3114 4517 3321 4570; x_wconf 89' lang='lat' dir='ltr'><strong>Patrem</strong></span> <span class='ocrx_word' id='word_1_949' title='bbox 3371 4532 3478 4570; x_wconf 90' lang='lat' dir='ltr'><strong>non</strong></span> <span class='ocrx_word' id='word_1_950' title='bbox 3527 4533 3692 4572; x_wconf 90' lang='lat' dir='ltr'><strong>ausus</strong></span> <span class='ocrx_word' id='word_1_951' title='bbox 3738 4529 3820 4573; x_wconf 90' lang='lat' dir='ltr'><strong>est</strong></span> 
     </span>
    </p>
   </div>
   <div class='ocr_carea' id='block_1_109' title="bbox 2244 4604 3818 4677">
    <p class='ocr_par' dir='ltr' id='par_1_109' title="bbox 2244 4604 3818 4677">
     <span class='ocr_line' id='line_1_109' title="bbox 2244 4604 3818 4677; baseline -0.001 -16"><span class='ocrx_word' id='word_1_952' title='bbox 2244 4621 2382 4661; x_wconf 90' lang='lat' dir='ltr'><strong>nunc</strong></span> <span class='ocrx_word' id='word_1_953' title='bbox 2411 4607 2681 4676; x_wconf 85' lang='lat' dir='ltr'><strong>appellare</strong></span> <span class='ocrx_word' id='word_1_954' title='bbox 2712 4606 2994 4660; x_wconf 90' lang='lat' dir='ltr'><strong>Dominum</strong></span> <span class='ocrx_word' id='word_1_955' title='bbox 3019 4621 3138 4661; x_wconf 91' lang='lat' dir='ltr'><strong>cum</strong></span> <span class='ocrx_word' id='word_1_956' title='bbox 3171 4604 3327 4672; x_wconf 80' lang='lat' dir='ltr'><strong>Filio,</strong></span> <span class='ocrx_word' id='word_1_957' title='bbox 3357 4622 3425 4662; x_wconf 90' lang='lat' dir='ltr'><strong>ne</strong></span> <span class='ocrx_word' id='word_1_958' title='bbox 3454 4609 3505 4660; x_wconf 94' lang='lat' dir='ltr'><strong>in</strong></span> <span class='ocrx_word' id='word_1_959' title='bbox 3547 4610 3818 4677; x_wconf 82' lang='lat' dir='ltr'><strong>suspicio-</strong></span> 
     </span>
    </p>
   </div>
   <div class='ocr_carea' id='block_1_110' title="bbox 2239 4696 3820 4768">
    <p class='ocr_par' dir='ltr' id='par_1_110' title="bbox 2239 4696 3820 4768">
     <span class='ocr_line' id='line_1_110' title="bbox 2239 4696 3820 4768; baseline 0.001 -16"><span class='ocrx_word' id='word_1_960' title='bbox 2239 4714 2360 4752; x_wconf 88' lang='lat' dir='ltr'><strong>nem</strong></span> <span class='ocrx_word' id='word_1_961' title='bbox 2391 4698 2601 4752; x_wconf 87' lang='lat' dir='ltr'><strong>veniret</strong></span> <span class='ocrx_word' id='word_1_962' title='bbox 2626 4696 2766 4767; x_wconf 90' lang='lat' dir='ltr'><strong>quod</strong></span> <span class='ocrx_word' id='word_1_963' title='bbox 2797 4696 2931 4750; x_wconf 86' lang='lat' dir='ltr'><strong>duos</strong></span> <span class='ocrx_word' id='word_1_964' title='bbox 2959 4697 3163 4750; x_wconf 89' lang='lat' dir='ltr'><strong>diceret</strong></span> <span class='ocrx_word' id='word_1_965' title='bbox 3193 4697 3475 4760; x_wconf 84' lang='lat' dir='ltr'><strong>Domiuos,</strong></span> <span class='ocrx_word' id='word_1_966' title='bbox 3530 4714 3704 4768; x_wconf 86' lang='lat' dir='ltr'><strong>neque</strong></span> <span class='ocrx_word' id='word_1_967' title='bbox 3731 4700 3820 4754; x_wconf 83' lang='lat' dir='ltr'><strong>Fi-</strong></span> 
     </span>
    </p>
   </div>
   <div class='ocr_carea' id='block_1_111' title="bbox 2240 4787 3822 4857">
    <p class='ocr_par' dir='ltr' id='par_1_111' title="bbox 2240 4787 3822 4857">
     <span class='ocr_line' id='line_1_111' title="bbox 2240 4787 3822 4857; baseline 0.001 -14"><span class='ocrx_word' id='word_1_968' title='bbox 2240 4790 2372 4843; x_wconf 89' lang='lat' dir='ltr'><strong>lium</strong></span> <span class='ocrx_word' id='word_1_969' title='bbox 2421 4789 2590 4843; x_wconf 90' lang='lat' dir='ltr'><strong>Deum</strong></span> <span class='ocrx_word' id='word_1_970' title='bbox 2633 4804 2753 4843; x_wconf 91' lang='lat' dir='ltr'><strong>cum</strong></span> <span class='ocrx_word' id='word_1_971' title='bbox 2799 4788 2988 4852; x_wconf 88' lang='lat' dir='ltr'><strong>Patre,</strong></span> <span class='ocrx_word' id='word_1_972' title='bbox 3035 4803 3102 4841; x_wconf 87' lang='lat' dir='ltr'><strong>ne</strong></span> <span class='ocrx_word' id='word_1_973' title='bbox 3137 4796 3417 4857; x_wconf 84' lang='lat' dir='ltr'><strong>putaretur</strong></span> <span class='ocrx_word' id='word_1_974' title='bbox 3460 4787 3594 4844; x_wconf 90' lang='lat' dir='ltr'><strong>duos</strong></span> <span class='ocrx_word' id='word_1_975' title='bbox 3640 4790 3822 4845; x_wconf 89' lang='lat' dir='ltr'><strong>dicere</strong></span> 
     </span>
    </p>
   </div>
   <div class='ocr_carea' id='block_1_112' title="bbox 2244 4878 3823 4947">
    <p class='ocr_par' dir='ltr' id='par_1_112' title="bbox 2244 4878 3823 4947">
     <span class='ocr_line' id='line_1_112' title="bbox 2244 4878 3823 4947; baseline 0.003 -16"><span class='ocrx_word' id='word_1_976' title='bbox 2244 4879 2380 4932; x_wconf 87' lang='lat' dir='ltr'><strong>Deos</strong></span> <span class='ocrx_word' id='word_1_977' title='bbox 2401 4917 2414 4942; x_wconf 90' lang='lat'><strong>,</strong></span> <span class='ocrx_word' id='word_1_978' title='bbox 2433 4879 2558 4947; x_wconf 86' lang='lat' dir='ltr'><strong>quid</strong></span> <span class='ocrx_word' id='word_1_979' title='bbox 2578 4880 2808 4940; x_wconf 83' lang='lat' dir='ltr'><strong>miraris,</strong></span> <span class='ocrx_word' id='word_1_980' title='bbox 2828 4880 2872 4933; x_wconf 91' lang='lat' dir='ltr'><strong>si</strong></span> <span class='ocrx_word' id='word_1_981' title='bbox 2891 4878 3144 4946; x_wconf 89' lang='lat' dir='ltr'><strong>Spiritum</strong></span> <span class='ocrx_word' id='word_1_982' title='bbox 3168 4893 3272 4932; x_wconf 91' lang='lat' dir='ltr'><strong>non</strong></span> <span class='ocrx_word' id='word_1_983' title='bbox 3291 4883 3704 4935; x_wconf 72' lang='lat' dir='ltr'><strong>memoraverit?</strong></span> <span class='ocrx_word' id='word_1_984' title='bbox 3733 4883 3823 4935; x_wconf 84' lang='lat' dir='ltr'><strong>ad-</strong></span> 
     </span>
    </p>
   </div>
   <div class='ocr_carea' id='block_1_113' title="bbox 2243 4970 3820 5039">
    <p class='ocr_par' dir='ltr' id='par_1_113' title="bbox 2243 4970 3820 5039">
     <span class='ocr_line' id='line_1_113' title="bbox 2243 4970 3820 5039; baseline 0.004 -18"><span class='ocrx_word' id='word_1_985' title='bbox 2243 4985 2430 5024; x_wconf 83' lang='lat' dir='ltr'><strong>versus</strong></span> <span class='ocrx_word' id='word_1_986' title='bbox 2459 4972 2580 5039; x_wconf 81' lang='lat' dir='ltr'><strong>illos</strong></span> <span class='ocrx_word' id='word_1_987' title='bbox 2604 4972 2746 5022; x_wconf 87' lang='lat' dir='ltr'><strong>enim</strong></span> <span class='ocrx_word' id='word_1_988' title='bbox 2777 4979 2885 5025; x_wconf 91' lang='lat' dir='ltr'><strong>tum</strong></span> <span class='ocrx_word' id='word_1_989' title='bbox 2914 4970 3277 5036; x_wconf 88' lang='lat' dir='ltr'><strong>concertabat,</strong></span> <span class='ocrx_word' id='word_1_990' title='bbox 3307 4981 3361 5025; x_wconf 91' lang='lat' dir='ltr'><strong>ut</strong></span> <span class='ocrx_word' id='word_1_991' title='bbox 3383 4972 3694 5028; x_wconf 88' lang='lat' dir='ltr'><strong>ostenderet</strong></span> <span class='ocrx_word' id='word_1_992' title='bbox 3717 4989 3820 5028; x_wconf 89' lang='lat' dir='ltr'><strong>non</strong></span> 
     </span>
    </p>
   </div>
   <div class='ocr_carea' id='block_1_114' title="bbox 2243 5061 3817 5134">
    <p class='ocr_par' dir='ltr' id='par_1_114' title="bbox 2243 5061 3817 5134">
     <span class='ocr_line' id='line_1_114' title="bbox 2243 5061 3817 5134; baseline 0.001 -18"><span class='ocrx_word' id='word_1_993' title='bbox 2243 5077 2362 5117; x_wconf 81' lang='lat' dir='ltr'><strong>esse</strong></span> <span class='ocrx_word' id='word_1_994' title='bbox 2391 5063 2528 5134; x_wconf 77' lang='lat' dir='ltr'><strong>apud</strong></span> <span class='ocrx_word' id='word_1_995' title='bbox 2571 5078 2668 5115; x_wconf 88' lang='lat' dir='ltr'><strong>nos</strong></span> <span class='ocrx_word' id='word_1_996' title='bbox 2716 5062 3159 5130; x_wconf 78' lang='lat' dir='ltr'><strong>multiplicitatem</strong></span> <span class='ocrx_word' id='word_1_997' title='bbox 3203 5061 3445 5116; x_wconf 89' lang='lat' dir='ltr'><strong>deorum.</strong></span> <span class='ocrx_word' id='word_1_998' title='bbox 3489 5061 3613 5118; x_wconf 85' lang='lat' dir='ltr'><strong>Ideo</strong></span> <span class='ocrx_word' id='word_1_999' title='bbox 3657 5065 3817 5129; x_wconf 90' lang='lat' dir='ltr'><strong>illud,</strong></span> 
     </span>
    </p>
   </div>
   <div class='ocr_carea' id='block_1_115' title="bbox 2250 5152 3832 5218">
    <p class='ocr_par' dir='ltr' id='par_1_115' title="bbox 2250 5152 3832 5218">
     <span class='ocr_line' id='line_1_115' title="bbox 2250 5152 3832 5218; baseline 0.005 -12"><span class='ocrx_word' id='word_1_1000' title='bbox 2250 5152 2413 5218; x_wconf 88' lang='lat' dir='ltr'><strong>Unus,</strong></span> <span class='ocrx_word' id='word_1_1001' title='bbox 2444 5154 2660 5207; x_wconf 76' lang='lat' dir='ltr'><strong>assidue</strong></span> <span class='ocrx_word' id='word_1_1002' title='bbox 2692 5156 2887 5208; x_wconf 87' lang='lat' dir='ltr'><strong>retinet</strong></span> <span class='ocrx_word' id='word_1_1003' title='bbox 2917 5154 3123 5218; x_wconf 79' lang='lat' dir='ltr'><strong>dicens,</strong></span> <span class='ocrx_word' id='word_1_1004' title='bbox 3159 5153 3278 5208; x_wconf 81' lang='lat' dir='ltr'><strong>Non</strong></span> <span class='ocrx_word' id='word_1_1005' title='bbox 3309 5165 3380 5208; x_wconf 85' lang='lat' dir='ltr'><strong>est</strong></span> <span class='ocrx_word' id='word_1_1006' title='bbox 3405 5155 3543 5210; x_wconf 85' lang='lat' dir='ltr'><strong>Deus</strong></span> <span class='ocrx_word' id='word_1_1007' title='bbox 3570 5156 3706 5214; x_wconf 83' lang='lat' dir='ltr'><strong>alius</strong></span> <span class='ocrx_word' id='word_1_1008' title='bbox 3731 5161 3832 5214; x_wconf 83' lang='lat' dir='ltr'><strong>nisi</strong></span> 
     </span>
    </p>
   </div>
   <div class='ocr_carea' id='block_1_116' title="bbox 2246 5245 3821 5308">
    <p class='ocr_par' dir='ltr' id='par_1_116' title="bbox 2246 5245 3821 5308">
     <span class='ocr_line' id='line_1_116' title="bbox 2246 5245 3821 5308; baseline 0.005 -10"><span class='ocrx_word' id='word_1_1009' title='bbox 2246 5261 2406 5308; x_wconf 81' lang='lat' dir='ltr'><strong>unus;</strong></span> <span class='ocrx_word' id='word_1_1010' title='bbox 2431 5255 2503 5308; x_wconf 85' lang='lat' dir='ltr'><strong>et,</strong></span> <span class='ocrx_word' id='word_1_1011' title='bbox 2542 5245 2700 5299; x_wconf 73' lang='lat' dir='ltr'><strong>Nobis</strong></span> <span class='ocrx_word' id='word_1_1012' title='bbox 2730 5263 2859 5300; x_wconf 86' lang='lat' dir='ltr'><strong>unus</strong></span> <span class='ocrx_word' id='word_1_1013' title='bbox 2888 5255 2958 5299; x_wconf 86' lang='lat' dir='ltr'><strong>est</strong></span> <span class='ocrx_word' id='word_1_1014' title='bbox 2991 5247 3125 5300; x_wconf 81' lang='lat' dir='ltr'><strong>Deus</strong></span> <span class='ocrx_word' id='word_1_1015' title='bbox 3146 5257 3194 5301; x_wconf 89' lang='lat' dir='ltr'><strong>et</strong></span> <span class='ocrx_word' id='word_1_1016' title='bbox 3220 5263 3350 5302; x_wconf 85' lang='lat' dir='ltr'><strong>unus</strong></span> <span class='ocrx_word' id='word_1_1017' title='bbox 3377 5247 3645 5303; x_wconf 84' lang='lat' dir='ltr'><strong>Dominus.</strong></span> <span class='ocrx_word' id='word_1_1018' title='bbox 3679 5252 3821 5306; x_wconf 82' lang='lat' dir='ltr'><strong>Unde</strong></span> 
     </span>
    </p>
   </div>
   <div class='ocr_carea' id='block_1_117' title="bbox 2250 5337 3820 5411">
    <p class='ocr_par' dir='ltr' id='par_1_117' title="bbox 2250 5337 3820 5411">
     <span class='ocr_line' id='line_1_117' title="bbox 2250 5337 3820 5411; baseline 0.006 -21"><span class='ocrx_word' id='word_1_1019' title='bbox 2250 5337 2589 5391; x_wconf 80' lang='lat' dir='ltr'><strong>manifestum</strong></span> <span class='ocrx_word' id='word_1_1020' title='bbox 2619 5348 2701 5391; x_wconf 88' lang='lat' dir='ltr'><strong>est</strong></span> <span class='ocrx_word' id='word_1_1021' title='bbox 2737 5338 2880 5390; x_wconf 87' lang='lat' dir='ltr'><strong>illtun</strong></span> <span class='ocrx_word' id='word_1_1022' title='bbox 2902 5379 2917 5400; x_wconf 89' lang='lat'><strong>,</strong></span> <span class='ocrx_word' id='word_1_1023' title='bbox 2949 5338 3250 5392; x_wconf 88' lang='lat' dir='ltr'><strong>auditorum</strong></span> <span class='ocrx_word' id='word_1_1024' title='bbox 3278 5339 3568 5394; x_wconf 74' lang='lat' dir='ltr'><strong>infirmitati</strong></span> <span class='ocrx_word' id='word_1_1025' title='bbox 3603 5359 3820 5411; x_wconf 83' lang='lat' dir='ltr'><strong>parcen-</strong></span> 
     </span>
    </p>
   </div>
   <div class='ocr_carea' id='block_1_118' title="bbox 2250 5429 3818 5503">
    <p class='ocr_par' dir='ltr' id='par_1_118' title="bbox 2250 5429 3818 5503">
     <span class='ocr_line' id='line_1_118' title="bbox 2250 5429 3818 5503; baseline 0.004 -21"><span class='ocrx_word' id='word_1_1026' title='bbox 2250 5438 2378 5494; x_wconf 88' lang='lat' dir='ltr'><strong>tem,</strong></span> <span class='ocrx_word' id='word_1_1027' title='bbox 2413 5429 2514 5484; x_wconf 92' lang='lat' dir='ltr'><strong>boc</strong></span> <span class='ocrx_word' id='word_1_1028' title='bbox 2539 5429 2793 5498; x_wconf 83' lang='lat' dir='ltr'><strong>arguendi</strong></span> <span class='ocrx_word' id='word_1_1029' title='bbox 2824 5429 2983 5482; x_wconf 88' lang='lat' dir='ltr'><strong>modo</strong></span> <span class='ocrx_word' id='word_1_1030' title='bbox 3013 5443 3163 5483; x_wconf 89' lang='lat' dir='ltr'><strong>usum</strong></span> <span class='ocrx_word' id='word_1_1031' title='bbox 3193 5445 3313 5486; x_wconf 90' lang='lat' dir='ltr'><strong>esse</strong></span> <span class='ocrx_word' id='word_1_1032' title='bbox 3334 5472 3348 5496; x_wconf 90' lang='lat'><strong>,</strong></span> <span class='ocrx_word' id='word_1_1033' title='bbox 3399 5431 3626 5502; x_wconf 84' lang='lat' dir='ltr'><strong>ideoque</strong></span> <span class='ocrx_word' id='word_1_1034' title='bbox 3657 5435 3818 5503; x_wconf 87' lang='lat' dir='ltr'><strong>Spiri-</strong></span> 
     </span>
    </p>
   </div>
   <div class='ocr_carea' id='block_1_119' title="bbox 2251 5520 3821 5587">
    <p class='ocr_par' dir='ltr' id='par_1_119' title="bbox 2251 5520 3821 5587">
     <span class='ocr_line' id='line_1_119' title="bbox 2251 5520 3821 5587; baseline 0.004 -13"><span class='ocrx_word' id='word_1_1035' title='bbox 2251 5531 2359 5574; x_wconf 90' lang='lat' dir='ltr'><strong>tum</strong></span> <span class='ocrx_word' id='word_1_1036' title='bbox 2390 5535 2493 5575; x_wconf 91' lang='lat' dir='ltr'><strong>nou</strong></span> <span class='ocrx_word' id='word_1_1037' title='bbox 2526 5523 2927 5575; x_wconf 87' lang='lat' dir='ltr'><strong>memoravisse.</strong></span> <span class='ocrx_word' id='word_1_1038' title='bbox 2977 5520 3109 5575; x_wconf 86' lang='lat' dir='ltr'><strong>Nam</strong></span> <span class='ocrx_word' id='word_1_1039' title='bbox 3162 5523 3206 5575; x_wconf 92' lang='lat' dir='ltr'><strong>si</strong></span> <span class='ocrx_word' id='word_1_1040' title='bbox 3253 5523 3358 5579; x_wconf 88' lang='lat' dir='ltr'><strong>hoc</strong></span> <span class='ocrx_word' id='word_1_1041' title='bbox 3403 5540 3508 5577; x_wconf 89' lang='lat' dir='ltr'><strong>non</strong></span> <span class='ocrx_word' id='word_1_1042' title='bbox 3538 5537 3703 5587; x_wconf 86' lang='lat' dir='ltr'><strong>esset.</strong></span> <span class='ocrx_word' id='word_1_1043' title='bbox 3733 5543 3821 5581; x_wconf 85' lang='lat' dir='ltr'><strong>nec</strong></span> 
     </span>
    </p>
   </div>
   <div class='ocr_carea' id='block_1_120' title="bbox 2250 5611 3819 5685">
    <p class='ocr_par' dir='ltr' id='par_1_120' title="bbox 2250 5611 3819 5685">
     <span class='ocr_line' id='line_1_120' title="bbox 2250 5611 3819 5685; baseline 0.004 -22"><span class='ocrx_word' id='word_1_1044' title='bbox 2250 5611 2372 5664; x_wconf 87' lang='lat' dir='ltr'><strong>alibi</strong></span> <span class='ocrx_word' id='word_1_1045' title='bbox 2401 5613 2727 5680; x_wconf 89' lang='lat' dir='ltr'><strong>oportuisset</strong></span> <span class='ocrx_word' id='word_1_1046' title='bbox 2773 5613 3030 5680; x_wconf 79' lang='lat' dir='ltr'><strong>Spiritum</strong></span> <span class='ocrx_word' id='word_1_1047' title='bbox 3083 5628 3416 5680; x_wconf 87' lang='lat' dir='ltr'><strong>memorare,</strong></span> <span class='ocrx_word' id='word_1_1048' title='bbox 3463 5631 3639 5685; x_wconf 90' lang='lat' dir='ltr'><strong>neque</strong></span> <span class='ocrx_word' id='word_1_1049' title='bbox 3683 5618 3819 5670; x_wconf 89' lang='lat' dir='ltr'><strong>illum</strong></span> 
     </span>
    </p>
   </div>
   <div class='ocr_carea' id='block_1_121' title="bbox 2252 5704 3820 5774">
    <p class='ocr_par' dir='ltr' id='par_1_121' title="bbox 2252 5704 3820 5774">
     <span class='ocr_line' id='line_1_121' title="bbox 2252 5704 3820 5774; baseline 0.004 -18"><span class='ocrx_word' id='word_1_1050' title='bbox 2252 5718 2372 5756; x_wconf 89' lang='lat' dir='ltr'><strong>cum</strong></span> <span class='ocrx_word' id='word_1_1051' title='bbox 2408 5704 2565 5758; x_wconf 89' lang='lat' dir='ltr'><strong>Patre</strong></span> <span class='ocrx_word' id='word_1_1052' title='bbox 2607 5713 2661 5757; x_wconf 91' lang='lat' dir='ltr'><strong>et</strong></span> <span class='ocrx_word' id='word_1_1053' title='bbox 2706 5704 2844 5757; x_wconf 85' lang='lat' dir='ltr'><strong>Filio</strong></span> <span class='ocrx_word' id='word_1_1054' title='bbox 2870 5705 3216 5774; x_wconf 77' lang='lat' dir='ltr'><strong>conjungere.</strong></span> <span class='ocrx_word' id='word_1_1055' title='bbox 3265 5705 3397 5761; x_wconf 83' lang='lat' dir='ltr'><strong>Nam</strong></span> <span class='ocrx_word' id='word_1_1056' title='bbox 3444 5708 3486 5761; x_wconf 89' lang='lat' dir='ltr'><strong>si</strong></span> <span class='ocrx_word' id='word_1_1057' title='bbox 3533 5723 3561 5761; x_wconf 88' lang='lat' dir='ltr'><strong>a</strong></span> <span class='ocrx_word' id='word_1_1058' title='bbox 3595 5708 3750 5763; x_wconf 87' lang='lat' dir='ltr'><strong>Patre</strong></span> <span class='ocrx_word' id='word_1_1059' title='bbox 3773 5719 3820 5765; x_wconf 85' lang='lat' dir='ltr'><strong>et</strong></span> 
     </span>
    </p>
   </div>
   <div class='ocr_carea' id='block_1_122' title="bbox 2257 5794 3820 5874">
    <p class='ocr_par' dir='ltr' id='par_1_122' title="bbox 2257 5794 3820 5874">
     <span class='ocr_line' id='line_1_122' title="bbox 2257 5794 3820 5874; baseline 0.006 -26"><span class='ocrx_word' id='word_1_1060' title='bbox 2257 5794 2392 5850; x_wconf 83' lang='lat' dir='ltr'><strong>Filio</strong></span> <span class='ocrx_word' id='word_1_1061' title='bbox 2419 5807 2559 5851; x_wconf 77' lang='lat' dir='ltr'><strong>esset</strong></span> <span class='ocrx_word' id='word_1_1062' title='bbox 2587 5795 2835 5852; x_wconf 83' lang='lat' dir='ltr'><strong>exclusus</strong></span> <span class='ocrx_word' id='word_1_1063' title='bbox 2859 5838 2873 5863; x_wconf 88' lang='lat'><strong>,</strong></span> <span class='ocrx_word' id='word_1_1064' title='bbox 2906 5797 3070 5852; x_wconf 88' lang='lat' dir='ltr'><strong>multo</strong></span> <span class='ocrx_word' id='word_1_1065' title='bbox 3098 5799 3266 5870; x_wconf 75' lang='lat' dir='ltr'><strong>magis</strong></span> <span class='ocrx_word' id='word_1_1066' title='bbox 3308 5798 3456 5856; x_wconf 84' lang='lat' dir='ltr'><strong>illum</strong></span> <span class='ocrx_word' id='word_1_1067' title='bbox 3482 5800 3538 5858; x_wconf 89' lang='lat' dir='ltr'><strong>in</strong></span> <span class='ocrx_word' id='word_1_1068' title='bbox 3567 5801 3820 5874; x_wconf 86' lang='lat' dir='ltr'><strong>baptismo</strong></span> 
     </span>
    </p>
   </div>
  </div>
