3992 6430
181 365 260 422 163
1247 366 1310 421 IN
1352 364 1569 422 EPIST.
1614 363 1754 418 [AD

1889 364 1950 418 ιι.
1996 365 2232 423 1103111..
2303 369 2422 425 XX.
3381 377 3481 431 164

183 481 258 538 οὐκ
274 481 390 553 ἕχει
427 484 690 558 βλάϐην,
734 485 812 551 ὡς
847 484 1154 557 ἀδιαφόροις
1183 482 1408 554 ἔμελλον
1442 482 1774 554 ἐπιτρέχειν·

187 571 498 639 κωλυθέντες
529 576 593 630 δὲ
629 577 824 631 αὐτῶν
844 576 1128 642 ἅπτεσθαι,
1149 575 1310 630 πάλιν
1343 576 1666 630 ὑπώπτευον
1693 577 1775 630 ὅτι

189 669 248 730 ὡς
265 665 410 736 ἰσχὺν
434 668 694 737 ἐχόντων
719 671 797 732 είς
821 669 880 722 τὸ
907 669 1161 739 βλάπτειν
1191 667 1564 739 ἐκωλύθησαν.
1589 669 1689 722 Διά
1713 668 1777 738 δὴ

197 759 324 813 τοῦτο
367 758 630 812 καθελὼν
679 760 782 832 τὴν
832 761 937 814 τῶν
979 761 1213 816 εἰδώλων
1261 761 1540 823 ὑπόνοιαν,
1595 759 1777 814 αἰτίαν

193 853 390 922 πρώτην
458 852 657 923 τίθησι
709 853 802 906 τοῦ
848 852 1168 924 ἀπέχεσθαι,
1222 852 1290 906 τά
1342 853 1614 906 σκάνδαλα
1667 853 1777 904 τῶν

196 943 438 1014 ἀδελφῶν,
477 944 629 999 οὕτω
659 946 856 1015 λέγων·
887 947 1028 1015 Περὶ
1049 946 1158 1016 τῆς
1190 945 1474 1014 βρώσεως
1513 941 1627 1000 οὖν
1660 945 1778 998 τῶν

190 1038 618 1103 εἰδωλοθύτων,
650 1039 898 1108 οἴδαμεν
932 1039 1021 1093 ὅτι
1053 1038 1237 1093 οὐδὲν
1287 1039 1540 1091 εἴδωλον
1573 1037 1643 1090 ἐν
1676 1038 1778 1089 κό-

186 1147 326 1198 σμῳ.
359 1131 537 1184 Πάλιν
571 1131 751 1184 κοινὸν
775 1133 905 1184 αὐτὸ
939 1133 1103 1195 ποιεῖ,
1145 1131 1240 1186 καὶ
1279 1131 1339 1183 οὐ
1376 1131 1652 1199 συγχωρεῖ
1681 1127 1778 1197 μό·-

181 1242 282 1275 νων
312 1224 546 1276 ἐκείνων
578 1223 835 1292 γενέσθαι
859 1224 1038 1290 τοῦτο,
1065 1224 1178 1276 ἀλλ’
1203 1223 1432 1276 ἐκτείνει
1453 1221 1551 1292 τὴν
1577 1220 1778 1290 γνῶσιν

178 1311 460 1383 πανταχοῦ
487 1317 588 1383 τῆς
617 1313 961 1383 οἰκουμένης.
989 1313 1124 1368 Οὐδὲ
1153 1313 1260 1384 γάρ
1283 1314 1411 1385 παρ’
1440 1314 1566 1382 ὑμῖν
1595 1312 1774 1382 μόνον,

178 1405 369 1472 φησὶν,
396 1404 535 1457 ἀλλὰ
561 1405 836 1475 πανταχοῦ
862 1406 963 1473 τῆς
982 1405 1088 1476 γῆς
1107 1405 1266 1460 τοῦτο
1292 1409 1482 1474 κρατεῖ
1499 1404 1557 1457 τὸ
1577 1403 1774 1472 δόγμα·

178 1498 338 1549 Ποῖον
470 1497 648 1563 τοῦτο,
687 1500 808 1551 Ὅτι
830 1497 1011 1552 οὐδὲν
1037 1499 1292 1552 εἴδωλον
1319 1499 1391 1552 ἐν
1414 1499 1644 1568 κόσμῳ,
1675 1498 1776 1552 καί

175 1589 267 1641 ἔτι
303 1589 510 1655 οὐδεὶς
538 1589 682 1657 Θεὸς
730 1590 951 1658 ἔτερος,
995 1593 1048 1645 εἰ
1076 1591 1162 1661 μὴ
1192 1587 1314 1657 sic;
1361 1593 1475 1645 Οὐκ
1507 1591 1655 1646 ἐστιν
1684 1588 1778 1646 οῦν

178 1679 416 1746 cistula;
457 1681 558 1734 οὐκ
591 1681 707 1733 εστι
743 1679 934 1747 ξόανας
962 1683 1120 1736 Ἔστι
1182 1682 1304 1754 μὲν,
1366 1683 1482 1737 ἀλλ’
1513 1685 1615 1737 οὐκ
1664 1685 1777 1756 ἔχει

179 1771 301 1825 τινὰ
343 1772 522 1841 ἰσχὺν,
547 1773 669 1826 οὐδὲ
700 1772 813 1827 θεοί
838 1777 996 1839 εἰσιν,
1027 1774 1162 1828 ἀλλὰ
1189 1775 1326 1828 λίθοι
1371 1777 1464 1830 καὶ
1500 1777 1772 1848 δαίμονες.

182 1863 327 1932 Πρὸς
359 1865 469 1936 γὰρ
504 1865 847 1937 ἀμφοτέρους
876 1865 1219 1920 ἀποτείνεται
1254 1865 1372 1931 νῦν,
1397 1869 1492 1922 καὶ
1518 1871 1643 1932 τοὺς
1672 1886 1778 1922 πα-

187 1954 450 2024 χυτέρους
509 1955 688 2008 αὐτῶν
765 1957 859 2010 καὶ
904 1956 1032 2021 τοὺς
1085 1957 1377 2022 δοκοῦντας
1441 1959 1772 2029 φιλοσοφεῖν.

200 2045 422 2117 Ἐπειδὴ
459 2045 566 2116 γὰρ
591 2049 640 2100 οἱ
670 2048 772 2119 μὲν
800 2049 951 2103 οὐδὲν
983 2051 1146 2105 πλέον
1170 2051 1281 2105 τῶν
1307 2051 1472 2107 λίθων
1504 2053 1702 2117 ἴσασιν,
1728 2057 1776 2108 οί

189 2135 245 2186 δὲ
277 2137 496 2205 λέγουσι
529 2141 620 2192 καὶ
657 2140 919 2211 δυνάμεις
963 2143 1113 2205 τινὰς
1153 2144 1321 2196 οἰκεῖν
1368 2144 1426 2195 ἐν
1467 2143 1670 2208 αὐτοῖς,
1711 2144 1777 2209 ἃς

196 2228 290 2278 καὶ
334 2228 487 2292 θεοὺς
526 2229 774 2294 καλοῦσι,
816 2231 953 2300 πρὸς
1006 2231 1107 2301 μὲν
1155 2228 1250 2285 οὖν
1303 2231 1544 2294 ἐκείνους
1589 2234 1774 2302 φησὶν,

197 2321 276 2371 δτι
315 2322 490 2374 ὐὑδέν
533 2323 748 2376 εἴδωλον
792 2326 850 2376 ἐν
889 2325 1112 2397 κόσμῳ·
1147 2325 1283 2397 πρὸς
1318 2325 1375 2379 δὲ
1415 2325 1658 2389 τούτους,
1695 2327 1775 2379 ὅτι

201 2411 380 2477 Οὐδεὶς
407 2413 536 2478 Θεὸς
563 2415 768 2486 ἕτερος,
789 2417 834 2469 εἰ
860 2418 934 2489 μὴ
963 2413 1064 2482 εἷς.

273 2542 334 2599 γ’.
355 2533 502 2606 [I72]
546 2533 707 2604 Ὁρᾷς
731 2534 846 2598 πῶς
877 2535 973 2605 οὐχ
1013 2535 1198 2601 ἁπλῶς
1215 2537 1557 2608 δογματίζων
1577 2539 1778 2608 γράφει

203 2626 377 2690 ταῦτα,
402 2627 539 2680 άλλά
566 2627 700 2698 πρὸς
722 2627 1127 2700 ἀντιδιαστολὴν
1158 2629 1265 2682 τῶν
1291 2628 1521 2695 έξωθεν;
1549 2634 1640 2684 καὶ
1670 2642 1778 2700 γαρ

207 2721 290 2770 καὶ
323 2717 476 2771 τοῦτο
515 2718 791 2789 πανταχοῦ
831 2719 934 2790 χρὴ
977 2724 1336 2792 παρατηρεῖν,
1365 2724 1474 2776 εἴτε
1515 2724 1780 2776 ἀπολελυ-

212 2810 366 2875 μένως
394 2810 544 2879 λέγει
567 2828 641 2876 τι,
673 2812 782 2864 εἴτε
815 2813 948 2883 πρός
978 2829 1126 2875 τινας
1151 2814 1460 2884 ἱστάμενος.
1502 2815 1635 2867 Οὐδὲ
1670 2816 1778 2886 γάρ

210 2902 261 2951 τὸ
279 2902 426 2971 τυχὸν
449 2905 529 2966 εἰς
548 2901 646 2972 τὴν
670 2902 776 2954 τῶν
802 2902 1086 2972 δογμάτων
1110 2905 1239 2974 ἡμῖν
1264 2917 1290 2944 ι
1314 2905 1599 2977 ἀκρίϐειαν
1621 2907 1779 2959 τοῦτο

200 2997 450 3062 συντελεῖ,
482 2997 577 3049 καὶ
607 2999 687 3060 εἰς
715 2996 886 3067 αὐτὴν
913 2997 1021 3050 τῶν
1050 2997 1358 3069 λεγομένων
1387 2999 1486 3070 τὴν
1513 3001 1778 3070 κατανόη-

192 3105 292 3142 σιν.
331 3089 439 3143 Καὶ
487 3088 600 3158 τὰρ
639 3087 807 3157 ειπερ
845 3090 963 3142 εὶσὶ
1007 3092 1322 3160 λεγόμενοι
1370 3092 1514 3156 θεοὶ,
1551 3094 1672 3146 εἴτε
1709 3095 1780 3146 ἐι·

182 3179 422 3248 οὐραγῷ
441 3183 566 3236 εἴτε
591 3181 693 3235 ἐπὶ
717 3181 848 3252 γῆς,
875 3182 1077 3254 ὥσπερ
1105 3180 1220 3239 οὖν
1237 3185 1354 3239 εἰσὶ
1383 3187 1504 3240 θεοὶ
1535 3188 1775 3252 πολλοὶ,

185 3277 287 3329 καί
331 3277 524 3344 κύριοι
553 3277 794 3330 πολλοί·
829 3277 968 3331 ἀλλ’
1001 3277 1146 3346 ἡμῖν
1191 3275 1279 3345 εἷς
1316 3279 1461 3345 Θεὸς
1490 3283 1522 3333 o'
1554 3280 1776 3348 Πατὴρ,

182 3368 253 3431 ἐξ
282 3365 354 3424 οὗ
384 3370 453 3422 τὰ
477 3367 698 3429 πάντα,
727 3367 824 3422 καὶ
855 3368 1024 3437 ἡμεῖς
1067 3371 1155 3434 εὶς
1181 3371 1388 3424 αὐτόν·
1427 3371 1526 3425 καί
1549 3368 1637 3438 εἷς
1664 3375 1779 3427 Κύ-

180 3476 312 3524 μος
352 3459 589 3526 Ἰησοῦς
614 3459 890 3526 Χριστὸς,
918 3459 992 3513 δι’
1020 3457 1091 3516 οὗ
1122 3459 1194 3514 τὰ
1225 3462 1443 3528 πάντα,
1471 3466 1567 3518 καὶ
1606 3465 1780 3535 ἡμεῖς

182 3551 494 3606 διἀὐτοῦ.
548 3551 765 3623 Ἐπειδὴ
803 3547 954 3605 εἶπεν
1003 3554 1085 3606 ὅτι
1119 3553 1270 3608 οὐδὲν
1309 3555 1528 3611 εἴδωλον
1563 3558 1660 3611 καὶ
1690 3560 1779 3612 οὐ·

178 3644 287 3706 δεὶς
307 3643 446 3706 Θεὸς
481 3643 692 3712 ἔτερος,
728 3638 796 3714 ἦν
824 3643 877 3696 δὲ
915 3644 1010 3698 καὶ
1049 3645 1261 3713 εἴδωλα,
1297 3641 1436 3718 ἦσαν
1464 3648 1520 3702 δὲ
1551 3652 1643 3702 καὶ
1667 3649 1778 3703 θεοὶ

179 3736 492 3806 λεγόμενοι·
532 3735 620 3788 ἵνα
653 3735 727 3805 μὴ
757 3735 882 3807 δόξῃ
920 3739 1032 3799 τοῖς
1076 3739 1330 3809 φανεροῖς
1357 3741 1645 3811 μάχεσθαι,
1679 3745 1778 3796 ἐπ-

177 3827 298 3893 άγει
342 3827 529 3895 λέγων
558 3826 672 3896 (καὶ
708 3826 815 3897 γάρ
855 3829 1011 3899 εἴπερ
1051 3830 1156 3881 είσὶ
1189 3829 1471 3900 λεγόμενοι
1512 3832 1645 3895 θεοὶ,
1673 3833 1782 3886 ὥσ-

174 3936 283 3989 περ
303 3916 408 3972 οὖν
439 3919 537 3972 καὶ
566 3918 721 3982 εἰσὶν,
753 3918 851 3989 οὐχ
883 3919 1068 3984 ἀπλῶς
1095 3923 1262 3986 εἰσιν,
1295 3921 1434 3976 ἀλλὰ
1474 3922 1777 3994 λεγόμενοι,

173 4011 274 4062 οὐκ
300 4012 363 4063 ἐν
395 4009 709 4080 πράγματι,
727 4009 842 4062 ἀλλ’
865 4013 922 4062 ἐν
944 4011 1150 4082 ῥήματι
1177 4011 1335 4066 τοῦτο
1365 4013 1620 4084 έχοντες)·
1642 4016 1780 4070 Εἴτε

175 4102 244 4153 ἐι·
264 4099 540 4168 οὐρανῷ,
558 4101 678 4154 εἴτε
697 4100 795 4154 ἐπὶ
826 4099 957 4171 γῆς·
991 4103 1048 4153 ἐν
1077 4103 1292 4174 οὐρανῷ
1311 4105 1403 4157 τὸν
1428 4106 1580 4177 ἥλιον
1607 4107 1779 4176 λέγων

177 4196 273 4247 καὶ
311 4195 419 4264 τὴν
449 4193 682 4264 σελήνην
714 4194 809 4248 καὶ
850 4195 940 4247 τὸν
968 4194 1154 4249 λοιπὸν
1186 4197 1297 4250 τῶν
1335 4196 1552 4268 ἄστρων
1594 4203 1777 4272 χορόν·

179 4287 272 4341 καὶ
304 4286 422 4357 γάρ
457 4286 555 4338 καὶ
595 4285 764 4339 ταῦτα
791 4288 1206 4358 προσεκύνησαν
1237 4289 1518 4362 Ἕλληνες·
1556 4295 1649 4347 ἐπὶ
1675 4295 1780 4365 γῆς

179 4380 233 4431 δὲ
261 4379 561 4448 δαίμονας,
608 4379 702 4432 καὶ
737 4380 862 4443 τοὺς
905 4379 965 4443 ἐξ
1003 4379 1307 4453 ἀνθρώπων
1360 4383 1780 4458 θεοποιηθέντας

182 4479 459 4537 ἃπαντας.
508 4477 669 4530 Ἀλλ’
695 4475 839 4546 ἡμῖν
866 4471 953 4542 εἷς
989 4477 1133 4543 Θεὸς
1176 4481 1208 4532 ὁ
1249 4478 1472 4546 Πατήρ.
1507 4481 1780 4554 Πρότερον

185 4568 300 4631 θεὶς
348 4569 526 4637 χωρὶς
565 4566 657 4619 τοῦ
692 4567 903 4638 Πατρὸς
930 4567 980 4632 δ,
1011 4569 1104 4622 καὶ
1141 4567 1332 4632 εἰπὼν,
1377 4569 1586 4636 Οὐδεὶς
1635 4573 1781 4639 Θεὸς

188 4659 414 4726 ἕτερος,
460 4659 514 4711 εἰ
552 4658 638 4725 μὴ
676 4655 785 4724 εἷς,
826 4658 920 4711 νῦν
953 4659 1046 4712 καὶ
1081 4658 1238 4713 τοῦτο
1278 4662 1658 4734 προστίθησιν,
1689 4664 1780 4717 ὅτε

191 4749 470 4813 παντελῶς
498 4749 736 4813 ἐκείνους
763 4750 1035 4818 ἐξέϐαλεν.
1070 4746 1203 4804 Εἶτα
1242 4753 1336 4806 καὶ
1362 4753 1498 4823 ὅπερ
1523 4755 1640 4808 ἐστὶ
1674 4756 1780 4809 δεῖ·

191 4856 306 4909 γμα
335 4839 592 4909 μέγιστον
617 4838 890 4910 θεότητος,
919 4841 1012 4893 καὶ
1038 4841 1196 4894 τοῦτο
1222 4843 1438 4912 ἐπάγει·
1481 4844 1582 4910 Ἐξ
1609 4842 1680 4902 οὗ
1708 4846 1780 4902 τὰ

200 4931 409 4985 πάντα.
472 4931 642 4984 Τοῦτο
680 4932 790 5005 γὰρ
841 4931 1082 4986 δείκνυσι
1134 4933 1418 4999 κάκείνους
1469 4936 1570 4991 οὐκ
1618 4937 1780 5004 ὄντας

200 5021 376 5084 θεούς.
402 5023 522 5076 Θεοὶ
553 5023 682 5095 γὰρ,
715 5024 900 5094 φησιν,
937 5025 986 5077 οἳ
1024 5025 1114 5077 τὸν
1147 5026 1376 5097 οὐρανὸν
1415 5029 1510 5082 καὶ
1547 5028 1646 5101 τὴν
1673 5032 1779 5100 γῆν

194 5114 301 5165 οὐκ
325 5113 598 5183 ἐποίησαν,
634 5113 1038 5169 ἀπολέσθωσαν.
1073 5114 1208 5170 Εἶτα
1227 5118 1322 5170 καὶ
1357 5119 1418 5172 τὸ
1445 5118 1639 5173 τούτου
1675 5123 1777 5176 οὐκ

188 5203 412 5256 ἔλαττον
452 5205 796 5277 προστίθησι·
837 5206 947 5259 Καὶ
992 5207 1165 5276 ἡμεῖς
1214 5211 1303 5275 είς
1358 5213 1564 5268 αὐτόν.
1608 5213 1776 5268 Ὅταν

189 5297 292 5366 μὲν
335 5295 443 5366 γὰρ
485 5298 638 5367 εἴπῃ,
682 5296 784 5360 Ἐξ
813 5293 884 5352 οὗ
926 5297 1000 5351 τὰ
1031 5299 1247 5363 πάντα,
1277 5299 1378 5372 τὴν
1415 5303 1775 5375 δημιουργίαν

183 5389 354 5455 λέγει,
387 5389 481 5442 καὶ
519 5391 616 5459 τὴν
645 5392 710 5442 ἐκ
732 5388 828 5442 τοῦ
862 5390 936 5460 μὴ
975 5389 1128 5452 ὄντος
1157 5393 1237 5455 εἰς
1261 5393 1324 5446 τὸ
1343 5389 1485 5448 εἶναι
1514 5413 1774 5468 παραγω-

184 5481 305 5550 γήν·
337 5481 468 5533 ὅταν
500 5479 555 5533 δὲ
597 5481 748 5553 εἴπῃ,
798 5482 907 5535 Καὶ
941 5481 1108 5552 ἡμεῖς
1158 5485 1247 5548 εις
1283 5486 1492 5553 αὐτὸν,
1531 5487 1622 5540 τὸν
1673 5488 1774 5559 τῆς

251 5679 276 5706 ⁸
301 5681 447 5743 Ἡμῖν
470 5681 618 5731 deest
658 5685 707 5730 in
743 5683 867 5746 Reg.
935 5683 962 5720 ν·
1010 5682 1093 5732 Sic
1129 5683 1275 5733 habet
1301 5684 1517 5736 Savilius
1541 5688 1592 5736 in
1640 5702 1770 5737 mar-

191 5746 315 5813 ειηε,
343 5754 396 5813 _cl
419 5749 494 5791 sic
517 5746 637 5805 legit
661 5751 805 5809 vetus
851 5747 1103 5813 i_ntcrpres
1128 5747 1345 5813 Lalinus‘,
1371 5749 1551 5813 absque
1588 5751 1764 5813 ‘Palre,

195 5807 275 5875 ub|_
307 5805 552 5853 observes
597 5820 642 5853 ιη
664 5805 805 5875 ἠιςᾲ.
854 5807 958 5856 fere
979 5805 1180 5869 semper
1202 5809 1379 5875 πατρὸς
1397 5805 1644 5875 sjc'scribl
1664 5805 1762 5875 πρς,

194 5869 308 5936 unde
334 5879 480 5935 ergor
500 5878 636 5936 quns
662 5868 829 5931 fuerit,
872 5877 923 5918 ul
947 5882 1006 5919 ex
1050 5868 1374 5932 séqtlelnlibus
1401 5873 1574 5934 liquet.
1609 5868 1761 5936 Εὸῐιι,

191 5933 318 5991 χωρίς
340 5927 430 5977 τοῦ
441 5929 555 5992 πρὸς
579 5948 639 5979 τι.

1890 483 2129 547 πίστεως
2161 485 2255 537 καὶ
2285 486 2382 555 τῆς
2407 485 2732 549 οίκειώσεως
2767 487 2922 557 λόγον
2959 488 3127 558 λέγει·
3162 489 3190 542 ὃ
3245 490 3340 544 καὶ
3387 491 3483 562 εμ-

1888 575 2123 646 προσθεν
2154 576 2359 646 ἔλεγεν·
2383 577 2502 654 βΕξ
2547 579 2734 633 αὑτοῦ
2781 580 2849 633 δὲ
2884 583 2981 635 καί
3025 582 3197 652 ὑμεῖς
3245 583 3386 636 ἐστε
3416 585 3488 637 ἐν

1887 666 2122 734 Χριστῷ
2159 669 2382 736 Ἰησοῦ.
2422 669 2594 740 Διπλῇ
2630 671 2737 743 γάρ
2769 672 2938 742 ἐσμεν
2964 672 3024 738 ἐξ
3062 673 3253 736 αὑτοῦ,
3286 676 3378 729 καὶ
3407 674 3487 743 τῷ

1890 759 1965 828 μὴ
2005 759 2158 822 ὄντες
2191 760 2466 828 γενέσθαι,
2499 763 2592 814 καὶ
2623 761 2701 832 τῷ
2731 765 2913 816 πιστοὶ
2935 763 3211 832 γενέσθαι·
3253 764 3486 836 καὶγὰρ

1887 853 1982 905 καὶ
2020 854 2178 906 τοῦτο
2209 853 2404 916 κτίσις·
2460 855 2488 907 ὃ
2531 856 2624 908 καὶ
2657 855 2892 926 ἀλλαχοῦ
2935 873 3122 927 φησιν·
3160 858 3296 910 Ἵνα
3343 857 3486 923 τοὺς

1887 945 1996 999 δύο
2019 947 2199 1015 κτίσῃ
2234 949 2303 1001 ἐν
2333 946 2526 1013 ἐαυτῷ
2569 951 2658 1012 εις
2711 949 2823 1002 ἕνα
2873 952 3089 1003 καινὸν
3145 950 3482 1019 ἄνθρωπον.

1888 1038 1997 1091 Καὶ
2026 1033 2114 1102 εἷς
2140 1041 2356 1106 Κύριος
2388 1038 2630 1106 Ἰησοῦς
2649 1039 2922 1107 Χριστὸς,
2951 1039 3026 1092 δι’
3056 1035 3128 1095 οὗ
3159 1039 3233 1094 τὰ
3261 1038 3481 1104 πάντα,

1887 1128 1986 1182 καὶ
2025 1127 2197 1197 ἡμεῖς
2236 1128 2309 1182 δι’
2349 1130 2556 1183 αὐτοῦ.
2600 1130 2711 1183 Καὶ
2750 1131 2843 1182 ἐπὶ
2888 1129 2983 1183 τοῦ
3025 1130 3264 1202 Χριστοῦ
3318 1130 3484 1184 πάλιν

1886 1217 2087 1287 ὁμοίως
2127 1217 2284 1270 τοῦτο
2327 1218 2566 1287 νοητέον.
2600 1219 2680 1272 Δι’
2710 1218 2874 1273 αὑτοῦ
2910 1220 3020 1291 γὰρ
3052 1221 3144 1273 καὶ
3177 1221 3242 1272 ἐκ
3281 1218 3374 1274 τοῦ
3406 1218 3483 1290 μὴ

1887 1310 2037 1372 ὄντος
2078 1309 2331 1380 παρήχθη
2362 1311 2421 1362 τὸ
2451 1310 2560 1363 τῶν
2582 1309 2886 1382 ἀνθρώπων
2921 1311 3078 1380 γένος
3118 1313 3197 1375 είς
3223 1311 3284 1364 τὸ
3314 1307 3480 1378 εἶναι,

1889 1403 1983 1454 καὶ
2031 1403 2139 1455 ἀπὸ
2177 1403 2385 1473 πλάνης
2427 1404 2505 1465 εἰς
2537 1403 2797 1473 ἀλήθειαν
2830 1402 3152 1474 ἐπανῆλθεν.
3187 1404 3350 1456 Ὥστε
3397 1403 3479 1466 τὸ,

1900 1496 2003 1560 Ἐξ
2020 1492 2112 1559 οὗ,
2135 1495 2293 1549 τοῦτο
2313 1497 2412 1548 οὐκ
2440 1495 2576 1557 ἔστι,
2609 1496 2793 1568 Χωρ“ις
2819 1496 2912 1550 τοῦ
2939 1495 3197 1567 Χριστοῦ·
3231 1495 3289 1561 ἐξ
3314 1496 3479 1549 αὑτοῦ

1886 1589 1994 1660 γάρ
2048 1588 2134 1640 διὰ
2177 1587 2269 1640 τοῦ
2322 1587 2559 1659 Χριστοῦ
2608 1587 3149 1661 ἐδημιουργήθημεν.
3196 1588 3270 1640 Οὐ
3302 1587 3481 1640 τοίνυν

1885 1680 2006 1734 οὐδὲ
2037 1679 2103 1732 τὰ
2136 1680 2379 1750 ὀνόματα
2412 1680 2485 1742 ὡς
2511 1681 3022 1752 ἀποκεκληρωμένα
3046 1679 3232 1745 διεῖλε,
3271 1679 3349 1752 τῷ
3381 1679 3481 1750 μὲν

1887 1771 2000 1842 riga
2043 1771 2122 1834 τὸ,
2160 1772 2384 1843 Κύριος.
2418 1770 2495 1840 τῷ
2524 1770 2582 1823 δὲ
2628 1773 2802 1843 Πατρ)⁸
2836 1772 2916 1834 τὸ,
2948 1771 3101 1836 Θεὸς,
3133 1770 3478 1843 προσνέμων.

1887 1859 2010 1917 Οἶδε
2038 1863 2148 1935 γάρ
2180 1864 2317 1916 αὐτὰ
2373 1865 2466 1917 καὶ
2503 1863 2847 1918 ἐναλλάττειν
2885 1866 2919 1935 ἡ
2951 1863 3145 1936 Γραφὴ
3191 1864 3477 1928 πολλάκις,

1884 1955 1958 2018 ὠς
1985 1956 2112 2008 ὅταν
2144 1955 2296 2026 λέγῃ·
2344 1952 2527 2009 Εἵπετ-
2556 1959 2587 2008 o’
2622 1957 2840 2024 Κύριος
2868 1954 2948 2021 τῷ
2987 1957 3183 2024 Κυρίῳ
3215 1974 3354 2026 μου·
3385 1959 3478 2012 καὶ

1887 2046 2072 2109 πάλιν,
2114 2045 2219 2099 Διὰ
2261 2047 2435 2101 τοῦτο
2463 2045 2674 2116 ἓχρισέ
2714 2063 2788 2100 σε
2824 2049 2856 2100 ὁ
2897 2047 3061 2113 Θεὸς,
3093 2050 3126 2101 ὁ
3167 2049 3312 2113 Θεός
3340 2063 3480 2102 σου·

1887 2141 2004 2205 καὶ,
2045 2140 2147 2204 Ἐξ
2178 2134 2266 2194 ὧν
2292 2143 2324 2194 d
2349 2139 2604 2208 Χριστὸς
2632 2139 2698 2193 τὸ
2733 2139 2882 2193 κατὰ
2908 2139 3126 2207 σάρκα,
3179 2143 3212 2193 o'
3254 2138 3340 2193 ὢν
3381 2135 3477 2192 ἐπὶ

1886 2235 2130 2286 πάντων
2160 2234 2324 2298 Θεός.
2369 2233 2480 2286 Καὶ
2519 2231 2786 2302 πολλαχοῦ
2831 2232 2896 2285 ἂν
2941 2232 3072 2295 ίδοις
3105 2231 3278 2285 ταῦτα
3315 2249 3482 2300 μετα..

1887 2327 2144 2382 ϐαίνοντα
2169 2327 2232 2381 τά
2254 2327 2510 2398 ὀνόματα.
2543 2327 2605 2379 Εἰ
2632 2327 2689 2380 δὲ
2714 2327 3076 2398 ἀποκεκληρω
3085 2325 3223 2396 μένα
3256 2323 3324 2398 ἦν
3345 2328 3478 2381 ἐκά-

1889 2433 1990 2489 στῃ
2023 2416 2204 2486 φύσει,
2243 2418 2337 2470 καὶ
2375 2418 2496 2486 οὐχὶ
2531 2416 2663 2476 Θεὸς
2692 2413 2760 2487 ἦν
2799 2419 2826 2470 0
2871 2417 3018 2482 Υἱὸς,
3050 2418 3145 2471 καὶ
3173 2417 3307 2481 Θεὸς
3345 2417 3421 2482 ὡς
3453 2419 3480 2472 0

1887 2507 2099 2580 Πατὴρ,
2140 2507 2316 2577 μένων
2365 2508 2514 2571 Υἱός·
2547 2507 2739 2571 εἰπὼν,
2793 2508 2947 2563 Ἀλλ’
2991 2507 3138 2576 ἡμῖν
3171 2503 3262 2573 εἷς
3314 2508 3481 2574 Θεὸς,

1889 2600 2159 2670 περιττῶς
2185 2597 2496 2668 προσετίθει
2526 2598 2586 2651 τὸ
2617 2597 2841 2666 Πατὴρ,
2870 2599 3192 2669 βουλόμενος
3215 2599 3483 2670 γνωρίσαι

1886 2691 1976 2744 τὸν
2015 2691 2329 2758 ἀγέννητον·
2363 2691 2524 2760 ἤρκει
2551 2689 2661 2760 γὰρ
2685 2689 2744 2742 τὸ
2773 2689 2935 2755 Θεὸς,
2963 2691 3015 2743 εῖ
3036 2707 3098 2757 γε
3125 2689 3292 2744 αὑτοῦ
3321 2690 3477 2760 μόνον

1887 2779 1955 2854 ἧν
2000 2783 2384 2854 γνωριστικὸν,
2412 2782 2569 2835 τοῦτο
2613 2782 2872 2853 δηλῶσαι.
2909 2784 2984 2836 Οὐ
3013 2783 3174 2836 τοῦτο
3204 2783 3261 2836 δὲ
3293 2783 3478 2854 μόνον,

1887 2877 2022 2929 ἀλλὰ
2069 2876 2160 2928 καὶ
2191 2876 2376 2946 ἕτερον
2411 2874 2556 2928 ἔστιν
2599 2877 2794 2928 εἰπεῖν.
2829 2874 2979 2947 [175]
3020 2875 3082 2928 EE
3118 2875 3228 2946 γὰρ
3276 2875 3478 2944 λέγοις,

1887 2970 1968 3022 ὅτι
1997 2968 2182 3028 ἐπειδὴ
2209 2963 2286 3031 εἷς
2303 2967 2434 3031 Θεὸς
2458 2969 2692 3038 εἴρηται,
2721 2969 2819 3038 οὐχ
2843 2969 3074 3040 ἁρμόζει
3104 2981 3130 3010 ⁸
3156 2971 3234 3039 τῷ
3261 2969 3375 3039 Υίῷ
3397 2970 3482 3036 τὸ,

1891 3063 2060 3128 Θεὸς,
2101 3063 2204 3132 ὅρα
2242 3064 2336 3115 καὶ
2373 3063 2466 3114 ἐπὶ
2516 3062 2610 3114 τοῦ
2638 3060 2770 3116 Υἱοῦ
2807 3062 2870 3114 τὸ
2903 3061 3035 3116 αὐτὸ
3063 3062 3332 3132 κείμενον.
3374 3063 3484 3114 Καὶ

1888 3154 1997 3224 γὰρ
2027 3155 2055 3206 0
2086 3153 2214 3216 Υίὸς
2237 3147 2318 3216 εἷς
2347 3152 2553 3224 Κύριος
2579 3154 2814 3224 εἴρηται,
2839 3153 2932 3206 καὶ
2959 3153 3019 3205 o0
3043 3153 3130 3204 διὰ
3153 3151 3317 3214 τοῦτο,
3335 3152 3485 3224 αὑτῷ

1892 3245 2040 3316 μόνῳ
2093 3245 2172 3308 τὸ,
2215 3247 2451 3314 Κύριος,
2487 3246 2780 3316 ἁρμόττειν
2831 3245 3030 3315 φαμέν.
3069 3244 3230 3297 Ὥστε
3273 3244 3338 3315 ἣν
3370 3243 3483 3313 ἔχει

1893 3339 2045 3409 ἰσχὺν
2067 3337 2150 3403 τὸ,
2178 3332 2302 3403 Εἷς,
2331 3337 2424 3389 ἐπὶ
2449 3336 2542 3390 τοῦ
2575 3336 2730 3398 Υίοῦ,
2760 3335 2961 3406 ταύτην
2993 3336 3088 3388 καὶ¹
3118 3336 3210 3388 ἐπὶ
3237 3334 3332 3388 τοῦ
3369 3335 3483 3388 Πα-

1888 3430 2037 3501 τρός·
2083 3429 2177 3482 καὶ
2224 3429 2478 3500 καθάπερ
2517 3427 2618 3480 οὐκ
2647 3426 2839 3491 ἐξωθεῖ
2866 3428 2956 3480 τὸν
2992 3426 3214 3498 Πατέρα
3247 3426 3343 3479 τοῦ
3376 3427 3485 3480 Κύ-

1891 3539 2008 3593 ριον
2039 3519 2200 3586 εἶναι,
2233 3515 2342 3584 οἷος
2365 3524 2392 3574 0
2421 3519 2549 3583 Υίός
2576 3521 2693 3572 ἐστι
2721 3518 2946 3590 Κύριος,
2982 3518 3072 3572 διὰ
3105 3519 3165 3572 τὸ
3195 3520 3290 3572 ἕνα
3320 3520 3484 3573 αὑτὸν

1888 3614 2144 3682 λέγεσθαι
2186 3613 2389 3684 Κύριον
2418 3614 2508 3666 τὸν
2546 3612 2696 3666 Υίόν·
2729 3611 2903 3675 οὓτως
2939 3611 3059 3664 οὐδὲ
3091 3611 3182 3664 τὸν
3214 3611 3346 3665 Υξὸν
3387 3615 3483 3664 ὲκ-

1890 3704 2076 3758 6άλλει
2098 3703 2192 3757 τοῦ
2221 3701 2360 3757 εἶναι
2381 3703 2537 3768 Θεὸν,
2578 3698 2688 3768 οἶός
2718 3703 2834 3755 ἐστι
2859 3702 2990 3766 Θεὸς
3016 3705 3043 3756 0
3074 3702 3284 3774 Πατὴρ,
3313 3703 3400 3756 διὰ
3423 3703 3485 3756 τὸ

1890 3795 1986 3848 ἕνα
2019 3795 2152 3848 Θεὸν
2191 3794 2446 3864 λέγεσθαι
2483 3794 2576 3848 τὸν
2612 3793 2852 3864 Πατέρα.
2897 3795 2960 3847 Εί
2985 3793 3041 3847 δέ
3078 3812 3222 3858 τινες
3249 3794 3478 3863 λέγοιεν·

1889 3887 2046 3947 Τίνος
2065 3886 2251 3938 ἕνεκεν
2271 3885 2412 3938 Πνεύ
2421 3901 2591 3954 ματος
2609 3885 2709 3938 οὐκ
2737 3887 3144 3956 ἐμνημόνευσεν
3164 3903 3179 3951 ;
3209 3887 3386 3939 ἐκεῖνο
3417 3886 3484 3939 ἂν

1889 3981 2161 4051 εἴποιμεν,
2207 3979 2290 4032 ὅτι
2335 3978 2472 4048 πρὸς
2514 3978 2908 4049 είδωλολὰτρας
2953 3975 3021 4049 ἦν
3059 3981 3088 4032 0
3126 3979 3282 4046 λόγος
3310 3978 3480 4048 αὐτῷ,

1890 4073 1985 4127 καὶ
2023 4090 2088 4125 πε
2100 4072 2151 4142 ρὶ
2174 4071 2312 4124 θεῶν
2342 4069 2554 4123 πολλῶν
2579 4072 2606 4123 0
2634 4069 2803 4138 ἀγὼν,
2833 4071 2928 4124 καὶ
2959 4070 3089 4142 περὶ
3118 4070 3324 4141 κυρίων
3354 4071 3481 4123 πολ-

1888 4164 2018 4220 λῶν.
2052 4164 2145 4218 Διό
2175 4164 2272 4218 καὶ
2300 4163 2431 4217 Θεὸν
2459 4163 2551 4216 τὸν
2583 4163 2804 4233 Πατέρα
2835 4161 3026 4228 είπὼν,
3066 4163 3159 4215 τὸν
3188 4163 3317 4216 Υίὸν
3349 4163 3481 4217 ἐκά-

1889 4259 2014 4312 λεσε
2037 4258 2261 4327 Κύριον.
2292 4256 2356 4308 Εἰ
2393 4253 2572 4309 τοίνυν
2600 4254 2692 4307 τὸν
2724 4253 2944 4323 Πατέρα
2970 4253 3069 4305 οὐκ
3096 4253 3360 4323 ἐτόλμησε
3385 4270 3485 4305 κα-

1888 4346 2046 4399 λέσαι
2091 4345 2296 4416 Κύριον
2341 4344 2434 4397 νῦν
2469 4344 2605 4414 μετὰ
2644 4343 2740 4398 τοῦ
2782 4343 2936 4406 Υἱοῦ,
2977 4341 3062 4396 ἵνα
3111 4342 3186 4414 μὴ
3218 4341 3314 4396 δύο
3350 4344 3482 4413 παρ’

1890 4437 2122 4500 ἐκείνοις
2159 4435 2534 4505 ὑποπτεύηται
2565 4433 2745 4502 λέγειν
2774 4434 3033 4504 Κυρίους,
3070 4432 3193 4486 οὐδὲ
3233 4432 3322 4485 τὸν
3356 4432 3482 4484 Υίὸν

1889 4525 2023 4580 Θεὸν
2050 4525 2190 4596 μετὰ
2217 4523 2310 4579 τοῦ
2336 4524 2574 4595 Πατρὸς,
2604 4525 2692 4576 ἵνα
2736 4523 2811 4594 μὴ
2842 4523 2935 4576 δύο
2970 4519 3259 4594 νομίζηται
3300 4520 3482 4590 λέγειν

1890 4617 2048 4682 θεούς
2067 4634 2080 4646 ·
2109 4617 2162 4670 τί
2193 4616 2517 4686 θαυμάζεις,
2545 4617 2591 4668 εί
2621 4614 2718 4668 τοῦ
2764 4614 3082 4685 Πνεύματος
3105 4613 3206 4665 οὐκ
3237 4613 3480 4683 ἐμνημό-

1889 4726 2046 4762 νευσε
2069 4726 2082 4775 ;
2113 4709 2247 4780 πρὸς
2281 4708 2390 4780 γὰρ
2416 4707 2658 4771 ἐκείνους
2687 4706 2838 4777 αὐτῷ
2865 4707 3006 4768 τέως
3037 4701 3105 4777 ἦν
3130 4707 3159 4757 ό
3185 4704 3357 4774 ἀγὼν,
3385 4710 3480 4760 καὶ

1888 4799 1949 4855 τὸ
1981 4801 2174 4867 δεῖξαι,
2217 4801 2300 4855 ὅτι
2347 4801 2447 4854 οὐκ
2486 4799 2600 4852 ἔστι
2645 4799 2904 4852 πολυθεῒα
2945 4799 3075 4870 παρ’
3108 4800 3258 4870 ἡμῖν.
3300 4798 3392 4851 Διὸ
3420 4799 3480 4851 τὸ

1889 4887 1996 4958 Εἷς
2048 4891 2210 4946 τοῦτο
2261 4889 2502 4961 συνεχῶς
2556 4891 2775 4960 κατέχει
2827 4891 3020 4959 λέγων·
3084 4890 3295 4956 Οὐδεὶς
3335 4890 3480 4955 Θεὸς

1887 4985 2108 5055 ἕτερος,
2165 4988 2219 5038 εὶ
2257 4984 2342 5054 μὴ
2383 4979 2489 5049 εἷς·
2545 4986 2659 5049 καὶ,
2711 4983 2884 5052 Ἡμῖν
2924 4978 3012 5049 εἷς
3053 4985 3200 5047 Θεὸς
3249 4981 3348 5035 καὶ
3389 4976 3480 5047 εἷς

1887 5080 2125 5149 Κύριος.
2173 5078 2335 5132 Ὅθεν
2377 5077 2537 5147 δῆλον
2589 5078 2670 5130 ὅτι
2702 5077 3015 5148 φειδόμενος
3060 5075 3161 5146 τῆς
3190 5074 3479 5138 ἀσθενείας

1887 5174 1994 5228 τῶν
2018 5172 2345 5236 ἀκουόντων,
2372 5171 2549 5241 ταύτῃ
2570 5172 2842 5240 ἐχρήσατο
2863 5171 2928 5240 τῇ
2957 5169 3246 5239 διασκευῇ,
3272 5169 3365 5221 καὶ
3386 5166 3478 5222 διὰ

1884 5266 2043 5319 τοῦτο
2075 5264 2194 5318 οὐδὲ
2230 5263 2322 5316 τοῦ
2354 5261 2672 5330 Πνεύματος
2695 5260 3124 5330 ἐμνημόνευσεν·
3167 5259 3291 5312 ἐπεὶ
3319 5261 3367 5311 εί
3397 5259 3473 5330 μὴ

1885 5354 2044 5410 τοῦτό
2072 5357 2238 5419 ἐστιν,
2269 5353 2386 5406 οὐδὲ
2416 5350 2654 5422 ἀλλαχοῦ
2696 5350 2999 5422 μνησθῆναι
3035 5349 3141 5425 ἔδει
3179 5349 3274 5403 τοῦ
3311 5350 3476 5404 Πνεῦ-

1889 5466 2082 5521 ματος,
2119 5447 2238 5501 οὐδὲ
2275 5445 2667 5500 συντάττεσθαι
2699 5445 2852 5512 αὑτῷ
2880 5445 3060 5516 Πατρὶ
3102 5444 3197 5497 καὶ
3226 5442 3360 5514 Υίῷ.
3411 5442 3474 5496 Et

1883 5541 1994 5612 γὰρ
2035 5539 2379 5609 ἀπέρριπται
2441 5536 2656 5608 Πατρὸς
2703 5537 2801 5590 καὶ
2834 5535 2989 5599 Υίοῦ,
3039 5534 3223 5605 πολλῷ
3271 5533 3473 5604 μᾶλλον

1885 5631 1978 5685 ἐπὶ
2003 5629 2099 5682 τοῦ
2136 5627 2516 5698 βαπτίσματος
2567 5625 2700 5679 αὐτὸ
2750 5624 3144 5681 συντάττεσθαι
3193 5623 3294 5677 οὐκ
3337 5620 3467 5688 ἔδει,

1943 5938 1972 5968 ⁸
1997 5936 2141 5997 Βεε.,
2167 5936 2206 5983 εἱ
2233 5935 2284 5984 δὲ
2307 5935 2534 5996 λέγοις...
2571 5932 2660 5994 οὐχ
2683 5929 2900 5993 ἁρμόσει.
