3992 6408
600 339 700 398 165

603 451 727 507 ἔνθα
761 448 995 519 μάλιστα
1017 445 1272 516 φαίνεται
1292 441 1354 494 τὸ
1374 439 1595 508 ἀξίωμα
1626 436 1724 505 τῆς
1753 431 2032 501 θεότητος,
2083 425 2178 482 καὶ

597 536 798 608 δωριαί
819 535 1050 588 δίδονται
1075 529 1196 601 Θεῷ
1232 528 1608 601 προσήκουσαι
1642 523 1788 592 μόνῳ
1819 519 2102 588 παρέχειν.

673 649 740 706 δ’.
764 653 907 724 Ἐγὼ
920 653 1017 723 μὲν
1031 646 1421 721 οὗντὴναίτίαν
1439 641 1612 709 εἷπον,
1634 643 1700 698 δι’
1728 643 1798 713 ἣν
1821 641 2058 696 ἐνταῦθα
2091 657 2180 694 σε-

597 745 843 812 σίγηται·
879 743 944 793 σὺ
985 738 1065 802 δὲ,
1093 738 1141 790 εί
1174 735 1250 806 μή
1280 734 1438 787 τοῦτό
1465 733 1634 797 ἐστιν,
1660 731 1782 785 εἰπὲ
1815 730 1906 784 διὰ
1933 731 1987 784 τί
2015 732 2074 783 έν
2098 728 2179 799 τῷ

599 829 941 898 βαπτίσματι
985 824 1366 879 συντάττεται.
1402 820 1543 872 Ἀλλ’
1573 821 1674 873 ούκ
1709 820 1775 873 ἂν
1805 819 1951 888 ἔχοις
1984 817 2178 888 ἑτέραν

599 921 780 969 αιτίαν
825 915 1022 974 εἰπεῖν,
1051 911 1084 982 ἧ
1110 911 1190 974 τὸ,
1220 910 1483 980 ὁμότιμον
1513 908 1647 961 αὐτὸ
1667 903 1827 960 εἶναι.
1852 908 2022 960 Ὅταν
2047 904 2180 974 γοῦν

601 1001 870 1074 μηδεμίαν
902 999 999 1070 ἔχη
1031 997 1291 1066 τοιαύτην
1319 995 1588 1064 ἀνάγκην,
1622 993 1724 1062 ὅρα
1756 991 1874 1055 πῶς
1902 991 2036 1044 αὐτὸ
2062 1007 2180 1044 συνο

595 1089 780 1142 τάττει
833 1086 978 1139 οὕτω
1028 1085 1226 1152 λέγων·
1276 1084 1338 1137 Ἠ
1391 1083 1565 1151 χάρις
1598 1081 1706 1134 τοῦ
1757 1079 1980 1147 Κυρίου
2008 1077 2180 1147 ἡμῶν

607 1174 812 1244 ἰησοῦ
841 1173 1123 1241 Χριστοῦ,
1173 1170 1270 1224 καὶ
1305 1171 1344 1237 η
1375 1168 1578 1240 ἀγάπη
1609 1167 1716 1222 τοῦ
1749 1167 1898 1220 Θεοῦ
1931 1166 2030 1222 καὶ
2061 1169 2180 1219 Πα-

595 1263 756 1332 τρὸς,
791 1262 888 1315 καί
921 1262 960 1328 ἠ
991 1259 1274 1312 κοινωνία
1307 1257 1415 1310 τοῦ
1449 1257 1624 1326 ἁγίου
1655 1256 2003 1323 Πνεύματος
2025 1253 2180 1322 μετὰ

595 1351 841 1405 πάντων
865 1347 1054 1418 ὑμῶν·
1090 1347 1185 1400 καὶ
1215 1346 1400 1410 πάλιν,
1432 1344 1758 1412 Διαιρέσεις
1787 1341 1856 1394 δὲ
1886 1337 2180 1410 χαρισμὰο

596 1458 716 1494 των
751 1439 891 1506 είσί,
945 1438 1014 1492 τὸ
1071 1437 1140 1490 δὲ
1190 1435 1337 1491 αὐτὸ
1375 1433 1655 1503 Πνεῦμα·
1711 1432 1811 1487 καί
1857 1430 2180 1499 διαιρέσεις

595 1525 916 1582 διακονιῶν
945 1527 1128 1587 εἰσιν,
1169 1526 1202 1578 ὀ
1241 1522 1310 1575 δὲ
1340 1522 1524 1588 αὐτὸς
1555 1521 1790 1588 Κύριος·
1833 1520 1931 1572 καί
1961 1517 2181 1586 διαιρέ-

596 1632 730 1682 σεις
758 1613 1173 1682 ἐνεργημάτων
1201 1610 1380 1676 εἰσιν,
1413 1611 1445 1663 ὁ
1483 1607 1552 1661 δὲ
1589 1607 1772 1673 αὐτὸς
1823 1607 1987 1671 Θεός.
2037 1605 2178 1658 Ἀλλ’

598 1701 787 1772 ἐπειδὴ
812 1700 910 1753 νῦν
946 1699 1084 1771 πρὸς
1105 1698 1371 1768 Ἕλληνας
1415 1697 1444 1749 ὁ
1487 1695 1644 1758 λόγος
1667 1689 1735 1764 ἦν
1760 1692 1910 1762 αὐτῷ
1932 1693 2025 1745 καί
2051 1692 2181 1756 τοὺς

597 1788 659 1852 ἐξ
698 1787 968 1858 Ἐλλήνων
1017 1784 1466 1854 ἀσθενεστέρους,
1522 1782 1610 1835 διὰ
1648 1781 1808 1834 τοῦτο
1856 1779 2181 1849 ταμιεύεται

596 1875 770 1938 τέως·
824 1876 961 1946 ὅπερ
995 1867 1088 1927 οὖν
1134 1872 1228 1925 καὶ
1264 1874 1314 1924 οἰ
1354 1870 1631 1943 προφῆται
1683 1866 1932 1922 ποιοῦσιν
1963 1867 2055 1919 ἐπὶ
2085 1865 2179 1918 τοῦ

596 1964 752 2028 Υίοῦ,
803 1962 1042 2034 οὐδαμοῦ
1097 1961 1288 2028 σαφῶς
1342 1957 1510 2012 αὐτοῦ
1563 1956 1904 2028 μεμνημένοι
1941 1955 2030 2009 διὰ
2081 1953 2180 2024 τὴν

596 2051 884 2105 ἀσθένειαν
914 2050 1024 2101 τῶν
1056 2048 1385 2101 ἀκουόντων.
1425 2046 1579 2099 Ἀλλ’
1629 2046 1740 2098 οὐκ
1793 2043 1865 2095 ἐν
1916 2041 2108 2096 πᾶσιν
2139 2041 2178 2108 ἠ

595 2138 843 2209 γνῶσις,
874 2138 1028 2208 φησί.
1076 2135 1216 2190 Ποία
1241 2134 1416 2205 αὕτης
1454 2135 1488 2204 ή
1535 2133 1666 2199 περί
1717 2130 1814 2184 τοῦ
1858 2128 2018 2192 Θεοῦ,
2145 2130 2179 2200 ή

596 2230 730 2301 περὶ
758 2230 866 2282 τῶν
886 2227 1284 2292 εἰδωλοθύτων;
1323 2227 1393 2279 Ἢ
1429 2225 1538 2294 γάρ
1572 2222 1723 2296 [174]
1758 2222 1880 2285 τοὺς
1911 2221 2181 2290 Ἕλληνας

595 2317 894 2371 αἰνίττεται
947 2315 1205 2378 ἐνταῦθα,
1262 2315 1390 2376 τοὺς
1450 2312 1679 2374 πολλοὺς
1727 2309 1986 2379 λέγοντας
2023 2309 2182 2372 θεοὺς

594 2405 693 2459 καὶ
719 2405 962 2476 κυρίους,
987 2404 1084 2457 καὶ
1111 2404 1228 2456 οὐκ·
1251 2401 1460 2464 εἰδότας
1487 2401 1579 2454 τὸν
1606 2399 1738 2453 ὄντα
1775 2398 1909 2451 Θεόν
1937 2415 1950 2428 ·
1985 2397 2018 2468 ἢ
2054 2397 2181 2460 τοὺς

594 2493 656 2557 ἐξ
690 2493 959 2564 Ἑλλήνων
983 2490 1407 2560 ἀσθενεστέρους
1440 2487 1545 2553 ἔτι,
1577 2487 1704 2548 τοὺς
1745 2481 2181 2552 οὐδέπωσαφῶς

594 2580 827 2645 είδότας,
859 2581 942 2632 ὄτι
998 2577 1061 2631 οὐ
1113 2577 1221 2648 χρὴ
1258 2576 1556 2630 δεδοικέναι
1595 2573 1666 2626 τὰ
1709 2571 1927 2633 εἴδωλα,
1964 2571 2060 2625 καί
2096 2571 2180 2625 ὃτι

591 2666 747 2720 οὐδὲν
796 2666 1014 2719 εἴδωλον
1058 2667 1116 2717 ὲν
1162 2663 1374 2734 κόσμῳ.
1432 2659 1605 2714 Τοῦτο
1656 2659 1713 2713 δὲ
1765 2658 1961 2723 εἰπὼν,
1997 2658 2182 2730 ἡρέμα

593 2753 1028 2825 παρεμυθήσατο
1074 2751 1168 2805 καὶ
1218 2752 1393 2821 ἐπῆρε
1423 2749 1667 2812 τούτους.
1703 2747 1838 2801 Οὐδὲ
1861 2747 1971 2818 γὰρ
1999 2747 2181 2800 πάντα

595 2841 976 2895 καθάπτεσθαι
1004 2839 1130 2904 ἔδει,
1158 2839 1254 2892 καί
1286 2838 1524 2909 μάλιστα
1555 2836 1822 2907 μέλλοντα
1849 2835 2014 2890 πάλιν
2043 2834 2181 2889 καθ-

597 2926 866 2980 ικνεῖσθαι
901 2925 1085 2980 αὐτῶν
1121 2926 1508 2996 σφοδρότερον.

672 3047 839 3113 Τινὲς
870 3046 939 3100 δὲ
969 3045 1044 3115 τῇ
1085 3044 1440 3112 συνειδήσει
1473 3043 1582 3099 τοῦ
1629 3045 1882 3099 εἰδώλου
1916 3044 2028 3111 ἕως
2053 3043 2183 3113 ἇρτι

595 3135 676 3201 ὡς
706 3134 1116 3188 εἰδωλοθύτων
1151 3134 1447 3198 ἐσθίουσι,
1481 3131 1581 3186 καί
1613 3131 1650 3199 ἡ
1681 3131 2047 3200 συνείδησις
2077 3133 2184 3185 αύ-

598 3221 717 3275 τῶν
773 3220 1042 3288 ἀσθενὴς
1090 3215 1253 3275 οὖσα
1305 3220 1654 3290 μολύνεται.
1713 3218 1839 3274 Ἔτι
1894 3218 2182 3291 τρέμουσι,

598 3311 754 3381 φησί,
785 3311 855 3364 τά
885 3308 1099 3363 εἴδωλα.
1154 3309 1247 3380 Μὴ
1291 3310 1403 3379 γάρ
1437 3325 1528 3379 μοι
1568 3309 1668 3379 τὴν
1699 3307 1987 3379 παροῦσαν
2020 3311 2184 3380 εεπῃς

599 3398 958 3462 κατάστασιν,
1007 3399 1101 3452 καὶ
1153 3398 1240 3451 ὅτι
1296 3397 1362 3450 ἐκ
1416 3396 1702 3468 προγόνων
1749 3396 1849 3467 τὴν
1899 3397 2186 3451 εὐσέϐειαν

601 3484 788 3549 ἐδέξω·
821 3485 959 3539 ἀλλὰ
1005 3484 1378 3557 παράπεμψον
1427 3484 1528 3553 τὴν
1561 3483 1805 3538 διάνοιαν
1829 3485 1910 3548 είς
1941 3484 2184 3550 ἐκείνους

598 3573 728 3635 τοὺς
768 3572 1017 3642 χρόνους,
1051 3573 1148 3626 καὶ
1202 3572 1478 3642 ἐννόησον,
1525 3571 1652 3643 ἄρτι
1679 3571 1772 3625 τοῦ
1827 3573 2186 3644 κηρύγματος

600 3657 1026 3729 καθισταμένου,
1053 3661 1150 3713 καὶ
1181 3659 1284 3729 τῆς
1319 3659 1577 3723 ἀσεϐείας
1615 3659 1696 3714 ἔτι
1725 3661 2056 3732 κρατούσης,
2093 3663 2188 3716 καί

604 3746 806 3818 βωμῶν
841 3748 1148 3817 καιομένων
1175 3751 1270 3802 καὶ
1294 3747 1502 3828 θυσιῶν
1526 3749 1621 3802 καὶ
1649 3749 1892 3804 σπονδῶν
1921 3751 2185 3821 τελουμέ-

603 3852 732 3900 νων,
787 3836 886 3888 καὶ
941 3836 1050 3889 τῶν
1106 3837 1372 3891 πλειόνων
1411 3838 1684 3910 Ἐλλήνων
1731 3839 1922 3905 ὄντων,
1956 3841 2084 3904 τοὺς
2121 3843 2190 3896 ὲκ

606 3921 889 3994 προγόνων
947 3923 1367 3995 διαδεξαμένους
1403 3925 1506 3996 τὴν
1539 3922 1854 3993 ἀσέϐειαν(
1881 3930 1976 3982 καὶ
2021 3930 2188 3982 πατέ-

604 4027 715 4081 ρων
759 4010 854 4064 καί
896 4009 1139 4065 πάππων
1190 4013 1285 4066 καὶ
1341 4013 1681 4066 ὲπιπάππων
1733 4014 1995 4070 τοιούτων
2025 4015 2186 4082 ὄντας

604 4097 882 4164 ἐκγόνους,
924 4100 1020 4153 καὶ
1053 4099 1226 4152 πολλὰ
1260 4099 1410 4172 παρὰ
1456 4098 1566 4153 τῶν
1597 4101 1870 4171 δαιμόνων
1914 4101 2188 4167 παθόντας

603 4184 772 4245 κακὰ,
795 4183 989 4256 ἁθρόον
1021 4187 1418 4255 μεταστάντας,
1447 4188 1564 4252 πῶς
1596 4188 1741 4251 εἰκὸς
1764 4183 1831 4259 ἦν
1857 4189 2185 4244 διακεῖσθαι·

607 4271 724 4335 πῶς
756 4272 813 4326 δὲ
861 4273 1158 4329 δεδοικέναι
1191 4277 1285 4328 καὶ
1337 4277 1564 4348 τρέμειν
1596 4277 1697 4342 τὰς
1748 4278 1861 4332 τῶν
1913 4280 2189 4350 δαιμόνων

606 4359 920 4424 ἱπιϐουλάς·
953 4361 1024 4415 δι’
1053 4362 1147 4428 οὒς
1179 4365 1276 4417 καὶ
1301 4365 1676 4435 αἰνιττόμενος
1709 4367 1884 4436 ἔλεγε·
1927 4367 2091 4435 Τινὲς
2120 4369 2190 4422 δὲ

605 4445 684 4515 τῇ
722 4449 1074 4516 συνειδήσει
1110 4450 1216 4504 τοῦ
1252 4452 1674 4509 εἰδωλοθύτου.
1707 4454 1847 4508 Οὔτε
1878 4457 1987 4526 γὰρ
2016 4458 2189 4511 ἐκκα-

607 4533 799 4588 λύπτει
824 4536 1022 4598 αὐτοὺς
1051 4537 1259 4603 σαφῶς,
1289 4537 1378 4590 ἵνα
1409 4540 1484 4608 μὴ
1517 4539 1722 4611 πλήξῃ,
1759 4541 1883 4593 οὔτε
1912 4543 2192 4614 παρατρέ-

608 4637 693 4690 χει
725 4621 978 4686 καθόλου,
1005 4621 1118 4674 ἀλλ’
1157 4623 1424 4693 ἀορίστως
1451 4626 1630 4680 αὐτῶν
1660 4627 1956 4697 μέμνηται,
1991 4629 2186 4698 λέγων·

614 4707 780 4774 Τινὲς
804 4708 873 4761 δὲ
901 4707 976 4777 τῇ
1004 4710 1359 4777 συνειδήσει
1381 4712 1484 4766 τοῦ
1509 4714 1904 4770 είδωλοθύτου
1925 4716 2036 4784 ἕως
2059 4719 2191 4787 ἄρτι

606 4793 690 4858 ὡς
720 4794 1117 4850 εἰδωλόθυτον
1147 4797 1444 4852 ἐσθίουσι·
1489 4802 1756 4868 τουτέστι,
1789 4804 1928 4874 μετὰ
1964 4806 2062 4876 τῆς
2087 4807 2189 4860 αύ-

608 4881 709 4952 τῆς
737 4881 995 4948 διανοίας,
1040 4885 1159 4954 μεθ’
1201 4881 1270 4959 ἦς
1305 4887 1592 4959 πρότερον·
1633 4889 1730 4943 καὶ
1759 4891 1798 4959 ἡ
1833 4892 2189 4961 συνείδησις

608 4967 809 5023 αὐτῶν
843 4971 1111 5041 ἀσθενὴς
1154 4968 1325 5043 ,οὖσα
1371 4976 1724 5043 μολύνεται·
1775 4979 1990 5034 οὐδέπω
2024 4981 2187 5034 δυνα-

613 5056 752 5127 μένη
786 5059 1198 5131 καταφρονῆσαι
1237 5061 1358 5115 οὐδὲ
1389 5063 1648 5131 καθάπαξ
1680 5067 1860 5121 αὐτῶν
1887 5069 2191 5136 καταγελάο

612 5161 725 5208 σαι,
758 5145 872 5198 ἀλλ’
905 5146 985 5200 ἔτι
1017 5148 1426 5222 διακρινομένη.
1452 5153 1664 5226 Ὠσπερ
1695 5154 1763 5209 ἂν
1795 5155 1850 5208 ετ
1877 5174 1961 5220 τις
1991 5157 2072 5227 τῷ
2098 5175 2190 5210 νε-

611 5230 748 5303 κροῦ
805 5232 1072 5290 ἅπτεσθαι
1121 5238 1330 5309 νομίζοι
1362 5241 1609 5311 μολύνειν
1647 5244 1839 5298 ἑαυτὸν
1876 5247 2016 5299 κατὰ
2057 5247 2190 5299 ’1ου-

609 5320 802 5392 δαῖκὴν
856 5323 1166 5394 συνήθειαν,
1229 5324 1350 5380 εἶτα
1410 5330 1631 5401 ἑτέρους
1677 5332 1820 5404 ὁρῶν
1852 5336 2191 5405 ἁπτομένους

612 5408 756 5478 μετὰ
790 5409 1032 5482 καθαροῦ
1083 5415 1404 5480 συνειδότος,
1444 5419 1518 5490 μή
1554 5419 1862 5490 ἁπτόμενος
1903 5423 2043 5491 μετὰ
2089 5427 2189 5494 τῆς

610 5496 782 5567 αὐτῆς
807 5497 1056 5570 γνώμης,
1090 5501 1373 5571 μολύνοιτο
1395 5519 1408 5532 ·
1441 5504 1585 5558 οὕτω
1615 5507 1857 5561 κάκεῖνοι
1893 5509 2013 5562 τότε
2055 5509 2191 5564 ἔπα-

615 5597 762 5652 σχον.
791 5584 950 5651 Τινὲς
981 5589 1112 5656 γὰρ,
1142 5591 1296 5658 φησὶ,
1323 5589 1396 5659 τῇ
1430 5594 1782 5663 συνειδήσει
1811 5596 1918 5650 τοῦ
1937 5597 2188 5654 εἰδώλου

615 5668 726 5735 ἓως
752 5671 904 5739 ἄρτι.
948 5674 1059 5745 Οὐχ
1090 5677 1280 5740 ἁπλῶς
1317 5678 1398 5742 τὸ,
1418 5678 1565 5746 Ἕως
1594 5681 1746 5750 ἄρτι,
1772 5681 2040 5748 τέθεικεν,
2072 5685 2187 5739 ἀλλ’

619 5751 704 5807 ἵνα
747 5758 896 5832 δείξῃ
926 5761 1009 5816 ὅτι
1057 5763 1208 5819 οὐδὲν
1259 5766 1464 5837 ήνυσαν
1512 5770 1588 5838 μὴ
1637 5771 2183 5838 συγκαταϐαίνοντες.

1272 332 1328 385 S.
1369 323 1652 384 JOANNIS
1687 303 2172 376 CHRYSOS‘I‘UM‘
2211 313 2534 370 ARCHIEP.
2569 315 3122 376 CONSTANTINOP.

2287 427 2421 480 υύδὲ
2449 428 2558 499 γάρ
2587 429 2761 494 οὕτως
2791 432 2988 495 αὐτοὺς
3017 432 3230 500 ἐνάγειν
3272 431 3458 506 ἐχρῆν,
3488 434 3596 488 ἀλλ’
3633 437 3811 508 ἑτέρως

2283 531 2402 578 πως
2431 515 2576 586 λόγῳ
2603 519 2894 583 πείθοντας
2924 520 3019 572 καί
3056 519 3394 589 διδασκαλία.
3441 520 3546 575 Καὶ
3574 521 3610 588 ή
3637 523 3811 577 συνεί.

2283 601 2464 669 δησις
2491 603 2692 658 αὐτῶν
2720 605 2991 675 ἀσθενὴς
3021 601 3181 662 οὖσα
3223 609 3564 680 μολύνεται.
3595 608 3812 680 Ούδαμοῦ

2283 691 2424 756 τέως
2449 692 2577 763 περί
2605 693 2702 766 τὴν
2735 696 2897 765 φύσιν
2924 695 3018 750 τοῦ
3050 697 3373 766 πράγματος
3399 696 3489 749 τὸν
3513 695 3660 763 λόγον
3686 698 3815 770 ιστη-

2287 795 2390 841 σιν,
2419 778 2536 832 ἀλλ’
2566 781 2678 834 ἄνω
2717 783 2811 836 καὶ
2845 784 2996 838 κάτω
3034 785 3160 854 περὶ
3189 783 3258 836 τὸ
3286 783 3521 847 συνειδὸς
3554 787 3643 837 τοῦ
3671 802 3814 854 μετα-

2284 865 2652 937 λαμϐάνοντος
2683 869 2995 939 στρέφεται.
3036 870 3251 924 Δέδοικε
3283 871 3392 941 γάρ
3424 872 3496 940 μή
3541 887 3652 934 πως
3671 869 3816 924 θέλων

2282 951 2574 1025 διορθῶσαι
2594 955 2684 1007 τὸν
2709 956 2934 1027 ἀσθενῆ,
2961 957 3138 1030 πλήξῃ
3157 957 3249 1010 τὸν
3276 957 3514 1027 ἰσχυρὸν,
3539 957 3626 1010 καὶ
3644 958 3815 1028 ἀσθενῆ

2285 1043 2379 1095 καὶ
2411 1041 2602 1095 τοῦτον
2623 1044 2948 1114 ἐργάσηται.
2979 1045 3181 1116 Διόπερ
3210 1045 3310 1114 οὐχ
3338 1039 3500 1114 ἦττον
3523 1043 3700 1097 τούτου
3723 1047 3817 1113 φείο

2281 1129 2452 1194 δεται,
2485 1129 2519 1200 ἢ
2562 1131 2794 1185 ἐκείνου.
2839 1132 2948 1186 Καὶ
2973 1132 3072 1185 οὐκ
3107 1131 3335 1202 ἀφίησιν
3367 1131 3499 1184 αὐτὸ
3529 1128 3818 1200 νομισθῆναί

2283 1233 2358 1280 τι,
2390 1217 2526 1270 ἀλλὰ
2577 1218 2745 1272 πολὺν
2797 1220 3202 1282 κατασκευάζει
3240 1218 3330 1272 τὸν
3380 1217 3555 1286 λόγον,
3589 1217 3717 1272 ὥστε
3757 1220 3817 1291 μή

2283 1303 2442 1358 τοῦτο
2495 1305 2921 1377 ὒωπτευθῆναι.
2988 1305 3200 1376 Βρῶμα
3241 1306 3313 1359 δὲ
3368 1305 3526 1376 ἡμᾶς
3572 1307 3640 1361 οὐ
3695 1323 3813 1374 παρ-

2284 1392 2496 1461 ίστησι
2548 1391 2628 1458 τῷ
2668 1393 2809 1460 Θεῷ.
2846 1395 2996 1448 Οὔτε
3051 1393 3162 1462 γὰρ
3196 1394 3306 1448 ἐὰν
3331 1393 3620 1463 φάγωμεν,
3645 1409 3807 1463 περισ-

2284 1480 2565 1548 σεύομεν·
2620 1481 2762 1535 οὔτε
2823 1481 2932 1534 ἐὰν
2973 1479 3061 1551 μὴ
3109 1481 3409 1550 φάγωμεν,
3467 1480 3814 1548 ὑστεροῦμεν.

2297 1565 2460 1637 Ὁρᾷς
2490 1566 2610 1631 πῶς
2636 1569 2798 1622 πάλιν
2826 1568 3008 1621 αὐτῶν
3033 1567 3251 1622 καθεῖλε
3270 1567 3332 1620 τὸ
3361 1567 3638 1639 φρόνημα;
3669 1566 3818 1620 Εἰπὼν

2287 1653 2396 1724 γὰρ
2430 1656 2513 1707 ὄτι
2546 1656 2609 1708 οὐ
2653 1656 2814 1726 μόνον
2842 1659 3062 1720 ἐκεῖνοι,
3096 1656 3231 1710 ἀλλὰ
3258 1657 3458 1719 πάντες
3486 1653 3630 1727 [175]
3654 1653 3818 1723 γνῶσιν

2286 1742 2502 1814 ἔχομεν,
2526 1743 2638 1807 καὶ,
2660 1744 2742 1796 ὅτι
2764 1744 2938 1807 οὐδεὶς
2961 1745 3111 1798 οὐδὲν
3125 1744 3333 1812 ἔγνωκε
3354 1742 3532 1806 καθὼς
3543 1742 3618 1796 δεῖ
3630 1742 3815 1810 γνῶναι,

2287 1834 2410 1895 καὶ,
2448 1833 2531 1885 ὅτι
2577 1833 2611 1902 ή
2655 1834 2856 1901 γνῶσις
2898 1837 3111 1904 φυσιοῖ·
3156 1830 3280 1888 εἶτα
3327 1833 3816 1905 παραμυθησάμενος

2285 1919 2502 1982 αὐτοὺς,
2521 1919 2821 1984 καὶείπὼν,
2839 1923 2920 1974 ὃτι
2945 1922 3044 1974 οὐκ
3069 1923 3126 1975 ὲν
3157 1923 3321 1975 πᾶσιν
3347 1924 3380 1990 ή
3406 1919 3618 1988 γνῶσις,
3648 1919 3731 1973 καὶ
3751 1920 3817 1972 ὅτι

2284 2005 2352 2058 δι’
2377 2005 2659 2060 ἀσθένειαν
2695 2002 2841 2062 οὗτοι
2873 2006 3209 2079 μολύνονται·
3248 2010 3338 2063 ῖνα
3366 2009 3442 2080 μὴ
3459 2009 3676 2077 λέγωσιν
3703 2010 3818 2061 ἐκεῖ·

2286 2108 2387 2154 νοι,
2418 2093 2527 2145 Καὶ
2549 2092 2603 2145 τί
2633 2095 2767 2166 πρὸς
2794 2097 2962 2166 ήμᾶς,
2992 2099 3039 2149 εἰ
3068 2097 3144 2167 μὴ
3171 2099 3227 2150 ἐν
3267 2098 3491 2167 πᾶσινή
3523 2095 3728 2165 γνῶσις;
3749 2094 3818 2148 διὰ

2285 2179 2339 2232 τί
2371 2179 2479 2252 γὰρ
2517 2181 2592 2251 μὴ
2619 2181 2733 2252 ἔχει
2759 2183 2961 2251 γνῶσιν
2990 2185 3018 2236 ὁ
3045 2184 3224 2249 δεῖνα;
3259 2185 3352 2240 διά
3395 2184 3448 2237 τί
3475 2184 3722 2252 άσθενήςς
3749 2183 3818 2235 ἵνα

2290 2267 2365 2338 μὴ
2407 2265 2584 2321 ταῦτα
2611 2268 3088 2342 ἀνθυποφέρωσιν,
3117 2272 3218 2325 ούκ
3261 2271 3466 2334 εὐθέως
3493 2267 3646 2342 ἦλθεν
3670 2270 3747 2322 ὲπί
3771 2268 3819 2322 τὸ

2285 2354 2455 2422 δεῖξαι
2485 2356 2696 2425 σαφῶς,
2727 2357 2811 2410 ὃτι
2838 2358 2928 2410 διὰ
2956 2359 3054 2430 τὴν
3083 2359 3302 2412 ἐκείνου
3336 2359 3536 2430 βλάϐην
3562 2357 3820 2429 ἀπέχεσθαι

2285 2441 2402 2494 δεῖ·
2435 2441 2571 2496 ἀλλὰ
2598 2443 3210 2516 προακροϐολισάμενος
3243 2447 3410 2502 αὐτὸν
3438 2449 3591 2519 μόνον
3617 2446 3816 2516 πρῶτον,

2285 2531 2346 2583 τὸ
2376 2530 2569 2584 τούτου
2618 2531 2784 2587 πλέον
2825 2533 3088 2589 δείκνυσι.
3125 2537 3291 2590 Ποῖον
3332 2536 3397 2608 δὴ
3430 2537 3611 2601 τοῦτος
3648 2536 3754 2588 Ὀτι
3780 2536 3819 2586 εἰ

2287 2617 2383 2671 καὶ
2436 2617 2626 2690 μηδεὶς
2673 2619 2996 2685 ὲϐλάπτετο,
3039 2623 3174 2693 μηδὲ
3203 2625 3236 2694 ή
3269 2623 3368 2678 τοῦ
3399 2625 3615 2696 πλησίον
3644 2620 3818 2693 προσῆν

2284 2705 2607 2778 διαστροφὴ,
2642 2708 2765 2761 οὐδὲ
2797 2707 2942 2761 οὕτω
2981 2709 3064 2763 δεῖ
3097 2710 3261 2764 τοῦτο
3311 2714 3483 2766 ποιεῖν
3503 2728 3518 2742 ·
3568 2726 3818 2781 ματαιοπο-

2285 2796 2398 2848 νεῖν
2428 2795 2538 2866 γάρ
2562 2794 2722 2849 τοῦτό
2749 2797 2925 2850 ἔστιν.
2965 2797 3024 2850 Ὀ
3057 2799 3168 2870 γὰρ
3193 2799 3437 2864 άκούσας
3462 2801 3542 2853 ὅτι
3569 2799 3818 2869 βλάπτεται

2291 2883 2392 2953 μὲν
2415 2881 2626 2952 ἔτερος,
2658 2883 2820 2946 αὐτὸς
2846 2882 2903 2936 δδ
2948 2883 3061 2954 ἔχει
3089 2885 3150 2938 τὸ
3189 2885 3407 2955 κέρδος,
3429 2887 3490 2940 οὐ
3521 2887 3706 2957 σφόδρα
3733 2887 3818 2952 ἀφ-

2292 2971 2530 3033 ίσταται,
2561 2969 2699 3023 ἀλλὰ
2727 2971 2845 3024 τότε
2881 2971 3106 3040 μᾶλλον,
3134 2973 3266 3028 ὅταν
3305 2975 3453 3048 μάθῃ
3475 2975 3554 3028 ὅτι
3582 2974 3717 3028 οὐδὲν
3739 2972 3819 3025 αὒ-

2289 3058 2382 3122 τδς
2408 3058 2698 3128 ὠφελεῖται
2723 3059 2831 3113 άπδ
2857 3057 2951 3113 τοῦ
2980 3061 3333 3132 πράγματος.
3361 3063 3460 3116 Διά
3481 3062 3628 3116 τοῦτο
3647 3061 3821 3133 πρῶτον

2288 3146 2449 3200 τοῦτο
2471 3146 2652 3216 τίθησι
2676 3147 2874 3216 λέγων·
2903 3148 3116 3218 Βρῶμα
3147 3149 3218 3203 δὲ
3256 3151 3414 3220 ἡμᾶς
3445 3153 3514 3206 ού
3542 3151 3821 3217 παρίστησι

2290 3233 2371 3300 τῷ
2415 3234 2556 3299 Θεῷ.
2587 3229 2742 3299 Εἶδες
2775 3236 2893 3300 πῶς
2940 3238 3074 3290 αὐτὸ
3108 3237 3457 3306 ἐξευτελίζει,
3488 3239 3516 3292 ὅ
3552 3239 3705 3292 ἐδόκει
3733 3233 3816 3290 ἀπὸ

2290 3323 2503 3385 τελείας
2556 3324 2812 3391 γνώσεως
2856 3324 3140 3393 γίνεσθαις
3181 3328 3336 3382 Οὔτε
3387 3331 3493 3398 γὰρ
3536 3326 3638 3382 ἐὰν
3673 3323 3821 3394 φάγω-

2286 3427 2424 3479 μεν,
2459 3412 2918 3480 περισσεύομεν·
2956 3411 3259 3476 τουτέστιν,
3295 3412 3671 3485 εύδοκιμοῦμεν
3705 3407 3824 3479 παρὰ

2291 3496 2368 3568 τῷ
2394 3496 2535 3567 Θεῷ,
2565 3497 2642 3561 ὡς
2684 3498 2890 3567 ἀγαθόν
2921 3516 2976 3552 τι
3019 3501 3352 3569 ποιήσαντες
3391 3502 3482 3555 καὶ
3524 3502 3684 3572 μέγα·
3718 3498 3824 3550 οὔτε

2290 3584 2401 3639 ἐὰν
2417 3584 2503 3654 μὴ
2527 3585 2826 3654 φάγωμεν,
2853 3587 3243 3656 ὑστεροῦμεν·
3275 3589 3566 3653 τουτέστιν,
3591 3588 3682 3641 οὐκ
3705 3585 3824 3638 ἔλατ-

2291 3673 2385 3726 τόν
2405 3690 2456 3726 τι
2489 3673 2706 3743 ἔχομεν.

2362 3851 2515 3916 Τέως
2555 3851 2655 3922 μὲν
2688 3847 2782 3906 οὖν
2819 3853 2950 3906 αὐτὸ
3003 3853 3169 3920 ἔδειξε
3218 3856 3472 3930 περιττὸν
3515 3855 3602 3909 καί
3634 3848 3823 3907 οὐδένοὸ

2293 3941 2402 4010 γάρ
2435 3942 2574 4012 μήτε
2602 3942 2886 4011 γινόμενον
2915 3942 3134 4010 ὠφελεῖ,
3165 3946 3304 4015 μήτε
3335 3945 3410 4016 μὴ
3442 3947 3701 4013 γινόμενον
3723 3938 3821 4008 βλά-

2294 4045 2441 4093 πτει,
2469 4028 2723 4101 περιττὸν
2752 4029 2818 4082 ἂν
2847 4030 2954 4098 εἴη·
2990 4029 3196 4100 προπυν
3223 4032 3280 4084 δὲ
3314 4034 3408 4086 καί
3434 4032 3527 4102 τὴν
3549 4029 3731 4100 βλάϐην
3751 4026 3822 4075 ὲκ-

2293 4113 2557 4167 καλύπτει
2579 4115 2760 4168 πᾶσαν
2792 4115 2886 4168 τοῦ
2925 4115 3273 4185 πράγματος.
3313 4117 3428 4171 Νῦν
3462 4118 3634 4188 μέντοι
3659 4113 3742 4183 τὴν
3763 4111 3823 4167 εἰς

2293 4204 2420 4266 τοὺς
2444 4201 2708 4270 ἀδελφοὺς
2727 4203 3019 4274 γινομένην
3041 4204 3211 4272 λέγει·
3258 4206 3519 4260 Βλέπετε
3556 4204 3676 4274 γὰρ.
3703 4197 3823 4269 φησὶ.

2289 4287 2373 4358 μή
2410 4305 2535 4355 πως
2564 4289 2602 4357 ἡ
2632 4289 2886 4354 ἐξουσία
2930 4289 3099 4360 ὑμῶν
3139 4291 3292 4359 αὕτη
3326 4293 3668 4359 πρόσκομμα
3694 4283 3824 4353 τέγη-

2294 4395 2388 4430 ται
2425 4377 2550 4444 τοῖς
2590 4377 2922 4431 ἀσθενοῦσι
2965 4376 3086 4430 τῶν
3109 4377 3412 4448 ἀδελφῶν.
3437 4381 3546 4432 Ούκ
3588 4373 3739 4437 εἶπεν,
3761 4371 3824 4423 ὅτι

2305 4464 2371 4517 Ἥ
2401 4463 2619 4529 ἐξουσία
2640 4463 2793 4534 ὑμῶν
2829 4464 3162 4535 πρόσκομμα
3191 4465 3425 4534 γίνεται,
3452 4465 3565 4519 οὐδὲ
3592 4460 3828 4529 ἀπεφήνα-

2294 4569 2375 4614 το,
2425 4551 2514 4604 ἵνα
2574 4550 2650 4620 μὴ
2698 4551 3211 4623 άναισχυντοτέρους
3263 4555 3496 4624 ποιήσῃ·
3532 4550 3656 4604 ἀλλὰ
3707 4545 3825 4606 πῶςς

2296 4637 2576 4692 Βλέπετε·
2615 4637 2797 4706 φοϐῶν
2830 4637 3029 4703 αὐτοὺς
3059 4639 3157 4692 καὶ
3185 4640 3484 4711 ἐντρέπων,
3533 4639 3623 4693 καὶ
3649 4635 3729 4689 ἐπὶ
3752 4634 3827 4700 ἄρ-

2296 4741 2448 4795 νησιν
2480 4725 2629 4793 άγων
2661 4725 2754 4778 τοῦ
2785 4725 2860 4796 μὴ
2895 4729 3090 4782 ποιεῖν.
3113 4727 3224 4780 Καὶ
3253 4727 3354 4780 οὐκ
3383 4722 3552 4790 εἶπεν,
3589 4725 3644 4777 Ἡ
3669 4720 3828 4790 γνῶσις

2297 4811 2452 4883 ὑμῶν
2478 4812 2640 4883 αὕτη,
2678 4812 2817 4881 ὅπερ
2855 4808 2923 4882 ἦν
2947 4813 3226 4883 ὲγκωμίου
3253 4814 3476 4884 μᾶλλον·
3507 4812 3638 4874 οὐδὲ,
3679 4809 3735 4860 Ἦ
3760 4820 3829 4857 τε·

2296 4898 2506 4970 λειότης
2541 4899 2698 4970 ὑμῶν
2723 4900 2892 4971 αὕτη·
2923 4900 3059 4967 ἀλλ’,
3092 4901 3151 4954 Ἠ
3183 4901 3454 4965 ἐξουσία·
3494 4901 3624 4969 ὅπερ
3662 4907 3821 4966 προπε-

2295 4988 2445 5052 τείας
2477 4989 2678 5060 μᾶλλον
2728 4989 2823 5043 καί
2871 4989 3161 5052 αὐθαδείας
3217 4989 3313 5042 καὶ
3371 4987 3672 5052 ἀλαζονείας
3717 4975 3828 5034 εἶναι

2297 5075 2495 5130 ἐδόκει.
2554 5077 2663 5131 Καὶ
2709 5077 2810 5130 οὐκ
2863 5071 3006 5138 εἷπε,
3062 5075 3188 5140 Τοῖς
3233 5076 3499 5145 ἀδελφοῖς,
3544 5072 3686 5129 ἀλλὰ.
3729 5065 3828 5128 Τοῖς

2297 5162 2627 5218 ἀσθενοῦσι
2674 5161 2794 5216 τῶν
2825 5163 3124 5232 ἀδελφῶν·
3170 5161 3354 5228 αὔξων
3383 5164 3480 5235 τὴν
3516 5156 3824 5229 κατηγορίαν,

2288 5251 2382 5304 ὅτι
2411 5251 2532 5304 οὐδὲ
2568 5251 2941 5316 ἀσθενούντων
2970 5251 3259 5321 φείδονται,
3291 5255 3384 5306 καὶ
3407 5253 3576 5305 ταῦτα
3601 5242 3822 5312 ἀδελφῶν.

2301 5339 2483 5392 Ἔστω
2508 5338 2637 5410 γὰρ,
2669 5339 2729 5392 ού
2759 5339 2988 5409 διορθοῖς
3026 5340 3147 5394 οὐδὲ
3179 5342 3433 5410 ὲγείρεις·
3460 5339 3510 5393 τί
3531 5337 3618 5391 καί
3641 5336 3824 5390 61:06!!—

2297 5422 2468 5488 λίζεις
2506 5425 2602 5478 καὶ
2650 5426 3012 5496 προσπταίειν
3051 5431 3243 5494 ποιεῖς,
3278 5427 3397 5482 δέον
3438 5431 3588 5498 χεῖρα
3616 5423 3821 5498 ὀρέγεινξ

2311 5513 2450 5566 Ἀλλ’
2478 5513 2540 5566 οὐ
2583 5512 2762 5583 βούλει
2796 5513 2974 5569 τοῦτο·
3018 5516 3214 5570 οὐκοῦν
3255 5515 3390 5586 μηδὲ
3428 5496 3732 5580 καταϐάλῃς.
3773 5496 3821 5554 El

2276 5597 2400 5672 ’μὲν
2429 5602 2540 5673 γὰρ
2573 5603 2809 5672 πονηρὸς
2833 5597 2922 5673 ἦν,
2950 5603 3224 5670 κολάσεως
3246 5605 3432 5658 ἐδεῖτο·
3463 5601 3585 5655 εἰδὲ
3613 5590 3821 5659 ἀσθενὴς,

2301 5687 2562 5759 ἰατρείας.
2596 5688 2711 5741 Νῦν
2735 5689 2790 5742 δὲ
2821 5691 2920 5744 οὐκ
2945 5690 3178 5762 ἀσθενὴς
3224 5690 3419 5762 μόνον,ι
3441 5688 3568 5745 ἀλλὰ
3596 5685 3678 5741 καὶ
3697 5674 3822 5735 ἀδελ·

2300 5775 2420 5844 φάς·
2453 5775 2640 5830 ὀταν
2675 5775 2786 5845 γάρ
2815 5795 2905 5843 τις
2933 5778 3032 5847 ιδῃ
3061 5795 3136 5832 σε
3174 5780 3280 5834 τὸν
3310 5778 3521 5848 ἔχοντα
3548 5771 3748 5838 γνῶσιν
3767 5764 3821 5814 ἐν
