3992 6416
204 323 309 381 ι65

210 454 330 496 eum
360 437 499 509 ipsis
526 424 874 508 conjungere
912 445 1014 487 non
1057 430 1418 501 oportuisset,
1452 428 1538 482 ubi
1583 426 1817 480 maxime

217 531 512 588 divinitatis
542 530 794 600 dignitas
819 532 1037 598 apparet
1054 563 1072 590 ,
1098 531 1153 578 et
1174 521 1314 577 dona
1344 521 1540 576 dantur
1563 533 1684 590 quae
1709 519 1818 572 Deo

212 624 314 680 soli
346 623 483 677 dare
511 619 808 688 competit.

281 716 343 770 4.
378 715 493 781 Ego
516 712 684 782 igitur
707 718 922 764 causam
959 705 1090 771 dixi,
1118 719 1216 759 cur
1235 703 1326 758 hic
1355 701 1571 758 silentio
1593 708 1814 771 praeter-

211 809 420 865 missus
449 807 526 860 sit
555 823 570 858 :
607 814 664 858 tu
692 817 845 869 vero,
880 803 924 856 si
947 815 1037 856 res
1064 813 1169 854 non
1202 798 1272 852 ita
1304 812 1363 852 se
1394 797 1577 863 habet,
1608 796 1696 850 die
1721 809 1818 850 cur

221 903 272 955 in
295 899 578 968 baptismo
600 895 966 964 conjungitur.
993 889 1100 947 Sed
1144 905 1252 945 non
1290 889 1448 943 aliam
1491 888 1666 958 possis
1693 901 1821 942 cau-

219 1010 329 1049 sam
371 992 584 1055 dicere,
634 1003 796 1059 quam
837 985 978 1057 quod
1007 985 1076 1040 sit
1118 983 1323 1038 honore
1361 997 1476 1052 par.
1516 982 1647 1036 Cum
1693 993 1822 1048 ergo

213 1086 426 1141 nullam
481 1083 647 1137 talem
700 1080 861 1134 habet
913 1077 1324 1142 necessitatem,
1385 1074 1506 1129 vide
1553 1071 1822 1142 quomodo

210 1180 401 1247 ipsum
442 1172 747 1242 conjungit,
797 1170 868 1224 ita
908 1168 1093 1224 dicens
1135 1186 1149 1223 :
1189 1166 1371 1221 Gratia
1417 1165 1620 1220 Domini
1662 1165 1822 1218 nostri

206 1272 346 1327 Iesu
376 1268 598 1333 Christi,
629 1275 676 1320 et
709 1264 894 1318 caritas
921 1261 1018 1315 Dei
1051 1271 1098 1315 et
1134 1260 1328 1323 Patris,
1357 1269 1404 1312 et
1430 1257 1822 1312 communicatio

212 1363 463 1433 Spiritus
493 1359 658 1415 sancti
681 1358 748 1412 sit
768 1373 882 1410 cum
907 1355 1136 1409 omnibus
1159 1353 1297 1408 vobis
1327 1352 1402 1422 (Ξ.
1435 1352 1553 1406 Cor.
1584 1351 1819 1421 15.13);

211 1467 270 1512 et
318 1469 570 1520 rursum,
618 1451 902 1506 Divisiones
947 1448 1229 1519 gratiarum
1279 1453 1417 1512 sunt,
1474 1445 1610 1498 idem
1653 1453 1822 1496 autem

217 1551 506 1619 Spiritus;
533 1558 584 1600 et
615 1545 884 1598 divisiones
913 1541 1344 1594 ministrationum
1381 1547 1516 1602 sunt,
1563 1536 1698 1590 idem
1725 1552 1820 1588 au-

214 1656 321 1697 tem
352 1640 656 1701 Dominus;
695 1644 740 1689 et
777 1635 1044 1688 divisiones
1092 1633 1449 1702 Operationnm
1499 1637 1637 1696 sunt,
1688 1627 1823 1682 idem

217 1745 401 1787 autem
437 1729 583 1784 Deus
610 1736 632 1800 ί
659 1729 712 1783 1.
750 1725 866 1781 Cor.
899 1723 988 1779 η.
1014 1725 1115 1780 4-6
1143 1723 1185 1795 ).
1237 1722 1342 1778 Sed
1367 1722 1486 1793 quia
1543 1735 1684 1775 nunc
1731 1718 1826 1774 ad-

217 1843 421 1884 versus
447 1826 670 1882 Graecos
701 1837 880 1879 sermo
908 1827 1044 1886 erat,
1086 1827 1142 1873 et
1169 1831 1264 1871 eos
1292 1816 1382 1886 qui
1413 1814 1617 1870 Griecis
1653 1812 1823 1866 imbe-

222 1923 472 1974 cilliores
519 1923 696 1981 erant,
735 1922 1020 1984 propterea
1066 1910 1119 1965 id
1164 1907 1380 1964 interim
1426 1913 1735 1960 reservatur
1771 1912 1826 1958 et

223 2022 464 2066 tacetur.
502 2007 560 2062 ld
600 2005 742 2076 quod
783 2004 942 2058 etiam
982 1999 1261 2072 prophetae
1305 1996 1504 2052 faciunt
1544 1995 1612 2050 de
1665 1994 1819 2063 Filio,

226 2120 392 2175 quem
427 2115 691 2169 nusquam
720 2105 905 2169 aperte
932 2095 1213 2152 nominant
1237 2091 1307 2145 ob
1334 2089 1636 2145 auditorum
1664 2086 1827 2142 imbe-

227 2198 535 2251 cillitatem.
567 2193 620 2247 7.
657 2191 761 2246 Sed
790 2206 890 2243 non
916 2189 969 2242 in
998 2187 1230 2242 omnibus
1254 2194 1327 2238 est
1356 2182 1590 2248 scientia,
1630 2180 1822 2251 inquit.

229 2291 492 2356 Qumnam
527 2284 656 2339 illa?
683 2299 750 2337 an
781 2297 864 2347 ea,
898 2295 1016 2350 qua:
1041 2277 1216 2334 estde
1249 2278 1381 2339 Deo,
1413 2290 1480 2329 an
1507 2289 1590 2336 ea,
1616 2287 1735 2342 quae
1760 2272 1827 2328 tle

231 2386 295 2438 iis
324 2398 449 2452 qua:
477 2378 755 2434 immolata
806 2383 930 2430 sunt
957 2373 1156 2429 idolis?
1182 2378 1287 2426 Aut
1312 2379 1460 2425 certe
1485 2368 1702 2450 ϐνωεοε
1741 2365 1827 2419 hic

229 2447 565 2537 subi-ndicat,
589 2470 679 2540 qui
706 2467 952 2523 dicebant
973 2465 1171 2520 multos
1190 2477 1311 2518 esse
1327 2462 1459 2516 deos
1480 2467 1535 2514 et
1555 2447 1823 2522 dominos,

230 2582 329 2622 nec
353 2565 610 2621 sciebant
645 2561 810 2616 Deum
842 2559 932 2629 qui
975 2573 1104 2613 vere
1142 2564 1225 2610 est
1254 2569 1270 2613 ;
1301 2563 1394 2609 aut
1446 2567 1542 2609 eos
1567 2551 1656 2623 qui
1688 2552 1828 2606 inter

231 2661 462 2729 gentiles
489 2653 876 2710 imbecilliores
905 2659 1080 2717 erant,
1103 2647 1195 2718 qui
1213 2645 1448 2701 nondum
1465 2645 1610 2699 clare
1630 2643 1828 2697 scirent

233 2753 368 2807 idola
405 2765 519 2805 non
567 2761 688 2801 esse
732 2743 988 2807 timenda,
1024 2753 1079 2797 et
1121 2740 1325 2796 nullum
1367 2752 1490 2793 esse
1525 2735 1727 2790 idolum
1771 2733 1826 2788 in

235 2843 455 2899 mundo.
491 2841 636 2896 Cum
665 2838 764 2893 hoc
791 2846 968 2891 autem
994 2835 1243 2897 dixisset,
1273 2831 1526 2901 paulatim
1555 2828 1674 2882 illos
1698 2842 1827 2882 con-

231 2937 436 2992 solatus
472 2941 562 2988 est
607 2939 663 2986 et
708 2929 896 2985 erexit.
932 2926 1116 2996 Neque
1163 2924 1305 2980 enim
1347 2921 1526 2976 omnia
1578 2918 1826 2975 insectari

233 3029 544 3100 oportebat,
575 3039 697 3081 cum
750 3022 983 3076 maxime
1031 3019 1150 3074 illos
1193 3031 1406 3072 rursum
1457 3014 1828 3070 vehementius

239 3131 393 3175 esset
415 3117 781 3188 itnpetiturus.

327 3209 403 3262 De
444 3202 1090 3277 idolothytis.——Quidam
1142 3213 1310 3256 autent
1362 3217 1475 3254 cum
1522 3199 1828 3253 conscientia

253 3301 376 3354 idoli
399 3317 555 3371 usque
583 3315 722 3352 nunc
743 3297 888 3367 quasi
905 3294 1245 3365 idolotltgtum
1267 3292 1576 3346 manducent
1598 3305 1618 3344 :
1636 3299 1681 3344 et
1707 3306 1830 3343 con-

243 3396 448 3448 scientia
477 3409 659 3447 eorum
688 3407 802 3444 cum
831 3391 896 3444 sit
931 3389 1158 3458 inﬁrma,
1191 3387 1456 3455 polluitur.
1496 3383 1689 3439 Adhuc
1717 3392 1831 3438 trc-

241 3496 412 3553 munt,
436 3486 632 3555 inquit,
665 3491 720 3539 et
750 3489 994 3536 metuunt
1026 3479 1186 3533 idola.
1225 3477 1303 3532 Ne
1340 3476 1470 3530 mihi
1507 3476 1656 3546 enini
1688 3489 1830 3544 prte-

241 3592 446 3636 sentem
477 3593 660 3635 rerum
694 3584 889 3632 statum
918 3574 1137 3639 dixeris,
1167 3581 1222 3628 et
1264 3570 1404 3642 quod
1445 3571 1586 3639 piam
1613 3567 1832 3638 religio-

243 3691 364 3729 nem
414 3689 445 3727 a
503 3671 798 3741 majoribus
861 3667 1181 3737 acceperis;
1249 3664 1344 3719 sed
1402 3673 1637 3718 mentem
1687 3671 1832 3716 tuam

243 3766 478 3821 transfer
506 3764 560 3818 in
586 3763 672 3817 illa
702 3771 965 3830 tempora,
994 3769 1048 3814 et
1073 3758 1270 3827 cogita,
1299 3771 1420 3810 cum
1448 3755 1610 3809 modo
1636 3754 1836 3809 constio

246 3873 354 3917 tuta
381 3870 528 3917 esset
555 3857 881 3929 prmdicatio,
909 3863 965 3910 et
994 3853 1238 3924 impietas
1264 3851 1439 3905 adhuc
1475 3857 1724 3919 regnaret
1747 3863 1836 3902 ar-

247 3957 549 4024 derentque
587 3966 694 4006 ara:
721 3959 772 4005 et
812 3947 1093 4012 sacrificia,
1131 3944 1384 3999 libamina
1426 3946 1836 4015 peragerentur,

250 4061 300 4103 et
324 4049 509 4119 plures
541 4053 718 4100 essent
739 4041 987 4114 gentiles,
1015 4039 1103 4110 qui
1131 4054 1159 4093 a
1183 4035 1478 4106 majoribus
1506 4033 1835 4103 impietatem

253 4147 594 4210 acceperant,
637 4151 666 4190 a
705 4135 965 4204 patribus,
1011 4133 1125 4186 avis
1166 4140 1222 4186 et
1258 4129 1433 4184 atavis
1475 4127 1670 4182 talibus
1709 4126 1835 4190 orti,

255 4245 412 4302 atque
433 4245 462 4283 a
492 4226 826 4283 dtemonibus
866 4224 1006 4278 mala
1051 4223 1216 4277 multa
1255 4220 1398 4290 passi
1431 4227 1615 4274 essent
1645 4235 1659 4270 :
1694 4216 1834 4279 illos,

255 4325 494 4393 inquam,
533 4327 754 4388 repente
798 4323 1048 4381 mutatos,
1096 4310 1366 4383 quomodo
1403 4307 1696 4364 verisitniie
1725 4315 1840 4361 erat

257 4416 394 4472 affici
427 4433 440 4467 :
469 4410 740 4482 quomodo
769 4407 1018 4463 timendae
1043 4403 1444 4472 tremendacque
1467 4409 1620 4456 erant
1640 4399 1841 4452 dmmo-

253 4526 381 4564 num
426 4505 638 4561 insidia:
666 4521 678 4556 :
709 4511 927 4572 propter
978 4514 1111 4569 quos
1149 4497 1310 4553 etiam
1353 4494 1405 4548 id
1452 4491 1840 4548 subindicando

262 4602 488 4662 dicebat,
539 4598 756 4663 Quidam
799 4603 969 4646 autem
1017 4607 1134 4643 cum
1183 4586 1493 4640 conscientia
1544 4582 1836 4652 idolotltyti.

262 4695 442 4765 Neque
471 4692 615 4747 enim
648 4697 831 4758 aperte
866 4684 1102 4739 declarat
1139 4680 1282 4744 illos,
1325 4693 1393 4732 ne
1433 4675 1711 4746 percellat,
1744 4689 1841 4728 ne-

264 4803 365 4855 que
391 4784 612 4839 omnino
646 4776 1025 4849 prmtercurrit,
1058 4771 1153 4828 sed
1198 4767 1476 4824 indefinite
1501 4781 1687 4821 eorum
1731 4779 1846 4819 me-

269 4877 437 4938 minit,
463 4874 653 4928 dicens
685 4887 697 4922 :
731 4867 953 4934 Quidam
980 4875 1149 4918 autem
1177 4877 1294 4916 cum
1335 4858 1640 4913 conscientia
1677 4857 1844 4911 idolo-

283 4968 399 5036 thyti
418 4981 572 5032 usque
597 4978 729 5016 nunc
752 4959 901 5030 quasi
923 4956 1262 5024 idolothytum
1289 4951 1637 5014 manducant;
1666 4949 1717 5003 id
1741 4957 1842 5013 est,

285 5073 401 5111 rum
429 5056 614 5111 eadem
659 5060 839 5107 mente
877 5063 978 5120 qua
1015 5048 1194 5119 prius;
1238 5054 1284 5099 et
1329 5044 1635 5098 conscientia
1671 5057 1847 5096 eorum

286 5165 396 5201 cum
426 5148 483 5200 sit
524 5147 745 5216 inﬁrma,
790 5142 1036 5214 polluitur
1069 5156 1087 5194 :
1116 5153 1237 5193 cum
1269 5134 1504 5192 nondum
1541 5133 1710 5204 possit
1750 5133 1846 5188 dco

281 5242 506 5312 Spicere,
550 5253 724 5309 neque
753 5237 972 5291 omnino
1021 5233 1112 5288 illa
1157 5230 1404 5296 irridere,
1437 5227 1532 5283 sed
1577 5227 1754 5282 adhuc
1795 5227 1849 5280 in

275 5332 443 5390 dubio
469 5340 724 5387 versetur.
752 5330 830 5384 Ac
862 5327 910 5383 si
934 5326 1072 5397 quis,
1097 5325 1142 5380 si
1173 5331 1354 5393 tangat
1383 5330 1675 5387 mortuum,
1702 5329 1852 5390 putet

275 5431 505 5498 seipsum
538 5425 800 5496 polluere,
845 5418 1139 5476 secundum
1183 5414 1458 5471 Judaicam
1507 5410 1855 5467 consuetudi-

278 5536 430 5584 nem;
474 5515 778 5585 deindeque
819 5512 952 5565 alios
993 5507 1179 5563 videns
1233 5513 1513 5576 tangentes
1551 5517 1673 5558 cum
1721 5517 1855 5572 pura

282 5611 620 5676 conscientia,
659 5622 767 5664 non
809 5620 932 5660 cum
958 5602 1144 5659 eadem
1175 5608 1353 5656 mente
1381 5607 1624 5668 tangens,
1652 5597 1859 5668 pollue-

283 5719 416 5760 retur
446 5722 463 5773 ;
495 5704 576 5760 sic
601 5711 660 5757 et
685 5699 765 5754 illi
791 5707 917 5753 tunc
936 5703 1090 5750 erant
1113 5692 1310 5748 affecti.
1341 5689 1564 5758 Quidam
1589 5689 1744 5754 enim,
1773 5687 1858 5743 in-

283 5801 399 5872 quit,
424 5815 544 5856 cum
564 5793 876 5851 conscientia
898 5791 1022 5843 idoli
1049 5804 1204 5858 usque
1223 5800 1377 5842 nunc.
1405 5783 1520 5840 Non
1551 5781 1677 5839 sine'
1695 5797 1856 5839 causa

575 5884 852 5946 PATROL.
899 5879 1014 5939 Gn.
1064 5877 1224 5939 LXI.

1299 314 1362 370 IN
1403 313 1618 369 EPIST.
1659 312 1679 367 1
1741 312 1837 366 AD
1875 309 2031 368 COR.
2075 309 2306 366 HOMIL.
2349 311 2470 367 XX.

3413 317 3515 372 166

1929 424 2084 490 illttd,
2120 423 2293 496 Usque
2316 442 2472 494 nunc,
2499 427 2696 496 posuit.
2726 428 2818 482 sed
2848 437 2906 482 tit
2931 428 3200 498 ostendat,
3232 429 3353 486 illos
3385 433 3514 487 nihil

1925 517 2220 587 profecisse
2247 532 2355 571 non
2377 531 2498 572 sese
2523 520 3014 576 accommodantes.
3047 521 3230 592 Neque
3259 524 3402 577 enim
3439 525 3516 578 sic

1927 607 2051 662 illos
2097 607 2353 664 inducere
2395 611 2701 678 oportebat,
2755 614 2849 666 sed
2894 612 3004 667 alio
3046 614 3226 681 modo,
3271 614 3436 670 verbo
3465 627 3519 670 et

1926 697 2173 754 doctrina
2225 716 2530 769 persuasos.
2576 700 2645 754 Et
2695 704 3002 757 conscientia
3050 705 3256 759 illorum
3295 723 3408 760 cum
3452 708 3520 762 sit

1927 791 2156 858 inﬁrma,
2178 792 2444 861 polluitur.
2479 794 2747 865 Nusquam
2776 795 2950 850 adhuc
2981 799 3123 852 circa
3159 800 3236 853 rei
3275 809 3516 855 naturam

1927 883 2090 937 verba
2118 883 2266 952 facit,
2293 885 2390 940 sed
2420 900 2636 956 semper
2664 895 2719 941 et
2746 888 2943 957 ubique
2963 889 3104 943 circa
3128 890 3515 946 conscientiam

1926 975 2240 1044 accipientis
2268 987 2534 1032 versatur.
2560 976 2737 1032 Timet
2758 979 2902 1032 enim
2935 995 3028 1045 ne,
3058 981 3184 1035 dum
3220 982 3334 1035 vult
3374 983 3520 1036 infir-

1927 1081 2076 1121 mum
2117 1068 2409 1139 corrigere,
2454 1069 2646 1125 fortem
2675 1072 3038 1142 perstringat,
3089 1073 3348 1144 illumque
3373 1075 3519 1128 infir~

1927 1177 2072 1216 mum
2120 1163 2332 1217 reddat.
2379 1164 2717 1234 Quapropter
2767 1180 2873 1220 non
2924 1166 3101 1220 minus
3154 1166 3278 1222 huic
3325 1170 3516 1237 parcit.

1928 1263 2086 1325 quam
2133 1255 2231 1311 illi.
2281 1255 2468 1327 Neque
2506 1257 2634 1312 sinit
2681 1258 2809 1328 quid
2848 1259 3023 1314 simile
3069 1261 3389 1326 existimari,
3422 1264 3514 1316 sed

1927 1361 2178 1404 sermone
2205 1349 2376 1404 utitur
2401 1350 2630 1420 prolixo,
2671 1361 2728 1406 ut
2755 1367 2825 1406 ne
2857 1353 2964 1407 tale
2991 1354 3117 1422 quid
3161 1355 3211 1408 in
3251 1356 3517 1425 suspicio—

1929 1452 2052 1493 nem
2081 1440 2281 1495 veniat.
2308 1441 2364 1495 8.
2403 1441 2533 1494 Esca
2564 1452 2730 1496 autent
2772 1459 2864 1497 nos
2905 1460 3004 1497 non
3034 1447 3350 1500 commendat
3387 1447 3515 1501 Deo.

1930 1529 2112 1601 Neque
2127 1532 2265 1585 enim
2290 1535 2334 1586 si
2355 1532 2846 1601 manducauerimus,
2875 1535 3231 1600 abundamus;
3275 1555 3433 1608 neque
3473 1544 3518 1592 si

1929 1639 2031 1677 non
2056 1626 2548 1694 manducaverimus,
2572 1626 2856 1696 deﬁcimus.
2887 1627 3075 1682 κτίσων
3101 1630 3370 1698 quomodo
3402 1647 3494 1684 rur
3510 1661 3522 1670 -

1928 1730 2021 1770 sus
2047 1732 2234 1772 eorum
2265 1717 2460 1772 fastum
2490 1718 2795 1789 deprimat?
2823 1719 2954 1774 Nam
2987 1735 3109 1774 cum
3138 1721 3382 1788 dixisset,
3411 1739 3516 1778 non

1927 1808 2090 1863 modo
2132 1808 2274 1875 illos,
2314 1809 2410 1866 sed
2441 1810 2601 1865 etiam
2640 1826 2831 1866 omnes
2871 1813 3150 1867 scientiam
3201 1813 3433 1881 habere;
3466 1827 3522 1870 et

1929 1901 2199 1956 neminem
2225 1901 2365 1958 scire
2385 1902 2842 1973 quemadmodum
2873 1905 3011 1959 scire
3038 1915 3279 1976 oportet;
3305 1915 3356 1961 et
3378 1907 3519 1977 quod

1929 1994 2149 2048 scientia
2188 1993 2368 2060 inflet;
2403 1995 2598 2050 deinde
2630 2011 2751 2050 cum
2781 1997 2901 2050 illos
2929 2007 3076 2051 esset
3105 1998 3430 2064 consolatus,
3460 2014 3523 2055 ac

1929 2084 2171 2150 dixisset,
2203 2101 2310 2140 non
2339 2087 2392 2140 in
2422 2087 2675 2143 omnibus
2704 2103 2826 2144 esse
2852 2089 3154 2156 scientiam,
3197 2098 3252 2145 et
3281 2090 3380 2146 hos
3403 2092 3521 2161 pol-

1930 2177 2002 2232 ltu
2032 2187 2252 2248 propter
2279 2178 2736 2246 imbecillitatem;
2768 2196 2836 2234 ne
2864 2181 3107 2236 dicerent
3136 2182 3209 2236 illi
3244 2200 3258 2239 :
3292 2183 3362 2237 Et
3395 2184 3520 2253 quid

1928 2268 1992 2324 ad
2023 2283 2146 2333 nos,
2205 2270 2250 2324 si
2287 2285 2393 2325 non
2436 2279 2520 2326 est
2563 2272 2614 2326 in
2652 2272 2904 2327 omnibus
2945 2273 3210 2328 scientia?
3237 2289 3333 2329 cur
3379 2275 3520 2331 enim

1931 2359 2018 2414 ille
2048 2361 2169 2415 talis
2199 2375 2303 2415 non
2340 2359 2504 2416 habet
2547 2363 2868 2428 scientiam?
2894 2379 2990 2419 cur
3017 2373 3100 2419 est
3145 2364 3431 2421 infirmus?
3459 2384 3525 2422 ne

1931 2448 2048 2504 haec
2075 2451 2389 2534 objicerent,
2420 2469 2527 2507 non
2557 2453 2736 2509 statim
2765 2455 2829 2508 ad
2858 2455 3056 2509 claram
3093 2455 3524 2513 demonstratio—

1931 2558 2056 2598 nem
2077 2537 2253 2610 venit,
2283 2545 2425 2615 quod
2455 2561 2523 2600 ne
2548 2546 2774 2600 lmdatur
2800 2547 2913 2614 ille,
2942 2547 3217 2604 abstinere
3239 2560 3521 2621 oporteat;

1930 2637 2024 2693 sed
2046 2637 2278 2706 primum
2306 2637 2535 2708 quadam
2561 2639 2879 2695 velitatione
2906 2639 3164 2695 adversus
3199 2642 3344 2697 illum
3376 2657 3521 2704 usus.

1931 2729 2167 2785 ostendit
2205 2729 2277 2794 id,
2302 2729 2444 2800 quod
2472 2740 2556 2785 est
2581 2730 2672 2785 illo
2708 2731 2902 2798 majus.
2952 2731 3232 2798 Quodnam
3269 2743 3353 2789 est
3380 2734 3525 2790 hoc?

1931 2821 2083 2889 Quod
2114 2821 2322 2877 etiamsi
2361 2836 2519 2876 nemo
2564 2821 2873 2888 latderetur,
2903 2838 3080 2893 neque
3126 2825 3356 2894 proximi
3404 2842 3525 2896 per-

1931 2913 2110 2968 versio
2138 2913 2426 2968 metuenda
2457 2922 2620 2978 esset,
2650 2929 2719 2969 ne
2751 2915 2829 2970 sic
2858 2915 3076 2985 quidem
3117 2917 3220 2972 hoc
3259 2921 3524 2988 agendum

1931 3014 2076 3062 esset
2105 3024 2120 3060 :
2149 3021 2318 3061 vanus
2361 3006 2559 3076 quippe
2591 3006 2745 3061 labor
2775 3006 2866 3062 ille
2895 3016 3058 3062 esset.
3093 3008 3226 3064 Nam
3257 3010 3347 3081 qui
3375 3012 3528 3067 audi-

1931 3101 2008 3153 vit
2026 3099 2188 3153 alium
2211 3097 2464 3164 laedi,sed
2492 3097 2591 3152 sibi
2613 3097 2820 3152 lucrum
2845 3112 2984 3163 esse,
3018 3113 3122 3154 non
3149 3101 3372 3156 multum
3398 3103 3526 3159 abs-

1933 3192 2098 3258 tinet;
2123 3189 2220 3246 sed
2245 3199 2371 3244 tunc
2395 3189 2563 3259 magis
2589 3203 2709 3243 cum
2742 3188 3008 3257 didicerit,
3037 3190 3171 3245 nihil
3198 3206 3258 3247 se
3285 3192 3351 3248 ab
3377 3207 3440 3250 ea
3468 3211 3526 3250 re

1928 3284 2124 3355 juvari.
2163 3281 2286 3338 ideo
2331 3282 2432 3335 hoc
2471 3281 2699 3350 primum
2737 3281 2886 3350 ponit
2922 3280 3148 3339 dicens:
3190 3282 3325 3337 Esca
3360 3295 3526 3340 autem

1933 3395 2026 3432 nos
2055 3393 2159 3430 non
2183 3375 2505 3430 commendat
2543 3373 2672 3429 Deo.
2707 3373 2895 3429 Vidcn’
2925 3385 3182 3444 quantum
3214 3375 3268 3430 id
3305 3377 3528 3448 vihpen-

1934 3469 2046 3534 dat,
2078 3468 2218 3538 quod
2246 3465 2528 3521 videbatur
2555 3480 2585 3518 a
2617 3465 2851 3535 perfecta
2877 3467 3097 3521 scientia
3129 3466 3313 3522 effici?
3349 3467 3531 3542 Neque

1935 3563 2069 3617 enim
2107 3562 2153 3614 si
2192 3558 2685 3624 manducaverimus,
2735 3558 3088 3623 abundamus;
3139 3558 3192 3613 id
3238 3568 3341 3628 est,
3388 3562 3524 3630 apud

1936 3655 2105 3709 Deum
2141 3651 2346 3722 probati
2396 3665 2604 3716 sumus,
2642 3659 2701 3703 ut
2730 3649 2855 3719 quid
2900 3649 3098 3704 bonum
3143 3651 3226 3706 vel
3275 3667 3526 3723 magnum

1936 3743 2176 3815 operati;
2208 3760 2369 3811 neque
2391 3743 2436 3796 si
2462 3758 2562 3795 non
2595 3741 3099 3816 aitapducaverimus,
3150 3743 3446 3813 deﬁcimus;
3476 3745 3530 3801 id

1937 3848 2038 3905 est,
2071 3839 2248 3892 minus
2271 3836 2398 3906 quid
2431 3835 2710 3890 habemus.
2751 3835 2968 3890 Interim
3002 3837 3161 3906 igitur
3184 3839 3311 3892 illud
3344 3851 3529 3894 osten-

1937 3932 2014 3988 dit
2042 3929 2372 4000 superfluum
2400 3937 2455 3982 et
2484 3927 2614 3980 nihil
2665 3942 2785 3982 esse
2818 3945 2831 3981 :
2865 3943 2988 3981 nam
3022 3928 3072 3982 id
3094 3968 3110 3995 ,
3163 3930 3303 3999 quod
3357 3947 3531 4002 neque

1940 4027 1984 4080 si
2032 4024 2126 4079 fiat
2165 4021 2406 4092 prodest,
2439 4034 2613 4089 neque
2640 4019 2682 4072 si
2713 4034 2818 4074 non
2850 4019 2943 4073 fiat
2971 4027 3150 4087 nocet,
3198 4021 3525 4090 superﬂuum

1940 4127 2089 4172 certe
2127 4113 2305 4168 fuerit.

2013 4209 2068 4264 5.
2089 4208 2408 4277 Progressus
2423 4211 2599 4258 autem
2621 4210 2787 4257 totum
2807 4203 2882 4258 rei
2902 4202 3153 4258 damnum
3173 4207 3360 4274 aperit.
3382 4207 3534 4265 Nunc

1942 4308 2121 4354 autem
2139 4297 2288 4359 dicit,
2308 4296 2360 4350 id
2387 4295 2528 4366 quod
2558 4293 2816 4349 fratribus
2829 4294 3024 4348 accidit
3049 4312 3063 4348 :
3097 4295 3148 4350 9.
3191 4295 3362 4354 Videte
3377 4302 3530 4373 enim,

1943 4390 2134 4461 inquit,
2154 4406 2216 4442 ne
2230 4389 2360 4457 forte
2377 4387 2697 4440 Itwclicentia
2716 4394 2880 4438 vestra
2899 4384 3263 4453 o/fendiculum
3279 4390 3372 4458 fiat
3393 4392 3532 4462 inﬁr-

1943 4485 2038 4538 mis
2056 4480 2316 4553 fratribus.
2344 4478 2462 4534 Non
2476 4478 2629 4542 dixit,
2661 4476 2811 4544 Quod
2840 4475 3050 4531 licentia
3076 4487 3251 4532 vestra
3283 4480 3537 4538 sitoern-

1945 4575 2202 4638 diculum,
2250 4585 2424 4641 neque
2446 4567 2496 4622 id
2527 4567 2911 4638 pronuntiavit,
2935 4575 2993 4620 ut
3021 4582 3087 4621 ne
3114 4567 3535 4638 intpttdentiores

1947 4668 2068 4722 illos
2085 4664 2374 4728 redderet;
2408 4660 2501 4716 sed
2521 4659 2833 4732 quomodo?
2874 4657 3068 4725 Videte,
3099 4667 3305 4716 terrens
3329 4663 3446 4719 illos
3475 4681 3538 4721 ac

1946 4759 2151 4830 pudore
2177 4757 2418 4811 afﬁciens
2461 4766 2515 4809 et
2543 4751 2610 4807 ad
2634 4749 2863 4806 faciendi
2893 4751 3228 4820 negationem
3258 4752 3534 4815 inducens.

1948 4851 2134 4921 Neque
2162 4847 2318 4914 dixit,
2350 4847 2477 4901 llme
2517 4853 2692 4898 vestra
2737 4842 2980 4908 scientia,
3023 4841 3163 4911 quod
3195 4845 3362 4915 magis
3391 4846 3535 4902 laudi

1950 4951 2133 5008 esset;
2177 4955 2372 5010 neque,
2414 4938 2542 4992 ΙΙωο
2571 4945 2751 4990 vestra
2787 4932 3079 5005 perfectio;
3129 4935 3222 4990 sed
3263 4935 3492 4994 Licentia
3520 4957 3541 4996 :

1951 5036 2094 5108 quod
2123 5034 2291 5105 magis
2313 5029 2654 5094 temeritatis,
2679 5027 2983 5097 petulantiae
3004 5036 3058 5080 et
3082 5030 3401 5098 arrogantiae
3423 5047 3544 5088 esse

1955 5130 2254 5185 videbatur.
2285 5124 2395 5180 Nec
2435 5123 2589 5187 dixit,
2628 5121 2943 5186 Fratribus;
2989 5118 3082 5174 sed
3113 5118 3346 5190 lnﬁrmis
3374 5124 3547 5194 fratri-

1952 5222 2064 5289 bus,
2096 5220 2300 5276 crimen
2341 5231 2563 5288 augens,
2595 5211 2736 5283 quod
2778 5228 2848 5268 ne
2890 5211 3114 5267 infirmis
3165 5213 3379 5282 quidem
3420 5233 3544 5288 par-

1955 5324 2099 5382 cant,
2131 5315 2238 5368 imo
2282 5310 2556 5366 fratribus.
2604 5307 2736 5362 Esto
2783 5307 2948 5372 enim,
2980 5321 3086 5360 non
3113 5307 3339 5379 corrigis
3370 5325 3544 5383 neque

1958 5409 2200 5470 excitas;
2239 5419 2336 5459 cur
2381 5401 2693 5471 supplantas
2740 5409 2794 5454 et
2840 5397 3050 5467 dejicis,
3102 5412 3225 5454 cum
3272 5410 3545 5470 oporteret

1957 5513 2177 5557 manum
2218 5492 2542 5568 porrigere?
2567 5492 2672 5547 Sed
2722 5490 2826 5546 hoc
2859 5505 2965 5544 non
2998 5489 3080 5544 vis
3108 5508 3123 5545 :
3153 5505 3283 5562 ergo
3313 5506 3383 5546 ne
3411 5492 3548 5562 deji-

1959 5594 2090 5648 cias.
2120 5589 2253 5644 Nam
2279 5588 2325 5642 si
2353 5587 2524 5641 malus
2549 5593 2711 5652 esset,
2754 5583 3087 5638 correctione
3123 5597 3258 5653 Opus
3290 5581 3545 5648 haberet;

1961 5686 2005 5740 si
2036 5692 2214 5738 autem
2244 5679 2505 5744 infirmus,
2537 5677 2820 5732 medicina.
2860 5674 3012 5731 Nunc
3036 5684 3216 5728 autem
3249 5687 3353 5728 non
3391 5673 3553 5728 modo

1967 5778 2212 5837 infirmus
2249 5784 2351 5843 est,
2393 5773 2486 5830 sed
2519 5773 2678 5829 etiam
2709 5771 2893 5828 frater.
2925 5771 3011 5824 10.
3043 5768 3170 5823 Cum
3209 5770 3321 5837 quis
3348 5771 3479 5822 enirn
3507 5781 3556 5822 te

3115 5869 3177 5926 11
