3992 6416
527 337 546 387 1
563 334 629 386 li?

534 445 710 502 viderit
732 441 994 497 scientiam
1020 438 1281 490 habentem
1302 433 1353 485 in
1375 430 1531 483 idolio
1552 423 1935 480 recumbentem.
1954 433 2120 472 nonne

530 539 841 595 conscientia
873 538 1002 605 ejus,
1031 548 1143 585 cum
1165 531 1227 582 sit
1248 527 1500 595 inﬁrmus,
1530 519 1868 588 cedi/imbitur
1895 515 1963 568 ad
1989 529 2124 566 man-

531 631 824 688 ducandum
853 626 1136 695 idolothyta
1155 622 1180 674 ?
1202 620 1332 675 Cum
1359 617 1600 676 dixisset,
1643 611 1816 665 Videte
1839 626 1901 662 ne
1921 605 2123 662 licentia

529 735 696 780 i-estra
723 724 787 778 sit
809 715 1188 786 oﬂ'cndicntum,
1223 710 1350 764 dicit
1369 705 1638 776 quomodo
1665 705 1765 756 hoc
1794 701 1903 764 ﬁat,
1933 707 1988 752 ct
2011 696 2127 750 ubi-

529 834 635 887 que
665 812 1028 871 infirmitatem
1068 805 1235 875 ponit,
1270 817 1339 856 ne
1376 799 1622 852 videatur
1646 794 1898 848 damnum
1929 805 1995 843 ex
2025 802 2122 841 na—

530 920 649 964 tura
695 905 772 962 rei
817 917 956 966 esse,
985 909 1038 954 et
1077 895 1344 952 terribiles
1373 905 1493 947 esse
1523 887 1804 942 vidcantur
1829 883 2122 936 daemones.

531 1003 682 1056 Nunc
708 998 850 1055 enim
888 1008 1054 1064 prope
1094 1001 1198 1054 est,
1233 987 1426 1057 inquit,
1468 993 1528 1038 ut
1553 984 1771 1037 omnino
1805 977 2021 1032 deficiat
2057 973 2126 1027 ab

535 1093 690 1147 idolis
724 1107 737 1142 :
767 1097 822 1142 te
849 1094 1028 1140 autem
1057 1081 1246 1136 videns
1276 1093 1396 1132 cum
1427 1075 1530 1130 illis
1555 1074 1784 1126 libenter
1799 1074 2121 1128 versantem,

533 1198 645 1237 rem
696 1178 891 1248 accipit
919 1189 1017 1245 pro
1057 1169 1442 1231 admonitione,
1484 1173 1536 1219 et
1574 1163 1626 1216 in
1668 1161 1752 1214 illa
1783 1175 1844 1214 re
1880 1165 2126 1212 versatur

531 1279 692 1332 etiam
722 1276 857 1343 ipse.
892 1271 1076 1338 Itaque
1106 1282 1213 1320 non
1245 1262 1418 1318 solum
1449 1274 1511 1312 ex
1554 1257 1695 1310 illius
1736 1250 2122 1309 imbecillitate,

531 1369 627 1423 sed
658 1383 722 1423 ex
758 1360 1141 1428 intempestivo
1180 1364 1271 1410 tuo
1299 1366 1462 1422 opere
1505 1347 1710 1402 insidia:
1751 1344 2038 1399 oriuntur:
2071 1348 2124 1392 tu

533 1463 676 1520 enim
707 1459 853 1513 illum
884 1451 1234 1509 infirmiorem
1260 1445 1459 1499 reddis.
1488 1443 1571 1494 ii.
1601 1436 1666 1491 Et
1690 1435 1869 1507 peribit
1894 1433 2128 1500 infirmus

535 1560 702 1626 frater
727 1551 780 1604 in
811 1563 924 1602 esca
953 1553 1057 1606 tua,
1088 1547 1294 1612 propter
1323 1550 1468 1604 quem
1501 1531 1731 1586 Christus
1765 1534 1994 1580 mortuus
2032 1530 2123 1576 est.

536 1613 655 1700 ί)υο
686 1652 916 1709 namque
945 1644 1088 1696 sunt,
1113 1646 1231 1702 qua:
1263 1637 1314 1682 te
1338 1624 1493 1679 venia
1525 1622 1741 1694 privant
1765 1617 1836 1673 ob
1873 1616 1975 1669 hoc
2002 1613 2124 1667 illa-

538 1747 648 1790 tum
674 1705 950 1787 damn—um.
985 1733 1040 1780 et
1075 1720 1216 1791 quod
1256 1719 1520 1779 infirmus,
1553 1721 1607 1766 et
1641 1709 1783 1782 quod
1818 1707 1983 1762 frater
2018 1705 2124 1767 sit;

540 1831 648 1883 imo
679 1825 892 1878 tertium
924 1831 1136 1888 quoque
1175 1812 1406 1874 additur,
1452 1803 1596 1876 quod
1644 1801 1882 1857 omnium
1921 1795 2130 1852 terribi-

542 1921 804 1976 Iissimum
827 1921 926 1969 est.
968 1906 1248 1977 Quodnam
1281 1900 1409 1955 illud
1438 1897 1559 1953 est?
1584 1893 1736 1962 Quod
1759 1889 2006 1946 Christus
2033 1903 2129 1957 pro

539 2015 630 2067 illo
662 2009 796 2065 mori
827 2021 930 2058 non
960 1997 1322 2056 recusaverit;
1356 2003 1411 2046 tu
1442 2003 1572 2045 vero
1599 2002 1665 2042 ne
1685 1983 1898 2056 quidem
1926 1981 1992 2034 ad
2014 1978 2130 2048 ejus

539 2100 958 2159 imbecillitatem
989 2103 1041 2148 te
1069 2100 1411 2157 attemperas.
1445 2083 1544 2137 Per
1583 2081 1698 2133 iure
1735 2087 1911 2132 autem
1948 2071 2127 2144 perfe-

539 2205 685 2252 ctum
728 2191 998 2251 admonet,
1031 2181 1199 2254 qualis
1233 2181 1345 2247 ipse
1377 2175 1522 2244 prius
1561 2179 1720 2231 esset,
1754 2176 1810 2224 et
1850 2165 1992 2237 quod
2035 2177 2132 2233 pro

540 2291 632 2346 illo
653 2287 810 2343 etiam
842 2289 1083 2337 mortuus
1110 2275 1198 2329 sit.
1247 2272 1312 2326 Et
1345 2285 1447 2324 non
1491 2266 1625 2321 dixit
1656 2282 1668 2318 :
1705 2263 1807 2316 Pro
1833 2274 1940 2330 quo
1969 2257 2128 2311 etiam

543 2381 678 2437 mori
707 2389 758 2434 te
785 2371 1094 2445 Oportebat;
1123 2365 1217 2421 sed
1247 2361 1386 2433 quod
1423 2359 1591 2414 multo
1627 2355 1798 2424 majus
1824 2357 1960 2415 erat,
1989 2347 2130 2417 quod

539 2479 699 2534 etiam
727 2444 973 2530 Christus
1001 2473 1222 2538 pr0pter
1241 2462 1414 2531 ipsum
1441 2465 1522 2512 est
1544 2461 1804 2508 mortuus.
1833 2448 1921 2504 Sic
1951 2444 2131 2528 Domi-

540 2587 642 2627 nus
670 2566 884 2640 quidem
911 2574 1031 2616 tuus
1054 2573 1151 2629 pro
1181 2555 1275 2609 illo
1297 2552 1431 2607 mori
1457 2564 1560 2602 non
1583 2543 1886 2604 recusavit;
1919 2549 1973 2593 tu
2003 2525 2132 2591 vero

539 2666 655 2736 ejus
682 2659 883 2716 nullam
910 2654 1170 2710 rationem
1204 2647 1390 2708 habes,
1423 2653 1478 2696 ut
1511 2654 1610 2694 nec
1647 2644 1864 2706 propter
1903 2632 2074 2701 ipsum
2101 2644 2130 2683 a

540 2757 770 2813 scelesta
792 2764 974 2806 mensa
996 2743 1301 2804 abstineas;
1330 2737 1423 2791 sed
1455 2733 1585 2788 sinis
1614 2733 1786 2799 ipsum
1810 2725 1987 2796 perire
2015 2729 2135 2792 post

543 2850 773 2906 salutem
802 2845 872 2895 ita
905 2847 1144 2910 partam;
1187 2830 1435 2901 quodque
1471 2822 1846 2896 gravissimum
1889 2823 1990 2879 est,
2038 2828 2134 2883 per

542 2903 975 3010 escam?Neqne
1012 2927 1152 2981 enim
1200 2921 1352 2984 dixit,
1397 2917 1621 2983 Propter
1661 2922 1800 2964 tuam
1844 2903 2133 2976 perfectio-

545 3003 814 3091 ncm,‘rcl
848 3028 1066 3090 propter
1101 3025 1244 3069 tuam
1275 3008 1577 3072 scientiam,
1604 3003 1697 3057 sed
1738 3000 1958 3069 Propter
1992 3005 2133 3048 tuam

541 3141 730 3182 escam.
753 3119 893 3175 Sunt
914 3117 1090 3182 itaque
1117 3117 1345 3181 quatuor
1365 3101 1612 3165 crimina,
1643 3097 1839 3165 illaque
1863 3091 2091 3146 maxima
2117 3104 2131 3140 :

543 3214 686 3288 quod
716 3221 770 3268 et
797 3211 958 3264 frater
987 3205 1076 3269 sit,
1102 3210 1157 3256 et
1183 3198 1447 3254 infirmus,
1481 3202 1536 3245 et
1563 3189 1719 3256 cujus
1747 3184 1993 3240 Christus
2021 3191 2137 3234 tan-

546 3319 655 3365 tam
683 3301 867 3359 habuit
895 3297 1178 3356 rationem,
1213 3298 1269 3344 ut
1298 3302 1392 3358 pro
1425 3284 1516 3338 illo
1556 3288 1884 3340 moreretur;
1911 3285 1962 3329 et
1993 3269 2137 3343 quod

547 3409 668 3473 post
711 3396 827 3451 hinc
871 3389 1050 3446 omnia
1103 3389 1326 3452 propter
1355 3392 1532 3433 escam
1565 3380 1768 3444 pereat.
1800 3368 1885 3424 i2.
1920 3367 2010 3422 Sic
2045 3381 2138 3417 uu-

547 3503 645 3546 tem
674 3493 937 3560 peccantes
975 3481 1029 3534 in
1074 3479 1274 3548 fratres,
1321 3480 1366 3525 et
1410 3467 1740 3539 percntientes
1778 3459 2139 3515 conscientiam

547 3600 722 3640 eorum
752 3579 1032 3649 infirmam,
1065 3573 1119 3626 in
1162 3567 1420 3623 Christum
1464 3559 1703 3630 peccatis.
1749 3555 1936 3609 Viden’
1977 3567 2138 3622 quam

549 3680 747 3736 sensim
770 3684 824 3731 et
854 3669 1106 3744 paulatim
1136 3673 1413 3735 peccatum
1446 3657 1575 3712 illud
1602 3655 1666 3709 ad
1695 3654 1906 3708 culmen
1944 3649 2140 3718 iniqui-

551 3773 674 3827 tatis
701 3763 1027 3826 dcduxerit?
1057 3760 1371 3826 Rursusque
1408 3746 1736 3806 infirmitatis
1776 3744 1986 3797 illorum
2026 3754 2140 3794 me-

551 3864 726 3922 minit.
758 3859 891 3915 Nam
933 3852 1076 3926 quod
1105 3849 1204 3920 ipsi
1235 3863 1334 3918 pro
1360 3859 1420 3899 se
1446 3855 1566 3897 esse
1607 3833 2003 3897 existimabant,
2037 3829 2141 3884 hoc

553 3957 751 4026 ubique
779 3953 831 4006 in
864 3925 1076 4004 illorum
1098 3949 1258 4012 caput
1281 3933 1566 3994 convertit.
1590 3931 1772 4000 Neque
1798 3927 1953 3991 dixit,
1975 3925 2142 3980 Scan-

554 4017 873 4108 daliaantes,
904 4041 999 4096 sed
1029 4035 1396 4096 Percutientes,
1428 4038 1488 4084 ut
1515 4042 1612 4098 per
1638 4021 1886 4079 dictionis
1915 4017 2141 4088 empha-

554 4144 636 4198 sin
668 4136 1037 4196 crudelitatcm
1066 4126 1396 4185 ostenderet.
1420 4119 1558 4188 Quid
1585 4117 1727 4173 enim
1753 4113 1947 4169 szcvius
1981 4108 2144 4164 fuerit

555 4233 795 4296 homine,
827 4227 916 4298 qui
945 4237 1147 4295 aegrum
1186 4213 1488 4289 percutiat?
1534 4209 1747 4293 Etenim
1791 4203 1980 4276 quovis
2019 4201 2143 4255 vul-

557 4341 691 4383 nere
723 4321 942 4394 gravius
967 4324 1052 4374 est
1088 4311 1473 4372 scandalizare,
1504 4288 2014 4361 seu'dﬂ‘endiculum
2045 4308 2143 4366 po-

557 4436 687 4478 nere
714 4436 729 4474 :
757 4431 904 4485 sarpe
944 4422 1173 4480 namque
1204 4406 1305 4458 hoc
1351 4408 1578 4455 mortem
1621 4394 1848 4450 induxit.
1905 4391 1970 4445 Et
2012 4403 2147 4460 quo-

556 4511 720 4570 modo
744 4511 800 4565 in
829 4480 1104 4562 Christum
1135 4492 1401 4568 peccant?
1424 4489 1544 4546 Uno
1571 4487 1784 4558 quidem
1811 4482 1994 4549 modo,
2022 4480 2146 4550 quia

557 4621 678 4677 qua:
718 4607 843 4655 sunt
885 4593 1206 4650 famulorum
1247 4594 1308 4640 ut
1353 4582 1567 4653 propria
1597 4579 1698 4633 sibi
1737 4574 2016 4638 attribuit;
2063 4587 2150 4626 se-

559 4661 756 4759 dundo,
797 4687 940 4761 quod
982 4683 1072 4755 qui
1104 4678 1482 4738 verberantur,
1511 4671 1578 4726 ad
1607 4685 1802 4742 corpus
1829 4677 1883 4722 et
1908 4661 2149 4720 membra

560 4789 729 4861 ipsius
753 4781 1090 4855 pertineant;
1117 4771 1298 4837 tertio,
1323 4767 1465 4840 quod
1494 4781 1630 4837 opus
1651 4777 1804 4819 suum
1834 4777 1848 4814 :
1876 4774 1973 4830 per
1999 4773 2151 4812 suam

562 4852 772 4939 caedem
805 4871 1074 4946 propriam
1120 4863 1474 4927 redificatum,
1521 4859 1619 4928 ipsi
1661 4870 1758 4926 per
1803 4852 2151 4908 ambitionem

561 4991 712 5033 suam
763 4943 1002 5026 diruunt.
1047 4964 1140 5019 15.
1198 4959 1540 5027 Quapmpter,
1588 4951 1631 5004 si
1677 4964 1790 5002 esca
1836 4943 2152 5000 scandalizat

563 5071 773 5140 fratrem
803 5074 1004 5123 meum,
1042 5070 1145 5110 non
1178 5046 1496 5105 manducabo
1545 5055 1747 5097 carnem
1787 5039 1840 5092 in
1884 5046 2146 5091 ceternum.

563 5162 679 5217 lloc
724 5168 994 5223 tamquam
1043 5147 1281 5218 Optimus
1325 5139 1605 5209 magister,
1649 5131 1804 5203 cujus
1844 5138 1927 5186 est
1961 5144 2057 5199 per
2093 5143 2153 5184 se

566 5253 761 5309 docere
791 5221 908 5317 quin
934 5242 1084 5298 dicit.
1102 5237 1287 5308 Neque
1307 5231 1460 5295 dixit,
1479 5229 1603 5284 Sive
1625 5225 1767 5295 juste
1788 5223 1901 5278 sive
1923 5221 2149 5290 injuste;

566 5342 661 5399 sed
694 5314 1213 5412 quomodocumque.
1243 5325 1351 5381 Nec
1381 5323 1527 5386 dico,
1557 5317 1750 5389 inquit,
1774 5315 1924 5370 idolo
1957 5314 2153 5368 immo-

567 5437 755 5500 latum,
788 5427 929 5500 quod
960 5426 1119 5481 etiam
1159 5428 1378 5495 propter
1407 5415 1564 5468 aliam
1605 5423 1821 5465 causam
1859 5415 1946 5463 est
1977 5404 2156 5477 prohi-

569 5531 776 5590 bitum;
803 5519 896 5576 sed
923 5518 965 5572 si
997 5513 1126 5586 quid
1152 5512 1314 5567 etiam
1339 5520 1550 5570 eorum,
1574 5517 1696 5572 qua:
1721 5500 1775 5555 in
1804 5505 2071 5570 potestate
2103 5503 2159 5551 et

575 5587 833 5677 concessa
882 5619 1010 5668 sunt
1055 5603 1309 5668 offendat,
1351 5599 1420 5653 ab
1455 5598 1565 5652 illis
1599 5608 1814 5666 quoque
1854 5587 2155 5655 abstinebo,

574 5727 683 5766 non
709 5723 814 5764 uno
840 5706 924 5762 vel
951 5703 1123 5759 altero
1147 5696 1257 5762 die,
1289 5691 1385 5748 sed
1416 5699 1530 5745 toto
1555 5689 1680 5743 vita:
1710 5699 1846 5740 meae
1865 5691 2112 5753 tempore
2141 5696 2156 5733 :

588 5796 707 5854 Non
730 5795 1042 5854 manducabo
1072 5789 1236 5856 enim,
1265 5781 1459 5854 inquit,
1487 5795 1666 5836 carnes
1685 5779 1741 5832 in
1766 5785 2027 5831 cateruam.
2050 5772 2160 5828 Nec

1269 320 1325 374 S.
1368 313 1643 373 JOANNIS
1679 303 2154 368 CHRYSOSTOMI
2191 299 2508 358 ARCIIIEP.
2549 295 3081 354 CONSTANTINOP.
3702 307 3793 361 ιδῃ

2231 413 2386 476 dixit,
2413 412 2490 467 Ne
2513 412 2730 482 perdam
2761 410 3002 475 fratrem,
3046 409 3142 466 sed
3182 413 3516 483 simpliciter.
3556 415 3633 472 Ne
3660 419 3796 487 {ratn'

2231 504 2541 571 o/fendiculo
2567 504 2683 556 sim.
2713 501 2925 558 Etenim
2957 513 3214 558 extrema:
3241 505 3527 562 dementia:
3562 510 3715 564 fuerit
3740 528 3795 566 ea

2231 614 2350 668 qua:
2385 588 2600 651 Christo
2641 597 2710 650 ita
2747 595 2897 650 cordi
2940 594 3110 660 fuere,
3149 604 3203 650 et
3232 597 3354 652 talia
3399 606 3459 652 ut
3499 610 3708 668 propter
3741 618 3797 657 ea

2231 697 2458 743 mortem
2482 688 2726 757 elegerit,
2766 703 2863 742 nos
2897 688 2966 741 ita
3003 687 3151 756 parvi
3183 686 3379 752 facere,
3413 698 3564 745 utne
3591 702 3797 762 propter

2231 778 2321 832 illa
2350 777 2567 849 quidem
2611 779 2679 832 ab
2720 779 2858 832 escis
2904 778 3009 832 illis
3053 777 3442 833 abstineamus.
3489 780 3613 835 limo
3652 798 3798 851 porro

2231 891 2337 928 non
2364 874 2468 929 illis
2506 874 2701 939 solum,
2726 873 2820 927 sed
2843 872 3006 928 etiam
3039 873 3192 928 nobis
3210 881 3514 944 opportune
3549 874 3796 942 dicantur,

2231 968 2320 1038 qui
2345 967 2572 1036 proximi
2595 966 2821 1020 salutem
2844 965 3190 1036 despicimus,
3214 973 3268 1020 et
3288 965 3524 1020 satanica
3548 966 3630 1022 illa
3651 968 3799 1023 verba

2232 1061 2578 1132 proferimus.
2612 1059 2742 1115 Nam
2773 1060 2976 1125 dicere,
3007 1058 3143 1126 Quid
3181 1059 3307 1113 mihi
3348 1075 3496 1115 cura:
3528 1069 3628 1124 est,
3655 1063 3695 1115 si
3721 1063 3801 1117 ille

2230 1155 2532 1210 offendatur
2566 1164 2621 1209 et
2667 1155 2756 1208 ille
2800 1154 3029 1223 pereat?
3070 1153 3321 1208 satanica:
3366 1163 3452 1208 est
3487 1155 3801 1211 crudelitatis

2231 1258 2284 1300 et
2328 1245 2750 1300 inhumanitatis.
2785 1245 2946 1316 Atqui
2981 1255 3107 1300 tunc
3135 1243 3351 1314 quidem
3394 1245 3606 1300 illorum
3645 1247 3801 1304 imbe-

2231 1338 2468 1393 cillitatis
2494 1347 2630 1401 crat,
2676 1337 2868 1408 quibus
2912 1336 3028 1390 haec
3071 1334 3399 1391 ofiendiculo
3445 1347 3629 1402 erant;
3676 1341 3798 1408 apud

2233 1446 2330 1484 nos
2356 1445 2484 1485 vero
2512 1444 2616 1484 non
2645 1430 2791 1484 item.
2816 1429 2946 1482 Nam
2977 1428 3062 1481 illa
3087 1437 3301 1497 peccata
3329 1427 3673 1496 admittimus,
3697 1447 3800 1499 qua:

2234 1522 2460 1577 fortibus
2499 1522 2660 1577 etiam
2707 1519 3033 1576 offendicnlo
3063 1520 3190 1574 sint.
3233 1520 3368 1575 Cum
3413 1521 3554 1575 enim
3591 1523 3801 1592 percuti-

2235 1631 2373 1679 mus,
2405 1615 2641 1684 rapimus
2674 1622 2728 1669 et
2767 1614 3014 1667 avaritiae
3035 1611 3338 1678 studemus,
3376 1613 3800 1682 liberisquctam-

2232 1724 2391 1778 quam
2423 1708 2706 1777 mancipiis
2735 1707 3025 1772 abutimur,
3052 1706 3264 1761 cuinam
3298 1705 3413 1760 hare
3449 1722 3554 1761 non
3590 1707 3793 1762 olfendi-

2233 1801 2356 1856 culo
2381 1801 2616 1856 fuerint?
2654 1799 2784 1854 Nam
2817 1814 2884 1855 ne
2909 1799 3136 1865 dixeris,
3166 1799 3264 1854 ille
3290 1810 3465 1864 sutor,
3504 1799 3601 1853 iste
3627 1800 3798 1854 tinclor

2234 1904 2352 1959 est;
2386 1909 2560 1960 neque
2595 1893 2816 1958 dixeris,
2844 1891 3088 1948 Erarius
3117 1891 3268 1947 faber
3293 1892 3430 1946 alius
3455 1900 3536 1946 est
3566 1909 3578 1943 :
3610 1891 3696 1946 sed
3723 1907 3798 1944 co-

2233 1987 2340 2055 gita
2367 1985 2516 2039 illum
2545 1999 2664 2038 esse
2688 1983 2896 2038 fidelem
2923 1991 2979 2037 et
2999 1982 3244 2037 fratrem.
3268 1981 3483 2036 Illorum
3504 1983 3637 2036 enim
3660 1980 3796 2036 disci-

2234 2080 2344 2150 puli
2391 2095 2596 2144 sumus,
2630 2078 2976 2147 piscatorum,
3031 2075 3466 2144 publicanorum.
3505 2075 3794 2130 tabernacu-

2238 2172 2410 2227 lorum
2464 2173 2717 2242 opificum
2753 2187 2766 2222 :
2797 2169 2939 2223 illius
2966 2166 3138 2239 qui‘in
3189 2170 3352 2224 domo
3406 2169 3537 2222 fabri
3589 2167 3794 2222 nutritus

2237 2265 2355 2330 fuit,
2388 2265 2478 2334 qui
2518 2278 2772 2332 sponsam
2800 2261 2917 2331 ejus
2949 2270 3174 2315 matrem
3207 2260 3411 2316 habere
3441 2259 3676 2330 dignatus
3707 2266 3790 2317 est,

2238 2358 2324 2427 qui
2359 2355 2548 2425 [ianuis
2590 2354 2860 2408 involutus
2904 2351 2956 2405 in
3005 2351 3229 2421 praesepi
3281 2350 3546 2416 recubuit,
3583 2348 3666 2419 qui
3704 2364 3789 2402 non

2237 2449 2470 2502 habebat
2496 2447 2588 2501 ubi
2617 2454 2778 2515 caput
2823 2445 3134 2505 reclinaret,
3165 2443 3254 2510 qui
3285 2452 3431 2497 tanta
3472 2441 3690 2510 suscepit
3725 2441 3792 2493 iti-

2238 2558 2386 2606 nera,
2412 2549 2472 2594 ut.
2493 2555 2557 2595 ex
2589 2539 2672 2593 ria
2703 2537 2878 2593 fessus
2903 2548 3065 2600 esset,
3098 2536 3186 2605 qui
3217 2535 3290 2588 ab
3316 2535 3437 2589 aliis
3471 2534 3786 2588 nutriebatur.

2309 2636 2361 2689 6.
2407 2632 2594 2688 Factus
2620 2632 2872 2685 humanus
2897 2630 3026 2684 nihil
3055 2639 3150 2684 est.
3169 2659 3240 2668 ——
3257 2628 3388 2684 Haec
3420 2629 3610 2697 cogita,
3637 2635 3680 2681 et
3703 2624 3784 2678 hu-

2237 2741 2454 2781 manum
2477 2725 2671 2778 fastum
2703 2722 2831 2776 nihil
2865 2737 2985 2777 esse
3013 2731 3168 2790 putes
3195 2719 3338 2785 ;’sed
3371 2729 3424 2774 et
3455 2716 3780 2774 tabernaculo-

2239 2833 2357 2872 rum
2400 2814 2670 2886 opifieem,
2717 2822 2772 2869 ει
2801 2828 2924 2868 eum
2965 2814 3054 2882 qui
3096 2828 3259 2866 curru
3307 2811 3539 2874 vehitur,
3583 2821 3634 2864 et
3659 2807 3781 2861 mille

2238 2911 2470 2966 famulos
2499 2909 2679 2974 habet,
2703 2916 2757 2962 et
2780 2905 2899 2961 foro
2925 2906 3116 2960 obvios
3136 2913 3309 2971 arcet,
3336 2905 3548 2959 fratrem
3572 2915 3678 2957 esse
3693 2897 3786 2953 exi-

2240 3003 2394 3058 stima
2420 3019 2434 3067 ;
2468 3003 2576 3054 imo
2605 3001 2755 3054 illum
2788 2999 2957 3070 magis
2984 3014 3142 3069 quam
3171 2998 3338 3053 hunc.
3367 2997 3495 3052 Nam
3526 2995 3606 3050 ille
3627 3004 3786 3061 oppor-

2241 3096 2421 3150 tunius
2452 3093 2615 3148 frater
2636 3093 2864 3152 dicatur,
2899 3092 2989 3162 qui
3019 3092 3188 3162 magis
3211 3091 3408 3146 similis
3428 3098 3525 3147 est.
3549 3087 3666 3154 Quis
3683 3097 3785 3152 ergo

2240 3187 2432 3243 similis
2456 3196 2539 3242 est
2567 3183 2962 3254 piscatoribus?
2991 3184 3078 3254 qui
3109 3184 3430 3254 quotidiana
3457 3182 3606 3234 alitur
3629 3189 3785 3244 opere.

2253 3293 2363 3334 non
2389 3277 2596 3332 habens
2622 3274 2882 3329 famulum
2917 3287 3092 3343 neque
3113 3272 3481 3337 donticilium;
3505 3267 3588 3325 sed
3616 3268 3663 3320 in
3683 3279 3786 3318 om-

2255 3373 2418 3428 nibus
2433 3369 2758 3426 cruciﬁxus:
2782 3381 2848 3421 an
2865 3366 2972 3426 ille.
2992 3365 3082 3434 qui
3098 3373 3251 3420 tanto
3270 3365 3416 3421 fastu
3437 3355 3784 3419 circumdatur,

2254 3474 2308 3522 et
2323 3458 2825 3530 contrarialegibus
2845 3455 3044 3512 divinis
3069 3454 3368 3525 operatur?
3387 3451 3463 3508 Ne
3489 3463 3610 3520 ergo
3633 3442 3786 3513 despi-

2252 3559 2365 3613 cias
2390 3553 2566 3618 illum,
2591 3551 2684 3621 qui
2712 3549 2886 3620 magis
2908 3547 3074 3602 frater
3100 3556 3228 3602 tuus
3251 3554 3342 3603 est
3367 3561 3380 3596 :
3407 3557 3524 3599 nam
3545 3540 3625 3595 ille
3644 3531 3782 3602 magis

2244 3646 2432 3701 similis
2462 3654 2545 3700 cst
2571 3644 2879 3715 apostolicae
2910 3643 3146 3712 imagini.
3187 3644 3257 3696 At
3308 3656 3411 3696 non
3451 3638 3680 3692 libenter.
3713 3623 3780 3681 sed

2246 3738 2465 3798 invitus,
2495 3737 2703 3807 inquies
2734 3752 2748 3790 :
2779 3749 2886 3789 non
2930 3735 3074 3789 enim
3119 3748 3183 3789 ex
3229 3731 3396 3787 animi
3440 3723 3682 3784 sententia
3708 3717 3786 3771 hoc

2246 3828 2391 3883 facit.
2428 3827 2705 3884 Undenam
2738 3824 2873 3880 hoc?
2897 3839 3000 3878 non
3027 3822 3272 3888 audistis,
3304 3819 3478 3876 Nolite
3494 3814 3724 3888 judicare,
3745 3813 3787 3857 ut

2245 3939 2346 3976 non
2365 3919 2666 3990 judicemini
2694 3917 2909 3988 (Matth.
2943 3917 2996 3971 7.
3040 3915 3090 3987 1)
3115 3917 3139 3970 ?
3165 3915 3232 3972 Ut
3261 3925 3444 3970 autem
3472 3911 3634 3966 discas
3668 3901 3784 3956 illum

2248 4029 2354 4069 non
2387 4013 2610 4066 invitum
2634 4010 2876 4080 operari.
2909 4008 3106 4064 accede
3145 4017 3200 4064 et
3245 4007 3318 4063 da
3367 4005 3440 4061 illi
3481 4001 3650 4058 decies
3671 3990 3787 4048 mille

2247 4107 2366 4161 auri
2397 4105 2619 4171 talenta,
2651 4112 2707 4158 et
2749 4102 2956 4158 videbis
2989 4102 3138 4156 illum
3181 4100 3304 4158 ιιιεο
3336 4109 3597 4156 recusare.
3641 4088 3788 4153 Itaque

2249 4197 2461 4254 etiamsi
2505 4212 2536 4252 a
2577 4195 2870 4265 majoribus
2909 4195 3122 4250 divitias
3161 4211 3266 4249 non
3312 4188 3589 4261 acceperit.
3629 4177 3708 4236 ⁵εά
3746 4181 3788 4227 εί

2249 4303 2371 4344 cum
2399 4288 2643 4358 accipere
2673 4286 2880 4350 liceret,
2910 4299 3016 4341 non
3049 4286 3339 4355 acceperit,
3367 4296 3467 4338 nec
3490 4277 3594 4334 suis
3611 4265 3789 4327 addide-

2250 4381 2342 4447 rit,
2373 4357 2626 4451 magnum
2652 4378 2807 4433 alfert
2833 4377 3086 4434 indicium
3118 4376 3259 4448 quod
3283 4373 3533 4448 pecunias
3553 4357 3785 4432 despiciat.

2252 4475 2385 4530 Nam
2415 4448 2738 4529 et‘Joannes
2765 4470 3009 4527 Zebcdaai
3057 4470 3346 4526 admodum
3400 4459 3637 4538 pauperis
3676 4448 3788 4505 filius

2252 4578 2405 4632 erat;
2434 4566 2529 4622 sed
2553 4581 2658 4620 non
2685 4573 2966 4635 propterea
2987 4572 3227 4619 coactam
3253 4537 3415 4617 fuisse
3435 4557 3658 4611 dicemus
3677 4537 3788 4596 illitis

2257 4667 2647 4732 paupertatem.
2695 4657 2828 4713 Cum
2878 4672 3008 4726 ergo
3071 4656 3274 4712 videris
3328 4656 3464 4724 ligna
3507 4639 3783 4700 caedentem.

2257 4751 2453 4807 malleo
2495 4751 2832 4816 tundentem,
2865 4749 3082 4820 fuligine
3132 4749 3379 4814 tinctum,
3433 4757 3499 4797 ne
3539 4735 3648 4792 ideo
3683 4734 3788 4779 θῦεν

2256 4853 2485 4910 temnas,
2517 4842 2610 4898 sed
2656 4841 2778 4897 ideo
2807 4819 3038 4897 mireris.
3080 4840 3212 4896 Nam
3242 4851 3297 4896 et
3325 4840 3510 4894 Petrus
3533 4819 3790 4883 succinctus

2257 4944 2394 5001 erat.
2420 4948 2674 5005 sugenam
2703 4932 2970 4988 tractabat
3005 4939 3062 4987 et
3103 4932 3408 5002 piscabatur
3442 4929 3556 4994 post
3583 4913 3788 5005 resurre-

2257 4993 2756 5083 ctionevaomini.
2788 5023 2990 5094 Ecquid
3032 4993 3153 5078 dico
3196 4993 3457 5078 Petrum‘l
3486 5005 3665 5066 Paulus

2258 5129 2380 5190 post
2411 5132 2630 5173 emensa
2677 5125 2823 5170 tanta
2856 5079 3118 5170 terrarum
3160 5113 3352 5184 spatia,
3397 5109 3514 5177 post
3563 5099 3634 5149 tot
3675 5079 3788 5139 edila

2260 5210 2539 5275 miracula,
2577 5209 2632 5263 in
2669 5208 3020 5288 tentoriorum
3051 5182 3265 5261 ofﬁcina
3307 5211 3470 5262 stans,
3505 5185 3658 5261 pelles
3689 5182 3790 5288 0A0!“

2260 5305 2469 5368 suebat,
2501 5311 2556 5356 et
2582 5275 2970 5356 reverebantur
2993 5314 3115 5355 eum
3145 5297 3318 5369 angeli
3339 5300 3393 5348 et
3411 5282 3683 5344 trementes

2262 5409 2452 5452 mones
2475 5377 2843 5448 formidabant
2868 5409 2881 5446 :
2911 5405 3013 5446 nec
3042 5358 3274 5460 pudebat
3295 5386 3468 5442 dicere
3497 5393 3509 5429 :
3542 5358 3787 5460 Necessita:

2261 5491 2392 5544 tibus
2436 5503 2580 5553 mets,
2628 5495 2677 5540 et
2718 5485 2783 5538 iis
2820 5483 2908 5555 qui
2957 5497 3154 5539 mecum
3205 5487 3379 5543 erant,
3433 5443 3789 5555 ministravertmt

2263 5599 2444 5638 manus
2470 5535 2580 5638 εειιὲ
2613 5535 2751 5653 (14...:
2761 5535 3030 5651 sagas:
3043 5535 3271 5650 sua.
3301 5535 3438 5635 dico,
3474 5575 3571 5619 non
3598 5535 3788 5653 ρυίίεξζῗ¹

2264 5677 2428 5733 eum?
2459 5677 2516 5733 ln
2558 5639 2661 5731 hoc
2689 5683 2840 5730 certe
2875 5639 3346 5745 ille'gloriabatur.
3385 5654 3568 5729 Εαιυῖε
3603 5639 3787 5745 “2,1:

2268 5770 2442 5842 quies,
2473 5775 2619 5825 nunc
2658 5766 2824 5824 Paulo
2849 5719 3046 5822 virtut;
3094 5765 3229 5838 par?
3254 5759 3376 5821 Scio
3411 5760 3464 5808 et
3495 5755 3586 5816 ego
3618 5719 3786 5786 "unum
