3992 6416
589 381 683 435 ΓΗ

594 504 748 565 cogat
774 501 829 549 et
858 500 1002 547 vetet
1041 490 1324 560 accipere?
1351 490 1418 542 At
1453 488 1525 542 illi
1550 486 1750 558 aliquid
1783 488 1904 557 plus
1935 487 2170 555 habent,

593 585 735 657 quod
768 583 967 640 fuerint
994 597 1116 638 cum
1144 580 1376 637 Christo.
1401 577 1596 633 Verum
1624 593 1691 633 ne
1715 578 1808 634 illo
1837 578 2050 649 quidem
2079 594 2178 634 ex-

592 693 715 747 pers
740 677 812 734 lui
839 695 853 732 :
887 676 1007 736 ideo
1033 674 1162 729 dicit
1187 690 1198 726 :
1231 670 1419 726 Nonne
1441 671 1720 725 Dominum
1745 679 1973 725 nostrum
1999 671 2179 724 Iesum

589 773 847 826 Christum
884 768 1032 824 vidi?
1078 765 1369 822 Novissime
1411 767 1598 836 quippe
1643 765 1911 831 omnium,
1967 763 2176 833 inquit,

588 873 842 934 tamquam
885 859 1111 914 abortivo
1146 859 1280 911 visus
1322 867 1396 911 est
1445 867 1493 910 et
1532 856 1699 928 mihi(
1732 857 1785 912 1.
1812 855 1933 910 Cor.
1967 855 2054 910 15.
2083 856 2176 924 8).

586 956 700 1010 Non
729 969 889 1024 parva
920 960 1102 1006 autem
1134 951 1250 1006 haec
1276 959 1395 1005 erat
1418 949 1673 1018 dignitas.
1702 947 1859 1002 Multi
1879 947 2024 1002 enim
2053 962 2180 1016 pro-

589 1049 752 1118 pheta:
771 1057 819 1100 et
839 1046 989 1116 justi,
1018 1045 1210 1114 inquit,
1244 1046 1506 1098 voluerunt
1533 1043 1701 1096 videre
1722 1057 1838 1110 qua:
1866 1057 1952 1094 vos
1976 1040 2177 1103 videtis,

586 1150 633 1193 et
684 1155 787 1194 non
841 1138 1079 1192 viderunt
1128 1134 1361 1206 (Matth.
1399 1135 1482 1189 15.
1527 1134 1625 1202 l7)
1651 1148 1666 1197 ;
1697 1142 1786 1198 et,
1833 1130 2035 1185 Venieut
2074 1131 2180 1184 dies

586 1231 790 1300 quando
816 1229 993 1283 voletis
1014 1227 1188 1282 videre
1208 1245 1366 1282 unum
1384 1242 1445 1280 ea:
1474 1226 1551 1280 Itis
1573 1225 1748 1278 diebus
1776 1223 1929 1294 (Luc.
1953 1223 2040 1276 Π.
2062 1221 2177 1290 ‘22).

587 1322 725 1390 Quid
754 1333 888 1388 tum,
914 1321 1127 1377 etiamsi
1154 1321 1228 1374 sis
1254 1319 1533 1389 apostolus
1559 1329 1613 1373 et
1641 1317 1796 1382 liber,
1825 1325 1879 1370 et
1908 1315 2178 1370 Christum

587 1415 786 1472 videris
811 1433 826 1480 ;
859 1413 906 1469 si
935 1414 1140 1467 nullum
1165 1410 1476 1467 exhibueris
1501 1409 1730 1479 apostoli
1755 1423 1890 1476 Opus
1915 1448 1929 1469 ,
1955 1421 2181 1478 quomo-

588 1509 659 1562 do
689 1507 856 1561 debes
902 1505 1191 1574 accipere?
1241 1503 1363 1578 Ideo
1417 1513 1604 1573 postea
1651 1500 1962 1571 subjunxit:
1995 1498 2182 1554 Nonne

585 1616 715 1669 opus
737 1614 905 1651 meum
933 1613 1020 1650 vos
1041 1596 1158 1650 estis
1183 1597 1235 1648 in
1266 1593 1469 1649 Christo
1492 1595 1518 1648 ?
1558 1593 1674 1648 lloc
1700 1593 1898 1663 quippe
1923 1607 2178 1662 magnum

588 1701 670 1746 est
696 1709 708 1744 :
742 1707 864 1744 nam
894 1688 1215 1758 illa‘absque
1244 1687 1346 1742 hoc
1377 1686 1511 1741 nihil
1545 1685 1750 1755 juvant.
1780 1685 1989 1739 Etenim
2017 1683 2182 1738 Judas

588 1782 866 1852 apostolus
889 1789 1084 1837 eratet
1116 1781 1288 1846 liber,
1319 1788 1482 1849 atque
1509 1777 1782 1832 Christum
1811 1777 2050 1841 viderat;
2083 1775 2180 1831 sed

589 1875 715 1947 quia
751 1875 982 1947 apostoli
1011 1889 1146 1944 opus
1188 1889 1296 1928 non
1327 1871 1544 1937 habuit,
1591 1870 1725 1924 nihil
1756 1869 1873 1924 huic
1921 1869 2020 1939 ipsi
2053 1882 2180 1938 pro-

592 1971 824 2024 luerunt.
867 1968 1160 2038 Propterea
1205 1974 1262 2021 et
1304 1964 1408 2019 hoc
1450 1963 1668 2033 adjicit,
1713 1964 1966 2032 ipsosque
2012 1969 2179 2015 testes

594 2075 766 2124 vocat.
796 2067 864 2121 Et
887 2065 1009 2136 quia
1038 2079 1290 2134 magnum
1315 2063 1565 2132 loquutus
1593 2068 1727 2124 erat,
1759 2057 1884 2113 vide
1909 2055 2180 2126 quomodo

593 2160 721 2216 illud
765 2160 993 2229 castiget
1023 2157 1242 2219 dicens,
1276 2153 1343 2208 In
1391 2153 1607 2208 Domino
1635 2168 1656 2207 :
1691 2151 1745 2206 id
1772 2161 1859 2207 est
1879 2193 1893 2216 ,
1925 2150 2019 2205 Dei
2047 2166 2182 2220 Opus

589 2263 672 2308 est
694 2291 712 2320 ,
744 2267 853 2306 non
881 2265 1080 2305 meum.
1111 2248 1164 2302 2.
1201 2246 1266 2302 Si
1307 2246 1422 2300 aliis
1464 2262 1571 2299 non
1606 2260 1722 2298 sum
1748 2243 2046 2313 apostolus,
2092 2242 2180 2297 sed

595 2355 764 2397 tamen
805 2343 942 2396 vobis
980 2356 1114 2395 sunt.

657 2435 716 2490 2.
745 2433 906 2490 Vides
931 2432 1202 2503 quomodo
1244 2444 1353 2484 non
1394 2441 1828 2500 supervacaneus
1871 2426 1978 2480 sit?
2020 2426 2182 2496 Atqui

590 2535 799 2597 poterat
840 2524 1020 2579 dicere
1065 2523 1252 2578 orbem
1305 2532 1463 2575 terra:
1508 2529 1564 2575 et
1607 2529 1796 2589 gentes
1836 2517 2090 2572 barbaras
2128 2528 2182 2572 et

590 2632 786 2676 terram
813 2626 870 2674 et
894 2632 1080 2682 mare;
1105 2615 1201 2672 sed
1224 2614 1356 2670 nihil
1388 2613 1578 2668 horum
1611 2612 1741 2667 dicit
1767 2651 1787 2676 ,
1829 2611 1925 2666 sed
1965 2627 2031 2665 ex
2053 2627 2182 2664 con-

588 2713 836 2767 cessione
860 2718 914 2766 et
943 2724 1010 2764 ex
1036 2707 1363 2763 abundantia
1389 2705 1575 2760 vincit.
1607 2704 1744 2771 Quid
1772 2704 1916 2759 enim
1937 2745 1954 2770 ,
1979 2704 2182 2772 inquit,

588 2803 722 2858 mihi
748 2815 886 2872 opus
910 2810 994 2856 est
1023 2799 1442 2870 supervacaneis
1462 2839 1476 2864 ,
1509 2813 1630 2853 cum
1663 2797 1778 2851 haec
1807 2795 2076 2851 sufﬁciant
2115 2795 2182 2849 ad

592 2909 831 2965 praesens
857 2892 1275 2963 argumentum?
1305 2890 1421 2945 Νυιι
1449 2891 1568 2946 dico
1596 2890 1755 2960 igitur
1780 2889 1867 2944 illa
1897 2889 2181 2961 prteclara,

589 3002 713 3057 qua:
737 2985 877 3054 apud
904 2985 1042 3040 alios
1062 2999 1093 3038 a
1117 2999 1203 3038 me
1226 2983 1364 3039 facta
1385 2992 1530 3046 sunt,
1571 2982 1665 3038 sed
1707 2997 1769 3037 ea
1812 2998 2041 3052 quorum
2088 2997 2184 3037 vos

593 3087 761 3135 teetes
787 3076 940 3132 estis.
972 3075 1312 3146 Quapropter
1340 3073 1555 3130 etiamsi
1581 3089 1686 3128 non
1717 3073 1952 3142 aliunde,
1973 3089 2003 3129 a
2030 3073 2184 3129 vobis

593 3169 832 3225 maxime
858 3168 1178 3238 oportebat,
1206 3182 1292 3222 me
1323 3168 1568 3237 accipere
1595 3182 1609 3218 :
1642 3173 1876 3220 attamen
1909 3180 1939 3218 a
1988 3166 2182 3236 quibus

593 3277 682 3317 me
707 3261 937 3315 maxime
963 3259 1245 3329 oportebat
1274 3258 1521 3328 accipere
1548 3256 1779 3327 (doctor
1816 3256 1959 3311 enim
2005 3263 2188 3311 vester

594 3351 706 3426 iui)
731 3394 746 3419 ,
775 3352 844 3406 ab
871 3352 935 3406 iis
963 3365 1070 3406 non
1097 3349 1300 3420 accepi.
1334 3348 1396 3404 Si
1432 3349 1548 3402 aliis
1591 3364 1692 3402 non
1729 3364 1843 3402 sum
1882 3347 2182 3419 apostolus,

590 3447 680 3500 sed
727 3444 865 3498 vobis
916 3459 1052 3498 sum.
1103 3441 1309 3497 Rursus
1351 3456 1415 3496 ex
1447 3440 1721 3496 concessis
1751 3441 2026 3511 loquitur:
2057 3456 2181 3496 nam

590 3537 739 3594 orbis
764 3537 1042 3607 apostolus
1071 3543 1208 3590 erat.
1237 3536 1486 3590 Atta-men
1520 3533 1625 3589 hoc
1653 3549 1756 3588 non
1788 3534 1910 3590 dico
1928 3575 1945 3599 ,
1975 3533 2177 3605 inquit,

593 3645 766 3702 neque
793 3645 972 3700 pugno
1017 3637 1074 3683 et
1113 3625 1424 3692 contendo,
1476 3625 1574 3681 sed
1621 3626 1764 3695 quod
1809 3636 2047 3680 vestrum
2099 3637 2180 3681 est

593 3739 753 3793 pono.
785 3721 924 3778 Nam
948 3720 1268 3794 signaculum
1306 3719 1623 3800 apostolatus
1665 3719 1762 3772 mei
1804 3735 1890 3800 vos
1933 3719 2051 3773 estis
2087 3719 2175 3791 (2.

592 3818 711 3872 Cor.
742 3816 832 3873 12.
861 3816 971 3886 12)
1001 3831 1016 3870 :
1049 3813 1102 3870 id
1133 3825 1234 3880 est,
1263 3797 1674 3869 demonstratio.
1703 3812 1770 3866 Et
1807 3797 2002 3883 si'quis
2041 3813 2180 3868 scire

589 3911 720 3966 velit
769 3909 912 3965 unde
961 3909 1061 3963 sim
1109 3907 1429 3978 apostolus,
1500 3918 1600 3960 vos
1652 3903 1869 3974 profero
1929 3921 1944 3959 :
1997 3905 2178 3960 omnia

590 4005 731 4060 enim
777 4018 898 4072 qua:
937 4009 1065 4057 sunt
1106 4000 1372 4072 apostoli,
1426 3997 1480 4053 in
1521 3998 1672 4054 vobis
1716 3996 1928 4054 ostendi
1960 4005 2016 4053 et
2045 3995 2178 4051 nihil

590 4093 937 4166 praetermisi;
983 4103 1041 4148 ut
1087 4092 1141 4147 in
1188 4089 1427 4147 secunda
1491 4105 1708 4162 quoque
1755 4090 1982 4161 epistola
2023 4089 2175 4156 dicit,

591 4189 805 4244 Etiamsi
862 4185 993 4241 nihil
1043 4202 1191 4253 sum,
1266 4185 1551 4256 inquiens,
1603 4185 1749 4255 signa
1815 4194 1984 4238 tamen
2049 4201 2178 4255 apo-

589 4279 706 4335 stoli
741 4279 796 4334 in
833 4277 970 4334 vobis
1023 4278 1159 4348 facta
1199 4287 1316 4331 sunt
1341 4277 1398 4330 in
1422 4277 1561 4330 omni
1610 4277 1868 4346 potentia,
1913 4277 1966 4330 in
2017 4277 2178 4348 signis

586 4382 634 4428 et
663 4371 912 4443 prodigiis
953 4378 1002 4424 et
1041 4369 1302 4423 virtutibus
1334 4365 1513 4438 (Ibid.
1541 4383 1600 4424 ν.
1653 4369 1737 4422 ll.
1785 4375 1841 4422 et
1886 4367 2011 4438 12).
2035 4367 2178 4434 Quid

593 4474 674 4520 est
715 4464 856 4519 enim
881 4503 896 4528 ,
948 4460 1092 4531 quod
1135 4459 1312 4514 minus
1353 4456 1611 4513 habuistis
1656 4473 1764 4528 pra:
1808 4458 2017 4514 caneris
2066 4458 2174 4514 Ec-

589 4554 806 4612 clesiis?
851 4553 976 4609 Ideo
1019 4551 1093 4605 ait
1148 4565 1160 4601 :
1215 4549 1551 4620 Signaculum
1591 4549 1906 4619 apostolatus
1949 4549 2045 4603 ntei
2088 4566 2180 4605 vos.

597 4651 732 4705 estis.
763 4648 898 4704 Nam
922 4657 977 4702 et
1004 4647 1153 4715 signa
1180 4643 1415 4710 ostendi,
1443 4651 1498 4698 et
1529 4641 1698 4697 verbo
1717 4642 1906 4709 docui,
1931 4653 1986 4699 et
2028 4643 2171 4713 peri-

597 4743 716 4798 cula
744 4741 901 4806 subii,
930 4751 984 4794 et
1010 4741 1170 4792 vitam
1201 4736 1523 4806 inculpatum
1550 4735 1703 4791 duxi.
1736 4737 1804 4792 Et
1837 4736 1950 4792 haec
1993 4739 2172 4793 omnia

594 4841 779 4898 videre
805 4835 928 4890 licet
952 4847 1047 4904 per
1073 4831 1234 4887 hasce
1258 4830 1392 4886 duas
1420 4829 1672 4900 epistolas
1691 4871 1706 4895 ,
1734 4846 1891 4900 quam
1923 4842 2174 4887 accurate

595 4943 792 5004 nempe
809 4929 928 4985 haec
940 4924 1146 4997 singula
1171 4924 1524 4981 demonstret.
1555 4923 1609 4977 5.
1647 4922 1768 4977 Mea
1813 4923 2038 4992 defensio
2071 4923 2171 4987 iis,

589 5029 679 5099 qui
703 5041 782 5080 me
807 5024 1119 5091 interrogant
1143 5058 1161 5083 ,
1189 5017 1297 5072 hac
1315 5025 1409 5070 est.
1441 5013 1580 5082 Quid
1615 5024 1730 5078 est,
1781 5013 1899 5068 Mea
1945 5014 2170 5086 defensio

589 5118 654 5174 ﬁs
676 5159 692 5187 ,
721 5116 808 5189 qui
830 5129 912 5168 me
935 5113 1250 5180 interrogant
1269 5148 1285 5174 ,
1317 5107 1423 5161 hac
1443 5107 1561 5161 est?
1589 5105 1658 5160 lis
1686 5106 1776 5176 qui
1823 5105 2032 5161 discere
2075 5121 2170 5160 vo-

588 5212 708 5267 lunt
736 5206 1002 5264 undeuam
1022 5202 1124 5258 sim
1144 5200 1452 5272 apostolus,
1481 5207 1573 5254 aut
1600 5198 1665 5254 iis
1708 5199 1800 5268 qui
1850 5214 1938 5254 me
1984 5198 2168 5254 crimi-

583 5312 777 5360 tuantur
805 5308 864 5356 ut
893 5299 984 5369 qui
1007 5296 1262 5369 pecunias
1285 5293 1546 5362 accipiam
1573 5333 1589 5358 ,
1617 5301 1712 5346 aut
1739 5292 1804 5346 iis
1831 5291 1920 5360 qui
1946 5307 2164 5346 causam

582 5401 829 5468 quaerunt
850 5405 947 5446 cur
971 5403 1078 5445 non
1099 5386 1356 5457 accipiam
1373 5424 1393 5452 ,
1427 5391 1521 5438 aut
1546 5383 1610 5439 iis
1638 5383 1728 5453 qui
1753 5382 1938 5438 volunt
1983 5393 2165 5438 osten-

584 5487 744 5552 dere,
774 5497 864 5540 me
889 5497 1001 5538 non
1024 5493 1147 5537 esse
1171 5476 1475 5549 apostolum
1504 5516 1521 5540 ,
1553 5485 1729 5530 vestra
1762 5474 2023 5530 institutio
2045 5517 2060 5538 ,
2109 5484 2166 5530 et

579 5594 646 5637 ea
670 5592 791 5649 quae
816 5573 1057 5632 dicturus
1083 5586 1204 5626 sum
1223 5611 1240 5637 ,
1275 5568 1333 5624 in
1357 5567 1871 5624 demonsuationem
1897 5578 1951 5622 et
1977 5566 2163 5623 defen-

577 5672 787 5726 sionem
815 5667 1129 5724 atteruntur.
1161 5661 1416 5731 Quaenam
1442 5667 1620 5714 autem
1647 5658 1776 5713 illa?
1809 5659 1862 5714 4.
1897 5657 2163 5728 Numquid

581 5775 684 5814 non
727 5760 963 5816 habemus
1006 5763 1300 5826 potestatem
1347 5751 1692 5806 ntanducandi
1735 5761 1782 5805 et
1820 5749 2067 5809 bibendi?
2102 5752 2156 5807 5.

577 5849 821 5913 numquid
854 5866 958 5908 non
1003 5847 1242 5905 habemus
1292 5853 1587 5917 potestatem
1632 5841 1893 5898 mulierem
1928 5857 2152 5898 sororem

1292 373 1346 428 S.
1388 372 1664 428 JOAN‘NIS
1699 371 2176 428 CHRYSOSTOMI
2215 371 2532 430 ARCHIEP.
2572 375 3103 436 CONSTANTINOP.
3743 397 3824 454 ῃξ

2285 489 2700 547 circumducendi
2719 492 2746 547 ?
2771 492 3119 566 thuomodo
3136 497 3249 554 hate
3267 498 3508 572 defensio
3525 507 3677 562 sunt?
3693 512 3823 582 Quia,

2284 598 2404 637 cum
2435 586 2744 655 apparuerit
2769 603 2854 642 me
2877 588 3040 644 etiam
3065 604 3096 644 a
3124 593 3395 648 concessis
3421 595 3707 668 abstinere,
3735 619 3825 661 non

2279 678 2400 747 jure
2427 679 2481 734 in
2511 680 2870 751 suspicionem
2909 685 3152 740 venerim
3195 687 3337 757 quod
3384 688 3538 746 fallax
3584 693 3680 750 sim
3705 737 3720 764 ,
3758 701 3827 754 vel

2284 769 2427 838 quod
2455 773 2694 840 pecunia:
2720 788 2882 829 causa
2925 775 3130 846 aliquid
3173 776 3394 834 faciam.‘
3433 782 3506 838 Ea
3545 783 3693 854 igitur
3730 805 3830 859 quae

2286 862 2434 930 prius
2462 863 2604 918 dicta
2631 875 2776 933 sunt,
2807 875 2864 922 et
2889 878 3066 924 vestra
3093 869 3359 939 doctrina,
3381 883 3436 928 et
3459 890 3572 946 qua:
3596 878 3698 948 jam
3716 883 3828 952 dixi,

2284 953 2350 1006 ad
2379 951 2748 1012 defensionem
2773 957 2924 1013 vobis
2950 959 3261 1029 sufficiunt;
3289 971 3346 1019 et
3389 965 3638 1023 adversus
3669 951 3828 1030 omnes

2283 1043 2372 1112 qni
2396 1045 2726 1116 interrogant
2751 1056 2878 1115 me",
2911 1049 3000 1106 hic
3020 1051 3131 1119 jam
3162 1062 3284 1122 sto,
3316 1064 3371 1110 et
3399 1055 3514 1114 hxc‘
3547 1070 3599 1114 et
3639 1063 3722 1116 illa
3759 1066 3827 1119 di-

2285 1147 2414 1189 cens
2444 1153 2458 1190 :
2488 1137 2670 1192 Annon
2696 1139 2936 1194 habemus
2984 1152 3283 1212 potestatem
3326 1149 3660 1205 manducandi
3696 1163 3736 1208 et
3771 1155 3829 1209 bi-

2285 1225 2480 1282 bendi?
2504 1245 2675 1284 arinen
2709 1232 2950 1288 habemus
2993 1245 3289 1304 potestatem
3340 1256 3558 1295 sororem
3605 1246 3828 1302 mulierem

2285 1319 2734 1378 circumducendi?
2783 1327 3032 1382 Attamen
3077 1322 3232 1384 licet?
3262 1330 3522 1398 habeam,
3596 1337 3826 1396 abstineo.

2285 1409 2423 1475 Quid
2454 1414 2618 1483 ergo?
2663 1431 2769 1470 non
2813 1419 3205 1474 manducahat?
3255 1428 3362 1478 non
3414 1425 3662 1482 bibebat?
3704 1429 3827 1502 Sa'pc

2284 1513 2432 1559 certe
2479 1521 2577 1561 nec
2617 1509 3005 1578 manducabat,
3052 1528 3152 1568 nec
3198 1514 3456 1573 bibebat:
3487 1535 3606 1575 nam
3649 1525 3826 1580 aitzln

2286 1599 2421 1664 fante
2443 1607 2490 1651 et
2517 1599 2636 1667 siti,
2679 1600 2732 1654 in
2781 1605 2972 1674 frigore
3012 1616 3059 1660 et
3107 1609 3335 1664 nuditate
3388 1611 3460 1678 (2
3486 1613 3600 1668 Cor.
3635 1615 3712 1671 Η.
3739 1618 3824 1687 27)

2287 1688 2648 1744 versabantur.
2679 1691 2778 1748 llic
2811 1703 2990 1750 autem
3035 1713 3142 1752 non
3197 1699 3300 1756 hoc
3345 1699 3513 1770 dicit;
3561 1705 3652 1761 sed
3693 1709 3825 1778 quid?

2287 1783 2403 1837 Non
2435 1785 2817 1842 manducamus
2844 1805 2942 1845 nec
2969 1790 3232 1859 bibimus,
3250 1809 3284 1850 a
3311 1794 3583 1866 discipulis
3601 1801 3826 1870 accipien-

2288 1884 2401 1944 tes,
2430 1879 2639 1935 etiamsi
2668 1890 2982 1949 potestatem
3013 1883 3310 1941 habeamus
3345 1889 3653 1959 accipiendi.
3691 1892 3826 1947 Num-

2287 1967 2409 2036 quid
2437 1986 2540 2024 non
2575 1971 2812 2026 habemus
2852 1985 3149 2044 potestatem
3195 1994 3422 2032 sororem
3472 1982 3712 2036 mulierem
3746 1987 3825 2038 cir-

2287 2061 2651 2129 cumducendi,
2685 2066 2814 2118 sicut
2844 2076 2889 2120 et
2924 2067 3094 2121 ceteri
3129 2068 3352 2140 apostoli
3376 2079 3421 2126 et
3445 2076 3621 2143 fratres
3652 2074 3823 2129 Domini

2286 2159 2332 2202 et
2359 2149 2555 2220 Cephas
2573 2154 2598 2206 ?

2360 2241 2517 2298 Pauli
2555 2249 3067 2317 “spientim—Vide
3117 2254 3435 2324 sapientiam
3482 2274 3495 2310 :
3531 2258 3817 2329 coryphaeum

2286 2337 2532 2392 ultimum
2557 2341 2737 2408 posuit
2770 2358 2784 2395 :
2815 2359 2937 2396 nam
2967 2345 3112 2415 quod
3143 2346 3286 2402 inter
3309 2349 3483 2418 capita
3514 2349 3690 2406 fortius
3726 2364 3810 2416 est.

2288 2438 2415 2485 tunc
2442 2432 2608 2500 ponit.
2637 2431 2821 2504 Neque
2849 2436 2993 2490 enim
3020 2437 3090 2491 ita
3117 2437 3423 2495 mirandum
3449 2453 3559 2496 erat
3579 2485 3594 2510 ,
3618 2443 3733 2498 alios
3749 2458 3812 2496 os-

2289 2523 2506 2580 tendere
2535 2525 2636 2581 hoc
2660 2528 2934 2595 facientes,
2968 2538 3025 2583 ut
3055 2531 3288 2601 primum
3317 2544 3370 2589 et
3396 2550 3516 2589 eum
3545 2537 3624 2591 cui
3651 2535 3811 2590 tradita

2286 2627 2410 2671 sunt
2440 2609 2620 2673 claves
2646 2621 2794 2690 regni
2819 2621 3094 2676 caelorum.
3129 2622 3399 2680 Caeterum
3429 2642 3530 2680 non
3568 2626 3716 2681 solum
3743 2641 3816 2695 po-

2288 2711 2365 2766 nit
2385 2753 2400 2778 ,
2429 2711 2525 2764 sed
2540 2703 2738 2766 'ontnes
2760 2755 2776 2779 ,
2806 2727 2870 2769 ac
2890 2714 2933 2768 si
2961 2713 3164 2771 diceret
3191 2732 3208 2770 :
3241 2717 3371 2772 Sive
3415 2719 3674 2774 inferiores
3707 2735 3815 2788 quas

2287 2818 2374 2858 ras
2400 2803 2512 2858 sive
2542 2804 2846 2874 superiores
2871 2847 2887 2873 ,
2919 2807 3160 2861 omnium
3214 2809 3393 2878 p0sita
3442 2821 3562 2864 sunt
3598 2810 3813 2878 exempla.

2290 2895 2498 2950 Etenim
2529 2895 2726 2952 fratres
2755 2898 2967 2954 Domini
2995 2917 3025 2954 a
3049 2901 3227 2971 priore
3249 2902 3612 2960 incredulitate
3631 2903 3812 2968 liberati,

2287 2987 2423 3043 inter
2446 2988 2702 3045 clariores
2729 3001 2909 3056 erant,
2940 2993 3040 3047 etsi
3067 2993 3135 3048 ad
3161 2997 3442 3065 apostolos
3468 3013 3570 3053 non
3609 3008 3812 3066 pervene-

2287 3088 2405 3134 rant
2432 3096 2445 3131 :
2480 3079 2712 3151 ideoque
2734 3081 2784 3136 in
2811 3083 2988 3137 medio
3017 3083 3141 3139 illos
3171 3087 3358 3155 posuit
3383 3128 3398 3151 ,
3430 3089 3638 3142 summis
3678 3089 3815 3138 utriu-

2286 3178 2390 3234 que
2423 3165 2631 3234 positis.
2667 3167 2720 3221 6.
2754 3167 2853 3220 Aut
2884 3185 2976 3239 ego
3001 3170 3140 3224 solus
3167 3180 3215 3225 et
3264 3170 3524 3226 Barnabas
3563 3188 3652 3225 non
3691 3171 3814 3224 habe-

2289 3274 2400 3313 mus
2427 3269 2723 3328 potestatem
2752 3277 2852 3314 non
2875 3263 3121 3331 aperandi
3142 3261 3217 3337 (a)
3243 3265 3272 3319 2
3301 3265 3432 3322 Vide
3452 3265 3763 3320 humilitatem
3777 3270 3815 3316 et

2284 3350 2519 3404 animam
2548 3352 2695 3407 omni
2723 3352 2916 3408 invidia
2949 3353 3196 3422 liberam,
3225 3357 3502 3427 quomodo
3520 3371 3628 3412 eum
3652 3395 3666 3420 ,
3692 3368 3810 3426 quem

2285 3456 2538 3498 curarum
2564 3445 2766 3499 socium
2799 3445 3041 3513 sciebat,
3074 3462 3182 3502 non
3211 3450 3463 3505 tacuerit.
3495 3448 3550 3503 Si
3576 3448 3718 3503 enim
3738 3444 3807 3498 alia

2284 3537 2588 3591 communia
2613 3579 2628 3603 ,
2657 3553 2756 3593 cur
2783 3538 2886 3595 hoc
2911 3555 3017 3594 non
3049 3556 3344 3598 commune
3392 3541 3588 3598 fuerit?
3622 3537 3808 3610 Apostoli

2284 3637 2410 3684 sunt
2437 3637 2491 3684 et
2516 3628 2590 3683 illi
2622 3640 2677 3684 et
2704 3644 2801 3684 nos
2821 3671 2836 3696 ,
2867 3639 2922 3686 et
2947 3632 3100 3687 liberi
3127 3649 3142 3698 ;
3170 3642 3226 3688 et
3257 3632 3524 3689 Christum
3552 3633 3742 3688 vidimus
3765 3634 3805 3679 et

2283 3737 2403 3792 qua:
2429 3722 2790 3793 apostolorum
2817 3731 2973 3778 erant
2993 3724 3522 3797 exhibuimus.Ergo
3542 3739 3632 3780 nos
3645 3733 3807 3793 quoque

2284 3824 2606 3885 potestatem
2638 3816 2894 3872 habemus
2924 3817 2975 3871 in
3002 3818 3115 3874 otio
3155 3818 3410 3888 vivendi,
3460 3829 3514 3875 et
3547 3819 3757 3874 alimenta
3787 3827 3809 3863 a

2283 3905 2564 3977 discipulis
2607 3907 2926 3978 accipiendi.
2958 3909 3012 3963 7.
3063 3909 3190 3977 Quis
3225 3912 3418 3966 militat
3461 3914 3562 3965 suis
3599 3903 3809 3976 stipendiis

2282 3999 2564 4070 umquam?
2591 3999 2724 4066 Quia
2750 4004 2892 4055 enim
2917 4043 2932 4067 ,
2981 4002 3124 4072 quod
3163 4003 3551 4059 validissimum
3595 4007 3724 4063 erat.
3760 4008 3807 4048 ex

2281 4092 2539 4163 apostolis
2567 4093 2842 4160 ostendit,
2874 4094 3016 4166 quod
3061 4111 3262 4167 nempe
3291 4098 3452 4153 liceat
3499 4097 3594 4152 hoc
3635 4093 3808 4152 facere;

2281 4183 2348 4237 ad
2378 4183 2624 4255 exempla
2650 4183 2864 4240 demum
2895 4187 3044 4241 venit
3071 4197 3125 4242 et
3172 4187 3238 4242 ad
3289 4203 3618 4244 communem
3657 4196 3807 4243 usum,

2283 4285 2340 4329 ut
2363 4290 2478 4330 mos
2500 4285 2586 4330 est
2608 4275 2682 4330 illi
2705 4275 2898 4332 facere.
2933 4277 3058 4343 Quis
3083 4279 3271 4332 militat
3309 4281 3417 4334 suis
3454 4272 3724 4350 stipendiis?
3744 4270 3807 4322 itt-

2285 4369 2418 4437 quit.
2448 4369 2528 4427 Tu
2549 4385 2678 4426 vero
2699 4370 2828 4425 mihi
2860 4372 3157 4441 perpendas
3177 4372 3362 4442 velim,
3389 4387 3544 4444 quam
3564 4373 3803 4440 opportuna

2281 4462 2387 4516 sint
2439 4461 2729 4533 propositae
2774 4462 2850 4518 rei
2897 4463 3140 4532 exempla
3192 4463 3314 4531 illa,
3368 4474 3422 4520 et
3443 4460 3690 4534 quomodo
3725 4452 3807 4523 μί’

2280 4569 2426 4610 mum
2481 4553 2788 4609 meminerit
2855 4555 3166 4624 periculosa:
3223 4555 3338 4622 rei,
3393 4555 3619 4616 militize,
3663 4559 3805 4604 armo-

2279 4662 2396 4702 rum
2427 4656 2483 4703 et
2520 4647 2664 4702 belli.
2707 4645 3017 4717 Huiusmodi
3066 4647 3207 4701 enim
3255 4663 3344 4703 res
3389 4656 3470 4702 est
3508 4642 3806 4713 apostolatus.

2281 4743 2387 4796 into
2417 4739 2500 4794 his
2527 4740 2693 4794 multo
2718 4739 2909 4808 major.
2947 4738 3130 4809 Neque
3153 4740 3296 4793 enim
3326 4739 3576 4794 adversus
3601 4730 3802 4788 homines

2281 4841 2486 4888 tantum
2514 4833 2716 4888 bellum
2746 4832 2877 4902 ipsis
2903 4840 3056 4898 erat,
3087 4830 3182 4885 sed
3211 4843 3265 4885 et
3289 4830 3541 4886 adversus
3579 4827 3807 4881 dremones

2277 4936 2333 4981 et
2367 4926 2662 4997 principem
2683 4925 2895 4980 illorum
2919 4926 3181 4980 instructa
3215 4925 3379 4980 acies.
3410 4923 3518 4978 Hoc
3543 4929 3620 4976 est
3643 4925 3808 4972 autem.

2277 5019 2420 5090 quod
2465 5019 2634 5075 dicit:
2667 5017 2852 5089 Neque
2894 5017 3104 5074 externi
3147 5018 3415 5088 principes
3461 5017 3558 5070 hoc
3595 5009 3808 5078 exigunt.

2276 5115 2405 5170 saevi
2433 5113 2558 5169 licet
2582 5124 2636 5169 et
2662 5113 2829 5182 iniqui
2849 5153 2864 5176 ,
2895 5121 2952 5167 ut
2977 5111 3172 5166 milites
3200 5110 3400 5165 bellum
3426 5115 3605 5178 gerant
3628 5109 3676 5156 et
3695 5093 3808 5168 peri-

2275 5208 2398 5263 cula
2416 5207 2614 5263 adeant
2635 5248 2650 5272 ,
2682 5221 2858 5276 exque
2905 5206 3016 5260 suis
3062 5203 3404 5259 facultatibus
3439 5205 3678 5255 alantur:
3707 5201 3810 5257 ίμιο·

2273 5301 2435 5358 modo
2475 5317 2604 5372 ergo
2643 5299 2893 5373 Christus
2924 5297 3028 5353 hoc
3055 5311 3304 5366 umquam
3354 5289 3622 5364 exegerit?
3658 5283 3809 5350 Neque

2274 5409 2380 5450 uno
2403 5403 2687 5449 contentus
2711 5399 2794 5445 est
2815 5389 3086 5460 exemplo.
3125 5387 3256 5443 Nam
3285 5386 3366 5440 vel
3396 5380 3746 5454 simpliciorem
3766 5375 3809 5420 el

2270 5487 2592 5544 crassiorem
2619 5484 2723 5539 hoc
2765 5483 2999 5538 maxime
3027 5481 3182 5538 sedat
3224 5489 3278 5534 et
3324 5478 3514 5549 placat.
3546 5485 3657 5526 cum
3684 5460 3804 5518 νὶάοι

2269 5573 2610 5636 communem
2646 5574 3089 5632 consuetudinem
3118 5588 3236 5628 cunt
3267 5570 3358 5624 Dei
3398 5565 3594 5636 legibus
3608 5565 3804 5615 consen-

2269 5677 2386 5730 tire.

2330 5789 2403 5850 (α)
2428 5788 2484 5838 ιη
2505 5785 2712 5850 vulgata
2726 5783 2910 5850 legitur
2936 5786 3056 5850 aeu
3076 5771 3599 5850 εθυριρανηρρςιε
3611 5759 3801 5850 ἔφΕὲ

2266 5818 2542 5918 [rogitabit
2933 5819 2958 5894 ?
2971 5818 3460 5907 'iEt'cﬁinfétiaIu'éiui
3468 5818 3600 5882 serie
3611 5818 3798 5888 quati-‘34
