3992 6446
501 345 604 402 Πὸ

567 460 739 539 γ’.Διὸ
762 461 857 519 ml
881 460 965 530 ἐφ’
988 460 1173 532 ἓτερον
1196 455 1706 527 πρόεισι,καίφησισ
1733 455 1828 520 Τίς
1842 452 2079 539 φυτεύει

497 537 849 619 ἀμπελῶνα,
877 546 975 600 καί
1003 546 1072 599 ἐκ
1106 542 1212 597 τοῦ
1242 540 1477 609 καρποῦ
1506 540 1693 594 αὑτοῦ
1726 542 1839 593 οὐκ
1866 537 2070 600 ἐσθίει,

502 633 582 687 Δι’
615 632 828 685 ἐκείνου
866 630 965 700 μὲν
1018 628 1128 697 γὰρ
1160 626 1285 687 τοὺς
1316 623 1617 687 κινδύνους,
1644 623 1732 676 διὰ
1779 623 1836 676 δὲ
1884 620 2077 674 τούτου

500 719 592 771 τὸν
623 715 786 770 πόνον
813 716 907 767 ml
943 713 1040 782 τὴν
1091 709 1296 780 πολλὴν
1341 709 1721 779 ταλαιπωρίαν
1759 708 1854 761 ml
1884 704 2080 777 ἐπιμέ-

499 807 653 858 λειαν
690 800 942 868 ἐνέφηνε.
980 795 1091 848 Kal
1115 793 1295 863 τρίτον
1328 792 1491 846 πάλιν
1517 793 1824 862 ὑπόδειγμα
1856 789 2081 860 προστί-

502 887 652 954 θησι,
680 883 854 951 λέγων
874 898 887 911 ·
947 884 990 934 Τ
988 880 1043 944 ίς
1079 878 1381 946 ποιμαίνει
1421 876 1706 945 ποίμνην,
1754 874 1853 929 καί
1881 874 1949 927 ἐκ
1972 873 2077 927 τοῦ

503 970 802 1040 γάλακτος
835 961 1027 1031 αὐτῆς
1056 963 1168 1015 οὐκ
1198 962 1426 1024 ἐσθίει;
1470 960 1581 1031 Τὴν
1615 958 1943 1029 κηδεμονίαν
1981 957 2079 1029 τὴν

501 1053 704 1124 πολλὴν
751 1050 851 1121 τὴν
901 1046 1210 1118 διδασκάλῳ
1245 1046 1564 1116 πρέπουσαν
1596 1044 1725 1115 περὶ
1753 1046 1878 1107 τοὺς
1916 1043 2080 1114 ἀρχο-

503 1137 699 1209 μένους
750 1132 1143 1187 ἐπιδείκνυται.
1194 1132 1300 1183 Kal
1331 1129 1441 1201 γὰρ
1491 1128 1585 1182 καὶ
1621 1126 1955 1199 στρατιῶται
1985 1126 2081 1180 καὶ

498 1219 737 1291 γεωργοὶ
771 1219 864 1272 ml
918 1216 1178 1286 ποιμένες
1221 1210 1363 1286 ἦσαν
1407 1215 1456 1267 οἱ
1503 1211 1814 1275 ἀπόστολοι,
1864 1211 1924 1264 ού
1972 1211 2079 1279 γῆς

497 1305 620 1359 οὐδὲ
657 1303 870 1371 ἀλόγων
904 1299 1026 1353 οὐδὲ
1058 1298 1312 1369 πολέμων
1339 1296 1617 1369 αἰσθητῶν
1656 1305 1698 1360 ³,
1727 1293 1867 1348 ἀλλά
1892 1293 2080 1365 ψυχῶν

498 1387 735 1458 λογικῶν
761 1386 858 1440 ml
906 1384 1005 1453 τῆς
1040 1382 1178 1455 πρὸς
1210 1382 1337 1445 τοὺς
1382 1380 1644 1450 δαίμονας
1695 1379 2077 1450 παρατάξεως.

500 1468 930 1544 Παρατηρητέον
978 1467 1036 1520 δὲ
1082 1466 1324 1530 κάκεῖνο,
1351 1465 1500 1528 ὅπως
1526 1462 1799 1534 πανταχοῦ
1825 1462 1923 1534 τὴν
1951 1479 2083 1533 συμ-

501 1557 731 1628 μετρίαν
770 1549 1030 1624 ἐφύλαξε,
1063 1551 1124 1603 τὸ
1156 1550 1412 1620 χρειῶδες
1448 1547 1628 1619 ζητῶν
1660 1547 1841 1617 μόνον,
1874 1544 1994 1617 οὐχὶ
2021 1544 2083 1599 τὸ

500 1640 779 1714 περιττόν.
835 1638 911 1690 Οὐ
960 1636 1073 1705 γὰρ
1116 1630 1261 1698 εἷπε,
1313 1634 1409 1697 Τίς
1467 1631 1844 1703 στρατεύεται,
1884 1631 1978 1684 ml
2019 1630 2080 1683 οὐ

501 1725 755 1781 πλουτεῖ·
793 1720 952 1785 ἀλλά,
990 1720 1085 1785 Τίς
1137 1718 1525 1787 στρατεύεται
1574 1715 1750 1782 ίδίοις
1799 1716 2083 1784 ὀψωνίοις

504 1808 690 1872 ποτέ;
732 1805 858 1860 οὐδὲ
908 1800 1056 1865 εἷπε,
1093 1802 1188 1865 Τίς
1242 1800 1465 1871 φυτεύει
1504 1800 1824 1870 ἀμπελῶνα,
1875 1798 1970 1852 καὶ
2020 1800 2080 1851 ού

502 1892 728 1961 συνάγει
750 1888 995 1961 χρυσίον,
1024 1887 1057 1958 ἢ
1088 1886 1180 1940 τὸν
1215 1885 1428 1956 καρπὸν
1456 1885 1750 1955 ὁλόκληρον
1775 1884 1835 1936 οὐ
1873 1885 2081 1954 τρυγᾷ;

502 1976 641 2041 ἀλλ’,
671 1976 768 2028 Ἐκ
801 1972 906 2027 τοῦ
926 1970 1160 2040 καρποῦ
1182 1970 1370 2024 αὐτοῦ
1393 1970 1506 2023 οὐκ
1529 1969 1757 2031 ἐσθιέι;
1789 1967 1911 2021 οὐδὲ
1938 1965 2082 2032 εἷπε,

503 2062 600 2126 Τίς
649 2057 928 2130 ποιμαίνει
986 2054 1246 2126 ποίμνην,
1277 2054 1372 2107 ml
1419 2054 1519 2107 οὐκ
1553 2052 1919 2125 ἐμπορεύεται
1960 2054 2085 2117 τοὺς

503 2149 706 2220 ἀρνας;
758 2141 897 2197 ἀλλά
948 2141 1105 2207 πῶς;
1153 2139 1263 2194 Καὶ
1304 2139 1374 2192 ἐκ
1425 2138 1533 2192 τοῦ
1563 2140 1866 2207 γάλακτος
1893 2136 2086 2205 αὐτῆς

415 2252 430 2272 ο
502 2231 616 2286 οὐκ
649 2228 873 2290 ἐσθίει;
909 2226 1010 2279 οὑκ
1057 2225 1123 2278 ἐκ
1151 2222 1261 2275 τῶν
1298 2222 1503 2294 ἀρνῶν,
1536 2221 1653 2275 ἀλλ’
1687 2220 1791 2276 Ἕκ
1826 2220 1937 2276 τοῦ
1983 2221 2084 2291 γά-

505 2304 769 2377 λακτοςέ
799 2309 1018 2372 δεικνὺς
1069 2305 1221 2379 [185]
1255 2306 1341 2359 ὅτι
1393 2306 1566 2377 μικρᾷ
1616 2304 1943 2377 παραμυθίᾳ
1994 2303 2087 2357 τὸν

503 2394 825 2450 διδάσκαλον
881 2390 1168 2464 ἀρκεῖσθαι
1207 2389 1309 2455 δεῖ,
1363 2388 1459 2443 ml
1508 2391 1574 2460 τῆ
1623 2388 1897 2459 ἀναγκαίᾳ
1950 2388 2086 2457 μόνῃ

502 2482 704 2551 τροφῇ.
730 2462 933 2531 Ταῦταή
959 2462 1121 2546 πρὸξ
1144 2475 1272 2537 τοὺς
1319 2472 1683 2543 βουλομένους
1721 2474 1898 2527 πάντα
1958 2488 2089 2524 κατ-

503 2564 705 2619 εσθίειν
739 2561 834 2616 ml
858 2561 951 2613 τὸν
982 2558 1193 2629 καρπὸν
1219 2557 1512 2628 ὀλόκληρον
1540 2559 1769 2627 τρυγᾷν.
1792 2555 1949 2609 Οὕτω
1993 2554 2089 2609 ml

502 2652 533 2702 6
579 2648 785 2719 Κύριος
837 2643 1218 2716 ἐνομοθέτησε,
1254 2640 1450 2710 λέγων·
1503 2639 1698 2707 Ἄξιος
1754 2641 1787 2694 ὁ
1836 2639 2089 2709 ἐργάτης

504 2729 615 2801 τῆς
651 2728 882 2800 τροφῆς
937 2726 1126 2784 αὑτοῦ
1165 2726 1357 2779 ἐστιν.
1392 2724 1468 2777 Ού
1502 2722 1663 2777 τοῦτο
1713 2722 1771 2777 δὲ
1816 2724 1977 2794 μόνον
2000 2722 2089 2776 διὰ

504 2815 614 2872 τῶν
640 2811 1055 2885 ὑποδειγμάτων
1078 2806 1504 2873 κατασκευάζει,
1534 2806 1669 2861 ἀλλά
1699 2806 1794 2860 καὶ
1816 2806 2089 2861 δείκνυσιν

505 2901 690 2956 όποῖον
718 2891 859 2951 εἶναι
894 2894 1002 2966 χρὴ
1040 2892 1130 2947 τὸν
1160 2892 1334 2964 ιερέα.
1369 2892 1481 2945 Kal
1505 2889 1613 2962 γὰρ
1646 2889 1978 2961 στρατιώτου
2002 2891 2094 2946 ἀν-

505 2980 690 3057 δρείαν
733 2978 1033 3047 κεκτῆσθαι
1067 2976 1150 3029 δεῖ
1179 2976 1275 3029 ml
1322 2974 1602 3057 γεωργοῦ,
1626 2973 1945 3043 ἐπιμέλειαν
1994 2975 2091 3029 ml

507 3064 769 3137 ποιμένος
808 3059 1162 3134 κηδεμονίαν,
1205 3059 1301 3117 ml
1347 3057 1487 3129 μετά
1507 3056 1684 3110 ταῦτα
1710 3058 1888 3111 πάντα
1924 3058 2089 3129 μηδὲν
2128 3084 2146 3093 --

508 3150 672 3208 πλέον
692 3147 803 3203 τῶν
826 3144 1142 3214 ἀναγκαίων
1181 3142 1385 3213 ζητεῖν.
1427 3141 1620 3209 Δείξας
1650 3142 1832 3195 τοίνυν
1860 3142 1955 3197 ml
1980 3140 2091 3195 ἀπὸ

507 3233 622 3289 τῶν
647 3229 986 3296 ἀποστόλων,
1015 3229 1100 3281 ὅτι
1129 3226 1190 3280 ού
1218 3224 1526 3279 κεκώλυται
1554 3224 1859 3295 λαμϐάνειν
1884 3225 1976 3279 τὸν
2007 3225 2089 3279 δι-

508 3316 800 3381 δάσκαλον,
850 3314 946 3368 ml
987 3311 1096 3367 ἀπὸ
1124 3311 1233 3364 τῶν
1260 3309 1405 3364 κατά
1435 3308 1528 3363 τὸν
1562 3309 1676 3380 βίον
1711 3309 2091 3381 παραδειγμά-

509 3418 645 3465 των,
696 3401 795 3454 ml
843 3397 939 3451 ἐπὶ
985 3395 1172 3467 τρίτον
1240 3393 1267 3433 ι’
1316 3393 1614 3463 κεφάλαιον
1657 3391 1898 3464 ἔρχεται,
1947 3393 2092 3447 οὕτω

510 3486 706 3557 λέγων·
738 3480 837 3552 Μὴ
865 3479 1016 3536 κατά
1054 3477 1372 3546 ἄνθρωπον
1403 3476 1593 3531 ταῦτα
1620 3476 1826 3543 λαλῶ;
1867 3479 1907 3547 ἢ
1950 3477 2089 3548 οὐχὶ

510 3571 612 3627 καί
643 3573 675 3624 ό
711 3569 898 3636 νόμος
933 3562 1122 3618 ταῦτα
1153 3560 1357 3630 λέγει;
1399 3560 1619 3631 Ἐπειδὴ
1667 3561 1774 3634 γὰρ
1816 3561 1955 3621 τέως
1983 3563 2091 3615 ἀπὸ

512 3652 745 3727 Γραφῶν
795 3648 950 3703 οὐδὲν
1007 3641 1182 3708 εἶπεν,
1231 3644 1369 3698 ἀλλὰ
1411 3644 1510 3714 τὴν
1563 3643 1746 3715 κοινὴν
1803 3646 2091 3717 συνήθειαν

512 3735 870 3811 προεϐάλετο,
913 3730 1006 3803 Μὴ
1048 3728 1329 3811 νομίσητς
1345 3744 1435 3799 με,
1459 3728 1617 3798 φησὶ,
1641 3728 1853 3792 τούτοις
1879 3729 2092 3800 ἰσχυρί-

511 3806 702 3892 ζεσθαι
749 3819 952 3891 μόνοις,
1005 3813 1139 3885 μηδὲ
1168 3813 1261 3882 ἀφ’
1293 3806 1369 3866 ὧν
1417 3814 1531 3876 τοῖς
1557 3811 1869 3883 ἀνθρώποις
1917 3812 2087 3880 δοκεῖ,

511 3908 686 3965 ταῦτα
715 3902 1047 3977 νομοθετεῖν.
1077 3900 1226 3969 ’Ἐχω
1268 3896 1377 3969 γὰρ
1415 3897 1607 3964 δεῖξαι,
1641 3898 1722 3951 ὅτι
1751 3899 1844 3952 ml
1871 3897 1949 3970 τῷ
1971 3899 2092 3971 Θεῷ

510 3991 687 4047 ταῦτα
720 3988 888 4053 δοκεῖ,
938 3984 1033 4039 ml
1066 3983 1295 4036 παλαιὸν
1337 3979 1700 4050 ἀναγινώσκω
1724 3982 1889 4053 νόμον
1917 3982 2094 4039 ταῦτα

512 4072 823 4131 κελεύοντα.
855 4068 945 4122 Διὸ
971 4067 1066 4123 ml
1091 4065 1212 4120 κατ’
1242 4064 1510 4136 ἐρώτησιν
1540 4064 1772 4137 προάγει
1796 4064 1889 4120 τὸν
1910 4065 2090 4134 λόγον,

509 4161 650 4229 ὅπερ
692 4155 786 4209 ἐπὶ
816 4151 927 4208 τῶν
955 4151 1162 4221 σφόδρα
1203 4149 1643 4221 ὡμολογημένων
1679 4149 1915 4218 γίνεται,
1950 4150 2093 4205 οὕτω

513 4244 691 4311 λέγων
708 4255 722 4270 ·
767 4234 864 4305 Μὴ
916 4235 1067 4289 κατά
1113 4235 1429 4302 ἄνθρωπον
1459 4232 1649 4287 ταῦτα
1692 4232 1887 4304 λέγως
1921 4235 2093 4289 Τουτ-

514 4326 655 4389 έστι,
725 4322 819 4394 Μὴ
873 4318 935 4384 ἐξ
982 4316 1340 4388 ἀνθρωπίνων
1404 4315 1582 4387 μόνων
1628 4316 2093 4388 παραδειγμάτων

517 4406 900 4482 ῖσχυρίζομαι;
937 4399 1016 4457 Ἦ
1075 4399 1214 4469 οὐχὶ
1254 4398 1353 4482 καὶ
1401 4403 1434 4454 ό
1468 4402 1654 4470 νόμος
1683 4402 1870 4455 ταῦτα
1895 4402 2059 4473 λέγει
2072 4420 2092 4468 ;

529 4481 632 4549 Ἑν
663 4493 774 4563 τάρ
804 4487 886 4553 τῷ
916 4484 1077 4554 νόμῳ
1122 4481 1417 4548 Μωῦσέως
1471 4483 1827 4551 γέγραπται·
1872 4486 1955 4538 Οὐ
2000 4502 2094 4553 φι-

511 4576 735 4647 μώσεις
765 4571 928 4638 ,ϐοῦν
957 4565 1252 4624 ἀλοῶντα.
1297 4567 1410 4647 Kal
1447 4565 1593 4647 τίνος
1627 4563 1815 4623 ἕνεκεν
1844 4566 2093 4638 ἐμνήσθη

517 4645 730 4721 τούτου,
758 4654 820 4708 τὺ
866 4652 973 4706 τῶν
998 4649 1186 4720 ἱερέων
1207 4646 1517 4717 ὑπόδειγμα
1559 4645 1734 4717 ἐχων;
1768 4646 1864 4702 Ἐκ
1888 4649 2095 4722 πολλῆς

515 4745 617 4815 τῆς
635 4736 954 4811 περιουσίας
978 4733 1111 4787 αὐτὸ
1137 4730 1546 4815 κατασκευάσαι
1571 4730 1909 4801 βουλόμενος.
1936 4729 2090 4798 Εἶτα,

521 4813 610 4882 ἵνα
636 4826 711 4897 μή
737 4838 821 4886 τις
851 4819 1006 4892 λέγῃ,
1032 4816 1143 4872 Kal
1166 4815 1222 4869 τί
1249 4813 1385 4887 πρὸς
1409 4816 1557 4886 ἡμᾶς
1580 4815 1642 4869 τὸ
1673 4816 1798 4889 περὶ
1825 4816 1933 4871 τῶν
1955 4817 2094 4888 βοῶν

518 4908 840 4983 είρημένονς
885 4901 1314 4974 ἐπεξεργάζεται
1345 4901 1476 4956 αὐτὸ
1510 4900 1648 4983 μετά
1686 4901 1972 4973 ἀκριϐείας
2002 4902 2091 4957 λέ-

518 4982 666 5065 γφν-
709 4990 808 5060 Μὴ
865 4988 986 5044 τῶν
1035 4985 1205 5053 ,ϐοῶν
1253 4983 1426 5055 μέλει
1470 4982 1552 5051 τῷ
1596 4983 1718 5050 Θεῷ
1734 5001 1755 5051 ;
1806 4986 1880 5040 Οὐ
1941 4986 2093 5058 μέλει

516 5073 613 5135 οὖν
638 5076 771 5147 περὶ
801 5073 912 5128 τῶν
946 5070 1106 5142 βοῶν,
1156 5069 1280 5124 εἰπέ
1316 5086 1428 5141 μοι.
1458 5067 1536 5139 τῷ
1581 5067 1738 5139 Θεῷ;
1791 5070 1959 5124 Μέλει
1994 5071 2093 5141 μὲν

517 5157 632 5227 οὖν,
665 5161 765 5231 οὐχ
789 5157 930 5212 οὓτω
964 5157 1041 5222 δὲ,
1076 5154 1153 5218 ὡς
1181 5155 1277 5207 ml
1312 5153 1478 5224 νόμον
1505 5153 1677 5208 θεῖναι
1707 5153 1850 5225 ὑπὲρ
1874 5154 2088 5209 τούτου.

522 5248 691 5301 Ὥστε
745 5243 795 5296 εἰ
844 5241 919 5313 μὴ
957 5240 1102 5311 μέγα
1150 5256 1205 5292 τι
1264 5238 1530 5309 ᾐνίττετο,
1589 5238 1952 5309 ὲγγυμνάζων
1981 5241 2093 5303 τοῖς

517 5331 734 5398 ἀλόγοις
790 5327 917 5389 τοὺς
944 5322 1251 5386 Ἰουδαίους
1283 5323 1365 5386 εἰς
1394 5322 1454 5375 τὸ
1480 5317 1620 5375 εἶναι
1649 5321 2085 5394 φιλανθρώπους,

518 5415 612 5469 ml
662 5410 774 5466 ἀπὸ
820 5409 1026 5462 τούτων
1057 5405 1152 5460 ml
1185 5406 1316 5477 περὶ
1361 5405 1470 5458 τῶν
1520 5404 1858 5459 διδασκάλων
1907 5405 2093 5469 αὐτοῖς

515 5496 918 5565 διαλεγόμενος,
960 5491 1061 5545 οὐκ
1090 5489 1152 5543 ἂν
1189 5488 1461 5559 τοσαύτην
1504 5490 1796 5559 ἐποιήσατο
1833 5488 2089 5560 σπουδὴν,

515 5583 590 5646 ὼς
619 5579 714 5635 ml
742 5579 904 5648 νόμον
929 5574 1138 5646 γράψαι
1177 5575 1317 5645 ὑπὲρ
1347 5573 1441 5627 τοῦ
1496 5574 1571 5645 μὴ
1616 5572 1923 5645 κημοῦσθαι
1966 5576 2092 5638 τοὺς

521 5664 666 5731 βοῦς.
705 5660 985 5717 Ἐντεῦθεν
1031 5658 1125 5713 ml
1167 5657 1352 5729 ἔτερόν
1396 5675 1449 5710 τι
1492 5657 1756 5722 δείκνυσι,
1802 5657 1968 5711 πολὺν
2001 5657 2091 5710 τὸν

584 5833 835 5899 “Reguli:
861 5837 912 5884 ει
933 5837 1118 5899 ἀλόγων
1137 5838 1245 5886 ούδέ
1266 5838 1485 5898 πολέμων
1509 5839 1763 5895 αἰσθητῶν,
1782 5847 1939 5887 reme.
1964 5840 2090 5890 Emu

528 5903 667 5954 vero,
692 5895 808 5944 οὐδὲ
828 5895 1047 5959 πολέμων
1064 5901 1268 5964 ἀλόγων,
1337 5900 1362 5938 b
1389 5895 1536 5962 Reg.,
1572 5900 1813 5963 τέταρτον,
1843 5901 1988 5953 male.

1194 338 1254 393 S.
1293 336 1578 393 JOANNIS
1615 331 2102 390 CIIRYSOS'I‘OMI
2137 331 2460 390 AHCBIEP.
2498 333 3044 393 CONSTANTINOP.
3688 343 3783 400 1M

2189 453 2350 509 πόνον
2377 455 2484 509 τῶν
2522 456 2859 515 διδασκάλων
2877 460 2970 513 ml
3000 459 3148 524 ὄντα,
3171 456 3266 513 καὶ
3295 455 3447 516 εἶναι
3474 461 3781 530 ὀφείλοντα·

2152 569 2163 579 -
2190 539 2287 591 ml
2317 538 2504 611 ἕτερον
2536 541 2716 595 πάλιν.
2770 543 2926 596 Ποῖον
2959 543 3022 614 δὴ
3054 542 3246 611 τοῦτο;
3286 545 3423 596 Ὅτι
3473 546 3692 619 ὅσαπερ
3722 548 3784 600 ἂν

2188 621 2329 691 ὑπὲρ
2358 623 2456 694 τῆς
2489 626 2596 678 τῶν
2621 627 2831 694 ἀλόγων
2855 627 3173 698 ἐπιμελείας
3199 627 3364 698 παρά
3401 628 3511 699 τῆς
3542 630 3784 695 Παλαιᾶς

2189 704 2439 775 λέγηται,
2475 710 2907 780 προηγουμένως
2933 712 3014 773 είς
3042 711 3140 781 τὴν
3164 710 3279 765 τῶν
3304 710 3631 782 ἀνθρώπων
3665 730 3786 766 συν-

2187 793 2331 847 τελεῖ
2356 793 2702 848 διδασκαλίαν
2726 812 2741 826 υ
2778 796 2966 864 ὥσπερ
2995 791 3090 849 οὖν
3123 797 3217 850 ml
3249 796 3324 850 τά
3352 796 3501 851 ἀλλα
3550 798 3781 866 ἅπαντα,

2187 870 2299 931 οἷον
2327 876 2398 931 τά
2445 880 2573 952 περὶ
2624 879 2854 951 ἱματίων
2884 879 3164 947 ποικίλων,
3197 881 3300 935 καὶ
3329 879 3404 933 τά
3435 881 3572 951 περὶ
3604 882 3783 952 ἀμπε-

2187 959 2373 1015 λώνων
2419 962 2514 1015 ml
2544 964 2878 1034 σπερμάτων
2912 964 3006 1016 ml
3033 963 3127 1016 τοῦ
3173 963 3248 1035 μὴ
3296 963 3571 1034 διάφορον
3616 968 3783 1020 ποιεῖν

2186 1044 2287 1115 τὴν
2328 1045 2452 1115 γῆν,
2488 1046 2558 1099 τά
2611 1048 2741 1117 περὶ
2778 1046 3013 1118 λέπρας,
3049 1046 3144 1100 ml
3171 1046 3239 1099 τά
3269 1046 3440 1111 ἄλλα,
3470 1046 3553 1110 ώς
3591 1048 3779 1113 εἰπεῖν,

2189 1128 2425 1185 ἅπαντα.
2476 1132 2811 1203 Παχυτέροις
2837 1133 2947 1204 γὰρ
2997 1129 3144 1186 οὖσιν
3185 1130 3451 1184 ἐντεῦθεν
3494 1130 3779 1200 διελέγετο,

2189 1214 2331 1267 κατά
2360 1215 2558 1286 μικρὸν
2598 1216 2947 1281 ἀναϐιϐάζων
2977 1215 3193 1279 αὐτούς.
3222 1216 3342 1269 Kal
3368 1216 3478 1286 δρα
3505 1216 3627 1279 πῶς
3654 1218 3780 1270 αὐτὸ

2188 1299 2307 1353 οὐδὲ
2339 1302 2741 1367 κατασκευάζει
2769 1302 2974 1365 λοιπὸν,
3003 1301 3100 1354 ἀτε
3130 1301 3375 1371 φανερὸν
3396 1300 3471 1354 δν
3507 1300 3603 1353 ml
3625 1302 3778 1354 αὐτό-

2190 1382 2282 1436 θεν
2309 1384 2490 1453 δῆλον.
2546 1385 2732 1439 Εἰπὼν
2757 1386 2888 1456 γὰρ,
2935 1385 3032 1453 Μὴ
3078 1383 3200 1441 τῶν
3241 1382 3425 1449 ,βοῶν
3487 1383 3661 1454 μέλει
3704 1383 3777 1449 τῷ

2193 1466 2355 1532 deni);
2386 1469 2690 1539 ἐπήγαγεν,
2727 1466 2803 1525 'H
2832 1469 2908 1522 δι’
2937 1467 3115 1539 ἡμᾶς,
3140 1467 3392 1535 πάντως
3424 1468 3634 1537 λέγεις
3668 1469 3778 1521 οὐδὲ

2190 1552 2271 1615 τὸ,
2306 1552 2567 1619 Πάντως,
2602 1553 2788 1617 ἁπλῶς
2828 1553 3112 1624 προσθεὶς,
3153 1553 3272 1607 ἀλλ’
3322 1553 3416 1606 ῖνα
3457 1553 3536 1623 μὴ
3572 1569 3775 1622 συγχω-

2193 1638 2338 1709 ρήσῃ
2372 1636 2495 1706 μηδ’
2519 1638 2697 1691 ὁτιοῦν
2721 1640 2995 1692 ἀντειπεῖν
3021 1637 3098 1708 τῷ
3129 1638 3408 1709 ἀκροατῇ.
3443 1638 3559 1691 Kal
3589 1636 3775 1706 ἐπιμέ-

2191 1735 2272 1773 νει
2318 1722 2384 1790 τῇ
2437 1722 2722 1793 μεταφορᾷ
2782 1721 2954 1789 λέγων
3009 1725 3104 1775 ml
3157 1720 3651 1791 ἀποφαινόμενοςο
3703 1720 3774 1773 Δι’

2191 1800 2352 1871 ἡμᾶς
2383 1803 2495 1873 γὰρ
2519 1804 2767 1874 ἐγράφη,
2814 1804 2903 1858 ὅτι
2950 1803 3043 1858 ἐπ’
3086 1805 3295 1858 ἐλπίδι
3326 1805 3571 1874 ὀφείλει
3596 1806 3628 1857 ό
3650 1802 3773 1871 ἀρο-

2192 1885 2370 1952 τριῶν
2429 1887 2712 1955 ἀροτριᾷν
2734 1906 2748 1920 ·
2805 1888 3105 1954 τουτέστιν,
3142 1889 3173 1942 ό
3213 1886 3553 1950 διδάσκαλος
3586 1885 3771 1954 ὀφείλει

2191 1973 2301 2024 τῶν
2328 1972 2506 2026 πόνων
2555 1972 2654 2037 τάς
2706 1972 2942 2045 ἀμοιϐὰς
2977 1974 3152 2044 ἔχειν·
3203 1973 3312 2027 καί
3355 1976 3413 2027 δ’
3446 1972 3646 2027 ἀλοῶν
3675 1970 3772 2038 τῆς

2193 2054 2444 2122 ἐλπίδος
2492 2056 2681 2111 αὐτοῦ
2730 2057 3011 2127 μετέχειν
3049 2054 3200 2130 [188]
3253 2057 3355 2110 ἐπ’
3412 2056 3640 2110 ἐλπίδι.
3676 2057 3770 2110 Kal

2196 2137 2294 2192 θέα
2330 2139 2564 2194 σύνεσιν.
2604 2140 2737 2194 Ἀπὸ
2775 2142 2885 2213 γὰρ
2915 2140 3011 2194 τοῦ
3044 2142 3252 2213 σπόρου
3299 2141 3399 2193 ἐπὶ
3436 2139 3539 2212 τὴν
3579 2138 3685 2194 ἀλω
3715 2139 3766 2190 τὸ

2195 2224 2429 2294 πρᾶγμα
2476 2224 2800 2295 μετήνεγκε,
2849 2224 3014 2279 πάλιν
3047 2222 3342 2280 κάνταῦθα
3388 2224 3520 2287 τοὺς
3564 2222 3764 2284 πολλοὺς

2199 2307 2430 2379 ίδρῶτας
2478 2308 2585 2379 τῶν
2616 2307 2954 2363 διδασκάλων
3007 2309 3328 2380 ἐμφαίνων,
3361 2308 3447 2362 ὅτι
3498 2308 3650 2361 αὐτοὶ
3687 2306 3760 2359 καὶ

2194 2392 2495 2463 ἀροτριῶσι
2531 2392 2625 2446 ml
2672 2392 2772 2463 τὴν
2805 2392 2918 2447 άλω
2950 2393 3218 2465 τρίϐουσι.
3278 2393 3399 2447 Kal
3443 2392 3540 2446 ἐπὶ
3567 2392 3661 2463 μέν
3686 2389 3754 2443 τοῦ

2195 2474 2476 2546 ἀροτριᾷν,
2525 2475 2714 2548 ἐπειδὴ
2750 2476 2903 2530 οὐδὲν
2939 2472 3008 2548 ἦν
3059 2475 3505 2548 καρπώσασθαι,
3540 2474 3665 2530 ἀλλά
3686 2473 3757 2526 πό-

2197 2574 2306 2621 νον,
2365 2557 2464 2630 τὴν
2511 2558 2704 2613 ἐλπίδα
2731 2558 3015 2615 τέθεικεν·
3051 2561 3145 2613 ἐπὶ
3195 2559 3264 2614 δὲ.
3315 2559 3415 2614 τοῦ
3459 2559 3658 2631 τρίϐειν
3678 2555 3756 2627 τὴν

2199 2641 2333 2706 ἀλῶ,
2365 2641 2465 2715 ήδη
2517 2643 2618 2715 τὴν
2668 2645 2970 2715 ἀπόλαυσιν
3025 2645 3331 2717 ἐχαρίσατο
3382 2644 3576 2714 λέγων’
3605 2642 3700 2696 Καὶ
3726 2641 3754 2692 0'

2196 2725 2398 2781 ἀλοῶν
2433 2726 2545 2797 τῆς
2575 2729 2828 2795 ἐλπίδος
2855 2728 3045 2784 αὐτοῦ
3070 2729 3337 2799 μετέχει.

2267 2806 2310 2862 δ’
2317 2852 2332 2864 .
2363 2806 2515 2875 Εἶτα,
2535 2811 2622 2865 ἵνα
2658 2813 2884 2885 μὴολέγῃ
2901 2831 3008 2879 τις,
3030 2813 3177 2883 Αὕτη
3207 2810 3355 2885 οῦνή
3384 2813 3493 2867 τῶν
3518 2809 3750 2865 τοσούτων

2202 2894 2442 2967 ἱδρώτων
2478 2897 2728 2967 ἀμοιϐή;
2770 2898 3134 2969 προσέθηκεν,
3175 2898 3301 2952 Ἐπ’
3356 2897 3573 2963 ἐλπίδι,
3615 2910 3744 2947 τουτ-

2198 2978 2336 3045 έστι,
2365 2982 2430 3051 τῇ
2467 2979 2756 3054 μελλούσῃ.
2804 2980 2971 3034 Οὐδὲν
2998 2977 3093 3035 οὖν
3122 2981 3319 3053 ἕτερον
3348 2982 3413 3035 τὸ
3450 2982 3606 3051 στόμα
3628 2978 3741 3045 ἀκή-

2203 3081 2381 3134 μωτον
2405 3063 2465 3117 ὂν
2495 3063 2589 3118 τοῦ
2633 3063 2774 3127 ζώου
2816 3064 3006 3118 τούτου
3047 3066 3166 3137 βοᾷ,
3189 3067 3225 3138 ἢ
3255 3069 3341 3122 ὅτι
3378 3068 3509 3130 τοὺς
3531 3061 3743 3118 διδασκά-

2198 3147 2325 3210 λους
2351 3148 2479 3212 τοὺς
2516 3146 2816 3212 πονοῦντας
2863 3147 2944 3201 δεῖ
2972 3150 3067 3203 ml
3091 3150 3339 3221 ἀμοιϐῆς
3362 3147 3663 3205 ἀπολαύειν.
3688 3144 3749 3197 El

2198 3229 2370 3299 ἡμεῖς
2408 3230 2553 3300 {mir
2589 3234 2662 3286 τὰ
2700 3234 3073 3301 πνευματικὰ
3102 3232 3499 3305 ἐσπείραμεν,
3527 3230 3682 3301 μέγα,
3707 3226 3750 3279 ει

2199 3311 2373 3379 ἡμεῖς
2397 3310 2566 3380 ὑμῶν
2589 3310 2661 3365 τὰ
2697 3313 2959 3378 σαρκικὰ
2985 3312 3312 3383 θερίσομεν
3326 3330 3348 3378 ;
3399 3313 3529 3367 Ἰδοὺ
3573 3309 3658 3363 καὶ
3678 3305 3750 3359 τέο

2198 3410 2398 3464 ταρτον
2430 3393 3031 3467 προστίθησιλογισμδν
3062 3396 3203 3467 ὑπὲρ
3233 3396 3333 3452 τοῦ
3359 3396 3473 3450 δεῖν
3501 3392 3746 3465 παρέχειν.

2212 3475 2432 3549 Ἐπειδὴ
2488 3477 2604 3550 γάρ
2649 3473 2794 3543 εἶπε,
2834 3479 2931 3544 Τίς
2965 3480 3360 3547 στρατεύεται
3414 3479 3579 3543 ἰδίοις
3617 3476 3747 3542 ὄψιν

2199 3561 2355 3627 νίοις
2413 3560 2589 3626 ποτέ;
2635 3562 2749 3628 ml,
2804 3562 2901 3629 Τίς
2951 3564 3195 3632 φυτεύει
3250 3561 3609 3634 ἁμπελῶνα;
3652 3557 3744 3614 καὶ.

2206 3646 2305 3712 Τίς
2343 3647 2645 3717 ποιμαίνει
2689 3646 2996 3716 ποίμνην;
3042 3649 3135 3701 ml
3188 3650 3488 3720 παρήγαγε
3515 3646 3602 3698 τὸν
3642 3638 3743 3713 βοῦν

2200 3730 2289 3785 τὸν
2317 3729 2583 3793 ἀλοῶντα,
2639 3729 2880 3785 δείκνυσι
2912 3731 3009 3785 καὶ
3045 3731 3215 3804 ἀλλην
3262 3733 3446 3787 αἰτίαν
3477 3723 3743 3796 εὐλογωτὰ·

2200 3832 2323 3886 την,
2355 3815 2423 3869 δι’
2465 3814 2536 3885 ἥν
2575 3809 2718 3886 ἦσαν
2754 3813 2955 3868 δίκαιοι
2988 3813 3193 3880 λαϐεῖν,
3227 3815 3309 3880 ὡς
3340 3813 3523 3884 πολλῷ
3554 3808 3742 3881 μείζονα

2201 3899 2633 3973 παρεσχηκότες,
2686 3899 2871 3953 οὐκέτι
2924 3899 3000 3964 ώς
3043 3900 3316 3971 καμόντες
3351 3900 3528 3972 μόνον.
3554 3896 3640 3959 Τίς
3666 3887 3741 3947 οὖν

2201 3987 2350 4039 ἐστιν
2373 3985 2497 4051 ;~El
2522 3983 2695 4053 ἡμεῖς
2721 3982 2864 4052 ὑμῖν
2887 3984 2960 4038 τὰ
2982 3988 3361 4055 πνευματικά
3394 3984 3738 4052 ἐσπείραμεν.

2195 4069 2373 4139 μέγα,
2426 4070 2479 4123 εί
2528 4068 2698 4136 ἡμεῖς
2747 4068 2916 4138 ὑμῶν
2976 4069 3049 4125 τὰ
3111 4071 3374 4139 σαρκικὰ
3429 4069 3739 4139 θερίσομενὶ

2202 4150 2355 4216 Εἶδες
2390 4151 2740 4221 δικαιοτάτην
2772 4152 2953 4206 αἰτίαν
2979 4155 3074 4207 ml
3099 4153 3208 4209 τῶν
3237 4157 3520 4229 προτέρων
3546 4151 3742 4216 εὐλογω-

2201 4238 2406 4312 τέραν;
2454 4238 2600 4290 Ἐκεῖ
2649 4238 2745 4308 μὲν
2797 4239 2930 4308 γὰρ,
2983 4241 3139 4310 φησὶ,
3182 4240 3447 4313 σαρκικὸς
3491 4241 3520 4292 ό
3553 4235 3737 4313 σπόροςε

2204 4310 2465 4392 σανρκικὸς
2494 4321 2588 4375 καὶ
2614 4322 2645 4374 ό
2673 4322 2884 4392 καρπός
2907 4339 2922 4354 ο
2957 4323 3194 4378 ἐνταῦθα
3217 4310 3276 4378 δέ
3308 4325 3407 4393 οὐχ
3438 4320 3620 4381 οὕτως,
3646 4310 3738 4368 ἀλλ’

2200 4408 2229 4460 ό
2268 4405 2367 4477 μὲν
2409 4405 2607 4475 σπόρος
2653 4407 3038 4476 πνευματικὸς,
3067 4408 3100 4477 ή
3128 4407 3186 4461 δέ
3215 4407 3487 4466 ἀντίδοσις
3516 4394 3736 4473 σαρκική.

2204 4488 2322 4543 ’Ὶνα
2354 4487 2464 4559 γάρ
2502 4487 2577 4558 μὴ
2610 4488 2754 4558 μέγα
2783 4488 3054 4558 φρονῶσιν
3101 4492 3151 4543 οῖ
3194 4491 3526 4559 παρέχοντες
3551 4484 3653 4542 τοῖς
3674 4478 3738 4529 δι-

2201 4573 2511 4636 δασκάλοις,
2543 4571 2745 4637 ἔδειξεν
2767 4573 2850 4626 ὅτι
2881 4573 3104 4643 μείζονα
3130 4574 3515 4645 λαμϐάνουσιν,
3540 4562 3736 4637 ῆδιδὸα-

2202 4673 2309 4711 σιν.
2353 4656 2417 4710 Οί
2480 4656 2580 4728 μὲν
2626 4656 2737 4726 γὰρ
2765 4658 3022 4728 γεωργοὶ,
3052 4657 3199 4728 άπερ
3237 4656 3304 4711 ἂν
3347 4648 3738 4728 κατασπείρωιῖιι

2200 4743 2375 4797 ταῦτα
2400 4725 2495 4795 ml
2522 4725 2911 4813 λαμϐάνουσιῶ
2943 4742 3105 4812 ἡμεῖς
3134 4725 3192 4795 δέ
3220 4740 3531 4812 σπείροντες
3554 4733 3627 4794 εὶς
3655 4725 3738 4813 τᾲς

2203 4828 2475 4900 ὑμετέρας
2527 4810 2706 4898 ψυνχάς
2752 4810 3119 4897 πνευματικὰ,
3155 4810 3444 4898 θερίζομεν
3495 4810 3735 4900 σαρκῇω

2202 4891 2442 4965 τοιοῦτον
2484 4891 2676 4981 γάρ’-ἠ
2728 4908 2859 4980 παρ’
2892 4891 3072 4962 αὐτῶν
3099 4891 3357 4980 διδομένη
3401 4903 3584 4977 τροφή.
3611 4891 3739 4986 ῨΕἷξα

2202 4997 2299 5051 ml
2323 4995 2843 5067 ἐντρεπτικώτεροψ
2874 4996 2944 5047 Εί
2975 4994 3152 5049 ἄλλοι
3174 4993 3285 5063 τῆς
3301 4988 3577 5057 ἐξουσίας

2197 5056 2581 5150 μετέχουσιν,
2624 5080 2698 5132 οὐ
2728 5056 2941 5144 πολλῷ
2967 5075 3210 5148 μᾶλλον
3233 5056 3467 5146 ’ἦμὲῖςὶ
3506 5065 3629 5123 Ἰδοὺ
3657 5056 3736 5150 “in

2203 5142 2388 5235 ἔτερος
2442 5162 2605 5217 πάλιν
2650 5142 2930 5234 λογισμὸς,
2964 5142 3057 5228 καὶ
3086 5163 3247 5227 αὐτὸς
3285 5142 3353 5214 ἐκ
3397 5142 3735 5226 παραδειγμά·

2202 5266 2334 5314 των,
2380 5247 2494 5301 ἀλλ’
2543 5248 2643 5319 οὐχ
2674 5248 2895 5319 ὁμοίων.
2923 5240 3058 5300 Οὑδέ
3109 5247 3217 5319 γὰρ
3246 5245 3446 5313 Πέτρου
3495 5236 3733 5323 μέμνητξιι

2203 5332 2457 5395 ἐνταῦθα,
2507 5332 2631 5386 οὔτε
2679 5332 2789 5385 τῶν
2839 5330 3177 5393 ἀποστόλων,
3212 5329 3327 5385 ἀλλ’
3360 5326 3551 5395 ἐτέρων

2202 5417 2392 5481 νόθων,
2435 5419 2572 5487 πρὸς
2622 5416 2715 5480 οὓς
2758 5414 2987 5487 ὕστερον
3040 5417 3351 5475 ἀποδύεται,
3394 5408 3481 5464 ml
3522 5399 3637 5487 περὶ

2202 5517 2389 5572 φησιν’
2419 5485 2495 5556 Ei
2524 5519 2614 5567 τις
2643 5498 2800 5571 ὑμᾶς
2831 5485 3155 5563 κατεσθίει,
3180 5499 3236 5553 εἴ
3264 5515 3352 5560 τις
3384 5485 3656 5572 λαμϐάνειν
3681 5488 3725 5572 εξ

2201 5562 2291 5650 τις
2316 5562 2645 5652 ἐπαίρεται,
2674 5562 2730 5637 ἐι
2760 5562 2849 5649 τις
2882 5586 2972 5649 είς
3009 5585 3331 5651 πρόσωπον
3356 5573 3501 5645 ὑμᾶς
3529 5562 3719 5652 διείρεν

2201 5646 2295 5722 ml
2322 5670 2412 5721 τδν
2443 5646 2580 5738 πρὸς
2608 5646 2848 5729 ἐκείνους
2877 5646 2979 5738 ἢδη
3010 5646 3467 5737 π’ροανακρούεται
3497 5646 3717 5738 πόλειίογ·

2204 5754 2292 5806 Διὸ
2320 5752 2440 5805 οὐδὲ
2471 5729 2645 5816 εἶπεν,
2688 5752 2750 5804 Εἰ
2793 5729 2943 5805 ἄλλοι
2966 5729 3327 5821 ’λαμϐάνουσι
3360 5755 3379 5783 ο
3424 5732 3541 5806 παρ’
3567 5729 3712 5797 ὑμῶν’

2266 5910 2286 5938 ⁸
2319 5907 2464 5965 Βριξ..
2491 5906 2527 5954 εἰ
2552 5904 2686 5953 ἄλλοι
2708 5904 2760 5952 ού
2783 5903 3093 5965 λαμϐάνουσι.
