3992 6412
188 369 285 422 ἱτῗῑ

257 485 314 538 3.
369 481 622 554 Ideoque
675 483 748 538 ad
789 480 932 547 aliud
971 480 1178 550 pergit,
1223 489 1276 534 et
1322 479 1439 533 ait:
1476 477 1602 544 Quis
1639 478 1788 546 plan-

200 587 267 631 tat
315 575 524 630 vineam
552 617 569 636 .
627 584 677 628 et
735 591 798 630 ex
839 574 1004 643 [ructu
1044 574 1152 641 ejus
1189 589 1290 626 non
1330 571 1469 626 edit?
1505 571 1609 626 Per
1664 569 1790 624 illud

204 669 352 741 enim‘
391 667 681 736 pericula,
736 682 832 735 per
881 665 978 720 hoc
1031 679 1158 719 vero
1207 664 1482 726 laborem,
1536 663 1792 732 defatiga—

209 763 400 816 tionem
453 761 688 814 multam
742 768 797 812 et
845 771 1025 811 curam
1075 756 1385 810 declaravit.
1434 755 1785 824 Tertiumque

211 867 385 909 rursus
416 852 648 922 apponit
684 851 985 920 exemplum
1033 849 1218 904 dicens
1251 868 1264 903 :
1302 850 1426 917 Quis
1471 850 1631 919 pascit
1676 867 1791 920 gre-

213 960 340 1014 gem,
369 952 415 996 et
442 945 508 997 de
543 943 674 996 lacte
702 944 813 1014 ejus
838 958 938 995 non
963 941 1105 994 edit?
1128 940 1321 996 Curam
1364 941 1582 996 multam
1607 982 1622 1007 ,
1669 957 1788 1012 qua:

209 1036 478 1089 doctorem
507 1034 559 1087 in
585 1032 888 1088 erudiendis
905 1032 1179 1102 discipulis
1216 1032 1392 1100 decet,
1419 1032 1507 1088 hic
1533 1033 1784 1089 ostendit.

201 1126 326 1181 Nam
350 1136 408 1180 et
433 1125 634 1180 milites
659 1134 712 1180 et
732 1125 976 1194 agricolae
1000 1133 1054 1179 et
1077 1133 1319 1193 pastores
1344 1125 1571 1194 apostoli
1602 1135 1784 1193 erant;

196 1235 300 1274 non
325 1228 494 1273 terrm
519 1233 692 1287 neque
715 1218 988 1271 brutorum
1013 1231 1184 1287 neque
1202 1216 1461 1272 bellorum
1481 1217 1782 1284 sensilium,

193 1312 289 1369 scd
318 1311 630 1366 animarum
660 1310 997 1364 rationalium
1041 1319 1096 1364 et
1141 1309 1312 1375 aciei,
1362 1326 1480 1379 quae
1527 1310 1787 1366 adversus

190 1407 482 1462 daemonas
508 1405 805 1460 instruitur.
840 1403 972 1458 Illud
1003 1419 1214 1474 quoque
1241 1404 1632 1459 observandum
1662 1414 1745 1460 est
1767 1447 1783 1473 ,

190 1499 479 1570 quomodo
509 1497 702 1569 ubique
729 1496 1145 1553 moderationem
1165 1495 1484 1564 adhibuerit,
1503 1498 1785 1554 utilitatem

187 1593 372 1648 solum
405 1607 654 1664 quaerens
673 1633 690 1659 ,
721 1606 828 1645 non
860 1606 949 1646 res
974 1591 1290 1661 superﬂuas.
1320 1591 1435 1645 Non
1464 1592 1607 1647 enim
1629 1593 1778 1658 dixit,

189 1687 324 1755 Quis
350 1694 559 1758 pugnat
577 1693 634 1741 et
659 1701 764 1740 non
786 1684 934 1739 dives
960 1687 1084 1738 est?
1114 1683 1209 1738 sed
1227 1725 1244 1751 ,
1279 1684 1404 1750 Quis
1449 1686 1633 1738 militat
1676 1687 1781 1740 suis

188 1779 466 1849 stipendiis
494 1776 769 1848 umquam?
802 1775 920 1832 Non
945 1775 1098 1842 dixit,
1125 1775 1255 1842 Quis
1276 1775 1707 1846 plantatvineam
1729 1786 1784 1832 et

187 1886 299 1927 non
319 1870 534 1942 colligit
557 1885 768 1935 aurum,
799 1878 888 1924 aut
913 1866 1145 1923 fructum
1172 1875 1340 1922 totum
1365 1883 1470 1924 non
1501 1867 1782 1939 decerpit?

188 1964 313 2032 sed,
344 1963 436 2019 Ea:
460 1969 632 2036 fructu
657 1965 764 2034 ejus
790 1979 890 2016 non
923 1962 1179 2016 comedit?
1203 1960 1388 2032 Neque
1429 1961 1601 2030 dixit,
1649 1961 1780 2031 Quis

186 2058 365 2127 pascit
394 2072 613 2128 gregem
643 2066 698 2111 et
724 2056 791 2111 de
819 2055 970 2126 agnis
997 2069 1104 2114 non
1133 2063 1350 2110 exercet
1377 2064 1731 2111 mercaturam
1757 2055 1781 2109 ?

189 2148 285 2204 sed
310 2147 632 2219 quomodo?
658 2146 724 2200 Et
751 2163 820 2205 ea:
847 2147 954 2217 ejus
983 2147 1111 2201 lacte
1135 2162 1234 2200 non
1258 2147 1512 2200 comedit?
1553 2145 1668 2202 Non
1712 2163 1780 2202 ex

191 2243 371 2314 agnis,
395 2242 492 2298 sed
520 2240 604 2296 Ea:
622 2242 784 2306 lacte;
813 2239 1101 2295 ostendens
1116 2239 1388 2295 doctorem
1407 2255 1569 2311 parvo
1588 2240 1780 2296 solatio

189 2341 509 2391 cantantum
535 2348 655 2389 esse
680 2344 960 2404 oportere,
1005 2333 1230 2404 soloque
1280 2334 1585 2388 necessario
1635 2333 1775 2388 cibo.

187 2423 314 2480 Hac
339 2424 412 2479 ad
435 2438 534 2480 eos
556 2465 572 2490 ,
601 2424 691 2494 qui
721 2423 901 2480 volunt
921 2424 1096 2478 omnia
1122 2422 1408 2479 comedere
1426 2463 1442 2487 ,
1470 2432 1524 2478 et
1547 2422 1774 2479 fructum

184 2524 360 2572 tutum
393 2515 708 2586 decerpere.
755 2515 903 2570 Hanc
946 2523 1000 2570 et
1044 2515 1301 2570 Dominus
1344 2515 1517 2587 legem
1546 2517 1773 2586 'posuit,

183 2606 418 2663 dicens:
451 2605 657 2678 Dignus
685 2616 757 2662 est
800 2608 1063 2678 operarius
1104 2607 1214 2662 cibo
1267 2625 1360 2662 suo
1411 2608 1639 2678 (Matth.
1684 2611 1772 2666 10.

185 2701 314 2770 10).
343 2700 466 2756 Non
509 2701 614 2755 hoc
654 2710 833 2756 autem
879 2701 1051 2756 solum
1098 2701 1360 2771 exemplis
1411 2702 1633 2771 probat,
1682 2703 1774 2758 sed

182 2791 344 2848 etiam
397 2791 642 2847 oSLendit
689 2791 902 2861 qualem
953 2801 1201 2862 oporteat
1249 2807 1370 2848 esse
1419 2793 1772 2848 sacerdotem.

181 2883 400 2942 Etenim
427 2887 589 2941 militi
617 2885 814 2942 habere
838 2885 1204 2942 fortitudinem
1233 2903 1367 2958 opus
1393 2895 1494 2954 est,
1527 2889 1775 2960 agricola:
1811 2905 1816 2908 ·

173 2991 391 3047 curam,
421 2977 636 3049 pastori
663 2977 1075 3034 sollicitudinem
1111 2996 1125 3033 :
1156 2994 1219 3034 ac
1271 2989 1392 3050 post
1440 2982 1555 3034 haec
1595 2981 1774 3036 omnia

171 3067 319 3122 nihil
344 3068 576 3140 amplius
605 3084 849 3140 quaerere
877 3085 1034 3140 quam
1063 3071 1386 3126 necessaria.
1427 3069 1559 3124 Cum
1588 3079 1773 3126 osten-

184 3159 370 3215 disset
392 3175 531 3233 ergo,
561 3178 673 3218 non
699 3176 820 3219 esse
840 3163 1060 3218 vetitum
1089 3163 1295 3219 doctori
1326 3166 1591 3234 accipere,
1623 3176 1678 3220 et
1707 3179 1775 3222 ex

197 3251 494 3312 doctoribus
524 3265 580 3311 et
607 3271 676 3311 ex
706 3257 830 3311 vitm
859 3256 1182 3326 quotidianae
1206 3256 1470 3326 exemplis
1494 3297 1510 3320 ,
1541 3256 1608 3312 ad
1659 3265 1772 3313 ter-

194 3344 322 3400 tium
348 3358 512 3418 aput
533 3348 713 3415 venit,
741 3349 820 3403 sic
851 3347 1036 3404 dicens
1064 3367 1078 3402 :
1107 3341 1162 3404 8.
1199 3347 1462 3419 Numquid
1499 3349 1775 3402 secundum

181 3437 439 3495 hostium
465 3442 576 3495 haec
600 3441 713 3495 dico
734 3441 760 3495 ?
774 3458 841 3496 an
863 3451 908 3496 et
933 3441 1017 3496 lea:
1033 3441 1140 3495 haec
1165 3457 1267 3504 non
1293 3442 1415 3494 dicit
1433 3442 1458 3496 ?
1475 3440 1606 3508 Quia
1629 3441 1773 3496 enim

181 3529 446 3590 hactenus
474 3549 545 3589 ex
567 3533 860 3604 Scripturis
902 3532 1033 3588 nihil
1071 3533 1234 3598 dixit,
1287 3533 1383 3589 sed
1435 3548 1773 3589 communem

184 3625 404 3694 protulit
453 3625 900 3681 consuetudinem
929 3665 944 3690 ,
991 3623 1068 3680 Ne
1114 3623 1313 3696 putetis
1360 3639 1447 3680 me
1489 3665 1503 3691 ,
1562 3624 1772 3694 inquit,

192 3715 334 3772 hisce
364 3717 466 3772 niti
495 3717 628 3772 solis
649 3757 666 3784 ,
698 3730 873 3786 neque
902 3731 968 3770 ex
994 3715 1269 3770 hominum
1298 3715 1490 3786 placito
1518 3715 1633 3770 haec
1661 3721 1774 3770 sta-

196 3817 338 3864 tuere
366 3827 380 3862 :
408 3824 634 3881 possum
678 3808 821 3864 enim
867 3807 1188 3873 ostendere,
1237 3807 1353 3862 hazc
1401 3807 1512 3863 Deo
1561 3821 1775 3877 quoque

196 3901 376 3970 placita
395 3917 537 3964 esse,
558 3910 614 3956 et
634 3910 864 3957 veterem
884 3901 1001 3972 lego
1024 3901 1192 3970 legem
1217 3899 1331 3954 hcec
1355 3899 1772 3968 praecipientem.

203 3993 317 4048 Ideo
349 4009 444 4063 per
473 3993 948 4063 interrogationem
982 3991 1318 4062 progreditur
1343 4032 1357 4058 ,
1388 3990 1463 4044 uti
1491 3990 1630 4045 solet
1658 3989 1774 4045 fieri

207 4083 251 4138 in
292 4085 395 4151 iis,
442 4099 564 4155 quae
609 4085 828 4139 omnino
869 4085 922 4138 in
970 4085 1215 4138 confesso
1259 4092 1403 4146 sunt,
1433 4083 1512 4137 sic
1540 4081 1772 4136 dicens:

212 4176 462 4248 Numquid
482 4179 758 4233 secundum
786 4178 1037 4231 hominem
1073 4179 1180 4232 [nec
1207 4177 1362 4231 dico?
1388 4176 1443 4231 Id
1471 4186 1554 4231 est
1581 4219 1596 4244 ,
1637 4174 1774 4230 Num

209 4268 439 4325 humanis
463 4279 666 4324 tantum
695 4269 955 4339 exemplis
986 4270 1158 4324 nitor?
1183 4259 1542 4323 Annon’etiam
1573 4269 1778 4322 lemluec

209 4360 357 4415 dicit?
393 4361 447 4416 9.
485 4360 747 4428 Scriptum
777 4370 848 4414 est
879 4361 1010 4414 enim
1034 4361 1085 4414 in
1111 4361 1217 4431 lege
1243 4360 1437 4431 Moysi;
1467 4376 1484 4414 :
1509 4357 1629 4412 Non
1658 4357 1777 4412 alli-

207 4453 335 4521 gabis
361 4470 415 4507 os
443 4452 556 4506 bovi
586 4453 866 4505 trituranti.
901 4453 967 4506 Et
996 4467 1090 4508 cur
1139 4453 1251 4508 lure
1303 4460 1600 4515 memorat,
1654 4466 1773 4505 cum

208 4541 417 4598 haberet
456 4542 762 4612 exemplum
793 4543 1172 4597 sacerdotum?
1201 4542 1501 4596 Admodum
1542 4541 1774 4595 ubertim

211 4633 312 4690 lucc
339 4635 571 4706 probare
599 4635 805 4691 volens.
825 4635 1045 4700 Deinde,
1070 4651 1136 4689 ne
1159 4636 1278 4705 quis
1299 4635 1502 4688 diceret
1532 4652 1545 4689 :
1577 4633 1777 4703 Ecquid

208 4728 266 4780 ad
295 4743 409 4794 nos,
428 4727 575 4798 quod
604 4727 670 4782 de
695 4728 865 4783 bobus
895 4728 1095 4784 dictum
1125 4729 1246 4782 est?
1268 4729 1367 4782 hoc
1383 4738 1630 4782 accurate
1657 4727 1775 4781 dis-

208 4820 328 4873 catit
349 4818 538 4873 dicens
565 4835 578 4873 :
613 4816 876 4887 Numquid
906 4824 968 4872 de
1018 4818 1170 4873 bobus
1192 4834 1313 4872 cura
1342 4827 1414 4873 est
1435 4817 1582 4872 Deo?
1609 4817 1778 4873 Boves

219 4923 330 4979 ergo
354 4925 457 4964 non
491 4918 664 4975 curat,
689 4924 872 4978 quaeso
901 4918 972 4975 te,
997 4908 1176 4965 Deus?
1203 4907 1370 4964 Curat
1414 4909 1596 4978 utique
1622 4949 1637 4975 ,
1682 4909 1776 4963 sed
1821 4965 1825 4972 η

227 5015 323 5054 non
340 5001 423 5066 ita,
456 5011 519 5056 ut
542 5001 613 5056 de
638 5001 722 5056 illa
747 5018 808 5056 re
840 5001 1007 5072 legem
1037 5002 1236 5057 tulerit.
1272 5001 1607 5072 Quapropter
1631 5043 1645 5064 ,
1676 5003 1779 5057 nisi

223 5109 450 5164 magnum
480 5093 606 5165 quid
636 5093 1018 5162 subindicaret,
1046 5093 1257 5149 Iudaeos
1288 5109 1383 5164 per
1427 5094 1579 5148 bruta
1626 5107 1780 5148 exer-

216 5203 344 5244 cens
367 5187 427 5241 ad
455 5188 836 5259 benignitatem
860 5229 874 5252 ,
897 5197 1056 5258 atque
1079 5188 1239 5242 etiam
1279 5187 1399 5241 illos
1429 5202 1520 5256 per
1560 5186 1676 5241 luce
1713 5187 1780 5241 de

214 5279 510 5336 doctoribus
536 5281 842 5350 alloquens,
871 5293 975 5333 non
1006 5279 1111 5333 tale
1139 5279 1464 5347 suscepisset
1509 5277 1740 5332 studium
1762 5318 1778 5344 ,

212 5382 336 5430 utet
363 5373 528 5444 legem
552 5374 818 5458 scribere;
857 5371 924 5426 de
968 5371 1138 5426 bobus
1175 5385 1331 5427 eamo
1359 5360 1488 5450 'non
1530 5371 1776 5440 ligandis.

216 5467 329 5522 lude
352 5475 528 5520 autem
551 5465 695 5518 aliud
717 5462 975 5527 ostendit,
1002 5465 1226 5518 multum
1247 5479 1369 5519 esse
1394 5462 1672 5518 doctorum
1703 5463 1780 5516 la-

221 5560 382 5614 borem
414 5565 472 5611 et
501 5570 620 5610 esse
649 5554 887 5618 debere;
933 5553 1181 5622 aliudque
1227 5568 1460 5608 rursum.
1500 5552 1778 5618 Quodnam

223 5649 369 5705 illud?
395 5646 550 5715 Quod
581 5659 936 5715 quaecumque
957 5643 1008 5697 in
1035 5643 1205 5699 veteri
1233 5643 1348 5714 lege
1391 5644 1458 5700 de
1503 5646 1781 5698 brutorum

224 5755 325 5795 mra
349 5739 622 5804 dicuntur,
656 5735 722 5790 ad
745 5735 1018 5791 hominum
1041 5736 1336 5792 doctrinam
1362 5737 1626 5808 prcecipue
1653 5750 1784 5789 con-

229 5831 410 5902 lerant;
447 5840 505 5885 ut
534 5839 586 5885 ct
607 5827 711 5884 alia
733 5827 912 5884 omnia
944 5845 956 5882 :
986 5828 1131 5885 verbi
1157 5829 1344 5900 gratia,
1378 5843 1496 5899 qua:
1523 5825 1589 5882 de
1614 5825 1777 5882 variis

1237 366 1299 420 lN
1339 365 1552 422 EPIST.
1597 363 1614 418 Ι
1679 361 1771 419 AD
1807 360 1962 417 COR.
2001 361 2230 417 llOMlL.
2275 363 2418 420 XXI.

3382 376 3484 430 174

1895 473 2156 544 vestibus,
2183 492 2303 547 qua:
2317 477 2382 534 de
2401 479 2588 545 vineis,
2615 481 2682 534 de
2704 483 3016 552 seminibus,
3043 485 3110 542 de
3142 495 3314 551 terra,
3339 493 3482 559 quod

1900 580 2006 619 non
2036 564 2244 622 diversa
2272 567 2513 624 facienda
2541 571 2646 637 sit,
2675 571 2744 627 de
2770 573 2952 646 lepra;
3001 576 3174 644 deque
3216 578 3336 633 aliis
3360 620 3375 644 ,
3425 592 3482 634 ut

1900 653 1969 706 ita
1991 653 2164 709 dicam
2183 697 2198 722 ,
2229 659 2496 713 omnibus.
2526 659 2657 716 Cum
2689 663 2829 718 enim
2855 666 2927 719 illi
2956 669 3247 724 crassiores
3277 685 3477 735 essent,

1899 742 2023 799 hinc
2047 745 2346 802 disserebat
2371 765 2492 804 cum
2527 751 2648 818 illis,
2682 755 2934 823 paulatim
2964 758 3107 827 ipsos
3134 761 3365 830 erigens.
3412 762 3480 816 Et

1895 835 2016 891 vide
2056 838 2326 907 quomodo
2371 840 2475 896 hoc
2513 859 2620 898 non
2666 845 2802 899 ultra
2844 849 3064 916 probet,
3115 860 3296 920 utpote
3335 854 3478 922 quod

1895 925 2110 993 planum
2141 936 2194 982 et
2223 943 2286 983 ex
2317 945 2376 984 se
2404 932 2740 989 manifestum
2771 936 2858 989 sit.
2889 935 3022 992 Cum
3054 939 3279 996 dixisset
3306 944 3476 1010 enim,

1896 1015 2162 1088 Numquid
2205 1022 2269 1074 de
2309 1021 2464 1077 bobus
2485 1041 2607 1078 cura
2631 1037 2701 1081 est
2727 1027 2879 1084 Deo?
2913 1033 3186 1101 subjunxit
3214 1050 3229 1087 :
3261 1035 3348 1091 i0.
3397 1040 3476 1093 An

1894 1117 2097 1176 propter
2125 1126 2216 1164 nos
2237 1113 2442 1166 omnino
2463 1115 2558 1169 hoc
2582 1117 2749 1172 dicit?
2790 1119 2899 1175 Nec
2939 1125 3054 1180 sine
3102 1141 3262 1182 causa
3304 1129 3430 1184 illud
3454 1172 3471 1196 ,

1897 1195 2136 1268 Omnino,
2161 1204 2331 1272 ponit,
2357 1206 2448 1261 sed
2488 1225 2554 1263 ne
2585 1209 2765 1266 liceret
2792 1214 3022 1270 auditori
3073 1219 3164 1274 vel
3207 1195 3472 1276 tantillum

1891 1291 2284 1349 Contradicere.
2320 1299 2491 1366 Atque
2516 1300 2568 1353 in
2601 1304 2912 1373 metaphora
2948 1319 3146 1375 perstat
3190 1311 3373 1367 dicens
3421 1324 3476 1368 et

1892 1387 2243 1453 pronuntians
2273 1405 2286 1440 :
2319 1389 2457 1445 Nam
2484 1404 2688 1463 prapter
2714 1413 2804 1450 nos
2840 1399 3029 1468 scripta
3069 1413 3218 1468 sunt;
3259 1407 3378 1475 quia
3420 1408 3474 1462 in

1889 1493 1979 1548 spe
2006 1478 2146 1533 debet
2172 1483 2260 1549 qui
2279 1494 2390 1537 arat
2415 1501 2563 1540 arare
2591 1503 2610 1541 :
2632 1487 2685 1542 id
2710 1498 2812 1555 est,
2839 1491 3029 1547 doctor
3052 1493 3209 1549 debet
3231 1496 3470 1554 laborum

1890 1569 2194 1626 mercedem
2225 1573 2424 1631 habere
2455 1594 2469 1631 :
2500 1587 2544 1632 et
2565 1581 2652 1648 qui
2678 1583 2900 1648 triturat,
2934 1584 2986 1637 in
3021 1601 3110 1654 spe
3135 1589 3330 1658 {ructus
3358 1607 3474 1660 per-

1888 1663 2109 1732 cipiendi
2133 1682 2257 1720 esse.
2282 1669 2350 1722 Et
2375 1670 2494 1725 vide
2524 1667 2880 1741 prudentiam.
2911 1679 2951 1730 A
2979 1678 3184 1734 semine
3220 1682 3362 1736 enim
3403 1684 3468 1738 ad

1887 1767 2065 1808 aream
2099 1771 2211 1811 rem
2247 1759 2516 1828 traduxit;
2565 1763 2651 1818 hic
2693 1781 2902 1820 rursum
2953 1769 3148 1824 multos
3191 1769 3470 1827 doetorum

1886 1845 2111 1902 sudores
2139 1851 2449 1920 ostendens,
2478 1856 2726 1924 quoniam
2760 1857 2857 1927 ipsi
2889 1869 2942 1913 et
2985 1869 3142 1915 arant
3180 1871 3236 1917 et
3284 1879 3466 1919 aream

1888 1947 2086 1994 terunt.
2128 1942 2196 1997 Et
2235 1944 2288 1999 in
2325 1947 2526 2002 arando
2562 1949 2798 2018 quidem,
2829 1937 3153 2022 quia'nullus
3171 1959 3471 2028 percipien-

1884 2030 1984 2086 dus
2011 2033 2215 2090 fructus
2236 2047 2387 2105 erat,
2416 2039 2510 2094 sed
2536 2041 2686 2096 labor
2709 2051 2911 2098 tantum
2941 2047 3159 2113 aderat,
3190 2064 3339 2118 spem
3375 2066 3470 2121 po-

1883 2123 1990 2176 suit
2021 2140 2036 2176 :
2067 2124 2118 2178 in
2151 2127 2370 2182 terenda
2400 2145 2529 2185 vero
2553 2147 2698 2199 arca,
2725 2132 2832 2203 jam
2863 2151 3016 2190 usum
3059 2139 3288 2194 fructum
3336 2156 3468 2196 con-

1883 2214 2048 2270 cessit
2073 2216 2256 2273 dicens
2280 2235 2294 2271 :
2321 2219 2389 2275 Et
2422 2224 2509 2292 qui
2529 2224 2750 2292 triturat,
2781 2227 2891 2297 ejus
2918 2230 3024 2299 spei
3051 2233 3304 2304 particeps
3333 2245 3424 2288 est.

1954 2306 2007 2360 4.
2037 2307 2260 2378 Deinde,
2307 2327 2375 2367 ue
2414 2317 2534 2384 quis
2576 2315 2735 2383 dicat,
2784 2319 3031 2376 Hmccine
3072 2333 3155 2379 est
3198 2334 3464 2382 tantorum

1881 2411 2091 2453 merces
2133 2400 2414 2458 laborum?
2462 2405 2676 2476 adjecit,
2719 2408 2789 2463 In
2833 2428 2960 2482 spe,
3014 2415 3220 2470 scilicet
3262 2415 3462 2476 futura.

1881 2488 2021 2544 Nihil
2051 2506 2181 2562 ergo
2207 2490 2354 2550 aliud
2387 2497 2584 2554 clamat
2609 2515 2670 2554 os
2709 2500 2864 2571 hujus
2893 2506 3138 2561 animalis
3162 2523 3317 2563 camo
3360 2528 3463 2566 non

1882 2583 2122 2655 ligatum,
2166 2604 2323 2658 quam
2372 2592 2514 2662 quod
2563 2604 2808 2664 oporteat
2857 2597 3110 2654 doctores
3159 2601 3465 2659 laborantes

1880 2677 2130 2733 mercede
2157 2680 2279 2735 frui.
2311 2683 2396 2737 Η.
2424 2682 2486 2738 Si
2510 2701 2601 2739 nos
2622 2686 2757 2740 vobis
2779 2688 3067 2755 spiritualia
3087 2693 3462 2761 seminavimus,

1879 2786 2118 2841 magnum
2162 2782 2256 2838 est,
2299 2775 2343 2827 si
2390 2791 2480 2829 nos
2519 2778 2749 2832 carnalia
2790 2790 2952 2834 vestra
2994 2785 3280 2839 metamus?
3325 2785 3466 2843 Ecce

1879 2872 2125 2930 quartum
2155 2865 2314 2918 etiam
2346 2865 2492 2921 addit
2519 2869 2860 2934 ratiocinium
2881 2913 2895 2937 ,
2923 2872 3065 2941 quod
3095 2883 3338 2942 Oporteat
3363 2877 3464 2931 ali-
3510 2854 3523 2866 ’

1879 2962 2058 3008 menta
2085 2956 2344 3024 prreberc.
2369 2957 2505 3024 Quia
2527 2959 2669 3014 enim
2698 2960 2851 3025 dixit,
2881 2962 3007 3029 Quis
3034 2965 3218 3018 militat
3243 2969 3466 3038 propriis

1877 3046 2144 3116 stipendiis
2171 3052 2451 3119 umquam?
2473 3059 2547 3113 et,
2582 3051 2709 3117 Quis
2735 3054 2930 3123 plantat
2960 3057 3201 3112 vineam?
3227 3068 3300 3126 et,
3338 3061 3464 3126 Quis

1878 3140 2038 3209 pascit
2076 3143 2318 3211 gregem?
2361 3149 2415 3197 et
2443 3142 2662 3198 adduxit
2703 3145 2893 3202 bovem
2917 3148 3463 3216 triturantem;aliam

1879 3232 2081 3302 profert
2098 3249 2316 3290 causam
2337 3235 2531 3290 rationi
2552 3237 2708 3293 valde
2728 3253 3040 3307 consonam,
3064 3253 3284 3314 propter
3304 3261 3462 3316 quam

1874 3327 1996 3397 jure
2039 3324 2316 3397 accepturi
2360 3341 2549 3396 erant;
2581 3331 2724 3400 quod
2753 3347 2860 3386 non
2902 3333 3061 3389 modo
3106 3335 3462 3404 laborassent,

1879 3419 1972 3474 sed
1999 3428 2053 3474 et
2073 3419 2229 3490 longe
2253 3421 2456 3491 majora
2487 3423 2858 3491 praebuissent.
2888 3426 3144 3494 Quaenam
3187 3444 3314 3499 ergo
3344 3431 3464 3485 est?

1881 3516 1942 3571 Si
1969 3532 2060 3570 nos
2081 3518 2217 3572 vobis
2244 3518 2533 3587 spiritualia
2556 3520 2914 3575 seminavimus
2933 3563 2947 3589 ,
2981 3538 3220 3593 magnum
3270 3532 3341 3576 est
3364 3565 3378 3589 ,
3421 3525 3464 3578 si

1879 3623 1970 3660 nos
1999 3609 2229 3662 carnalia
2256 3618 2422 3663 uestra
2441 3619 2688 3665 metamus
2709 3610 2735 3664 ?
2761 3611 3006 3667 Vidistin’
3034 3628 3250 3668 causam
3271 3613 3462 3682 justis-

1879 3699 2091 3764 simam,
2115 3709 2166 3754 et
2189 3701 2357 3771 magis
2378 3716 2536 3772 quam
2567 3704 2774 3772 priores
2799 3704 2990 3758 rationi
3015 3708 3464 3762 consentaneam?

1881 3792 1995 3846 lllie
2026 3809 2256 3862 namque
2300 3794 2447 3860 dicit,
2493 3795 2720 3851 Carnale
2767 3811 2950 3852 semen
2999 3808 3100 3866 est,
3149 3800 3379 3853 carnalis
3410 3810 3467 3855 et

1880 3882 2124 3937 fructus?
2154 3883 2240 3938 hic
2284 3893 2460 3939 autem
2508 3899 2613 3940 non
2657 3886 2753 3952 sic,
2799 3887 2892 3941 sed
2919 3903 3103 3943 semen
3144 3890 3460 3958 spirituale,

1881 3991 2092 4032 merces
2117 3991 2247 4032 vero
2273 3978 2523 4032 carnalis.
2555 3977 2684 4032 Nam
2716 3993 2782 4033 ne
2815 3979 3038 4034 multum
3066 3980 3166 4035 sibi
3192 3981 3467 4050 placerent

1882 4069 1954 4134 ii,
1984 4068 2075 4137 qui
2116 4067 2316 4137 aliquid
2342 4068 2651 4124 doctoribus
2690 4070 2993 4138 praaberent
3015 4111 3031 4137 ,
3075 4071 3308 4125 ostendit
3338 4072 3460 4126 illos

1881 4161 2084 4231 majora
2112 4175 2272 4231 quam
2299 4160 2427 4216 dent
2453 4163 2716 4233 accipere.
2750 4164 3014 4233 Agricola:
3042 4179 3271 4236 namque
3295 4205 3310 4232 ,
3340 4181 3460 4235 qum

1882 4253 2178 4320 seminant,
2208 4252 2396 4308 eadem
2426 4255 2541 4324 ipsa
2569 4256 2833 4324 accipiunt
2866 4274 2879 4310 :
2913 4271 3010 4311 nos
3040 4267 3216 4312 autem
3238 4301 3253 4325 ,
3287 4259 3376 4329 qui
3407 4259 3459 4313 in

1881 4343 2158 4398 animabus
2201 4345 2395 4399 vestris
2439 4344 2733 4415 spiritualia
2766 4347 2993 4402 serimus
3013 4388 3028 4414 ,
3058 4350 3306 4403 uictimas
3336 4363 3460 4404 car-

1883 4436 2019 4490 nalia
2061 4455 2075 4490 :
2116 4436 2220 4491 tale
2265 4452 2493 4507 namque
2536 4447 2618 4492 est
2654 4437 2963 4492 alimentum
3013 4438 3081 4492 ab
3119 4439 3224 4494 illis
3258 4439 3462 4494 datum.

1885 4529 2087 4584 Deinde
2117 4529 2375 4598 majorem
2402 4529 2561 4584 infert
2586 4531 2845 4600 pudorem
2876 4548 2890 4588 :
2917 4529 3003 4585 12.
3036 4531 3097 4586 Si
3124 4531 3213 4585 alii
3240 4541 3461 4602 potestas

1885 4621 1946 4673 (is
1974 4629 2154 4674 vestrae
2179 4621 2452 4690 participes
2477 4630 2595 4674 sunt
2617 4661 2633 4687 ,
2667 4638 2824 4690 quare
2847 4639 2948 4677 non
2977 4623 3144 4694 potius
3168 4625 3302 4678 nos?
3328 4625 3466 4680 Ecce

1883 4714 2043 4768 aliam
2083 4713 2382 4778 rationem,
2425 4730 2545 4784 quae
2574 4722 2627 4768 et
2655 4714 2767 4783 ipsa
2811 4714 2878 4769 ab
2907 4715 3165 4784 exemplis
3192 4716 3421 4769 sumitur
3445 4756 3461 4781 ,

1884 4806 1978 4862 sed
2026 4823 2132 4862 non
2178 4821 2208 4860 a
2249 4806 2531 4860 similibus.
2574 4805 2756 4876 Neque
2799 4807 2941 4861 enim
2990 4805 3075 4860 hic
3123 4806 3337 4862 Petrum
3369 4822 3468 4862 nec

1884 4902 2158 4971 apostolos
2185 4907 2482 4965 memorat,
2513 4899 2608 4954 sed
2650 4900 2786 4953 alios
2826 4899 3082 4968 quosdam
3112 4899 3464 4965 adulterinos,

1885 4993 2072 5047 contra
2099 5007 2232 5061 quos
2258 4992 2514 5060 deinceps
2542 5005 2771 5061 pugnam
2806 4991 3058 5055 instruit,
3090 5004 3152 5044 ac
3179 4990 3246 5044 de
3271 4991 3466 5061 quibus

1887 5085 2016 5140 dicit
2042 5103 2055 5138 :
2086 5084 2148 5138 Si
2172 5085 2284 5152 quis
2316 5099 2400 5138 vos
2425 5083 2658 5148 devorat,
2687 5083 2732 5136 si
2765 5084 2874 5151 quis
2905 5082 3120 5152 accipit,
3165 5083 3208 5134 si
3237 5085 3349 5151 quis
3375 5098 3468 5135 ea:-

1889 5179 2104 5241 tollitur,
2127 5178 2170 5231 si
2197 5179 2308 5246 quis
2339 5181 2390 5230 in
2417 5177 2599 5248 facient
2627 5191 2713 5229 vos
2742 5175 2889 5229 credit
2917 5175 2936 5245 (
2956 5173 3011 5227 ‘2.
3045 5175 3161 5228 Cor.
3195 5177 3282 5229 Η.
3309 5175 3381 5230 ΞΟ
3405 5175 3425 5246 )
3451 5192 3467 5241 ;

1887 5280 1940 5324 et
1967 5268 2090 5323 belli
2118 5277 2302 5322 contra
2325 5281 2419 5321 eos
2439 5266 2657 5337 gerendi
2677 5265 2786 5336 jam
2810 5264 2934 5321 facit
2955 5265 3292 5335 prmludium.
3323 5265 3474 5320 Ideo-

1887 5377 1994 5432 que
2021 5377 2127 5417 non
2151 5360 2310 5427 dixit,
2342 5360 2399 5416 Si
2439 5360 2527 5414 alii
2557 5375 2586 5412 a
2615 5360 2764 5416 vobis
2805 5360 3114 5428 accipiunt;
3158 5358 3253 5413 scd
3293 5370 3476 5413 osten-

1889 5454 2023 5510 dens
2063 5454 2280 5508 illorum
2322 5453 2707 5523 arrogantiam,
2748 5451 3088 5523 tyrannidem
3125 5459 3180 5505 et
3205 5465 3474 5506 commer-

1889 5550 2029 5604 cium
2050 5591 2065 5616 ,
2089 5548 2218 5604 dicit
2251 5566 2264 5603 :
2295 5548 2357 5603 Si
2385 5549 2477 5602 alii
2503 5547 2761 5617 potestatis
2801 5558 2977 5600 uestrte
3015 5546 3285 5616 participes
3313 5553 3473 5606 sunt;

1891 5641 1945 5698 id
1971 5651 2083 5707 est,
2113 5643 2157 5697 si
2190 5642 2456 5711 imperant
2477 5641 2628 5697 vobis
2652 5682 2668 5708 ,
2693 5641 2738 5695 si
2765 5649 3084 5710 potestatem
3113 5645 3400 5702 exercent,
3429 5636 3475 5689 si

1891 5742 1952 5788 ut
1988 5734 2198 5789 famulis
2223 5742 2448 5788 utuntur
2470 5773 2486 5798 ,
2515 5749 2620 5786 non
2651 5731 2812 5786 modo
2841 5731 3165 5800 accipientes
3189 5771 3204 5796 ,
3237 5728 3328 5782 sed
3355 5741 3478 5781 cum

1893 5826 2056 5881 multa
2079 5825 2421 5882 accurationc
2447 5835 2500 5881 et
2526 5823 2868 5880 auctoritate.
2917 5821 3039 5877 Ideo
3082 5819 3324 5888 addidit,
3354 5816 3476 5874 Non
