3992 6420
554 321 654 376 175

554 435 722 503 potius
748 434 883 490 nos?
909 432 1050 506 quod
1087 446 1194 487 non
1219 430 1472 496 dixisset,
1502 432 1546 482 si
1572 429 1640 484 de
1670 427 1928 498 apostolis
1966 438 2145 480 sermo

552 536 716 582 esset.
763 526 870 582 Sed
917 527 1091 596 palam
1137 533 1253 588 est,
1303 523 1448 577 illum
1497 520 1756 591 quosdam
1805 518 2143 574 subindiearc

557 620 925 689 perniciosos,
981 618 1071 689 qui
1131 617 1276 687 ipsos
1324 615 1655 684 deciperent.
1706 611 1887 683 Itaque
1949 620 2144 681 printer

555 711 751 783 Moysis
777 711 947 780 legem
988 715 1084 763 vos
1117 721 1330 778 quoque
1367 705 1538 776 legem
1569 704 1780 768 tulistis,
1814 701 1958 774 quod
2001 719 2141 772 prae-

557 805 684 858 bere
705 810 970 874 oporteat.
992 799 1125 856 Cum
1147 798 1280 853 dixit
1301 806 1476 852 autem
1492 837 1506 860 ,
1535 793 1655 849 Non
1683 799 1848 863 potius
1872 809 1962 848 nos
1981 792 2007 846 ἴ
2035 809 2140 847 non

557 895 748 966 probat
786 909 884 950 cur
929 893 1094 949 multo
1122 890 1291 962 magis
1315 896 1584 960 oporteat,
1626 888 1721 942 sed
1770 887 1982 942 illorum
2013 899 2144 939 eon-

555 987 797 1042 scientia:
829 984 1165 1056 probandum
1211 983 1505 1054 relinquit,
1537 980 1804 1050 simulque
1842 988 1898 1034 et
1941 988 2145 1034 terrere

555 1082 743 1137 volens
773 1089 828 1137 et
862 1081 1119 1149 majorem
1168 1078 1411 1133 incutere
1453 1073 1736 1145 pudorem.
1781 1071 1887 1128 Sed
1923 1087 2026 1125 non
2063 1070 2144 1123 usi

555 1191 730 1230 sumus
779 1171 872 1228 tali
919 1180 1180 1244 potestate.
1214 1169 1268 1224 Id
1294 1177 1377 1224 est
1397 1211 1414 1235 ,
1442 1167 1558 1222 Non
1596 1167 1923 1235 accepimus.
1955 1163 2144 1218 Viden‘

555 1266 848 1338 quomodo,
893 1279 1015 1320 cum
1057 1264 1208 1334 prius
1252 1271 1328 1316 tot
1374 1261 1666 1316 rationibus
1692 1259 2004 1330 probasset,
2037 1271 2143 1310 non

555 1375 677 1416 esse
707 1367 895 1414 contra
923 1357 1096 1427 legem
1123 1397 1139 1422 ,
1171 1355 1416 1424 accipere
1442 1395 1456 1416 ,
1488 1362 1614 1407 tunc
1651 1351 1784 1406 dixit
1817 1370 1829 1405 :
1858 1349 1974 1405 Non
2005 1350 2145 1403 acci-

559 1455 758 1523 pimus,
803 1468 872 1508 ne
911 1451 1155 1506 videatur
1194 1447 1461 1502 abstinere
1496 1457 1762 1514 tamquam
1793 1458 1824 1498 a
1853 1441 2142 1514 prohibito.

557 1548 676 1605 Non
705 1548 871 1614 enim,
900 1545 1092 1616 inquit,
1118 1542 1261 1612 quod
1286 1556 1390 1596 non
1416 1541 1594 1603 liceat,
1625 1554 1732 1594 non
1759 1538 1998 1607 accipio;
2025 1537 2148 1592 licet

559 1641 725 1702 enim,
748 1647 805 1694 et
826 1637 928 1692 hoc
949 1651 1014 1692 ex
1037 1635 1216 1690 multis
1237 1633 1749 1696 demonstravimus;
1777 1645 1843 1686 ex
1865 1628 2144 1700 apostolis,

560 1749 627 1788 ex
657 1732 816 1788 rebus
842 1745 961 1801 qua:
992 1729 1044 1784 in
1073 1730 1179 1784 vita
1220 1727 1383 1789 fiunt,
1415 1741 1481 1780 ex
1510 1725 1713 1789 milite,
1745 1722 2015 1793 agricola,
2046 1735 2148 1792 pa-

562 1833 710 1880 store
729 1864 745 1886 ,
778 1837 805 1875 a
838 1823 955 1891 lege
985 1819 1203 1890 Moysis,
1236 1817 1302 1873 ab
1331 1818 1443 1888 ipsa
1469 1820 1547 1871 rei
1577 1825 1765 1869 natura
1791 1856 1805 1880 ,
1835 1813 1956 1883 quia
1984 1811 2145 1867 semi-

561 1915 809 1970 navimus
845 1913 997 1968 vobis
1035 1909 1364 1980 spiritualia;
1409 1922 1474 1962 ex
1507 1906 1572 1961 iis
1597 1947 1614 1973 ,
1659 1921 1777 1976 quae
1808 1917 1903 1957 vos
1945 1903 2150 1957 fecistis

561 2023 688 2078 erga
727 2005 862 2060 alios
894 2021 907 2059 :
936 2002 1032 2059 sed
1062 2001 1239 2066 sicut,
1282 2014 1350 2054 ne
1381 1997 1649 2054 videretur
1688 1994 1892 2068 pudore
1933 1994 2148 2049 allicere

561 2099 856 2169 apostolos,
886 2093 976 2165 qui
1002 2093 1360 2163 accipiebant,
1391 2089 1507 2145 haec
1532 2089 1730 2159 posuit,
1759 2086 2017 2158 pudorem
2045 2085 2149 2139 illis

567 2191 836 2246 incutiens
863 2197 920 2243 et
941 2185 1231 2242 ostendens
1271 2197 1329 2239 se
1356 2198 1463 2238 non
1493 2197 1524 2236 a
1551 2196 1610 2236 re
1638 2189 1694 2234 ut
1728 2177 1990 2249 prohibita
2019 2177 2146 2231 abs-

564 2286 736 2339 tinere
766 2301 781 2339 :
812 2281 886 2337 ita
915 2294 1126 2336 rursum
1153 2319 1168 2346 ,
1210 2292 1279 2332 ne
1308 2291 1402 2347 per
1439 2273 1660 2330 multam
1705 2272 1847 2327 illam
1879 2269 2149 2341 probatio-

563 2391 687 2432 nem
728 2384 782 2430 et
821 2371 1118 2442 frequentia
1147 2369 1414 2439 exempla,
1448 2367 1601 2438 queis
1627 2364 1865 2420 ostendit
1905 2363 2150 2432 accipere

561 2477 833 2542 oportere,
858 2466 1135 2522 videretur
1159 2467 1215 2518 ut
1232 2463 1460 2532 accipiat
1478 2474 1744 2531 quaerere,
1773 2458 2001 2528 ideoque
2029 2457 2151 2512 talia

562 2563 833 2636 proferre;
859 2561 970 2632 jam
1013 2558 1146 2614 illud
1189 2555 1440 2626 corrigit;
1485 2562 1538 2610 et
1566 2554 1763 2609 clarius
1803 2553 2021 2608 demum
2050 2550 2153 2605 hoc

562 2655 762 2728 posuit,
795 2667 919 2708 cum
950 2651 1078 2707 dicit
1104 2668 1117 2704 :
1151 2648 1273 2712 Non
1312 2647 1494 2718 scripsi
1522 2655 1692 2700 autent
1731 2647 1841 2699 haec
1863 2685 1878 2710 ,
1921 2653 1975 2697 ut
1998 2643 2070 2699 sic
2099 2645 2154 2697 in

564 2765 650 2802 me
673 2747 765 2816 ﬁat
793 2761 811 2800 :
841 2744 927 2800 hic
956 2757 1117 2814 porro
1141 2740 1290 2806 dicit,
1311 2739 1431 2794 Non
1454 2738 1535 2792 usi
1563 2753 1736 2792 sumus
1762 2738 1857 2790 hac
1885 2745 2148 2807 potestate.

561 2839 823 2910 Quodque
848 2835 1020 2904 majus
1039 2843 1143 2903 est,
1167 2832 1242 2889 Ne
1265 2831 1394 2888 illud
1415 2829 1631 2902 quidem
1654 2827 1851 2900 poterit
1871 2829 2151 2899 quisquam

564 2934 766 2998 dicere,
798 2929 938 3002 quod
961 2944 1082 2983 cum
1110 2927 1266 2983 nobis
1291 2926 1484 2996 ampla:
1511 2923 1796 2980 facultates
1819 2932 2001 2979 essent
2023 2963 2039 2989 ,
2068 2921 2154 2976 his

568 3043 676 3082 non
705 3023 788 3079 usi
817 3024 1014 3087 simus;
1057 3019 1317 3090 siquidem
1367 3027 1592 3088 urgente
1635 3016 1995 3082 necessitate,
2045 3030 2152 3070 nou

565 3118 825 3176 Cessimus
853 3113 1158 3170 necessitati
1191 3130 1205 3167 ε
1240 3111 1292 3166 id
1318 3112 1460 3182 quod
1489 3111 1649 3166 etiam
1682 3111 1734 3165 in
1763 3110 1998 3165 secunda
2024 3108 2099 3165 ait
2134 3127 2148 3163 :

567 3213 711 3266 Alias
737 3208 994 3264 Ecclesias
1017 3207 1326 3277 exspoliari,
1353 3205 1603 3273 accipiens
1633 3205 1883 3275 stipendia
1906 3203 1976 3257 ad
2000 3203 2152 3257 mini-

567 3303 774 3358 sterium
803 3310 1063 3363 vestrum;
1101 3309 1146 3353 et
1183 3315 1296 3352 cum
1335 3314 1492 3352 essem
1522 3297 1662 3366 apud
1704 3313 1789 3351 vos
1827 3306 1874 3351 et
1914 3312 2150 3366 egerem,

566 3397 695 3450 nulli
721 3411 960 3450 onerosus
989 3393 1066 3465 fui
1095 3391 1170 3461 (2.
1203 3392 1320 3446 Cor.
1351 3392 1438 3446 il.
1473 3391 1531 3461 8)
1562 3407 1576 3454 ;
1620 3398 1675 3446 et
1714 3391 1768 3444 in
1798 3389 1899 3445 hac
1927 3405 2150 3445 rursus:

566 3490 637 3546 Et
675 3489 924 3546 esurimus
958 3496 1004 3542 et
1036 3485 1235 3541 sitimus
1257 3495 1302 3539 et
1324 3483 1450 3538 nudi
1477 3500 1651 3538 sumus
1677 3493 1724 3538 et
1746 3484 1977 3553 colaphis
2000 3483 2155 3537 credi-

567 3600 682 3636 mur
708 3581 783 3655 (l.
821 3580 938 3635 Cor.
979 3581 1034 3635 4.
1077 3579 1181 3649 ll).
1213 3578 1279 3634 Et
1315 3576 1403 3633 hic
1442 3592 1626 3633 rursus
1652 3577 1883 3648 idipsum
1907 3577 2153 3633 subindi-

565 3688 694 3740 cat,
740 3673 968 3737 dicens,
1009 3673 1116 3727 Sed
1161 3671 1330 3725 omnia
1366 3672 1689 3726 sustinemus.
1737 3670 1931 3726 Dicens
1976 3671 2152 3738 enim,

569 3765 757 3820 Omnia
799 3765 1122 3830 sustinemus,
1170 3761 1364 3817 famem
1409 3761 1710 3817 subindiCat
1751 3770 1804 3817 et
1849 3763 2151 3833 angustiam

567 3860 812 3923 multam,
837 3857 1046 3928 aliaque
1071 3858 1272 3912 omnia.
1299 3855 1403 3911 Sed
1435 3870 1608 3925 neque
1636 3855 1733 3919 sic,
1769 3855 1960 3926 inquit,
1983 3857 2153 3912 coacti

567 3965 756 4007 sumus
779 3949 990 4004 solvere
1016 3949 1209 4019 legem,
1243 3961 1402 4018 quam
1436 3946 1590 4002 nobis
1615 3946 1746 4017 ipsis
1773 3947 2149 4016 imposuimus.

567 4041 786 4110 Quare?
810 4039 893 4095 Ne
917 4041 1053 4111 quod
1081 4039 1443 4106 offendiculum
1465 4038 1641 4094 demus
1661 4039 1919 4110 evangelio
1941 4038 2150 4094 Christi.

566 4136 702 4203 Quia
727 4133 869 4190 enim
893 4132 1216 4187 infirmiores
1245 4130 1505 4186 Corinthii
1524 4141 1696 4198 erant,
1721 4131 1797 4186 Ne
1819 4147 1935 4200 vos,
1960 4132 2151 4203 inquit,

567 4226 963 4282 offenderemus
995 4224 1342 4293 accipientes,
1371 4222 1658 4279 maluimus
1686 4223 1804 4294 plus
1829 4238 1990 4295 quam
2017 4239 2155 4294 prai-

566 4327 780 4389 ceptum
807 4325 924 4373 erat
959 4315 1154 4382 facere,
1187 4332 1346 4386 quam
1380 4315 1588 4371 obicem
1618 4318 1925 4387 quempiam
1959 4317 2154 4374 afferre

567 4409 876 4480 evangelio;
905 4407 958 4463 id
989 4416 1091 4472 est,
1127 4407 1447 4462 institutioni
1475 4417 1689 4463 vestrae.
1733 4408 1791 4464 Si
1821 4418 1998 4464 autem
2028 4426 2149 4478 nos,

567 4502 781 4560 etiamsi
808 4502 998 4558 liceret
1035 4500 1190 4555 nobis
1215 4509 1270 4556 et
1296 4501 1516 4555 multam
1557 4502 1664 4556 vim
1698 4513 2022 4572 pateremur,
2053 4521 2152 4560 ex-

565 4596 910 4665 emplumque
942 4592 1262 4647 haberemus
1288 4593 1582 4663 apostolos,
1603 4593 1655 4648 id
1682 4609 1785 4650 non
1805 4595 2049 4664 fecimus,
2070 4597 2154 4653 Ne

567 4685 936 4755 oﬂ'endicnlum
963 4685 1139 4738 demus
1167 4686 1287 4756 (nec
1312 4685 1446 4740 dixit
1469 4687 1803 4744 eversionem
1825 4732 1840 4756 ,
1864 4690 1957 4746 sed
1984 4692 2156 4748 offen-

565 4781 828 4846 diculum,
877 4793 978 4834 nec
1023 4776 1336 4848 simpliciter
1363 4778 1742 4834 oﬂ’endiculum
1763 4821 1778 4846 ,
1808 4781 1902 4837 sed
1927 4783 2152 4839 offendi-

565 4874 745 4927 culum
774 4871 1042 4942 quoddam
1069 4910 1084 4935 ,
1116 4879 1176 4926 ut
1197 4883 1266 4924 ne
1287 4870 1369 4925 vel
1396 4871 1723 4926 levissimam
1764 4888 1973 4929 moram
2001 4876 2151 4932 verbi

562 4964 746 5021 cursui
775 4963 1115 5026 inferremus)
1141 4981 1155 5018 :
1185 4963 1229 5018 si
1257 4979 1387 5034 ergo
1415 4979 1515 5019 nos
1543 4973 1686 5019 tanta
1710 4966 1787 5021 usi
1815 4977 2000 5022 Sumus
2029 4968 2153 5023 dili-

561 5061 773 5131 gentia,
808 5058 1008 5129 inquit,
1046 5067 1247 5128 quauto
1286 5057 1457 5129 magis
1485 5073 1613 5125 vos,
1646 5061 1737 5129 qui
1783 5061 1852 5116 ab
1892 5063 2152 5131 apostolis

561 5155 721 5225 longe
760 5152 978 5215 abestis,
1025 5164 1200 5220 neque
1241 5149 1412 5220 legem
1442 5151 1665 5222 potestis
1707 5151 1889 5209 dicere
1933 5170 2054 5226 quae
2099 5156 2149 5211 id

564 5243 874 5316 permittat:
903 5241 998 5298 sed
1024 5251 1211 5296 contra
1236 5242 1395 5296 etiam
1426 5243 1689 5312 prohibita
1719 5246 1956 5317 tangitis,
1987 5257 2150 5318 atque

559 5342 725 5395 etiam
747 5353 865 5408 quae
891 5337 1144 5392 damnum
1171 5351 1419 5407 magnum
1446 5337 1676 5420 afferunt
1700 5341 2005 5411 evangelio;
2038 5359 2148 5398 non

559 5429 872 5488 offendiculi
909 5428 1070 5484 modo
1097 5429 1297 5484 vitandi
1337 5444 1519 5498 causa,
1545 5430 1639 5487 sed
1671 5432 1874 5487 nullam
1903 5434 2149 5492 videntes

560 5529 850 5584 instantem
898 5521 1316 5590 necessitatem,
1374 5522 1646 5582 abstinere
1703 5535 1936 5596 Oportet.
1998 5527 2148 5583 Hanc

561 5623 703 5676 enim
748 5629 916 5677 totam
959 5617 1127 5672 movit
1151 5617 1448 5673 orationem
1481 5629 1701 5689 pr0pter
1741 5620 1862 5676 illos
1888 5662 1902 5685 ,
1931 5621 2021 5692 qui
2051 5638 2147 5693 per

565 5712 738 5767 cibum
770 5709 1202 5788 idolotliytorum.
1221 5707 1665 5770 imbecillioribus
1693 5711 1951 5772 fratribus
1981 5713 2146 5772 offen-

566 5803 738 5861 dicqu
764 5811 940 5862 erant.

1294 315 1352 372 s.
1392 314 1668 372 JOANNIS
1703 308 2174 369 cnnvwsrom
2201 309 2516 370 ARCHIEP.
2555 313 3087 378 consumma».
3724 332 3847 387 ,τε

2319 427 2372 482 5.
2400 427 2523 485 Hinc
2551 446 2649 486 nos
2673 447 2883 502 quoilue
2905 436 3203 507 audiamus,
3233 437 3438 507 dilecti,
3474 450 3530 496 ut
3560 458 3629 498 nc
3649 441 3852 514 despi-

2244 519 2448 574 ciamus
2485 535 2579 576 eos
2617 526 2704 592 qui
2734 524 3109 588 offenduntur.
3144 545 3210 584 ne
3254 530 3630 587 offendicuiuni
3664 551 3852 605 pona-

2243 624 2364 663 mus
2392 613 2667 682 evangelio
2705 614 2925 681 Christi,
2965 635 3066 673 neu
3101 632 3336 676 nostram
3373 625 3660 692 prodamus
3685 630 3860 681 satu-

2244 709 2370 754 tem.
2401 701 2476 757 Ne
2503 705 2629 758 mihi
2660 707 2802 761 enim
2825 708 2992 774 dicas,
3017 725 3140 764 eum
3166 711 3330 768 frater
3349 714 3640 772 offenditur
3667 735 3680 771 :
3709 718 3848 773 Non

2243 795 2552 863 prohibetur
2577 797 2676 852 hoc
2699 799 2784 854 vel
2817 800 2943 854 illud
2972 803 3023 856 in
3049 820 3156 873 quo
3185 805 3273 860 ille
3304 807 3610 872 offenditur,
3639 819 3699 865 et
3723 812 3854 865 licio

2243 897 2354 942 tum
2401 899 2501 944 est.
2545 891 2659 961 Ego
2704 893 2847 948 enim
2896 896 2990 950 tibi
3039 899 3240 966 majora
3286 899 3408 954 dico
3438 918 3452 955 :
3480 903 3562 956 vel
3610 905 3653 958 si
3712 905 3850 974 ipse

2240 979 2486 1036 Christus
2531 986 2860 1053 permiserit,
2899 987 3204 1058 viderisque
3237 990 3432 1045 offendi
3476 995 3852 1062 quempiam,

2242 1074 2450 1130 abstine
2477 1086 2530 1129 et
2560 1093 2628 1131 ne
2655 1079 3222 1160 permissioneiitaris.
3253 1082 3364 1138 lloc
3389 1085 3529 1139 enim
3556 1096 3611 1140 et
3635 1086 3855 1141 Paulus

2247 1166 2370 1222 fecit
2399 1185 2413 1222 :
2439 1169 2532 1239 qui
2567 1185 2687 1224 eum
2719 1171 3059 1240 permittente
3081 1173 3293 1249 Christo
3332 1176 3512 1233 liceret
3555 1179 3856 1248 accipere,

2246 1273 2353 1313 non
2389 1261 2614 1330 accepit.
2647 1259 2778 1316 Cum
2806 1262 2947 1317 enim
2991 1265 3247 1335 benignus
3275 1267 3341 1320 sit
3372 1268 3624 1323 Dominus
3646 1313 3661 1334 ,
3700 1271 3855 1323 inul-

2246 1358 2350 1403 tam
2395 1353 2676 1421 prieceptis
2715 1354 2829 1409 suis
2868 1355 3076 1410 miscuit
3107 1358 3606 1424 mansuetudinem,
3637 1373 3700 1414 ut
3733 1379 3851 1416 non

2245 1443 2416 1497 solum
2449 1461 2512 1498 cx
2535 1443 2688 1514 jussu
2711 1486 2726 1510 ,
2767 1446 2860 1500 sed
2891 1448 3051 1502 etiam
3085 1449 3252 1503 multa
3282 1465 3350 1504 ex
3374 1450 3539 1506 libera
3569 1451 3854 1508 faciamus

2245 1535 2408 1589 animi
2449 1538 2733 1591 sententia.
2767 1538 2983 1593 Poterat
3027 1520 3201 1604 enim,
3243 1542 3344 1596 nisi
3388 1521 3854 1610 hoe'voluisset‘,

2249 1635 2511 1697 praicepta
2542 1631 2708 1698 magis
2746 1640 2941 1704 augere
2979 1647 3043 1686 ac
3077 1632 3301 1689 dicere:
3333 1634 3430 1701 Qui
3472 1651 3576 1690 non
3623 1653 3858 1706 semper

2243 1718 2482 1788 jejunat,
2515 1721 2764 1788 puniatur
2787 1711 2814 1791 ξ
2836 1723 2924 1793 qui
2954 1724 3312 1794 virginitatem
3343 1742 3447 1780 non
3479 1739 3685 1794 servat,
3715 1745 3857 1798 sup-

2249 1811 2407 1880 plicio
2431 1809 2724 1880 afficiatur;
2750 1815 2854 1883 qui
2883 1831 2987 1868 non
3017 1830 3076 1870 se
3104 1818 3352 1877 omnibus
3387 1820 3533 1873 exuit
3569 1819 3858 1882 facultati.

2249 1904 2348 1958 bus
2371 1947 2386 1970 ,
2420 1915 2687 1960 extremas
2709 1905 2819 1986 ‘det
2849 1901 3055 1978 pinnas.
3089 1908 3196 1964 Sed
3229 1925 3336 1964 non
3368 1910 3469 1966 hoc
3498 1913 3646 1978 fecit,
3674 1911 3858 1967 licen-

2251 1997 2377 2051 tiam
2408 1998 2500 2051 tibi
2527 1998 2659 2053 dans
2685 2041 2711 2065 ,
2734 1989 2776 2053 s‘i
2806 2000 2959 2066 velis,
2992 2001 3195 2071 majora
3233 2003 3579 2072 suscipiendi.
3629 1989 3858 2061 Idcirco

2249 2107 2370 2146 cum
2413 2092 2480 2147 de
2521 2093 2830 2162 virginitate
2872 2093 3216 2164 loqueretur,
3263 2095 3473 2151 dicebat
3503 2116 3516 2152 :
3545 2099 3648 2164 Qui
3683 2109 3860 2168 potest

2250 2202 2448 2257 capere,
2474 2187 2640 2264 capiat
2663 2185 2877 2254 (Matth.
2901 2186 2989 2254 19.
3019 2187 3111 2257 12)
3134 2203 3149 2254 ;
3181 2197 3235 2242 et
3259 2188 3407 2243 diviti
3431 2189 3532 2243 alia
3559 2175 3858 2261 praecepit,

2251 2277 2354 2331 alia
2383 2277 2497 2347 ejus
2518 2279 2774 2333 voluntati
2807 2279 3064 2357 permisit.
3088 2278 3273 2350 Neque
3298 2282 3438 2336 enim
3460 2281 3620 2349 dixit,
3651 2283 3850 2340 Vende

2251 2385 2370 2440 qua:
2399 2370 2596 2436 habes;
2623 2370 2737 2434 sed,
2759 2371 2818 2426 Si
2843 2373 2917 2452 vis
2945 2376 3195 2444 perfectus
3213 2376 3634 2450 esse,vende(lb.
3652 2395 3703 2432 υ.
3728 2379 3838 2451 21).

2254 2466 2324 2518 At
2365 2479 2462 2520 nos
2498 2480 2605 2518 non
2649 2464 2809 2520 modo
2840 2473 2958 2520 non'
2984 2466 3186 2537 majora
3212 2469 3533 2537 suscipimus
3561 2487 3745 2541 neque
3781 2489 3844 2528 ea

2253 2571 2372 2627 quae
2404 2566 2664 2636 praecepta
2690 2565 2815 2611 sunt
2837 2559 3171 2627 superamus,
3203 2559 3298 2613 sed
3328 2561 3554 2615 multum
3581 2563 3766 2628 abest,
3791 2576 3846 2619 ut

2256 2657 2646 2720 praecepton
2676 2665 2981 2706 mensuram
3022 2651 3358 2724 impleamus.
3395 2655 3459 2708 Et
3495 2656 3697 2711 Paulus
3726 2661 3850 2725 qui-

2253 2740 2376 2795 dem
2403 2741 2692 2810 esuriebat,
2724 2758 2792 2797 ne
2817 2735 3200 2798 oﬂ‘eudiculum
3229 2745 3487 2814 praeberet
3520 2749 3846 2818 evangelio;

2255 2851 2353 2891 nos
2378 2845 2554 2891 autem
2580 2851 2646 2890 ne
2667 2834 2938 2891 recondita
2965 2836 3178 2906 quidem
3211 2837 3364 2892 nobis
3384 2839 3649 2908 attingere
3677 2841 3851 2896 aude-

2255 2944 2414 2995 mus,
2466 2929 2777 2982 innumeras
2822 2927 3064 2982 videntes
3121 2931 3330 2984 animas
3379 2945 3616 2984 eversas.
3664 2931 3852 2988 Rodat

2255 3020 2396 3074 enim
2417 3061 2431 3085 ,
2464 3020 2635 3090 inquit
2673 3019 2796 3084 ille,
2827 3003 2964 3075 tinea
2988 3061 3004 3087 ,
3033 3029 3086 3076 et
3116 3036 3221 3074 non
3253 3021 3407 3076 rodat
3450 3038 3680 3092 pauper;
3714 3025 3850 3078 edat

2255 3114 2452 3169 vermis
2471 3155 2485 3180 ,
2513 3123 2566 3169 et
2593 3129 2698 3168 non
2727 3113 2976 3167 induatur
3012 3113 3207 3169 nudus.
3233 3112 3422 3169 Omnia
3458 3127 3852 3173 consumantur

2260 3217 2520 3275 tempore,
2547 3217 2602 3262 et
2631 3221 2738 3260 non
2758 3206 2932 3260 alatur
2960 3205 3224 3270 Christus,
3256 3205 3383 3261 dum
3413 3209 3599 3262 esurit.

2326 3297 2516 3353 Contra
2556 3314 2756 3352 avaros.
2783 3327 2856 3338 —
2886 3298 3079 3368 Ecquis
3125 3298 3226 3352 hoc
3253 3297 3420 3354 dicit?
3443 3300 3692 3370 inquies.
3745 3303 3849 3358 Hoc

2258 3391 2402 3447 enim
2434 3406 2595 3462 grave
2621 3391 2906 3446 admodum
2930 3401 3010 3446 est
3031 3432 3046 3455 ,
3075 3391 3217 3461 quod
3251 3407 3360 3447 non
3388 3394 3567 3448 verbis
3592 3436 3608 3458 ,
3646 3397 3748 3451 sed
3777 3398 3840 3455 fs-

2256 3487 2357 3540 ctis
2385 3485 2499 3540 lucc
2537 3485 2800 3540 dicantur.
2831 3484 2962 3538 Nam
2992 3483 3165 3539 minus
3195 3499 3357 3554 grave
3396 3495 3540 3540 esset
3582 3489 3632 3541 si
3673 3490 3839 3544 verbis

2256 3580 2561 3646 diceretur,
2602 3593 2760 3649 quam
2792 3593 2914 3633 cum
2954 3579 3129 3647 reipsa
3159 3576 3410 3632 efficitur.
3458 3579 3654 3634 Annon
3706 3583 3848 3636 enim

2259 3673 2374 3729 hinc
2417 3672 2658 3744 quotidie
2697 3672 2894 3726 clamat
2921 3671 3145 3726 aVaritia
3167 3713 3182 3737 ,
3215 3672 3462 3726 immanis
3498 3672 3588 3727 illa
3620 3684 3678 3729 et
3706 3689 3847 3729 sana

2262 3761 2522 3838 tyrannis,
2571 3764 2796 3834 captivis
2839 3763 2992 3819 suis?
3038 3765 3390 3834 Apponantur
3441 3774 3622 3819 vestra
3665 3781 3848 3821 come-

2257 3858 2431 3914 denda
2463 3857 2844 3930 syc0pliantis,
2875 3855 3171 3910 latronibus
3197 3863 3251 3910 et
3277 3854 3711 3924 insidiatoribus,
3745 3875 3850 3913 non

2257 3961 2434 4008 autem
2457 3950 2714 4006 famelicis
2739 3960 2794 4005 et
2823 3952 3027 4020 egenis.
3053 3950 3242 4004 Annon
3267 3965 3362 4004 vos
3384 3948 3554 4005 facitis
3572 3952 3852 4008 latrones?

2257 4061 2436 4101 annon
2481 4059 2575 4098 vos
2619 4059 2799 4099 escam
2847 4043 3097 4114 prtebetis
3139 4043 3246 4114 igni
3291 4045 3641 4100 invidorum?
3667 4063 3848 4103 annon

2257 4152 2353 4192 vos
2379 4135 2553 4190 facitis
2581 4135 2832 4206 fugitivos
2859 4143 2911 4191 et
2942 4135 3301 4202 insidiatores,
3331 4135 3458 4191 dum
3482 4138 3632 4206 quasi
3656 4155 3845 4195 escam

2257 4228 2363 4283 illis
2385 4227 2597 4282 divitias
2619 4237 2825 4282 vestras
2857 4225 3166 4296 apponitis?
3192 4241 3310 4296 qua:
3333 4236 3417 4282 est
3446 4229 3560 4284 haec
3584 4229 3800 4284 insania
3825 4233 3848 4285 ἲ

2258 4319 2467 4375 Insania
2502 4318 2698 4388 quippe
2740 4326 2796 4373 et
2825 4316 3104 4372 manifesta
3135 4319 3366 4372 amentia
3397 4328 3514 4384 est,
3548 4335 3696 4374 arcas
3727 4323 3843 4374 ini-

2260 4413 2405 4483 plere
2440 4410 2702 4475 vestibus,
2735 4417 2791 4464 et
2816 4423 2964 4474 eum,
2993 4409 3084 4478 qui
3109 4408 3174 4463 ad
3202 4410 3487 4479 imaginem
3514 4422 3568 4466 et
3593 4412 3850 4468 similitu-

2257 4505 2434 4561 dinem
2481 4503 2571 4557 Dei
2621 4503 2789 4556 factus
2819 4511 2902 4556 est
2927 4543 2942 4566 ,
2971 4499 3171 4555 nudum
3194 4542 3209 4568 ,
3237 4515 3270 4556 a
3301 4501 3496 4572 frigore
3523 4513 3846 4562 trementem

2255 4615 2319 4656 ac
2355 4600 2443 4653 vix
2473 4607 2677 4652 rectum
2721 4603 2953 4650 stantem
2983 4594 3282 4664 despicere.
3322 4597 3393 4651 At
3422 4598 3509 4650 illc
3533 4639 3549 4663 ,
3597 4599 3846 4670 inquies,

2258 4701 2546 4745 tremorem
2577 4697 2632 4743 et
2661 4686 3024 4741 infirmitatem
3070 4687 3331 4741 simulat?
3361 4690 3552 4743 Annon
3588 4691 3757 4747 times
3789 4708 3845 4746 ne

2258 4782 2460 4838 fulmen
2509 4782 2578 4835 ab
2619 4781 2722 4835 hoc
2762 4781 2927 4835 verbo
2972 4794 3258 4836 accensum
3288 4797 3353 4836 ex
3382 4782 3489 4837 alto
3518 4782 3842 4852 dejiciatur?

2257 4877 2333 4932 ira
2365 4874 2511 4930 enim
2537 4874 2877 4943 disrumpor,
2911 4873 3190 4942 ignoscite.
3224 4874 3303 4928 Tu
3333 4875 3527 4944 quippe
3556 4880 3739 4933 ventri
3777 4881 3851 4934 in-

2255 4971 2478 5041 dulgens
2502 4977 2554 5024 et
2585 4968 2794 5039 pinguis
2814 5010 2830 5035 ,
2858 4975 2913 5022 et
2937 4967 3003 5022 ad
3034 4965 3348 5037 profundam
3373 4985 3538 5038 usque
3559 4986 3850 5041 veSperam

2255 5065 2704 5136 compotationem
2719 5061 3035 5124 extendens,
3045 5060 3395 5130 mollibusque
3417 5061 3556 5118 fotus
3572 5066 3851 5134 stragulis,

2255 5174 2361 5213 non
2383 5171 2572 5212 censes
2601 5166 2652 5210 te
2671 5168 2858 5226 pinnas
2881 5153 3148 5216 daturum,
3172 5169 3293 5208 cum
3315 5163 3420 5207 tam
3443 5155 3623 5224 inique
3643 5156 3740 5211 Dei
3760 5158 3855 5212 dn-

2255 5252 2338 5307 nis
2369 5250 2537 5304 utaris
2558 5249 2752 5320 (neque
2771 5249 2912 5303 enim
2935 5247 3116 5302 vinum
3134 5247 3316 5301 datum
3334 5257 3414 5303 est
3428 5260 3482 5300 ut
3497 5249 3846 5314 inebriemur,

2255 5361 2429 5416 neque
2471 5357 2760 5399 concessus
2807 5342 2960 5397 cibus
3007 5350 3062 5394 ut
3101 5349 3344 5395 ventrem
3383 5340 3757 5397 distendamus
3800 5352 3852 5398 et

2252 5435 2640 5508 dirumpamus)
2671 5453 2684 5490 :
2720 5449 3004 5504 pauperem
3031 5448 3178 5496 vero,
3204 5432 3478 5499 miserum,
3499 5448 3604 5488 non
3622 5435 3851 5490 meliore

2253 5531 2562 5588 conditione
2601 5542 2761 5600 quam
2793 5535 3095 5590 mortuum,
3129 5525 3312 5591 illum,
3340 5525 3590 5595 inquam,
3619 5526 3688 5580 ad
3717 5542 3850 5582 exa-

2252 5636 2392 5679 cram
2423 5621 2688 5678 rationem
2715 5617 3042 5674 reddendam
3073 5618 3220 5687 cogis
3247 5635 3262 5683 ;
3292 5633 3390 5673 nec
3423 5619 3618 5672 metuis
3643 5618 3848 5674 Christi

2254 5714 2486 5769 tribunal
2525 5711 2652 5768 illud
2679 5710 3007 5765 horrendum
3033 5719 3088 5765 et
3117 5709 3455 5766 formidabile
3475 5711 3500 5763 ?
3523 5709 3658 5767 Nam
3692 5712 3738 5766 si
3768 5711 3845 5766 si-

2254 5807 2420 5864 mulat
2439 5847 2456 5874 ,
2485 5821 2552 5863 ex
2576 5804 2902 5862 necessitate
2931 5814 2985 5860 et
3010 5812 3248 5874 egestate
3278 5802 3530 5868 simulat,
3557 5803 3628 5858 ob
3654 5802 3844 5858 innua-
