3992 6450
512 382 613 438 ΠῚ
1240 374 1299 432 S.
1341 370 1633 430 JOANNIS
1670 365 2166 431 CHRYSOSTOMI
2206 368 2529 431 ARCIIIEP.
2565 369 3125 435 CONSTANTINGP.

507 493 691 550 δοῦναι
718 490 896 563 δίκην,
929 490 1074 546 οὕτω
1118 491 1452 563 παρανόμως
1492 491 1609 554 τοῖς
1644 488 1739 544 τοῦ
1781 488 1923 543 Θεοῦ
1948 484 2089 559 χρώ-

513 592 670 649 μενος
695 574 889 647 δώροις
920 574 1063 647 (οὑδέ
1098 576 1207 644 γὰρ
1253 574 1343 628 ἵνα
1383 573 1693 644 μεθύωμεν,
1717 573 1746 626 ὀ
1778 566 1941 635 οἶνος·
1977 569 2087 623 οὐδ’

507 663 596 715 ῖνα
625 657 1072 730 γαστριζώμεθα,
1089 660 1127 730 ἡ
1145 655 1317 729 τροφὴ
1343 657 1589 726 γέγονεν·
1611 656 1721 711 οὐδ’
1748 656 1835 709 ῖνα
1856 652 2097 710 διασπῶ-

511 760 611 815 μεν
639 741 739 814 τὴν
789 740 1052 812 γαστέρα,
1103 742 1173 794 τά
1223 740 1415 811 σιτία)’
1469 740 1561 795 τὸν
1599 740 1657 794 δέ
1707 740 1953 810 πένητα,
2001 736 2094 790 τὸν

506 825 714 891 ἄθλιον,
743 824 836 879 τὸν
872 824 1023 878 οὐδὲν
1056 823 1280 894 ἄμεινον
1321 824 1521 897 νεκροῦ
1560 824 1937 893 διακείμενον,
1968 820 2096 875 τοῦ·

506 927 600 964 τον
632 908 858 973 εὐθύνας
886 910 1140 971 ἀπαιτεῖς
1167 908 1442 979 ἀκριϐεῖς,
1477 910 1574 962 καὶ
1615 909 1678 963 οὑ
1725 906 1969 970 δέδοικας
2001 906 2096 959 τοῦ

507 992 746 1066 Χριστοῦ
771 992 833 1046 τὸ
856 992 1208 1063 δικαστήριον
1234 992 1297 1046 τὸ
1336 992 1566 1063 φρικτὸν
1602 992 1777 1046 ἐκεῖνο
1810 991 1904 1045 καὶ
1934 989 2099 1060 φοϐε-

512 1079 603 1149 ρόν
622 1096 643 1145 ;
664 1076 775 1130 Καὶ
789 1076 899 1147 γὰρ
928 1077 978 1129 εί
1005 1076 1382 1148 ὑποκρίνεται,
1403 1074 1462 1143 ἐξ
1480 1076 1727 1145 ἀνάγκης
1746 1073 2097 1145 ὑποκρίνεται

2196 488 2585 566 ἀσχημοσύνης
2610 491 2843 561 ἐκείνης.
2867 490 2957 543 Διδ
2978 489 3074 542 καὶ
3098 486 3461 556 εὐλογώτερον
3491 483 3624 555 πρὸς
3644 487 3832 547 τοὺς

2195 573 2441 640 τιθέντας
2468 580 2596 642 τοὺς
2643 578 2861 646 ἀγῶνας
2899 575 3143 637 τούτους,
3181 572 3275 626 καὶ
3307 571 3379 642 μὴ
3420 569 3831 641 προϊεμένους

2195 658 2364 728 μηδὲν
2389 660 2496 724 ἕως
2518 660 2585 714 ἂν
2618 661 2769 715 ἴδωσι
2793 658 3190 730 κολαζομένους
3218 656 3464 726 ἐτέρους,
3496 654 3681 707 ταῦτα
3744 654 3835 705 ἂν

2195 741 2409 814 λεχθείη
2454 745 2522 799 τά
2578 746 2821 817 ῥήματαο
2857 745 2965 814 Ζῇν
3001 743 3059 795 δέ
3113 740 3379 804 τούτους,
3419 740 3696 792 ἀναπνεῖν
3764 737 3839 789 δὲ

2195 826 2366 891 ὂλως;
2394 828 2487 881 τὸν
2511 827 2569 881 δέ
2600 828 2752 900 ἧλιον
2783 826 2973 881 τοῦτον
3000 826 3133 896 ὀρᾷν
3166 825 3295 886 τοὺς
3341 824 3420 886 εἱς
3464 822 3565 893 τὴν
3596 820 3836 890 κοινὴν

2197 909 2653 982 παρανομοῦντας
2682 911 2867 980 φύσιν,
2895 909 3024 972 τοὺς
3046 911 3127 972 εἰς
3153 908 3245 960 τὸν
3263 906 3396 959 Θεὸν
3423 905 3834 976 ὑϐρίζονταςς

2197 995 2309 1047 Καὶ
2338 995 2432 1049 τοῦ
2476 995 2574 1067 μὲν
2609 994 2747 1069 Θεοῦ
2783 994 3037 1063 λέγοντος
3058 1032 3073 1055 ,
3102 992 3201 1054 Δὸς
3244 988 3645 1059 ἐλεημοσύνην,
3712 988 3833 1039 καὶ

2196 1075 2390 1147 δίδωμι
2440 1095 2523 1131 σοι
2565 1077 2843 1148 βασιλείαν
2890 1075 3176 1147 οὐρανῶν,
3218 1074 3319 1127 οὑκ
3367 1073 3649 1143 ἤκουσας⁹
3710 1070 3832 1122 τοῦ

2197 1160 2453 1213 διαϐόλου.
2475 1162 2532 1215 δέ
2563 1161 2803 1231 κεφαλὴν
2833 1160 3239 1231 καθηλωμένην.
3266 1156 3573 1219 δεικνύντος
3592 1198 3610 1221 ,
3650 1154 3831 1218 ἐξαί-

2200 1260 2337 1313 φνης
2367 1243 2647 1314 φιλότιμος
2676 1245 2906 1312 γέγονας
2933 1260 2946 1274 ⁸
2998 1244 3091 1296 καὶ
3141 1240 3343 1314 μᾶλλον
3385 1238 3739 1309 ἐπέκαμψεν
3790 1241 3827 1305 ἡ

2196 1325 2290 1378 τοῦ
2322 1328 2558 1397 πονηροῦ
2584 1327 2838 1396 δαίμονος
2877 1329 3097 1398 μηχανὴ
3129 1325 3398 1399 τοσαύτην
3431 1324 3639 1395 ἔχουσα
3674 1323 3835 1393 βλά-

2201 1410 2387 1481 ϐην,ἦ
2433 1414 2467 1481 ἡ
2506 1410 2600 1465 τοῦ
2634 1411 2772 1465 Θεοῦ
2826 1412 3122 1482 ὑπόσχεσις
3169 1410 3334 1483 μωρία
3382 1410 3707 1472 κομίζουσα
3748 1408 3831 1459 τὲ

2201 1495 2404 1565 άγαθά“
2432 1495 2574 1561 δέον,
2624 1496 2674 1549 εἰ
2704 1499 2798 1549 καὶ
2827 1496 3048 1566 χρυσίον
3077 1494 3405 1548 καταϐαλεῖν
3439 1493 3613 1563 ἐχρῆν
3657 1492 3833 1561 ὑπὲρ

2199 1581 2295 1635 τοῦ
2325 1580 2501 1635 ταῦτα
2539 1579 2615 1651 μὴ
2645 1579 2915 1648 γίνεσθαι,
2964 1579 3100 1650 μηδὲ
3124 1579 3388 1649 γινόμενα
3418 1579 3574 1649 όρᾷν,
3610 1577 3827 1630 πάντα

2204 1667 2377 1719 ποιεῖν
2406 1665 2501 1718 καὶ
2532 1663 2853 1734 ὑπομένειν,
2882 1662 3023 1717 ὥστε
3057 1663 3264 1717 ἀνελεῖν
3295 1663 3395 1733 τὴν
3424 1662 3635 1734 πολλὴν
3669 1660 3830 1714 ταύ-

2201 1768 2303 1820 την
2334 1750 2571 1821 μανίανσ
2619 1751 2778 1822 ὑμεῖς
2811 1751 2869 1804 δὲ
2919 1750 3062 1820 ὑπὲρ
3115 1747 3209 1802 τοῦ
3256 1749 3351 1802 καὶ
3396 1748 3656 1817 γίνεσθαι
3716 1748 3827 1799 καὶ

2204 1835 2467 1905 γινόμενα
2505 1836 2639 1906 όρᾷν
2663 1875 2677 1898 ,
2709 1835 2887 1889 πάντα
2916 1836 3121 1888 ποιεῖτε
3167 1834 3262 1887 καὶ
3306 1831 3823 1904 πραγματεύεσθε.

2208 1920 2331 1972 Ἔτι
2364 1916 2457 1972 οῦν
2505 1920 2737 1990 ἐρωτᾷς,
2794 1918 2918 1973 εἰπέ
2961 1935 3072 1989 μοι,
3122 1917 3212 1971 διὰ
3254 1916 3307 1971 τί
3348 1917 3582 1985 γέεννα;
3637 1916 3829 1968 ’Λλλά

508 1163 604 1217 καὶ
631 1160 839 1224 ἐνδείας
872 1159 962 1214 διά
988 1158 1088 1232 τὴν
1114 1160 1379 1232 ὠμότητα
1406 1158 1504 1231 τὴν
1534 1158 1633 1228 σὴν
1660 1160 1756 1213 καὶ
1783 1158 1886 1229 την
1925 1158 2099 1212 ἀπαν-

508 1244 755 1316 θρωπίαν
785 1245 883 1316 τὴν
910 1245 1168 1299 τοιούτων
1197 1244 1461 1316 δεομένην
1486 1243 1870 1317 προσωπείων,
1896 1242 1997 1314 τὴν
2023 1242 2096 1313 μὴ

508 1328 895 1400 ἐπικλωμένην
931 1329 1067 1401 πρὸς
1098 1329 1268 1383 ἔλεον.
1313 1328 1410 1392 Τίς
1437 1327 1548 1399 γὰρ
1583 1327 1754 1390 οὕτως
1784 1325 1968 1390 ἄθλιος
2005 1326 2100 1382 καὶ

507 1412 876 1484 ταλαίπωρος,
905 1412 979 1475 ὡς
1009 1412 1280 1484 μηδεμιᾶς
1302 1413 1549 1482 ἀνάγκης
1576 1408 1937 1481 ἐπικειμένης
1959 1409 2100 1481 ὑπὲρ

508 1497 629 1562 ἐνὸς
654 1498 819 1569 ἄρτου
844 1495 1071 1550 τοιαῦτα
1091 1497 1423 1567 ἀσχημονεῖν
1441 1495 1537 1549 καὶ
1548 1495 1949 1549 κόπτεσθαικαὶ
1972 1510 2102 1547 τοσ-

509 1583 683 1653 αύτην
712 1581 1008 1652 ὑπομένειν
1055 1580 1241 1649 δίκην;
1271 1581 1434 1633 Ὥστε
1459 1580 1801 1652 ήὺπόκρισις
1833 1579 2101 1651 ηὲκείνου

510 1667 613 1737 τῆς
644 1665 743 1733 σῆς
768 1663 1169 1735 ἀπανθρωπίας
1199 1664 1551 1735 περιέρχεται
1580 1664 1880 1734 γιγνομένη
1903 1661 2098 1733 κήρυξ.

523 1749 744 1821 Ἐπειδὴ
770 1748 881 1818 7&9
907 1747 1169 1802 ἱκετεύων
1199 1748 1293 1802 καὶ
1310 1747 1560 1819 λιπαρῶν
1585 1749 1676 1802 καὶ
1695 1745 1908 1800 ἐλεεινὰ
1926 1742 2105 1816 προϊέ-

517 1850 679 1899 μενος
709 1835 952 1904 ρήματα,
998 1834 1092 1886 καὶ
1122 1832 1451 1904 ὀδυρόμενος
1479 1830 1573 1885 καὶ
1603 1829 1854 1901 δακρύων
1900 1830 1995 1883 καὶ
2035 1827 2105 1881 δι’

513 1918 643 1988 ὅλης
667 1916 898 1989 περιιὼν
935 1916 1036 1987 τῆς
1068 1916 1305 1986 ἡμέρας,
1329 1914 1451 1969 οὐδὲ
1481 1915 1582 1984 τῆς
1606 1913 1911 1981 ἀναγκαίας
1938 1912 2105 1966 εὐπο-

517 2003 601 2072 ρεῖ
619 2001 849 2071 τροφῆς,
878 1999 1172 2067 ἐπενόησεν
1198 1997 1331 2062 ἴσως
1359 1998 1455 2052 καὶ
1480 1997 1681 2068 ταύτην
1708 1997 1807 2069 τὴν
1834 1998 2104 2067 μηχανὴν,

515 2085 617 2137 οὑκ
653 2085 846 2154 ἐκείνῳ
875 2082 1169 2152 τοσαύτην,
1195 2082 1329 2153 ὅσην
1361 2082 1466 2146 σοὶ,
1497 2080 1771 2153 φέρουσαν
1799 2080 1896 2151 τὴν
1931 2083 2105 2149 ἀσχη-

519 2168 764 2242 μοσύνην
781 2169 877 2224 καλ.
900 2169 999 2239 τὴν
1014 2169 1374 2239 κατηγορίαν.
1406 2168 1646 2231 Ἐκεῖνος
1674 2167 1771 2237 μὲν
1803 2168 1912 2237 7&9
1935 2166 2105 2219 ἐλεεῖ-

518 2252 645 2306 σθαι
683 2252 910 2315 δίκαιος,
943 2252 1027 2305 ὅτι
1082 2251 1162 2315 είς
1210 2249 1483 2320 τοσαύτην
1520 2249 1787 2323 κατῆλθεν
1824 2250 2104 2331 ἀνάγκην·

516 2337 684 2406 ἡμεῖς
708 2335 766 2389 δὲ
801 2334 1011 2406 μυρίων
1053 2333 1194 2401 ἄξιοι
1227 2332 1536 2405 τιμωριῶν,
1573 2335 1656 2387 ὅτι
1700 2334 1825 2395 τοὺς
1869 2332 2108 2402 πένητας

515 2419 742 2474 τοιαῦτα
772 2418 1068 2491 βιαζόμεθα
1109 2418 1359 2488 πάσχειν.
1391 2418 1454 2471 EE
1483 2418 1592 2489 7&9
1620 2417 1678 2484 ἐξ
1710 2416 1958 2481 εὐκολίας
1982 2419 2110 2471 ἐπε-

517 2502 801 2573 κλώμεθα,
832 2504 933 2557 οὑκ
959 2503 1024 2557 ἀν
1051 2519 1179 2555 ποτε
1204 2501 1381 2554 είλετο
1410 2504 1618 2566 ἐκεῖνος
1646 2500 1870 2555 τοιαῦτα
1898 2502 2108 2570 ὑπομέ-

515 2604 650 2642 νειν.
687 2587 798 2640 Καὶ
831 2588 885 2640 τί
914 2586 1059 2655 λέγω
1078 2584 1360 2656 γύμνωσιν
1379 2587 1474 2639 καὶ
1497 2586 1732 2657 τρόμον;
1762 2585 1837 2638 Τὸ
1863 2586 1971 2655 γὰρ
1989 2585 2112 2638 τού-

515 2688 610 2724 του
637 2669 1074 2741 φρικωδέστερον
1092 2669 1222 2737 ἐρῶ,
1241 2669 1323 2721 ὅτι
1345 2669 1441 2722 καὶ
1460 2668 1657 2732 παῖδας
1683 2669 2111 2739 ἡναγκάσθησαν

517 2773 594 2828 πη
605 2754 775 2828 ρῶσαί
802 2771 945 2817 τινες
973 2754 1149 2825 ἄωρον
1169 2754 1402 2822 ἄγοντας
1422 2753 1661 2824 ἠλικίαν,
1687 2754 1779 2806 ἴνα
1793 2755 1893 2824 τῆς
1912 2753 2112 2825 ἡμετέ-

523 2857 623 2911 ρας
651 2838 1012 2909 ἀναισθησίας
1036 2837 1392 2892 καθίκωνται.
1432 2838 1651 2908 Ἐπειδὴ
1679 2839 1788 2908 7&9
1819 2838 2113 2908 βλέποντες

520 2922 616 2976 καὶ
647 2922 847 2991 γυμνοὶ
899 2920 1239 2990 περιιόντες,
1282 2919 1404 2974 οὑτε
1446 2920 1553 2974 ἀπὸ
1591 2925 1690 2992 τῆς
1728 2920 1944 2990 ἡλικίας
1987 2919 2111 2974 οὔτε

521 3005 630 3059 ἀπὸ
651 3006 750 3076 τῆς
778 3004 1064 3075 συμφοράς
1091 3004 1474 3057 ἐπεσπάσαντο
1502 3006 1628 3066 τοὺς
1658 3004 1926 3074 ἀνηλεεῖς,
1945 3020 2116 3073 προσ-

523 3088 729 3160 έθηκαν
763 3090 875 3152 τοῖς
915 3086 1193 3151 τοσούτοις
1239 3089 1431 3150 κακοῖς
1478 3087 1672 3159 ἑτέραν
1724 3087 2115 3157 χαλεπωτέραν

522 3172 855 3246 τραγῳδίαν,
895 3171 984 3225 ἵνα
1011 3171 1213 3224 λύσωσι
1253 3170 1346 3224 τὸν
1387 3170 1564 3242 λιμὸν,
1600 3170 1929 3243 κουφότερον
1974 3168 2115 3224 εἷναι

525 3257 841 3327 νομίζοντες
875 3254 1286 3326 ἀπεστερῆσθαι
1331 3252 1428 3308 τοῦ
1478 3253 1660 3308 κοινοῦ
1702 3253 1894 3307 τούτου
1936 3253 2114 3322 φωτὸς

526 3340 752 3411 καὶτῆς
782 3341 919 3393 πᾶσι
966 3338 1257 3411 δεδομένης
1302 3338 1542 3401 ἀκτῖνος,
1599 3338 1631 3409 ἦ
1678 3336 1822 3410 λιμῷ
1863 3338 2117 3391 παλαίειν

526 3427 769 3497 διηνεκεῖ
789 3424 882 3478 καὶ
913 3422 1004 3477 τὸν
1020 3423 1291 3476 οῖκτιστον
1315 3421 1611 3492 ὑπομένειν
1629 3421 1877 3475 θάνατον.
1896 3421 2117 3493 Ἐπειδὴ

528 3509 639 3583 γάρ
668 3510 728 3563 οὑ
766 3507 957 3562 πενίαν
984 3506 1219 3577 ἐμάθετε
1250 3505 1441 3569 ἐλεεῖν,
1473 3504 1610 3558 ἀλλά
1642 3505 1939 3574 τέρπεσθαι
1972 3523 2110 3578 συμο

530 3597 747 3665 φοραῖς,
767 3590 1066 3663 πληροῦσιν
1085 3589 1238 3663 ὑμῶν
1254 3591 1354 3661 τὴν
1371 3589 1666 3660 ἀκόρεστον
1689 3589 2004 3660 ἐπιθυμίαν,
2024 3589 2119 3644 καὶ

531 3680 744 3741 ἑαυτοῖς
765 3678 859 3730 καλ.
882 3676 1012 3745 ὑμῖν
1036 3684 1054 3705 ⁸
1073 3673 1468 3745 χαλεπωτέραν
1488 3672 1589 3743 τῆς
1611 3674 1836 3745 γεέννης
1858 3673 2121 3728 ἀνάπτον-

530 3779 622 3825 τες
648 3763 745 3832 τὴν
771 3759 966 3830 φλόγα.
998 3758 1108 3813 Καὶ
1141 3759 1229 3812 ἵνα
1269 3757 1480 3828 μάθητε
1515 3757 1597 3811 ὅτι
1630 3757 1717 3810 διὰ
1759 3757 1916 3810 τοῦτο
1947 3756 2121 3810 ταῦτα

532 3845 743 3914 γίνεται
766 3843 862 3896 καὶ
889 3841 957 3895 τά
977 3841 1224 3907 τοιαῦτα,
1253 3842 1557 3912 τεκμήριον
1599 3841 1628 3892 ὑ
1638 3843 1729 3911 μῖν
1758 3839 2121 3910 ὡμολογημέ-

534 3947 623 3984 νον
651 3926 782 4000 ἐρῶ,
815 3925 953 3998 πρὸς
978 3925 1007 3981 δ
1037 3925 1224 3998 μηδεὶς
1245 3925 1480 3997 ἀντερεῖ.
1512 3924 1669 3979 Είσὶν
1690 3923 1871 3995 ἕτεροι
1891 3924 2121 3994 πένητες

532 4011 725 4082 κοῦφοι
751 4011 844 4064 καὶ
882 4010 1147 4081 μετέωροι
1177 4008 1274 4073 τάς
1295 4008 1493 4079 ψυχὰς,
1519 4007 1613 4061 καὶ
1637 4007 1739 4060 οὑκ
1777 4006 1980 4071 εἰδότες
2019 4007 2120 4075 φέ-

536 4116 654 4170 ρειν
678 4097 855 4168 λιμὸν.
881 4094 1019 4149 ἀλλά
1037 4095 1215 4148 πάντα
1243 4094 1462 4166 μᾶλλον,
1487 4093 1520 4164 ἢ
1549 4090 1708 4147 τοῦτο
1732 4092 2120 4163 ὑπομένοντες.

535 4176 695 4236 Οὗτοι
725 4178 985 4241 πολλάκις
1009 4179 1136 4249 ὑμῖν
1165 4178 1414 4239 ἐλεεινοῖς
1441 4176 1535 4230 καὶ
1560 4177 1803 4248 σχήμασι
1827 4175 1920 4229 καὶ
1945 4177 2009 4245 ρή
2019 4193 2123 4245 μα-

538 4281 621 4318 σιν
659 4263 993 4334 ἐντυχόντες,
1040 4262 1225 4331 ἐπειδὴ
1255 4262 1409 4316 οὑδέν
1455 4259 1672 4330 ὤνησαν
1703 4259 1805 4323 τὰς
1841 4260 2124 4331 ἱκετηρίας

536 4346 766 4417 ἀφέντες
821 4345 1051 4407 ἐκείνας,
1104 4345 1230 4406 τοὺς
1278 4343 1719 4413 θαυματοποιοὺς
1763 4343 1895 4408 ὑμῖν
1935 4342 2121 4397 λοιπὸν

537 4432 884 4505 παρήλασαν,
910 4432 959 4483 οἱ
1000 4428 1098 4499 μὲν
1133 4429 1381 4499 δέρματα
1409 4427 1774 4496 ὑποδημάτων
1805 4427 2122 4498 μασώμενοι

538 4517 950 4589 πεπονηκότων,
970 4513 1021 4566 οἱ
1042 4512 1097 4565 δέ
1116 4514 1257 4565 κατά
1272 4512 1371 4580 τῆς
1398 4511 1642 4581 κεφαλῆς
1664 4510 1828 4580 ἥλους
1847 4511 1990 4575 ὀξεῖς
2009 4511 2123 4564 δια-

540 4603 842 4671 πείροντες,
871 4598 1050 4667 ἕτεροι
1085 4595 1394 4664 πεπηγόσιν
1425 4593 1611 4647 ὕδασιν
1644 4593 1751 4647 ὑπὸ
1777 4594 1870 4648 τοῦ
1908 4595 2121 4666 κρυμοῦ

540 4685 720 4755 γυμνῇ
768 4685 833 4753 τῇ
871 4682 1074 4749 γαστρί
1121 4676 1607 4749 προσομιλοῦντες,
1663 4677 1813 4731 ἄλλοι
1856 4678 1913 4731 δὲ
1958 4678 2122 4749 ἕτερα

541 4765 863 4837 ἀτοπώτερα
892 4761 1095 4816 τούτων
1131 4760 1514 4831 ὑπομένοντες,
1558 4761 1643 4815 ἵνα
1674 4761 1734 4814 τὸ
1764 4762 1998 4835 πονηρὸν
2026 4779 2125 4815 πε-

543 4850 842 4924 ριστήσωσι
873 4845 1118 4917 θέατρον.

614 4940 686 4998 ς’,
724 4933 795 4985 Σὺ
823 4931 902 4995 δέ,
936 4929 1145 4985 τούτων
1173 4928 1496 4999 γινομένων,
1526 4928 1763 4999 ἕστηκας
1808 4929 1981 4997 γελῶν
2030 4931 2124 4984 καὶ

547 5015 862 5086 θαυμάζων,
893 5015 986 5068 καὶ
1011 5014 1385 5085 ἐμπομπεύων
1408 5016 1522 5078 τοῖς
1567 5014 1767 5082 ἐτέρων
1794 5016 2003 5077 κακοῖς,
2024 5017 2123 5085 τῆς

542 5102 728 5168 κοινῆς
755 5097 910 5172 [188]
943 5095 1160 5168 φύσεως
1191 5096 1627 5169 ἀσχημονούσης.
1650 5097 1761 5151 Καὶ
1800 5097 2029 5151 τίπλέον
2059 5098 2127 5151 ἂν

543 5182 836 5255 ἐργάσαιτο
854 5181 1059 5235 τούτων
1088 5180 1299 5251 δαίμων
1324 5183 1549 5253 ἄγριος;
1575 5176 1709 5233 Εἶτα
1741 5180 1826 5233 ἵνα
1851 5181 2125 5253 προθυμό-

542 5283 700 5337 τερον
738 5266 938 5338 ποιήσῃ
968 5265 1178 5331 ταῦτα,
1222 5263 1608 5335 δαψιλέστερον
1649 5263 1807 5328 δίδως
1838 5264 2121 5335 ἀργύριον.

543 5350 655 5404 Καὶ
675 5348 751 5419 τῷ
779 5350 875 5420 μὲν
900 5350 1176 5421 εὐχομένω
1204 5348 1407 5402 καὶτὸν
1428 5349 1561 5401 Θεὸν
1587 5348 1863 5411 καλοῦντι,
1885 5352 1977 5402 καὶ
2005 5349 2124 5420 μετ’

545 5433 847 5496 ἐπιεικείας
888 5433 1168 5502 προσιόντι
1202 5432 1345 5498 οὑδὲ,
1380 5431 1771 5503 ἀποκρίνεσθαι
1805 5433 1972 5498 ἀξιοῖς
2004 5433 2127 5487 οὑδέ

545 5515 836 5587 ἐμϐλέψαι,
880 5515 1016 5569 ἀλλά
1058 5517 1153 5575 καὶ
1197 5515 1267 5569 τά
1310 5516 1543 5586 φορτικά
1584 5517 1768 5568 ἐκεῖνα
1798 5516 1933 5586 πρὸς
1963 5516 2125 5569 αὑτὸν

546 5601 761 5674 φθέγγῃ
792 5601 1032 5671 ῥήματα,
1064 5600 1192 5653 ὅταν
1218 5600 1455 5670 συνεχῶς
1500 5599 1794 5671 ἐνοχλήσῃ·
1833 5588 2035 5652 Τοῦτον
2069 5600 2126 5653 δὲ

547 5682 628 5735 δεῖ
648 5683 780 5755 ζῇν;
810 5684 1066 5738 ἀναπνεῖν
1089 5684 1145 5737 δέ
1174 5685 1337 5748 ὅλως,
1372 5682 1405 5753 ἦ
1437 5682 1529 5735 τὸν
1554 5683 1703 5753 ἥλιον
1736 5682 1927 5736 τοῦτον
1955 5685 2125 5755 όρᾷν;

550 5766 685 5833 πρὸς
717 5769 791 5821 δὲ’
822 5768 1064 5832 ἐκείνους
1112 5767 1207 5822 καὶ
1254 5764 1478 5835 φαιῖρὸς
1534 5767 1628 5821 καὶ
1679 5766 1977 5837 φιλότιμος,
2031 5768 2128 5821 ἀτε

553 5846 891 5920 ἀγωνοθέτης
922 5869 1007 5915 τις
1035 5850 1109 5906 ὢν
1148 5855 1246 5922 τῆς
1270 5848 1677 5918 καταγελάστου
1712 5850 1805 5904 καὶ
1837 5851 2130 5922 σατανικῆς

611 5940 631 5961 ⁸
653 5942 797 6006 Πθει,
820 5948 899 5995 καὶ
918 5948 1047 6009 ἡμῖν.

2210 2003 2408 2073 μηκέτι
2454 2003 2614 2057 τοῦτο
2667 2002 2867 2074 ἐρώτα,
2901 2002 3038 2055 ἀλλά
3076 2000 3194 2066 πῶς
3244 2001 3343 2071 μία
3391 2000 3594 2070 γέεννα
3638 1999 3825 2070 μόνη.

2210 2085 2396 2139 Πόσων
2450 2086 2557 2159 7&9
2591 2085 2692 2138 οὑκ
2736 2078 2888 2150 ’ἄξιοι
2940 2085 3218 2139 κολάσεων
3247 2079 3391 2139 οὗτοι
3445 2084 3497 2135 οί
3543 2083 3607 2136 τὸ
3651 2082 3827 2152 ὠμὸν

2207 2168 2365 2222 τοῦτο
2385 2170 2479 2222 καὶ
2508 2168 2716 2239 ἀπηνὲς
2748 2168 3176 2240 συγκροτοῦντες
3199 2167 3446 2240 θέατρον,
3470 2166 3570 2219 καὶ
3593 2164 3818 2234 γελῶν-

2206 2268 2301 2316 τες
2326 2252 2412 2322 ἐφ⁹
2436 2247 2515 2316 οἷς
2543 2251 2801 2323 δακρύειν
2829 2252 2935 2305 ἔδει
2963 2251 3249 2315 κάκείνους
3276 2251 3369 2303 καὶ
3396 2251 3543 2320 ὑμᾶς
3568 2248 3816 2312 αὑτούςς

2211 2335 2413 2407 μᾶλλον
2444 2335 2503 2389 δὲ
2533 2337 2677 2407 ὑμᾶς
2698 2337 2824 2400 τοὺς
2849 2336 2918 2389 τὰ
2940 2335 3167 2390 τοιαῦτα
3190 2334 3612 2401 ἀναγκάζοντας
3643 2334 3810 2401 ἀσχη-

2213 2421 2394 2489 μονεῖν
2420 2437 2435 2487 ;
2465 2419 2604 2472 Ἀλλ’
2625 2420 2725 2473 οὑκ
2749 2419 3066 2487 ἀναγκάζω,
3098 2419 3256 2489 φησί,
3282 2417 3407 2480 Πῶς
3434 2417 3536 2470 οὑκ
3560 2417 3805 2483 ἀναγκά-

2211 2502 2346 2569 ζεις,
2377 2504 2498 2558 εἱπέ
2528 2520 2641 2574 μοι,
2670 2506 2780 2566 τοῖς
2808 2503 2908 2574 μὲν
2928 2502 3360 2573 ἐπιεικεστέροις
3382 2501 3476 2554 καὶ
3502 2499 3804 2571 δακρύουσι

2212 2587 2307 2643 καλ⁵
2360 2586 2455 2641 τὸν
2489 2585 2621 2640 Θεὸν
2660 2585 3075 2658 παρακαλοῦσιν
3116 2586 3238 2655 οὑδέ
3278 2584 3574 2657 προσέχειν
3611 2583 3810 2652 ἀνεχό-

2215 2685 2394 2741 μενος·
2427 2671 2641 2734 τούτοις
2690 2670 2748 2725 δὲ
2801 2671 2896 2723 καὶ
2936 2669 3200 2741 ἀργύριον
3244 2669 3501 2739 παρέχων
3543 2666 3811 2736 δαψιλὲς,

2211 2759 2305 2812 καὶ
2338 2756 2566 2822 πολλοὺς
2594 2756 2892 2828 περιιστῶν
2918 2758 3043 2820 τοὺς
3076 2754 3489 2826 θαυμάξοντας;
3523 2754 3642 2805 Καὶ
3666 2752 3811 2804 ἀπο-

2213 2843 2448 2915 στῶμεν,
2485 2843 2672 2913 φησὶν,
2706 2841 2982 2905 ἐλεοῦντες
3017 2840 3238 2904 αὐτούς.
3270 2839 3383 2892 Καὶ
3420 2838 3486 2890 σὺ
3522 2835 3689 2890 τοῦτο
3717 2852 3814 2887 κε·-

2213 2926 2418 2991 λεύεις;
2453 2927 2567 2980 Οὑκ
2589 2926 2705 2979 ἐστι
2730 2925 2889 2978 τοῦτο
2919 2924 3108 2987 ἐλεεῖν,
3137 2922 3413 2994 ἄνθρωπε,
3437 2921 3501 2973 τὸ
3526 2918 3811 2989 τοσαύτην

2216 3011 2467 3065 ἀπαιτεῖν
2492 3010 2649 3080 δίκην
2680 3009 2820 3080 ὑπὲρ
2848 3008 3043 3075 ὀλίγων
3063 3005 3285 3070 ὀϐολῶν,
3309 3005 3371 3058 τὸ
3395 3001 3633 3058 κελεύειν
3654 3001 3810 3071 ὑπὲρ

2215 3095 2519 3160 ἀναγκαίας
2574 3090 3018 3148 κατακόπτεσθαι
3067 3092 3295 3162 τροφῆς,
3348 3087 3445 3141 κα.)⁸
3497 3088 3575 3149 εἱς
3630 3084 3812 3138 πολλὰ

2215 3177 2522 3248 διατέμνειν
2547 3176 2649 3247 τῆς
2680 3175 2925 3246 κεφαλῆς
2950 3174 3051 3244 τῆν
3081 3171 3243 3244 δορὰν
3272 3170 3415 3224 οὕτω
3457 3168 3683 3240 πικρῶς
3721 3172 3814 3222 καὶ

2217 3260 2489 3325 ἐλεεινῶς.
2543 3261 2820 3332 Εὐφήμει,
2857 3259 3042 3331 φησίν·
3080 3257 3142 3311 οὑ
3196 3255 3305 3328 7&9
3338 3256 3501 3325 ἡμεῖς
3551 3255 3734 3323 ἐσμεν
3766 3252 3813 3304 οἱ

2217 3344 2315 3408 τὰς
2343 3344 2585 3413 κεφαλὰς
2615 3342 2980 3414 καθηλοῦντες
3020 3343 3257 3405 ὲκείνας.
3299 3340 3425 3395 Εἴθε
3456 3337 3544 3391 σύ⁸
3584 3338 3692 3390 καὶ
3718 3338 3805 3390 οὖν

2218 3425 2287 3499 ἦν
2318 3429 2460 3483 o'ww
2487 3429 2658 3483 δεινὸν
2691 3427 2753 3481 τὸ
2794 3428 2986 3481 δεινόν.
3030 3426 3090 3479 '0
3121 3426 3231 3497 7&9
3267 3425 3516 3495 σφάττων
3546 3416 3686 3476 τιὶοά
3722 3417 3797 3473 τοῦ

2219 3513 2531 3576 κελεύοντος
2553 3511 2743 3566 ἐαυτὸν
2763 3511 3019 3581 σφάττειν
3035 3509 3216 3580 πολλῷ
3231 3506 3620 3579 χαλεπώτερον
3649 3506 3798 3559 ποιεῖ·

2218 3598 2247 3651 ὃ
2275 3597 2341 3670 δὴ
2371 3597 2468 3651 καὶ
2492 3597 2586 3650 ἐπὶ
2614 3595 2821 3650 τούτων
2857 3594 3167 3666 συμϐαίνει.
3203 3595 3312 3649 Καὶ
3339 3592 3447 3663 7&9
3470 3591 3805 3662 δριμυτέρας

2223 3680 2553 3751 ὑπομένουσι
2579 3679 2679 3744 τάς
2698 3678 2911 3743 ὀδύνας,
2940 3679 3069 3732 ὅταν
3098 3677 3194 3731 καὶ
3218 3675 3516 3748 αὐτουργοὶ
3540 3674 3801 3728 κελεύων·

2219 3783 2309 3819 ται
2340 3764 2585 3833 γίνεσθαι
2615 3763 2724 3817 τῶν
2754 3761 3011 3833 πονηρῶν
3038 3761 3245 3815 τούτων
3269 3759 3696 3828 ἐπιταγμάτων,
3720 3757 3804 3811 καὶ

2220 3847 2391 3903 ταῦτα
2447 3850 2506 3903 ἐν
2568 3847 2904 3918 Ἀντιοχείᾳ,
2956 3846 3015 3899 ἐν
3151 3845 3371 3917 πρῶτον
3425 3842 3805 3913 ἐχρημάτισαν

2221 3934 2570 4006 Χριστιανοὶ,
2615 3926 2742 4005 ἐνῇ
2797 3930 3058 3984 ἁπάντων
3111 3927 3414 4000 ἀνθρώπων
3462 3925 3805 3997 ἡμερώτεροι

2220 4020 2530 4089 γεγόνασιν,
2563 4019 2622 4071 ἐν
2729 4016 2895 4079 πολὺς
2921 4014 3024 4084 τῆς
3057 4011 3427 4085 ἐλεημοσύνης
3472 4011 3534 4063 τὸ
3577 4008 3804 4090 παλαιὸν

2221 4103 2395 4172 ἐκόμα
2437 4100 2667 4172 καρπός.
2704 4100 2839 4152 Οὐδὲ
2886 4099 2996 4170 γὰρ
3046 4100 3158 4161 τοῖς
3191 4094 3424 4167 παροῦσι
3459 4094 3641 4165 μόνον,
3676 4089 3804 4147 ἀλλά

2222 4184 2314 4236 καλ.
2340 4184 2453 4246 τοῖς
2483 4179 2765 4253 πόρρωθεν
2795 4178 3043 4248 ἔπεμπον
3075 4179 3139 4230 ἐκ
3191 4174 3386 4229 πολλοῦ
3442 4172 3539 4227 τοῦ
3581 4173 3799 4242 διαστή-

2225 4282 2414 4335 ματος,
2450 4264 2546 4318 καὶ
2601 4262 2771 4316 ταῦτα
2824 4260 2985 4332 λιμοῦ
3030 4258 3181 4333 [189]
3226 4255 3697 4329 προσδοκωμένου.
3738 4254 3803 4306 Τί

2221 4345 2315 4403 οῦν
2364 4349 2447 4401 δεῖ
2500 4348 2715 4411 ποιείνς
2756 4345 2923 4414 φησί·
2975 4345 3086 4415 Τῆς
3127 4343 3225 4414 μὲν
3254 4339 3546 4411 θηριωδίας
3591 4337 3797 4400 ταύτης

2223 4434 2568 4501 καθυφεῖναι,
2605 4431 2791 4482 πεῖσαι
2820 4428 2877 4481 δὲ
2920 4429 3048 4491 τοὺς
3079 4425 3369 4495 δεομένους
3400 4423 3669 4487 ἅπαντας,
3723 4422 3803 4474 δτι

2220 4516 2395 4572 ταῦτα
2447 4515 2545 4587 μὲν
2592 4514 2873 4577 ποιοῦντες
2916 4512 3069 4565 οὐδὲν
3110 4511 3409 4581 λήψονται,
3458 4507 3727 4571 ἐπιεικῶς
3753 4505 3803 4556 δέ

2222 4602 2557 4674 προσιόντες,
2578 4597 2783 4667 πολλῆς
2809 4595 3208 4674 ἀπολαύσονται
3227 4594 3329 4665 τῆς
3355 4592 3695 4664 φιλοτιμίας.
3716 4592 3806 4643 “Av

2222 4672 2280 4739 δέ
2319 4683 2488 4738 ταῦτα
2520 4682 2753 4754 μάθωσι,
2794 4680 2899 4733 κάν
2928 4681 3143 4732 πάντων
3173 4672 3306 4731 ῶσιν
3331 4676 3682 4746 ἀθλιώτεροι,
3717 4674 3803 4741 οὑχ

2221 4768 2539 4839 αἱρήσονται
2584 4764 2839 4818 οὐδέποτε
2890 4762 3113 4815 τοιαῦτα
3164 4760 3527 4824 κολάζεσθαι,
3572 4757 3693 4826 ἐγὼ
3724 4760 3801 4824 ἐγ-

2221 4838 2465 4924 γυῶμαι·
2498 4851 2635 4905 ἀλλά
2663 4851 2757 4902 καὶ
2787 4849 2948 4919 χάριν
2985 4848 3115 4916 ὑμῖν
3158 4848 3419 4909 εἴσονται,
3459 4845 3542 4897 ὅτι
3576 4842 3679 4896 καὶ
3718 4838 3803 4894 τοῦ

2223 4937 2459 5007 γέλωτος
2492 4936 2586 4989 καὶ
2615 4932 2713 5002 τῆς
2741 4933 2932 5002 ὀδύνης
2964 4931 3161 4994 αὑτοὺς
3190 4927 3533 4998 ἀπηλλάξατε
3568 4927 3803 4995 ἐκείνης.

2293 5020 2408 5075 Νῦν
2441 5020 2495 5072 δέ
2537 5018 2676 5089 ὑπὲρ
2704 5017 2802 5088 μὲν
2838 5017 3074 5086 ἡνιόχων
3103 5014 3199 5068 καὶ
3230 5014 3421 5076 παῖδας
3453 5011 3517 5064 ἂν
3561 5011 3827 5080 ἐκδοίητε.

2222 5108 2349 5170 τοὺς
2384 5104 2708 5175 ὑμετέρους,
2753 5102 2846 5154 καὶ
2894 5101 3033 5171 ὑπὲρ
3081 5098 3363 5170 ὀρχηστῶν
3405 5097 3498 5150 καλ.
3528 5096 3708 5159 αὑτὰς
3745 5095 3804 5147 ἂν

2224 5187 2480 5260 πρόοισθε
2504 5187 2599 5247 τὰς
2622 5185 2801 5255 ψυχάς
2823 5200 2836 5212 ’
2873 5183 3015 5254 ὑπὲρ
3035 5182 3090 5236 δὲ
3111 5183 3204 5235 τοῦ
3225 5180 3461 5254 Χριστοῦ
3489 5179 3800 5239 πεινῶντος,

2222 5272 2346 5326 οὑδέ
2365 5271 2427 5323 τὸ
2460 5269 2751 5323 πολλοστὸν
2784 5267 2882 5336 τῆς
2927 5266 3116 5329 οὐσίας
3151 5265 3407 5336 προΐεσθε
3441 5264 3630 5335 μέροςο
3672 5260 3803 5317 ἀλλά

2221 5355 2287 5410 ἂν
2319 5356 2500 5423 ὀλίγον
2528 5354 2666 5407 δῶτε
2711 5352 2998 5423 ἀργύριον,
3045 5350 3119 5414 ώς
3166 5350 3228 5401 τὸ
3281 5351 3388 5403 πᾶν
3435 5348 3801 5405 ἐκτετικότεςν

2222 5439 2363 5493 οὑτω
2391 5437 2688 5501 διάκεισθε,
2731 5437 2832 5489 οὑκ
2870 5435 3071 5498 εἰδότες
3106 5435 3189 5487 ὅτι
3231 5433 3292 5485 ού
3327 5432 3387 5485 τὸ
3420 5430 3626 5493 δοῦναι,
3670 5428 3799 5483 ἀλλὰ

2223 5523 2286 5576 τὸ
2349 5535 2487 5593 μετα
2536 5518 2818 5590 δαψιλείας
2873 5517 3090 5582 δοῦναι,
3148 5516 3305 5569 τοῦτο
3369 5515 3604 5586 μάλιστά
3660 5518 3799 5568 ἐστιν

2224 5605 2583 5675 ἐλεημοσύνη.
2633 5604 2731 5657 Διά
2761 5604 2919 5655 τοῦτο
2957 5603 3050 5655 καὶ
3096 5603 3125 5655 ό
3167 5602 3456 5672 προφήτης
3484 5600 3543 5652 οὐ
3574 5601 3701 5661 τοὺς
3727 5598 3794 5649 διο

2222 5690 2412 5751 δόντας
2438 5687 2623 5751 ἁπλῶς
2655 5687 3016 5758 ἀνακηρύττει
3046 5686 3139 5739 καὶ
3173 5683 3484 5754 μακαρίζει,
3519 5682 3655 5735 ἀλλά
3680 5683 3794 5739 τοὺς

2226 5773 2476 5842 ἀφθόνως
2506 5771 2865 5842 παρέχοντας.
2893 5771 2966 5823 Οὑ
2998 5770 3108 5839 7&9
3133 5767 3317 5831 ἁπλῶς
3350 5762 3523 5829 εἶπεν,
3541 5764 3791 5842 Ἔδωκεν,

2228 5839 2367 5911 ἀλλά
2407 5855 2558 5920 πῶςς
2590 5839 3011 5922 ’Ἐγὰκίζοπισεικ
3062 5851 3246 5905 ἔδωκε
3296 5848 3421 5913 τρῖς
3468 5846 3709 5909 πένησι.
3734 5839 3791 5892 Τί

2230 5941 2339 6007 γὰρ
2363 5939 2574 6005 ὄφελος,
2611 5937 2738 5992 ὅταν
2765 5934 3007 5991 πλουτῶν
3049 5934 3302 5989 τοσοῦτον
3334 5934 3456 6005 δῷς,
3484 5931 3607 5985 ὅσον
3631 5930 3694 5984 ἄν
3718 5937 3789 5985 τις
