3992 6420
131 349 246 402 ΠἸ

141 470 391 522 nitatem
444 474 507 520 et
556 464 825 519 saevitiam
884 472 1017 515 tuam
1047 499 1060 521 ,
1121 473 1240 527 quae
1287 453 1587 525 hujusmodi
1636 466 1770 520 opus

148 559 335 615 habet
384 557 580 622 larvis,
636 573 760 627 quae
806 569 910 609 non
953 551 1183 607 ﬂectitur
1224 549 1288 604 ad
1309 544 1773 616 ,misericordiam.

160 655 301 722 Quis
327 652 481 708 enim
512 651 658 706 adeo
686 650 851 704 miser
877 656 957 704 est
985 657 1038 701 et
1064 645 1263 709 infelix,
1289 650 1346 696 ut
1370 642 1514 696 nulla
1547 641 1778 695 instante

171 746 512 804 necessitate
539 759 642 815 pro
672 759 781 798 uno
811 756 942 812 pane
968 749 1073 794 tam
1102 737 1352 793 indecore
1377 750 1436 790 se
1462 745 1631 806 gerat,
1660 731 1779 802 pul-

172 849 347 901 setur,
393 846 447 891 et
475 847 660 889 tantas
687 835 940 889 sustineat
980 830 1203 901 poenas?
1232 829 1375 910 llliuﬁs
1407 828 1582 896 itaque
1609 826 1775 879 simu-

180 934 307 988 latio
353 932 555 985 circuit
602 928 1225 984 iuhumanitatem'tuam
1274 922 1590 993 prazdicans.
1643 919 1776 986 Quia

177 1026 320 1077 enim
354 1022 706 1092 supplicans,
737 1021 1022 1074 obsecrans
1043 1059 1057 1083 ,
1087 1026 1140 1071 et
1167 1014 1490 1069 miserabilia
1525 1013 1776 1067 emittens

169 1117 369 1181 verba,
405 1115 729 1178 lamentans,
765 1112 1064 1182 lacrymans
1095 1119 1149 1163 et
1176 1123 1270 1178 per
1296 1116 1457 1162 totam
1494 1105 1634 1159 diem
1671 1104 1776 1158 cir-

165 1211 452 1274 cumiens,
485 1223 556 1263 ne
582 1206 939 1262 necessarium
967 1204 1181 1274 quidem
1211 1203 1413 1256 invenit
1440 1199 1771 1265 alimentum,

163 1303 316 1356 hanc
357 1301 595 1354 fortasse
629 1298 872 1353 technam
902 1295 1254 1365 excogitavit,
1284 1309 1404 1363 qua:
1434 1307 1539 1345 non
1570 1299 1771 1344 tantum

161 1397 267 1460 illi,
315 1403 590 1464 quantum
632 1391 725 1446 tibi
765 1390 917 1446 affert
963 1389 1194 1445 dedecus
1231 1396 1284 1442 et
1322 1385 1593 1455 probrum.
1631 1383 1773 1437 Illius

162 1490 320 1544 enim
354 1497 420 1542 ut
457 1487 806 1540 misereamus
845 1498 1055 1552 :equum
1085 1491 1184 1545 est,
1215 1479 1336 1550 quia
1367 1479 1419 1532 in
1453 1486 1650 1532 tantam
1684 1491 1770 1530 rc-

164 1581 374 1635 dactus
410 1589 494 1634 est
541 1577 910 1632 necessitatem
945 1593 959 1629 :
990 1589 1089 1630 nos
1135 1589 1262 1628 vero
1306 1572 1454 1628 mille
1499 1569 1772 1640 suppliciis

167 1673 318 1741 digni
349 1714 365 1735 ,
404 1672 527 1740 quia
558 1683 814 1738 pauperes
844 1667 909 1721 ad
942 1667 1056 1720 haec
1084 1664 1321 1720 facienda
1349 1662 1607 1734 cogimus.
1637 1660 1769 1716 Nam

164 1766 213 1819 si
245 1763 422 1818 facile
446 1763 801 1826 Decteremur,
831 1775 1117 1829 numquam
1146 1758 1236 1811 ille
1264 1757 1425 1810 vellet
1457 1755 1579 1809 talia
1605 1753 1770 1809 susti-

166 1872 329 1910 nere.
368 1856 440 1908 Et
486 1853 612 1924 quid
658 1856 778 1907 dico
819 1853 1110 1906 nuditatem
1155 1859 1208 1905 et
1251 1847 1571 1904 tremorem?
1615 1845 1768 1912 Quod

167 1949 320 2002 enim
354 1948 522 2017 longe
548 1945 854 2000 horribilius
883 1954 965 1999 est
989 1945 1162 1999 dicam
1187 1960 1201 1998 :
1226 1943 1395 1998 coacti
1417 1940 1768 2010 suntquidam

168 2041 317 2094 filios
366 2054 650 2094 exctecare
691 2047 844 2092 aetate
890 2039 1202 2092 immaturos
1224 2076 1241 2103 ,
1271 2043 1330 2088 ut
1358 2035 1409 2087 in
1441 2042 1600 2088 tantae
1628 2032 1768 2086 cala-

169 2133 389 2185 mitatis
436 2146 652 2186 sensum
701 2131 1026 2186 veniremus.
1077 2129 1208 2197 Quia
1251 2127 1391 2181 enim
1432 2125 1673 2180 videntes
1715 2133 1770 2179 et

173 2225 303 2277 nudi
336 2224 758 2288 circumeuntes,
791 2237 962 2292 neque
987 2237 1054 2276 ex
1084 2229 1238 2275 aetate
1268 2234 1440 2290 neque
1467 2234 1530 2273 ex
1553 2217 1769 2272 calami-

173 2324 285 2370 tate
314 2314 775 2369 immisericordes
801 2314 1156 2380 attrahebaut,
1187 2322 1265 2366 tot
1287 2312 1442 2366 malis
1466 2311 1622 2365 aliam
1647 2326 1768 2380 gra-

170 2408 391 2461 viorem
427 2407 740 2476 tragoediam
766 2407 1124 2472 addiderunt,
1162 2415 1219 2459 ut
1245 2405 1436 2458 famem
1477 2403 1763 2467 sedarent;

171 2491 348 2545 levius
381 2506 504 2546 esse
537 2492 902 2546 existimantes
930 2491 1030 2545 hac
1057 2491 1325 2546 communi
1359 2491 1474 2544 luce
1509 2497 1562 2544 et
1588 2489 1768 2543 omni~

170 2582 271 2635 bus
299 2597 571 2637 concesso
598 2582 747 2636 radio
777 2582 990 2652 privari,
1018 2598 1177 2652 quam
1201 2597 1318 2636 cum
1346 2589 1598 2650 perpetua
1627 2580 1766 2635 fame

169 2674 356 2729 luctari
392 2684 448 2730 et
470 2683 698 2729 mortem
725 2675 901 2730 subire
926 2674 1301 2730 miserrimam.
1331 2672 1464 2740 Quia
1488 2673 1635 2728 enim
1659 2685 1765 2727 non

165 2767 436 2824 didicistis
467 2770 714 2823 misereri
743 2770 1090 2838 paupertatis,
1123 2769 1216 2825 sed
1246 2767 1636 2822 calamitatibus
1665 2766 1763 2821 de-

167 2860 353 2916 lectari
379 2904 396 2927 ,
431 2862 795 2916 insatiabilem
837 2871 1067 2916 vestram
1109 2862 1334 2931 implent
1377 2859 1719 2930 cupiditatem
1744 2900 1760 2926 ,

160 2963 213 3007 et
263 2956 374 3008 sibi
426 2963 484 3009 et
537 2953 692 3008 vobis
743 2954 982 3023 gehenna
1047 2955 1345 3024 graviorem
1416 2953 1764 3007 incendentes

157 3046 464 3101 ﬂammam.
503 3046 574 3101 Et
607 3058 663 3100 ut
693 3047 931 3114 discatis,
959 3048 1071 3102 lucc
1098 3057 1152 3102 et
1176 3047 1369 3101 similia
1401 3047 1521 3102 ideo
1549 3047 1761 3101 contiu-

167 3155 342 3208 gere,
375 3149 740 3210 argumentqu
768 3142 916 3196 vobis
942 3140 1208 3211 proferam
1250 3141 1391 3211 quod
1432 3142 1482 3194 in
1512 3140 1764 3195 confesso

182 3231 262 3284 sit
284 3272 300 3295 ,
340 3232 416 3286 cui
441 3247 606 3287 nemo
636 3233 984 3287 contradicet.
1019 3232 1152 3288 Sunt
1193 3233 1284 3286 alii
1317 3246 1579 3302 pauperes
1619 3231 1764 3285 leves

183 3325 457 3396 animoque
486 3326 638 3391 elati,
668 3325 758 3395 qui
789 3325 978 3380 famem
1007 3325 1148 3380 ferre
1174 3325 1432 3391 nesciunt,
1460 3323 1553 3380 sed
1583 3323 1761 3378 omnia

174 3416 351 3483 potius
388 3432 552 3486 quant
585 3416 687 3471 hoc
712 3417 1000 3486 patiuntur.
1031 3415 1096 3470 Hi
1127 3431 1270 3486 smpe
1311 3430 1402 3469 vos
1442 3414 1764 3470 miserabili-

181 3508 277 3561 bus
302 3518 358 3562 et
399 3509 646 3580 gestibus
691 3519 746 3563 et
774 3508 951 3563 verbis
978 3507 1237 3562 adeuntes
1257 3549 1269 3572 ,
1303 3523 1425 3562 cum
1453 3506 1586 3561 nihil
1625 3520 1759 3560 con-

179 3601 383 3668 sequuti
423 3608 632 3666 esseut,
680 3599 861 3654 missis
905 3598 1403 3668 supplicationibus,
1463 3597 1762 3667 praestigia-

183 3700 320 3748 tores
357 3693 583 3748 demum
631 3692 787 3762 longe
818 3703 962 3748 retro
1004 3693 1369 3761 reliquerunt;
1413 3693 1500 3746 alii
1547 3692 1760 3762 quidem

188 3784 504 3854 mandentes
549 3785 695 3839 coria
721 3784 1036 3840 detritorum
1068 3784 1373 3838 calceorum
1400 3826 1414 3850 ,
1447 3783 1538 3836 alii
1577 3792 1762 3836 acutos

191 3876 362 3931 clavos
387 3877 441 3931 in
473 3886 637 3946 caput
665 3877 964 3947 infigentes,
1014 3877 1103 3930 alii
1150 3885 1328 3930 autem
1378 3877 1428 3929 in
1461 3875 1612 3944 aquis
1639 3874 1761 3944 gelu

198 3972 448 4025 emcretis
500 3970 643 4024 nudo
695 3980 884 4026 ventre
911 3971 1296 4034 immorantes;
1341 3969 1428 4022 alii
1473 3976 1651 4021 autem
1679 3966 1762 4021 his

201 4061 497 4116 absurdiora
525 4071 580 4116 et
624 4061 900 4117 acerbiora
943 4061 1303 4127 sustinentes,
1352 4068 1411 4113 ut
1461 4058 1762 4129 improbum

203 4153 474 4208 exhibeant
507 4154 889 4223 spectaculum.

261 4246 307 4298 6.
345 4245 424 4299 Tu
456 4254 636 4299 autem
673 4245 798 4299 dum
828 4245 942 4300 haec
981 4245 1117 4300 ﬁunt
1145 4245 1472 4320 stasridens
1501 4251 1555 4300 et
1591 4243 1763 4299 admi-

204 4350 330 4402 rans,
361 4347 414 4390 et
441 4336 511 4391 de
548 4337 782 4391 aliorum
828 4337 983 4392 malis
1012 4353 1111 4393 ceu
1140 4353 1387 4408 pompam
1417 4354 1603 4408 agens,
1635 4337 1762 4392 dum

206 4429 486 4483 communis
509 4437 697 4483 natura
722 4429 983 4484 dedecore
1005 4429 1252 4486 afficitur.
1291 4431 1354 4484 Et
1381 4429 1509 4501 quid
1536 4430 1765 4500 amplius

207 4519 381 4574 faceret
410 4520 663 4574 immanis
697 4519 952 4574 dmmon?
982 4521 1183 4576 Deinde
1229 4531 1288 4577 ut
1324 4524 1622 4593 promptius
1651 4523 1767 4579 haec

211 4608 361 4677 faciat,
387 4611 676 4681 largiorem
707 4613 981 4681 pecuniam
1025 4628 1238 4683 erogas.
1269 4614 1335 4668 Et
1355 4615 1405 4669 ei
1434 4615 1648 4684 quidem
1675 4616 1765 4686 qui

209 4715 450 4774 precatur,
482 4704 652 4760 Deum
691 4705 920 4771 invocat,
956 4706 1266 4776 placideque
1310 4707 1537 4774 accedit,
1586 4722 1654 4764 ne
1682 4723 1768 4764 re-

213 4798 452 4867 spondere
500 4797 714 4868 quidem
756 4798 993 4868 dignaris
1038 4814 1212 4867 neque
1265 4799 1533 4866 respicere
1580 4799 1766 4864 illum;

220 4890 308 4944 imo
340 4893 497 4945 etiam
539 4892 764 4947 molesta
793 4893 846 4947 in
889 4894 1034 4948 illum
1069 4893 1229 4948 verba
1271 4892 1521 4959 eﬂ'undis,
1556 4892 1770 4962 quando

225 4981 494 5051 frequenter
543 4987 638 5042 tibi
692 4987 1030 5057 importunus
1077 4987 1509 5043 est:Hunccine
1557 4995 1773 5057 oportet

224 5074 406 5128 vivere?
437 5077 699 5134 hunccine
729 5083 1019 5148 respirare,
1049 5090 1140 5135 aut
1169 5081 1310 5134 hunc
1349 5079 1518 5135 solem
1547 5080 1772 5136 videre?

221 5181 330 5237 erga
355 5167 465 5223 illos
491 5181 664 5226 autem
695 5173 851 5227 laetus
890 5188 948 5228 es
977 5183 1030 5228 et
1057 5174 1313 5239 liberalis,
1346 5183 1530 5244 utpote
1569 5175 1660 5244 qui
1697 5175 1774 5230 sis

216 5277 306 5316 ceu
344 5265 654 5331 agonotbeta
698 5265 913 5336 quidam
959 5267 1098 5321 illius
1141 5267 1382 5322 ridicula:
1429 5277 1485 5322 et
1521 5268 1776 5322 satanica:

217 5354 552 5424 turpitudinis.
598 5358 958 5426 Quamobrem
1004 5359 1384 5429 congruentius
1412 5359 1496 5424 iis,
1537 5359 1627 5429 qui
1660 5358 1778 5414 hzec

221 5459 494 5518 proponunt
532 5451 850 5517 certamina,
896 5461 951 5505 et
979 5451 1112 5505 nihil
1143 5451 1396 5506 omittunt
1425 5449 1600 5505 donec
1639 5451 1777 5506 alios

226 5539 422 5595 viderint
462 5543 604 5596 male
629 5540 790 5607 affici,
827 5543 954 5596 talia
983 5542 1144 5597 verba
1171 5541 1480 5597 dicerentur
1505 5562 1519 5598 :
1543 5541 1777 5599 Hosciue

229 5633 389 5701 vivere,
419 5637 644 5690 omnino
673 5636 981 5706 respirare?
1009 5640 1148 5691 hunc
1173 5637 1340 5692 solem
1369 5637 1572 5704 videre,
1602 5639 1690 5708 qui
1725 5639 1778 5692 in

234 5739 533 5782 communem
556 5726 876 5799 delinquunt
895 5737 1161 5796 naturam,
1187 5738 1240 5783 et
1264 5728 1430 5783 Deum
1453 5728 1778 5784 contumelia

236 5817 474 5875 alliciunt?
498 5819 566 5877 Et
597 5835 723 5876 cum
769 5821 908 5877 Deus
933 5819 1112 5878 dicat:
1155 5821 1231 5876 Da
1259 5819 1680 5892 eleemosynam,
1723 5831 1779 5878 et

1225 340 1286 393 IN
1331 335 1544 392 EPIST.
1590 333 1608 386 l
1673 332 1761 385 Al)
1800 328 1954 390 COR.
1998 327 2226 383 llUMlL.
2269 328 2412 383 XXI.

3370 331 3473 394 178

1885 446 1955 503 do
1985 447 2078 502 tibi
2109 463 2330 520 regnum
2360 448 2652 509 caelorum;
2699 466 2805 505 non
2847 451 3042 507 audisti
3075 471 3088 506 :
3117 452 3333 509 diabolo
3377 474 3471 513 au-

1885 550 1991 597 tem
2021 543 2334 600 ostendente
2359 551 2519 614 caput
2543 543 2709 598 clavis
2735 543 3028 612 confixum,
3063 547 3241 600 statim
3270 547 3468 603 libera-

1883 633 1950 690 lis
1976 635 2195 691 eﬂ'ectus
2219 652 2280 692 es
2307 654 2320 690 :
2354 637 2630 708 magisque
2658 647 2711 692 te
2732 637 2937 693 inflexit
2964 639 3183 708 maligni
3206 639 3471 696 daemonis

1883 729 2150 795 machina,
2184 739 2384 784 tantum
2436 730 2672 786 inferens
2712 731 2987 793 damnum,
3017 748 3177 803 quam
3218 734 3310 788 Dei
3343 749 3469 804 pro-

1884 822 2066 876 missio
2086 822 2248 876 millia
2275 821 2507 878 aﬂ‘erens
2528 825 2688 879 bona.
2720 822 2853 879 Cum
2881 827 3227 894 oportuisset,
3252 828 3468 883 etiamsi

1882 927 2071 968 aurum
2098 931 2380 970 numerare
2422 926 2716 987 oporteret,
2765 927 2824 971 ut
2854 918 2970 972 haec
3011 933 3117 972 non
3148 919 3337 975 fierent
3366 937 3464 977 nec

1883 1003 2017 1059 facta
2047 1015 2436 1075 spectarentur,
2471 1008 2600 1065 nihil
2639 1024 2744 1063 non
2773 1025 2931 1079 agere
2977 1019 3032 1066 et
3066 1011 3193 1080 pati,
3226 1021 3286 1066 ut
3315 1025 3462 1069 tanta

1883 1096 1970 1151 illa
2002 1098 2278 1154 tolleretur
2309 1100 2552 1166 insania;
2584 1115 2680 1154 vos
2707 1110 2904 1164 autem,
2940 1110 2996 1156 ut
3025 1112 3078 1157 et
3102 1103 3231 1156 fiant
3251 1116 3305 1158 et
3327 1105 3463 1161 facta

1881 1189 2180 1258 videantur,
2226 1193 2357 1246 nihil
2403 1209 2510 1246 non
2561 1193 2716 1262 agitis
2754 1190 2807 1248 el
2854 1195 3171 1262 cperamini.
3202 1196 3464 1252 Adhucne

1881 1282 2197 1353 interrogas,
2227 1283 2314 1338 dic
2344 1283 2494 1350 mihi,
2529 1299 2626 1338 cur
2654 1285 2723 1338 sit
2750 1284 3037 1354 gehenna?
3062 1288 3128 1339 At
3159 1302 3227 1342 ne
3255 1287 3358 1342 hoc
3385 1289 3464 1342 ul-

1881 1385 1959 1428 tra
1990 1375 2307 1446 interroges,
2339 1376 2432 1431 sed
2455 1392 2550 1430 cur
2572 1391 2672 1431 una
2697 1387 2902 1432 tantum
2937 1379 3006 1433 sit
3033 1380 3295 1448 geiienna.
3321 1381 3464 1449 Quot

1877 1467 2019 1520 enim
2053 1481 2159 1521 non
2193 1477 2317 1521 sunt
2341 1468 2616 1538 suppliciis
2642 1468 2786 1539 digni
2813 1470 2888 1535 hi,
2921 1469 3010 1539 qui
3040 1480 3143 1524 tam
3174 1471 3389 1527 crudele
3406 1483 3460 1527 et

1877 1558 2222 1614 inhumanum
2268 1562 2594 1615 constituant
2638 1562 3023 1638 spectaculum,
3071 1564 3350 1634 ridentque
3393 1566 3461 1621 de
3526 1578 3529 1579 '

1875 1652 1962 1718 iis,
1995 1652 2062 1708 de
2089 1653 2280 1723 quibus
2304 1655 2484 1724 lugere
2505 1664 2559 1710 et
2584 1655 2706 1710 illos
2734 1665 2788 1710 et
2815 1637 2910 1711 vos
2938 1667 3233 1725 oporteret,
3261 1659 3459 1729 magis-

1876 1758 1978 1813 que
2004 1759 2097 1799 vos
2128 1745 2219 1815 qui
2249 1745 2314 1799 ad
2347 1755 2451 1800 tam
2481 1747 2730 1802 indecore
2759 1748 3025 1818 agendum
3066 1751 3256 1820 cogitis
3271 1752 3294 1806 ’ἒ
3328 1753 3455 1819 Sed,

1874 1839 2104 1908 inquies,
2149 1853 2252 1893 non
2289 1853 2446 1909 cogo.
2477 1841 2780 1907 Quomodo,
2824 1856 3007 1910 qua'so
3045 1853 3116 1907 te,
3150 1858 3258 1897 non
3288 1846 3456 1915 cogis,

1873 1931 1963 2000 qui
1993 1931 2407 1986 modestioribus
2430 1943 2483 1985 et
2508 1932 2758 1987 flentibus
2796 1948 2857 1987 ac
2887 1933 3054 1988 Deum
3088 1935 3460 1993 invocantibus

1873 2039 1942 2078 ne
1989 2039 2174 2079 aurem
2204 2026 2417 2094 quidem
2465 2028 2706 2096 pra-bere
2734 2027 2905 2092 velis;
2949 2027 3034 2082 his
3083 2043 3211 2084 vero
3242 2030 3461 2101 largiter

1873 2117 2153 2185 pecuniam
2177 2133 2388 2188 erogas,
2418 2127 2471 2173 et
2513 2120 2710 2174 multos
2739 2120 2967 2175 advocas
2999 2121 3367 2179 admirantes?
3394 2124 3461 2180 Et

1871 2211 2207 2275 recedamus,
2243 2213 2473 2282 inquies,
2507 2228 2696 2267 eorum
2728 2214 3065 2270 miserentes.
3101 2215 3166 2269 Et
3203 2224 3331 2272 tune
3359 2217 3461 2272 hoc

1867 2305 2063 2375 jubes?
2088 2305 2203 2360 Non
2231 2315 2314 2360 est
2345 2307 2446 2361 hoc
2474 2306 2738 2372 misereri,
2773 2323 2804 2362 ο
2830 2307 3010 2374 homo,
3045 2318 3218 2363 tantas
3245 2309 3459 2380 exigere

1872 2415 2060 2470 poenas
2080 2416 2176 2469 pro
2202 2399 2410 2455 duobus
2435 2400 2628 2464 obolis,
2673 2403 2965 2471 praecipere
3000 2409 3058 2455 ut
3085 2417 3180 2470 pro
3210 2417 3460 2457 necessa-

1872 2493 1952 2546 rio
1982 2493 2101 2546 cibo
2122 2507 2240 2547 sese
2272 2492 2525 2555 lacerent,
2553 2503 2608 2546 et
2629 2493 2817 2563 capitis
2850 2502 3025 2547 cutem
3058 2503 3161 2546 tam
3191 2494 3384 2548 acerbe
3405 2503 3460 2549 et

1871 2584 2247 2639 miserabiliter
2272 2584 2324 2638 in
2349 2584 2542 2638 multas
2564 2594 2742 2653 partes
2771 2585 3060 2640 dissecent.
3089 2586 3236 2640 Bona
3267 2587 3453 2656 verba,

1871 2675 2108 2745 inquies;
2154 2690 2326 2746 neque
2366 2677 2508 2730 enim
2553 2691 2655 2730 nos
2684 2676 2857 2746 capita
2903 2677 3068 2732 clavis
3116 2677 3453 2748 configimus.

1821 2843 1830 2852 ἢ
1874 2764 2085 2820 Utinam
2121 2775 2177 2820 tu
2209 2768 2434 2834 faceres,
2469 2775 2523 2821 et
2552 2781 2638 2823 res
2667 2783 2772 2821 non
2798 2776 2905 2821 tam
2931 2769 3106 2836 gravis
3136 2779 3299 2824 esset.
3323 2769 3458 2824 Nam

1867 2860 1959 2930 qui
1989 2860 2288 2931 quempiam
2319 2859 2588 2927 interficit,
2619 2861 2786 2915 multo
2815 2862 3028 2932 gravius
3056 2861 3200 2928 facit,
3229 2877 3388 2933 quam
3412 2864 3456 2917 is

1867 2952 1956 3022 qui
1986 2953 2221 3021 seipsum
2245 2952 2398 3022 jubet
2423 2953 2747 3008 interficere.
2776 2952 2929 3019 Quod
2955 2953 3115 3008 etiam
3163 2953 3216 3008 in
3243 2954 3327 3009 his
3357 2969 3457 3009 usu

1869 3044 2055 3098 venit:
2085 3045 2389 3100 acerbiores
2439 3046 2580 3100 enim
2622 3047 2888 3100 sustinent
2936 3045 3188 3112 dolores,
3237 3048 3452 3117 quando

1868 3151 1962 3190 sua
2004 3152 2164 3191 manu
2190 3138 2446 3207 jubentnr
2475 3139 2590 3193 hate
2614 3139 2752 3194 male
2778 3139 2928 3208 jussa
2973 3141 3226 3209 exsequi;
3259 3151 3311 3196 ct
3340 3141 3455 3197 luteo

1867 3230 2186 3298 Antiochiae,
2220 3232 2308 3286 ubi
2336 3233 2566 3301 primum
2598 3232 2850 3302 appellati
2895 3241 3020 3286 sunt
3045 3231 3357 3300 Christiani,
3399 3235 3452 3289 in

1867 3339 1971 3395 qua
2000 3326 2148 3382 fuere
2177 3330 2412 3380 omnium
2450 3326 2723 3380 hominum
2753 3326 3038 3395 mitissimi,
3093 3327 3144 3381 in
3177 3342 3278 3397 qua
3321 3328 3451 3383 olim
3507 3345 3510 3350 ·

1867 3419 2079 3489 vigebat
2122 3435 2345 3490 magnus
2395 3419 2759 3489 eleemosynae
2807 3419 3028 3473 fructus.
3073 3418 3266 3488 Neque
3310 3421 3454 3474 enim

1868 3511 2223 3581 praesentibus
2251 3520 2477 3575 tantum,
2507 3510 2600 3566 sed
2629 3512 2788 3566 etiam
2812 3511 2876 3565 iis
2903 3511 2993 3581 qui
3023 3512 3204 3580 procul
3231 3511 3456 3567 aberant

1867 3605 2174 3671 mittebant,
2195 3605 2351 3674 idque
2371 3604 2497 3659 dum
2517 3605 2683 3660 fames
2703 3615 3122 3674 exspectaretur.
3142 3605 3279 3674 Quid
3301 3620 3450 3675 ergo,

1867 3695 2098 3766 inquies,
2125 3695 2456 3751 faciendum?
2487 3697 2635 3752 lianc
2657 3695 2919 3751 feritatem
2946 3697 3246 3762 demittere,
3270 3698 3456 3767 egenis

1867 3801 1998 3841 vero
2027 3787 2274 3842 omnibus
2304 3787 2538 3854 edicere,
2572 3788 2617 3842 si
2645 3787 2757 3841 htec
2787 3788 3000 3850 faciant,
3031 3787 3163 3841 nihil
3203 3797 3449 3858 acceptu-

1869 3892 1960 3932 ros
1986 3878 2105 3933 illos
2127 3893 2282 3945 esse;
2314 3880 2357 3932 si
2382 3894 2509 3932 vero
2539 3879 2780 3933 modeste
2802 3879 3078 3944 accedant,
3112 3894 3299 3949 magna
3323 3878 3456 3933 frui-

1873 3981 2021 4025 turos
2045 3971 2309 4040 largitate.
2331 3971 2384 4025 Si
2405 3985 2562 4040 porro
2581 3973 2682 4024 hoc
2698 3970 2957 4034 ediscant,
2986 3971 3196 4025 etiamsi
3213 3971 3452 4025 omnium

1869 4062 2158 4117 miserrimi
2187 4062 2402 4127 fuerint,
2439 4077 2725 4131 numquam
2770 4076 2836 4116 eo
2865 4061 3182 4116 inducentur
3211 4070 3268 4117 ut
3292 4076 3351 4117 se
3376 4062 3456 4117 sic

1870 4156 2092 4223 lanient,
2120 4170 2220 4226 ego
2260 4153 2544 4226 polliceor;
2587 4154 2681 4209 sed
2727 4154 2887 4208 etiam
2919 4155 3070 4210 vobis
3096 4155 3320 4225 gratiam
3352 4153 3452 4210 ba-

1869 4249 2089 4315 bebunt,
2123 4247 2264 4319 quod
2291 4247 2410 4302 illos
2435 4247 2503 4300 ab
2532 4246 2777 4301 irrisione
2805 4256 2862 4301 et
2888 4247 3076 4302 dolore
3107 4248 3196 4302 tali
3224 4249 3444 4319 eripue-

1870 4339 2008 4396 ritis.
2726 4395 2735 4408 ,

1943 4431 2278 4504 Eleemosyna
2308 4432 2515 4504 largiter
2535 4433 2725 4486 danda.
2753 4431 3078 4487 Antiochenae
3117 4431 3342 4486 ecclesia:
3376 4448 3458 4486 re-

1871 4524 2008 4579 ditus
2051 4525 2102 4578 in
2143 4540 2391 4596 pauperes
2424 4522 2589 4591 effusi.
2625 4551 2694 4564 ——-
2720 4523 2872 4578 Nunc
2917 4532 3094 4578 autem
3125 4537 3224 4592 pro
3251 4521 3452 4594 aurigis

1873 4617 2034 4672 etiam
2054 4616 2193 4671 filios
2214 4616 2538 4683 obtuleritis,
2562 4624 2616 4670 et
2639 4630 2739 4686 pro
2766 4615 3110 4670 saltatoribus
3130 4615 3291 4668 etiam
3314 4614 3458 4684 ipsas

1875 4706 2218 4778 profuderitis
2271 4708 2512 4774 animas;
2547 4721 2645 4777 pro
2693 4707 2908 4762 Christo
2951 4715 3134 4762 autem
3185 4706 3457 4762 esuriente

1875 4814 1946 4854 ne
1987 4799 2262 4853 minimam
2313 4799 2528 4869 quidem
2571 4797 2882 4854 facultatum
2910 4807 3118 4869 partem
3165 4796 3458 4864 dederitis;

1875 4892 1968 4947 sed
1999 4892 2044 4946 si
2075 4892 2340 4946 tantillum
2367 4894 2574 4962 argenti
2605 4892 2762 4958 detis,
2810 4907 2872 4946 ac
2900 4893 2944 4946 si
2970 4900 3136 4946 totum
3167 4889 3458 4957 solveritis,

1878 4985 1958 5040 sic
1983 4984 2153 5040 affecti
2183 4984 2332 5053 estis,
2367 4985 2688 5048 nescientes,
2721 4984 2863 5055 quod
2895 4999 3002 5038 non
3033 4985 3184 5050 dare,
3213 4982 3310 5038 sed
3337 4997 3460 5037 cum

1878 5068 2125 5147 largitate
2161 5075 2312 5144 dare,
2365 5076 2493 5130 illud
2540 5077 2770 5131 maxime
2812 5085 2895 5129 est
2937 5075 3302 5144 eleemosyna.
3337 5073 3464 5129 Ideo

1879 5168 2138 5239 propheta
2169 5184 2274 5224 non
2304 5183 2398 5224 eos
2426 5169 2516 5240 qui
2545 5169 2718 5222 solum
2746 5167 2877 5223 dant
2909 5167 3164 5238 prmdicat
3199 5177 3254 5222 et
3276 5167 3465 5222 beatos

1880 5259 2024 5327 dicit,
2069 5259 2163 5315 sed
2208 5275 2302 5315 eos
2341 5261 2433 5331 qui
2478 5259 2697 5329 largiter
2734 5259 2882 5315 dant.
2931 5259 3047 5314 Non
3090 5259 3264 5314 solum
3322 5259 3465 5314 enim

1881 5352 2034 5418 dixit,
2065 5352 2254 5419 Dedit;
2287 5352 2380 5408 sed
2412 5351 2726 5423 quomodo?
2753 5351 3025 5424 Dispersit,
3055 5351 3193 5406 dedit
3223 5352 3470 5424 pauperi-

1883 5449 1974 5502 bus
2013 5446 2182 5518 (Psal.
2217 5448 2341 5502 111.
2366 5447 2444 5520 9).
2476 5446 2613 5515 Quid
2643 5446 2784 5502 enim
2815 5446 3050 5517 prodest,
3083 5446 3130 5501 si
3171 5461 3236 5502 ex
3270 5444 3469 5501 divitiis

1885 5551 2088 5596 tantum
2114 5540 2353 5607 dederis,
2383 5549 2637 5611 quantum
2660 5539 2867 5594 dederit
2887 5539 3152 5610 quispiam
3178 5538 3323 5593 verbi
3347 5551 3469 5606 gra~

1883 5636 1956 5689 tia
2001 5649 2070 5690 ex
2110 5635 2242 5689 mari
2290 5633 2565 5706 cyathum,
2610 5647 2786 5703 neque
2830 5633 3004 5687 vidua:
3051 5629 3470 5702 magnitudinem

1885 5728 2048 5782 animi
2088 5729 2370 5782 aemulatus
2411 5725 2610 5782 fueris?
2649 5725 2921 5798 quomodo
2964 5724 3187 5790 dixeris,
3234 5722 3469 5790 Domine,

1886 5823 2126 5878 miserere
2151 5825 2249 5879 mei
2283 5821 2560 5878 secundum
2604 5836 2840 5893 magnam
2885 5817 3285 5873 misericordiam
3310 5823 3470 5884 tuum,
