3992 6464
538 371 641 428 179

542 497 589 542 et
618 485 896 542 secundum
934 481 1308 537 multitudinem
1345 475 1724 530 miserationum
1767 482 1969 525 tuarum
2005 469 2117 524 dele

543 579 858 648 iniquitatem
899 591 1063 629 meam
1116 571 1285 642 (Paul.
1327 567 1416 623 50.
1444 568 1539 635 5);
1570 581 1692 620 cum
1733 563 1847 634 ipse
1893 577 2000 616 non
2028 575 2117 615 se-

539 670 774 724 cundum
801 681 1044 737 magnam
1073 660 1495 719 misericordiam
1523 656 1860 720 miserearis;
1889 655 1997 709 imo
2014 653 2122 706 for-

541 761 700 814 lassis
757 773 930 828 neque
972 753 1261 811 secundum
1319 748 1571 820 parvam?
1624 746 1794 802 Valde
1846 747 1991 800 enim
2035 758 2122 799 me

543 848 728 920 pudet,
766 862 886 902 cum
915 845 1068 900 video
1109 842 1302 897 divites
1348 839 1547 896 multos
1584 837 1737 908 equis
1762 837 1914 891 freno
1957 847 2122 889 aureo

543 939 814 994 instructis
841 943 1046 997 vectos,
1077 933 1166 1004 qui
1196 947 1378 988 secum
1407 928 1627 985 trahunt
1660 927 1890 982 famulos
1933 940 2120 979 aurum

541 1038 835 1101 gestantes,
890 1037 949 1084 et
993 1027 1163 1082 lectos
1203 1023 1404 1080 habent
1447 1029 1732 1092 argenteos
1787 1017 2124 1087 multumque

543 1125 706 1178 alium
743 1121 971 1182 fastum;
1012 1133 1134 1175 cum
1171 1126 1350 1172 autem
1391 1113 1610 1186 pauperi
1655 1109 1985 1182 erogandum
2018 1117 2120 1173 est,

543 1215 706 1270 etiam
732 1211 889 1268 valde
921 1209 1246 1282 pauperibus
1292 1222 1412 1263 esse.
1453 1204 1821 1276 pauperiores.
1859 1200 1966 1256 Sed
1998 1197 2125 1270 quid

543 1317 627 1362 est
653 1304 784 1361 illud
815 1303 959 1374 quod
997 1317 1143 1372 saepe
1171 1299 1394 1355 dicunt?
1423 1297 1616 1362 liabet,
1648 1293 1841 1366 inquit,
1866 1290 2124 1350 Ecclesia:

543 1412 850 1454 commune.
901 1395 971 1450 Et
994 1379 1122 1464 quid
1157 1393 1260 1448 hoc
1302 1389 1369 1445 ad
1399 1390 1490 1446 te?
1539 1402 1711 1458 neque
1736 1385 1904 1453 enim,
1954 1384 1998 1438 si
2027 1395 2128 1453 ego

545 1494 770 1558 dedero,
812 1500 870 1546 tu
899 1490 1083 1545 salvus
1127 1488 1274 1543 eris:
1306 1499 1499 1556 neque,
1543 1484 1588 1538 si
1631 1481 1856 1538 ecclesia
1894 1477 2125 1540 dederit,

552 1595 610 1641 tu
661 1593 875 1654 peccata
928 1591 1015 1636 tua
1056 1577 1321 1634 delevisti.
1378 1575 1612 1645 Ideoque
1667 1588 1773 1628 non
1825 1569 1954 1636 das,
2001 1569 2126 1639 quia

547 1677 772 1732 ecclesia
801 1674 931 1728 dare
957 1671 1116 1727 debet
1145 1669 1331 1740 egenis
1361 1687 1374 1721 :
1405 1663 1530 1738 quia
1558 1665 1866 1721 sacerdotes
1897 1675 2127 1732 precan-

547 1777 657 1834 tur,
684 1775 742 1820 tu
762 1777 1050 1834 numquam
1075 1769 1387 1832 precaturus
1411 1757 1508 1814 es?
1534 1764 1588 1812 et
1612 1758 1737 1826 quia
1752 1753 1844 1808 alii
1861 1752 2128 1823 jejunant,

552 1869 608 1914 tu
636 1866 896 1929 perpetuo
923 1853 1106 1908 ebrius
1135 1850 1285 1906 eris?
1312 1849 1497 1904 Nescis
1527 1851 1652 1918 quia
1682 1860 1788 1899 non
1813 1843 1882 1898 ita
1912 1851 2132 1913 propter

549 1963 810 2021 pauperes
836 1947 1195 2016 eleemosynze
1225 1944 1396 2013 legem
1426 1941 1607 2011 posuit
1634 1939 1794 2004 Deus,
1835 1945 1892 1992 ut
1912 1944 2132 2006 propter

549 2057 645 2098 eos
677 2045 824 2113 ipsos
845 2041 934 2111 qui
965 2035 1302 2109 largiuntur?
1328 2037 1410 2091 An
1443 2035 1535 2089 tibi
1564 2032 1817 2088 sacerdos
1851 2035 2132 2100 suspectus

551 2135 676 2190 est?
721 2135 818 2190 Est
845 2131 1060 2204 quidem
1092 2130 1194 2185 hoc
1239 2144 1403 2200 grave
1449 2134 1769 2196 peccatum;
1813 2123 1907 2179 sed
1935 2123 2004 2178 de
2030 2120 2134 2176 hoc

559 2241 664 2282 non
693 2233 941 2280 accurate
972 2221 1259 2291 disputabo
1286 2237 1300 2275 :
1330 2229 1548 2291 propter
1581 2227 1631 2273 te
1657 2217 1834 2272 omnia
1862 2215 2042 2281 facito,
2079 2223 2135 2269 et

555 2320 633 2374 sic
653 2317 920 2390 duplicem
961 2313 1266 2384 assequeris
1297 2309 1621 2368 mercedem.
1652 2308 1862 2364 Etenim
1888 2322 2008 2377 qua:
2036 2321 2134 2360 nos

550 2414 619 2468 de
636 2414 976 2482 clcemosyna
995 2407 1244 2471 dicimus,
1272 2420 1376 2460 non
1393 2404 1619 2460 dicimus
1634 2413 1690 2456 ut
1710 2401 1777 2458 ad
1798 2416 1896 2456 nos
1917 2399 2133 2465 offeras,

550 2507 644 2564 sed
675 2517 731 2560 ut
761 2515 814 2560 tu
841 2517 938 2575 per
958 2501 1189 2572 teipsum
1212 2499 1502 2554 ministres.
1527 2495 1660 2552 Nam
1686 2496 1729 2550 si
1762 2494 1893 2549 mihi
1920 2492 2132 2557 oil‘eras,

551 2599 798 2654 fortassis
837 2612 868 2651 a
916 2611 1050 2650 vana
1089 2592 1258 2664 gloria
1301 2589 1630 2660 corripieris,
1685 2599 1936 2657 saepeque
1974 2585 2134 2639 etiam

552 2691 793 2746 offensus
819 2687 1040 2744 recedes
1079 2685 1219 2740 mala
1258 2681 1597 2752 StISpicatus:
1628 2679 1674 2734 si
1711 2688 1890 2733 autem
1919 2691 2015 2748 per
2042 2691 2137 2730 vos

554 2785 700 2854 ipsos
727 2783 908 2836 onmia
940 2778 1168 2843 faciatis,
1201 2785 1256 2831 et
1284 2773 1671 2831 offensionibus
1695 2781 1750 2828 et
1773 2770 2019 2826 absurdis
2048 2783 2138 2824 su-

551 2873 878 2947 spicionibus
905 2870 1056 2926 liberi
1086 2870 1258 2933 eritis,
1290 2870 1569 2938 majorque
1595 2865 1746 2920 vobis
1774 2879 1984 2920 merces
2012 2863 2136 2920 erit.

628 2966 684 3022 ‘7.
723 2965 840 3021 Non
890 2964 1050 3038 igitur
1090 2963 1206 3019 hinc
1252 2961 1397 3029 dico,
1426 2969 1484 3016 ut
1520 2961 1628 3014 vim
1660 2959 1810 3013 vobis
1845 2958 2034 3013 faciam
2070 2957 2139 3012 ad

560 3061 816 3130 pecunias
855 3058 961 3113 huc
991 3054 1327 3122 afferendas;
1364 3068 1539 3125 neque
1583 3052 1890 3123 indignatus
1919 3059 2140 3122 propter

553 3149 867 3206 sacerdotes
901 3148 990 3220 qui
1018 3148 1155 3203 male
1185 3147 1430 3201 audiunt.
1475 3145 1606 3200 Nam
1651 3145 1695 3199 si
1741 3159 2058 3200 succensere
2087 3143 2144 3198 et.’

555 3241 740 3297 dolere
765 3247 999 3310 oportet,
1030 3254 1127 3310 pro
1155 3238 1308 3294 vobis
1327 3237 1617 3294 dolendum
1643 3247 1726 3293 est
1765 3237 1856 3308 qui
1887 3237 2028 3292 male
2054 3237 2140 3292 di-

557 3334 702 3388 citis.
734 3331 804 3388 lis
835 3333 1001 3400 enim,
1029 3332 1118 3402 qui
1147 3329 1343 3386 frustra
1383 3337 1438 3384 et
1469 3339 1671 3384 temere
1714 3327 1852 3384 male
1893 3327 2140 3395 audiunt,

561 3439 772 3481 merces
800 3422 1011 3492 major;
1042 3421 1341 3478 dicentibus
1369 3429 1545 3475 autem
1571 3419 1828 3489 judicium
1859 3429 1912 3475 et
1941 3419 2144 3490 suppli-

556 3518 699 3573 cium
726 3515 940 3588 gravius
983 3516 1106 3571 crit.
1151 3513 1268 3570 Non
1296 3530 1425 3585 ergo
1453 3529 1549 3583 pro
1581 3513 1686 3567 illis
1716 3512 1831 3568 haec
1859 3512 2006 3578 dico,
2046 3511 2142 3567 sed

558 3607 700 3681 quod
729 3608 798 3664 de
827 3607 981 3663 vobis
1007 3622 1190 3663 curam
1221 3614 1278 3662 ct
1315 3604 1732 3661 sollicitudinem
1762 3619 1966 3676 geram.
2005 3603 2142 3672 Quid

557 3703 700 3757 enim
738 3702 954 3765 mirum,
987 3700 1031 3754 si
1060 3707 1220 3755 aetate
1245 3708 1428 3755 nostra
1456 3698 1670 3769 quidam
1701 3698 1755 3753 in
1784 3696 2144 3768 suSpicionem

558 3797 804 3864 veniunt,
848 3809 972 3850 cum
1001 3794 1176 3861 etiam.
1204 3793 1416 3848 illorum
1447 3800 1688 3863 tempore
1716 3800 2024 3846 sanctorum
2052 3791 2144 3861 qui

561 3888 782 3959 angelos
826 3885 1194 3951 imitabantur,
1225 3886 1316 3956 qui
1360 3884 1492 3940 nihil
1535 3884 1638 3941 sibi
1666 3885 1940 3954 proprium
1969 3884 2146 3955 possi-

559 3977 781 4045 debant,
811 3977 1179 4048 apostolorum
1211 3977 1449 4048 inquam,
1489 3991 1733 4032 murmur
1755 3974 1920 4031 fuerit
1960 3976 2012 4030 in
2047 3976 2148 4032 mi-

561 4071 787 4128 nisterio
832 4068 1113 4126 viduarum
1137 4112 1153 4136 ,
1207 4071 1350 4140 quod
1398 4070 1803 4140 despicerentur
1840 4085 2103 4141 pauperes
2127 4110 2144 4136 ,

562 4161 778 4232 quando
803 4175 964 4216 nemo
985 4160 1272 4231 quidquam
1301 4175 1366 4216 ex
1388 4159 1500 4214 suis
1527 4160 1865 4217 facultatibus
1889 4159 1992 4215 sibi
2022 4175 2149 4230 pro-

560 4257 738 4326 prium
757 4269 878 4312 esse
902 4254 1132 4321 dicebat,
1159 4250 1255 4309 sed
1276 4262 1428 4309 erant
1451 4251 1582 4324 ipsis
1597 4254 1774 4309 omnia
1795 4253 2144 4310 communia?

560 4347 640 4404 Ne
668 4346 768 4402 hos
790 4345 1125 4418 proferamus
1143 4346 1417 4412 obtentus,
1444 4360 1546 4401 nec
1575 4346 1628 4400 in
1653 4344 2019 4401 defensionem
2050 4359 2151 4399 no-

561 4449 731 4497 stram
760 4440 1007 4496 conferre
1033 4445 1282 4510 putemus
1311 4435 1456 4508 quod
1491 4435 1730 4492 Ecclesia
1775 4436 1940 4498 multa
1973 4436 2148 4506 possi-

563 4533 710 4590 deat.
749 4531 884 4588 Cum
924 4531 1067 4588 enim
1093 4530 1406 4586 facultatum
1435 4528 1555 4600 ejus
1583 4527 2002 4599 magnitudinem
2029 4542 2152 4596 per-

566 4624 753 4696 spicis,
784 4623 960 4695 cogita
986 4622 1149 4679 etiam
1192 4621 1569 4691 inscriptorum
1594 4633 1886 4690 pauperum
1910 4631 2148 4688 gregem,

565 4715 900 4772 inﬁrmorum
922 4711 1340 4782 multitudinem,
1372 4713 1774 4768 innumerarum
1797 4724 2150 4780 expensorum

567 4811 879 4867 occasiones
902 4827 917 4865 :
939 4809 1151 4864 curiose
1177 4806 1387 4880 inquire
1405 4815 1462 4863 et
1488 4814 1731 4862 scrutare
1757 4821 1772 4859 :
1799 4819 1958 4860 nemo
1983 4804 2156 4874 impe-

565 4906 668 4972 dit,
698 4904 808 4960 imo
849 4903 1021 4975 parati
1048 4917 1234 4958 sumus
1269 4901 1335 4958 ad
1369 4901 1608 4957 rationes
1631 4898 1785 4955 vobis
1825 4897 2151 4954 reddendas.

569 5000 677 5058 Sed
707 4999 1006 5073 hyperbole
1026 4998 1103 5053 uti
1133 4999 1278 5054 volo.
1307 4996 1445 5052 Cum
1467 4997 1611 5051 enim
1641 4993 1877 5049 rationes
1904 4991 2153 5048 reddide-

569 5092 760 5158 rimus,
789 5100 845 5147 et
868 5090 1262 5148 ostenderimus
1290 5101 1580 5158 expensam
1609 5092 1874 5156 proventu
1900 5099 2005 5138 non
2032 5098 2154 5140 esse

572 5184 860 5250 minorem,
907 5184 1015 5238 imo
1037 5193 1092 5238 et
1126 5179 1418 5252 aliquando
1444 5178 1701 5248 majorem
1727 5195 1740 5233 :
1770 5177 1900 5233 illud
1940 5193 1972 5232 a
2002 5177 2154 5232 vobis

569 5276 801 5331 libenter
842 5275 1168 5342 sciscitarer,
1212 5289 1336 5328 cum
1374 5271 1467 5326 illo
1494 5269 1922 5341 migraverimns,
1968 5278 2023 5325 et
2059 5284 2155 5323 au-

566 5369 828 5426 dierimus
868 5367 1140 5424 Christum
1187 5368 1454 5423 dicentem
1485 5382 1499 5417 :
1528 5363 1846 5420 Esurientem
1891 5379 1971 5418 me
2018 5364 2153 5417 vidi-

575 5463 688 5524 stis.
719 5471 766 5516 et
795 5475 896 5515 non
939 5478 1018 5515 me
1057 5458 1355 5525 nutriviuis,
1387 5458 1582 5512 nudam
1603 5499 1618 5523 ,
1647 5468 1696 5514 et
1742 5475 1845 5513 non
1887 5457 2156 5527 operuistis

573 5555 795 5622 (Matth.
815 5552 907 5608 25.
937 5552 1032 5620 42)
1061 5569 1076 5606 :
1103 5551 1228 5622 quid
1256 5551 1538 5606 dicemus?
1565 5567 1726 5622 quam
1751 5550 2036 5607 alferemus
2060 5548 2154 5604 de-

573 5645 910 5702 fensionem?
955 5643 1098 5698 hunc
1133 5642 1216 5697 vel
1259 5643 1408 5698 illum
1449 5643 1776 5700 adducemus
1811 5644 1864 5696 in
1897 5640 2152 5704 medium,

576 5735 666 5804 qui
693 5733 778 5791 his
803 5749 910 5790 non
941 5734 1266 5804 obseqnutus
1289 5742 1402 5803 est,
1435 5744 1488 5791 et
1513 5735 1771 5806 quosdam
1801 5751 1864 5791 ex
1893 5735 2154 5803 suspectis

577 5825 991 5885 sacerdotibus?
1041 5824 1109 5882 Et
1135 5826 1261 5898 quid
1287 5825 1392 5884 hoc
1419 5827 1485 5883 ad
1513 5832 1592 5884 te?
1613 5826 1844 5899 inquiet;
1883 5840 1984 5895 ego
2008 5824 2150 5881 enim

1241 363 1298 419 S.
1336 358 1610 418 JOANNIS
1643 353 2116 413 CHRYSOSTOMI
2154 352 2468 410 ARCHIEP.
2505 351 3040 409 CONSTANTINOP.

3769 347 3863 406 {80

2226 478 2278 524 te
2301 483 2497 524 accuso
2521 468 2588 525 de
2613 471 2864 540 peccatis,
2895 484 3015 541 quae
3041 467 3349 524 admisisti.
3385 465 3666 536 Pnrgatio
3683 481 3863 528 eorum

2224 569 2327 627 est,
2351 570 2410 615 ut
2435 561 2647 631 prepria
2673 561 2858 620 abluas
2886 568 3125 630 peccata,
3165 575 3292 616 non
3329 569 3397 613 ut
3429 557 3709 613 ostendas
3736 557 3862 615 alios

2225 654 2278 707 in
2308 652 2496 708 eadem
2527 653 2798 708 incidisse.
2828 654 3068 709 Ecclesia
3092 653 3248 709 enim
3292 651 3378 706 ob
3409 660 3670 705 vestram
3696 651 3863 721 parci-

2228 753 2390 800 tatem
2422 745 2656 800 retinere
2691 747 2902 817 cogitur
2925 761 3010 810 ea,
3039 760 3160 816 qua:
3193 758 3361 800 nunc
3406 743 3608 798 habet.
3634 742 3788 809 Quod
3818 746 3857 798 si

2227 838 2404 892 omnia
2436 839 2730 893 secundum
2759 839 3082 908 apostolicas
3108 839 3268 908 leges
3300 844 3573 906 agerent,
3596 834 3721 905 ejus
3748 852 3861 905 pro-

2225 939 2443 985 ventum
2473 938 2748 1000 oporteret
2787 945 2910 986 esse
2945 940 3182 985 vestrum
3214 929 3489 983 animum
3523 944 3540 980 :
3575 926 3725 997 quod
3753 929 3860 999 qui-

2226 1019 2352 1075 dem
2397 1028 2451 1075 et
2500 1029 2670 1076 tutum
2713 1030 2856 1077 esset
2901 1021 3251 1091 penuarium,
3316 1027 3381 1074 et
3430 1018 3739 1074 thesaurus
3780 1021 3853 1074 in-

2228 1114 2545 1169 exhaustus.
2563 1113 2713 1168 Nunc
2733 1122 2911 1169 autem
2938 1128 3062 1168 cum
3081 1128 3177 1168 vos
3200 1110 3452 1183 quidem
3478 1110 3854 1166 thesaurizatis

2231 1209 2284 1262 in
2315 1218 2479 1276 terra,
2511 1219 2568 1265 et
2592 1210 2769 1264 omnia
2797 1209 2850 1263 in
2882 1208 3154 1279 penuariis
3195 1207 3420 1261 vestris
3447 1205 3850 1270 clauditis;Ec-

2230 1301 2396 1357 clesia
2421 1317 2553 1357 vero
2581 1301 2892 1373 impendere
2926 1315 3150 1356 necesse
3174 1299 3388 1363 habet,
3431 1297 3731 1352 viduarum
3757 1311 3851 1350 cre-

2232 1394 2392 1461 tibus,
2423 1394 2688 1466 virginum
2727 1393 2928 1456 choris,
2975 1393 3253 1462 hospitum
3288 1388 3664 1454 adventibus,
3712 1403 3850 1458 pere-

2230 1486 2554 1557 grinantium
2583 1485 2858 1552 aerumnis,
2887 1484 3186 1539 vinctorum
3218 1479 3680 1543 calamitatibus,
3713 1478 3846 1532 infir-

2233 1591 2443 1633 morum
2471 1585 2529 1632 et
2553 1576 2866 1631 mutilorum
2907 1575 3364 1639 necessitatibus,
3399 1570 3533 1626 aliis
3555 1569 3842 1639 huiusmodi

2233 1670 2604 1726 occasionibus
2622 1688 2634 1724 :
2655 1668 2780 1740 quid
2800 1667 3096 1723 faciendum
3114 1667 3137 1720 ?
3164 1680 3352 1721 eosne
3369 1679 3579 1719 omnes
3596 1663 3840 1725 aversari,

2231 1772 2286 1816 et
2308 1770 2387 1816 tot
2415 1771 2600 1832 portus
2630 1760 2950 1816 obstruere?
2975 1759 3160 1828 ecquis
3182 1756 3510 1828 naufragiis
3543 1755 3674 1811 hinc
3693 1755 3838 1826 partis

2234 1855 2523 1921 sull‘eccrit,
2554 1853 2786 1919 ﬂetibus,
2811 1853 3079 1917 lamentis,
3110 1850 3428 1920 eiulatibus
3459 1848 3704 1918 undique
3727 1848 3842 1901 alla-

2236 1947 2342 2002 tis?
2364 1946 2440 2001 Nc
2466 1962 2593 2017 ergo
2614 1955 2815 2001 temere
2842 1945 3125 2015 loquamur
3145 1941 3302 2013 quod
3329 1943 3387 1996 in
3419 1951 3664 1996 mentem
3695 1954 3836 1994 vene-

2237 2040 2328 2094 rit.
2356 2038 2509 2094 Nunc
2536 2039 2702 2102 enim,
2735 2047 2792 2092 ut
2815 2037 2922 2108 jam
2961 2037 3090 2100 dixi,
3124 2036 3386 2091 rationes
3419 2036 3587 2090 vobis
3632 2032 3836 2088 reddere

2237 2131 2408 2202 parati
2431 2117 2739 2187 sumusfSi
2783 2142 2962 2185 autem
3011 2143 3169 2184 secus
3218 2142 3320 2183 res
3371 2141 3438 2182 se
3501 2127 3740 2188 haberet,
3785 2133 3831 2180 et

2237 2225 2281 2279 si
2310 2224 2564 2280 doctores
2594 2224 2864 2278 haberetis
2892 2231 3200 2292 corruptos,
3230 2221 3334 2290 qui
3365 2219 3558 2274 omnia
3606 2225 3829 2287 raperent

2237 2327 2294 2374 et
2315 2318 2458 2373 avari
2482 2327 2680 2382 essent,
2706 2331 2880 2387 neque
2901 2317 2979 2370 sic
3001 2315 3252 2385 purgatio
3271 2323 3464 2368 vestra
3490 2320 3641 2367 esset
3665 2326 3817 2366 eorum

2239 2411 2497 2482 nequitia.
2525 2410 2656 2466 Nam
2685 2411 2943 2479 benignus
2979 2409 3070 2463 ille
3093 2417 3150 2463 et
3178 2406 3637 2476 sapientissimus
3663 2404 3812 2470 unigeo

2241 2507 2385 2562 nitus
2415 2506 2509 2562 Dei
2540 2506 2708 2561 Filius
2736 2505 2914 2559 omnia
2950 2504 3162 2570 videns,
3210 2504 3524 2572 sciensque
3553 2500 3688 2571 quod
3712 2514 3811 2553 cou-

2241 2601 2410 2669 tingat
2453 2598 2649 2654 multos
2696 2599 2748 2652 in
2797 2597 3051 2653 diuturno
3101 2606 3362 2667 tempore
3409 2604 3467 2650 et
3516 2604 3659 2649 tanto
3701 2591 3815 2644 orbis

2241 2693 2414 2763 spatio
2439 2706 2562 2747 esse
2603 2690 2912 2748 sacerdotes
2939 2677 3272 2760 corruptos;
3307 2699 3369 2743 ut
3401 2703 3474 2744 ne
3507 2703 3602 2756 per
3638 2686 3810 2740 illorum

2244 2783 2521 2847 incuriam,
2553 2798 2739 2838 eorum
2770 2783 2859 2852 qui
2889 2782 3017 2851 ipsis
3047 2781 3250 2836 subditi
3305 2790 3443 2836 sunt
3477 2778 3707 2835 socordia
3737 2791 3810 2830 au-

2242 2885 2450 2948 geatur,
2477 2891 2690 2932 omnem
2712 2875 2908 2930 tollens
2933 2874 3280 2945 negligentia:
3307 2872 3700 2930 excusationem
3717 2868 3807 2920 ait:

2245 2971 2417 3041 Super
2447 2969 2743 3023 cathedra»:
2770 2966 2966 3038 Moysi:
3005 2967 3248 3022 sederunt
3277 2966 3472 3020 scriba:
3496 2975 3544 3019 et
3580 2959 3804 3016 Phariuei.

2247 3061 2435 3117 Omnia
2459 3076 2599 3132 ergo,
2629 3075 2744 3128 qua:
2781 3059 3003 3113 dixerint
3031 3058 3168 3112 vobis
3212 3062 3413 3128 facere,
3445 3055 3635 3128 facite:
3658 3067 3807 3106 terim-

2244 3153 2365 3206 dum
2395 3167 2550 3221 opera
2589 3161 2757 3204 autem
2787 3151 2991 3204 illorum
3026 3165 3090 3204 ne
3134 3149 3348 3217 faciatis
3390 3147 3608 3219 (Matth.
3633 3145 3712 3199 Ξῖ).
3734 3141 3805 3210 ‘3);

2244 3243 2554 3309 ostendens,
2578 3241 2720 3312 quod
2751 3240 2961 3296 etiamsi
2981 3239 3263 3296 doctorem
3293 3239 3604 3310 improbum
3624 3235 3801 3294 habeas,

2245 3336 2376 3392 nihil
2405 3335 2498 3390 tibi
2524 3334 2782 3406 prodesse
2814 3334 3028 3404 poterit.
3070 3332 3172 3387 nisi
3206 3334 3276 3388 iis
3321 3347 3447 3402 qua)
3487 3331 3720 3386 dicuntur
3741 3333 3798 3377 at-

2247 3430 2453 3485 tendas.
2489 3427 2671 3498 Neque
2697 3429 2838 3482 enim
2882 3427 2950 3481 ab
2988 3425 3054 3480 iis
3080 3440 3202 3494 quze
3233 3426 3437 3482 doctor
3464 3428 3702 3494 Oper-atus
3723 3423 3787 3474 est.

2245 3522 2340 3579 sed
2365 3522 2518 3578 abiis
2542 3536 2662 3592 quae
2687 3519 2902 3583 audisti,
2927 3534 3027 3574 nec
3053 3518 3399 3589 obsequutus
3423 3517 3528 3572 illis
3549 3529 3606 3570 es
3625 3530 3639 3565 :
3661 3510 3717 3565 ab
3738 3507 3793 3559 his

2247 3614 2342 3670 tibi
2367 3614 2631 3670 calculum
2663 3611 2802 3667 feret
2829 3611 2990 3666 Deus.
3025 3610 3210 3679 Itaque
3252 3611 3301 3666 si
3330 3625 3393 3664 ea
3427 3623 3548 3679 qua:
3576 3606 3792 3675 percepta

2246 3716 2373 3763 sunt
2398 3707 2610 3768 feceris,
2642 3720 2764 3760 cum
2811 3703 2978 3758 multa
3009 3711 3134 3757 tunc
3159 3704 3338 3759 stabis
3369 3701 3594 3762 fiducia;
3637 3695 3676 3749 si
3701 3702 3795 3750 vero

2247 3800 2405 3856 dictis
2433 3815 2539 3854 non
2567 3798 2897 3868 obsequutus
2922 3794 3106 3860 fueris,
3137 3796 3358 3851 etiamsi
3389 3795 3535 3848 mille
3560 3791 3794 3854 corruptos

2249 3893 2558 3950 sacerdotes
2586 3891 2862 3958 ostendas,
2897 3889 3030 3945 nihil
3054 3889 3158 3944 hoc
3188 3891 3289 3944 tibi
3318 3887 3575 3960 proderit.
3620 3879 3728 3936 Nam
3753 3880 3793 3925 et

2247 3985 2412 4042 Judas
2449 3983 2727 4054 apostolus
2752 3989 2901 4045 erat;
2934 3979 3039 4035 hoc
3083 3989 3267 4034 tamen
3319 3979 3453 4034 nihil
3483 3983 3709 4043 umquam
3730 3979 3794 4018 sa-

2249 4093 2464 4136 crorum
2482 4076 2805 4146 expilatores
2821 4082 2875 4129 et
2895 4087 3087 4128 avaros
3103 4073 3413 4128 excusabit.
3440 4069 3612 4139 Neque
3637 4054 3792 4132 pater"

2250 4168 2373 4240 quis
2397 4177 2682 4223 accusatus
2707 4165 2890 4222 dicere
2925 4182 2938 4217 :
2969 4164 3262 4220 Enimvero
3288 4163 3562 4234 apostolus
3586 4157 3658 4211 fur
3677 4155 3786 4205 eral.

2252 4275 2525 4316 sacrorum
2549 4257 2813 4328 expilator
2835 4267 2889 4313 et
2917 4256 3157 4327 proditor
3185 4274 3199 4310 :
3228 4256 3326 4313 sed
3359 4255 3463 4310 hoc
3493 4241 3784 4307 nouissime

2252 4353 2514 4423 supplicio
2537 4351 2711 4406 tradet
2734 4360 2790 4406 et
2809 4349 3107 4415 damnabit,
3127 4349 3276 4420 quod
3303 4363 3410 4404 non
3439 4347 3640 4400 aliorum
3657 4328 3783 4423 malis

2253 4446 2320 4503 ad
2345 4421 2530 4502 sanam
2551 4454 2786 4500 mentem
2811 4443 3018 4500 reducti
3049 4443 3241 4498 simus.
3273 4441 3402 4498 Ideo
3427 4439 3563 4495 enim
3584 4431 3656 4488 illa
3678 4421 3785 4480 scri-

2252 4549 2344 4611 pta
2372 4546 2516 4602 sunt,
2566 4547 2625 4591 ut
2654 4536 2918 4606 fugiamus
2955 4534 3169 4590 illorum
3215 4533 3586 4590 imitationem.
3627 4516 3787 4575 Idcirco

2255 4631 2397 4686 hunc
2423 4639 2479 4686 et
2506 4630 2653 4684 illum
2685 4629 3072 4698 relinquentes,
3119 4626 3276 4682 nobis
3303 4624 3432 4696 ipsis
3461 4613 3783 4698 attendamus:

2255 4723 2622 4794 unusquisque
2666 4720 2809 4776 enim
2857 4730 3098 4776 nostrum
3140 4733 3240 4790 pro
3287 4695 3347 4774 se
3384 4695 3783 4794 rationemdabit

2257 4817 2392 4872 Deo.
2417 4792 2510 4870 VUt
2551 4828 2681 4884 ergo
2723 4814 2862 4867 hanc
2899 4811 3161 4866 rationem
3203 4825 3326 4867 cum
3375 4807 3508 4862 bona
3545 4792 3782 4855 reddamus

2257 4909 2594 4981 purgatione,
2630 4915 2869 4962 nostram
2911 4919 3298 4974 componamus
3327 4902 3506 4964 vitam,
3548 4903 3597 4948 et
3622 4889 3783 4952 lania'“

2259 5017 2475 5058 manum
2503 5001 2686 5072 egenis
2715 5000 3052 5069 porrigamus
3080 5015 3095 5052 :
3127 4999 3360 5054 scientes
3383 4995 3513 5047 hanc
3531 4985 3680 5040 solam
3706 4985 3779 5025 ne.

2258 5105 2424 5150 stram
2448 5108 2568 5148 esse
2589 5091 2980 5156 defensionem,
3006 5092 3052 5146 si
3079 5090 3422 5146 ostendamus
3449 5094 3542 5138 nos
3559 5072 3780 5146 ρτωοθνιπ

2259 5198 2407 5244 recte
2425 5193 2748 5256 exsequutus
2765 5199 2886 5240 csse
2904 5200 2920 5248 ;
2949 5183 3257 5254 nullamque
3275 5192 3398 5237 esse
3416 5175 3582 5230 aliam.
3603 5164 3652 5218 Si
3671 5160 3783 5256 hinc

2258 5282 2515 5337 exhibere
2543 5245 2831 5349 possimus,
2865 5245 3226 5332 intolerabiles
3251 5274 3369 5328 illos
3395 5266 3635 5339 gehenna:
3656 5245 3782 5349 dolo:

2259 5390 2348 5431 res
2387 5373 2723 5444 effugiemus.
2768 5381 2824 5426 et
2853 5371 3030 5425 futura
3071 5374 3457 5437 consequemur
3496 5344 3776 5444 δοηέτξξυξ

2260 5483 2359 5524 nos
2401 5434 2589 5523 omnes
2628 5466 2848 5534 adipisci
2883 5465 3175 5532 contingat,
3207 5434 3369 5532 gratia
3410 5461 3461 5506 et
3500 5434 3774 5534 benignitati!

2262 5560 2474 5616 Domini
2521 5561 2688 5615 nostri
2722 5529 2862 5613 desu
2913 5529 3135 5619 Chrisii,
3185 5529 3391 5625 quicum
3430 5537 3560 5598 Patri
3603 5529 3771 5625 tum"?

2261 5651 2483 5723 Spiritui
2535 5661 2721 5707 sancto
2765 5650 2955 5721 gloria,
3009 5647 3309 5718 imperium,
3365 5641 3540 5699 honor,
3576 5629 3697 5682 nunc
3731 5619 3770 5667 ει

2262 5759 2496 5816 semper,
2525 5754 2580 5800 et
2605 5743 2658 5800 in
2683 5743 2876 5800 smcula
2904 5742 3246 5798 saecolorum.
3279 5739 3455 5791 Amen.
