3992 6422
128 377 194 432 ut
1080 343 1145 406 is
1185 331 1398 406 EPIST.
1443 347 1462 400 ι
1527 344 1617 400 an
1655 333 1812 398 oon.
1856 338 2086 394 nosnL.
2129 336 2297 393 xxii.

135 513 210 526 δὲ
221 494 952 522 Μ
963 493 1024 500 -_
1035 489 1332 498 μην,
1355 487 1416 492 __

124 757 220 812 Cir.
253 745 301 800 9.
338 759 387 796 ν.
427 741 513 794 15.
571 732 789 791 Nescitis
829 729 966 802 quod
1003 729 1089 798 qui
1137 742 1285 781 sacra
1337 733 1634 794 operantur,

180 859 226 895 et
245 833 448 892 sacrario
471 831 633 884 vivunt
657 827 682 880 Ρ
706 826 789 894 qui
814 823 965 878 altari
986 820 1292 883 deserviunt,
1342 831 1457 868 cum
1485 812 1639 867 altari

187 925 486 1003 participant?
538 923 619 977 14.
672 918 755 973 lta
789 927 836 972 et
877 915 1123 969 Dominus
1151 909 1402 966 ordinavit
1432 905 1516 974 iis,
1553 905 1640 976 qui

185 1019 444 1088 nongeliunt
472 1011 789 1075 annuntiant,
828 1009 892 1062 de
919 1005 1176 1077 evangelio
1204 1004 1386 1057 vivere.

183 1119 217 1170 ι.
249 1111 443 1166 Multum
467 1114 615 1162 curat
641 1101 926 1157 ostendere
951 1113 1056 1152 non
1088 1111 1210 1153 esse
1235 1098 1463 1150 velitum
1493 1091 1638 1146 acci-

136 1224 234 1269 pete.
261 1203 468 1269 Ideoque
493 1212 611 1250 cunt
655 1201 733 1248 tot
763 1201 1018 1259 tantaque
1055 1195 1211 1240 antea
1255 1185 1502 1248 dixisset,
1533 1195 1639 1234 non

131 1265 220 1355 suis
250 1265 433 1356 habuit,
486 1289 580 1345 sed
605 1288 766 1341 etiam
791 1283 859 1338 ad
889 1283 1062 1353 legem
1095 1277 1355 1349 procedit,
1390 1274 1639 1346 praebens

130 1389 372 1458 exetnplum
403 1383 566 1456 priori
589 1375 1013 1436 convenientius.
1058 1370 1177 1426 Non
1230 1369 1393 1458 enim,
1420 1377 1516 1438 par
1556 1381 1644 1420 res

130 1492 209 1536 παι
230 1457 368 1533 bores
395 1476 444 1529 in
473 1473 704 1526 medium
733 1467 1022 1528 adducere,
1072 1470 1129 1517 et
1153 1461 1326 1530 legem
1366 1457 1434 1512 de
1459 1470 1644 1510 sacer-

131 1574 289 1627 dotibus
313 1568 501 1623 diserte
530 1564 686 1616 latam
724 1558 939 1613 aﬂ'crre.
965 1552 1245 1623 Perpende
1288 1558 1468 1604 autem
1515 1544 1644 1601 mihi

134 1667 244 1717 rtiattl
273 1663 318 1714 in
347 1661 442 1712 hoc
472 1655 616 1710 Pauli
648 1648 1012 1722 prudentiam,
1040 1659 1200 1716 quam
1227 1643 1424 1697 decore
1450 1648 1506 1695 et
1535 1653 1645 1692 ma-

136 1758 270 1824 ;uiticc
307 1767 410 1806 rem
448 1753 726 1803 mcmurel.
771 1740 953 1811 Neque
979 1739 1120 1794 enini
1163 1735 1300 1791 dixit
1330 1753 1342 1788 :
1371 1732 1471 1824 Qui
1495 1744 1645 1824 saera

137 1821 358 1915 alienantur
393 1841 458 1895 ab
502 1835 848 1892 oﬂ‘creutihus
891 1829 1192 1899 accipiunt;
1226 1825 1319 1880 sed
1347 1823 1533 1915 quid?‘
1567 1821 1649 1875 Ea:

137 1911 301 1990 neraria
329 1933 526 1995 vivunt;
581 1933 635 1982 ut
666 1939 766 1981 nec
809 1924 1134 1993 accipientes
1167 1918 1364 1990 probro
1401 1911 1646 1969 allician-

138 2041 227 2092 tur,
268 2033 352 2080 n’ec
389 2023 473 2094 qui
522 2017 768 2092 praabent
809 2014 1157 2072 extollantur.
1206 2009 1544 2078 Quapmpter
1594 2002 1648 2058 id

140 2121 236 2192 quod
275 2118 493 2188 sequitur
531 2115 612 2170 sic
655 2111 850 2183 posuit.
880 2107 1063 2179 Neque
1086 2106 1172 2160 hic
1200 2103 1343 2158 enim
1373 2101 1532 2164 dixit,
1541 2097 1649 2192 ραι

141 2189 245 2267 altari
265 2209 498 2274 assident,
527 2206 597 2262 ab
624 2203 1021 2260 immolantibus
1050 2197 1354 2268 accipiunt;
1383 2193 1500 2257 sed,
1524 2189 1652 2246 Cum

145 2306 244 2357 altari
265 2302 561 2372 participant.
599 2296 731 2352 Nam
755 2310 872 2364 qua:
896 2293 1076 2346 oblata
1109 2288 1340 2353 fuerant,
1372 2299 1480 2340 non
1514 2283 1649 2336 ultra

146 2394 406 2450 olicrctuium
436 2399 615 2456 erant,
656 2388 750 2444 sed
782 2385 1002 2441 sacrarii
1042 2395 1096 2439 et
1119 2381 1325 2436 altaris.
1351 2378 1460 2433 Nec
1484 2377 1616 2432 dixit
1637 2417 1650 2438 ,

146 2487 257 2542 Sacra
272 2485 528 2555 accipiunt,
554 2481 676 2546 sed,
698 2479 780 2534 Ea:
802 2478 1028 2533 sacrario
1049 2475 1215 2530 vivunt
1233 2490 1252 2534 ;
1273 2486 1458 2528 rursus
1473 2478 1654 2525 osten-

150 2581 238 2633 dctis
257 2578 648 2634 moderationem
670 2617 685 2639 ,
727 2584 784 2628 et
823 2570 967 2642 quod
995 2585 1102 2624 non
1126 2575 1376 2638 oporteat
1400 2562 1656 2634 pecunias

155 2673 334 2740 colligere
356 2687 444 2726 nec
471 2668 657 2724 ditari.
687 2664 744 2721 Si
771 2674 951 2720 autem
976 2663 1124 2727 dicit,
1163 2659 1288 2715 Cum
1315 2658 1468 2712 altari
1498 2655 1659 2726 parti-

158 2765 284 2829 cipant,
322 2770 410 2817 non
430 2777 493 2816 ex
519 2774 682 2829 atquo
712 2757 903 2811 iactam
931 2749 1361 2808 distributionem
1384 2749 1534 2811 dicit,
1561 2746 1657 2801 sed

163 2853 196 2906 id
209 2853 306 2922 quid
329 2861 388 2908 ex
413 2851 594 2908 debito
621 2850 779 2905 datur
799 2848 877 2903 eis
900 2847 1169 2901 solatium.
1191 2843 1350 2914 Atqui
1371 2842 1525 2910 longe
1545 2851 1660 2894 ma-

159 2946 234 3012 jora
257 2947 361 3015 apud
383 2946 654 3015 apostolos
684 2944 857 2998 erant.
909 2937 1018 2993 Illic
1043 2939 1187 2992 enim
1216 2933 1391 2988 honor
1417 2940 1534 2987 erat
1570 2945 1662 2983 sa-

161 3039 404 3106 cerdotium;
428 3036 511 3094 hic
536 3045 727 3092 autem
761 3033 1022 3105 pericula,
1043 3019 1407 3102 jugulationes
1423 3068 1439 3092 ,
1463 3024 1658 3080 caedes.

167 3131 258 3185 ideo
276 3133 464 3189 omnibus
486 3132 617 3186 aliis
641 3127 901 3198 exemplis
922 3126 1078 3194 longe
1107 3121 1280 3191 majus
1303 3127 1420 3175 erat
1443 3116 1495 3172 id
1521 3115 1660 3186 quod

178 3225 281 3286 dicit.
305 3224 346 3280 Si
365 3243 432 3283 nos
463 3225 610 3282 vobis
635 3215 924 3294 spiritualia
950 3217 1325 3272 seminavimus.
1352 3210 1485 3266 Ct'tm
1517 3208 1662 3264 enim

181 3314 277 3378 dicit,
293 3315 647 3382 Seminavimus,
678 3311 1046 3381 tempestates,
1078 3303 1334 3377 pericula,
1365 3299 1586 3356 insidias
1610 3308 1666 3353 et

175 3406 450 3464 inenarrabilia
481 3409 630 3463 mala
674 3402 926 3465 ostendit,
954 3415 1073 3471 qua:
1123 3394 1458 3450 sustinebant
1499 3393 1534 3446 ii
1575 3389 1665 3460 qui

172 3500 452 3564 pntdicabant.
468 3503 729 3557 Attamen
751 3494 852 3551 etsi
879 3495 1020 3547 tanta
1047 3493 1195 3546 esSct
1220 3486 1554 3552 excellentia,
1573 3500 1669 3538 no-

171 3590 233 3642 luit
251 3607 409 3663 eaqua":
437 3597 642 3649 veteris
670 3596 826 3646 erant
855 3578 988 3656 legis
1013 3583 1339 3652 deprimere,
1376 3585 1549 3648 tieque
1573 3590 1666 3630 sua

167 3685 377 3742 extollere:
395 3687 480 3742 sed
497 3703 592 3743 sua
624 3679 1022 3755 quodammodo
1041 3673 1370 3746 comprimit,
1391 3689 1495 3727 non
1517 3688 1544 3726 a
1573 3687 1668 3741 pe-

168 3774 306 3842 riculis,
327 3780 406 3834 sed
428 3796 453 3833 a
477 3774 852 3850 magnitudine
875 3769 998 3827 doni
1022 3771 1158 3843 dans
1181 3767 1257 3822 illi
1275 3765 1667 3822 excellentiam.

167 3866 247 3922 Non
271 3873 388 3925 enim
409 3873 555 3937 dixit,
578 3872 644 3926 Si
680 3866 923 3941 pericula
943 3865 1199 3930 adiimus,
1232 3863 1280 3919 si
1317 3862 1440 3916 vitat
1465 3861 1668 3914 nostra:

168 3973 240 4011 non
255 3964 588 4019 consuluimus
608 4004 627 4028 ,
653 3960 767 4026 scd,
790 3960 850 4016 Si
861 3977 952 4015 nos
965 3957 1108 4014 vobis
1121 3948 1668 4026 spiritualiaseminaé

168 4050 490 4125 timentque:
508 4062 645 4109 sunt
678 4052 1043 4114 sacerdotum,
1066 4052 1329 4116 quantum
1357 4042 1472 4097 ﬁeri
1491 4038 1672 4111 potest

165 4139 314 4193 extollit
349 4142 515 4198 dicens
548 4163 562 4199 :
596 4142 707 4207 Qui
735 4155 882 4196 sacra
909 4147 1184 4209 operantur
1205 4177 1220 4203 ,
1283 4145 1332 4190 et
1384 4136 1471 4204 qui
1521 4130 1676 4186 altari

165 4229 356 4296 assident;
389 4245 698 4305 perpetuam
741 4232 952 4286 illorum
992 4229 1304 4285 servitutem
1329 4234 1384 4282 et
1413 4239 1670 4296 perseve-

167 4323 331 4380 rantiam
357 4329 527 4384 volens
555 4326 869 4383 ostendere.
916 4325 982 4380 Et
1017 4338 1138 4380 cum
1167 4321 1392 4376 dixisset
1424 4317 1676 4373 sacerdo-

167 4424 220 4468 tes
249 4421 319 4487 qui
352 4431 464 4476 sunt
496 4421 642 4493 apud
669 4416 904 4484 Iudaeos,
934 4427 988 4473 et
1020 4417 1233 4472 Levitas
1261 4422 1317 4469 et
1343 4411 1632 4467 Pontiﬁces
1657 4452 1672 4477 ,

167 4515 356 4578 utrosque
396 4511 600 4569 ordines
660 4512 879 4574 indicat,
923 4518 978 4565 et
1003 4509 1091 4578 qui
1135 4515 1260 4562 sunt
1297 4505 1579 4559 inferiores
1622 4510 1677 4557 et

168 4597 230 4664 ⁵ὶυῖ
247 4604 516 4671 superiores,
544 4609 682 4660 alios
704 4600 916 4674 quidem
943 4617 1062 4658 cum
1083 4600 1232 4663 dicit,
1268 4599 1366 4664 Qui
1392 4613 1536 4652 sacra
1558 4613 1678 4664 ope-

170 4701 323 4759 rantur;
353 4695 470 4752 alios
498 4715 630 4754 vero
659 4712 778 4751 cum
807 4693 964 4763 dicit,
1000 4695 1100 4762 Qui
1126 4693 1274 4747 altari
1303 4691 1547 4746 assident.
1570 4689 1675 4744 Ne-

170 4797 246 4848 que
265 4789 377 4842 enim
405 4793 648 4847 omnibus
675 4807 838 4845 unum
865 4799 998 4859 opus
1028 4786 1334 4841 mandatum
1382 4793 1497 4839 crat
1517 4825 1532 4849 ,
1581 4781 1675 4836 sed

178 4869 263 4926 aliis
290 4883 542 4947 crassiora,
572 4883 694 4938 aliis
734 4883 920 4936 altiora
951 4865 1259 4935 concredita
1291 4876 1520 4931 fuerant.
1566 4874 1674 4929 Hos

184 4964 297 5029 Igitur
315 4986 464 5030 onnies
488 4977 800 5047 complexus
820 5016 834 5039 ,
865 4989 930 5028 ne
957 4973 1078 5043 quis
1104 4971 1328 5036 diceret,
1361 4967 1466 5023 Cur
1494 4977 1676 5021 vetera

180 5057 299 5111 nobis
317 5072 628 5126 memorasti?
668 5067 844 5124 nescis
879 5067 1255 5136 pericctiorum
1302 5061 1675 5116 mandatorum

80 5153 82 5159 ⁷
175 5150 670 5232 "ObiSessetempus?
713 5169 832 5230 post
877 5160 962 5214 illa
1003 5157 1205 5221 omnia,
1244 5149 1387 5225 quod
1425 5151 1677 5207 omnibus

173 5239 325 5298 fortius
349 5261 437 5306 erat
458 5257 634 5323 posuit
661 5254 846 5309 dicens
877 5268 890 5307 :
931 5249 1018 5305 Ita
1057 5261 1106 5305 et
1137 5235 1388 5304 Dominus
1424 5246 1678 5301 ordinavit

173 5335 228 5398 ἥδ’
270 5345 343 5409 illi
360 5351 648 5418 evangelium
671 5348 996 5412 annnntiant,
1031 5345 1092 5398 de
1120 5341 1583 5415 evangeliovivere.
1611 5338 1679 5393 Et

177 5441 301 5495 ιιετιιιε
338 5433 424 5492 hoc
452 5442 601 5506 dicit,
631 5443 712 5496 Ali
740 5439 807 5495 ab
838 5437 1182 5501 hominibus;
1213 5433 1309 5492 sed
1344 5436 1482 5490 sicut
1503 5435 1556 5488 in
1584 5448 1677 5488 sa-

179 5519 431 5595 cerdotibus,
483 5530 566 5586 Ea:
607 5549 770 5598 sacro,
817 5541 872 5585 et
914 5525 996 5584 Ea:
1038 5526 1209 5593 altari,
1261 5529 1329 5581 ita
1369 5536 1424 5581 et
1453 5521 1562 5592 hic,
1595 5523 1680 5578 Ex

184 5614 382 5684 ωαηςειιο,
407 5622 526 5678 dicit
551 5642 566 5678 :
596 5635 646 5680 et
667 5625 802 5680 sicut
827 5624 937 5678 illic
967 5617 1149 5686 Edere,
1184 5623 1252 5676 ita
1280 5629 1335 5677 et
1356 5621 1440 5675 hic
1471 5617 1644 5673 Vivere
1660 5633 1680 5683 ;

187 5706 254 5754 που
274 5718 595 5768 mercaturam
625 5715 797 5771 facere
835 5715 919 5770 vel
953 5711 1338 5768 thesaurizaro.
1377 5704 1581 5782 Dignus
1609 5719 1679 5763 est

189 5789 296 5863 elill“.
318 5798 491 5872 inquit,
530 5811 786 5873 operarius
814 5807 1038 5860 mercede
1075 5822 1167 5858 sua
1193 5801 1404 5879 (Matth.
1443 5801 1529 5858 10.
1569 5799 1675 5874 10).

424 5893 682 5956 ιἈτιιοι.
729 5898 845 5959 Gn.
889 5895 1049 5956 LXI.

1340 545 1685 618 HOMILIA
1729 533 1938 617 xxu.

3236 345 3336 400 132

1747 721 1834 776 15.
1871 720 1982 792 Ego
2019 731 2187 775 autem
2221 721 2362 775 nullo
2391 723 2570 776 horum
2600 739 2718 778 usus
2749 738 2882 778 sum.
2913 720 3046 790 Quid
3080 711 3225 788 tnui,
3255 727 3338 779 ln-

1747 811 1920 880 quies,
1951 813 1992 866 si
2025 819 2166 866 nunc
2195 815 2302 867 non
2331 829 2458 867 usus
2488 829 2567 880 es,
2597 814 2648 868 in
2692 815 2872 870 futuro
2900 826 3078 872 autem
3108 821 3187 870 vis
3221 822 3293 870 uti
3320 858 3337 875 .

1745 913 1800 958 ct
1831 913 2114 974 propterea
2145 904 2261 959 hazc
2288 904 2460 960 dicis!
2487 907 2707 976 Apage;
2738 909 2916 962 statim
2958 914 3188 978 namque
3217 925 3340 977 pto-

1750 997 1930 1065 pterea
1957 1012 2083 1050 usus
2113 1007 2198 1050 est
2228 998 2583 1063 correctione,
2614 999 2691 1052 sic
2732 998 2918 1053 dicens
2953 1017 2966 1054 :
3003 988 3126 1054 Non
3155 992 3337 1069 scripsi

1748 1098 1917 1141 autem
1945 1084 2080 1153 licec,
2109 1099 2164 1142 ut
2193 1089 2267 1143 sic
2284 1089 2376 1158 ﬁat
2403 1091 2456 1143 in
2486 1107 2584 1144 me.
2630 1086 2694 1144 lit
2723 1090 2844 1146 vide
2871 1108 2990 1145 cum
3021 1100 3215 1161 quanta
3247 1109 3338 1146 vc-

1751 1181 2018 1236 hementia
2043 1197 2156 1238 rem
2184 1191 2339 1252 negat
2366 1191 2419 1237 et
2445 1179 2662 1254 depellit
2699 1202 2710 1237 :
2744 1173 2945 1238 Bonum
2966 1195 3037 1238 est
3058 1187 3190 1238 enim
3219 1187 3345 1238 ηιὶΙιὶ

1750 1275 1914 1346 magis
1961 1275 2112 1342 mori,
2161 1292 2313 1344 quant
2341 1277 2394 1329 ut
2421 1267 2642 1348 gloriam
2673 1294 2834 1330 meam
2861 1278 2974 1347 quis
3000 1287 3228 1332 evacuet.
3279 1278 3346 1332 Et

1752 1382 1856 1421 non
1887 1366 2079 1433 semel,
2111 1381 2286 1436 neque
2313 1365 2416 1432 bis,
2459 1356 2553 1422 sed
2596 1365 2792 1438 smptus
2821 1371 2919 1423 bac
2947 1367 3115 1422 utitur
3142 1367 3334 1423 dictio-

1752 1473 1819 1513 ne
1850 1476 1863 1512 :
1895 1476 2017 1512 nam
2040 1457 2097 1514 et
2125 1460 2375 1530 superius
2402 1459 2536 1513 dixit
2563 1477 2576 1514 :
2610 1457 2732 1513 Non
2770 1459 2849 1513 usi
2875 1478 3050 1514 sumus
3078 1461 3172 1514 hac
3195 1470 3344 1531 pote-

1749 1562 1916 1617 state;
1965 1563 2020 1608 et
2064 1563 2248 1620 postea
2297 1569 2533 1616 rursum,
2588 1545 2655 1608 Ut
2694 1570 2793 1606 non
2827 1542 3012 1607 abutar
3058 1571 3168 1607 mea
3207 1564 3346 1623 pote-

1753 1653 1878 1698 state
1903 1661 1920 1707 ς
1961 1655 2015 1698 et
2045 1637 2131 1698 hic
2163 1664 2176 1699 :
2209 1643 2321 1715 Ego
2349 1655 2516 1699 autem
2545 1645 2686 1699 ttullo
2716 1645 2896 1699 Itorunt
2925 1663 3044 1699 usus
3073 1665 3205 1700 sum.
3240 1635 3348 1700 llo-

1751 1751 1866 1788 rum
1897 1751 1916 1788 :
1954 1737 2221 1806 qvornm?
2265 1733 2552 1791 Multorum
2599 1722 2987 1806 exetnplorum.
3024 1729 3158 1793 Cum
3203 1731 3344 1792 enim

1755 1831 1916 1884 multa
1949 1831 2076 1884 mihi
2110 1839 2432 1901 potestatem
2472 1822 2796 1901 pra-herent,
2854 1833 3033 1897 miles,
3089 1826 3345 1902 agricola,

1757 1927 1958 1990 pastor,
1991 1923 2244 1990 apostoli,
2268 1919 2374 1983 lex.
2401 1939 2463 1978 ea
2489 1938 2608 1992 quae
2637 1938 2666 1976 a
2699 1917 2854 1977 nobis
2887 1915 2937 1976 in
2968 1939 3061 1976 vos
3095 1913 3247 1984 ﬁum,
3281 1940 3342 1977 ea

1756 2030 1872 2084 quae
1902 2031 1929 2067 a
1961 2015 2109 2070 vobis
2133 2015 2184 2068 in
2212 2015 2364 2080 alios,
2395 2015 2726 2079 sacerdotes,
2757 2011 3082 2086 prmccptum
3107 2016 3306 2071 Christi
3334 2035 3348 2071 :

1758 2104 1884 2158 nulli
1912 2104 2102 2159 horum
2132 2105 2521 2176 obtemperavi,
2550 2115 2607 2160 ut
2635 2105 2807 2176 legent
2834 2122 3007 2160 meam
3034 2108 3350 2178 abrogarent

1756 2207 1810 2251 et
1837 2198 2161 2268 acciperem.
2187 2197 2296 2253 Nec
2323 2198 2452 2252 mihi
2475 2199 2624 2253 dicas
2665 2199 2751 2252 illa
2782 2195 2902 2269 quae
2931 2201 3303 2268 priutcriernnt
3337 2218 3350 2254 :

1758 2289 1968 2344 etiamsi
2013 2289 2217 2359 possim
2267 2289 2469 2354 dicere,
2505 2307 2592 2345 me
2641 2292 2807 2345 multa
2835 2289 3039 2360 pridem
3070 2301 3353 2361 propterea

1762 2397 1974 2450 passum
2004 2396 2122 2435 esse
2156 2391 2430 2436 :attanten
2471 2395 2576 2435 non
2624 2381 2729 2436 illis
2777 2381 2981 2435 tantum
3030 2384 3208 2445 nitor;
3261 2381 3354 2435 sed

1758 2473 1920 2540 etiam
1937 2473 2004 2528 de
2031 2472 2223 2527 futuris
2255 2472 2530 2542 polliceor,
2551 2489 2636 2528 me
2663 2469 2822 2528 malle
2846 2474 2980 2528 mori
3014 2465 3170 2534 laute,
3197 2491 3354 2542 quam

1761 2565 1844 2620 his
1878 2565 2096 2621 coronis
2128 2565 2345 2635 privari.
2377 2556 2577 2618 Bonum
2598 2564 2671 2619 est
2699 2566 2834 2619 enim
2862 2557 2983 2618 mihi
3013 2556 3175 2634 magis
3203 2566 3355 2631 mori,

1762 2662 1950 2732 inquit,
1971 2677 2122 2731 quant
2150 2670 2204 2714 ut
2234 2648 2451 2731 gloriam
2482 2676 2644 2713 nteant
2667 2660 2776 2729 quis
2807 2656 3026 2713 évacnet.
3055 2644 3170 2712 Non
3199 2650 3356 2720 dixit,

1763 2767 1922 2824 quam
1947 2762 2006 2807 ut
2033 2753 2205 2822 legem
2232 2767 2409 2807 meam
2435 2751 2553 2822 quis
2584 2749 2788 2814 solvat,
2817 2749 2911 2806 sed
2936 2794 2950 2817 ,
2978 2740 3230 2806 Gloriam.
3281 2749 3360 2804 Ne

1764 2848 1882 2918 quis
1921 2847 2064 2902 enim
2095 2845 2257 2912 dicat,
2291 2846 2464 2915 ipsum
2497 2847 2598 2900 hoc
2629 2842 2848 2915 quidem
2876 2844 3076 2911 facere,
3121 2843 3216 2899 sed
3250 2859 3357 2899 non

1763 2930 2108 3011 gaudentem,
2151 2934 2244 2992 sed
2289 2945 2595 3008 gementem
2635 2947 2690 2991 et
2735 2932 3052 2991 maerentem
3080 2953 3094 2999 ;
3122 2925 3360 2989 lzetitiam

1767 3036 2037 3104 ingentem
2081 3030 2370 3088 Ostendere
2398 3029 2583 3086 volens
2615 3027 2974 3108 magnamque
2999 3019 3358 3096 alacritatem,

1766 3142 1879 3181 rem
1909 3125 2078 3196 ipsam
2105 3124 2339 3194 appellat
2365 3120 2757 3194 'gloriatlonem.
2810 3111 3036 3176 Tantum
3078 3121 3264 3176 aberat
3307 3131 3366 3176 ut.

1767 3217 1998 3284 doleret,
2047 3217 2103 3271 ut
2150 3217 2312 3271 etiam
2361 3209 2704 3286 gloriaretur,
2736 3224 2792 3270 et
2824 3215 2958 3269 mori
2989 3207 3160 3277 malit,
3201 3229 3362 3284 quam

1771 3311 1872 3365 hac
1915 3309 2088 3380 gloria
2131 3291 2402 3364 excidere.
2458 3305 2530 3364 ita
2563 3304 2706 3380 quod
2737 3302 2848 3363 tum
2877 3294 3060 3374 liebat,
3113 3308 3225 3379 ipsa
3255 3306 3364 3362 vita

1769 3399 1979 3458 dulcius
2013 3400 2110 3472 ipsi
2139 3412 2275 3457 erat.

1842 3491 1897 3548 2.
1943 3489 2147 3548 Deinde
2192 3486 2407 3548 aliunde
2441 3487 2601 3550 etiam
2643 3490 2966 3573 idextollit,
3013 3503 3069 3548 ct
3117 3508 3365 3564 magnum

1773 3601 1895 3648 esse
1922 3581 2178 3652 ostendit,
2210 3602 2314 3640 non
2348 3581 2403 3640 ιιι
2427 3603 2486 3642 se
2515 3583 2854 3666 Splendidnm
2884 3576 3217 3649 declararet;
3243 3602 3368 3657 pro-

1772 3681 1856 3734 cui
1883 3681 2026 3735 enim
2058 3681 2147 3734 ille
2169 3689 2284 3735 erat
2313 3681 2381 3735 ab
2411 3679 2515 3736 hoc
2535 3682 2700 3754 animi
2726 3680 2952 3742 affectu;
2981 3681 3074 3736 sed
3107 3691 3162 3734 ut
3187 3692 3368 3735 osten-

1774 3773 1932 3827 deret
1955 3789 2017 3827 se
2045 3773 2235 3840 laetari,
2265 3783 2319 3828 et
2347 3769 2708 3843 SUSplCltmem
2741 3774 2954 3828 omnem
2975 3772 3042 3828 de
3065 3771 3242 3828 medio
3269 3771 3371 3825 tol-

1776 3865 1930 3920 leret.
1955 3865 2078 3920 Ideo
2095 3865 2260 3930 enim,
2281 3875 2337 3918 ut
2358 3865 2467 3934 jam
2493 3865 2624 3929 dixi,
2650 3882 2764 3921 rem
2793 3876 2948 3921 vocat
2970 3855 3366 3935 gloriatiouetn.

1776 3957 1843 4012 Et
1869 3956 1993 4026 quid
2020 3957 2137 4010 ait?
2180 3957 2266 4011 lli.
2303 3955 2443 4010 Nam
2472 3958 2514 4010 si
2545 3957 2970 4026 evangeliiavero,
3004 3973 3104 4010 non
3132 3966 3202 4010 est
3243 3955 3370 4008 ntihi

1776 4049 1941 4120 gloria
1964 4065 1984 4114 ;
2017 4048 2284 4103 necessitas
2310 4039 2444 4103 enim
2479 4042 2605 4102 mitti
2632 4033 2875 4103 incumbit
2897 4066 2917 4114 ;
2951 4053 3024 4102 vae
3048 4059 3216 4101 autem
3244 4047 3370 4102 nti/ti

1778 4151 1872 4208 est,
1901 4141 1944 4194 si
1971 4157 2072 4193 non
2098 4124 2525 4211 cvangelizavero.
2561 4121 2648 4196 l7.
2699 4129 2760 4196 Si
2785 4126 2916 4195 enim
2943 4143 3114 4196 volens
3140 4141 3234 4194 ltoc
3273 4158 3367 4211 ego

1779 4229 1935 4300 faeio,
1973 4229 2258 4299 mercedem
2288 4230 2444 4284 habeo
2473 4247 2490 4284 :
2519 4232 2562 4284 si
2590 4239 2759 4285 autent
2806 4231 3014 4294 invitus,
3057 4231 3370 4300 dispensatio

1780 4323 1906 4376 mihi
1955 4323 2148 4377 credita
2199 4331 2292 4376 est.
2339 4322 2424 4378 l8.
2475 4321 2601 4388 Qum
2632 4331 2707 4376 est
2739 4339 2860 4394 ergo
2886 4338 3073 4376 merces
3102 4324 3255 4376 mea?
3302 4319 3370 4376 Ut

1779 4413 2094 4485 evangelium
2121 4409 2426 4482 praedicans,
2456 4411 2565 4468 sine
2593 4423 2798 4484 sumptu
2834 4431 3018 4482 ponant
3054 4414 3369 4482 evangelium

1781 4504 2022 4560 Christi:
2059 4515 2113 4558 ut
2164 4523 2264 4559 non
2309 4501 2488 4559 abutar
2537 4499 2780 4577 potestate
2825 4514 2936 4559 mea
2984 4507 3035 4558 in
3088 4500 3370 4576 evangelio.

1779 4598 1941 4666 Quid,
1976 4614 2180 4669 quaeso,
2211 4597 2390 4652 dicis?
2426 4599 2470 4652 si
2507 4585 2863 4670 evangelizas,
2897 4609 3002 4653 non
3030 4607 3111 4653 est
3140 4595 3230 4653 tibi
3255 4588 3372 4669 glo-

1781 4691 1972 4756 riatio;
2023 4691 2118 4746 sed
2164 4692 2207 4745 si
2250 4693 2368 4745 sine
2419 4695 2633 4763 sumptu
2665 4707 2834 4762 ponas
2867 4683 3244 4762 erangelium?
3270 4691 3374 4746 hoc

1780 4800 1910 4854 ergo
1941 4783 2112 4853 majus
2136 4793 2220 4838 est
2251 4775 2381 4837 illo?
2429 4784 2812 4854 Nequaquam;
2858 4773 2954 4840 sed
3007 4771 3223 4838 aliunde
3269 4784 3371 4836 ali-

1782 4879 1910 4949 quid
1938 4863 2170 4948 amplius
2205 4862 2403 4941 habet;
2447 4879 2703 4948 quoniam
2749 4877 2891 4931 aliud
2929 4877 3143 4948 quidem
3173 4883 3374 4945 [ti-arce-

1783 4981 1929 5041 ptunt
1956 4979 2060 5036 est,
2091 4970 2234 5023 aliud
2265 4981 2444 5024 autem
2475 4986 2504 5024 a
2529 4985 2646 5024 mea
2682 4970 2958 5025 voluntate
2986 4971 3243 5039 praeclare
3272 4985 3369 5038 ge-

1782 5061 1924 5117 stuin
1965 5071 2068 5116 est.
2118 5059 2249 5115 Nam
2281 5077 2400 5132 quae
2430 5063 2589 5132 supra
2619 5052 2926 5114 mandatmn
2962 5057 3116 5122 ﬁunt,
3149 5062 3373 5117 multam

1781 5154 1864 5208 vel
1896 5151 2020 5208 inde
2049 5144 2351 5208 mercedem
2384 5152 2618 5215 habent;
2647 5166 2764 5220 qua:
2795 5159 2974 5207 autem
3008 5165 3075 5207 ex
3097 5149 3373 5218 mandato,

1783 5260 1888 5300 non
1936 5252 2158 5298 tantam.
2205 5241 2389 5313 Itaque
2433 5244 2531 5298 hac
2578 5243 2786 5298 ratione
2812 5237 2960 5309 dicit,
3009 5240 3114 5300 hoc
3141 5243 3232 5298 illo
3251 5259 3379 5299 esse

1784 5337 2048 5407 amplius,
2091 5351 2197 5390 non
2238 5335 2532 5390 secundum
2579 5335 2747 5406 ipsam
2799 5336 2875 5389 rei
2924 5345 3210 5389 naturam:
3243 5333 3371 5404 quid

1784 5430 1926 5484 enim
1951 5417 2316 5498 praedicationi
2340 5442 2434 5496 par
2463 5427 2662 5481 fuerit?
2695 5425 2807 5482 lloc
2830 5426 2974 5482 enim
3005 5425 3190 5488 et’tieit,
3212 5436 3269 5480 ut
3297 5425 3372 5478 illi

1784 5538 1906 5578 cum
1935 5520 2140 5591 angelis
2166 5525 2480 5575 concertent
2513 5535 2524 5572 :
2554 5529 2788 5573 attamen
2818 5518 3071 5590 quoniam
3101 5517 3227 5572 illud
3255 5517 3374 5586 qni-

1784 5613 1909 5669 dem
1959 5621 2285 5683 przeceptnm
2335 5618 2420 5665 est
2465 5619 2520 5664 et
2559 5607 2818 5672 debitum,
2853 5609 2952 5664 hoc
2978 5614 3155 5663 autem
3187 5606 3370 5660 liberte

1787 5705 2079 5762 voluntatis
2110 5720 2246 5776 opus
2275 5703 2525 5759 alacriter
2548 5711 2855 5772 susceptum
2881 5709 2895 5767 ς
2946 5699 3241 5758 secundum
3281 5695 3400 5755 illo_

1787 5798 2016 5871 amplius
2042 5804 2143 5854 est.
2191 5797 2317 5853 Ideo
2343 5796 2437 5862 ait,
2479 5795 2581 5851 hoc
2605 5795 2777 5865 ipsum
2817 5795 3176 5860 interpretans
3221 5795 3366 5860 quod

2980 5884 3055 5948 1'2
