3992 6428
606 372 706 428 133
1355 369 1410 425 S.
1437 365 1714 425 JOANNIS
1753 362 2217 424 CHRYSOSTOMI
2258 367 2566 425 ARClllEP.
2609 370 3138 434 CONSTANTINOP.
3781 395 3852 455 illi

602 501 744 542 nunc
772 485 886 542 dixi
921 503 932 540 :
961 487 1020 543 Si
1041 488 1175 542 enim
1199 487 1368 540 uolens
1395 484 1490 538 hoc
1516 484 1671 556 facio,
1700 482 1978 538 mercedem
2005 483 2202 546 habeo;

598 595 638 632 st
676 589 844 634 autent
871 579 1078 645 invitus,
1107 579 1418 651 dispensatio
1442 578 1566 632 mihi
1594 577 1781 631 tradita
1803 586 1872 631 est
1897 593 1916 631 :
1947 577 2075 631 illud
2102 575 2204 631 Vo-

599 675 708 725 lens
763 681 819 727 et
859 668 1057 726 Invitus
1105 670 1397 740 accipiens.
1430 683 1528 740 pro
1556 684 1622 724 eo
1658 669 1802 738 quod
1835 667 2202 723 concreditum

599 762 682 817 vel
720 780 826 819 non
853 763 1220 818 concreditum
1252 775 1356 817 est.
1389 762 1478 819 Sic
1509 763 1672 818 etiam
1709 762 1864 828 illud,
1908 760 2204 816 Necessitas

602 855 731 908 mihi
767 856 1033 918 incumbit,
1090 853 1496 926 intelligendum
1546 863 1648 918 est,
1683 869 1790 908 non
1829 852 1970 924 quod
2001 851 2202 922 aliquid

606 945 796 998 horum
829 944 1027 998 invitus
1057 942 1221 999 faciat
1241 987 1256 1011 ,
1287 944 1470 1011 absit;
1503 943 1598 998 sed
1633 954 1689 998 ut
1717 945 1809 1014 qui
1839 945 1908 998 sit
1937 942 2202 996 obnoxius

602 1036 666 1088 iis
699 1051 817 1106 qua:
858 1035 1006 1107 jussa
1049 1049 1212 1102 sunt,
1255 1045 1310 1090 et
1352 1035 1421 1090 ad
1471 1035 1870 1090 distinctionem
1922 1033 2188 1090 libertatis

600 1145 719 1198 qua:
751 1127 890 1182 dicta
922 1139 1006 1183 est
1031 1129 1081 1182 in
1111 1128 1450 1198 accipiendo.
1483 1127 1712 1197 Ideoque
1739 1125 2021 1196 discipulis
2050 1124 2200 1180 dice-

601 1220 690 1272 bat
714 1216 961 1274 Christus
994 1237 1006 1272 :
1044 1219 1170 1272 Cum
1202 1221 1374 1273 omnia
1401 1219 1644 1290 feceritis.
1676 1219 1848 1283 dicite,
1892 1215 2038 1272 Servi
2087 1216 2202 1269 iuu-

601 1314 712 1368 tiles
737 1333 947 1379 sumus;
973 1331 1086 1386 quae
1111 1316 1244 1369 enim
1269 1314 1531 1368 debuimus
1557 1317 1750 1384 facere,
1787 1313 1998 1386 fecimus
2043 1308 2197 1383 (Luc.

602 1407 691 1461 l7.
729 1407 840 1477 l0).
882 1408 1012 1475 Qua:
1054 1418 1132 1463 est
1169 1423 1298 1478 ergo
1329 1391 1541 1461 merces
1567 1405 1726 1461 mea?
1775 1402 1842 1460 Ut
1886 1403 2200 1474 evangelium

601 1500 889 1569 prtedicans
920 1499 1032 1553 sine
1059 1509 1268 1569 sumptu
1297 1514 1485 1568 ponam
1507 1497 1844 1568 evangelium.
1881 1495 2018 1563 Quid
2046 1509 2197 1565 ergo,

599 1605 786 1659 qnmso
822 1599 895 1656 te,
929 1588 1118 1644 Petrus
1151 1588 1460 1645 mercedem
1507 1605 1612 1644 non
1642 1586 1842 1644 habet?
1866 1587 2062 1657 etquis
2085 1603 2200 1640 nm-

601 1697 760 1750 quam
791 1691 990 1736 tantam
1023 1682 1290 1746 habuerit,
1321 1691 1576 1751 quantam
1602 1679 1732 1735 ille?
1753 1679 1880 1751 quid
1913 1693 2042 1732 vero
2071 1677 2202 1732 reli-

601 1772 690 1840 qui
715 1773 986 1842 apostoli?
1017 1774 1288 1844 quomudu
1315 1789 1445 1844 ergo
1472 1773 1606 1827 dixit
1637 1791 1649 1825 :
1686 1771 1748 1826 Si
1787 1771 1957 1825 volens
1995 1770 2199 1841 quidem

603 1865 698 1916 hoc
721 1881 840 1934 ago,
865 1865 1142 1918 mercedem
1174 1864 1371 1930 habeo;
1403 1865 1448 1918 si
1473 1864 1678 1928 invitus,
1719 1862 2030 1933 dispensatio
2077 1861 2200 1914 mihi

600 1957 794 2009 credita
828 1958 932 2011 est?
979 1955 1142 2013 Vides
1183 1957 1270 2012 hic
1311 1973 1526 2028 quoque
1580 1955 1963 2026 prudentiam?
2013 1953 2198 2024 Neque

601 2049 744 2102 enim
772 2048 926 2115 dixit,
963 2048 1020 2105 Si
1046 2059 1225 2104 autem
1257 2049 1480 2115 invitus,
1514 2063 1619 2103 non
1651 2047 1827 2103 habeo
1856 2047 2197 2113 mercedem;

603 2141 732 2208 sed,
784 2141 1113 2213 Dispensatio
1157 2144 1284 2198 mihi
1327 2143 1522 2198 credita
1559 2151 1673 2207 est;
1711 2141 2004 2197 ostendens
2033 2154 2093 2195 se
2121 2139 2198 2194 sic

601 2249 814 2303 quoque
846 2234 1152 2290 mercedem
1183 2234 1403 2298 habere,
1435 2233 1530 2289 sed
1560 2232 1740 2298 talem,
1765 2233 1978 2304 qualem
2009 2231 2076 2297 is,
2105 2233 2197 2301 qui

600 2326 742 2396 quod
758 2325 968 2395 jussum
999 2339 1114 2382 erat
1141 2339 1470 2398 exsequutus
1492 2336 1609 2394 est;
1639 2341 1747 2381 non
1772 2325 1985 2397 qualem
2015 2325 2080 2388 is.
2105 2325 2197 2396 qui

602 2433 670 2471 ex
712 2425 860 2472 metu
913 2433 1012 2474 suo
1057 2419 1310 2475 alacriter
1337 2431 1664 2490 praeceptum
1693 2421 1992 2489 superavit.
2041 2418 2199 2487 Qua:-

601 2525 723 2565 nam
753 2527 882 2582 ergo
913 2527 1120 2568 merces
1146 2513 1270 2567 est?
1319 2511 1388 2568 Ut
1420 2511 1734 2584 evangelium
1761 2511 2070 2582 prtedicans,
2117 2511 2199 2566 in-

565 2590 572 2600 ’
603 2602 752 2673 quit,
784 2604 894 2657 sine
927 2615 1135 2675 sumptu
1173 2621 1361 2675 ponam
1415 2599 1732 2675 evangelium
1754 2620 1773 2670 ;
1793 2612 1846 2658 ut
1886 2619 1988 2658 non
2016 2603 2198 2658 abutar

599 2705 846 2764 potestate
881 2713 997 2751 mea
1022 2698 1075 2752 in
1100 2697 1381 2768 evangelio.
1433 2695 1625 2752 Viden‘
1661 2696 1934 2770 quomodo
1983 2713 2198 2770 semper

599 2789 880 2855 potestatis
911 2791 1130 2844 nomine
1159 2799 1380 2849 utatur:
1413 2790 1706 2846 ostendens
1737 2790 1888 2857 illud,
1917 2791 2059 2862 quod
2088 2790 2199 2847 fre-

598 2889 831 2947 quenter
855 2878 1004 2945 dixi,
1054 2879 1198 2952 quod
1243 2897 1341 2936 nec
1371 2881 1445 2935 illi
1473 2881 1715 2950 quidem,
1765 2882 1856 2953 qui
1902 2884 2193 2953 accipiunt,

598 2969 744 3040 digni
783 2970 893 3024 sint
928 2971 1395 3040 reprehensione?
1439 2973 1659 3029 Addidit
1701 2984 1904 3040 autem,
1937 2962 2005 3029 In
2038 2992 2194 3030 evan-

599 3062 752 3130 gelio,
780 3061 940 3116 simul
967 3062 1275 3133 signiﬁcans
1294 3064 1653 3135 evangelLum,
1684 3073 1739 3118 et
1770 3065 2060 3136 prohibens
2081 3067 2198 3122 ubi-

600 3167 704 3223 que
729 3167 844 3207 rem
871 3151 1127 3209 educere.
1181 3156 1474 3210 Docentem
1499 3155 1642 3211 enim
1675 3166 1890 3226 oportet
1915 3158 2193 3229 accipere,

601 3259 707 3301 non
739 3253 918 3300 autem
948 3246 1202 3301 otiosum.
1236 3245 1325 3303 l9.
1347 3244 1486 3300 Nam
1511 3263 1628 3301 cum
1657 3247 1786 3302 liber
1811 3263 1972 3302 essem
1997 3265 2060 3304 ea:
2089 3265 2199 3304 om-

601 3337 767 3403 nibus,
801 3338 1026 3391 omnium
1057 3353 1136 3390 me
1156 3353 1352 3392 servum
1380 3338 1496 3408 feci,
1530 3347 1587 3390 ut
1613 3338 1784 3406 plures
1821 3338 2196 3410 lucrifacerem.

603 3427 700 3484 llic
743 3443 930 3483 rursus
957 3429 1118 3483 aliam
1161 3430 1313 3499 ponit
1352 3429 1708 3500 hyperbolen.
1764 3431 2013 3502 Magnum
2053 3434 2196 3488 enim

601 3529 684 3576 est
711 3535 816 3574 non
841 3519 1114 3590 accipere;
1144 3519 1246 3574 hoc
1271 3528 1450 3575 autem
1474 3521 1616 3591 quod
1633 3520 1880 3578 dicturus
1902 3533 2006 3590 est,
2041 3523 2199 3596 longe

601 3613 776 3683 majus
806 3612 900 3667 illo
926 3621 1028 3668 est.
1059 3610 1199 3678 Quid
1245 3620 1426 3666 autem
1472 3621 1557 3668 est
1596 3611 1649 3668 id
1701 3613 1843 3683 quod
1887 3614 2050 3670 dicit?
2078 3614 2196 3670 Non

602 3704 779 3760 solum
828 3718 936 3760 non
976 3702 1179 3774 accepi,
1221 3702 1411 3773 inquit,
1465 3718 1642 3775 neque
1688 3706 1865 3761 solum
1909 3722 2014 3763 non
2068 3720 2197 3762 usus

603 3811 722 3851 sum
768 3794 871 3852 hac
917 3803 1182 3867 potestate
1205 3836 1221 3862 ,
1266 3795 1360 3852 sed
1390 3797 1550 3852 etiam
1583 3811 1670 3852 me
1693 3797 1937 3852 servituti
1966 3798 2195 3870 subject,

605 3887 716 3942 imo
742 3887 904 3941 varia:
931 3897 986 3942 et
1012 3886 1189 3942 omnis
1212 3888 1428 3959 generis
1455 3889 1719 3944 servituti.
1752 3889 1936 3961 Neque
1961 3891 2109 3947 enim
2143 3893 2198 3947 in

602 3979 844 4047 pecuniis
870 3979 1082 4035 solum:
1126 3979 1222 4035 sed
1248 3979 1392 4050 quod
1420 3981 1664 4051 pecuniis
1690 3982 1852 4054 longe
1884 3984 2060 4054 majus
2089 3995 2196 4051 est,

604 4074 658 4128 iu
705 4072 890 4128 multis
931 4082 986 4128 et
1015 4072 1180 4128 variis
1220 4073 1450 4144 negotiis
1491 4071 1595 4128 hoc
1632 4073 1806 4143 ipsum
1852 4075 2110 4130 exhibui:
2145 4086 2200 4132 et

602 4165 850 4221 servituti
883 4180 970 4221 me
1007 4164 1237 4234 subieci,
1277 4181 1400 4221 cum
1445 4165 1496 4220 in
1543 4165 1692 4220 nulla
1719 4181 1780 4221 re
1805 4167 2079 4237 subjectus
2109 4171 2198 4223 es-

602 4270 739 4322 sem,
766 4271 866 4311 nec
885 4255 990 4310 ulla
1011 4257 1333 4312 necessitate
1353 4255 1581 4312 ducerer
1602 4273 1619 4324 ;
1642 4255 1745 4312 hoc
1769 4258 1912 4313 enim
1934 4267 2018 4314 est
2042 4258 2194 4324 illud,

603 4346 754 4402 Liber
781 4360 897 4402 cum
922 4363 1079 4402 essent
1113 4364 1176 4403 ea:
1207 4349 1440 4403 omnibus
1464 4365 1485 4412 ,'
1511 4364 1686 4420 neque
1727 4349 1818 4404 uni
1863 4358 2066 4406 talltum
2111 4367 2202 4408 me

604 4441 832 4512 subjeci,
865 4439 960 4496 sed
1006 4448 1120 4496 toto
1166 4441 1285 4496 orbi
1334 4451 1600 4496 terrarum
1649 4459 1663 4496 :
1710 4451 2040 4512 quapropter
2067 4443 2196 4500 sub-

599 4534 797 4602 junxit,
832 4531 1073 4587 Omnium
1113 4550 1192 4586 me
1227 4549 1426 4587 servum
1455 4533 1572 4602 feci.
1600 4532 1732 4588 Nam
1762 4534 2054 4603 przedicare
2077 4535 2198 4604 jus-

603 4640 696 4679 sus
742 4639 890 4679 eram
913 4665 926 4688 ,
973 4634 1028 4678 et
1053 4625 1373 4679 ann‘untiarc
1403 4640 1489 4690 ea,
1523 4638 1642 4692 quae
1684 4624 1814 4679 mihi
1847 4625 2050 4680 credita
2084 4626 2199 4683 l‘ue-

605 4729 766 4774 rant:
815 4717 1228 4774 innumerabilia
1256 4727 1434 4773 autem
1465 4717 1758 4773 machinari
1788 4727 1842 4774 et
1868 4720 2196 4790 excogitare,

604 4829 670 4869 cx
698 4830 819 4868 meo
847 4814 1026 4869 studio
1053 4810 1351 4884 profectum
1382 4820 1486 4867 est.
1536 4810 1671 4866 Nam
1721 4810 1990 4867 solvenda:
2030 4828 2199 4884 pecu-

605 4908 706 4962 niae
738 4915 948 4962 tantum
977 4905 1244 4962 obnoxius
1270 4920 1418 4962 eram
1455 4922 1467 4959 :
1504 4919 1605 4975 ego
1647 4919 1777 4959 vero
1812 4919 1909 4975 pro
1949 4905 2038 4960 illa
2081 4907 2198 4961 exi-

602 5001 774 5072 genda
804 5001 936 5055 nihil
968 5015 1073 5054 non
1106 4999 1352 5070 agebam,
1385 4997 1536 5068 plura
1570 5006 1806 5064 tentans,
1832 5013 1992 5069 quam
2017 4998 2199 5068 jussus

607 5109 779 5150 cram.
829 5093 964 5162 Quia
1004 5093 1149 5147 enim
1191 5107 1255 5146 ex
1303 5089 1552 5156 arbitrio,
1583 5089 1868 5145 alacritate
1893 5098 1948 5144 et
1975 5093 2199 5146 caritate

603 5199 729 5254 erga
779 5181 1051 5239 Christum
1096 5183 1276 5239 omnia
1324 5181 1556 5254 agebat,
1602 5175 1891 5236 insatiabili
1930 5180 2200 5238 desiderio

602 5279 828 5332 salutem
860 5278 1136 5332 hominum
1165 5277 1477 5348 exoptabat.

681 5368 877 5424 Paulus
896 5379 1084 5441 quanta
1113 5371 1289 5442 fecerit
1319 5386 1412 5440 pro
1438 5369 1659 5423 aliorum
1688 5370 1872 5425 salute.
1903 5398 1975 5409 —
2002 5365 2201 5436 Quam-

601 5465 788 5520 obrem
823 5480 889 5519 ex
923 5465 1124 5536 ingenti
1157 5465 1439 5520 alacritate
1483 5474 1634 5534 septa
1678 5462 2051 5527 transiliebat,
2107 5477 2202 5532 per

612 5556 792 5610 omnia
823 5555 996 5626 ipsum
1024 5571 1240 5627 quoque
1268 5556 1463 5610 caalum
1493 5555 1900 5610 transcenderis.
1958 5555 2034 5608 Ac
2077 5569 2199 5610 cum

600 5647 917 5702 servitutem
969 5647 1216 5716 dixisset,
1262 5648 1439 5702 varios
1480 5647 1621 5702 illius
1665 5647 1853 5702 modos
1880 5645 2075 5700 deinde
2116 5661 2199 5701 re-

608 5752 816 5797 censet.
847 5742 1073 5809 Quinam
1103 5743 1178 5797 illi
1206 5743 1372 5797 sunt?
1397 5740 1489 5800 20.
1519 5739 1588 5796 Et
1616 5741 1780 5811 factus
1809 5756 1923 5794 sum
1942 5781 1955 5807 ,
1989 5739 2196 5810 inquit,

602 5832 818 5900 Judais,
870 5842 1128 5904 tamquam
1167 5834 1408 5905 Judcus,
1466 5844 1522 5890 ut
1573 5832 1788 5889 Judteos
1831 5832 2076 5888 lucrarer.
2133 5831 2200 5886 Et

2312 485 2583 554 quomodo
2623 488 2726 544 hoc
2756 490 2953 547 factum
2983 495 3106 549 est?
3150 495 3377 565 Quando
3428 501 3768 576 circumcidit,
3813 530 3851 570 ul

2311 588 2578 634 everteret
2614 581 3103 641 circumcisionem.
3148 587 3275 644 Ideo
3309 607 3414 646 non
3442 591 3610 660 dixit,
3638 597 3850 668 Judaeus;

2310 667 2426 760 sed,
2454 666 2740 741 Tamquam
2780 673 3018 744 Judwus,
3051 679 3193 748 quod
3225 692 3344 736 erat
3383 682 3719 754 dispensatio.
3747 666 3852 760 Quid

2309 757 2488 815 dicis?
2537 778 2715 832 praeco
2759 767 2938 833 orbis,
2968 771 3056 840 qui
3085 773 3249 826 etelus
3280 774 3429 844 ipsos
3459 779 3646 848 tetigit,
3675 791 3722 838 et
3747 757 3850 840 adeo

2312 852 2364 906 in
2390 855 2557 924 gratia
2580 855 2748 924 fulsit,
2779 859 2824 914 is
2852 872 3073 930 repente
3115 873 3322 920 tantum
3352 867 3662 924 descendit?
3685 873 3848 941 Etiam;

2311 943 2414 999 hoc
2458 948 2600 1001 enim
2633 958 2713 1003 est
2739 951 3056 1008 ascendere.
3086 953 3274 1026 Neque
3311 959 3456 1013 enim
3486 959 3584 1015 hoc
3607 963 3761 1018 solum
3788 982 3847 1020 re-

2309 1036 2527 1105 spicias,
2576 1041 2718 1108 quod
2745 1042 3059 1111 descendat,
3102 1046 3194 1100 sed
3227 1049 3372 1117 quod
3412 1049 3569 1104 etiam
3599 1067 3741 1120 eum,
3782 1058 3843 1124 qui

2310 1127 2518 1184 inferne
2563 1131 2729 1200 jacet,
2775 1134 2948 1205 erigat
2986 1147 3043 1191 et
3083 1139 3149 1191 ad
3181 1153 3240 1194 se
3270 1139 3523 1196 adducat.
3562 1142 3646 1198 2|.
3691 1143 3758 1199 lis
3787 1151 3845 1216 qui

2307 1219 2399 1270 sub
2443 1219 2548 1289 lege
2591 1232 2735 1289 sunt,
2773 1226 2919 1292 quasi
2947 1227 3038 1279 sub
3081 1227 3189 1297 lege
3225 1245 3385 1282 essent
3409 1273 3426 1296 ,
3467 1248 3578 1284 cum
3615 1250 3704 1287 non
3729 1253 3845 1290 essem

2308 1311 2400 1362 sub
2433 1311 2560 1381 lege,
2600 1323 2652 1365 ut
2682 1330 2765 1368 eos
2788 1316 2874 1384 qui
2895 1317 2984 1370 sub
3007 1319 3114 1389 lege
3138 1328 3257 1372 sunt
3284 1320 3646 1392 lucri/acerem.

2379 1402 2433 1456 '5.
2475 1405 2581 1457 Aut
2624 1415 2706 1459 est
2752 1407 3041 1476 explicatio
3078 1410 3273 1478 prioris
3311 1413 3465 1480 dicti,
3501 1426 3590 1468 aut
3627 1417 3843 1486 quidpiam

2308 1492 2612 1548 subindicat
2635 1506 2828 1565 praeter
2859 1499 2986 1553 illud
3014 1501 3162 1570 prius
3198 1519 3210 1554 :
3239 1501 3458 1558 Juda'os
3487 1505 3688 1575 quidem
3706 1507 3843 1562 dicens

2307 1598 2425 1650 eos,
2458 1587 2548 1655 qui
2572 1587 2682 1655 jam
2711 1589 2839 1644 olim
2868 1589 2936 1643 ab
2967 1590 3118 1645 initio
3151 1593 3284 1647 tales
3310 1607 3499 1659 erant;
3536 1598 3630 1650 sub
3657 1597 3758 1668 lege
3777 1615 3844 1652 au-

2309 1684 2452 1744 tem,
2505 1679 2842 1751 proselytos,
2889 1691 2981 1736 aut
3009 1697 3104 1737 eos
3131 1685 3222 1753 qui
3254 1685 3445 1740 ﬁdeles
3471 1697 3618 1742 erant
3643 1701 3686 1743 et
3714 1689 3844 1746 adhuc

2308 1767 2409 1837 legi
2442 1768 2737 1836 haerebant.
2759 1769 2874 1826 Non
2901 1773 3043 1827 enim
3077 1775 3212 1828 ultra
3238 1788 3398 1831 erant
3422 1791 3678 1849 tamquam
3697 1780 3842 1847 ludai,

2306 1861 2400 1914 sed
2452 1861 2553 1914 sub
2599 1863 2737 1934 lege.
2784 1863 2850 1918 Et
2877 1866 3094 1936 quando
3122 1868 3292 1922 factus
3318 1879 3403 1923 est
3431 1871 3530 1924 sub
3567 1870 3709 1941 lege?
3743 1872 3842 1926 Cum

2310 1959 2498 2007 tonsus
2529 1952 2664 2016 fuit,
2711 1969 2833 2010 cum
2865 1957 3196 2012 sacrificavit
3249 1958 3379 2014 llaec
3411 1976 3566 2029 porro
3592 1960 3713 2016 facta
3733 1973 3840 2026 sunt,

2307 2059 2413 2097 non
2441 2044 2583 2115 quod
2611 2047 2934 2103 sententiam
2961 2059 3257 2117 mutasset;
3307 2050 3493 2107 luisset
3533 2055 3664 2108 enim
3703 2068 3752 2107 ea
3779 2069 3840 2107 res

2306 2134 2488 2202 mala;
2544 2136 2639 2192 sed
2681 2138 2906 2194 caritate
2947 2155 3068 2195 sese
3109 2150 3524 2212 attemperante.
3567 2143 3685 2198 Nam
3709 2154 3754 2196 ut
3773 2158 3840 2198 eos

2304 2227 2394 2297 qui
2429 2243 2553 2283 vere
2579 2238 2734 2284 erant
2764 2229 2830 2285 ad
2863 2230 2979 2287 haec
3011 2232 3356 2303 traduceret,
3399 2234 3567 2290 lactus
3594 2245 3670 2290 est
3693 2244 3738 2290 et
3759 2236 3838 2304 ipse

2307 2317 2558 2391 (Judaeus
2586 2319 2642 2390 ),
2690 2336 2794 2376 non
2827 2338 2952 2378 vere
2975 2365 2990 2387 ,
3023 2325 3118 2379 sed
3150 2333 3360 2382 tantum
3394 2327 3444 2382 id
3473 2342 3576 2396 pra:
3599 2342 3654 2382 se
3678 2327 3833 2387 ferens,

2305 2425 2427 2464 cum
2475 2421 2653 2466 tamen
2700 2413 2820 2468 talis
2861 2429 2968 2469 non
3000 2424 3180 2482 esset,
3215 2433 3318 2474 nec
3347 2433 3416 2474 ex
3443 2419 3616 2474 animo
3643 2417 3835 2474 bocvcre

2306 2502 2528 2559 faceret.
2559 2505 2844 2573 Quomodo
2881 2507 3026 2563 enim
3070 2509 3290 2566 iecisset
3312 2553 3328 2578 ,
3353 2511 3446 2582 qui
3473 2511 3604 2566 alios
3628 2521 3833 2565 transmu-

2307 2606 2422 2651 tare
2462 2597 2718 2664 curabat;
2765 2609 2820 2655 et
2858 2599 2983 2655 ideo
3008 2599 3111 2656 hoc
3136 2599 3373 2658 faciebat
3396 2644 3412 2671 ,
3446 2612 3504 2658 ut
3530 2603 3654 2657 alios
3679 2601 3760 2656 hoc
3777 2602 3830 2653 fs-

2306 2688 2511 2744 cientes
2562 2690 2817 2747 liberaret
2864 2692 2933 2746 ab
2984 2691 3290 2751 humilitate
3336 2692 3744 2765 hujusmodiHis
3771 2694 3831 2764 qui

2304 2782 2413 2834 sine
2433 2781 2541 2854 lege
2569 2793 2734 2851 erant,
2758 2794 3016 2855 tamquam
3041 2787 3150 2840 sine
3175 2786 3288 2859 lege
3316 2803 3493 2842 essem.
3529 2787 3590 2841 Hi
3610 2799 3750 2856 neque
3768 2784 3831 2838 lu-

2306 2872 2410 2929 daai
2442 2885 2598 2928 erant
2629 2889 2804 2946 neque
2829 2873 3126 2932 Christiani
3161 2894 3335 2950 neque
3363 2878 3566 2944 Graeci;
3609 2875 3689 2932 sed
3721 2885 3830 2930 extra

2307 2967 2479 3037 legem
2509 2978 2685 3036 erant,
2721 2979 2777 3024 ut
2799 2980 2916 3025 erat
2947 2969 3255 3039 Cornelius,
3288 2982 3344 3028 et
3365 2973 3410 3028 si
3441 2973 3528 3044 qui
3552 2971 3632 3025 alii
3662 2969 3827 3024 similes.

2305 3059 2386 3113 Ad
2418 3059 2538 3114 illos
2562 3061 2706 3115 enim
2737 3060 3068 3132 ingrediens,
3110 3064 3283 3118 multa
3310 3065 3378 3119 ad
3410 3065 3551 3135 ipsos
3578 3059 3828 3134 pertinentia

2307 3152 2615 3206 simulabat.
2660 3154 2887 3220 Quidam
2919 3170 3049 3209 vero
3084 3155 3315 3221 dicunt,
3365 3155 3516 3211 illum
3561 3152 3828 3210 sabindicare

2305 3243 2746 3315 disputationem,
2797 3262 2957 3316 quam
3005 3248 3268 3303 habuerat
3317 3263 3440 3303 cum
3487 3241 3824 3302 Atheniensibus

2305 3337 2448 3391 circa
2494 3337 2898 3409 inscriptionem
2949 3338 3002 3392 in
3036 3355 3125 3393 ara
3159 3340 3392 3410 positam
3417 3381 3432 3404 ,
3465 3348 3510 3394 et
3555 3336 3663 3392 ideo
3683 3335 3817 3389 dicere,

2307 3425 2383 3481 Iis
2406 3429 2491 3498 qui
2511 3428 2618 3482 sine
2643 3431 2751 3500 lege
2771 3439 2908 3495 sunt,
2939 3440 3193 3501 tamquam
3213 3431 3325 3485 sine
3351 3431 3458 3502 lege
3480 3445 3644 3483 essent.
3669 3423 3810 3480 Deinde.

2306 3534 2375 3574 ne
2406 3518 2524 3588 quis
2564 3528 2776 3589 putaret
2817 3535 2931 3574 rem
2970 3520 3118 3574 illam
3161 3537 3288 3576 esse
3328 3522 3602 3577 sententiae
3635 3513 3817 3572 mutatio-

2306 3628 2450 3676 nem,
2476 3611 2680 3667 addidit
2707 3631 2720 3667 :
2751 3612 2876 3666 Cum
2894 3613 3002 3666 sine
3028 3613 3136 3683 lege
3165 3611 3261 3667 Dei
3291 3631 3394 3668 non
3423 3603 3825 3674 essem,setlinltge

2307 3722 2465 3761 essem
2503 3705 2711 3761 Christi.
2763 3703 2818 3760 Id
2863 3714 2980 3771 cst,
3010 3701 3142 3760 Cum
3175 3723 3286 3762 non
3318 3705 3477 3762 modo
3505 3720 3604 3760 non
3635 3703 3730 3756 sine
3749 3696 3828 3762 193°

2306 3813 2516 3864 essem,
2544 3797 2638 3853 sed
2665 3798 2826 3853 etiam
2856 3813 2962 3852 non
2998 3797 3175 3853 solum
3201 3801 3308 3854 sub
3339 3799 3457 3869 lege
3483 3810 3678 3857 essem,
3700 3787 3772 3844 sed
3793 3793 3830 3836 et

2308 3889 2479 3960 legem
2503 3887 2759 3944 haberem
2788 3889 2956 3944 veteri
2986 3888 3142 3960 longe
3169 3890 3561 3951 sublimiorem,
3585 3886 3630 3940 id
3653 3892 3734 3941 est.
3753 3875 3831 3944 59'?

2307 3984 2442 4038 ritus
2477 3992 2532 4038 et
2558 3982 2790 4053 gratiae:
2823 3982 3050 4053 ideoque
3093 3982 3407 4056 subjungit,
3455 3978 3648 4038 Christi.
3687 3973 3829 4028 Pustca

2309 4091 2430 4130 cum
2461 4074 2512 4131 id
2559 4073 2850 4142 cll‘ecisset,
2893 4084 2951 4129 ut
2995 4072 3066 4129 de
3111 4090 3205 4129 sua
3257 4074 3520 4130 sententia
3549 4063 3828 4157 conﬁderet-th

2308 4168 2518 4223 lucrum
2550 4166 2748 4222 deinde
2779 4167 2900 4221 talis
2929 4182 3042 4222 sua:
3069 4165 3532 4238 attemperationis
3571 4159 3720 4249 ponit.

2307 4274 2437 4315 cens
2467 4281 2481 4316 :
2518 4257 2586 4316 Ut
2614 4259 2964 4332 lucrifacere»:
2991 4277 3097 4322 eos,
3129 4260 3216 4330 qui
3245 4262 3355 4316 sine
3381 4260 3488 4330 lege
3509 4261 3646 4312 erant.
3669 4246 3722 4301 Et
3740 4239 3830 4342 ubi:

2307 4369 2411 4425 que
2438 4368 2658 4410 causam
2698 4353 2856 4408 atl'ert
2883 4354 3354 4425 attemperatiunis
3399 4352 3555 4406 illius.
3593 4343 3735 4409 Neque
3772 4333 3828 4434 ibi

2307 4444 2535 4517 Bradllm
2573 4445 2737 4514 sistit,
2784 4445 2902 4512 sed,
2932 4445 3022 4500 22.
3055 4444 3120 4500 Et
3145 4447 3384 4513 inﬁrmus
3414 4445 3572 4515 factus
3599 4448 3690 4489 sum
3713 4435 3832 4479 utm-

2308 4540 2484 4609 firmos
2509 4539 2859 4609 lucrifacerem
2884 4553 2905 4592 :
2931 4537 3033 4594 hoc
3063 4538 3283 4594 demum
3315 4537 3495 4591 dicens
3521 4528 3579 4584 ad
3609 4524 3710 4579 illos
3738 4527 3828 4608 Per:

2311 4631 2508 4696 tinens,
2562 4641 2783 4700 propter
2826 4629 2970 4701 quod
3023 4631 3137 4684 haec
3181 4628 3364 4684 omnia
3391 4625 3526 4681 dicta
3548 4624 3677 4710 sunt.
3714 4609 3828 4710 atqu}

2310 4725 2398 4779 illa
2443 4733 2600 4779 erant
2643 4724 2802 4795 longe
2846 4723 3073 4793 majora,
3122 4723 3223 4776 hoc
3268 4735 3398 4778 vero
3439 4707 3820 4771 conveniendus:

2308 4817 2659 4888 quamobrem
2699 4827 3030 4887 postremum
3062 4815 3192 4870 illud
3226 4816 3394 4884 ponit.
3424 4808 3642 4876 ldipsum
3668 4795 3828 4888 quell?

2310 4878 2449 4979 apud
2494 4878 2770 4963 Romanos
2814 4907 2960 4972 fecit,
2988 4905 3208 4976 quando
3226 4878 3312 4961 tde
3337 4901 3470 4958 cibis
3499 4878 3832 4983 accumbunt-3‘

2311 4976 2364 5054 in
2386 4999 2565 5054 multis
2590 4999 2712 5052 aliis
2737 4998 2891 5053 locis.
2922 4996 3144 5062 Deinde,
3176 5011 3243 5051 ne
3269 4991 3473 5064 singula
3497 4994 3547 5041 et
3568 4976 3724 5035 omnia
3741 4976 3832 5037 pe"

2308 5105 2540 5161 sequens
2580 5089 2777 5144 diutius
2819 5096 3083 5151 moretur,
3110 5088 3184 5141 ait
3213 5106 3226 5141 :
3265 5063 3508 5139 Omnibus
3531 5063 3832 5161 ωηηξα-Ῐαίξθβ

2308 5153 2443 5248 sum,
2471 5192 2529 5237 ut
2548 5181 2752 5235 omnino
2772 5180 3018 5252 quosdam
3037 5180 3205 5234 salvos
3231 5183 3468 5250 facerem.
3491 5158 3662 5252 Viden:
3685 5153 3830 5252 hiller:

2308 5275 2469 5330 bolen
2496 5275 2519 5328 Ρ
2543 5272 2805 5329 Omnibus
2832 5274 3012 5327 omnia
3044 5271 3213 5326 factus
3243 5284 3381 5327 sum,
3413 5276 3512 5318 non
3534 5244 3831 5371 quod

2309 5365 2485 5420 salvos
2517 5364 2693 5419 facere
2719 5379 3016 5434 sperarem,
3063 5363 3156 5418 sed
3211 5371 3269 5415 ut
3318 5357 3498 5414 saltem
3543 5340 3831 5436 Paucos}?-

2311 5474 2406 5514 vos
2456 5459 2667 5513 faciam.
2701 5432 2767 5512 Ei
2803 5457 2904 5512 hoc
2933 5442 3146 5527 quidem
3188 5453 3460 5514 studium,
3503 5432 3829 5527 ministerium:

2310 5566 2414 5622 que
2459 5551 2564 5606 tale
2599 5551 2775 5616 subii,
2828 5518 3091 5622 quantum
3136 5565 3232 5619 par
3270 5553 3384 5601 erat
3409 5552 3546 5599 eum.
3576 5527 3654 5600 (illi
3679 5518 3828 5622 “mitis

2311 5643 2488 5697 salvos
2514 5641 2733 5710 faceret,
2761 5657 2867 5695 non
2895 5652 3076 5695 tamen
3103 5653 3325 5710 sperans
3355 5648 3438 5689 me
3465 5633 3637 5681 omnes

2313 5744 2490 5790 turum
2515 5749 2638 5790 esse
2671 5753 2684 5788 :
2723 5735 2867 5804 quod
2897 5749 3028 5790 vere
3055 5747 3304 5805 magnum
3347 5733 3484 5786 erat,
3526 5698 3827 5805 terreni”???

2311 5787 2498 5884 animi.
2524 5787 2673 5884 1t...
2715 5787 2823 5898 εῖιῖί
2842 5787 3174 5897 autem:
3197 5825 3388 5896 ubique
3430 5800 3718 5874 seminabal.
3747 5787 3824 5838 ιιοο
