3992 6408
252 281 350 338 185

245 487 508 555 praestitit.
560 489 780 545 Etcum
831 501 1162 546 servatorum
1208 495 1527 561 paucitatem
1579 497 1822 564 dixisset,

241 587 450 632 rursum
480 579 569 634 illa
591 579 771 635 addita
802 597 953 648 voce,
1003 583 1246 652 Omnino,
1278 589 1584 643 consolatus
1615 599 1698 644 est
1730 607 1822 646 eos

240 669 324 738 qui
355 667 425 723 de
451 669 516 724 iis
542 670 808 726 dolerent.
839 673 968 727 Nam
998 677 1096 729 etsi
1129 676 1242 732 fieri
1270 692 1376 731 non
1410 690 1604 748 potest,
1637 690 1693 735 ut
1737 693 1820 736 to-

239 769 342 814 tum
385 776 573 818 semen
614 764 822 818 salvum
861 768 964 834 sit;
1028 779 1263 824 attamen
1318 780 1377 848 ut
1425 782 1591 828 totum
1640 787 1822 844 pereat

239 852 345 907 ﬁeri
379 856 587 925 nequit.
622 855 745 912 Ideo
774 858 935 923 dixit,
972 858 1192 914 Omnino
1222 864 1384 931 :quia
1417 880 1639 920 necesse
1671 882 1821 934 pror-

241 960 318 1001 sus
343 955 447 1012 est,
480 955 538 1001 ut
570 948 658 1018 qui
687 959 793 1003 tam
825 949 1093 1006 ferventer
1120 967 1234 1008 rem
1261 963 1406 1008 curat
1431 996 1446 1022 ,
1471 957 1630 1012 etiam
1663 974 1810 1011 asse-

240 1046 439 1104 quatur.
466 1037 556 1094 25.
595 1037 780 1093 Omnia
801 1051 965 1095 autem
988 1044 1128 1111 facio
1152 1056 1359 1113 propter
1383 1049 1722 1118 evangelium,
1753 1059 1809 1102 ut

239 1129 485 1197 particeps
505 1130 616 1198 eius
637 1132 840 1201 efﬁciar.
877 1132 934 1187 ld
973 1144 1076 1198 est,
1105 1144 1161 1189 ut
1189 1136 1373 1191 videar
1402 1149 1454 1193 ct
1479 1139 1592 1208 ipse
1618 1141 1817 1210 aliquid

239 1230 300 1270 ex
323 1232 407 1272 me
426 1219 688 1285 attulisse,
717 1231 771 1276 et
793 1224 1059 1294 particeps
1083 1227 1180 1280 sim
1205 1242 1524 1283 coronarmn
1544 1247 1662 1302 qum
1691 1233 1819 1288 title-

240 1307 372 1362 libus
423 1311 676 1379 repositae
720 1323 864 1367 sunt.
912 1315 1375 1382 Quemadmodum
1404 1321 1550 1376 enim
1581 1323 1814 1390 diccbat,

239 1397 318 1454 Ex
356 1403 612 1473 evangelio
657 1404 839 1472 vivere,
894 1406 946 1460 id
991 1417 1094 1474 est,
1140 1424 1205 1465 ex
1233 1411 1579 1470 credentibus
1614 1436 1626 1470 :
1660 1415 1736 1470 sic
1763 1424 1818 1471 et

241 1495 334 1548 hoc
358 1494 496 1562 loco,
523 1495 792 1567 Particeps
819 1499 1006 1570 e/jiciar
1032 1504 1314 1574 evangelii,
1344 1514 1402 1560 ut
1431 1508 1629 1576 possim
1664 1523 1814 1562 com-

236 1588 500 1642 municare
545 1603 668 1643 cum
719 1591 818 1656 iis,
863 1591 954 1662 qui
986 1593 1038 1647 in
1079 1596 1419 1666 evangelium
1447 1599 1810 1655 crediderunt.

237 1677 414 1733 Viden‘
445 1680 826 1750 humilitatem,
877 1685 1152 1754 quomodo
1183 1686 1238 1741 in
1278 1690 1541 1745 mercedis
1581 1693 1813 1746 retribu-

236 1769 373 1825 tione
398 1786 557 1825 unum
586 1771 727 1828 inter
754 1775 951 1830 multos
979 1792 1101 1833 sese
1131 1789 1325 1848 ponat,
1359 1797 1480 1836 cum
1511 1785 1629 1853 plus
1655 1803 1811 1855 quam

234 1875 415 1915 omnes
450 1861 812 1920 laboraverit?
866 1866 1020 1924 Unde
1061 1871 1236 1938 palam
1272 1883 1388 1940 est,
1422 1875 1562 1932 illius
1595 1881 1812 1946 praemia

236 1952 426 2021 majora
454 1950 590 2009 fore.
623 1957 872 2012 Altamen
900 1975 1006 2013 non
1037 1975 1095 2014 se
1124 1961 1343 2032 dignum
1372 1977 1557 2020 censet
1583 1970 1671 2038 qui
1700 1971 1810 2038 pri-

233 2062 342 2102 mas
368 2057 565 2116 teneat,
598 2051 694 2106 sed
720 2063 937 2124 exoptat
966 2064 1023 2109 ut
1051 2071 1171 2110 cum
1200 2058 1318 2113 aliis
1343 2061 1610 2132 particeps
1629 2064 1698 2117 sit
1723 2080 1812 2119 Cn-

235 2157 472 2197 ronarum
499 2158 619 2214 quae
649 2147 898 2214 reposita:
922 2158 1066 2203 sunt.
1101 2149 1229 2205 llaec
1254 2166 1417 2221 porro
1444 2153 1673 2221 dicebat,
1701 2171 1808 2212 non

230 2236 364 2301 quod
407 2251 503 2304 pro
548 2237 797 2292 mercede
842 2239 1017 2310 aliqua
1063 2241 1165 2297 hoc
1204 2243 1438 2311 faceret,
1476 2245 1573 2302 scd
1601 2257 1660 2302 ut
1686 2247 1812 2305 illos

231 2322 347 2377 hinc
373 2340 580 2394 quoque
603 2327 899 2383 attraheret
920 2371 935 2397 ,
984 2338 1039 2385 et
1069 2347 1164 2400 per
1189 2347 1339 2403 spem
1370 2335 1673 2405 hujusmodi
1702 2340 1810 2393 illis

229 2415 586 2480 persuaderet,
620 2426 676 2470 ut
720 2419 897 2472 omnia
929 2435 1025 2489 pro
1053 2420 1310 2478 fratribus
1343 2426 1600 2481 facerent.
1651 2429 1802 2484 Vidi-

226 2504 342 2557 stin'
371 2505 751 2574 prudentiam?
781 2509 1325 2584 vidistiu’diligentize
1358 2520 1800 2588 magnitudinem,

223 2597 489 2664 quomodo
539 2598 657 2668 plus
698 2616 856 2670 quam
898 2615 1223 2675 praeceptum
1252 2608 1428 2664 fuerat
1459 2611 1640 2668 fecerit
1674 2615 1805 2670 nihil

217 2690 508 2760 accipiens,
541 2707 664 2746 cum
709 2695 952 2764 accipere
1000 2697 1225 2754 liceret?
1269 2701 1504 2757 vidistin’
1537 2721 1802 2762 summam

212 2786 740 2854 attemperationem,
768 2790 1042 2858 quomodo
1071 2793 1164 2863 qui
1196 2793 1248 2848 in
1282 2794 1398 2866 lege
1423 2796 1619 2853 Christi
1651 2812 1766 2856 erat
1786 2845 1801 2869 ,

208 2887 257 2930 et
283 2892 599 2948 supremam
628 2882 876 2936 servabat
904 2882 1100 2953 legem,
1135 2886 1199 2940 iis
1219 2890 1308 2958 qui
1335 2890 1453 2944 sine
1479 2892 1596 2962 lege
1626 2906 1800 2962 erant,

204 2981 484 3038 tamquam
515 2970 634 3026 sine
662 2972 780 3042 lege
805 2983 982 3041 esset;
1031 2976 1230 3035 Iudaeis
1266 2989 1534 3051 tamquam
1562 2985 1799 3054 Jttdzt‘us,

203 3065 260 3114 in
308 3062 558 3130 utrisque
600 3079 840 3120 summus
885 3082 1150 3136 apparens
1193 3080 1246 3125 et
1291 3088 1481 3130 omnes
1541 3077 1802 3133 vines-ns?

216 3152 339 3206 “oc
358 3162 408 3206 et
438 3163 491 3206 tu
517 3153 710 3220 facito,
750 3165 803 3211 et
831 3173 897 3212 ne
928 3171 1084 3228 putes
1113 3171 1163 3216 te
1190 3163 1382 3220 cadere
1410 3182 1529 3221 cum
1561 3184 1802 3225 summus

218 3242 327 3304 sis,
352 3245 395 3298 si
424 3243 556 3313 quid
596 3255 820 3316 propter
851 3248 1067 3306 fratrem
1102 3253 1304 3310 humile
1330 3266 1381 3311 et
1410 3258 1678 3327 abjectnm
1709 3279 1800 3332 pa-

211 3336 396 3390 tiaris:
435 3351 540 3390 non
571 3347 652 3390 est
681 3339 826 3392 enim
860 3340 989 3395 illud
1026 3343 1256 3413 cadere,
1307 3349 1400 3404 sed
1445 3351 1798 3410 descendere.

199 3428 302 3495 Qui
330 3427 531 3482 cecidit
559 3429 722 3493 enim,
746 3431 889 3500 jacet
913 3443 968 3488 et
997 3435 1081 3490 vix
1113 3440 1342 3506 resurgit
1373 3458 1387 3494 :
1418 3445 1505 3513 qui
1544 3460 1676 3501 vero
1702 3449 1796 3504 deo

107 3529 116 3548 ‘
196 3521 437 3584 scendit,
490 3520 766 3589 ascendet,
798 3535 848 3577 et
880 3540 1000 3578 cum
1028 3529 1194 3583 multo
1223 3531 1369 3588 lucro
1403 3551 1416 3587 :
1448 3539 1800 3605 quemadmo-

193 3609 327 3666 dum
367 3611 538 3665 etiam
580 3611 775 3669 Paulus
802 3614 1080 3674 descendit
1109 3622 1257 3677 solus
1281 3625 1518 3696 quidem,
1552 3631 1646 3686 sed
1675 3649 1798 3688 cum

195 3702 331 3757 urbe
353 3701 607 3757 ascendit
634 3722 648 3759 :
673 3720 778 3760 non
803 3708 1099 3776 simulans;
1131 3729 1304 3783 neque
1333 3719 1475 3772 enim
1504 3735 1689 3776 eorum
1708 3727 1798 3795 qui

193 3794 403 3848 servati
437 3804 566 3847 sunt
589 3794 794 3850 lucrum
822 3802 1175 3868 quaesivisset,
1203 3806 1248 3859 si
1271 3809 1589 3867 simulasset.
1624 3794 1800 3886 llypo-

193 3885 333 3940 crita
373 3884 523 3938 enim
557 3886 774 3941 exitium
819 3890 1041 3958 quaerit,
1075 3904 1129 3948 et
1166 3896 1383 3952 simulat
1423 3911 1482 3954 ut
1526 3884 1791 3973 accipiat,

195 3991 306 4030 non
336 3986 392 4030 ut
424 3975 519 4030 det
553 3993 566 4030 :
595 3976 682 4032 hic
708 3993 835 4034 vero
859 3998 963 4036 non
993 3986 1091 4050 sic,
1120 3986 1214 4041 sed
1240 3997 1296 4042 ut
1325 3992 1582 4058 medicus,
1615 4005 1673 4050 ut
1701 3998 1798 4052 do-

196 4081 337 4134 ctor,
373 4079 432 4123 ut
464 4079 634 4138 pater,
660 4072 750 4126 ille
770 4073 985 4142 quidem
1017 4089 1240 4147 a'groto,
1277 4083 1362 4137 hic
1390 4085 1675 4157 discipulo,
1709 4093 1795 4148 hic

199 4163 308 4216 tilio
350 4176 478 4216 sese
518 4171 870 4234 attemperat,
925 4179 983 4223 ut
1028 4174 1296 4243 corrigat,
1333 4192 1439 4233 non
1468 4190 1526 4235 ut
1554 4197 1742 4240 noceat
1778 4207 1790 4242 :

195 4255 264 4309 ita
288 4256 462 4309 etiam
491 4255 596 4310 hic.

263 4347 321 4400 4.
355 4345 480 4400 Non
530 4349 672 4418 quod
716 4365 800 4417 ea,
831 4369 949 4424 qua:
998 4355 1138 4413 dicta
1184 4373 1328 4428 sunt,
1362 4365 1634 4424 simulatio
1685 4389 1788 4429 non

192 4448 399 4503 essent,
424 4454 549 4492 cum
573 4440 705 4495 nihil
737 4441 1039 4513 bujusmodi
1074 4451 1153 4504 vel
1179 4453 1360 4510 dicere
1388 4458 1467 4512 vel
1501 4460 1674 4518 facere
1701 4481 1790 4519 co-

189 4541 437 4602 geretur,
470 4533 564 4588 sed
593 4535 735 4604 quod
763 4536 1008 4594 affectum
1041 4556 1196 4598 suum
1226 4547 1581 4622 ﬁduciamque
1609 4568 1791 4612 osten-

189 4627 316 4680 dere
337 4625 530 4691 vellet,
560 4627 686 4681 audi
730 4629 902 4698 ipsum
930 4632 1197 4691 dicentem
1226 4653 1241 4692 :
1274 4637 1453 4711 Neque
1491 4647 1590 4700 vita
1630 4665 1787 4720 neque

187 4733 342 4781 more,
371 4733 538 4786 neque
563 4721 731 4789 angeli
757 4737 916 4790 neque
940 4726 1256 4797 principatus
1294 4747 1452 4799 neque
1493 4747 1782 4810 potestates,

188 4825 349 4877 neque
367 4811 620 4863 instantia
642 4828 799 4882 neque
818 4814 1012 4883 futura,
1048 4834 1205 4889 neque
1229 4823 1444 4879 altitudo
1483 4845 1638 4901 neque
1661 4851 1785 4902 pro-

195 4901 431 4965 fundum,
454 4916 614 4968 neque
634 4903 804 4972 aliqua
824 4906 928 4959 alia
949 4919 1202 4976 creatura,
1227 4917 1410 4984 poterit
1434 4935 1525 4974 nos
1547 4901 1783 4992 separare

196 5006 227 5040 a
251 4993 457 5046 caritate
489 4992 611 5061 Dei,
641 5012 753 5063 qua:
783 5009 856 5052 est
889 5000 942 5053 in
966 5001 1165 5074 Christo
1199 5004 1326 5060 Jesu
1369 5009 1586 5069 Domino
1605 5029 1780 5074 nostra

198 5080 366 5146 (Rom.
397 5085 451 5138 8.
478 5085 572 5141 38.
595 5086 709 5158 39).
746 5087 994 5146 Vidistin‘
1020 5097 1299 5152 caritatem
1344 5101 1465 5170 igne
1509 5105 1792 5177 ardentioy

193 5175 348 5227 rem?
390 5176 462 5230 ita
497 5187 552 5234 et
581 5195 681 5235 nos
711 5195 924 5254 quoque
950 5185 1219 5244 Christum
1262 5192 1585 5264 diligamus;
1619 5201 1779 5260 facile

189 5280 422 5335 namque
437 5281 539 5337 est,
560 5271 606 5326 si
635 5273 882 5330 velimus.
904 5276 1086 5347 Neque
1113 5284 1257 5337 enim
1284 5285 1379 5341 ille
1401 5288 1520 5343 ralis
1537 5277 1653 5346 erat
1683 5311 1776 5348 na-

186 5368 342 5412 tura:
367 5358 600 5431 ideoque
631 5364 807 5432 priora
834 5366 976 5424 illius
1002 5369 1090 5426 his
1115 5378 1379 5432 contraria
1429 5379 1594 5436 fuisse
1643 5388 1770 5442 scri-

185 5459 329 5516 ptum
360 5460 446 5504 est
470 5493 486 5518 ,
520 5461 580 5507 ut
608 5454 876 5512 discamus
898 5475 1032 5529 opus
1060 5463 1190 5518 illud
1215 5466 1367 5523 liberi
1396 5471 1599 5528 arbitrii
1630 5492 1769 5543 esse,

186 5551 235 5602 et
252 5542 562 5598 volentibus
584 5549 762 5603 omnia
784 5565 902 5605 esse
928 5551 1120 5609 facilia.
1142 5557 1219 5613 Ne
1245 5559 1590 5631 desperemus
1613 5583 1769 5639 ergo;

186 5635 268 5687 sed
294 5637 397 5692 etsi
429 5637 748 5695 rnaledictus
765 5647 978 5708 es,‘ctsi
1008 5663 1216 5716 avarus,
1240 5656 1338 5709 etsi
1361 5657 1573 5724 quidvis
1603 5662 1766 5735 aliud,

191 5727 348 5796 cogita
400 5727 630 5784 Paulum
670 5731 1040 5805 blasphemum
1083 5740 1264 5811 fuisse,
1299 5727 1764 5822 pcrscquutorem,

1266 289 1334 346 IN
1370 291 1583 350 EPIST.
1627 293 1647 349 Ι
1710 294 1802 349 AD
1839 295 1996 353 COR.
2041 300 2271 358 llOMlL.
2316 306 2478 364 XXII.

249 406 414 451 totum
453 398 684 453 servavit
709 408 1042 466 sementem;
1086 410 1321 458 attamen
1353 405 1493 476 quod
1525 422 1678 462 suum
1708 421 1827 463 erat

3423 330 3524 384 18η

1936 418 2408 489 contumeliosum,
2462 438 2908 504 peccatorumque
2959 437 3210 508 primum,
3259 452 3313 497 et
3353 443 3522 507 dere—

1936 517 2098 576 pente
2123 511 2187 564 ad
2236 512 2408 583 ipsum
2437 519 2649 578 virtutis
2692 526 2904 582 culmen
2947 533 3272 599 pervenisse,
3308 545 3362 589 et
3392 535 3519 590 nihil

1933 597 2031 666 ipsi
2079 600 2447 671 impedimenti
2491 613 2667 680 priora
2707 617 2984 674 attulisse:
3018 625 3163 693 atqui
3211 640 3370 681 nemo
3399 643 3519 682 cum

1934 700 2080 745 tanto
2135 695 2315 752 furore
2374 703 2663 772 nequitiam
2719 719 2979 779 sectatur,
3024 728 3146 768 cum
3187 728 3388 786 quanto
3433 720 3522 774 ille

1932 780 2127 837 bellum
2171 797 2357 842 contra
2398 791 2714 850 Ecclesium.
2748 798 2879 853 Nam
2902 810 3038 857 tunc
3064 804 3179 873 ipsc
3221 823 3371 862 suam
3408 821 3517 863 tra-

1929 871 2062 927 didit
2087 871 2354 945 animum;
2387 893 2441 936 et
2468 885 2591 951 quia
2624 903 2728 942 non
2760 891 2906 947 mille
2945 909 3136 949 manus
3167 896 3418 966 habebat,
3465 913 3521 953 ut

1927 965 2176 1021 omnibus
2223 969 2556 1042 Stephanum
2606 978 2909 1050 impeterct,
2943 985 3180 1044 dolebat.
3229 991 3295 1044 Et
3341 1000 3518 1047 tamen

1926 1057 2003 1110 sic
2025 1073 2239 1128 quoque.
2263 1063 2480 1119 modum
2515 1067 2737 1136 invenit,
2760 1088 2866 1142 quo
2891 1087 3075 1145 posset
3101 1080 3245 1133 illum
3279 1082 3519 1151 pluribus

1924 1145 2084 1203 ferire
2111 1154 2359 1210 manibus
2391 1156 2648 1215 falsorum
2679 1167 2914 1233 testium,
2937 1183 3164 1236 quorum
3194 1174 3307 1242 ipsc
3337 1184 3517 1229 vestes

1924 1244 2192 1299 servabat.
2221 1249 2290 1302 Et
2330 1264 2450 1305 cum
2498 1253 2550 1307 in
2587 1255 2782 1311 domos
2829 1258 3075 1328 intraret,
3108 1273 3387 1335 tamquam
3407 1269 3517 1325 fera

1924 1332 2213 1405 insiliebat,
2253 1341 2471 1398 trahens
2514 1357 2570 1400 et
2619 1346 2863 1408 lacerans.
2902 1351 3062 1419 viros,
3098 1355 3380 1424 mulieres;
3431 1368 3518 1414 tu-

1922 1427 2089 1480 multu
2121 1437 2176 1483 et
2201 1433 2425 1502 strepitu
2453 1451 2516 1490 ac
2558 1437 2712 1492 bellis
2742 1444 3012 1499 sexcentis
3040 1449 3220 1502 on'tnia
3260 1449 3511 1519 impletis.

1919 1516 1992 1572 lta
2023 1535 2216 1591 nempe
2247 1525 2502 1584 terribilis
2538 1540 2676 1594 erat,
2706 1541 2763 1586 ut
2795 1537 3022 1603 apostoli
3048 1539 3206 1592 etiam
3238 1516 3360 1609 post
3381 1542 3516 1612 upli‘

1919 1626 2060 1665 mam
2104 1613 2219 1683 ejus
2259 1620 2667 1675 conversionem
2710 1625 2948 1680 nondum
2991 1628 3249 1684 auderent
3276 1631 3374 1701 ipsi
3407 1633 3512 1689 ba:-

1922 1717 2060 1757 rere.
2085 1705 2334 1761 Attamen
2365 1721 2485 1779 post
2513 1711 2600 1764 illa
2624 1715 2805 1769 omnia
2836 1717 2954 1772 talis
2986 1718 3206 1775 effectus
3250 1733 3355 1790 est,
3379 1740 3509 1794 qua~

1919 1793 1986 1847 lis
2012 1811 2137 1850 vere
2168 1795 2299 1852 fuit:
2332 1816 2504 1872 neque
2531 1804 2674 1858 enim
2700 1807 2849 1875 plura
2878 1809 3059 1866 dicere
3085 1827 3222 1884 opus
3249 1825 3350 1870 est.
3383 1793 3508 1872 Ubi-

1916 1901 2039 1940 nam
2070 1903 2198 1958 crgo
2242 1901 2368 1946 sunt
2411 1893 2507 1958 illi,
2539 1897 2626 1966 qui
2660 1896 2750 1951 fati
2783 1903 3161 1958 necessitatem
3213 1906 3512 1962 obtendunt

1915 1979 2170 2036 adversus
2197 1983 2402 2038 arbitrii
2448 1990 2615 2042 nostri
2648 1989 2990 2048 libertatem?
3030 1997 3154 2052 llaec
3183 1999 3423 2068 audiant,
3458 2013 3512 2057 et

1914 2082 2006 2122 ora
2039 2086 2134 2124 sua
2176 2074 2477 2131 obstruunt.
2513 2079 2650 2134 Eum
2683 2084 2828 2138 enim
2859 2087 2949 2156 qui
2992 2089 3164 2144 bonus
3209 2107 3329 2148 esse
3359 2096 3508 2161 velit,

1918 2159 2053 2226 nihil
2082 2162 2325 2234 impedit,
2361 2168 2571 2225 etiamsi
2621 2172 2763 2228 inter
2795 2178 3155 2246 nequissimos
3193 2193 3350 2239 antea
3376 2201 3506 2242 cen-

1913 2262 2144 2308 seretur.
2171 2257 2250 2311 Ad
2286 2257 2389 2314 hoc
2424 2263 2568 2317 cnim
2614 2269 2850 2334 aptiores
2878 2286 3083 2338 sumus,
3112 2286 3375 2345 quatenus
3418 2297 3505 2334 se-

1912 2346 2142 2401 cundum
2171 2358 2415 2406 naturam
2445 2356 2614 2411 virtus
2665 2359 2803 2414 inest
2830 2363 3005 2431 nobis,
3033 2375 3089 2421 et
3117 2378 3310 2437 praeter
3339 2384 3497 2427 natu-

1913 2452 2026 2490 ram
2073 2441 2297 2508 vitium;
2346 2445 2483 2499 sicut
2511 2449 2670 2502 etiam
2715 2463 2976 2521 :egrotare
3025 2469 3079 2512 et
3123 2459 3261 2514 bene
3305 2465 3501 2520 valere.

1913 2530 2122 2585 Etenim
2149 2523 2353 2588 'oculos
2394 2537 2550 2592 nobis
2596 2539 2742 2595 dedit
2789 2544 2948 2610 Deus,
2984 2563 3090 2602 non
3137 2559 3193 2605 ut
3238 2550 3504 2624 impudice

1909 2623 2270 2692 aSpiciamus,
2305 2629 2399 2682 sed
2449 2638 2508 2684 ut
2551 2647 2639 2686 res
2682 2633 2750 2688 ab
2793 2652 2858 2691 eo
2900 2651 3112 2695 creatas
3151 2643 3497 2715 admirantes,

1908 2710 2251 2770 Conditorem
2298 2717 2604 2776 adoremus.
2638 2725 2790 2790 Quod
2819 2738 2994 2784 autem
3019 2731 3106 2788 hic
3133 2735 3203 2788 sit
3223 2738 3500 2794 oculorum

1911 2819 2059 2870 usus,
2093 2808 2267 2876 palam
2309 2820 2392 2864 est
2422 2829 2486 2866 ex
2528 2815 2688 2870 rebus
2718 2818 2816 2872 sub
2855 2833 3132 2891 aspectum
3164 2827 3496 2887 cadentibus.

1910 2895 2371 2956 Pulclirituilinem
2416 2921 2646 2976 namque
2696 2912 2826 2964 solis
2866 2922 2916 2967 ct
2959 2915 3075 2969 οωιί
3119 2933 3184 2972 cx
3236 2912 3500 2977 immenso

1906 2990 2195 3058 aspicimus
2240 2993 2558 3051 intervallo:
2611 3002 2851 3059 mulieris
2892 3023 3021 3063 vero
3069 3011 3291 3068 formam
3341 3033 3498 3073 nemo

1907 3096 1970 3136 ex
2001 3091 2148 3137 tanto
2179 3088 2354 3158 spatio
2384 3093 2612 3146 noverit.
2647 3094 2827 3150 Vidcn‘
2859 3101 3071 3157 oculum
3108 3106 3263 3161 nobis
3302 3110 3364 3164 ad
3399 3111 3498 3168 hoc

1907 3175 2140 3229 maxime
2166 3176 2348 3232 datum
2377 3179 2588 3237 fuisse?
2632 3186 2837 3244 Rursus
2866 3193 3104 3250 auditum
3133 3197 3279 3266 fecit,
3309 3219 3414 3258 non
3445 3218 3499 3262 ut

1905 3265 2214 3336 blasphema
2248 3273 2576 3344 excipiamus
2617 3282 2802 3350 verba,
2834 3286 2925 3340 sed
2972 3297 3028 3343 ut
3067 3265 3315 3349 salutaria
3361 3298 3494 3370 dog-

1904 3365 2070 3413 mata.
2139 3359 2369 3432 ldeoque
2433 3381 2552 3422 cum
2611 3372 2883 3442 quidpiam
2933 3378 3193 3436 absonum
3249 3359 3492 3457 excipit,

1905 3458 1958 3504 ct
1986 3453 2199 3509 animus
2241 3465 2295 3510 et
2340 3458 2511 3528 ipsum
2555 3478 2751 3535 corpus
2797 3475 3068 3541 torpescit.
3128 3477 3309 3534 Sermo
3362 3488 3500 3544 enim.

1905 3543 2122 3598 multum
2153 3547 2402 3618 jurantis,
2439 3555 2569 3622 pilos
2613 3559 2781 3629 erigit,
2819 3563 3009 3633 inquit.
3045 3569 3109 3623 Et
3149 3572 3192 3625 si
3221 3576 3344 3643 quid
3371 3593 3493 3633 cru-

1904 3635 2026 3690 delc
2055 3639 2137 3692 vel
2164 3641 2366 3698 immite
2392 3647 2696 3718 audiamus,
2734 3669 2922 3712 rursus
2952 3660 3265 3734 horremus;
3294 3671 3337 3724 si
3369 3689 3503 3729 vero.

1903 3729 2028 3796 quid
2066 3748 2414 3791 numerosum
2460 3749 2516 3794 et
2549 3741 2864 3813 humanum,
2892 3761 2944 3804 et
2974 3756 3233 3822 gestimus
3260 3770 3314 3815 et
3346 3762 3493 3820 laeta-

1903 3835 2042 3874 mur.
2077 3823 2150 3877 Os
2171 3841 2384 3897 quoquc
2408 3840 2649 3888 nostrum
2690 3841 2861 3908 turpia
2887 3842 3129 3913 loquens,
3162 3851 3418 3920 pudorem
3443 3868 3496 3914 et

1901 3913 2282 3970 verecundiam
2330 3917 2525 3987 infert;
2565 3925 2644 3977 sin
2676 3937 2852 3983 autem
2898 3913 3395 4010 ltoncsla,-placidc
3440 3959 3494 4003 et

1901 4015 2021 4054 cum
2060 4006 2204 4058 omni
2245 4007 2492 4066 libertate
2539 4014 2625 4067 illa
2675 4020 2889 4074 emittit.
2921 4023 2994 4078 De
3039 4027 3100 4081 iis
3139 4006 3338 4101 autem,
3371 4053 3490 4107 qua:

1901 4103 2025 4146 sunt
2046 4098 2342 4153 secundum
2373 4111 2618 4159 naturam
2653 4124 2810 4164 nemo
2833 4115 3141 4186 erubuerit;
3179 4123 3271 4177 sed
3301 4126 3368 4180 de
3387 4098 3488 4196 iis,

1901 4200 2018 4254 qua:
2065 4198 2190 4241 sunt
2235 4204 2430 4258 praeter
2470 4205 2736 4254 naturam.
2773 4203 2841 4258 Et
2889 4222 3077 4264 manus
3107 4213 3322 4282 quidem
3369 4234 3489 4274 cum

1898 4277 2134 4346 rapiunt,
2167 4296 2224 4334 se
2272 4285 2586 4351 occultant,
2619 4301 2673 4344 et
2718 4292 3085 4354 defensionem
3118 4319 3397 4375 quzerunt;
3446 4314 3491 4367 si

1899 4366 2462 4447 vero'eleemosynam
2497 4380 2646 4450 dent,
2679 4385 2838 4440 etiam
2869 4390 3188 4458 gloriantur.
3221 4397 3406 4471 Itaque
3445 4405 3490 4458 si

1900 4462 2147 4531 velimus,
2176 4481 2423 4535 magnam
2452 4471 2686 4544 undique
2708 4475 2969 4537 habemus
2995 4484 3062 4538 ad
3086 4487 3334 4545 virtutem
3366 4509 3488 4562 pro-

1899 4554 2234 4622 pensionem.
2285 4558 2340 4614 Si
2383 4571 2562 4619 autem
2596 4567 2730 4624 mihi
2772 4573 3100 4645 voluptatem
3142 4597 3204 4636 ex
3253 4590 3506 4657 nequitia.

1897 4657 2102 4714 partam
2149 4649 2316 4716 dicas,
2348 4656 2524 4725 cogita
2571 4674 2670 4712 nos
2719 4661 2864 4718 illam
2909 4668 3166 4739 majorem
3194 4691 3260 4730 ex
3291 4679 3488 4737 virtute

1896 4735 2208 4809 decerpere.
2236 4742 2448 4800 Etenim
2483 4748 2677 4805 bonam
2712 4752 2912 4814 habere
2934 4765 3340 4828 conscientiam.
3373 4785 3500 4826 oni-..

1893 4830 2051 4884 nibus
2082 4831 2134 4885 in
2183 4834 2538 4896 admiratione
2567 4859 2709 4911 esse,
2737 4847 3043 4923 bonamque
3091 4873 3240 4927 spem
3277 4874 3497 4932 tenere,

1891 4923 2128 4977 omnium
2153 4924 2606 4994 jucundissimum
2623 4947 2706 4991 cst
2727 4939 2796 5007 ei,
2813 4944 2900 5011 qui
2927 4947 3215 5017 voluptatis
3239 4965 3483 5013 naturam

1889 5016 2271 5083 perpenderit;
2305 5029 2360 5076 ut
2389 5027 2658 5082 contraria
2679 5034 2923 5090 ninnium
2954 5041 3333 5102 molestissima
3359 5063 3485 5106 sunt

1886 5109 1955 5174 ei,
1975 5111 2064 5180 qui
2083 5110 2286 5168 doloris
2317 5127 2561 5175 naturam
2587 5126 2764 5180 novit:
2794 5131 2942 5186 verbi
2968 5137 3158 5204 gratia,
3191 5149 3241 5194 et
3269 5145 3482 5210 probris

1887 5301 2120 5349 tremere
2158 5304 2438 5365 prtesentia
2467 5319 2528 5359 ac
2556 5304 2752 5363 futura.

1954 5391 2008 5445 5.
2060 5391 2307 5465 Voluptas
2335 5395 2496 5453 brevis
2525 5410 2618 5466 est,
2653 5401 2801 5459 dolor
2823 5410 2942 5464 hinc
2971 5423 3151 5481 partus
3179 5429 3474 5491 perpetuus.

1883 5486 2032 5541 —Et
2070 5500 2129 5544 ut
2174 5492 2225 5546 id
2269 5495 2408 5562 quod
2441 5497 2561 5553 dico
2590 5499 2788 5556 clarius
2830 5505 3058 5574 evadat,
3107 5486 3472 5581 supponatnus

1880 5584 2183 5653 quempiam
2214 5603 2437 5644 uxorem
2482 5591 2766 5652 habentem
2805 5601 3035 5668 proximi
3084 5607 3294 5675 nuptias
3343 5625 3468 5676 per—

1881 5671 2084 5742 fodere,
2110 5686 2243 5733 ctex
2277 5681 2376 5736 hoc
2408 5684 2652 5755 improbo
2685 5689 2826 5747 furto
2854 5693 2941 5749 illa
2972 5695 3074 5752 frui
3097 5671 3252 5766 quam
3277 5711 3419 5755 autat
3445 5722 3457 5765 ;

1875 5764 2070 5821 deinde
2117 5769 2278 5826 alium
2330 5773 2451 5832 huic
2494 5794 2826 5849 opponamus
2855 5825 2868 5851 ,
2905 5787 2993 5857 qui
3040 5804 3266 5848 uxorem
3307 5809 3465 5853 suam
