3992 6416
548 333 648 389 187

544 448 935 520 complectatur
963 463 977 502 :
1008 453 1174 515 utque
1203 441 1426 498 victoria
1455 440 1652 496 clarior
1679 437 1902 506 evadat,
1933 438 2018 493 hic
2043 439 2135 509 qui

544 545 658 600 sola
685 558 781 600 sua
805 557 976 598 uxore
999 539 1193 598 fruitur
1211 580 1225 602 ,
1249 538 1410 592 etiam
1441 535 1587 592 illam
1615 543 1762 591 amet
1788 545 1910 605 quae
1929 533 2136 590 adulte-

549 643 730 702 ratur,
765 634 862 691 sed
893 647 1131 693 amorem
1175 629 1426 687 cohibeat
1470 627 1714 700 nihilque
1755 627 1882 684 mali
1934 627 2132 694 faciat,

544 744 865 800 quamquam
899 743 965 783 ne
994 726 1098 780 hoc
1116 723 1330 795 quidem
1353 732 1438 778 est
1457 738 1588 795 pura
1619 723 1972 792 temperantia
1997 738 2012 785 ;
2041 736 2136 776 ve-

547 839 661 876 rum
690 820 756 876 ad
805 820 1052 882 libitum,
1084 819 1148 872 ut
1188 815 1364 876 discas
1387 825 1586 886 quanta
1633 814 1705 868 sit
1735 813 1948 868 virtutis
1977 813 2132 867 volu-

546 923 683 982 ptas,
716 911 836 970 ideo
861 908 1168 979 bujusmodi
1191 908 1378 963 drama
1404 905 1728 964 efflnximus.
1759 905 1853 960 llis
1878 919 2007 975 ergo
2027 919 2131 960 una

543 1005 864 1074 comparatis
883 1044 900 1071 ι
931 1003 1012 1058 sic
1035 1001 1223 1059 ambos
1248 1001 1661 1070 interrogemus,
1691 1000 1862 1054 utrius
1885 999 1990 1052 vita
2012 997 2133 1053 dul-

541 1097 692 1152 cior:
722 1102 776 1154 et
795 1094 982 1156 audies
1008 1093 1157 1148 illum
1187 1092 1404 1164 quidem
1429 1091 1750 1163 gloriantem
1772 1099 1828 1148 et
1852 1093 2128 1147 exsultan-

543 1198 648 1243 tem
675 1187 743 1244 de
766 1187 993 1248 victoria
1016 1227 1033 1254 ,
1063 1199 1225 1259 quam
1253 1193 1438 1241 contra
1474 1184 1750 1241 libidinem
1795 1185 2126 1254 reportavit;

541 1281 686 1337 hunc
710 1293 872 1346 vero;
897 1279 1010 1334 imo
1029 1292 1136 1333 non
1158 1276 1576 1347 exspectandum
1597 1286 1679 1332 est
1707 1287 1762 1331 ut
1783 1275 1854 1331 ab
1879 1275 1972 1331 illo
1999 1278 2127 1348 quid

540 1372 843 1432 ediscamus
876 1388 890 1427 :
921 1370 1130 1427 videbis
1168 1371 1313 1426 enim
1360 1370 1508 1428 illum
1533 1410 1553 1438 ,
1575 1369 1785 1425 etiamsi
1831 1369 1882 1425 id
1931 1371 2127 1427 millies

540 1463 814 1536 negaverit
833 1505 852 1536 ,ι
877 1462 1238 1522 miserabilius
1257 1475 1422 1534 quam
1451 1461 1487 1517 ii
1525 1463 1616 1532 qui
1652 1470 1778 1516 sunt
1816 1461 1868 1516 in
1899 1463 2125 1518 vinculis

537 1556 812 1623 affectum.
843 1554 980 1622 Nam
1004 1569 1194 1610 omnes
1232 1555 1382 1611 timet
1411 1563 1468 1610 et
1503 1563 1782 1624 suspectos
1827 1553 1989 1610 habet
2011 1596 2028 1622 ,
2073 1563 2128 1611 et

539 1662 762 1704 uxcrem
784 1655 934 1702 suam
956 1654 1012 1702 et
1029 1645 1287 1706 adulterat
1308 1646 1481 1701 virum
1505 1644 1784 1716 ipsamque
1807 1645 2124 1713 adulteram,

539 1739 852 1804 familiares,
880 1737 1084 1798 amicos
1109 1779 1126 1806 ,
1151 1747 1433 1808 cognatos,
1465 1737 1721 1808 parietes,
1749 1735 1989 1803 umbras,
2021 1736 2128 1791 sei-

537 1847 695 1902 psum
719 1847 736 1902 ί
763 1840 818 1891 et
847 1829 989 1900 quod
1019 1839 1101 1888 est
1141 1829 1380 1884 omnium
1406 1828 1780 1900 gravissimum
1801 1869 1818 1894 ,
1849 1828 2129 1884 conscien-

539 1927 667 1980 tiam
713 1924 872 1985 habet
917 1924 1300 1985 reclamantem
1344 1932 1401 1978 et
1437 1923 1678 1995 quotidie
1722 1923 2027 1978 latrantem.
2069 1923 2123 1978 Si

533 2035 666 2075 vero
685 2019 844 2078 etiam
874 2017 968 2072 Dei
1000 2016 1230 2072 tribunal
1263 2016 1317 2071 in
1348 2025 1584 2073 mentem
1612 2015 1853 2083 venerit,
1882 2031 1950 2072 ne
1979 2025 2126 2072 stare

534 2108 751 2181 quidem
781 2109 998 2180 poterit.
1030 2109 1096 2163 Et
1122 2108 1369 2178 voluptas
1389 2108 1606 2180 quidem
1631 2107 1810 2164 brevis
1835 2117 1938 2174 est,
1969 2107 2126 2163 dolor

532 2212 712 2258 autem
742 2201 866 2259 hinc
897 2211 1084 2271 partus
1111 2212 1426 2271 perpetuus.
1468 2199 1601 2254 Nam
1644 2207 1699 2254 et
1736 2214 1958 2270 vespere
1994 2209 2049 2253 et
2072 2199 2134 2254 in

532 2306 696 2358 nocte
720 2335 735 2361 ,
770 2293 823 2350 in
855 2293 1144 2348 solitudine
1168 2333 1183 2356 ,
1215 2293 1267 2347 in
1298 2293 1514 2348 civitate
1539 2299 1594 2347 et
1624 2290 1821 2362 ubique
1844 2301 2125 2346 accusator

533 2386 795 2458 sequitur,
826 2383 1062 2456 gladium
1094 2393 1402 2439 monstrans
1429 2395 1644 2442 acutum
1675 2394 1731 2438 et
1769 2381 2120 2438 intolerabilia

529 2462 791 2548 supplicia
816 2517 830 2541 ,
864 2487 1012 2532 metu
1051 2489 1378 2533 consumens
1427 2476 1597 2532 illum.
1639 2473 1733 2530 llle
1756 2489 1886 2530 vero
1915 2481 2120 2544 tempe-

529 2585 677 2634 rans,
713 2571 798 2624 his
825 2567 1078 2623 omnibus
1107 2581 1332 2634 vacuus,
1363 2567 1418 2621 in
1444 2565 1692 2620 libertate
1717 2572 1818 2630 est,
1849 2572 1904 2619 et
1931 2577 2123 2618 secure

529 2677 748 2734 uxorem
777 2676 932 2726 suam
957 2660 1141 2725 videt,
1175 2657 1314 2724 filios
1335 2699 1352 2724 ,
1381 2659 1584 2713 amicos
1615 2697 1630 2721 ,
1659 2663 1714 2711 et
1743 2654 1926 2715 liberis
1952 2653 2123 2710 oculis

527 2754 706 2819 omnia
736 2753 952 2824 aspicit.
1001 2750 1060 2806 Si
1105 2759 1283 2806 autem
1312 2750 1357 2804 is
1389 2749 1480 2820 qui
1503 2758 1689 2813 amat,
1734 2755 1790 2802 et
1835 2755 2016 2802 tamen
2059 2760 2122 2802 se

528 2851 808 2914 continet,
862 2857 1009 2904 tanta
1051 2846 1249 2904 fruitur
1298 2843 1730 2915 voluptatezqui
1775 2858 1883 2897 non
1930 2851 2118 2910 amat,

531 2943 628 3000 sed
678 2958 814 3013 pure
868 2950 1177 3011 temperans
1224 2947 1344 3007 est,
1399 2953 1507 3010 quo
1564 2947 1762 3008 portu,
1815 2950 1918 3006 qua
1970 2945 2118 2990 tran-

526 3034 791 3106 quillitate
829 3049 937 3088 non
974 3031 1273 3087 dulciorem
1314 3040 1369 3085 et
1421 3029 1774 3100 placidiorem
1822 3025 2122 3098 possidebit

527 3107 762 3202 animam
788 3124 813 3178 ἲ
845 3123 971 3179 Ideo
996 3133 1148 3178 certe
1178 3121 1452 3176 adulteros
1479 3120 1678 3188 videris
1708 3133 1906 3190 paucos
1931 3160 1946 3185 ,
1979 3129 2118 3173 tem-

527 3227 778 3290 perantes
798 3225 975 3272 autem
1001 3215 1204 3286 plures.
1227 3213 1380 3284 Quod
1408 3213 1452 3267 si
1483 3212 1584 3266 hoc
1601 3209 1811 3266 dulcius
1830 3219 1992 3274 esset,
2019 3209 2120 3266 hoc

529 3312 704 3382 ipsum
734 3308 885 3364 multi
910 3308 1189 3378 eligerent.
1241 3305 1348 3360 Nec
1389 3303 1517 3358 mihi
1553 3302 1702 3357 dicas
1742 3301 1916 3372 legum
1959 3303 2118 3356 timo-

528 3417 679 3467 rem;
711 3414 885 3470 neque
910 3400 1057 3459 enim
1085 3397 1173 3454 hic
1200 3397 1320 3452 illos
1343 3397 1582 3453 continet
1607 3436 1622 3460 ,
1654 3394 1747 3449 sed
1773 3393 2118 3450 absurditatis

527 3491 859 3565 magnitudo,
883 3489 1091 3561 etquod
1121 3489 1271 3558 plura
1303 3489 1374 3543 ibi
1398 3489 1506 3542 siut
1535 3487 1704 3542 tristia
1729 3501 1887 3556 quam
1911 3488 2115 3554 suavia,

529 3583 951 3648 rtcouscientize
1001 3596 1215 3652 quoque
1257 3581 1514 3636 calculus.
1548 3581 1616 3634 Et
1656 3581 1867 3636 adulter
1895 3581 2112 3652 quidem

527 3675 652 3728 talis
675 3684 778 3728 est.
804 3673 859 3728 Si
890 3674 1062 3743 placet
1085 3683 1288 3738 autem,
1311 3687 1532 3727 avarum
1553 3687 1768 3742 quoque
1790 3671 2118 3728 adducamus

528 3765 584 3824 in
610 3765 841 3828 medium
863 3807 885 3840 ,
913 3765 1075 3819 alium
1109 3775 1299 3819 rursus
1327 3763 1564 3834 iniquum
1588 3779 1828 3817 amorem
1859 3764 2118 3833 detegen-

527 3867 628 3914 tes.
663 3857 874 3916 Etenim
897 3857 1069 3928 ipsum
1094 3856 1254 3911 etiam
1281 3855 1582 3911 videbimus
1607 3856 1793 3911 eadem
1823 3856 2116 3911 formidan-

528 3952 658 4019 tem,
686 3967 788 4009 nec
812 3951 1076 4006 valentem
1101 3965 1230 4020 pura
1252 3951 1351 4005 frui
1375 3949 1668 4020 voluptate.
1691 3948 1868 4006 Mente
1889 3966 2118 4020 namque

526 4060 754 4115 versans
777 4059 871 4100 eos
896 4045 988 4125 qui
1029 4045 1222 4113 injuria
1267 4045 1576 4100 afficiuntur
1601 4087 1616 4111 ,
1646 4054 1701 4100 et
1730 4058 1824 4099 eos
1845 4044 1934 4113 qui
1964 4059 2115 4099 com-

525 4137 871 4210 miseratione
900 4139 1169 4200 ducuntur
1187 4177 1202 4201 ,
1229 4145 1282 4192 et
1306 4152 1645 4192 communem
1669 4137 1908 4192 omnium
1934 4135 2004 4192 de
2027 4137 2118 4191 illo

524 4231 790 4303 calcultyn
816 4271 832 4296 ,
863 4229 1010 4301 mille
1050 4231 1282 4301 agitatur
1325 4231 1439 4300 ipse
1478 4229 1747 4289 fluctibus.
1789 4230 1974 4302 Neque
2017 4231 2119 4287 hoc

526 4323 703 4394 solum
746 4324 1037 4397 molestum
1061 4324 1159 4394 ipsi
1183 4332 1263 4391 est
1290 4366 1304 4390 ,
1337 4323 1431 4378 sed
1460 4339 1632 4395 neque
1661 4323 1854 4380 dilecta
1887 4340 1984 4380 sua
2016 4325 2118 4381 frui

528 4425 728 4504 potest.
747 4413 897 4474 Talis
921 4418 1066 4489 enim
1107 4426 1191 4477 est
1221 4429 1504 4484 avarorum
1540 4431 1656 4471 mos
1691 4433 1706 4470 :
1737 4415 1976 4481 habent,
2011 4431 2116 4472 non

528 4517 586 4563 ut.
626 4508 906 4574 fruantur,
935 4507 1029 4562 sed
1063 4516 1121 4568 ut
1165 4523 1270 4560 non
1319 4505 1591 4567 fruantur.
1626 4504 1779 4574 Quod
1807 4507 1852 4560 si
1891 4507 1994 4562 hoc
2023 4507 2117 4563 tibi

527 4599 754 4670 aenigma
779 4607 902 4665 esse
923 4597 1156 4667 videtur,
1184 4595 1326 4667 quod
1349 4595 1523 4650 adhuc
1545 4597 1698 4667 pejus
1725 4605 1780 4652 et
1804 4598 1974 4668 magis
1997 4613 2118 4668 pcr-

531 4693 745 4765 plexutn
773 4689 1003 4751 estaudi
1033 4706 1046 4742 :
1080 4688 1227 4759 ipsos
1266 4704 1464 4759 nempe
1498 4704 1604 4744 non
1650 4689 1772 4745 ideo
1812 4691 1988 4746 solum
2020 4709 2118 4748 vo-

532 4784 732 4853 luptate
759 4780 986 4859 privari,
1003 4781 1145 4853 quod
1173 4796 1278 4844 non
1300 4780 1533 4841 audeant
1551 4782 1707 4838 bonis
1729 4779 1832 4840 frui
1852 4792 1908 4838 ut
1930 4785 2116 4852 velint,

531 4874 625 4930 sed
653 4873 814 4934 etiam
845 4874 993 4944 quod,
1019 4889 1314 4946 numquam
1347 4873 1700 4944 impleantur,
1727 4891 1790 4932 ac
1824 4893 2038 4947 semper
2067 4878 2118 4932 in

532 4967 619 5038 siti
652 4976 934 5035 versentur
961 4983 977 5020 :
1008 4982 1114 5036 quo
1138 4965 1266 5038 quid
1295 4967 1574 5023 molestius
1597 4977 1653 5022 et
1675 4969 1892 5040 gravius
1919 4969 2122 5025 fuerit?

534 5063 602 5114 At
624 5058 800 5128 justus
840 5073 946 5114 non
973 5067 1057 5114 est
1085 5059 1206 5113 talis
1230 5099 1244 5124 ,
1274 5057 1369 5114 sed
1399 5068 1631 5113 tremore
1651 5099 1668 5124 ,
1705 5059 1868 5135 odio,
1899 5071 2043 5117 metu
2068 5071 2121 5117 et

537 5150 638 5222 hac
669 5150 951 5222 incurabili
972 5150 1058 5206 Siti
1089 5151 1224 5223 liber
1246 5160 1350 5214 est.
1380 5151 1460 5224 A_c
1487 5149 1938 5223 quemadmodum
1969 5151 2120 5208 illum

1277 326 1336 382 8.
1374 322 1651 382 JOANNES
1685 319 2161 379 CHRYSOSTOMI
2200 320 2516 378 ARCHIEP.
2556 322 3086 382 CONS'I'AN'I‘INOP.
3687 337 3773 394 l88

2243 455 2432 498 omnes
2456 453 2828 510 exsecrantur,
2856 443 2927 500 ita
2960 444 3082 499 huic
3110 458 3295 501 omnes
3325 443 3459 502 bene
3481 460 3736 518 precantur
3755 494 3771 521 ,

2241 549 2305 589 ac
2333 534 2468 590 sicut
2509 536 2596 591 ille
2625 537 2831 592 nullum
2873 535 3034 592 habet
3059 537 3286 592 amicum
3311 579 3326 604 ,
3370 538 3444 594 sic
3474 539 3568 596 iste
3603 542 3774 599 nullum

2241 626 2533 681 inimicum.
2563 627 2698 697 Quid
2731 630 2907 700 igitur,
2933 629 3049 684 hmc
3076 631 3127 684 in
3153 629 3400 686 confesso
3417 646 3534 686 cum
3557 631 3675 700 sint,
3700 647 3775 690 aut

2241 719 2473 790 nequitia
2506 721 2866 791 injucundius,
2897 732 2988 777 aut
3018 724 3211 777 virtute
3237 722 3450 778 suavius
3479 721 3661 778 fuerit?
3682 723 3777 781 lmo

2240 827 2371 868 vero
2412 815 2620 870 etiamsi
2673 815 2951 872 innumera
3000 815 3329 884 dixerimus,
3362 832 3515 871 nemo
3554 817 3635 873 vel
3679 820 3773 873 vitii

2239 920 2526 962 maerorem
2548 949 2564 975 ,
2602 908 2684 964 vel
2713 909 2926 963 virtutis
2955 909 3285 977 voluptatem
3313 909 3485 964 verbis
3511 909 3776 979 exprimere

2238 999 2437 1067 possit,
2467 999 2641 1056 donec
2669 1001 2755 1056 illa
2787 999 3047 1057 fruamur.
3077 1002 3227 1060 Tunc
3250 1002 3391 1057 enim
3417 1011 3470 1056 et
3514 1000 3628 1056 felle
3652 1017 3776 1056 ama.

2236 1093 2349 1146 rius
2375 1091 2708 1151 inveniemus
2736 1094 2925 1150 vitium
2945 1137 2958 1159 ,
2988 1110 3109 1150 cum
3138 1096 3240 1150 mel
3269 1095 3476 1150 virtutis
3503 1092 3773 1164 degustabi-

2236 1200 2376 1241 mus.
2408 1184 2504 1241 Est
2532 1186 2676 1242 enim
2699 1187 2859 1242 etiam
2888 1203 3028 1243 nunc
3054 1188 3259 1253 vitium,
3289 1186 3643 1258 iniucundum,
3668 1201 3776 1241 one~

2236 1293 2420 1334 rosum
2446 1289 2500 1334 et
2524 1279 2808 1336 molestum
2835 1299 2849 1347 ;
2877 1281 3022 1353 quod
3050 1297 3222 1355 neque
3246 1280 3318 1336 illi
3347 1289 3555 1352 negant,
3583 1278 3667 1351 qui
3692 1279 3773 1350 ipsi

2235 1371 2560 1427 famulantur
2586 1389 2598 1426 :
2629 1388 2749 1428 cum
2794 1384 2972 1429 autem
3003 1375 3072 1428 ab
3099 1375 3188 1428 illo
3214 1374 3654 1436 abscesserimus,
3680 1380 3773 1424 tum

2237 1462 2379 1517 illius
2398 1463 2587 1518 acerba
2604 1461 2752 1534 jussa
2777 1465 3078 1521 accuratius
3104 1465 3414 1520 sentiemus.
3439 1462 3582 1532 Quod
3603 1461 3643 1516 si
3663 1459 3774 1514 mul-

2238 1554 2272 1608 ti
2301 1553 2367 1608 ad
2399 1554 2526 1610 illud
2551 1566 2855 1623 accurrunt,
2883 1557 3014 1612 nihil
3042 1558 3235 1612 mirum
3262 1552 3706 1628 ;quandoquidem
3729 1558 3773 1604 et

2233 1645 2381 1714 pueri
2421 1661 2600 1716 smne,
2632 1649 2808 1703 minus
2846 1648 3020 1704 dulcia
3067 1649 3365 1718 eligentes,
3395 1661 3457 1702 ea
3482 1659 3596 1716 qua:
3631 1641 3772 1712 magis

2229 1736 2499 1795 delectant
2535 1739 2838 1811 despiciunt
2865 1783 2881 1806 ,
2907 1750 2963 1796 et
2986 1741 3175 1811 :egroti
3222 1754 3322 1811 pro
3368 1737 3506 1793 ﬂuxa
3554 1733 3772 1802 brevique

2228 1833 2397 1903 gratia
2444 1842 2757 1905 perpetuam
2813 1834 3169 1902 tutioremque
3212 1830 3452 1886 latitiam
3493 1827 3752 1884 amiserunt

2230 1925 2342 1982 Hoc
2366 1935 2542 1982 autem
2569 1943 2637 1983 ex
2656 1926 2948 1982 amantium
2973 1924 3336 1993 imbecillitate
3359 1931 3414 1979 et
3438 1919 3646 1975 stultitia
3666 1931 3767 1987 pro-

2230 2018 2396 2086 venit,
2430 2033 2534 2072 non
2563 2034 2629 2073 ex
2658 2018 2771 2090 ipsa
2811 2033 2991 2073 rerum
3021 2025 3232 2071 natura.
3265 2014 3365 2083 Qui
3395 2012 3535 2068 enim
3560 2024 3668 2065 cum
3689 2022 3767 2058 vo-

2230 2109 2430 2178 luptate
2460 2110 2624 2177 vivit,
2671 2109 2716 2165 is
2747 2118 2830 2164 est
2856 2109 2946 2180 qui
2976 2108 3229 2162 virtutem
3257 2114 3494 2162 sectatur
3516 2142 3534 2167 ,
3561 2100 3641 2172 qui
3667 2111 3769 2152 vere

2227 2199 2378 2256 dives
2401 2210 2455 2255 et
2485 2216 2610 2256 vere
2636 2200 2769 2255 liber
2790 2209 2892 2256 cst.
2920 2198 3073 2266 Quod
3104 2199 3148 2252 si
3178 2199 3301 2269 quis
3324 2196 3425 2250 alia
3454 2191 3653 2265 quidem
3678 2188 3767 2241 vir-

2228 2293 2324 2348 tuti
2350 2291 2702 2359 concesserit,
2731 2291 3054 2353 libertatem,
3085 2291 3428 2346 securitatem
3447 2328 3463 2354 ,
3491 2300 3518 2338 a
3543 2282 3670 2338 curis
3691 2293 3764 2333 va-

2226 2401 2384 2440 cuum
2411 2400 2570 2450 esse,
2611 2386 2881 2440 neminem
2925 2385 3148 2448 timere,
3192 2383 3461 2438 neminem
3503 2381 3766 2445 suspectum

2227 2477 2464 2541 habere;
2517 2477 2848 2548 voluptatem
2883 2492 3012 2532 vero
3047 2476 3148 2547 ipsi
3187 2491 3297 2532 non
3325 2468 3672 2532 concesserit,
3698 2463 3764 2518 hic

2225 2567 2356 2622 mihi
2397 2568 2450 2622 in
2497 2578 2729 2625 mentem
2774 2567 2953 2624 veniet
2996 2566 3219 2638 profuse
3256 2565 3456 2621 ridere.
3484 2559 3612 2630 Quid
3649 2556 3765 2612 enim

2223 2659 2368 2715 aliud
2398 2671 2478 2716 est
2503 2661 2768 2731 voluptas,
2796 2676 2958 2732 quam
2992 2677 3021 2714 a
3051 2661 3197 2717 curis
3219 2659 3434 2715 liberari
3459 2697 3474 2722 ,
3514 2670 3542 2709 a
3571 2653 3761 2712 timore.

2223 2769 2254 2808 a
2285 2770 2542 2824 mterore,
2589 2763 2646 2811 et
2681 2771 2711 2809 a
2750 2756 2894 2811 nulla
2933 2770 2994 2811 re
3023 2769 3181 2826 posse
3211 2751 3449 2809 vinciri?
3474 2743 3760 2807 Uterenim.

2223 2865 2438 2920 quaeso,
2469 2849 2522 2904 in
2547 2848 2823 2919 voluptate
2851 2857 2931 2904 est
2956 2887 2975 2914 ,
3001 2847 3118 2903 isne
3143 2846 3236 2919 qui
3267 2846 3418 2911 furit,
3447 2841 3658 2912 agitatur
3675 2843 3762 2890 eta

2223 2941 2408 2997 multis
2428 2940 2807 3012 cupiditatibus
2833 2939 3168 3006 confoditur,
3210 2953 3389 3010 neque
3412 2931 3548 3006 apud
3583 2943 3636 2984 se
3654 2939 3758 2981 wn-

2222 3035 2398 3100 sistit;
2431 3049 2498 3088 an
2530 3034 2619 3104 qui
2653 3032 2722 3088 ab
2767 3032 3017 3088 omnibus
3061 3031 3210 3087 hisee
3250 3028 3500 3087 fluctibus
3528 3023 3684 3080 liber.
3720 3015 3760 3068 in

2223 3124 2560 3196 philosophia
2611 3140 2711 3180 ceu
2754 3123 2805 3179 in
2850 3132 3008 3194 portu
3055 3122 3462 3178 sedetiannon
3506 3114 3662 3187 palam
3697 3113 3760 3160 est

2225 3217 2364 3272 hunc
2391 3217 2552 3272 esse?
2577 3215 2681 3272 Sed
2709 3215 2811 3271 hoc
2835 3215 3074 3271 cernitur
3091 3215 3278 3270 virtuti
3305 3210 3588 3284 proprium.
3614 3203 3760 3268 ιωιιιιο

2221 3308 2408 3362 vitium
2436 3307 2609 3362 solum
2639 3322 2837 3362 nomen
2861 3306 3020 3362 habet
3045 3306 3338 3376 voluptatis
3357 3345 3372 3372 ,
3402 3317 3461 3356 re
3486 3307 3650 3354 autem
3673 3291 3760 3359 ipsa

2221 3417 2445 3456 vacuum
2472 3411 2593 3456 est:
2624 3410 2679 3455 et
2706 3409 2993 3471 antequam
3037 3399 3127 3453 illa
3176 3399 3410 3462 fruaris,
3451 3389 3640 3448 insania
3667 3391 3752 3440 est.

2221 3509 2330 3547 non
2359 3493 2641 3561 voluptas;
2672 3501 2952 3563 postquam
2980 3489 3068 3545 illa
3097 3491 3198 3545 frui
3224 3487 3524 3558 contigerit,
3553 3483 3650 3550 ipsa
3673 3483 3754 3530 sta-

2223 3584 2316 3638 tim
2347 3584 2720 3654 exstinguitur.
2749 3585 2806 3638 Si
2833 3598 2962 3654 ergo
2988 3598 3160 3653 neque
3199 3582 3356 3638 initio
3375 3621 3389 3644 ,
3419 3589 3584 3646 neque
3612 3574 3757 3654 P05“?

2221 3675 2348 3730 licet
2370 3674 2487 3745 ejus
2507 3649 2692 3730 videre
2719 3649 3179 3743 voluptatum—ubi
3201 3681 3454 3728 cernetur
3474 3676 3526 3721 et
3545 3649 3758 3733 quando?

2223 3764 2292 3821 Ut
2319 3775 2498 3821 autem
2527 3765 2578 3821 id
2603 3765 2745 3835 quod
2773 3763 2896 3819 dico
2920 3764 3119 3818 clarius
3145 3762 3360 3819 ediscas
3378 3801 3393 3825 ,
3419 3751 3650 3822 exemplo
3669 3755 3758 3798 re!“

2223 3869 2512 3914 tractemus
2536 3875 2550 3911 :
2575 3856 2792 3912 attende
2815 3865 3014 3910 autem.
3036 3855 3236 3925 Captus
3258 3862 3343 3910 est
3367 3847 3618 3922 quispiam
3637 3845 3758 3891 amo-

2221 3966 2281 4006 re
2309 3951 2548 4006 tnulieris
2578 3949 2815 4021 pulchra:
2844 3957 2898 4006 et
2928 3945 3179 4003 formosa:
3203 3966 3219 4003 :
3251 3947 3342 4001 hic
3364 3944 3531 3999 donec
3551 3937 3759 4021 assequ?‘

2223 4053 2307 4098 tur
2335 4020 2608 4112 aptatum,
2639 4039 2935 4094 furentibus
2960 4048 3014 4094 et
3057 4037 3263 4093 insanis
3289 4033 3479 4092 similis
3506 4035 3615 4087 est;
3642 4020 3758 4090 P05“

2221 4149 2382 4204 quam
2429 4141 2609 4188 autem
2661 4139 2983 4201 assequutus
3023 4138 3144 4194 est,
3172 4117 3660 4204 concupiscentiam
3686 4117 3757 4158 cx-

2222 4199 2428 4283 stinxit.
2458 4226 2512 4281 Si
2543 4239 2673 4295 ergo
2700 4199 2874 4294 neque
2899 4223 3050 4278 initio
3069 4223 3400 4293 voluptatem
3429 4213 3583 4270 habet
3602 4221 3618 4270 ἑ
3639 4199 3757 4254 Ῐυηπ

2223 4317 2364 4376 enim
2389 4327 2516 4374 tunc
2541 4327 2624 4373 est
2645 4332 2660 4382 ;
2693 4331 2865 4387 nequc
2886 4316 2937 4370 in
2965 4315 3100 4380 fine;
3127 4330 3250 4370 nam
3271 4309 3554 4370 concubitu
3574 4299 3753 4355 (nstrum

2221 4410 2478 4468 exstinxit
2502 4429 2517 4466 :
2547 4409 2759 4464 ubinam
2792 4409 2934 4462 illam
2967 4405 3349 4462 inveniemus?
3377 4399 3480 4458 Sed
3503 4409 3583 4452 res
3603 4389 3758 4442 nos”

2224 4519 2328 4558 non
2361 4503 2432 4556 ita
2467 4518 2526 4557 se
2560 4491 2780 4567 habent,
2826 4498 2922 4554 sed
2971 4499 3122 4554 initio
3172 4491 3569 4567 perturbatione
3613 4479 3763 4532 tam”

2221 4604 2368 4661 sunt,
2396 4604 2446 4650 et
2479 4608 2644 4662 usque
2675 4593 2728 4646 in
2771 4593 2931 4646 finem
2960 4591 3204 4659 voluptas
3248 4592 3432 4659 vigens
3459 4569 3764 4651 perseverat;

2225 4688 2334 4743 imo
2366 4687 2544 4758 potius
2573 4701 2678 4742 non
2725 4685 2846 4739 finis
2887 4693 2970 4738 est
2997 4683 3283 4754 voluptatis
3313 4685 3365 4737 in
3413 4672 3561 4731 nobis
3582 4707 3596 4730 .

2225 4753 2380 4836 bona-
2394 4788 2578 4834 nostra
2619 4780 2907 4834 terminum
2953 4774 3188 4842 habent,
3220 4787 3396 4844 neque
3426 4768 3534 4820 huic
3561 4753 3769 4844 νυΙιιΡ¹²ξ

2225 4886 2476 4942 umquam
2497 4869 2824 4924 dissolvitur.
2846 4867 2973 4922 [lare
2997 4866 3178 4936 itaque
3206 4843 3385 4919 omnia
3415 4850 3708 4942 cogitantes:
3722 4843 3766 4942 ξ’

2227 4935 2554 5032 voluptatem
2573 4975 2837 5026 amamus,
2863 4935 3114 5012 virtutem
3132 4956 3503 5026 suscipiamus,
3526 4947 3579 5032 lli
3593 4942 3640 4987 εί

2226 5025 2396 5114 sentin
2435 5065 2489 5110 ct
2536 5054 2709 5108 futura
2751 5025 2889 5106 bona
2918 5025 3314 5119 assequamur:
3345 5055 3463 5114 quae
3491 5025 3772 5119 utinamhﬁ

2227 5164 2418 5206 onlnes
2436 5145 2660 5218 adipisci
2684 5143 2979 5214 contingat,
3006 5116 3175 5212 gratia
3203 5150 3258 5196 et
3287 5128 3626 5202 benignitate.
3647 5116 3738 5164 διο·

559 5300 588 5311 υ
621 5296 2122 5308 --ά-Μ

2228 5242 3745 5307 __________________#_/

1867 5360 2214 5444 uentum
2253 5363 2493 5426 xxm.

534 5510 669 5566 θίν’
693 5507 750 5563 θ·
778 5521 838 5562 τ’
864 5506 958 5610 ’3'
991 5501 1213 5560 Μ’
1230 5504 1478 5610 Mf“
1508 5505 1596 5574 πί
1623 5507 1688 5610 επ.
1705 5505 1871 5610 ea»
1891 5515 2125 5610 arma“
2230 5505 2502 5578 φιοοενεε
2521 5499 3064 5610 (amatam
3081 5477 3776 5610 ηιξπξξξτῐι.“θῗ,ἒ⁶η¹ἰῗξὲ⁶⁰ῐέἓ

611 5615 785 5654 omnes
807 5598 1007 5670 quidem
1035 5569 1276 5662 currunt,
1301 5599 1392 5652 aed
1577 5598 1762 5669 accipit
1789 5597 2015 5657 brevium
2033 5599 2067 5653 2-
2112 5569 2119 5571 -
2231 5569 2355 5654 nem
2403 5569 2773 5660 ascendisset,
2803 5592 2915 5647 imo
2941 5569 3360 5647 transcendisset
3384 5619 3399 5641 .
3423 5585 3488 5628 θο
3505 5569 3780 5680 3Ὺῖὲὲ

617 5691 669 5745 ι.
692 5648 836 5745 ϐιηῐῖ
846 5688 1190 5753 ostendisset,
1210 5705 1326 5745 rem
1347 5698 1470 5744 esse
1488 5648 1778 5745 ad‘modtrm
1797 5687 1987 5744 utilem
2009 5701 2140 5748 sese.
2235 5690 2434 5745 victum
2461 5683 2804 5756 necessaria)
2833 5698 2942 5740 non
2972 5681 3241 5753 acceperit
3259 5722 3274 5745 ν
3288 5675 3419 5778 ‘9'“
3441 5648 3779 5778 3311::

554 5786 926 5850 “inmitem”.
943 5787 1000 5834 ει
1027 5781 1170 5849 hanc
1182 5793 1304 5837 0390
1323 5793 1593 5848 summam
1623 5781 2019 5862 perfectionem
2035 5745 2061 5838 :7
2076 5745 2140 5861 et
2233 5787 2418 5866 poma
2442 5745 2804 5846 descenderit,
2835 5784 2893 5833 et
2919 5745 3199 5846 utriustiue
3227 5745 3315 5827 rei
3333 5756 3561 5824 ιεωροη
3588 5745 3651 5790 ¹¹⁰

3535 5449 3778 5542 perfeci“?
