3992 6412
180 302 260 362 m
1145 297 1213 356 IN
1253 296 1474 356 EPIST.
1515 296 1538 352 ι
1590 297 1682 350 AD
1711 297 1870 352 con.
1916 297 2153 356 “eam.
2189 273 2381 359 xxi“.

177 415 352 489 καὶτήν
372 413 770 488 μοιχευομένην
808 411 998 485 αὐτὴν,
1018 411 1113 468 καὶ
1135 413 1371 478 οἰκείους
1406 412 1502 468 καί¹
1529 410 1718 482 φίλους

176 503 252 556 καὶ
279 501 574 568 συγγενεῖς,
594 499 687 552 καὶ
703 497 918 568 τοίχους
937 497 1031 553 καὶ
1048 497 1206 561 σκιὰς
1234 497 1330 551 καὶ
1357 495 1570 559 ἐαυτὸν,
1601 492 1718 560 καὶ,

170 589 219 638 τὸ
238 583 445 638 πάντων
466 582 870 654 χαλεπώτερον,
900 580 960 636 τὸ
994 579 1234 644 συνειδὸς
1255 580 1369 651 ἔχει
1411 577 1718 640 καταϐοῶν,

172 667 407 722 ὑλακτοῦν
461 665 586 719 καθ’
624 665 861 736 ἑκάστην
907 664 1142 736 ⁴ἡμέραν.
1177 665 1276 718 Ἂν
1305 663 1363 717 δέ
1409 661 1594 716 καὶτὸ
1627 660 1720 715 τοῦ

172 750 282 804 Θεοῦ
309 749 656 821 δικαστήριον
702 749 951 820 ἐννοήσῃ,
994 747 1116 802 οὐδὲ
1173 748 1362 818 στῆναι
1408 747 1718 819 δυνήσεται.

177 834 320 904 Καὶή
355 833 455 902 μὲν
480 831 643 904 ήδονὴ
699 832 1006 904 βραχεία,ἠ
1053 832 1112 886 δὲ
1161 832 1269 886 ἀπὸ
1301 829 1506 901 ταύτης
1559 827 1723 899 ὀδύνη

182 919 417 988 διηνεκὴς.
439 918 550 970 Καὶ
575 917 684 986 γάρ
709 917 804 970 καὶ
830 918 887 968 ἐν
915 915 1125 986 ἑσπέρᾳ
1145 916 1240 969 καὶ
1265 915 1323 967 ἐν
1346 913 1523 978 νυκτὶ,
1551 913 1644 967 καὶ
1664 913 1723 966 ἐν

185 1003 351 1075 ἐρημίᾳ
366 1002 461 1056 καὶ
489 1004 547 1056 ἐν
577 1002 751 1067 πόλει,
783 1002 878 1056 καὶ
924 999 1199 1072 πανταχοῦ
1223 1000 1416 1056 ἕπεται
1437 999 1466 1051 6
1493 999 1725 1070 κατήγο-

184 1105 272 1159 ρος,
283 1087 427 1155 ξίφος
460 1085 675 1149 δεικνὺς
693 1085 1050 1156 ἠκονημένον,
1071 1086 1165 1138 καὶ
1191 1083 1289 1148 τάς
1315 1083 1623 1154 ἀφορήτους
1640 1100 1725 1136 κο·

179 1170 351 1230 λάσεις,
373 1169 464 1221 καὶ
506 1167 583 1237 τῷ
615 1169 765 1239 φόϐῳ
791 1166 1203 1222 καταναλίσκων
1231 1167 1391 1221 αὐτὸν
1417 1168 1512 1222 καὶ
1549 1167 1724 1220 δαπα-

175 1252 279 1306 νῶν.
319 1252 374 1303 ’0
399 1250 455 1303 δέ
495 1249 736 1321 σώφρων
765 1254 971 1316 ἐκεῖνος
991 1252 1204 1306 πάντων
1248 1249 1454 1304 τούτων
1477 1250 1722 1322 ἀπήλλα-

174 1352 299 1400 κται,
324 1335 414 1388 καὶ
444 1334 591 1388 ἔστιν
625 1335 684 1387 ἐν
740 1334 1045 1407 ἐλευθερίᾳ.
1081 1336 1175 1388 καὶ
1227 1335 1368 1405 μετά
1393 1333 1577 1398 ἀδείας
1622 1336 1724 1407 ὁρᾷ

172 1418 254 1488 τὴν
277 1420 498 1484 γυναῖκα
529 1417 629 1488 τήν
660 1417 878 1480 ἐαυτοῦ,
912 1419 979 1472 τά
1002 1418 1210 1484 παιδία,
1233 1417 1359 1480 τοὺς
1376 1417 1586 1486 φίλους,
1626 1417 1723 1472 καὶ

171 1499 452 1572 ἐλευθέροις
488 1501 694 1554 ἅπασιν
719 1500 1018 1572 ὀφθαλμοῖς
1047 1502 1263 1572 ἀπαντᾷ
1295 1510 1336 1556 ⁸.
1365 1501 1428 1555 Et
1447 1501 1504 1554 δέ
1525 1503 1554 1554 6
1580 1501 1722 1574 ἐρῶν

171 1583 276 1652 μὲν,
322 1583 530 1654 κρατῶν
561 1585 637 1648 δέ,
676 1585 944 1656 τοσαύτης
1006 1585 1377 1640 ἀπολαύσεται
1419 1585 1635 1656 ἡδονῆς,
1694 1587 1723 1639 6

172 1665 290 1736 μηδὲ
310 1665 468 1737 ἐρῶν,
496 1666 634 1720 ἀλλά
654 1668 911 1739 καθαρῶς
943 1667 1258 1740 σωφρονῶν,
1283 1670 1430 1734 τίνος
1479 1667 1718 1740 λιμένος,

169 1751 306 1812 ποίας
354 1752 593 1823 γαλήνης
625 1754 725 1824 ούχ
779 1754 914 1824 ήδίω
943 1755 1040 1808 καὶ
1069 1755 1434 1826 ήμερωτέραν
1460 1758 1721 1826 κτήσεται

167 1835 355 1904 ᾁυχήη
412 1836 508 1890 Διά
535 1854 615 1890 τοι
639 1836 796 1891 τοῦτο
826 1839 952 1901 τοὺς
978 1837 1331 1908 μοιχεύοντας
1363 1838 1464 1908 μὲν
1506 1839 1721 1906 ὀλίγους

169 1917 224 1968 ἂν
253 1917 391 1984 ἴδοις,
421 1919 827 1990 σωφρονοῦντας
854 1921 908 1974 δὲ
950 1921 1184 1987 πλείους.
1209 1923 1274 1976 El
1305 1923 1362 1977 δὲ
1383 1922 1718 1994 τοῦτοῆδιον,

166 2001 304 2055 τοῦτο
326 2002 390 2056 ἂν
420 2005 624 2060 εἵλοντο
652 2007 700 2060 οί
733 2005 936 2060 πολλοί.
965 2007 1074 2060 Καὶ
1108 2009 1182 2078 μή
1221 2025 1311 2078 μοι
1341 2007 1467 2078 λέγε
1489 2009 1580 2062 τὸν
1613 2009 1722 2064 ἀπὸ

166 2085 297 2158 1199Ῑ
325 2088 427 2141 τῶν
443 2088 624 2158 νόμων
644 2088 830 2158 φόϐον⁶
854 2089 974 2142 ούδέ
998 2089 1106 2161 γὰρ
1123 2085 1280 2154 οὗτός
1305 2093 1453 2145 ἐστιν
1475 2092 1674 2156 αὐτοὺς
1693 2095 1722 2146 6

167 2171 534 2240 κατέχων,ἀλλ’
563 2173 596 2242 ή
627 2172 728 2244 τῆς
757 2174 982 2238 ἀτοπίας
1001 2175 1296 2246 ὑπερϐολὴ,
1312 2175 1480 2230 καὶτὸ
1499 2177 1721 2234 πλείονα

166 2247 374 2308 εἶναιτά
406 2254 630 2326 λυπηρά
657 2255 766 2310 τῶν
791 2256 997 2328 ήδέων,
1038 2258 1134 2312 καὶ
1180 2260 1214 2330 ή
1271 2257 1366 2312 τοῦ
1421 2262 1718 2328 συνειδότος

165 2336 339 2405 ψῆφος.
366 2339 472 2392 Καὶ
501 2341 530 2392 ό
559 2340 658 2408 μὲν
690 2339 876 2411 μοιχδς
908 2341 1167 2407 τοιοῦτος.
1224 2343 1290 2397 El
1338 2343 1396 2398 δὲ
1438 2345 1716 2416 βούλεσθε,

165 2421 246 2472 καὶ
258 2421 342 2474 τὸν
366 2423 693 2494 πλεονέκτην
709 2425 788 2487 είς
821 2425 984 2496 μέσον
1001 2428 1318 2497 ἀγάγωμεν,
1335 2428 1426 2482 ἒτε
1433 2447 1524 2500 ρον
1540 2430 1719 2501 ἔρωτα

165 2503 303 2556 πάλιν
336 2506 650 2577 παράνομον
669 2507 1132 2578 ἀπογυμνοῦντες.
1164 2511 1273 2564 Καὶ
1293 2511 1401 2582 γὰρ
1419 2511 1512 2565 καὶ
1530 2513 1718 2567 τοῦτον

161 2587 379 2657 ὀψόμεθα
409 2589 480 2643 τά
506 2591 645 2644 αὐτὰ
669 2589 963 2652 δεδοικότα.
1011 2593 1106 2648 καὶ⁴
1135 2593 1195 2646 οὐ
1216 2593 1514 2666 δυνάμενον
1545 2598 1717 2652 καθα-

163 2673 241 2737 ρὶς
265 2672 562 2726 ἀπολαύειν
587 2675 795 2745 ήδονῆς.
815 2677 926 2730 Καὶ
940 2676 1052 2747 γὰρ
1070 2677 1164 2730 καὶ
1189 2683 1312 2742 τοὺς
1333 2679 1718 2752 ἀδικουμένους

161 2753 351 2838 ἐννοῶν,
373 2757 474 2810 καὶ
493 2759 620 2822 τοὺς
643 2759 1042 2828 συναλγοῦντας
1059 2761 1261 2825 αὐτοῖς,
1303 2765 1398 2817 καὶ
1417 2765 1515 2834 τὴν
1533 2766 1717 2838 κοινὴν

155 2837 385 2892 ἁπάντων
415 2841 548 2910 περὶ
569 2840 730 2894 αὐτοῦ
761 2843 958 2914 ψῆφον,
1003 2844 1172 2914 μυρία
1198 2845 1419 2917 κύματα
1441 2847 1574 2918 ἔχει.
1608 2837 1718 2904 καὶ

147 2921 188 2972 οὐ
217 2921 380 2977 τοῦτο
412 2925 578 2993 μόνον
601 2925 718 2978 ἐστὶ
741 2925 801 2978 τὸ
829 2926 1084 2997 χαλεπὸν,
1107 2927 1222 2981 ἀλλ’
1249 2930 1371 2983 οὐδέ
1397 2935 1495 3003 τῆς
1513 2933 1718 3004 ἐρωμέ-

139 3019 218 3076 νης
247 3005 568 3059 ἀπολαῦσαι
591 3006 831 3063 δύναται.
863 3008 1114 3075 Τοιοῦτος
1141 3010 1248 3083 γάρ
1267 3014 1296 3066 6
1324 3013 1432 3066 τῶν
1462 3015 1718 3087 φιλαργύ-

136 3105 237 3157 ρων
254 3090 480 3161 ulmo;
510 3091 610 3161 ούχ
639 3091 725 3145 ἵνα
747 3092 1091 3148 ἀπολαύωσιν
1113 3094 1350 3164 ἔχουσιν,
1393 3097 1612 3153 ἀλλ’ἵνα
1640 3101 1717 3172 μὴ

135 3173 500 3226 ἀπολαύωσιν.
525 3175 591 3229 Et
623 3175 680 3228 δὲ
712 3177 938 3247 αἴνιγμά
971 3195 1052 3230 σοι
1077 3179 1236 3232 τοῦτο
1263 3175 1402 3235 εἶναι
1431 3183 1596 3248 δοκεῖ,
1623 3186 1717 3238 καὶ

136 3257 202 3308 :6
223 3256 305 3308 ἔτι
337 3259 520 3311 τούτου
568 3262 750 3331 χεῖρον
804 3261 898 3314 καὶ
925 3263 1274 3335 ἀπορώτερον
1316 3265 1503 3319 ἀκουε’
1543 3268 1626 3321 ὃτι
1653 3269 1716 3322 06

133 3341 298 3412 ταύτῃ
332 3342 497 3412 μόνον
520 3343 842 3413 ἐστέρηνται
866 3345 966 3415 τῆς
995 3346 1103 3400 τῶν
1123 3347 1292 3402 ὄντων
1315 3349 1529 3419 ήδονῆς,
1546 3352 1624 3422 τῷ
1642 3352 1716 3424 μή

127 3426 332 3496 τολμᾷν
378 3427 571 3489 αὐτοῖς
624 3427 877 3498 χρῆσθαι,
913 3429 987 3492 ὼς
1023 3429 1323 3500 βούλονται,
1349 3433 1486 3487 ἀλλὰ
1513 3436 1606 3488 καὶ
1638 3437 1717 3507 τῷ

129 3510 404 3591 μηδέποτε
467 3509 667 3591 αὑτῶνῌ
691 3511 1101 3580 ἐμπίπλασθαι,
1168 3515 1281 3568 ἀλλ’
1315 3519 1373 3571 ἐν
1431 3517 1512 3588 τῷ
1557 3518 1717 3591 διψῆν

129 3589 258 3646 εἶναι
287 3593 586 3662 διηνεκῶς·
610 3586 670 3648 οὗ
690 3594 744 3646 τί
765 3595 961 3664 γένοιτ’
985 3595 1050 3651 ἀν
1104 3586 1509 3672 χαλεπώτερονξ
1579 3586 1716 3657 Ἀλλ’

130 3677 215 3746 οὐχ
240 3679 272 3730 6
296 3677 517 3738 δίκαιος
536 3675 794 3740 τοιοῦτος·
824 3678 960 3732 ἀλλά
1010 3681 1102 3734 κα)⁵
1127 3683 1329 3753 τρόμου
1367 3686 1462 3737 καὶ
1501 3685 1714 3755 μίσους,

133 3762 214 3813 καί
243 3761 420 3828 φόϐου
456 3759 660 3813 καὶτοῦ
685 3761 904 3815 ἀνιάτου
925 3763 1114 3818 τούτου
1140 3765 1324 3835 δίψους
1351 3768 1712 3839 ἀπήλλακταιο

135 3845 214 3896 καὶ
237 3843 442 3914 ὥσπερ
476 3843 667 3913 ἐκείνῳ
693 3845 894 3909 πάντες
927 3846 1264 3916 ἐπαρῶνται,
1323 3850 1467 3904 οὕτω
1515 3853 1715 3919 πάντες

135 3928 298 3996 τούτῳ
340 3925 716 3997 συνεύχονταιο
746 3929 840 3981 καὶ
871 3929 1122 4002 καθάπερ
1147 3933 1354 3995 ἐκεῖνος
1393 3933 1586 3988 οὐδένα
1625 3937 1716 3990 κέ-

140 4025 321 4082 κτηται
363 4009 546 4076 φίλον,
575 4008 748 4074 οὕτως
779 4006 932 4076 οὗτος
968 4013 1158 4067 ούδένα
1186 4015 1398 4086 ἐχθρόν.
1426 4016 1492 4068 Τί
1514 4018 1713 4086 τοίνυν,

139 4094 328 4147 τούτων
353 4093 535 4155 οὕτως
571 4091 1031 4165 ὡμολογημένων,
1063 4096 1096 4168 ἢ
1132 4098 1330 4162 κακίας
1363 4099 1709 4171 ἀηδέστερον,

141 4176 162 4243 ἡ
195 4177 406 4248 ἀρετῆς
457 4175 604 4247 ἥδιον
637 4177 834 4244 γένοιτ’
865 4177 967 4243 άν;
1015 4180 1215 4248 μᾶλλον
1251 4181 1330 4247 δὲ,
1398 4181 1499 4236 κᾶν
1543 4184 1711 4254 μυρία

143 4266 394 4330 ιὶπωμεν,
430 4261 604 4324 οὐδεὶς
625 4259 750 4316 οὔτε
773 4262 986 4333 ἐκείνης
1007 4263 1106 4334 τὴν
1139 4264 1339 4336 λύπην,
1366 4265 1490 4320 οὔτε
1511 4267 1712 4340 ταύτης

183 4479 200 4499 ⁸
227 4476 503 4541 Legebat!"
529 4479 730 4529 ἅπαντα.

3309 307 3404 360 188

1819 411 1920 482 τήν
1951 412 2144 486 ήδονὴν
2177 415 2525 488 παραστῆσαι
2549 415 2839 486 δυνήσεται
2871 415 3038 488 λόγῳ,
3071 417 3177 482 ἓως
3222 418 3288 474 ἂν
3319 423 3412 482 αό-

1818 495 1919 577 τῆς
1947 497 2370 570 ἀπολαύσωμεν.
2424 499 2558 552 Τότε
2598 498 2707 572 γάρ
2745 500 2841 555 καὶ
2887 500 3215 572 πικρότερον
3247 503 3411 577 χολῆς

1819 575 2129 651 εὑρήσομεν
2155 583 2255 650 τὴν
2289 582 2511 648 κακίαν,
2542 582 2670 638 ὅταν
2695 583 2789 636 τοῦ
2823 584 2918 654 τῆς
2951 583 3157 655 ἀρετῆς
3170 575 3410 658 ἀπογευ-

1823 659 2046 732 σὼμεθα
2079 663 2315 734 μέλιτος.
2349 665 2507 718 Ἐστι
2538 664 2638 735 μέν
2688 663 2799 736 γάρ
2832 667 2928 720 καὶ
2971 666 3067 720 νῦν
3098 668 3268 740 ἀηδὴς
3319 671 3414 725 καί

1822 746 2056 817 φορτικὴ
2089 749 2183 802 καὶ
2216 748 2486 821 ἐπαχθὴς,
2532 749 2628 803 καὶ
2656 750 2793 821 πρὸς
2821 748 2984 804 τοῦτο
3029 751 3151 806 οὐδὲ
3178 754 3334 808 αὐτοὶ
3361 757 3410 808 οί

1822 827 2218 900 θεραπεύοντες
2249 831 2422 903 αὐτὴν
2472 832 2815 904 ἀντεροῦσιψ
2844 834 2974 887 ὅταν
2998 833 3055 888 δέ
3079 835 3251 906 αὐτῆς
3279 839 3413 892 ἀπο-

1823 911 2060 983 στῶμεν,
2084 913 2208 967 τότε
2242 915 2413 986 αὐτῆς
2446 915 2840 986 ἀκριϐέστερον
2895 917 3268 987 αἰσθανόμεθα
3303 920 3412 974 τῶν

1823 995 2038 1067 πικρῶν
2063 997 2480 1070 ἐπιταγμάτων.
2509 999 2572 1052 El
2601 998 2659 1052 δὲ
2718 999 2768 1053 οἱ
2804 998 2991 1053 πολλοὶ
3049 1001 3186 1072 1:96;
3240 1004 3413 1074 αὐτὴν

1824 1077 2100 1148 τρέχουσι,
2121 1079 2438 1151 θαυμαστὸν
2467 1082 2640 1136 οὐδέν’
2675 1083 2797 1136 ἐπεὶ
2828 1083 2923 1136 καὶ
2946 1086 3133 1148 παῖδες
3150 1085 3412 1150 πολλάκις

1822 1163 1892 1216 τά
1919 1158 2083 1236 ἦττον
2117 1164 2248 1236 ήδέα
2289 1165 2556 1237 ἐλόμενοι,
2589 1166 2698 1220 τῶν
2734 1166 2994 1238 μειζόνως
3011 1167 3414 1238 εὐφραινόντων

1823 1248 2247 1319 καταφρονοῦσα
2280 1251 2376 1303 καὶ
2393 1251 2444 1304 οἱ
2474 1250 2760 1314 νοσοῦντες
2786 1251 2929 1322 ὑπὲρ
2959 1253 3301 1323 προσκαίρου
3317 1254 3413 1323 χάο

1827 1348 1970 1402 ριτος
1989 1332 2088 1402 τὴν
2111 1332 2338 1405 διηνεκῆ
2357 1335 2450 1388 καὶ
2468 1335 2889 1408 ἀσφαλεστέραν
2914 1335 3256 1407 εὐφροσύνην
3314 1339 3414 1391 ἀπ-

1823 1415 2239 1472 ώλεσαν.Τοῦτο
2267 1417 2324 1471 δὲ
2353 1419 2450 1489 τῆς
2477 1419 2588 1472 τῶν
2617 1417 2873 1490 ἐρώντων
2902 1419 3187 1484 ἀσθενείας
3216 1438 3277 1474 τε
3319 1423 3414 1475 καὶ

1821 1499 2006 1564 ἀνοίας
2036 1503 2202 1564 ἐστὶν,
2226 1503 2286 1556 ού
2318 1504 2418 1572 τῆς
2441 1503 2552 1557 τῶν
2576 1503 2920 1575 πραγμάτων
2950 1502 3184 1574 φύσεως.
3232 1504 3290 1558 '0
3305 1504 3414 1578 γάρ

1828 1584 1947 1654 μεθ’
1968 1585 2164 1656 ήδονής
2203 1586 2332 1651 ζῶν,
2352 1589 2380 1640 6
2406 1587 2659 1658 ἐνάρετός
2687 1588 2857 1650 ἐστιν,
2916 1588 2945 1640 6
2974 1587 3219 1641 πλουτῶν
3244 1588 3413 1654 ὅντως

1828 1670 1924 1724 καὶ
1949 1669 2119 1734 ὅντως
2148 1670 2433 1745 ἐλεύθερος
2467 1671 2560 1727 ὥν.
2596 1673 2660 1726 El
2689 1671 2747 1726 δέ
2770 1689 2852 1735 τις
2879 1670 2951 1725 τά
2973 1672 3074 1743 μὲν
3117 1671 3252 1726 ἄλλα
3278 1688 3413 1742 συγ-

1827 1752 2032 1822 χωροίη
2063 1756 2128 1824 τῇ
2157 1754 2348 1826 ἀρετῇ,
2383 1755 2722 1827 ἐλευθερίαν,
2758 1755 2966 1818 ἄδειαν,
3002 1754 3063 1809 τὺ
3116 1755 3415 1827 φροντίδων

1827 1835 2196 1907 ἀπηλλάχθαι,
2233 1838 2296 1891 τὸ
2329 1839 2534 1910 μηδένα
2567 1839 2886 1904 δεδοικέναι,
2949 1838 3013 1892 :6
3057 1838 3265 1911 μηδένα
3308 1839 3414 1892 61:-

1826 1917 2097 1984 οπτεύειν,
2127 1921 2229 1992 τὴν
2250 1921 2308 1974 δὲ
2338 1922 2530 1993 ήδονὴν
2560 1921 2636 1992 μή
2666 1921 3001 1994 συγχωροίη,
3052 1924 3147 1976 καὶ
3184 1921 3416 1990 γελάσαι

1829 2018 1921 2072 μοι
1945 2001 2133 2057 λοιπὸν
2146 2004 2366 2075 δαψιλὲς
2391 2005 2628 2060 ἐνταῦθα
2655 2005 2972 2078 ἐπέρχεται.
3006 2004 3071 2058 Τί
3096 2005 3206 2077 γάρ
3228 2005 3415 2076 ἕτερόν

1826 2086 1975 2139 ἐστιν
2003 2087 2185 2161 ἡδονὴ,
2231 2089 2265 2160 ἢ
2297 2089 2358 2142 τὸ
2397 2090 2678 2162 φροντίδος
2730 2089 3198 2160 ἀπηλλάχθαικαὶ
3247 2087 3414 2158 φόϐου

1826 2169 2210 2240 καὶρθυμίας,
2239 2173 2332 2225 καὶ
2369 2175 2536 2226 πᾶσιν
2561 2173 2860 2244 ἀχείρωτον
2883 2168 3056 2238 εἷναι;
3095 2173 3193 2234 Τίς
3217 2171 3327 2242 γὰρ
3357 2172 3417 2224 ἐν

1823 2251 2007 2323 ἡδονῇ,
2035 2253 2158 2306 είπέ
2188 2271 2300 2324 μοι,
2328 2256 2357 2308 6
2382 2255 2705 2327 μαινόμενος
2735 2255 2833 2309 καὶ
2858 2253 3145 2325 σφαδάζων
3169 2255 3263 2306 καὶ
3295 2270 3415 2307 κεν.

1823 2335 2086 2406 τούμενος
2114 2337 2219 2391 ὑπὸ
2244 2338 2550 2410 ἐπιθυμιῶν
2580 2338 2812 2404 πολλῶν,
2845 2339 2941 2394 καὶ
2967 2337 3091 2391 ούδέ
3125 2340 3184 2390 ἐν
3233 2337 3416 2406 ἐαυτῷ

1825 2418 1922 2482 ὢν,
1951 2421 1984 2493 ή
2011 2423 2039 2475 6
2062 2421 2268 2475 τούτων
2293 2422 2511 2476 πάντων
2533 2422 2959 2493 ἀπηλλαγμένος
2987 2421 3099 2475 τῶν
3129 2421 3414 2492 κυμάτων,

1825 2503 1922 2556 καὶ
1945 2501 2137 2574 ὥσπερ
2170 2504 2230 2556 ἐν
2269 2504 2451 2576 λιμένι
2481 2507 2546 2576 τῇ
2579 2504 2871 2575 φιλοσοφίᾳ
2909 2504 3255 2576 καθήμενος;
3313 2504 3416 2558 οὐκ

1824 2586 2046 2658 εὔδηλον
2075 2588 2157 2640 ὅτι
2191 2582 2374 2652 οὗτος
2414 2586 2577 2640 Ἀλλά
2608 2588 2707 2658 τῆς
2731 2588 2934 2658 ἀρετῆς
2953 2587 3082 2641 ἴδιον
3111 2587 3268 2641 τοῦτο
3290 2588 3415 2640 ἀνευ

1823 2671 1990 2741 φάνη.
2023 2671 2183 2726 Ὥστε
2212 2673 2246 2743 η
2271 2669 2438 2724 κακία
2489 2671 2664 2741 ὄνομα
2709 2670 2871 2742 μόνον
2902 2671 3094 2742 ήδονῆς
3139 2671 3276 2742 ἔχει,
3316 2670 3414 2725 τοῦ
3497 2714 3502 2718 .

1822 2753 1881 2806 δὲ
1914 2753 2236 2825 πράγματός
2268 2756 2413 2808 ἐστιν
2445 2753 2670 2825 ἔρημος·
2721 2755 2818 2808 καὶ
2855 2755 2962 2826 1:96
2997 2755 3096 2827 μέν
3125 2756 3226 2827 τῆς
3279 2755 3415 2808 ἀπο-

1823 2836 2068 2902 λαύσεως
2101 2837 2252 2910 [200]
2311 2838 2478 2908 μανία
2507 2839 2678 2900 ἐστὶν,
2709 2838 2808 2908 οὑχ
2836 2837 3020 2909 ἡδονὴ,
3068 2839 3208 2909 μετά
3243 2838 3415 2910 δὲτὴν

1825 2921 2126 2974 ἀπόλαυσιν
2149 2920 2352 2984 εὐθέως
2377 2920 2471 2974 καὶ
2494 2921 2630 2990 αὐτὴ
2654 2920 2962 2974 σϐέννυται.
2995 2922 3056 2974 El
3083 2922 3263 2975 τοίνυν
3287 2922 3414 2976 οὔτε

1824 3006 1883 3056 ἐν
1904 3005 2044 3075 ἀρχῇ
2078 3003 2202 3057 οῦτε
2235 3004 2373 3074 μετά
2406 3003 2580 3057 ταῦτα
2618 3003 2767 3058 ἐστιν
2821 3006 2949 3059 ίδείν
2975 3005 3146 3076 αὐτῆς
3177 3005 3274 3076 τὴν
3294 3006 3414 3078 ήδο-

1823 3087 1942 3158 νήν,
1971 3087 2075 3140 ποῦ
2115 3089 2365 3156 φανεῖται
2389 3086 2485 3139 καὶ
2513 3087 2643 3139 πότε
2668 3105 2682 3153 ;
2715 3088 2832 3140 Ἵνα
2859 3088 2916 3141 δὲ
2963 3087 3298 3158 σαφέστερον
3318 3128 3333 3153 ,
3385 3087 3415 3142 6

1823 3171 1987 3241 λέγω,
2019 3171 2219 3243 μάθῃς,
2248 3172 2344 3224 ἐπὶ
2381 3170 2778 3241 ὑποδείγματος
2810 3171 2901 3224 τὸν
2930 3171 3089 3240 λόγον
3114 3173 3412 3242 γυμνάσω-

1826 3271 1950 3324 μεψ
1985 3255 2179 3307 σκόπει
2210 3253 2288 3306 δέ’
2333 3253 2547 3324 ἠράσθη
2577 3271 2660 3316 τις
2689 3254 2946 3322 γυναικὸς
2977 3254 3184 3325 ὡραίας
3207 3257 3301 3308 καὶ
3321 3255 3413 3308 εὐ-

1827 3338 2054 3411 μόρφου⁹
2082 3332 2237 3400 οὗτος
2265 3336 2371 3402 ἓως
2417 3336 2516 3408 μὲν
2540 3336 2608 3389 ἂν
2639 3337 2714 3408 μὴ
2763 3336 2998 3404 ἐπιτύχῃ
3036 3338 3132 3390 τοῦ
3183 3338 3410 3408 ἔρωτος,

1822 3425 1933 3486 τοῖς
1959 3420 2310 3491 ἐξεστηκόσιν
2348 3419 2492 3473 ἔοικε
2523 3420 2616 3472 καὶ
2646 3421 3078 3490 παραπαίουσινο
3105 3420 3327 3474 ἐπειδὰν
3352 3419 3413 3473 δὲ

1823 3503 2300 3575 ἐπιτύχῃ,έσϐεσε
2325 3502 2768 3574 τὴνέπιθυμίαν.
2819 3504 2883 3556 El
2931 3503 3110 3556 τοίνυν
3163 3505 3300 3574 μήτε
3351 3505 3412 3556 ἐν

1822 3589 1966 3660 ἀρχῇ
2009 3588 2221 3660 ἥδεται·
2257 3587 2424 3657 μανία
2453 3586 2562 3659 γὰρ
2592 3587 2653 3640 τὺ
2713 3588 2948 3659 πρᾶγμά
2992 3590 3128 3640 ἐστι·
3165 3589 3302 3658 μήτε
3353 3588 3411 3639 ἐν

1822 3671 1900 3742 τῷ
1933 3671 2099 3724 τέλει⁹
2153 3669 2410 3724 καταλύει
2462 3669 2571 3740 γάρ
2609 3673 2676 3740 τῇ
2719 3669 2862 3740 μίξει
2899 3670 2990 3722 τὸν
3026 3664 3260 3741 οἷστροψ
3304 3669 3409 3722 ποῦ

1821 3755 2010 3810 λοιπὸν
2042 3755 2211 3826 αὐτὴν
2234 3756 2571 3826 εύρήσομεν;
2616 3755 2755 3808 Ἀλλ’
2789 3755 2850 3808 o6
2883 3753 3213 3825 τάήμέτερα
3233 3752 3410 3807 τοιαῦ-

1821 3856 1910 3899 τα,
1938 3838 2074 3892 ἀλλά
2104 3839 2198 3891 καὶ
2250 3841 2307 3891 ἐν
2338 3840 2479 3910 ἀρχῇ
2517 3839 2764 3910 ταραχῆς
2810 3839 3156 3910 ἀπήλλακται
3204 3837 3407 3907 πάσης,

1823 3922 1918 3976 καὶ
1961 3921 2125 3992 μέχρι
2168 3919 2354 3983 τέλους
2375 3920 2706 3989 ἀκμάζουσα
2747 3921 2899 3990 μένει
2929 3923 2962 3992 ἡ
2992 3921 3174 3993 ἡδονή·
3207 3920 3409 3990 μᾶλλον

1821 4005 1878 4058 δὲ
1906 4003 2029 4056 οὐδέ
2060 4006 2176 4057 ἐστι
2206 4002 2358 4066 τέλος
2389 4004 2522 4076 παρ’
2548 4004 2679 4074 ήμῖν
2696 4003 2914 4073 ήδονῆς,
2947 4003 3068 4056 ούδέ
3095 4003 3208 4073 ἔχει
3236 4004 3407 4073 πέρας

1820 4085 1977 4157 ήμῶν
2008 4086 2076 4140 τὰ
2102 4085 2303 4153 ἀγαθὰ,
2332 4086 2452 4139 ούδέ
2489 4084 2816 4138 καταλύεταί
2851 4103 2980 4139 ποτε
3001 4086 3137 4156 αῦτη
3165 4085 3403 4156 ήήδονή.

1823 4168 1989 4226 Ταῦτ’
2035 4163 2129 4222 οὖν
2160 4167 2380 4222 ἅπαντα
2412 4169 2788 4238 ἐννοήσαντες,
2837 4168 2983 4237 εἴγε
3022 4167 3217 4237 ήδονῆς
3268 4167 3408 4239 ἐρῶ-

1826 4270 1945 4323 μεν,
1985 4251 2376 4321 ἐπιλαϐώμεθα
2423 4252 2646 4322 ἀρετῆς,
2716 4252 2804 4304 ἵνα
2840 4253 2936 4305 καὶ
2963 4251 3072 4304 τῶν
3123 4251 3406 4322 παρόντων

1820 4334 2047 4389 καὶτῶν
2082 4334 2388 4406 μελλόντων
2420 4333 2770 4407 ἐπιτύχωμεν
2794 4333 3040 4403 ἀγαθῶνο
3076 4326 3150 4386 ὧν
3194 4332 3411 4401 γένοιτο

1821 4419 2030 4482 πάντας
2069 4419 2214 4489 ἡμᾶς
2259 4419 2560 4489 ἐπιτυχεῖν,
2605 4416 2792 4489 χάριτι
2859 4415 2954 4471 καὶ
2998 4415 3402 4487 φιλανθρωπίᾳ,

1827 4503 1924 4556 καὶ
1947 4503 2015 4556 τά
2046 4502 2193 4574 ἑξῆς.

132 4824 3374 4862 W

1546 5095 1789 5150 ΟΜΙΛΙΑ
1823 5095 1956 5151 KF'.

135 5277 258 5331 οὐκ
271 5276 468 5349 σῖᾷιιτε
483 5277 572 5330 ὅτι
593 5281 646 5332 οὶ
670 5278 740 5349 έν
764 5278 992 5349 ᾳταὸίῳ
1009 5279 1340 5349 τρέχοντες,
1359 5278 1582 5349 πάντες
1590 5279 1708 5349 μὲν

251 5347 597 5417 τρέχουσιν,
640 5343 728 5414 εἷς
752 5345 821 5401 δὲ
847 5343 1144 5415 λαμϐάνέὶ
1171 5347 1239 5402 τὸ
1267 5343 1589 5414 βραϐεῖονξ

196 5447 262 5500 α’.
280 5445 476 5510 Δείξας
500 5446 584 5498 ὅτι
608 5443 741 5498 πολὺ
761 5445 1031 5516 χρήσιμον
1045 5443 1105 5497 :6
1125 5445 1598 5513 συγκαταϐαίνειν,
1618 5445 1712 5499 καὶ

146 5527 204 5592 ὣς
231 5530 391 5583 τοῦτο
442 5531 477 5599 ή
527 5528 672 5598 ἄκρα
700 5528 997 5598 τελειότης,
1037 5528 1133 5581 καὶ
1177 5529 1259 5582 ὅτι
1300 5529 1460 5594 αὐτὸς
1494 5530 1711 5584 πάντων

150 5611 282 5666 πλέον
321 5613 463 5683 πρὸς
493 5611 559 5664 :6
586 5611 788 5664 τέλειον
825 5609 1052 5675 ἀναϐάς,
1081 5601 1280 5680 μᾶλλον
1305 5611 1363 5665 δὲ
1396 5612 1491 5666 καὶ
1527 5612 1711 5683 ὑπερ-

152 5691 227 5756 ὖὰς
257 5695 393 5750 αὐτὸ
436 5693 521 5763 τῷ
573 5693 646 5766 μὴ
695 5693 1016 5763 λαμϐάνειν,
1056 5693 1273 5748 πάντων
1309 5694 1470 5748 πλέον
1502 5695 1707 5768 κατέϐη

155 5778 308 5838 πάλιν.
339 5779 440 5834 καὶ
469 5779 745 5847 ἑκατέρων
771 5775 975 5830 τούτων
997 5777 1121 5840 τοὺς
1153 5779 1376 5851 καιροὺς
1400 5778 1712 5850 γνωρίμους

1811 5281 2042 5351 ποιήσας
2081 5283 2216 5353 ήμϊν
2248 5281 2344 5336 καὶ
2371 5281 2473 5352 τῆς
2500 5279 2839 5345 τελειότητος
2869 5279 2963 5333 καὶ
2989 5279 3092 5348 τῆς
3120 5297 3398 5347 συγκατα-

1810 5361 2044 5426 ϐάσεως,
2088 5363 2535 5433 πληκτικώτερον
2583 5361 2764 5417 αὐτῶν
2809 5361 3149 5416 καθικνεῖται
3188 5364 3400 5431 λοιπὸν,

1812 5447 2188 5517 αἰνιττόμενος
2215 5448 2298 5501 ὅτι
2330 5445 2491 5499 τοῦτο
2531 5445 2591 5498 τὸ
2633 5445 2764 5515 παρ’
2787 5443 2966 5498 αὐτῶν
2991 5445 3272 5516 γινόμενον
3305 5450 3400 5501 καὶ

1813 5526 2005 5582 δοκοῦν
2037 5525 2176 5584 εῖναι
2205 5528 2565 5598 τελειότητος,
2617 5526 2980 5598 ματαιοπονία
3012 5527 3095 5591 τίς
3131 5529 3250 5583 ἐστι
3295 5547 3398 5583 πε-

1817 5613 1995 5684 ριττή.
2015 5612 2125 5666 Καὶ
2148 5613 2210 5666 οὐ
2233 5612 2385 5680 λέγει
2406 5611 2505 5683 μὲν
2521 5608 2652 5664 αὐτὸ
2678 5608 2822 5663 οὕτω
2845 5611 3052 5678 σαφῶς,
3073 5612 3161 5665 ἵνα
3195 5612 3269 5682 μὴ
3297 5613 3398 5666 ἀπ-

1817 5696 2304 5766 αναισχυντήσωσιο
2329 5693 2396 5748 δι’
2418 5687 2493 5747 ὧν
2510 5691 2567 5746 δέ
2593 5689 3021 5759 κατασκευάζει,
3033 5691 3187 5747 τοῦτο
3207 5692 3360 5763 δηλοῖ
3377 5705 3393 5720 ο

1817 5780 1912 5834 καὶ
1937 5779 2107 5836 εἰπὼν
2134 5781 2216 5835 ὅτι
2240 5780 2320 5844 είς
2344 5777 2436 5834 τὸν
2467 5775 2705 5848 Χριστὸν
2727 5776 3128 5843 ἁμαρτάνουσι,
3155 5777 3249 5831 καὶ
3269 5775 3394 5838 τοὺς
