3992 6406
222 320 323 378 189

219 437 382 493 cisset
422 432 598 504 nobis,
627 428 969 503 perfectionis
999 442 1194 498 nempe
1223 434 1278 481 et
1300 422 1797 496 attemperationis;

216 527 320 598 jam
354 525 477 579 illos
503 524 683 590 acrius
714 522 1055 591 perstringit,
1083 518 1426 574 subindicaus
1451 517 1552 571 hoc
1575 515 1642 570 ab
1672 514 1802 585 ipsis

219 613 580 684 factum,quod
599 612 938 683 perfectionis
957 625 1078 666 esse
1092 610 1522 675 videtur,vanum
1542 617 1593 663 et
1615 621 1804 677 super-

218 709 379 775 unum
411 720 534 762 esse
575 705 838 765 laborem.
869 703 1054 777 Neque
1095 718 1210 757 rem
1256 701 1326 756 ita
1363 700 1509 759 clare
1537 700 1701 765 dicit,
1734 712 1802 752 ne

219 801 578 871 impudentius
614 804 867 869 agerent:
892 813 987 867 per
1011 796 1099 852 illa
1120 805 1296 850 autem
1319 809 1438 864 qua:
1465 792 1673 864 probat,
1702 790 1804 844 hoc

220 894 469 961 ostendit.
499 892 565 949 Et
593 908 714 947 cum
741 887 975 946 dixisset
1010 889 1132 943 illos
1158 889 1207 941 in
1237 885 1506 949 Christum
1539 897 1800 955 peccare,

224 999 271 1042 et
291 986 488 1049 fratres
516 984 776 1054 perdere,
801 981 1040 1052 nihilque
1071 980 1193 1035 illos
1219 977 1465 1033 utilitatis
1499 975 1744 1042 accipere
1771 986 1802 1024 a

228 1076 452 1148 perfecta
484 1075 708 1130 scientia
729 1115 746 1139 ,
781 1072 879 1126 nisi
910 1071 1051 1125 adsit
1082 1070 1317 1135 caritas;
1351 1081 1538 1129 rursus
1562 1064 1630 1126 ad
1652 1079 1803 1118 com-

225 1185 377 1237 mune
400 1168 705 1236 exemplum
733 1164 880 1220 venit
908 1174 960 1218 et
987 1164 1060 1219 ait
1087 1180 1099 1215 :
1132 1160 1353 1216 Nescitis
1379 1158 1513 1229 quod
1537 1158 1575 1211 ii
1596 1198 1611 1222 ,
1642 1155 1802 1226 quiin

225 1263 382 1320 stadio
408 1270 650 1324 currunt,
680 1275 853 1312 omnes
880 1257 1082 1330 quidem
1113 1264 1358 1318 currunt,
1387 1253 1475 1311 sed
1501 1268 1631 1305 unus
1664 1249 1800 1303 acci-

229 1357 298 1425 pit
331 1355 551 1408 brevium
573 1353 599 1407 ?
628 1352 738 1406 lloc
766 1360 946 1407 autem
975 1347 1124 1413 dicit,
1150 1363 1254 1401 non
1280 1346 1432 1425 quasi
1459 1344 1543 1401 hic
1570 1355 1709 1397 unus
1737 1356 1806 1395 ex

231 1446 400 1504 multis
429 1427 654 1499 salutem
698 1442 767 1499 sit
812 1450 1281 1522 consequuturus,
1313 1438 1487 1502 absit;
1531 1435 1627 1490 sed
1663 1432 1804 1504 quod

230 1552 323 1590 nos
347 1535 635 1591 debeamus
662 1532 896 1588 studium
923 1529 1181 1585 adhibere
1206 1528 1452 1583 multum.
1485 1525 1634 1583 Sicut
1659 1525 1803 1585 enim

230 1627 299 1682 ibi
328 1628 505 1682 multis
535 1626 586 1679 in
615 1623 845 1679 stadium
873 1621 1357 1691 descendentibus,
1390 1632 1497 1672 non
1537 1630 1806 1671 coronan-

232 1728 312 1771 tur
332 1717 500 1781 multi,
525 1716 619 1771 sed
651 1731 787 1770 unus
813 1714 866 1770 id
894 1713 1230 1783 assequitur;
1271 1726 1371 1774 nec
1391 1708 1587 1767 sufﬁcit
1611 1708 1664 1763 in
1690 1722 1810 1762 cer-

230 1820 397 1864 tamen
424 1807 753 1864 descendere
773 1849 786 1872 ,
819 1821 993 1875 neque
1023 1804 1205 1875 inungi
1233 1812 1288 1859 et
1326 1810 1679 1858 concertare:
1733 1799 1805 1853 ita

236 1915 288 1958 ct
325 1902 408 1957 hic
433 1915 643 1972 quoque
679 1915 785 1953 non
818 1899 948 1955 satis
978 1907 1060 1952 est
1089 1895 1406 1960 credidisse,
1437 1904 1492 1949 et
1520 1903 1808 1961 utcumque

234 1996 571 2059 decertassc;
612 1991 707 2047 sed
738 1990 839 2045 nisi
870 1990 942 2044 ita
968 2003 1249 2044 curramus
1279 1994 1335 2041 ut
1366 2001 1534 2055 usque
1560 1984 1612 2039 in
1645 1984 1806 2038 finem

232 2087 518 2156 inculpatos
550 2099 649 2138 nos
680 2081 1048 2152 pra-beamus,
1080 2088 1135 2134 et
1173 2078 1356 2133 hravio
1402 2076 1681 2149 propinqui
1731 2075 1806 2129 sic

231 2194 364 2244 ntus,
389 2175 522 2230 nihil
549 2188 918 2244 assequemur.
952 2170 1012 2227 Si
1037 2171 1180 2225 enim
1214 2179 1265 2225 te
1295 2170 1589 2240 perfectum
1621 2164 1807 2221 existi-

230 2284 374 2333 mas,
419 2267 626 2341 inquit,
674 2263 971 2323 secundum
1008 2261 1323 2323 scientiam,
1366 2258 1599 2314 nondum
1632 2266 1809 2311 tamen

231 2369 389 2418 tntum
415 2356 669 2427 accipies,
695 2355 744 2409 id
768 2354 908 2424 quod
937 2353 1283 2410 subindicans
1304 2350 1517 2412 dicebat
1540 2367 1554 2404 :
1586 2349 1673 2404 Sic
1694 2364 1813 2402 eur-

228 2451 321 2505 rite
343 2460 392 2503 ut
422 2447 878 2518 comprehendatis.
928 2444 1175 2502 Nondum
1219 2459 1346 2515 ergo
1383 2438 1809 2513 comprehende-

227 2552 361 2595 rant.
411 2541 483 2596 Et
528 2555 649 2595 cum
697 2540 769 2594 ita
820 2538 1079 2605 dixisset,
1129 2538 1346 2591 modum
1397 2535 1560 2591 etiam
1614 2534 1808 2590 docet:

225 2632 312 2689 25.
356 2630 539 2685 Omnis
568 2640 757 2694 autem,
788 2630 874 2695 qui
902 2630 954 2683 in
982 2645 1145 2701 agone
1172 2627 1459 2691 contendit,
1491 2627 1553 2679 ab
1580 2627 1813 2683 omnibus

220 2726 458 2785 abstinet.
492 2721 630 2793 Quid
659 2731 763 2785 est,
798 2721 871 2781 Ab
901 2722 1133 2775 omnibus
1162 2720 1419 2780 abstinet?
1459 2718 1573 2773 Non
1609 2717 1677 2776 ab
1710 2717 1813 2771 hoc

218 2817 437 2887 quidem
470 2815 724 2880 abstinet,
752 2814 805 2868 in
831 2814 935 2868 alio
957 2822 1133 2867 autem
1157 2821 1376 2883 peccat;
1409 2810 1502 2865 sed
1532 2818 1586 2864 ct
1612 2826 1640 2863 a
1668 2810 1810 2879 gula,

211 2923 240 2961 a
272 2906 523 2971 lascivia,
544 2907 612 2959 ab
631 2905 909 2970 ebrietate,
935 2915 989 2960 et
1016 2905 1083 2958 ab
1112 2904 1362 2958 omnibus
1391 2903 1531 2957 vitiis
1560 2901 1811 2959 abstinet.

209 2999 347 3056 Nam
379 2999 487 3053 hoc
509 3038 526 3063 ,
562 2997 771 3066 inquit,
816 2997 866 3049 in
898 2996 1136 3051 externis
1175 3010 1386 3065 quoque
1432 2991 1815 3051 certaminibus

215 3093 565 3147 observatur.
596 3087 782 3160 Neque
822 3087 964 3148 enim
996 3070 1324 3147 certantibus
1350 3084 1657 3140 certaminis
1683 3091 1816 3136 tem-

227 3199 361 3253 pore
385 3181 641 3244 inebriari
675 3162 798 3235 licet
823 3195 996 3249 neque
1026 3178 1276 3243 scortari,
1308 3193 1375 3233 ne
1404 3177 1546 3235 vires
1570 3175 1813 3239 solvant;

233 3291 396 3347 neque
424 3276 514 3331 alii
551 3275 628 3330 rei
660 3273 890 3343 cuipiam
916 3287 1132 3342 cperam
1164 3270 1323 3336 dare;
1356 3271 1449 3326 sed
1476 3269 1544 3323 ab
1569 3269 1817 3323 omnibus

223 3383 447 3438 prorsus
473 3366 847 3430 abscedentes,
875 3364 1007 3419 solis
1032 3364 1325 3436 gymnasiis
1344 3362 1474 3417 dant
1498 3376 1737 3431 operam.
1760 3360 1814 3414 Si

217 3472 401 3516 autem
448 3460 558 3514 illic
586 3458 702 3514 lucc
733 3457 901 3522 ﬁunt,
942 3456 1029 3512 ubi
1061 3471 1261 3512 corona
1286 3456 1379 3510 uni
1409 3454 1601 3509 datur:
1650 3453 1818 3509 multo

219 3555 396 3626 magis
433 3554 544 3618 hic,
576 3553 666 3607 ubi
697 3550 869 3622 major
896 3561 979 3606 est
1006 3551 1245 3621 largitas.
1287 3548 1472 3620 Neque
1498 3549 1639 3603 enim
1682 3565 1817 3603 unus

221 3656 436 3702 tantum
479 3655 563 3700 est
595 3644 685 3713 qui
727 3652 1033 3710 coronatur,
1075 3650 1131 3697 et
1172 3641 1388 3711 prtemia
1419 3641 1633 3695 labores
1663 3640 1818 3711 longe

219 3745 508 3807 superant.
566 3734 796 3804 Ideoque
824 3733 1081 3804 pudorem
1125 3733 1389 3787 incutiens
1428 3733 1499 3786 ita
1535 3729 1769 3801 loquitur
1803 3748 1817 3786 :

221 3832 292 3887 Et
317 3831 401 3885 illi
431 3829 634 3901 quidem
661 3838 715 3882 ut
744 3826 1118 3899 corruptibilem
1146 3831 1385 3884 coronam
1412 3824 1700 3893 accipiant,
1729 3839 1820 3876 nos

219 3936 394 3980 autem
427 3904 795 3991 incorruptam.
827 3918 920 3975 26.
949 3918 1060 3990 Ego
1086 3919 1244 3990 igitur
1263 3917 1334 3980 sic
1355 3933 1524 3979 curro,
1556 3912 1656 3968 non
1676 3915 1819 3984 quasi

219 4018 273 4071 in
303 3993 586 4069 incertum.
627 4012 758 4066 Cum
790 4010 909 4074 illos
937 4012 1003 4063 ab
1032 4008 1269 4081 externis
1298 4007 1502 4077 pudore
1531 4004 1818 4069 affecisset,

222 4123 281 4162 se
306 4119 531 4179 quoque
561 4103 776 4161 demum
806 4102 858 4155 in
892 4100 1124 4155 medium
1153 4100 1388 4161 adducit.
1420 4098 1560 4168 quod
1587 4108 1667 4152 est
1692 4098 1822 4165 opti-

226 4186 347 4256 mus
370 4195 636 4250 doctrina:
661 4193 868 4248 modus.
889 4192 1092 4248 Idcirco
1116 4193 1312 4261 ubique
1334 4192 1405 4246 ita
1429 4191 1605 4260 facere
1626 4191 1820 4259 deprc-

225 4289 508 4346 henditur.
536 4283 673 4354 Quid
706 4282 811 4358 sibi
839 4285 951 4338 vult
977 4292 1181 4338 autem.
1212 4281 1334 4336 Non
1361 4283 1415 4335 in
1439 4282 1722 4340 incertum?
1744 4280 1821 4334 Ad

226 4394 458 4449 scopum
503 4376 789 4448 quemdam
829 4375 1056 4445 aspicio,
1085 4374 1274 4453 inquit,
1320 4390 1425 4428 non
1465 4373 1661 4443 frttstra
1691 4372 1821 4427 etin

224 4486 467 4534 cassum,
502 4468 646 4523 sicut
675 4482 792 4522 Vos.
824 4466 959 4539 Quid
989 4467 1131 4521 enim
1162 4465 1312 4521 vobis
1341 4465 1568 4535 amplius
1593 4464 1821 4537 accedit,

226 4580 348 4621 eum
396 4563 453 4616 in
494 4560 762 4616 idolomm
805 4560 999 4629 templa
1041 4559 1284 4623 intratis,
1315 4558 1363 4615 si
1405 4559 1547 4612 illam
1590 4567 1824 4613 ostente-

229 4658 297 4711 tis
340 4652 781 4725 perfectionem?
828 4650 993 4705 Nihil.
1037 4653 1105 4704 At
1134 4666 1241 4704 non
1273 4651 1395 4704 talis
1422 4665 1542 4703 sum
1565 4664 1704 4719 ego;
1732 4648 1825 4703 sed

227 4763 589 4827 quantumque
637 4743 811 4807 facio,
857 4743 924 4798 ad
961 4744 1188 4797 salutem
1235 4741 1465 4812 proximi
1497 4741 1667 4807 facio;
1716 4741 1828 4796 sive

234 4841 628 4912 perfectionem
660 4838 964 4900 ostendam,
999 4845 1220 4907 propter
1251 4835 1460 4906 ipsum;
1493 4835 1608 4891 sive
1634 4852 1719 4890 me
1745 4844 1828 4889 at-

242 4945 530 5007 temperem
550 4971 566 4997 ,
599 4940 821 5002 propter
851 4930 1023 5001 ipsum
1050 4946 1065 4996 ;
1108 4930 1221 4985 sive
1250 4929 1471 4984 Petrum
1497 4945 1746 4999 superem
1778 4930 1830 4992 in

248 5040 310 5079 eo
334 5023 473 5097 quod
500 5023 633 5077 nihil
653 5021 934 5094 accipiam,
966 5036 1033 5075 ne
1058 5020 1188 5090 ipsis
1213 5018 1535 5075 oﬂ‘endiculo
1561 5020 1693 5085 sim;
1720 5020 1833 5089 sive

253 5116 367 5185 plus
390 5130 545 5185 quam
574 5128 766 5169 omnes
796 5128 883 5169 me
910 5111 1182 5168 demisere
1207 5153 1224 5181 ,
1255 5120 1317 5167 ut
1355 5111 1445 5183 qui
1477 5112 1834 5168 circumcidar

246 5220 299 5264 et
332 5209 568 5277 tondear,
599 5225 670 5263 ne
698 5206 802 5279 ipsi
826 5207 1259 5278 supplantentur.
1287 5205 1397 5261 Hoc
1423 5214 1508 5261 est
1534 5205 1684 5270 illud,
1712 5204 1836 5260 Non

240 5302 295 5355 in
326 5302 589 5355 incertum.
620 5300 701 5354 Tu
732 5315 861 5355 vero
891 5314 1004 5365 cur,
1035 5311 1219 5369 quasso
1252 5307 1325 5364 te,
1357 5298 1599 5353 comedis
1624 5299 1676 5352 in
1705 5307 1837 5353 tem-

241 5396 329 5467 plo
355 5393 622 5464 idolorum
644 5393 668 5446 ?
687 5390 791 5447 Sed
820 5390 1193 5446 rationabilem
1221 5404 1439 5446 causam
1464 5391 1704 5459 proferre
1731 5406 1835 5443 non

241 5487 438 5558 possis.
480 5484 650 5539 Cibus
702 5482 845 5537 enim
899 5489 953 5536 te
1004 5497 1109 5535 non
1164 5481 1508 5535 commendat
1573 5480 1721 5543 Deo,
1785 5487 1840 5539 ct

214 5596 419 5651 -m-que
447 5579 493 5633 si
523 5575 778 5631 comedas
800 5614 818 5639 ,
867 5572 1178 5644 plushabes
1204 5588 1220 5637 ;
1258 5588 1436 5643 neque
1463 5572 1508 5628 si
1552 5588 1656 5627 non
1686 5588 1838 5627 com-

245 5675 406 5731 mtas.
442 5669 645 5724 minus.
689 5666 912 5722 Frustra
943 5679 1073 5734 ergo
1103 5674 1158 5718 et
1201 5664 1595 5719 inconsiderate
1624 5664 1838 5722 curris:

178 5772 183 5781 '
246 5760 342 5829 hoc
362 5761 519 5817 enim
551 5760 649 5819 sibi
676 5761 794 5815 vult
822 5757 976 5824 illud,
1007 5752 1073 5819 In
1101 5753 1366 5812 incertum.
1395 5758 1483 5827 Sic
1507 5775 1699 5831 pugno,
1733 5775 1831 5822 non

1208 310 1275 367 IN
1314 310 1531 368 EPIST.
1574 308 1595 364 1
1655 306 1747 364 AD
1782 303 1939 363 COR.
1980 303 2219 363 llOMlL.
2254 306 2445 365 XXI".

3395 306 3499 364 1.30

1908 422 2056 492 quasi
2092 440 2262 478 aerem
2290 424 2577 480 verberans.
2611 423 2818 480 Rursus
2840 425 2979 482 illud
3002 468 3017 492 ,
3068 442 3177 482 non
3206 435 3411 485 temere
3445 444 3501 484 et

1908 512 2323 578 inconsiderate,
2347 515 2692 571 subiudicans
2718 517 2819 572 hoc
2842 518 2918 577 ait
2942 537 2955 572 :
2982 518 3155 575 habeo
3174 520 3316 575 enim
3339 536 3501 590 quem

1907 603 2094 659 feriam
2120 646 2136 673 ,
2185 622 2379 677 nempe
2404 608 2675 663 diabolum
2702 626 2719 676 ;
2750 619 2806 666 ιιι
2832 626 2963 665 vero
2991 611 3166 681 ipsum
3195 629 3302 669 non
3332 613 3459 668 feris
3479 654 3496 679 ,

1907 697 2001 752 sed
2048 699 2189 755 vires
2221 711 2339 754 tuas
2382 710 2584 755 temere
2623 701 2877 758 ell‘undis.
2924 703 3139 759 Interim
3184 706 3306 761 illos
3347 707 3502 776 quasi

1907 789 2211 854 sustinens,
2246 792 2317 845 ita
2346 793 2603 862 loquitur.
2637 794 2771 862 Quia
2800 797 2943 851 enim
2974 799 3348 853 vehementius
3381 798 3503 854 illus

1909 881 2203 938 insectatus
2249 884 2424 940 fuerat
2453 886 2504 940 in
2537 888 3002 956 prtecedentibus,
3036 906 3227 946 rursus
3256 892 3502 962 reprimit

1909 973 2336 1043 iucrepationem
2355 1016 2372 1041 ,
2389 976 2457 1032 ad
2479 977 2638 1033 linem
2658 981 2919 1035 orationis
2942 981 3259 1050 profundam
3290 983 3506 1057 plagam

1908 1079 2213 1120 reservans.
2246 1066 2347 1122 llic
2372 1069 2514 1123 enim
2544 1073 2619 1124 ait
2646 1070 2768 1125 illos
2799 1080 2998 1128 temere
3025 1083 3079 1127 et
3108 1074 3505 1129 inconsiderate

1909 1174 2117 1229 agere;
2159 1170 2346 1230 postea
2389 1162 2660 1229 ostendit,
2691 1163 2831 1232 quod
2873 1165 3031 1218 etiam
3065 1166 3117 1219 in
3146 1181 3394 1236 magnam
3421 1167 3506 1221 sui

1907 1251 2101 1320 capitis
2131 1252 2419 1321 perniciem
2445 1295 2461 1320 ,
2492 1262 2547 1308 et
2583 1253 2725 1324 quod
2767 1265 2961 1323 prtrter
2989 1254 3243 1310 damnum
3275 1256 3500 1311 fratrum

1909 1356 2084 1412 neque
2106 1342 2204 1412 ipsi
2227 1343 2384 1413 culpa
2409 1353 2604 1400 vacent
2629 1344 2746 1400 lucc
2767 1345 3046 1402 audentes.
3068 1346 3157 1400 27.
3185 1347 3290 1402 Sed
3313 1351 3509 1419 castiga

1854 1454 1862 1463 η·
1909 1447 2096 1501 corpus
2127 1450 2292 1488 meum
2326 1444 2372 1488 et
2415 1435 2468 1488 in
2510 1438 2801 1490 servitutem
2844 1436 3018 1508 redigo
3045 1477 3060 1500 ,
3091 1455 3155 1492 ne
3193 1442 3358 1508 forte,
3391 1456 3509 1491 cum

1909 1524 2029 1580 aliis
2070 1526 2411 1596 praedicarem
2435 1568 2451 1592 ,
2493 1529 2605 1598 ipse
2630 1530 2876 1601 reprobus
2907 1531 3114 1601 eﬂiciar.
3149 1532 3244 1587 llic
3272 1535 3511 1589 ostendit

1909 1632 2005 1672 eos
2052 1627 2108 1673 et
2164 1619 2367 1674 ventris
2416 1621 2671 1691 implendi
2721 1622 2994 1676 desiderio
3041 1625 3252 1687 teneri,
3303 1634 3358 1679 et
3407 1626 3510 1694 ipsi

1912 1709 2092 1765 laxare
2135 1709 2413 1778 habenas,
2456 1721 2511 1767 et
2559 1713 2906 1783 perfectionis
2948 1715 3172 1769 obtentu
3220 1716 3511 1786 ingluviem

1913 1801 2137 1872 implere
2159 1817 2308 1857 suam
2329 1820 2344 1868 ;
2369 1803 2509 1874 quod
2531 1805 2779 1875 superius
2805 1806 2984 1862 dicere
3006 1807 3359 1876 parturiebat,
3383 1823 3510 1862 cum

1913 1891 1983 1947 ita
2016 1894 2325 1964 loqueretur
2354 1913 2367 1948 :
2417 1895 2567 1951 Esca
2594 1898 2753 1951 ventri
2775 1939 2790 1963 ,
2820 1907 2866 1953 et
2906 1909 3072 1952 venter
3102 1900 3228 1954 escis
3258 1898 3278 1970 (
3303 1901 3355 1953 l.
3386 1899 3509 1954 Cor.

1914 1985 1970 2041 6.
2000 1986 2128 2059 l5).
2154 1986 2291 2052 Quia
2331 1987 2472 2041 enim
2504 1988 2912 2045 fornicationem
2939 1991 3142 2047 delicim
3174 1995 3422 2062 pariunt,
3456 2004 3512 2047 et

1912 2077 2017 2132 hoc
2046 2079 2255 2149 pe'perit
2286 2078 2645 2135 idololatriam
2669 2098 2684 2147 ;
2712 2082 2834 2151 jure
2864 2098 3009 2153 saepe
3041 2084 3180 2139 h‘uuc
3213 2084 3515 2139 insectatur

1913 2169 2184 2224 morbum.
2235 2170 2298 2224 Et
2341 2186 2463 2225 cum
2513 2172 2846 2227 ostendisset
2889 2184 3087 2242 quanta
3141 2190 3329 2245 passus
3367 2187 3512 2231 esset

1916 2272 2136 2330 propter
2164 2261 2525 2334 evangelium,
2548 2262 2649 2318 hoc
2674 2279 2887 2335 quoque
2916 2266 3068 2334 ponit
3095 2281 3217 2321 cum
3247 2267 3370 2322 illis.
3391 2267 3511 2323 Sic-

1916 2360 1974 2406 ut
2017 2352 2158 2406 enim
2185 2394 2200 2419 ,
2230 2354 2437 2422 inquit,
2470 2353 2718 2409 Mandata
2749 2371 3131 2428 supergressus
3166 2374 3319 2424 sum;
3355 2359 3515 2429 idque

1915 2458 2035 2498 cum
2064 2458 2167 2499 non
2200 2445 2319 2501 leve
2349 2446 2480 2501 illud
2512 2449 2779 2517 negotium
2811 2459 2956 2505 esset
2989 2451 3200 2522 (Omnia
3236 2454 3400 2519 enim,
3433 2455 3515 2508 in-

1916 2535 2052 2606 quit,
2082 2535 2412 2604 sustinemus)
2437 2554 2448 2589 :
2480 2538 2552 2591 ita
2580 2548 2634 2592 et
2663 2554 2806 2594 nunc
2831 2540 3058 2594 multum
3091 2543 3331 2597 sustineo
3360 2545 3512 2598 labo-

1917 2643 2031 2682 rem
2060 2669 2075 2692 ,
2125 2638 2185 2682 ut
2232 2638 2600 2705 temperanter
2645 2632 2839 2686 vivam.
2873 2631 3008 2687 Nam
3055 2634 3155 2689 etsi
3202 2651 3307 2689 non
3358 2636 3516 2692 facile

1920 2718 2109 2788 litigari
2161 2729 2338 2795 potest
2367 2736 2488 2774 cum
2521 2721 2815 2790 cupiditate
2860 2732 2914 2778 et
2960 2726 3161 2779 ventris
3192 2728 3473 2799 tyrannide
3496 2770 3514 2796 ,

1919 2820 2149 2869 attamen
2180 2811 2347 2882 ipsam
2381 2812 2631 2887 refreuo,
2665 2829 2765 2869 nec
2803 2831 2890 2871 me
2933 2816 2980 2871 ei
3023 2816 3164 2872 dedo
3190 2822 3514 2891 :egritndini,

1920 2903 2013 2959 sed
2042 2919 2255 2960 omnem
2288 2906 2456 2963 subeo
2484 2907 2747 2975 laborem,
2778 2919 2836 2963 ut
2862 2924 2931 2964 ne
2960 2911 3029 2966 ab
3059 2912 3144 2967 illa
3174 2914 3475 2969 abstrahar.

1992 2996 2049 3054 2.
2092 2994 2171 3051 Ne
2214 2998 2355 3050 enim
2393 2998 2589 3068 putetis
2621 3015 2706 3053 me
2735 3001 2940 3071 absque
2970 3003 3186 3073 negotio
3226 3004 3329 3058 hoc
3376 3023 3515 3074 prse-

1922 3097 2084 3143 stare.
2108 3088 2239 3143 Nam
2256 3104 2446 3145 cursus
2463 3102 2544 3145 eSt
2565 3101 2619 3146 et
2639 3092 2816 3147 omnis
2847 3109 3035 3162 pugna:
3054 3110 3224 3165 genus
3238 3107 3288 3151 et
3312 3110 3516 3154 natura:

1925 3180 2164 3255 tyrannis
2187 3177 2500 3251 frequenter
2533 3183 2835 3252 insurgens,
2865 3193 2924 3239 ut
2948 3185 3248 3242 libertatem
3265 3204 3519 3258 assequa-

1924 3281 2010 3326 tur
2039 3288 2051 3323 :
2080 3283 2140 3326 at
2170 3273 2311 3328 illam
2346 3290 2451 3329 non
2494 3273 2611 3330 fero
2637 3318 2651 3343 ,
2700 3277 2796 3332 sed
2841 3294 3068 3334 coerceo
3098 3292 3152 3335 et
3181 3297 3301 3336 cum
3337 3286 3519 3339 multis

1922 3364 2211 3418 sudoribus
2242 3366 2454 3437 subigo.
2479 3366 2604 3422 H:rc
2636 3383 2797 3437 porro
2825 3368 2975 3435 dicit,
2998 3380 3056 3425 ut
3084 3389 3240 3427 nemo
3267 3374 3518 3445 desperet

1924 3457 1978 3511 in
2007 3458 2364 3527 suscipiendis
2410 3475 2506 3529 pro
2536 3460 2731 3516 virtute
2777 3464 3179 3531 certaminibus,
3213 3468 3333 3535 quia
3367 3471 3518 3524 labo-

1923 3549 2064 3604 riosa
2091 3565 2177 3604 res
2207 3559 2321 3606 est:
2352 3551 2472 3607 ideo
2500 3553 2593 3617 ait,
2627 3551 2831 3627 Castiga
2880 3565 2925 3611 et
2972 3557 3025 3610 in
3063 3559 3350 3613 servitutem
3397 3563 3518 3616 red-

1922 3641 2027 3712 igo.
2099 3641 2216 3696 Non
2267 3643 2435 3707 dixit,
2503 3643 2737 3711 Occido;
2792 3661 2897 3701 non
2965 3649 3108 3702 enim
3176 3650 3390 3706 inimica
3436 3663 3522 3708 est

1923 3748 2049 3787 caro
2074 3751 2088 3798 ;
2135 3734 2251 3799 sed,
2299 3734 2503 3806 Castigo
2528 3746 2574 3791 et
2602 3736 2654 3791 in
2685 3739 2971 3792 servitutem
2997 3741 3170 3813 redigo
3189 3784 3204 3808 ,
3247 3743 3387 3813 quod
3418 3744 3521 3799 do—

1924 3826 2054 3880 mini
2085 3838 2187 3890 est,
2216 3844 2322 3882 non
2353 3828 2552 3884 inimici
2577 3846 2592 3893 ;
2618 3831 2873 3897 doctoris,
2903 3849 3009 3888 non
3039 3833 3243 3894 hostis:
3273 3836 3520 3907 prrdotri-

1926 3918 2030 3982 btc,
2064 3934 2169 3972 non
2200 3918 2520 3975 adversarii.
2563 3919 2647 3973 Ne
2685 3925 2819 3991 forte
2846 3940 2962 3976 cum
2992 3925 3109 3979 aliis
3138 3927 3479 3994 prwdicarero
3502 3970 3516 3991 ,

1924 4010 2034 4079 ipse
2061 4008 2304 4079 reprobus
2332 4010 2536 4080 eﬂiciar.
2582 4009 2636 4065 Si
2679 4027 2808 4067 vero
2836 4012 3033 4069 Paulus
3071 4017 3172 4070 hoc
3215 4017 3390 4072 timuit
3429 4021 3521 4086 qui

1926 4110 2007 4155 tot
2052 4100 2299 4156 homines
2340 4102 2561 4167 docuit;
2604 4113 2658 4158 et
2701 4104 2876 4159 timuit
2906 4116 3185 4176 postquam
3217 4109 3524 4177 prmdieavit

1927 4202 1982 4249 et
2018 4192 2191 4249 factus
2233 4204 2317 4249 est
2356 4196 2614 4264 angelus,
2665 4197 2935 4267 totiusque
2981 4199 3126 4254 orbis
3174 4204 3523 4271 patrocinium

1928 4285 2183 4354 suscepit,
2213 4285 2341 4355 quid
2376 4301 2472 4339 nos
2499 4286 2794 4341 dixerimus
2817 4288 2843 4341 ?
2877 4304 2944 4343 ne
2981 4291 3179 4360 putetis
3215 4278 3403 4359 enim,
3447 4295 3525 4348 in-

1930 4378 2068 4457 quit,
2111 4378 2234 4447 quia
2280 4378 2607 4443 credidistis,
2651 4378 2755 4434 hoc
2791 4381 2943 4435 vobis
2984 4382 3232 4437 sufficere
3274 4385 3341 4440 ad
3384 4388 3524 4441 salu-

1930 4479 2059 4524 tem.
2106 4471 2160 4525 Si
2204 4471 2348 4525 enim
2377 4472 2505 4525 mihi
2535 4472 2876 4540 prmdicasse,
2913 4474 3184 4543 docuisse,
3216 4479 3527 4535 innumeros

1929 4561 2221 4617 adduxisse
2264 4579 2369 4616 non
2414 4563 2546 4618 satis
2586 4573 2671 4619 est
2710 4564 2777 4620 ad
2823 4567 3047 4621 salutem
3076 4609 3091 4632 ,
3142 4570 3242 4623 nisi
3289 4589 3348 4625 ea
3408 4590 3528 4642 qua:

1931 4669 2018 4717 me
2045 4661 2287 4725 spectant
2317 4654 2589 4725 inculpata
2620 4655 2889 4728 proferam
2916 4674 2931 4723 ;
2962 4658 3132 4714 multo
3158 4661 3328 4730 magis
3352 4663 3526 4718 vobis.

1935 4743 2138 4798 Deinde
2179 4745 2243 4798 ad
2291 4744 2394 4798 alia
2441 4746 2687 4815 exempla
2734 4748 3106 4818 progreditur;
3149 4761 3203 4805 et
3261 4762 3319 4806 ut
3373 4764 3529 4809 antea

1935 4836 2177 4905 exempla
2211 4837 2388 4907 posuit
2416 4837 2781 4905 apostolorum
2801 4881 2814 4901 ,
2845 4842 3149 4895 communis
3181 4847 3532 4901 consuetudi-

1938 4929 2043 4993 nis,
2075 4929 2438 4993 sacerdotum,
2466 4938 2520 4984 et
2551 4945 2646 4984 sua
2677 4945 2890 5001 quoque
2920 4950 2932 4987 :
2966 4935 3044 4988 sic
3070 4943 3127 4990 et
3167 4953 3308 4992 nunc
3346 4937 3533 5011 Olym-

1940 5021 2179 5091 picorum
2208 5022 2584 5078 certaminum.
2613 5022 2679 5076 Et
2707 5032 2988 5094 postquam
3016 5040 3109 5081 sua
3133 5030 3328 5097 posuit,
3349 5047 3536 5087 rursus

1939 5114 2006 5177 ad
2035 5114 2283 5193 antiquas
2313 5115 2486 5185 pergit
2512 5114 2787 5172 historias.
2819 5117 2883 5171 Et
2911 5118 3034 5188 quia
3066 5122 3315 5192 asperius
3342 5123 3536 5195 loquu-

1941 5212 2093 5258 turus
2121 5213 2224 5267 est,
2255 5219 2599 5261 communem
2627 5205 2752 5261 facit
2779 5207 3198 5275 admonitionem
3223 5254 3240 5275 ,
3271 5229 3444 5284 neque
3469 5215 3538 5271 de

1942 5295 2232 5375 propositis
2259 5303 2463 5351 tantum
2484 5339 2498 5362 ,
2541 5295 2634 5351 sed
2664 5297 2824 5361 etiam
2857 5297 2924 5352 de
2952 5299 3201 5358 omnibus
3228 5302 3536 5359 Corinthio-

1944 5404 2062 5445 rum
2084 5388 2491 5460 azgritudinibus
2508 5391 2667 5459 verba
2689 5388 2833 5448 facit.
2855 5392 2918 5445 Et
2935 5391 3003 5448 de
3026 5395 3263 5452 externis
3285 5396 3540 5451 certami-

1946 5481 2122 5545 nibus,
2142 5480 2380 5546 Nescitis,
2399 5482 2569 5552 inquit
2588 5498 2602 5547 ;
2621 5482 2705 5536 hic
2721 5493 2919 5544 autem.
2944 5482 3092 5557 (Cap.
3104 5487 3124 5540 l
3137 5486 3218 5553 0.)
3241 5485 3433 5542 l.No(o
3447 5504 3542 5539 au-

1948 5581 2043 5628 tem
2067 5590 2153 5627 vos
2169 5575 2425 5645 ignorare,
2445 5576 2648 5646 fratrcs.
2670 5573 2781 5630 Hoc
2799 5585 2979 5630 autem
3003 5577 3235 5640 diccbat,
3254 5577 3543 5633 ostendens

1949 5668 2094 5736 ipsos
2124 5665 2223 5721 hac
2248 5666 2315 5721 de
2344 5654 2406 5721 rc
2434 5682 2538 5721 non
2566 5682 2687 5723 esse
2716 5668 3004 5722 admodum
3035 5669 3291 5723 eruditus.
3329 5669 3395 5722 Et
3415 5669 3540 5737 quid

1950 5767 2033 5817 est
2062 5757 2229 5825 illud,
2278 5758 2419 5843 quod
2466 5774 2569 5829 non
2615 5758 2693 5812 vis
2734 5774 2831 5814 nos
2861 5759 3146 5831 ignorare?
3201 5759 3348 5829 Quod
3378 5771 3548 5829 putres
