3992 6424
497 272 589 331 191
1268 261 1330 319 S.
1368 258 1647 319 JOANNIS
1684 252 2155 316 CHRYSOSTOMI
2194 253 2511 315 ARCIIIEP.
2551 258 3089 321 CONSTANTINOP.
3623 276 3704 333 {92

496 384 657 440 nostri
678 397 855 437 omnes
878 423 894 449 ,
938 378 1148 452 inquit,
1182 367 1273 435 sub
1302 376 1434 432 nube
1471 378 1706 448 fuerunt,
1733 382 1781 428 et
1820 389 1914 444 per
1948 386 2089 427 mare

494 477 838 532 transierunt:
863 474 918 529 Ξ.
936 475 998 530 Et
1025 475 1078 528 in
1107 472 1287 543 Moyse
1314 469 1558 538 baptizati
1584 476 1700 522 sunt
1725 468 1778 520 in
1806 465 1937 520 nube
1961 475 2008 521 et
2036 466 2090 519 in

497 572 629 621 mari
655 584 672 621 :
711 568 764 623 5.
784 564 847 620 Et
880 552 1052 620 omnes
1080 562 1306 619 eamdem
1333 577 1495 614 escam
1522 560 1839 631 spiritualem
1867 557 2087 611 mandu-

2204 371 2339 441 Quia
2383 374 2524 429 enim
2573 373 2639 431 iis
2676 392 2797 447 quae
2834 376 2903 434 de
2937 377 3181 450 gehenna
3219 379 3450 439 dicuntur
3472 384 3602 441 multi
3623 405 3705 448 non

2197 462 2464 530 credunt,
2525 475 2710 536 utpote
2769 485 2891 539 qua:
2935 485 3039 524 non
3086 483 3362 541 appareant
3406 490 3494 531 nec
3529 478 3708 537 vidcan-

2199 562 2321 621 tur;
2364 555 2434 611 ab
2480 557 2544 613 iis
2583 574 2703 628 quae
2739 558 2851 630 jam
2895 559 3031 615 facta
3078 560 3282 617 fuerant
3320 566 3549 630 ostendit.
3577 570 3709 630 Deum

493 668 759 725 caverunt,
783 662 833 713 4.
853 656 921 712 Et
939 656 1167 711 eumdem
1195 664 1369 724 potum
1395 651 1707 722 spiritualem
1735 651 1963 705 biberunt
1989 648 2092 718 (ιη-ι
2198 646 2388 715 punire
2429 659 2743 717 peccatores
2770 692 2783 715 ,
2817 652 3029 707 etiamsi
3071 652 3357 709 innumeris
3382 655 3492 713 illos
3516 660 3712 720 adecerit

498 753 673 804 bebaut
699 752 832 805 enim
859 751 921 802 de
949 746 1209 815 spirituali
1237 754 1567 813 consequente
1594 759 1681 796 eos
1710 752 1850 810 petra
1885 756 1903 794 :
1945 749 2089 810 petra

494 852 663 895 autent
689 848 796 893 erat
835 838 1065 892 Christus
1096 837 1156 905 ):
1184 834 1355 891 5.Sed
1402 851 1505 887 non
1551 834 1604 887 in
1650 831 1877 900 pluribus
1914 845 2088 883 eorum

493 933 857 999 beneplacitum
906 938 979 983 est
1035 928 1163 983 Deo.
1220 928 1286 981 Et
1334 941 1437 997 qua
1486 928 1555 981 de
1594 940 1751 979 causa
1786 922 1901 978 hac
1925 921 2087 975 dicit?

498 1022 563 1078 Ut
585 1023 851 1087 ostendat,
879 1021 1022 1091 quod
1046 1021 1180 1075 sicut
1208 1019 1311 1073 illis
1336 1034 1441 1072 non
1470 1016 1686 1088 profuit,
1715 1015 1855 1085 quod
1882 1021 2085 1069 tantum

491 1116 793 1185 acceperint
846 1115 1095 1179 donum;
1152 1114 1224 1167 ita
1274 1128 1449 1181 neque
1498 1110 1565 1165 iis
1613 1107 1889 1180 proderit,
1941 1104 2084 1177 quod

490 1210 749 1278 baptisma
806 1206 1117 1275 acceperint
1170 1215 1224 1259 et
1290 1202 1648 1273 spiritualium
1708 1198 2083 1271 mysteriorum

488 1308 772 1354 consortes
821 1297 1061 1363 fuerint,
1116 1296 1218 1351 nisi
1263 1295 1426 1349 vitam
1471 1303 1613 1347 tanta
1656 1292 1822 1361 gratia
1868 1289 2082 1356 dignam

488 1389 823 1443 exhibeant:
877 1388 1105 1457 idecque
1146 1385 1362 1441 adducit
1402 1384 1737 1452 baptismatis
1779 1390 1835 1439 et
1878 1391 2078 1452 myste-

480 1483 689 1536 riorum
721 1493 897 1553 typos.
925 1480 1064 1547 Quid
1090 1480 1190 1533 sibi
1220 1478 1333 1533 vult
1359 1478 1510 1544 illud,
1540 1476 1609 1531 In
1638 1475 1817 1547 Moyse
1843 1474 2081 1545 baptizati

484 1574 645 1626 stmt?
686 1572 1146 1640 Quemadmodum
1178 1587 1277 1626 nos
1303 1570 1521 1625 Christo
1547 1568 1831 1624 credentes
1871 1575 1925 1623 et
1966 1566 2082 1636 ejus

485 1666 889 1732 resurrectioni,
918 1666 1274 1735 baptizamur,
1302 1674 1361 1719 ut
1382 1664 1469 1733 qui
1498 1672 1554 1719 et
1574 1662 1672 1733 ipsi
1701 1660 2079 1733 mysteriorum

484 1759 772 1828 participes
811 1758 976 1812 futuri
1007 1758 1211 1821 simus;
1244 1755 1587 1825 Baptizamur
1627 1754 1772 1808 enim
1800 1794 1815 1820 ,
1863 1749 2076 1822 inquit,

484 1864 583 1918 pro
616 1849 845 1904 mortuis
890 1848 984 1921 (1.
1018 1847 1138 1902 Cor.
1170 1848 1260 1902 15.
1289 1846 1360 1901 29
1386 1848 1442 1916 );
1495 1844 1548 1900 id
1592 1854 1674 1900 est
1701 1885 1716 1909 ,
1762 1842 2080 1914 corporibus

484 1942 685 1995 nostris
710 1959 725 1996 :
754 1942 828 1996 ita
867 1950 922 1996 et
967 1941 1077 2007 illi,
1112 1940 1281 2011 Moysi
1313 1938 1571 2005 ﬁdentes,
1604 1936 1656 1992 id
1688 1945 1804 2002 est,
1834 1934 2079 1990 videntes

482 2033 634 2087 illum
665 2032 897 2102 primum
933 2031 1288 2103 trajicientem
1316 2071 1333 2096 ,
1361 2030 1477 2085 ausi
1504 2036 1630 2084 sunt
1656 2036 1709 2082 et
1739 2026 1839 2098 ipsi
1866 2040 2079 2097 quoque

482 2124 535 2179 in
563 2138 730 2192 aquas
757 2123 985 2195 ingredi.
1013 2122 1121 2179 Sed
1146 2123 1269 2194 quia
1300 2122 1410 2177 vult
1442 2121 1661 2193 figuram
1690 2132 1855 2189 prepe
1883 2116 2079 2172 verita-

480 2226 589 2272 tem
618 2216 919 2284 adducere,
948 2232 1056 2273 nou
1088 2217 1158 2273 ita
1186 2216 1344 2282 dicit,
1379 2214 1475 2270 sed
1502 2213 1743 2269 veritatis
1773 2211 2077 2266 nominibus

478 2312 639 2364 etiam
682 2310 738 2365 in
784 2318 910 2380 typo
951 2325 1079 2364 usus
1117 2318 1220 2363 est.
1262 2308 1326 2362 Et
1365 2307 1466 2362 hoc
1494 2304 1711 2377 quidem
1741 2311 1823 2360 est
1860 2302 2073 2376 symbo-

480 2402 588 2456 lum
618 2400 815 2456 lavacri
842 2416 859 2466 ;
899 2416 1023 2470 quzc
1054 2409 1357 2468 sequuntur
1388 2408 1567 2453 autem
1590 2438 1607 2463 ,
1650 2411 1821 2451 sacra:
1852 2409 2071 2449 mensae.

484 2492 552 2547 Ut
596 2491 740 2547 enim
789 2500 844 2546 tu
887 2505 1086 2560 corpus
1117 2490 1451 2545 Dominicum
1480 2488 1721 2543 comedis
1748 2528 1764 2553 ,
1811 2486 1891 2541 sic
1919 2495 1973 2540 et
2000 2484 2074 2540 illi

478 2599 710 2649 manna;
754 2592 811 2638 et
848 2591 908 2637 ut
947 2593 1003 2638 tu
1044 2582 1358 2651 sanguinem
1394 2581 1567 2645 bibis,
1596 2580 1667 2635 ita
1702 2589 1758 2635 et
1783 2580 1855 2634 illi
1879 2594 2075 2649 aquam

474 2677 544 2732 de
582 2685 753 2748 petra.
801 2674 1027 2733 Etiamsi
1059 2676 1203 2732 enim
1245 2674 1463 2731 sensilia
1504 2683 1684 2729 essent
1720 2673 1807 2728 illa
1839 2688 1959 2743 qua
1988 2672 2076 2728 tie-

476 2767 637 2828 bant.
678 2776 733 2821 at
761 2768 1114 2836 spiritualiter
1155 2766 1572 2838 praebebantur,
1620 2782 1727 2821 non
1773 2765 2074 2821 secundum

479 2868 686 2911 naturae
724 2858 1192 2927 consequentiam,
1222 2856 1317 2912 sed
1359 2873 1427 2913 ex
1469 2856 1598 2911 doni
1627 2857 1841 2927 gratia;
1874 2865 1929 2911 et
1952 2871 2074 2911 cum

474 2964 703 3018 corpore
732 2948 969 3003 animam
999 2964 1215 3020 quoque
1241 2949 1549 3005 nutriebant
1573 2990 1589 3016 ,
1617 2948 1685 3003 ad
1713 2948 1873 3004 tidem
1913 2948 2074 3004 indu-

474 3041 677 3097 centia.
723 3038 847 3095 Ideo
890 3038 961 3095 de
1003 3040 1125 3095 cibo
1156 3040 1370 3109 quidem
1401 3038 1534 3095 nihil
1575 3038 1748 3105 dixit;
1778 3048 1894 3094 erat
1930 3040 2074 3095 enim

478 3140 735 3194 mutatus,
762 3146 869 3185 non
898 3140 1105 3186 tantum
1127 3131 1307 3195 modo,
1335 3132 1428 3187 sed
1452 3132 1613 3187 etiam
1636 3140 1853 3196 natura;
1880 3146 2075 3186 manna

476 3222 674 3294 quippe
702 3231 856 3287 erat;
903 3222 970 3278 de
999 3233 1131 3295 potu
1169 3238 1297 3279 vero
1317 3264 1331 3287 ,
1370 3223 1495 3296 quia
1523 3221 1684 3279 dandi
1713 3222 1903 3279 modus
1927 3222 2077 3279 solus

477 3325 674 3385 praeter
702 3315 1008 3383 Opinionem
1040 3324 1178 3381 erat,
1209 3315 1369 3370 etiam
1412 3315 1726 3386 probatione
1747 3330 1884 3387 opus
1912 3314 2079 3372 habe-

479 3408 606 3461 bat:
654 3406 774 3461 ideo
812 3421 933 3460 cum
978 3406 1231 3469 dixisset,
1264 3405 1515 3461 Euntdem
1544 3416 1721 3479 potum
1755 3406 2076 3478 spiritualem

485 3499 714 3553 biberunt
740 3540 754 3565 ,
795 3499 1071 3569 subjunxit
1095 3516 1109 3566 ;
1140 3498 1386 3554 Bibebant
1412 3501 1545 3555 enim
1568 3517 1639 3556 ea:
1664 3501 1922 3571 spirituali
1946 3518 2073 3556 con-

475 3600 712 3661 sequente
754 3601 938 3661 petra;
967 3600 1021 3646 et
1064 3589 1301 3655 addidit,
1353 3590 1511 3647 Petra
1558 3602 1726 3646 autem
1767 3602 1876 3647 erat
1922 3592 2077 3647 Chri-

476 3693 605 3735 stus.
636 3680 753 3736 Non
794 3682 939 3737 enim
983 3690 1149 3752 petrae
1193 3692 1382 3738 natura
1420 3698 1612 3753 aquam
1644 3684 1959 3752 emittebat,
1989 3686 2077 3740 in-

475 3774 622 3843 quit,
674 3774 908 3843 alioquin
959 3784 1139 3829 autem
1187 3783 1343 3845 antea
1398 3776 1771 3841 scaturiisset;
1832 3776 1926 3831 sed
1974 3776 2075 3831 alia

481 3866 725 3931 quardam
757 3874 906 3935 petra
939 3865 1231 3935 spiritualis
1265 3866 1367 3921 hoc
1395 3875 1564 3921 totum
1593 3866 1859 3933 faciebat;
1890 3867 1940 3923 id
1968 3877 2073 3936 est,

475 3957 727 4010 Christus
753 3997 767 4018 ,
815 3955 905 4026 qui
935 3972 1149 4026 semper
1188 3956 1318 4028 ipsis
1356 3973 1596 4028 prmsens
1631 3966 1781 4025 erat,
1813 3968 1868 4015 et
1896 3960 2075 4015 omnia

477 4048 796 4103 mirabiliter
842 4049 1186 4117 Operabatur.
1236 4048 1363 4104 ideo
1396 4065 1631 4121 namque
1668 4050 1837 4118 dicit,
1883 4050 2074 4107 Conse-

475 4153 677 4212 quente.
744 4142 993 4197 Vidistin‘
1035 4141 1189 4197 Pauli
1234 4144 1555 4213 sapientiam
1582 4184 1597 4210 ,
1642 4143 1913 4215 quomodo
1950 4161 2075 4199 eum

475 4234 713 4289 ostendit
772 4244 1059 4305 utrumque
1098 4236 1568 4306 suppeditavisse,
1619 4246 1675 4292 et
1720 4236 1821 4293 hac
1868 4239 2077 4293 ratione

478 4337 662 4399 typum
691 4343 859 4399 prope
884 4330 1165 4385 veritatem
1192 4329 1454 4383 adduxit?
1474 4330 1574 4398 Qui
1596 4331 1741 4386 enim
1770 4330 1857 4385 illa
1882 4331 2072 4401 inquit,

476 4419 608 4488 ipsis
630 4419 1027 4489 suppeditavit;
1072 4420 1159 4473 hic
1181 4420 1295 4490 ipse
1331 4419 1467 4474 hanc
1489 4420 1769 4491 apparavit
1800 4436 2071 4476 mensam:

475 4521 531 4565 et
591 4511 729 4566 idem
776 4513 891 4583 ipse
947 4512 1069 4566 illos
1126 4526 1223 4582 per
1267 4527 1454 4579 mare,
1502 4521 1554 4567 te
1606 4528 1701 4582 per
1748 4514 2073 4583 baptismum

475 4601 667 4661 duxit;
709 4603 921 4672 illisque
951 4617 1145 4656 manna
1174 4613 1229 4656 et
1257 4618 1450 4671 aquam
1473 4643 1489 4669 ,
1519 4604 1612 4658 tibi
1641 4620 1837 4673 corpus
1862 4614 1918 4660 et
1945 4622 2074 4661 san-

475 4695 691 4764 guinem
722 4694 967 4762 prazbuit.
1019 4694 1087 4747 Et
1133 4694 1256 4748 talia
1297 4704 1423 4749 sunt
1458 4711 1522 4751 ea
1560 4712 1680 4766 qua:
1718 4696 1917 4752 donum
1959 4699 2075 4769 ejus

476 4793 742 4855 Spectant.
777 4786 1073 4842 Videamus
1100 4801 1231 4841 vero
1258 4786 1419 4841 etiam
1448 4791 1727 4859 sequentia
1754 4828 1769 4853 ,
1816 4799 1870 4842 et
1897 4792 2074 4844 consi-

476 4878 729 4934 deremus
770 4894 837 4933 an
860 4920 875 4946 ,
907 4894 1028 4933 cum
1060 4878 1205 4935 dono
1235 4878 1438 4950 indigni
1470 4880 1569 4935 visi
1596 4891 1777 4936 essent
1804 4881 1875 4937 illi
1897 4923 1911 4948 ,
1945 4882 2075 4952 ipsis

479 4972 802 5042 pepercerit.
836 4972 905 5028 At
937 4971 1041 5027 hoc
1071 4972 1251 5028 dicere
1282 4988 1388 5027 non
1420 4974 1591 5044 possis
1617 4993 1629 5027 :
1663 4974 1784 5030 ideo
1810 4975 2071 5031 subdidit:

478 5064 586 5120 Sed
618 5082 717 5118 non
747 5066 801 5119 in
830 5066 1059 5136 pluribus
1087 5083 1259 5121 eorum
1289 5066 1659 5137 beneplacitum
1686 5077 1761 5123 est
1800 5066 1940 5137 Deo,
1972 5069 2072 5125 etsi

479 5166 630 5212 tanto
670 5157 791 5211 illos
830 5157 1038 5213 honore
1081 5158 1334 5229 dignatus
1373 5166 1477 5214 est.
1529 5160 1598 5212 At
1643 5158 1775 5213 nihil
1820 5158 1923 5215 hoc
1967 5160 2074 5216 illis

479 5248 720 5320 profuit;
769 5249 862 5304 sed
907 5249 1093 5319 plures
1133 5264 1201 5305 ex
1244 5250 1309 5305 iis
1358 5250 1653 5321 perierunt.
1696 5251 1854 5319 Atqui
1882 5267 2072 5308 omnes

477 5340 727 5412 periere;
780 5357 849 5397 ne
897 5350 1079 5396 autem
1126 5341 1369 5397 videatur
1410 5342 1514 5396 illis
1552 5350 1850 5396 extremam
1895 5344 2069 5412 perni-

473 5434 614 5490 ciem
646 5433 991 5504 prOphetare,
1022 5433 1144 5489 ideo
1171 5434 1326 5499 dixit,
1356 5436 1547 5505 plures.
1594 5433 1757 5504 Atqui
1794 5444 1949 5490 erant
1984 5435 2070 5489 in-

475 5525 868 5592 numerabiles,
902 5524 999 5580 sed
1030 5524 1162 5579 nihil
1192 5525 1391 5594 profuit
1424 5524 1709 5579 multitudo
1738 5540 1752 5578 :
1783 5524 2070 5594 omniaque

477 5614 570 5671 illa
612 5627 769 5672 erant
811 5618 1014 5673 amoris
1046 5617 1237 5673 indicia
1265 5635 1279 5683 ;
1312 5617 1407 5672 sed
1442 5633 1615 5689 neque
1656 5617 1757 5672 hoc
1786 5617 1915 5687 ipsis
1942 5633 2067 5688 pro-

480 5702 574 5759 fuit
602 5747 616 5767 .
662 5708 913 5775 quoniam
942 5724 1064 5780 qua:
1102 5708 1303 5764 amoris
1344 5718 1499 5764 erant
1538 5722 1647 5764 non
1678 5706 2060 5779 rependerant.

2194 736 2514 794 beneficiis:
2548 757 2670 795 nam
2700 742 2745 797 si
2788 743 2981 800 futuris
3021 761 3127 800 non
3163 746 3401 811 creditis.
3446 752 3627 821 inquit,
3664 758 3714 813 iis

2194 838 2343 883 certe
2372 846 2489 898 qum
2516 831 2628 900 jam
2661 832 2797 887 facta
2830 844 2955 888 sunt
2984 851 3091 889 non
3125 836 3277 891 fidem
3308 840 3562 909 negabitis.

2266 918 2320 973 5.
2362 918 2711 977 Considerate
2764 940 2894 995 ergo
2937 935 3067 995 quot
3116 926 3363 983 beneficia
3412 930 3504 985 illis
3540 936 3714 1003 pra-sti-

2194 1010 2320 1065 terit
2349 1012 2453 1067 :ab
2505 1012 2741 1086 Egypto
2789 1026 2845 1072 et
2898 1033 2928 1070 a
2972 1020 3279 1089 captivitate
3322 1023 3457 1092 ipsos
3494 1025 3713 1093 liberavit,

2192 1118 2341 1160 mare
2370 1106 2579 1173 stravit,
2614 1124 2679 1162 ex
2704 1109 2838 1163 melo
2868 1126 3063 1165 manna
3090 1111 3321 1177 demisit,
3347 1129 3407 1169 ex
3430 1124 3553 1170 terra
3576 1118 3717 1174 fontes

2190 1210 2447 1266 aquarum
2481 1215 2587 1255 non
2631 1210 2970 1270 exspectatus
3000 1202 3211 1269 emisit;
3246 1204 3371 1275 ipsis
3397 1206 3571 1278 ubique
3610 1226 3717 1279 pra-

2189 1304 2316 1345 sens
2336 1301 2450 1346 crat
2475 1293 2732 1348 miracula
2775 1295 2961 1362 edens,
2992 1306 3047 1351 et
3068 1298 3301 1367 undique
3328 1299 3463 1368 ipsos
3491 1303 3714 1359 muniens.

2189 1382 2439 1439 Attamen
2472 1386 2594 1455 quia
2646 1396 2793 1440 tanto
2820 1387 2964 1441 dono
3006 1388 3223 1459 dignum
3274 1389 3399 1445 nihil
3444 1391 3713 1461 exhibuere,

2187 1492 2294 1532 non
2324 1480 2565 1548 pepercit
2602 1480 2727 1544 illis,
2753 1480 2849 1537 sed
2877 1497 3067 1537 omnes
3092 1482 3340 1551 perdidit.
3368 1482 3497 1537 Nam
3522 1489 3716 1554 prostrati

2186 1578 2326 1636 sunt,
2351 1570 2541 1641 inquit,
2564 1572 2615 1625 in
2632 1570 2862 1638 deserto;
2890 1573 3226 1641 repentinum
3251 1573 3449 1629 illorum
3468 1574 3713 1643 interitum,

2186 1673 2374 1728 peeuas
2403 1669 2458 1716 et
2480 1661 2739 1734 supplicia
2768 1662 3027 1717 divinitus
3054 1663 3289 1719 immissa
3324 1680 3413 1734 per
3437 1664 3531 1720 hoc
3555 1665 3715 1720 dictum

2186 1750 2494 1821 declarans,
2537 1762 2591 1809 et
2614 1754 2757 1824 quod
2797 1761 3071 1826 proposita
3104 1758 3318 1826 prtemia
3347 1773 3447 1811 non
3476 1759 3574 1813 sint
3596 1773 3716 1813 asse-

2184 1844 2313 1898 cuti.
2347 1844 2529 1916 Neque
2558 1847 2703 1902 enim
2732 1847 2784 1901 in
2809 1857 2947 1903 terra
2978 1850 3349 1919 promissionis
3376 1850 3482 1905 lucc
3508 1851 3577 1906 eis
3602 1850 3715 1915 fecit;

2184 1934 2277 1989 sed
2302 1947 2451 1991 extra
2483 1948 2538 1992 et
2568 1938 2757 2009 procul
2783 1939 2851 1994 ab
2882 1940 2967 1994 illa
2997 1941 3239 2011 regione,
3292 1940 3481 2009 duplici
3521 1940 3719 1995 afficiens

2183 2028 2469 2097 supplicio,
2490 2029 2705 2099 etquod
2730 2046 2833 2086 non
2852 2032 3177 2088 concederet
3198 2033 3325 2103 ipsis
3348 2042 3530 2088 terram
3554 2032 3715 2093 videre.

2181 2133 2342 2189 quam
2371 2119 2499 2189 ipsis
2523 2122 2865 2191 promiserat,
2888 2130 2945 2178 et
2968 2122 3107 2193 quod
3130 2124 3279 2194 gravi
3300 2122 3547 2193 supplicio
3561 2121 3719 2177 εσθαι-

2182 2212 2273 2266 rit.
2305 2211 2371 2267 Et
2396 2213 2521 2283 quid
2552 2212 2690 2279 haec,
2722 2216 2949 2286 inquies,
2979 2216 3045 2271 ad
3079 2217 3220 2271 nos?
3249 2215 3329 2272 Ad
3359 2226 3409 2272 te
3435 2216 3597 2286 utique
3621 2231 3718 2287 spe-

2179 2313 2328 2359 ctant
2359 2323 2370 2357 :
2405 2304 2528 2360 ideo
2551 2306 2827 2376 subiunxit
2859 2326 2872 2362 :
2905 2308 2960 2364 6.
2995 2306 3121 2363 Hau:
3150 2318 3319 2363 autem
3362 2308 3414 2363 in
3442 2308 3592 2379 ﬁgura
3616 2309 3720 2377 facta

2180 2408 2297 2453 sunt
2326 2400 2509 2453 nostri.
2540 2399 2689 2455 Sicut
2718 2400 2860 2454 enim
2901 2400 3039 2457 dona
3070 2400 3255 2471 figum
3286 2411 3429 2468 sunt,
3458 2401 3522 2455 ita
3547 2414 3718 2472 quoque

2181 2488 2441 2560 supplicia
2493 2490 2676 2561 figurae
2710 2510 2724 2546 :
2756 2500 2813 2547 et
2837 2492 2977 2546 sicut
3023 2491 3289 2563 baptisma
3317 2501 3373 2548 et
3400 2506 3573 2548 mensa
3604 2490 3720 2561 prius

2180 2579 2647 2651 describebantur,
2676 2582 2748 2638 ita
2792 2584 2846 2639 in
2880 2585 3233 2654 sequentibus
3260 2593 3473 2657 propter
3500 2600 3589 2639 nos
3609 2599 3717 2653 prat-

2180 2670 2537 2740 significatum
2580 2682 2684 2742 est,
2730 2674 2873 2744 quod
2918 2676 3007 2745 qui
3041 2676 3130 2730 tali
3180 2676 3325 2732 dono
3345 2675 3537 2747 indigni
3565 2673 3722 2729 iuerint

2180 2764 2441 2834 supplicio
2489 2764 2761 2821 afliciendi
2808 2766 2935 2829 sint,
2977 2776 3035 2823 ut
3078 2767 3279 2823 talibus
3304 2767 3550 2838 exemplis
3574 2764 3719 2820 moniti

2182 2857 2627 2926 temperantiores
2643 2858 2833 2913 simus.
2850 2858 2975 2915 Ideo
2991 2858 3195 2915 addidit
3216 2877 3229 2914 :
3256 2858 3324 2917 Ut
3351 2876 3450 2915 non
3473 2858 3612 2913 simus
3630 2871 3724 2910 coa-

2181 2950 2491 3020 cupiscentes
2531 2950 2804 3017 malorum,
2859 2953 2985 3007 sicut
3028 2963 3076 3008 et
3101 2954 3178 3008 illi
3221 2954 3583 3026 concupierunt.
3607 2950 3722 3007 Sicut

2180 3042 2323 3095 enim
2350 3042 2400 3095 in
2438 3042 2713 3099 beneficiis
2749 3044 2860 3116 typi
2892 3055 3292 3115 praecesserunt
3338 3054 3394 3102 et
3444 3050 3722 3115 sequutaest

2182 3132 2421 3188 veritas:
2452 3134 2530 3187 sic
2574 3144 2629 3189 et
2672 3134 2726 3189 in
2776 3136 3054 3205 suppliciis
3097 3147 3375 3209 sequetur.
3406 3136 3579 3193 Viden’
3617 3147 3721 3204 quo-

2181 3223 2343 3279 modo
2371 3225 2639 3291 o~tendat,
2691 3242 2799 3282 non
2848 3228 3010 3283 modo
3040 3229 3182 3300 quod
3227 3228 3479 3302 puniendi
3516 3227 3630 3291 sint,
3653 3221 3723 3278 sed

2180 3316 2340 3371 etiam
2368 3316 2509 3387 quod
2540 3320 2708 3389 magis
2748 3335 2908 3390 quam
2939 3320 3055 3376 illi?
3083 3321 3219 3377 Nam
3272 3323 3319 3378 si
3376 3320 3503 3377 illud
3551 3317 3721 3391 quidem

2182 3415 2341 3477 typus
2366 3419 2467 3475 est,
2504 3410 2607 3465 hoc
2644 3421 2825 3466 autem
2853 3412 3071 3478 veritas,
3124 3427 3351 3469 necesse
3379 3422 3460 3468 est
3490 3412 3537 3465 in
3561 3405 3716 3478 suppli-

2180 3499 2281 3554 ciis
2310 3516 2560 3571 magnum
2590 3517 2711 3557 esse
2739 3504 2974 3572 culmen,
2998 3516 3053 3558 ut
3084 3506 3249 3561 etiam
3277 3506 3328 3561 in
3356 3506 3527 3561 donis.
3549 3502 3607 3557 Et
3633 3513 3721 3570 per-

2182 3590 2358 3661 pende
2384 3592 2435 3646 in
2470 3609 2729 3663 quosnam
2755 3594 2983 3665 primum
3015 3596 3346 3664 invehatur;
3381 3598 3431 3651 in
3461 3610 3551 3652 eos
3574 3604 3725 3659 nempe

2182 3682 2272 3753 qui
2302 3682 2352 3735 in
2385 3684 2601 3753 templis
2641 3684 2906 3740 idolorum
2953 3687 3329 3743 comedebant.
3380 3689 3510 3743 Cum
3546 3684 3725 3739 dixisset

2182 3773 2347 3841 enim,
2401 3774 2485 3829 Ne
2532 3775 2644 3831 sitis
2696 3778 3105 3848 concupiscentes
3145 3781 3420 3845 malorum,
3468 3776 3597 3848 quod
3639 3769 3727 3825 uni-

2181 3866 2392 3921 versale
2421 3876 2557 3932 erat,
2590 3867 2731 3937 quod
2753 3868 2803 3923 in
2827 3869 3009 3938 Specie
3029 3878 3145 3925 erat
3165 3870 3462 3941 subjunxit,
3485 3864 3726 3923 ostendens

2184 3958 2392 4027 singula
2452 3968 2669 4027 peccata
2714 3974 2782 4014 ex
2824 3961 2961 4014 mala
2979 3975 3104 4018 esse
3125 3964 3523 4035 cupidit:tte;et
3542 3961 3725 4031 primum

2185 4049 2288 4106 hoc
2314 4050 2451 4105 dixit
2473 4069 2486 4105 :
2519 4052 2570 4105 7.
2600 4050 2778 4122 Neque
2800 4053 3087 4107 idololatra:
3111 4054 3398 4125 efﬁciamini
3424 4055 3543 4109 sicut
3564 4048 3729 4121 quidam

2181 4157 2245 4195 ea:
2285 4142 2411 4211 ipsis
2432 4185 2444 4207 ,
2485 4143 2909 4213 quemadmodum
2947 4146 3191 4215 scriptum
3227 4156 3300 4200 est
3329 4163 3347 4200 :
3376 4145 3518 4201 Sedit
3554 4138 3729 4213 populi“

2182 4232 2496 4287 manducare
2538 4242 2585 4287 et
2632 4234 2816 4295 bibere.
2863 4246 2909 4289 et
2947 4250 3276 4292 surrexerunt
3326 4239 3517 4293 ludere.
3560 4223 3725 4288 Audisti

2180 4325 2453 4393 quomodo
2482 4324 2693 4381 tandem
2736 4325 3045 4383 idololatras
3071 4330 3264 4385 vocet?
3306 4330 3400 4385 sed
3434 4330 3517 4383 hic
3556 4320 3723 4396 quidem

2185 4416 2570 4485 pronuntians,
2620 4428 2803 4486 postea
2834 4428 3011 4473 autem
3062 4421 3227 4475 etiam
3264 4422 3512 4492 probans.
3542 4418 3729 4472 Causam

2180 4516 2359 4563 autem
2391 4510 2569 4578 posuit
2602 4510 2671 4565 ob
2693 4526 2851 4582 quam
2882 4512 2949 4566 ad
2978 4528 3193 4568 mensas
3232 4515 3353 4569 illas
3379 4509 3732 4568 accumbam:

2181 4615 2243 4655 ea
2274 4609 2388 4656 erat
2413 4602 2556 4671 gula.
2580 4603 2919 4673 QuaprOpter
2936 4619 3059 4659 cum
3084 4604 3341 4673 dixisset,
3373 4605 3454 4659 Ne
3470 4608 3614 4658 simus
3639 4612 3734 4650 cou-

2181 4692 2490 4762 cupiscentes
2516 4694 2789 4761 malorum,
2811 4694 3189 4761 etaddidisset,
3226 4696 3311 4752 Ne
3342 4698 3452 4751 sitis
3468 4691 3735 4749 idololatm,

2182 4785 2404 4855 hujusce
2454 4787 2749 4858 iniquitatis
2775 4803 2990 4842 causam
3034 4790 3247 4859 posuit;
3294 4790 3411 4845 haec
3452 4797 3619 4842 autem
3643 4788 3740 4837 erat

2178 4876 2326 4945 gula.
2351 4876 2497 4930 Sedit
2524 4880 2689 4943 enim,
2721 4879 2914 4949 inquit,
2940 4880 3160 4949 populus
3183 4882 3492 4935 manducare
3511 4887 3555 4931 et
3578 4873 3735 4929 bibere.

2181 4968 2247 5023 Et
2277 4967 2437 5023 finem
2468 4969 2593 5024 inde
2631 4981 2941 5040 sequentem
2967 4970 3133 5033 addit,
3177 4987 3393 5042 nempe,
3432 4966 3739 5026 Sun-exerunt

2180 5060 2375 5115 ludere.
2407 5059 2477 5118 Ut
2508 5062 2608 5129 illi,
2644 5062 2840 5131 inquit,
2874 5077 2904 5117 a
2942 5062 3152 5118 deliciis
3182 5066 3250 5120 ad
3294 5061 3632 5120 idololatriam
3656 5054 3736 5109 de-

2179 5162 2440 5207 venerunt
2473 5168 2487 5206 :
2514 5153 2592 5207 sic
2624 5153 2916 5208 timendum
2944 5163 3026 5209 est
3049 5170 3118 5210 ne
3146 5170 3239 5210 vos
3266 5155 3391 5211 inde
3406 5170 3470 5209 eo
3489 5144 3735 5207 decidatis.

2180 5242 2429 5299 Vidistin’
2456 5244 2729 5315 quomodo
2755 5246 3006 5301 ostendat
3028 5247 3192 5303 hosce
3222 5248 3487 5316 perfectos
3516 5243 3614 5298 illis
3637 5248 3738 5294 esse

2178 5337 2641 5409 imperfectiores?
2662 5355 2799 5410 quos
2830 5340 3097 5411 pungebat
3136 5356 3243 5396 non
3275 5356 3342 5396 eo
3382 5340 3569 5401 solum,
3617 5324 3738 5401 quod

2184 5447 2292 5487 non
2318 5432 2677 5497 sustinerent;
2710 5431 2804 5486 sed
2848 5431 2989 5501 quod
3038 5433 3199 5487 etiam
3225 5431 3307 5486 illi
3344 5445 3408 5486 ex
3437 5420 3735 5499 ignorantia.

2174 5524 2267 5579 alii
2284 5540 2350 5579 ex
2372 5524 2605 5595 ingluvie
2626 5534 2911 5593 peccarcnt
2934 5541 2949 5578 :
2971 5533 3026 5580 et
3046 5523 3255 5579 illorum
3284 5521 3496 5593 quidem
3514 5507 3737 5589 pertaiciei

2177 5614 2506 5685 punitionem
2536 5614 2619 5669 bis
2642 5614 2854 5681 tribuit;
2888 5614 2987 5670 hos
3008 5624 3185 5669 autem
3216 5628 3322 5669 non
3362 5611 3487 5667 sinit
3514 5608 3589 5662 sui
3627 5614 3736 5673 pec-

2182 5708 2287 5765 cati
2315 5723 2531 5764 causam
2578 5707 2780 5765 rcferre
2828 5707 2879 5764 in
2927 5708 3112 5773 alium,
3135 5706 3228 5764 sed
3258 5715 3313 5762 et
3338 5704 3419 5761 sui
3463 5713 3513 5759 ct
3537 5699 3738 5754 aliorum
