3992 6434
200 340 287 396 191

200 468 296 521 τρα
319 445 402 519 ἦν
420 452 455 504 ό
483 449 783 518 Χριστός)⁶
807 449 945 504 ἀλλ’
967 449 1078 501 οὐκ
1104 446 1174 500 ἑν
1201 445 1325 512 τοῖς
1347 444 1626 498 πλείοσιν
1650 442 1762 494 αὑ-

196 534 305 589 τῶν
347 533 695 601 ηὐδόκησεν
723 535 757 587 ὁ
801 534 964 598 Θεός.
1012 533 1122 584 Kal
1152 530 1294 593 τίνος
1338 529 1558 592 ἐνεκεν,
1600 525 1758 597 φησὶ,

195 619 354 672 ταῦτα
401 617 584 686 λέγει;
627 616 744 670 Ἵνα
794 617 978 686 δείξῃ,
1023 616 1104 669 ὄτι
1143 612 1334 684 ῶσπερ
1384 612 1626 674 ἐκείνους
1663 609 1764 662 οὐκ

193 705 359 770 ὢνησε
396 701 459 753 τὸ
494 699 763 771 τοσαύτης
796 699 1104 753 ἀπολαῦσαι
1133 698 1364 768 δωρεᾶς,
1399 695 1574 759 οὕτως
1612 692 1761 766 [203]

193 787 299 838 οὐδὲ
333 785 558 847 τούτους
595 785 657 838 τὸ
690 785 1063 855 βαπτίσματος
1096 783 1279 852 τυχεῖν
1315 781 1410 834 καὶ
1444 779 1763 852 μυστηρίων

199 869 574 937 πνευματικῶν
605 866 943 932 ἀπολαῦσαι,
990 867 1037 919 εἰ
1085 866 1160 935 μὴ
1208 865 1451 934 μέλλοιεν
1490 863 1636 930 ἄξιον
1663 863 1762 933 τῆς

207 969 406 1022 χάριτος
436 951 846 1005 ἐπιδείκνυσθαι
877 950 1009 1020 βίον.
1043 949 1134 1002 Διὸ
1164 950 1257 1002 καί
1284 950 1409 1012 τοὺς
1440 947 1532 1001 τοῦ
1569 947 1760 1017 βαπτί-

207 1053 409 1101 σματος,
443 1035 538 1086 καί
579 1035 706 1097 τοὺς
736 1034 845 1086 τῶν
903 1031 1218 1103 μυστηρίων
1255 1031 1495 1103 παράγει
1535 1031 1756 1094 τύπους.

205 1118 330 1170 Τίδέ
360 1119 528 1180 ἐστιν,
564 1120 665 1183 Εἰς
692 1119 802 1170 τὸν
837 1115 1106 1184 Μωῦσῆν
1128 1115 1566 1179 ἐϐαπτίσαντο;
1609 1112 1758 1167 Καθ-

200 1204 326 1272 άπερ
357 1203 518 1269 ἡμεῖς
541 1200 621 1270 τῷ
650 1200 871 1271 Χριστῷ
901 1198 1297 1262 πιστεύσαντες
1316 1199 1407 1252 καὶ
1430 1200 1496 1268 τῇ
1520 1197 1757 1250 ἀναστά-

199 1300 271 1335 σει
307 1281 469 1334 αὐτοῦ
494 1323 508 1342 ,
541 1280 948 1353 βαπτιζόμεθα,
985 1281 1060 1345 ὡς
1099 1283 1194 1335 καὶ
1224 1281 1379 1335 αὐτοὶ
1422 1281 1530 1333 τῶν
1576 1278 1758 1332 αὐτῶν

200 1366 498 1435 μυστηρίων
528 1366 970 1436 κοινωνήσοντες·
1003 1364 1391 1435 Βαπτιςόμεθα
1412 1365 1544 1433 γάρ,
1571 1363 1754 1433 φησὶν,

195 1451 323 1520 ὑπὲρ
354 1450 456 1502 τῶν
479 1449 710 1521 νεκρῶν,
741 1449 1010 1512 τουτέστι,
1046 1448 1156 1501 τῶν
1190 1449 1458 1517 σωμάτων
1479 1447 1588 1499 τῶν
1615 1448 1754 1516 ἠμε-

191 1534 372 1604 τέρων·
389 1532 529 1585 οὕτω
549 1533 791 1586 κάκεῖνοι
821 1532 1195 1604 θαρρήσαντες
1223 1530 1300 1601 τῷ
1325 1531 1571 1590 Μωῦσεῖ,
1600 1547 1754 1582 τουτο

191 1616 347 1678 ἐστιν,
385 1615 582 1678 ἰδόντες
613 1616 779 1670 αὑτὸν
822 1614 1084 1668 διαϐάντα
1132 1614 1351 1683 πρῶτον
1371 1654 1385 1678 ,
1417 1612 1753 1684 κατετόλμη-

193 1714 283 1750 σαν
311 1700 403 1751 καὶ
429 1698 580 1751 αὐτοὶ
603 1697 709 1751 τῶν
737 1697 966 1752 ὑδάτων.
1009 1696 1148 1750 Ἀλλ’
1179 1695 1368 1766 ἐπειδὴ
1394 1695 1642 1766 βούλεται
1663 1694 1755 1749 τὸν

189 1781 349 1834 τύπον
377 1782 543 1850 ἐγγὺς
574 1781 675 1850 τῆς
707 1781 966 1852 ἀληθείας
997 1782 1248 1850 ἀγαγεῖν,
1279 1781 1342 1834 οὐ
1381 1780 1529 1848 λέγει
1557 1779 1750 1844 οὕτως,

191 1864 314 1916 ἀλλὰ
344 1867 448 1926 τοῖς
476 1865 573 1934 τῆς
594 1864 850 1935 ἀληθείας
873 1863 1098 1934 ὀνόμασι
1123 1863 1388 1934 κέχρηται
1407 1863 1504 1916 καὶ
1532 1862 1626 1914 ἐπὶ
1655 1862 1750 1915 τοῦ

190 1947 370 2000 τύπου.
404 1947 702 2001 Καὶντοῦτο
735 1949 835 2018 μὲν
860 1947 955 2000 τοῦ
993 1946 1222 2019 λουτροῦ
1261 1945 1549 2016 σύμϐολον·
1587 1945 1657 1998 τά
1694 1946 1752 1999 δέ

192 2030 320 2102 μετά
343 2030 510 2084 ταῦτα
530 2071 545 2092 ,
573 2031 675 2100 τῆς
703 2031 857 2101 ἱερᾶς
887 2030 1190 2103 τραπέζης.
1234 2029 1504 2100 Καθάπερ
1543 2029 1652 2098 γὰρ
1684 2029 1747 2081 σὺ

188 2113 241 2166 τὸ
283 2112 436 2183 σῶμα
481 2113 684 2176 ἐσθίεις
728 2115 791 2166 τὸ
834 2113 1190 2180 δεσποτικὸν,
1234 2113 1408 2176 οὕτως
1449 2114 1647 2164 ἐκεῖνοι
1690 2111 1753 2164 τὸ

191 2197 370 2266 μάννα·
423 2198 518 2249 καὶ
580 2197 767 2267 ὥσπερ
823 2197 886 2249 σὺ
933 2197 993 2250 τὸ
1043 2191 1183 2267 αἷμα
1220 2196 1418 2260 πίνεις,
1468 2194 1610 2248 οὕτω
1659 2196 1755 2248 καὶ

188 2279 371 2332 ἐκεῖνοι
405 2279 553 2351 ὕδωρ
594 2281 659 2332 ἐκ
697 2281 920 2352 πέτρας.
955 2281 1018 2334 Εἰ
1050 2282 1157 2352 γὰρ
1198 2281 1294 2334 καὶ
1323 2277 1558 2349 αἰσθητά
1583 2273 1652 2350 ἦν
1686 2278 1754 2332 τὰ

187 2363 451 2432 γινόμενα,
477 2362 615 2416 ἀλλά
639 2364 1020 2434 πνευματικῶς
1047 2363 1360 2436 παρείχετο,
1383 2363 1443 2418 οὺ
1469 2363 1615 2416 κατά
1643 2361 1750 2430 φύ-

188 2461 319 2522 σεως
344 2445 686 2508 ἀκολουθίαν,
717 2446 851 2501 ἀλλά
876 2446 1016 2500 κατὰ
1039 2446 1248 2516 δωρεᾶς
1275 2446 1457 2520 χάριν,
1485 2445 1580 2499 καὶ
1613 2443 1753 2514 μετά

186 2527 264 2581 τοῦ
319 2527 571 2598 σώματος
611 2529 707 2583 καὶ
764 2529 862 2600 τὴν
917 2529 1097 2600 ψυχὴν
1148 2529 1376 2602 ἔτρεφεν
1427 2530 1508 2593 είς
1566 2530 1752 2582 πίστιν

184 2609 452 2676 ίνάγοντα.
497 2611 597 2666 Διά
635 2629 718 2665 τοι
749 2611 908 2665 τοῦτο
936 2613 1066 2682 περὶ
1094 2611 1194 2682 μὲν
1232 2612 1330 2682 τῆς
1355 2613 1564 2684 τροφῆς
1597 2611 1751 2665 οὐδὲν

182 2689 354 2749 εἶπεν·
401 2694 786 2767 ἐξηλλαγμένη
827 2695 934 2767 γάρ
965 2689 1054 2766 ῆν,
1095 2696 1155 2749 οὒ
1203 2694 1282 2766 τῷ
1333 2695 1520 2765 τρόπῳ
1567 2693 1748 2766 μόνον,

175 2777 297 2833 ἀλλά
332 2779 430 2832 καὶ
466 2780 530 2848 τῇ
562 2777 724 2847 φύσει
743 2795 756 2807 ·
789 2779 964 2849 μάννα
990 2777 1098 2850 γὰρ
1118 2772 1205 2848 ῆν*
1233 2779 1326 2831 ἐπὶ
1353 2777 1410 2832 δέ
1435 2777 1531 2830 τοῦ
1560 2776 1747 2844 ποτοῦ,

169 2860 350 2932 ἐπειδὴ
376 2863 407 2914 6
429 2861 634 2932 τῷπος
653 2861 755 2930 τῆς
779 2859 1041 2932 χορηγίας
1073 2860 1233 2930 μόνος
1260 2856 1329 2932 ἦν
1367 2861 1397 2912 6
1422 2860 1745 2931 παράδοξος,

162 2945 251 2997 καὶ
277 2942 630 3014 κατασκευῆς
658 2943 856 3015 ἐδεήθη
875 2958 889 2972 ·
923 2942 1110 3012 διόπερ
1137 2941 1330 3010 εἰπὼν,
1357 2943 1440 2997 ὅτι
1482 2942 1554 2996 Τὸ
1599 2942 1748 2998 αὐτὸ

154 3035 322 3102 πόμα
352 3036 768 3104 πνευματικὸν
787 3033 980 3099 ἔπιον,
1012 3035 1294 3105 ἐπήγαγεν
1314 3050 1329 3066 ο
1361 3035 1611 3088 Ἐπινον
1638 3033 1748 3104 γὰρ

156 3117 232 3169 ἐκ
267 3115 677 3187 πνευματικῆς
697 3117 1160 3185 ἀκολουθούσης
1184 3115 1424 3186 πέτρας·
1449 3118 1545 3171 καί
1573 3133 1746 3190 προσ-

168 3198 392 3270 έθηκεν,
445 3200 514 3254 Ἦ
542 3195 610 3252 δὲ
641 3199 826 3266 πέτρα
849 3196 928 3269 ἦν
959 3203 992 3253 ὀ
1022 3202 1296 3268 Χριστός.
1329 3203 1403 3254 υύ
1439 3202 1549 3274 γάρ
1589 3204 1623 3274 ἡ
1645 3202 1747 3272 τῆς

171 3281 370 3352 πέτρας
401 3281 569 3352 φύσις
595 3281 656 3334 τὸ
687 3281 829 3353 ὕδωρ
857 3281 1007 3351 ἠφίει
1027 3323 1041 3346 ,
1075 3284 1258 3355 φησίν·
1285 3280 1321 3356 ἦ
1355 3285 1464 3356 γάρ
1494 3287 1561 3341 ἂν
1596 3296 1616 3318 ⁸
1651 3288 1746 3341 καὶ

164 3367 265 3436 πρὸ
287 3367 480 3419 τούτου
505 3365 796 3431 ἀνέϐλυζεν
818 3383 830 3394 ·
857 3367 971 3420 ἀλλ’
1001 3368 1162 3440 ἐτέρα
1187 3387 1270 3432 τις
1297 3369 1470 3440 πέτρα
1501 3388 1746 3442 πνευμα-

152 3448 280 3518 τικὴ
309 3450 371 3502 τὸ
399 3451 511 3502 πᾶν
539 3449 847 3519 εἰργάζετο,
876 3451 1176 3515 τουτέστιν,
1205 3454 1233 3504 6
1252 3453 1485 3525 Χριστὸς
1503 3456 1531 3507 6
1555 3455 1744 3527 παρὼν

152 3532 335 3594 αὐτοῖς
364 3531 673 3601 πανταχοῦ,
699 3532 794 3585 καὶ
817 3533 996 3587 πάντα
1022 3533 1473 3607 θαυματουργῶν.
1505 3537 1602 3591 Διά
1636 3537 1742 3610 γάρ

152 3613 310 3666 τοῦτο
343 3611 543 3679 εἶπεν,
595 3614 1039 3686 Ἀκολουθού-σης.
1082 3611 1236 3681 Εἶδες
1279 3618 1490 3672 Παύλου
1527 3622 1740 3691 σοφίαν,

153 3697 270 3758 πῶς
308 3696 599 3767 ἑκατέρων
648 3697 810 3750 αὑτὸν
859 3697 989 3751 ὄντα
1045 3701 1282 3772 χορηγὸν
1327 3701 1597 3768 δείκνυσι,
1643 3703 1743 3758 καὶ

149 3778 322 3850 ταύτῃ
352 3779 454 3832 τὸν
482 3778 650 3833 τύπον
687 3781 854 3850 ἐγγὺς
885 3782 986 3852 τῆς
1024 3783 1282 3853 ἀληθείας
1311 3784 1491 3853 ἀγωνς
1536 3787 1596 3839 'U
1639 3788 1741 3860 γάρ

152 3863 337 3915 ἐκεῖνα
378 3862 680 3933 παρασχὼν
705 3865 964 3928 ἐκείνοις,
991 3867 1190 3937 φησὶν,
1223 3863 1376 3932 οὗτος
1409 3870 1500 3921 καὶ
1538 3869 1742 3941 ταύτην

154 3944 535 3998 κατεσκεύασε
581 3946 678 4016 τὴν
713 3947 993 4015 τράπεζαν
1015 3965 1028 3976 ·
1073 3950 1169 4001 καὶ
1198 3952 1226 4003 6
1261 3951 1426 4014 αὐτὸς
1456 3952 1742 4017 κάκείνους

156 4027 239 4079 διὰ
256 4030 360 4096 τῆς
387 4027 683 4097 θαλάττης,
713 4030 806 4082 καὶ
829 4030 887 4082 σὲ
909 4030 996 4083 διά
1025 4031 1119 4084 τοῦ
1144 4032 1522 4104 βαπτίσματος
1541 4035 1736 4108 ήγαγε·

157 4111 435 4174 κάκείνοις
473 4113 647 4182 μάννα
687 4114 784 4166 καὶ
823 4112 986 4184 ὕδωρ.
1024 4117 1116 4170 καὶ
1159 4117 1242 4169 col
1277 4117 1438 4188 σῶμα
1471 4121 1564 4172 καὶ
1600 4114 1739 4190 αἷμα

157 4194 424 4264 παρέσχε.
473 4196 580 4247 Καὶ
611 4195 680 4248 τὰ
721 4196 818 4267 μὲν
864 4198 962 4267 τῆς
1005 4199 1213 4270 δωρεᾶς
1265 4201 1430 4254 αὑτοῦ
1479 4203 1735 4257 τοιαῦταο

157 4278 352 4348 ίδωμεν
394 4276 455 4329 δὲ
495 4279 587 4331 καὶ
637 4280 710 4333 τά
756 4278 914 4350 ἑξῆς,
962 4284 1054 4335 καί
1090 4285 1489 4352 σκοπήσωμεν,
1538 4290 1585 4340 εἰ
1635 4290 1736 4360 τῆς

155 4361 359 4432 δωρεᾶς
394 4361 635 4426 ἀναξίων
681 4364 958 4432 φανέντων
1006 4366 1210 4419 τούτων
1257 4369 1530 4437 ἐφείσατο.
1594 4372 1735 4426 Ἀλλ’

153 4445 247 4499 ούκ
273 4445 340 4497 ἂν
370 4443 519 4514 ἔχοις
549 4446 710 4499 τοῦτο
738 4448 931 4500 εἰπεῖν·
972 4447 1053 4501 διὸ
1093 4450 1188 4502 καὶ
1229 4450 1531 4522 ἐπήγαγεν,
1573 4453 1734 4510 Ἀλλ’

154 4531 262 4580 οὐκ
299 4529 373 4581 ὲν
411 4527 540 4594 τοῖς
567 4529 852 4584 πλείοσιν
882 4529 1085 4586 αὐτῶν
1123 4533 1472 4602 ηὐδόκησεν
1500 4539 1533 4590 ό
1568 4539 1731 4607 Θεὸς,

155 4612 331 4664 καίτοι
358 4629 428 4680 γε
458 4612 700 4683 τιμήσας
731 4614 931 4679 αὐτοὺς
959 4615 1195 4688 τοσαύτῃ
1223 4621 1376 4688 τιμῇ.
1414 4619 1557 4673 Ἀλλ’
1582 4622 1734 4677 οὐδὲν

151 4694 343 4758 αὐτοὺς
375 4695 539 4748 τοῦτο
566 4695 797 4767 ὤνησεν,
826 4697 942 4751 ἀλλ’
957 4701 1015 4752 -οί
1045 4699 1262 4765 πλείους
1290 4702 1586 4759 ἀπώλοντο.
1621 4708 1733 4761 Kal

156 4779 257 4847 μὴν
288 4780 498 4840 πάντες
531 4778 830 4834 ἀπώλοντσ
863 4781 979 4835 ἀλλ’
1011 4783 1097 4836 ἵνα
1131 4784 1206 4855 μὴ
1239 4783 1365 4857 δόξῃ
1396 4788 1489 4840 καὶ
1521 4787 1731 4854 τούτοις

157 4860 534 4930 πανωλεθρίαν
598 4864 996 4934 προφητεύειν,
1062 4865 1151 4920 διὰ
1205 4867 1364 4921 τοῦτο
1414 4864 1599 4936 εἶπεν,
1666 4877 1731 4928 Οἱ

161 4944 420 5008 πλείους.
474 4945 668 4998 Καίτοι
723 4964 787 5016 γε
826 4947 1044 5021 ἄπειροι
1091 4945 1270 5021 ἦσαν,
1326 4951 1441 5006 ἀλλ’
1481 4955 1631 5009 οὐδὲν
1667 4957 1730 5012 τό

167 5022 356 5111 πλῆθος
383 5026 637 5111 ιῖιφέλησε
659 5045 674 5059 ’
711 5029 806 5083 καὶ
849 5031 1026 5086 πάντα
1057 5035 1242 5088 ἐκεῖνα
1268 5035 1490 5107 ἀγάπης
1517 5041 1728 5111 τεκμή-

165 5122 256 5191 ρια
277 5101 360 5191 ῆν,
379 5109 492 5162 ἀλλ’
515 5110 640 5164 ούδέ
659 5111 818 5165 τοῦτο
839 5115 1037 5178 αὐτοὺς
1064 5115 1294 5188 ὤνησεν,
1316 5101 1603 5191 ἐπεὶ-μηδὲ
1623 5101 1727 5176 ὶιό-

155 5189 242 5240 col
265 5188 340 5274 τὰ
369 5191 458 5261 τῆς
491 5193 717 5263 ἀγάπης
760 5195 1158 5254 ἐπεδείκνυντο.
1212 5200 1428 5272 Ἐπειδὴ
1469 5188 1578 5274 γάρ
1613 5209 1725 5271 τοῖς

152 5273 283 5343 περί
314 5273 532 5346 γεέννης
567 5276 716 5349 [204]
757 5277 940 5346 λόγοις
987 5282 1038 5334 οἰ
1075 5282 1262 5336 πολλοὶ
1307 5273 1681 5342 διαπιστοῦσιν
1703 5329 1718 5354 ,

152 5354 242 5408 άτε
270 5357 345 5427 μὴ
375 5357 612 5442 παροῦσι
649 5360 782 5430 μηδὲ
819 5364 1185 5434 φαινομένοις,
1223 5367 1332 5421 ἀπὸ
1359 5367 1469 5422 τῶν
1503 5370 1604 5442 ήδη
1631 5389 1723 5440 γε-

153 5442 459 5510 γενημένων
489 5441 786 5508 δείκνυσιν,
805 5445 888 5497 ὅτι
908 5445 1125 5512 κολάζει
1151 5451 1277 5514 τοὺς
1301 5441 1721 5523 ἁμαρτάνοντας

156 5525 179 5576 ὁ
373 5525 480 5578 κάν
508 5526 770 5597 μυριάκις
789 5529 1166 5603 εὐεργετηκὼς
1269 5537 1332 5588 EE
1353 5537 1462 5608 γὰρ
1489 5539 1583 5593 καὶ
1607 5544 1720 5605 τοῖς

163 5606 430 5674 μέλλουσιν
453 5609 768 5674 ἀπιστεῖτε,
799 5613 997 5682 φησὶν,
1031 5615 1146 5669 ἀλλ’
1176 5606 1237 5671 οὐ
1279 5606 1450 5690 δήπου
1487 5622 1579 5676 καὶ
1608 5626 1719 5686 τοῖς

161 5690 528 5761 γεγενημένοις
559 5692 909 5764 ἀπιστήσετε.

205 5851 226 5886 ⁸
246 5849 327 5903 Sic
354 5850 486 5914 Erg.
507 5858 561 5909 ει
581 5851 730 5903 Savil.
751 5852 816 5905 At
838 5854 1032 5913 Morel..
1051 5859 1107 5908 ού
1124 5860 1210 5925 γὰρ
1238 5863 1312 5912 ἄν.

1205 333 1272 388 ΙΝ
1311 331 1531 389 EPIST.
1573 331 1594 386 l
1657 327 1750 387 AD
1788 325 1948 385 COR.
1989 325 2224 384 IIOMIL.
2260 324 2458 386 XXIII.

3347 331 3453 389 I92

1939 440 2283 508 γ’.Σκοπεῖτε
2313 438 2444 508 γοῦν
2473 437 2636 509 ἡλίκα
2661 437 2995 510 εὐηργέτησε
3015 438 3260 504 τούτους·
3283 444 3452 512 Αίγύυ

1867 541 2004 576 πτου
2042 524 2138 577 καὶ
2173 522 2275 593 τῆς
2301 525 2419 577 ἐκεῖ
2442 522 2684 586 δουλείας
2709 522 3007 594 ἀπήλλαξε,
3038 525 3140 597 τὴν
3170 525 3450 584 θάλασσαν

1865 607 2252 678 ύπεστόρεσεν,
2284 605 2342 670 ἐξ
2370 604 2602 674 ούρανοῦ
2633 605 2809 676 μάννα
2837 609 3164 679 κατήνεγκε,
3200 610 3448 666 κάτωθεν

1861 688 2071 742 ὑδάτων
2099 688 2285 758 πηγάς
2315 687 2472 752 ξένας
2507 689 2604 742 καί
2637 689 2974 760 παραδόξους
3007 691 3177 761 ἀνῆκε
3198 732 3213 755 ,
3261 694 3448 765 παρῆν

1861 772 2046 835 αὐτοῖς
2087 769 2368 839 πανταχοῦ
2406 770 2879 841 θαυματουργῶν,
2911 772 3006 824 καὶ
3044 773 3312 828 πάντοθεν
3341 776 3445 828 αὐε-

1858 853 1985 917 τοὺς
2011 853 2283 924 τειχίζων
2319 853 2434 907 ἀλλ’
2477 855 2658 924 ὅμως,
2691 854 2878 926 ἐπειδὴ
2917 854 3020 926 τῆς
3066 856 3276 927 δωρεᾶς
3317 859 3448 912 ταύ-

1856 953 1957 1007 της
1976 937 2126 990 ούδέν
2147 936 2296 1000 ἀξιον
2322 935 2684 1001 ἐπεδείξαντο,
2702 938 2804 990 οὐκ
2827 938 3084 1005 ἐφείσατο
3109 939 3308 1003 αὐτῶν,
3328 941 3444 995 ἀλλ’

1857 1019 2138 1073 ἀπώλεσεν
2160 1019 2427 1082 ἅπαντας.
2459 1020 2976 1088 Κατεστρώθησαν
2996 1021 3128 1090 γὰρ,
3157 1024 3342 1092 φησὶν,
3374 1025 3447 1079 ἐν

1855 1101 1931 1170 τῇ
1953 1102 2168 1171 ἑρήμῳ’
2187 1104 2289 1173 τήν
2306 1119 2366 1154 τε
2391 1103 2593 1173 ἀθρόαν
2611 1103 2790 1158 αὐτῶν
2818 1104 3093 1158 ἀπώλειαν
3119 1106 3214 1160 καὶ
3240 1107 3336 1167 τὰς
3361 1125 3444 1160 κοο

1855 1182 2038 1246 λάσεις
2067 1185 2160 1238 καὶ
2187 1187 2288 1248 τὰς
2313 1186 2584 1256 τιμωρίας
2606 1186 2704 1249 τὰς
2725 1186 3023 1256 ,θεηλάτους
3051 1188 3332 1258 ἐμφαίνων
3354 1190 3444 1244 διά

1853 1267 1951 1337 τῆς
1972 1268 2172 1334 λέξεως
2190 1269 2416 1338 ταύτης,
2447 1270 2542 1322 καὶ
2568 1270 2650 1323 ὅτι
2679 1269 2800 1322 οὐδὲ
2823 1270 2930 1322 τῶν
2951 1270 3330 1341 προκειμένων
3351 1274 3443 1326 ἐπ-

1855 1351 2032 1407 άθλων
2055 1353 2337 1422 ἐπέτυχον.
2373 1353 2510 1406 Οὑδέ
2542 1353 2650 1424 γὰρ
2682 1355 2738 1405 ἐν
2767 1357 2832 1425 τῇ
2869 1357 2940 1425 γῇ
2974 1356 3073 1422 τῆς
3104 1355 3442 1424 ἐπαγγελίας

1853 1435 2025 1489 ταῦτα
2054 1437 2236 1499 αὐτοῖς
2265 1437 2578 1506 εἰργάσατο,
2609 1437 2724 1490 ἀλλ’
2748 1437 2853 1502 ἔξω
2875 1438 2972 1492 καὶ
3005 1439 3194 1510 πόρρω
3215 1457 3318 1492 που
3345 1443 3442 1495 καὶ

1856 1518 2074 1590 μακράν
2099 1520 2201 1590 τῆς
2225 1519 2408 1590 χώρας
2431 1522 2667 1593 ἐκείνης,
2701 1521 2861 1593 διπλῇ
2904 1523 3146 1594 τιμωρίᾳ
3181 1524 3437 1594 κολάσας,

1855 1603 1948 1657 καὶ
1963 1603 2043 1674 τῷ
2063 1604 2136 1676 μὴ
2154 1605 2509 1676 συγχωρῆσαι
2532 1607 2633 1676 τὴν
2650 1607 2754 1676 γῆν
2780 1607 2926 1672 ἰδεῖν,
2952 1607 3046 1660 καί⁵
3071 1607 3244 1661 ταῦτα
3262 1609 3437 1681 ἐπηγ-

1851 1687 2121 1757 γελμένην
2163 1689 2367 1754 αὐτοῖς,
2397 1689 2494 1742 καὶ
2526 1689 2606 1759 τῷ
2647 1689 2878 1742 κολάσαι
2929 1691 3203 1761 χαλεπῶς.
3243 1693 3352 1746 Kal
3383 1692 3438 1745 τί

1853 1769 1989 1840 πρὸς
2019 1771 2166 1840 ἡμᾶς
2199 1771 2404 1836 ταῦτα;
2451 1773 2620 1843 φησί·
2655 1774 2800 1844 Πρὸς
2839 1774 2899 1826 σὲ
2933 1774 3034 1845 μέν
3062 1770 3154 1827 οῦν
3177 1791 3192 1805 ο
3223 1774 3306 1828 διὸ
3343 1775 3439 1829 καὶ

1853 1855 2121 1925 ἐπήγαγε·
2192 1856 2384 1910 Ταῦτα
2438 1856 2507 1910 δὲ
2570 1858 2745 1912 τύποι
2801 1856 2971 1927 ἡμῶν
3033 1857 3434 1928 ἐγενήθησαν.

1853 1937 2066 2010 Ὠσπερ
2103 1937 2212 2008 γὰρ
2244 1941 2299 1992 αἰ
2324 1939 2529 2010 δωρεαὶ
2558 1940 2742 2004 τύποι,
2775 1939 2921 1994 οὕτω
2956 1941 3050 1994 καὶ
3092 1942 3148 1994 αἰ
3184 1941 3438 2006 κολάσεις

1850 2020 2041 2074 τύποιο
2071 2024 2167 2076 καὶ
2199 2021 2392 2096 ὥσπερ
2418 2024 2479 2077 τὸ
2511 2023 2798 2094 βάπτισμα
2829 2025 2923 2078 καὶ
2950 2027 2983 2095 ή
3015 2025 3266 2095 τράπεζα
3297 2041 3436 2095 προ-

1849 2103 2194 2173 διεγράφετο,
2225 2105 2369 2159 οὕτω
2416 2107 2509 2160 καὶ
2553 2106 2642 2159 διά
2667 2106 2776 2161 τῶν
2813 2106 2951 2176 μετά
2992 2107 3198 2172 ταῦτα,
3223 2107 3306 2160 ὅτι
3340 2108 3436 2161 καί⁵

1849 2186 2279 2257 κολασθήσονται
2323 2189 2374 2241 οἰ
2423 2189 2626 2260 ταύτης
2667 2189 2875 2256 ἀνάξιοι
2909 2191 3009 2261 τῆς
3043 2190 3278 2259 δωρεᾶς,
3311 2207 3438 2263 προ⁶

1848 2275 2180 2340 ανεφωνεῖτο
2206 2271 2274 2325 δι’
2299 2273 2444 2342 ἡμᾶς
2460 2314 2475 2338 ,
2507 2274 2647 2327 ὥστε
2680 2274 3154 2346 σωφρονεστέρους
3177 2275 3434 2342 γενέσθαι

1847 2358 1962 2418 τοῖς
1991 2357 2432 2427 παραδείγμασιν
2462 2359 2711 2420 ἐκείνοις.
2743 2358 2834 2412 Διὸ
2867 2359 2963 2412 καὶ
2991 2359 3272 2430 ἐπήγαγεν
3291 2375 3304 2390 ·
3330 2360 3434 2424 Εἰς

1846 2440 1914 2492 τὸ
1944 2438 2030 2507 μὴ
2059 2435 2211 2493 εἶναι
2244 2441 2404 2509 ἡμᾶς
2443 2442 2813 2508 ἐπιθυμητὰς
2855 2441 3077 2502 κακῶν,
3109 2441 3304 2508 καθὼς
3330 2442 3433 2496 κά-

1847 2521 2032 2575 κεῖνοι
2051 2523 2460 2592 ἐπεθύμησαν.
2483 2525 2701 2595 Ὠσπερ
2721 2525 2833 2596 γάρ
2856 2527 2918 2577 ἐν
2945 2526 3066 2587 ταῖς
3088 2524 3434 2595 εὐεργεσίαις

1845 2605 1896 2658 οἰ
1922 2604 2082 2658 τύποι
2113 2607 2433 2678 προέλαϐον,
2452 2609 2545 2663 καὶ
2567 2607 2936 2679 ἠκολούθησεν
2956 2610 2989 2678 ή
3019 2607 3268 2681 ἀλήθεια,
3290 2607 3434 2661 οὕτω

1845 2690 1941 2742 καὶ
1973 2689 2030 2742 ἐν
2054 2692 2175 2753 ταῖς
2207 2691 2499 2762 τιμωρίαις
2524 2691 2737 2762 ἕψεται.
2784 2693 2949 2763 ὐρᾷς
2989 2691 3108 2754 πῶς
3135 2691 3430 2754 δείκνυσιν,

1845 2772 1944 2843 οὐχ
1973 2773 2054 2826 ὃτι
2084 2773 2516 2846 κολασθήσονται
2556 2777 2740 2846 μόνον,
2774 2777 2890 2830 ἀλλ’
2921 2778 3003 2830 ὅτι
3037 2775 3131 2829 καὶ
3167 2773 3430 2845 μειζόνως

1845 2855 1878 2926 ἢ
1903 2857 2130 2922 ἐκείνοις
2153 2857 2215 2909 Εἰ
2237 2857 2344 2930 γάρ
2369 2858 2430 2911 τὸ
2455 2860 2552 2928 μὲν
2574 2858 2765 2922 τύπος,
2786 2859 2848 2912 τὸ
2866 2859 2922 2913 δὲ
2943 2858 3188 2931 ἀλήθεια,
3215 2858 3430 2927 ἀνάγκη

1845 2941 1940 2992 καὶ
1978 2940 2037 2992 ἐν
2081 2943 2202 3004 ταῖς
2249 2941 2546 3012 τιμωρίαις
2587 2941 2790 3014 πολλὴν
2824 2938 2964 2997 εἶναι
2996 2943 3096 3012 τήν
3131 2941 3428 3014 ὑπεροχὴν,

1844 3021 2034 3095 ὥσπερ
2065 3025 2160 3079 καί
2191 3027 2249 3079 ἐν
2280 3029 2401 3089 ταῖς
2435 3025 2686 3097 δωρεαῖς.
2723 3027 2834 3081 Kal
2868 3026 3062 3081 σκόπει
3092 3027 3258 3080 τίνων
3295 3026 3429 3080 καθ-

1845 3107 2077 3163 άπτεται
2120 3109 2369 3178 πρῶτονο
2405 3110 2514 3164 τῶν
2554 3112 2610 3166 ἐν
2641 3115 2754 3176 τοῖς
2794 3110 3085 3174 εἰδωλείοις
3118 3111 3427 3165 ἐσθιόντων.

1844 3191 2028 3245 Εἰπὼν
2055 3191 2185 3264 γάρ,
2221 3192 2316 3261 Μὴ
2345 3189 2500 3248 εἶναι
2535 3195 2904 3266 ἐπιθυμητὰς
2941 3194 3166 3260 κακῶν,
3203 3197 3338 3266 ὅπερ
3359 3190 3428 3266 ἦν

1843 3275 2153 3340 καθολικὴν,
2208 3278 2405 3346 ἐπάγει
2446 3279 2542 3330 καὶ
2582 3278 2643 3330 τὸ
2686 3281 2807 3330 κατ’
2862 3274 3035 3342 εἶδος,
3085 3277 3299 3341 δεικνὺς
3347 3279 3428 3332 ὅτι

1841 3357 2074 3412 ἕκαστον
2102 3359 2209 3413 τῶν
2242 3361 2659 3432 ἁμαρτημάτων
2690 3363 2756 3415 ἐκ
2779 3363 3024 3432 πονηρᾶς
3056 3360 3278 3430 γέγονεν
3309 3365 3426 3414 ἐπι-

1839 3441 2065 3513 θυμίαςο
2098 3444 2192 3497 καί
2219 3444 2435 3514 πρῶτον
2463 3444 2620 3497 τοῦτο
2647 3445 2770 3517 ἔφη·
2802 3445 2969 3512 Μηδὲ
3002 3444 3424 3512 εἰδωλολάτραι

1842 3528 2116 3596 γίνεσθε,
2156 3527 2350 3595 καθώς
2380 3547 2540 3596 τινες
2569 3529 2800 3597 αὐτῶν,
2840 3529 3044 3598 ὥσπερ
3080 3529 3424 3598 τέτραπταιο

1855 3610 2170 3665 Ἐκάθισεν
2200 3615 2233 3665 ό
2265 3614 2416 3679 λαὸς
2446 3613 2660 3684 φαγεῖν
2687 3617 2783 3668 καὶ
2821 3615 3004 3674 πιεῖν,
3039 3614 3137 3666 καὶ
3169 3611 3422 3679 ἀνέστης

1841 3709 1964 3746 σαν
1987 3692 2237 3754 παίζειν.
2262 3695 2539 3759 Ἤκουσας
2567 3695 2686 3761 πῶς
2709 3696 2894 3750 λοιπὸν
2911 3696 3006 3750 καί⁵
3032 3695 3422 3766 εἰδωλολάτρας

1842 3776 2036 3841 καλεῖς
2064 3776 2178 3830 ἀλλ’
2208 3778 2442 3831 ἐνταῦθα
2474 3780 2569 3848 μὲν
2597 3781 3032 3851 ἀποφαινόμενος
3052 3822 3067 3846 ,
3110 3778 3335 3851 ὕστερον
3365 3779 3422 3833 δὲ

1841 3860 1936 3912 καὶ
1963 3860 2411 3924 κατασκευάζων.
2441 3863 2549 3914 Kal
2578 3862 2677 3932 τὴν
2711 3864 2889 3916 αἰτίαν
2919 3864 2975 3917 δὲ
2999 3864 3232 3928 τέθεικε,
3263 3862 3328 3915 δι’
3356 3863 3421 3933 ἢν

1839 3944 1919 4006 είς
1941 3942 2041 4006 τὰς
2055 3943 2334 4015 τραπέζας
2355 3946 2566 4008 ἐκείνας
2596 3946 2816 4017 ἔτρεχον
2833 3963 2845 3975 ·
2873 3947 3012 4019 αὕτη
3029 3949 3084 4000 δὲ
3104 3944 3173 4019 ῆν
3197 3966 3419 4018 γαστρι-

1842 4027 2071 4098 μαργία.
2103 4028 2302 4100 Διόπερ
2340 4029 2528 4094 εἰπὼν,
2567 4033 2662 4095 Εἰς
2689 4032 2756 4083 τὸ
2783 4030 2870 4100 μὴ
2903 4028 3055 4085 εἶναι
3101 4032 3260 4100 ἡμᾶς
3291 4033 3419 4085 ἐπι-

1837 4111 2105 4180 θυμητὰς
2136 4112 2335 4174 κακῶν
2356 4154 2370 4178 ,
2408 4115 2500 4166 καί
2530 4114 2827 4184 ἐπαγαγὼν
2847 4155 2863 4179 ,
2899 4116 3064 4182 Μηδὲ
3100 4117 3418 4171 εἰδωλολά-

1835 4210 1978 4263 τρας
2004 4196 2297 4264 τίνεσθαι.
2329 4197 2426 4266 τὴν
2448 4199 2627 4251 αἰτίαν
2657 4199 2757 4268 τῆς
2781 4199 3040 4269 τοιαύτης
3071 4202 3418 4272 παρανομίας

1834 4277 2048 4348 τίθησιν
2069 4299 2081 4312 ·
2113 4279 2250 4350 αὕτη
2281 4280 2336 4334 δέ
2366 4277 2434 4342 ἦν
2456 4283 2488 4351 ἡ
2512 4285 2944 4354 γαστριμαργία.
2987 4284 3266 4340 Ἐκάθισε
3284 4286 3416 4357 γὰρ,

1836 4363 2022 4431 φησὶν,
2054 4366 2086 4417 ὀ
2126 4364 2276 4430 λαὸς
2307 4366 2520 4435 φαγεῖν
2552 4368 2651 4421 καί
2691 4368 2872 4423 πιεῖν.
2918 4369 3028 4422 Kal
3067 4370 3130 4422 τὸ
3157 4371 3216 4436 ἐξ
3244 4372 3416 4440 αὐτῆς

1832 4445 1985 4509 τέλος
2011 4447 2384 4518 προστίθησιν,
2411 4451 2494 4502 ὅτι
2532 4451 2901 4518 Ἀνέστησαν
2925 4451 3168 4512 παίζειν.
3197 4453 3414 4526 ’Ὠσπερ

1831 4528 1940 4598 γὰρ
1974 4530 2194 4596 ἐκεῖνοι,
2235 4533 2421 4601 φησὶν,
2453 4533 2563 4586 ἀπὸ
2595 4535 2809 4607 τρυφῆς
2842 4537 2922 4598 εἰς
2966 4535 3414 4607 εἰδωλολατρείαν

1831 4611 2130 4681 ἐξέϐησαν·
2163 4613 2307 4668 οὕτω
2346 4616 2496 4682 δέος,
2541 4618 2617 4689 μὴ
2663 4620 2758 4672 καὶ
2799 4619 2958 4689 ὑμεῖς
2994 4618 3247 4672 ἐντεῦθεν
3298 4623 3412 4674 ἐκεῖ

1832 4695 2058 4764 πέσητε.
2088 4692 2242 4760 Εἶδες
2277 4699 2394 4763 πῶς
2429 4700 2599 4766 ἔδειξε
2643 4703 2770 4766 τοὺς
2813 4701 2975 4773 δῆθεν
3004 4702 3246 4768 τελείους
3287 4705 3411 4758 τού-

1827 4791 1952 4840 τους
1984 4775 2136 4851 [205]
2163 4781 2388 4835 ἐκείνων
2431 4784 2854 4854 ἀτελεστέρους;
2893 4784 2987 4848 οὒς
3035 4785 3300 4857 ἔπληττεν
3347 4788 3409 4840 ού

1827 4861 2003 4932 τούτῳ
2035 4865 2195 4931 μόνον
2227 4865 2306 4936 τῷ
2337 4868 2411 4937 μὴ
2440 4868 2845 4934 διαϐαστάζειν,
2886 4869 3022 4924 ἀλλά
3051 4871 3146 4923 καί.
3178 4871 3255 4941 τῷ
3282 4873 3408 4936 τοὺς

1830 4943 1930 5015 μὲν
1957 4946 2070 4999 ἀπὺ
2091 4948 2337 5016 ἀγνοίας,
2365 4953 2493 5015 τοὺς
2521 4953 2577 5006 δέ
2609 4953 2715 5007 ἀπὺ
2745 4955 3188 5026 γαστριμαργίας
3220 4957 3405 5027 ἀμαρ-

1825 5027 2013 5082 τάνειν
2037 5046 2051 5060 ο
2083 5033 2179 5084 καί⁵
2215 5035 2315 5103 τῆς
2352 5035 2451 5104 μὲν
2482 5036 2706 5090 ἐκείνων
2748 5036 3026 5101 ἀπωλείας
3057 5039 3157 5108 τὴν
3189 5038 3410 5094 κόλασιν

1824 5111 2034 5176 τούτοις
2063 5113 2357 5183 λογίζεται,
2388 5117 2610 5182 τούτους
2632 5119 2689 5172 δὲ
2713 5120 2814 5174 οὐκ
2838 5119 3083 5191 ἀφίησιν,
3111 5123 3189 5186 εἰς
3217 5121 3407 5191 ἓτερον

1824 5197 2136 5266 ἀνενεγκεῖν
2157 5200 2257 5268 τῆς
2287 5203 2494 5264 οἰκείας
2519 5204 2795 5274 ἁμαρτίας
2813 5205 2915 5275 τὴν
2944 5206 3236 5275 πρόφασιν,
3267 5206 3403 5261 ἀλλὰ

1823 5283 1916 5336 καὶ
1938 5283 2038 5353 τῆς
2060 5284 2282 5339 ἐκείνων
2307 5286 2513 5359 βλάϐης
2538 5289 2633 5343 καὶ
2657 5289 2759 5359 τῆς
2782 5290 2990 5343 ἑαυτῶν
3014 5291 3212 5354 αὐτοὺς
3234 5291 3396 5345 ὑπευο

1823 5365 2016 5430 θύνους
2048 5368 2432 5438 ἀποφαίνεται.
2464 5373 2632 5442 Μηδέ
2662 5377 3064 5447 πορνεύωμεν.
3098 5376 3295 5443 καθώς
3318 5395 3401 5430 n-

1819 5465 1924 5515 νες
1951 5449 2152 5505 αὐτῶν
2177 5453 2576 5521 ἐπόρνευσαν.
2610 5458 2768 5523 Τίνος
2795 5460 2982 5514 ἕνεκεν
3011 5461 3112 5531 τῆς
3137 5461 3399 5532 πορνείας

1820 5531 2054 5587 ἐνταῦθα
2097 5534 2373 5608 μέμνηται
2419 5539 2605 5604 πάλιν,
2649 5543 2890 5597 τοσαῦτα
2935 5545 3063 5614 περὶ
3083 5531 3252 5614 αὐτῆς
3295 5543 3397 5612 έμ-

1819 5615 2056 5685 προσθεν
2085 5617 2422 5689 διαλεχθείς;
2454 5621 2615 5686 Ἕθος
2634 5625 2721 5677 ἀεὶ
2749 5625 2828 5696 τῷ
2858 5627 3078 5697 Παύλῳ,
3101 5628 3229 5681 ὅταν
3255 5625 3396 5695 ὑπὲρ

1818 5697 2030 5780 πολλῶν
2055 5700 2472 5772 ἁμαρτημάτων
2501 5707 2731 5780 ἐγκαλῇ,
2754 5709 2850 5761 καὶ
2876 5710 3026 5776 τάξει
3057 5708 3200 5762 αύτά
3222 5708 3396 5761 διατι-

1818 5777 1968 5833 θέναι
2005 5784 2099 5834 καὶ
2143 5783 2268 5838 καθ’
2306 5785 2536 5840 ἕκαστον
2574 5777 2786 5845 ἐπιέναι
2828 5795 2941 5855 τοῖς
2983 5791 3392 5862 προκειμένοις,

1823 5862 1918 5914 καὶ
1960 5863 2122 5918 πάλιν
2152 5867 2210 5918 ἐν
2242 5869 2353 5931 τοῖς
2382 5869 2510 5936 περὶ
2551 5871 2752 5938 ἐτέρων
2777 5873 2956 5942 λόγοις
2988 5874 3082 5928 καὶ
3124 5875 3231 5928 τῶν
3259 5889 3388 5943 προ-
