3992 6408
561 278 664 336 :93
752 240 763 246 6

554 395 731 464 τέρων
774 390 1121 463 μεμνῆσθαι·
1149 393 1179 445 6
1208 392 1269 463 δὴ
1323 393 1417 447 καὶ
1459 394 1487 445 6
1515 388 1648 453 Θεὸς
1698 387 1871 441 ἐποίει
1904 385 1996 439 ἐπὶ
2039 383 2139 449 τῆς

556 476 822 540 Ιιαλαιᾶς,
856 476 979 530 καθ’
1013 476 1240 531 ἕκαστον
1268 478 1378 531 τῶν
1419 472 1971 545 πεπλημμελημένων
2003 469 2138 522 ἀνα·

556 562 883 630 μιμνήσκων
902 559 996 613 τοῦ
1021 561 1222 630 μόσχου
1242 561 1369 622 τοὺς
1398 558 1706 620 Ἰουδαίους,
1727 556 1821 609 καὶ
1842 553 1939 625 τὴν
1962 553 2141 623 ἀμαρ-

553 645 680 696 τίαν
727 644 941 711 ἐκείνην
985 644 1065 706 είς
1115 644 1278 712 μέσον
1319 644 1490 710 ἄγων.
1539 641 1710 694 Τοῦτο
1759 641 1938 692 τοίνυν
1980 637 2074 691 καὶ
2111 637 2141 688 6

555 726 771 789 Παῦλος
801 725 1037 779 ἐνταῦθα
1077 729 1240 792 ποιεῖ,
1271 724 1408 796 ὁμοῦ
1439 743 1500 778 τε
1531 725 1748 794 ἐκείνης
1776 724 1971 786 αὐτοὺς
2010 722 2142 775 ἁνα-

557 809 888 879 μιμνήσκων
939 809 1038 878 τῆς
1087 808 1384 879 ἁμαρτίας,
1435 809 1529 861 καὶ
1573 806 1874 872 διδάσκων,
1924 805 2004 858 ὅτι
2045 804 2141 857 καὶ

552 891 714 944 τοῦτο
762 888 1014 943 ἐντεῦθεν
1066 891 1261 963 ἐτέχθη
1304 891 1366 944 τὸ
1398 891 1602 955 κακὸν,
1645 891 1753 945 ἀπὸ
1790 888 2005 960 τρυφῆς
2047 886 2138 940 καὶ

552 974 1014 1045 γαστριμαργίας.
1033 974 1124 1028 Διὸ
1141 976 1235 1029 καὶ
1256 977 1528 1047 ἐπήγαγε·
1546 973 1715 1043 Μηδὲ
1730 973 2136 1041 πορνεύωμεν,

551 1055 747 1120 καθώς
778 1074 938 1122 τινες
970 1056 1170 1111 αὐτῶν
1213 1057 1628 1126 ἐπόρνευσαν,
1662 1056 1763 1111 καὶ
1800 1057 2028 1110 ἔπεσον
2067 1055 2139 1108 ἐν

548 1138 656 1209 μιᾷ
694 1138 886 1209 ’ἡμέρᾳ
941 1141 1296 1210 εἰκοσιτρεῖς
1350 1142 1641 1210 χιλιάδες.
1690 1141 1800 1195 Καὶ
1826 1141 1913 1194 διὰ
1958 1140 2010 1193 τί
2059 1137 2136 1211 μὴ

550 1222 736 1293 τίθησι
764 1223 860 1277 καὶ⁵
887 1223 988 1295 τὴν
1025 1226 1118 1278 ἐπὶ⁵
1156 1220 1265 1295 τῆξ
1285 1225 1733 1298 εἰδωλολατρείας
1763 1225 1990 1279 κόλασιν
2016 1241 2031 1288 ;
2066 1226 2137 1278 Ἢ

548 1307 741 1378 ἐπειδὴ
787 1308 946 1378 δῆλον
985 1303 1054 1379 ἦν
1083 1309 1180 1362 καλ⁸
1226 1309 1581 1383 σαφέστερον
1634 1310 1667 1381 ἦ
1720 1310 1909 1381 ἐπειδὴ
1952 1309 2137 1381 πληγὴ

548 1390 786 1463 τοσαύτη
816 1393 877 1445 ού
909 1392 1102 1461 γέγονε
1130 1393 1276 1457 τότε,
1309 1395 1408 1465 ὅση
1440 1395 1532 1447 ἐπὶ⁵
1564 1393 1659 1447 τοῦ
1692 1394 1939 1465 Βαλαάμ,
1971 1395 2137 1465 ἡνίκα

549 1474 915 1544 ἐτελέσθησαν
948 1475 1027 1545 τῷ
1060 1475 1405 1547 Βεελφεγὼρ,
1453 1476 1561 1532 τῶν
1600 1477 1997 1531 Μαδιανιτίδων
2036 1495 2136 1548 γυ-

549 1557 755 1612 ναικῶν
791 1558 887 1610 ἐπὶ
910 1558 1008 1629 τῆς
1033 1558 1391 1629 παρατάξεως
1416 1559 1685 1630 φανεισῶν
1706 1561 1799 1614 καὶ
1828 1560 2139 1629 ἐφελκυσα-

553 1639 732 1711 μένων
778 1640 978 1705 αὐτοὺς
1021 1643 1103 1705 είς
1149 1642 1442 1711 ἀσέλγειαν
1486 1642 1629 1697 κατὰ
1670 1643 1772 1714 τὴν
1821 1641 2137 1714 συμϐουλὴν

550 1714 956 1795 ΒαλαάμζὍτι
991 1725 1102 1798 γὰρ
1142 1727 1236 1780 τοῦ
1285 1727 1513 1797 Βαλαάμ
1542 1722 1610 1799 ἦν
1655 1729 1688 1798 ή
1736 1726 1963 1803 πονηρά,
1995 1727 2134 1800 αὕτη

554 1807 869 1879 συμϐουλὴ,
898 1807 1051 1879 δηλοῖ
1080 1809 1323 1881 Μωῦσῆς
1369 1809 1511 1880 μετὰ
1554 1809 1730 1864 ταῦτα
1778 1809 1955 1879 λέγων
1990 1809 2138 1864 οὕτω

549 1892 688 1961 πρὸς
715 1889 795 1963 τῷ
823 1891 968 1945 τέλει
998 1890 1094 1944 τοῦ
1139 1891 1347 1961 βιϐλίου
1383 1892 1494 1946 τῶν
1536 1892 1810 1965 ’Δριθμῶν
1830 1909 1845 1923 ο
1873 1891 1986 1947 Καὶ
2030 1892 2138 1947 τὸν

549 1978 803 2045 Βαλαὰμ
846 1975 981 2028 υίόν
1035 1973 1197 2043 Βεὼρ
1239 1974 1601 2029 ἀπέκτειναν
1645 1976 1715 2029 ἐν
1764 1975 1844 2041 τῷ
1896 1976 2137 2045 πολέμῳ

549 2058 794 2129 Μαδιάμ
818 2059 973 2128 μετὰ
1009 2059 1127 2113 τῶν
1153 2059 1540 2129 τραυματιῶν
1559 2070 1578 2090 ⁸
1600 2099 1614 2122 ,
1656 2061 1754 2114 καὶ
1788 2059 2019 2129 ἤγαγον
2064 2061 2138 2116 τὰ

549 2142 775 2197 σκῦλα.
815 2142 926 2196 Καὶ
954 2141 1217 2212 ὠργίσθη
1244 2141 1504 2211 Μωῢσῆς
1521 2182 1535 2205 ,
1560 2142 1660 2197 καὶ
1689 2139 1877 2197 εἶπεν·
1913 2143 2048 2199 Ἵνα
2080 2142 2138 2196 τί

546 2223 919 2295 ἐζωγρήσατε
970 2227 1098 2281 πᾶν
1148 2225 1347 2296 θῆλυ;
1404 2222 1593 2281 Αὗται
1640 2228 1750 2296 γὰρ
1794 2222 1959 2296 ἦσαν
2008 2226 2135 2295 τοῖς

546 2307 702 2374 υἱοῖς
745 2307 984 2377 Ἰσραὴλ
1025 2311 1114 2375 εις
1141 2307 1518 2370 σκάνδαλον,
1551 2308 1704 2363 κατὰ
1732 2308 1799 2362 τὸ
1822 2308 1991 2379 ῥῆμα
2019 2312 2136 2364 Βα-

542 2391 727 2460 λαὰμ,
793 2391 900 2445 τοῦ
947 2390 1299 2459 ἀποστῆσαι
1350 2390 1450 2445 καὶ
1502 2391 1810 2461 ὑπεριδεῖν
1853 2392 1923 2447 τὸ
1968 2391 2135 2462 ῥῆμα

544 2477 767 2542 Κυρίου
804 2473 1017 2529 ἕνεκεν
1059 2474 1277 2544 Φεγὼρ.
1338 2474 1506 2544 Μηδὲ
1542 2476 1977 2547 ἐκπειράζωμεν
2024 2477 2135 2533 τὸν

541 2559 823 2625 Χριστὸν,
855 2556 1051 2624 καθὼς
1083 2559 1184 2612 καί
1215 2574 1374 2624 τινες
1404 2556 1606 2613 αὐτῶν
1635 2558 1990 2630 ἐπείρασαν,
2028 2560 2130 2616 καὶ

540 2640 665 2695 ὑπὸ
689 2638 809 2694 τῶν
834 2639 1033 2710 ὄφεων
1048 2641 1390 2696 ἀπώλοντο.

615 2722 658 2776 δ’
668 2762 684 2777 .
718 2722 819 2777 Διὰ
852 2723 1042 2777 τούτου
1069 2723 1233 2777 πάλιν
1255 2723 1441 2796 ἕτερον
1473 2723 1770 2779 αἰνίττεται
1802 2724 2074 2798 ἔγκλημα,
2101 2726 2129 2780 6

541 2806 640 2860 καὶ
673 2807 809 2879 πρὸς
834 2806 912 2878 τῷ
935 2807 1080 2860 τέλει
1102 2808 1336 2876 τίθησιν,
1367 2808 1615 2876 ἐγκαλῶν
1648 2809 1854 2873 αὐτοῖς,
1877 2810 1959 2863 ὅτι
1995 2811 2124 2879 περὶ

542 2890 786 2959 σημείων
806 2890 1092 2960 ἐμάχοντο,
1112 2889 1327 2945 καὶτῶν
1347 2890 1670 2961 πειρασμῶν
1689 2891 1745 2945 δέ
1764 2891 1951 2947 ἐνεκεν
1978 2893 2131 2963 ἐγόγ-

538 2969 704 3041 γυζον
726 2971 998 3040 λέγοντες,
1025 2972 1161 3025 Πότε
1184 2971 1303 3045 ἥξει
1321 2973 1391 3026 τὰ
1415 2972 1617 3041 ἀγαθά,
1642 2974 1771 3026 πότε
1794 2974 1862 3027 τά
1888 2975 2124 3044 ἐπαθλας

538 3054 634 3107 Διὸ
677 3055 773 3109 καὶ
807 3054 1005 3123 ἐπάγει
1044 3054 1248 3108 τούτων
1277 3054 1467 3109 ἕνεκεν
1503 3055 1885 3128 διορθούμενος
1928 3059 2127 3124 αὐτοὺς

539 3138 637 3192 καὶ
656 3138 857 3206 φοϐῶν·
876 3137 1043 3207 Μηδὲ
1062 3135 1391 3208 γογγύζετε,
1410 3138 1605 3206 καθὼς
1624 3141 1726 3193 καί
1746 3157 1907 3208 τινες
1926 3141 2127 3198 αὐτῶν

536 3221 902 3291 ἐγόγγυσαν,
935 3220 1034 3274 καὶ
1081 3220 1398 3275 ἀπώλοντο
1440 3222 1559 3276 ὑπὸ
1599 3223 1706 3277 τοῦ
1739 3223 2121 3292 ὀλοθρευτοῦ.

537 3303 676 3357 οὐδέ
701 3304 812 3376 γὰρ
836 3305 994 3358 τοῦτό
1014 3306 1130 3358 ἐστι
1148 3304 1210 3358 τὸ
1236 3303 1567 3377 ζητούμενον
1593 3304 1774 3376 μόνον,
1802 3305 1864 3360 τὸ
1895 3309 2124 3378 πάσχειν

537 3385 680 3457 ὑπὲρ
706 3387 801 3440 τοῦ
828 3385 1069 3459 Χριστοῦ
1091 3427 1107 3453 ,
1136 3387 1274 3442 ἀλλὰ
1298 3388 1391 3442 καὶ
1416 3388 1478 3441 τὸ
1505 3388 1771 3457 γενναίως
1795 3389 1864 3444 τά
1903 3391 2125 3445 ἐπιόντα

536 3470 749 3541 φέρειν,
780 3472 876 3525 καὶ
906 3471 1026 3542 μεθ’
1061 3472 1257 3544 ἡδονῆς
1301 3471 1543 3544 ἁπάσης.
1575 3471 1747 3526 Τοῦτο
1774 3474 1883 3544 γάρ
1915 3476 2064 3528 ἐστιν
2096 3478 2124 3530 6

537 3553 803 3623 στέφανος
854 3554 1035 3619 ἄπας·
1086 3556 1183 3619 ὡς,
1220 3555 1286 3610 ἂν
1332 3555 1407 3627 μὴ
1456 3555 1615 3609 τοῦτο
1661 3553 1732 3631 ᾗ,
1768 3558 1865 3611 καὶ
1902 3559 2124 3624 κόλασις

534 3636 728 3707 ἕψεται
749 3640 863 3702 τοίς
883 3637 1366 3709 δυσανασχετοῦσι.
1397 3638 1497 3692 Διὰ
1525 3638 1687 3693 τοῦτο
1708 3643 1803 3695 καὶ
1823 3644 1871 3694 οἱ
1890 3642 2125 3696 ἀπόστο-

534 3719 617 3774 λοι
650 3721 1041 3792 μαστιζόμενοι
1068 3720 1306 3793 ἔχαιρον,
1334 3723 1429 3774 καὶ¹
1456 3721 1665 3786 Παῦλος
1689 3723 1749 3778 ἐν
1786 3727 1900 3788 τοῖς
1926 3727 2123 3797 παθή-

538 3820 705 3875 μασιν
746 3804 1037 3874 ἐκαυχᾶτο.
1085 3803 1293 3858 Πάντα
1327 3804 1396 3858 δὲ
1433 3805 1618 3859 ταῦτα
1666 3807 1932 3876 τυπικῶς
1973 3826 2123 3864 συν-

532 3885 777 3941 έϐαινον
794 3887 1070 3954 ἐκείνοις
1088 3887 1317 3957 ἐγράφη
1335 3887 1403 3943 δὲ
1418 3891 1567 3958 πρὸς
1583 3893 1911 3946 νουθεσίαν
1928 3893 2117 3964 ἡμῶν,

531 3972 623 4038 εις
652 3970 761 4038 οὓς
787 3971 859 4026 τὰ
882 3971 1027 4041 τέλη
1052 3972 1169 4026 τῶν
1192 3971 1424 4033 αἰώνων
1446 3974 1811 4043 κατήντησε.

605 4062 776 4117 Πάλιν
828 4062 986 4132 φοϐεῖ
1032 4063 1110 4135 τῷ
1146 4065 1216 4119 τὰ
1240 4065 1367 4136 τέλη
1399 4066 1598 4136 λέγειν,
1627 4068 1720 4121 καὶ
1753 4068 1978 4138 μείζονα
2009 4072 2120 4127 τῶν

531 4144 915 4214 γεγενημένων
942 4145 1244 4217 προσδοκᾷν
1274 4147 1696 4219 παρασκευάζει.
1732 4149 1854 4203 Ὅτι
1880 4151 1982 4220 μὲν
2011 4151 2121 4224 γὰρ

532 4225 779 4296 δώσομεν
806 4228 984 4298 δίκην,
1012 4229 1119 4282 ἀπὸ
1140 4228 1247 4282 τῶν
1276 4232 1603 4301 εἰρημένων,
1643 4233 1797 4305 φησὶ,
1828 4233 1991 4304 δῆλον
2024 4236 2119 4288 καὶ

530 4316 642 4378 τοῖς
666 4314 956 4367 ἀπιστοῦσι
984 4317 1098 4379 τοῖς
1141 4317 1271 4385 περὶ
1306 4318 1530 4387 γεέννης
1559 4318 1736 4387 λόγοις
1758 4320 1929 4393 [206]·
1956 4323 2118 4376 ὅτιδέ

532 4398 629 4452 καὶ
691 4398 1102 4470 χαλεπωτέραν,
1159 4399 1253 4469 ἀφ’
1303 4394 1375 4453 ῶν
1425 4401 1685 4455 πλειόνων
1725 4404 2117 4476 ἀπελαύσαμεν

528 4481 881 4552 εὐεργεσιῶν,
909 4482 1003 4535 καὶ
1025 4484 1117 4551 ἀφ’
1149 4476 1223 4535 ῶν
1259 4485 1441 4536 ἐκεῖνα
1470 4484 1651 4537 τύποι.
1679 4486 1746 4539 Εἰ
1775 4485 1885 4556 γὰρ
1909 4489 1967 4540 ἐν
1994 4492 2115 4551 ταῖς

527 4566 758 4635 δωρεαῖς
784 4566 1049 4637 ὑπεροχὴ,
1078 4566 1300 4636 εῠδηλον
1333 4569 1414 4620 ὃτι
1432 4568 1528 4622 καὶ
1553 4570 1611 4621 ἐν
1635 4573 1702 4640 τῇ
1739 4572 1999 4643 τιμωρίᾳ.
2017 4575 2117 4629 Διά

525 4647 805 4702 τοῦτοκαὶ
846 4650 1050 4714 τύπους
1102 4650 1353 4718 ἐκάλεσε,
1402 4653 1492 4705 καὶ
1522 4652 1588 4705 δι’
1627 4656 1777 4725 ἡμᾶς
1805 4658 2114 4728 γεγράφθαι

524 4731 655 4803 εφη,
686 4733 781 4785 καὶ
828 4732 1016 4797 τέλους
1070 4734 1494 4805 ἐμνημόνευσεν,
1548 4736 1635 4791 ἵνα
1684 4740 1975 4812 άναμνήσῃ
2015 4742 2114 4814 τῆς

524 4816 855 4881 συντελείας.
898 4819 972 4871 06
1000 4817 1106 4890 γάρ
1167 4819 1414 4872 τοιαῦται
1462 4821 1585 4875 τότε
1630 4824 1686 4877 ai
1719 4826 2003 4897 τιμωρίαι,
2037 4828 2113 4892 ὡς

521 4900 618 4952 καὶ
653 4900 828 4971 πέρας
849 4900 1145 4972 λαμϐάνειν
1200 4903 1295 4956 καὶ
1331 4904 1717 4969 καταλύεσθαι,
1748 4906 1864 4961 ἀλλ’
1895 4908 2112 4976 αἰώνιος

520 4982 557 5053 ἠ
587 4982 825 5048 κόλασις.
865 4984 1075 5057 Ὥσπερ
1101 4984 1209 5055 γὰρ
1239 4987 1296 5038 αί
1328 4986 1566 5042 ἐνταῦθα
1619 4989 1870 5055 κολάσεις
1897 4993 1976 5064 τῷ
2004 5010 2110 5049 πα-

523 5066 674 5138 ρόντι
707 5069 1172 5138 συγκαταλύονται
1227 5069 1348 5141 βίῳ,
1377 5070 1553 5136 οὕτως
1599 5075 1655 5126 αἱ
1705 5076 1824 5127 ἐκεῖ
1845 5074 2111 5147 διηνεκῶς

522 5149 795 5220 μένουσιν.
855 5153 1025 5206 Ὅταν
1076 5153 1132 5206 δὲ
1184 5154 1337 5227 εἴπῃ,
1398 5157 1476 5210 Τὰ
1530 5154 1675 5223 τέλη
1702 5156 1820 5210 τῶν
1854 5158 2105 5226 αἰώνων,

519 5233 672 5288 οὐδὲν
699 5233 829 5288 ἄλλο
855 5236 1023 5305 λέγει,
1056 5236 1088 5306 ἦ
1118 5237 1197 5290 ὅτι
1225 5238 1497 5307 ἐφέστηκε
1526 5238 1721 5293 λοιπὸν
1753 5239 1815 5292 τὸ
1842 5241 2109 5315 δικαστή-

523 5335 638 5391 ριον
663 5319 723 5373 τὸ
753 5321 1004 5392 φοϐερόν.
1034 5322 1215 5376 Ὥστε
1246 5326 1280 5377 ό
1305 5321 1499 5377 δοκῶν
1528 5324 1799 5391 ἑστάναι,
1825 5327 2107 5390 βλεπέτω

516 5405 600 5477 μῂ
623 5406 807 5476 πέσῃ.
857 5408 1027 5463 Πάλιν
1078 5409 1260 5463 αὐτῶν
1290 5410 1382 5465 τὸν
1430 5410 1602 5480 τῦφον
1631 5412 1848 5467 καθεῖλε
1872 5414 1982 5468 τῶν
2009 5417 2105 5470 ἐπὶ

516 5492 585 5562 τῇ
614 5490 813 5560 γνώσει
857 5492 1002 5562 μέγα
1060 5493 1421 5563 φρονούντων.
1474 5496 1539 5549 Εἰ
1595 5497 1705 5567 γὰρ
1737 5498 1787 5551 οἱ
1834 5499 2106 5553 τοσούτων

517 5575 927 5642 ἀπολαύσαντες
952 5576 1175 5630 τοιαῦτα
1227 5577 1450 5644 ἔπαθον,
1483 5580 1578 5633 καὶ
1605 5580 1656 5633 οἱ
1685 5582 1784 5651 μὲν
1812 5582 1952 5652 ὑπὲρ
1973 5600 2102 5650 γογ-

579 5806 599 5832 ⁸
622 5812 881 5878 tegebatur
905 5815 1154 5878 γυναικῶν.

1237 280 1298 334 5.
1335 275 1623 334 JOANMS
1656 266 2152 328 CllRYSUSTOMI
2195 269 2519 325 ARCIIIEP.
2560 272 3109 333 CUNSTANTINOP.

3722 283 3825 339 {96

2247 386 2459 454 γυσμοῦ
2490 388 2650 457 μόνον
2677 390 2935 460 τοιαύτην
2961 391 3152 446 ἔδοσαν
3178 391 3356 464 δίκην,
3395 394 3446 447 οἱ
3470 393 3529 447 δὲ
3562 394 3707 467 ὑπὲρ
3733 400 3826 453 τοῦ

2244 469 2526 540 πειράσαι,
2573 474 2668 525 καὶ
2705 472 2829 527 οὔτε
2869 475 2932 527 τὸ
2963 475 3168 545 πλῆθος
3214 475 3533 549 ἐδυσὼπησε
3561 478 3654 532 τὸν
3674 480 3827 545 Θεὸν,

2240 550 2367 605 οὔτε
2401 554 2463 607 τὸ
2494 555 2753 611 τοιούτων
2778 558 3078 628 ἐπιτυχείν’
3101 558 3278 631 πολλῷ
3297 560 3497 629 μᾶλλον
3527 562 3616 631 ἐφ’
3647 564 3827 633 ήμῶν,

2242 636 2308 690 ἂν
2330 637 2405 709 μὴ
2438 640 2722 711 νήφωμεν,
2757 641 2916 695 τοῦτο
2942 641 3113 696 ἔσται.
3144 643 3255 697 Καὶ
3296 643 3479 707 καλῶς
3526 641 3682 698 εἶπεν
3710 664 3724 677 υ
3765 647 3829 700 '0

2239 718 2437 774 δοκῶν
2462 722 2732 781 ἑστάναι.
2767 724 2941 778 Τοῦτο
2968 725 3077 797 γὰρ
3120 727 3244 780 οὐδὲ
3280 727 3503 781 ἑστάναι
3550 731 3723 795 ἐστὶν,
3754 731 3829 795 ὠς

2239 797 2612 878 ἑστάναιχρὴ,
2638 807 2705 861 τὸ
2742 808 2963 881 θαρρεῖν
2989 808 3186 881 ἐαυτῷο
3214 810 3424 880 ταχέως
3452 812 3561 883 γὰρ
3587 815 3617 867 6
3650 813 3829 867 τοιοῦ-

2239 904 2331 952 τος
2365 894 2632 944 πεσεῖται·
2662 892 2785 945 ἐπεὶ
2809 893 2904 945 καὶ
2926 894 3149 956 ἐκεῖνοι,
3177 894 3225 946 εί
3249 894 3325 964 μὴ
3351 893 3495 965 μέγα
3522 896 3831 969 ἐφρόνησαν

2240 973 2335 1027 καὶ
2386 975 2722 1048 ἐθάρρησαν,
2762 975 2876 1030 ἀλλ’
2919 971 3062 1046 ἦσαν
3125 978 3578 1049 κατεσταλμένοι,
3631 980 3737 1034 οὐκ
3766 980 3828 1035 ἂν

2238 1058 2414 1113 ταῦτα
2442 1058 2664 1113 ἔπαθον.
2697 1059 2860 1113 Ὅθεν
2914 1058 3093 1130 δῆλον,
3146 1060 3228 1114 δτι
3274 1062 3562 1127 ἀλαζονεία
3592 1065 3829 1135 μάλιστα

2240 1142 2335 1195 καὶ
2366 1141 2610 1214 ῥᾳθυμία
2640 1143 2769 1214 ἑξῆς
2800 1145 2896 1197 καὶ
2920 1143 2953 1213 ἡ
2979 1146 3400 1215 γαστριμαργία
3444 1144 3655 1200 τούτων
3692 1147 3828 1199 εἰσὶν

2237 1224 2293 1277 αἱ
2315 1225 2488 1296 πηγαὶ
2506 1224 2618 1280 τῶν
2645 1225 2850 1281 κακῶν.
2884 1225 3048 1279 Ὥστε
3079 1228 3128 1280 εἰ
3154 1230 3248 1282 καὶ
3271 1228 3530 1300 ἕστηκας,
3557 1229 3827 1298 φυλάττου

2237 1307 2299 1361 τδ
2333 1308 2409 1380 μὴ
2435 1312 2644 1365 πεσεῖν.
2678 1311 2753 1365 Τὸ
2772 1311 2880 1384 γὰρ
2908 1313 3140 1369 ἐνταῦθα
3160 1315 3351 1385 στῆναι
3380 1314 3481 1367 οὑκ
3496 1313 3645 1367 ἔστιν
3675 1314 3830 1367 ἐστά-

2239 1408 2327 1445 ναι
2358 1392 2610 1463 βεϐαίως,
2637 1395 2742 1459 ἕως
2780 1395 2846 1449 ἂν
2871 1396 3274 1469 ἀπαλλαγῶμεν
3310 1396 3418 1451 τῶν
3442 1399 3710 1469 κυμάτων
3736 1398 3829 1453 τοῦ

2240 1476 2504 1544 παρόντος
2526 1475 2665 1546 βίου,
2700 1477 2793 1531 καὶ
2840 1479 2977 1549 πρὸς
3006 1480 3098 1534 τὸν
3150 1478 3408 1534 εὐδιεινδν
3429 1479 3829 1535 καταπλεύσωο

2241 1575 2340 1628 μεν
2361 1558 2577 1629 λιμένα.
2609 1561 2702 1631 Μὴ
2736 1562 2916 1615 τοίνυν
2944 1562 3037 1615 ἐπὶ
3084 1566 3151 1634 τῇ
3194 1564 3383 1618 στάσει
3436 1564 3624 1636 φρόνει
3659 1564 3826 1635 μέγα,

2237 1641 2375 1696 ἀλλὰ
2406 1642 2675 1711 φυλάττου
2703 1643 2801 1715 τὴν
2825 1645 3056 1699 πτῶσιν.
3091 1647 3156 1701 El
3190 1647 3298 1718 γὰρ
3326 1647 3537 1710 Παῦλος
3564 1647 3829 1714 δέδοικεν,

2236 1725 2266 1777 6
2292 1724 2511 1778 πάντων
2542 1726 2916 1798 στερρότερος,
2947 1728 3130 1800 πολλῷ
3185 1728 3387 1801 μᾶλλον
3418 1731 3567 1801 ἡμᾶς
3593 1730 3831 1784 δεδοικέ-

2238 1825 2327 1861 ναι
2355 1810 2485 1880 χρή.
2526 1809 2584 1862 '0
2615 1809 2714 1881 μὲν
2738 1805 2831 1864 οὖν
2872 1811 3193 1876 Ἀπόστολος
3225 1813 3430 1882 ἔλεγεν,
3456 1812 3640 1867 Ὥστε
3667 1817 3703 1868 ὁ
3729 1814 3830 1869 δο-

2238 1891 2361 1948 κῶν
2392 1893 2664 1955 ἑστάναι,
2689 1894 2968 1959 ,βλεπέτω
2991 1896 3078 1967 μὴ
3135 1897 3317 1966 πέσιγ
3372 1901 3537 1969 ἡμεῖς
3590 1898 3646 1952 δὲ
3705 1899 3829 1953 οὐδὲ

2237 1976 2393 2030 τοῦτο
2410 1977 2683 2049 δυνάμεθα
2709 1981 2901 2041 εἰπεῖν,
2930 1982 3168 2045 πάντων,
3202 1981 3278 2045 ὡς
3311 1982 3506 2045 εἰπεῖν,
3539 1982 3828 2035 πεπτωκό-

2234 2077 2342 2115 των
2375 2060 2467 2114 καὶ
2520 2063 2984 2133 κατεστρωμένων
3039 2063 3134 2116 καλ⁵
3161 2063 3336 2133 χαμαὶ
3366 2065 3659 2134 κειμένων.
3707 2065 3831 2119 Τίνι

2236 2148 2346 2215 γὰρ
2377 2145 2517 2198 εἴπω
2536 2143 2819 2215 τοῦτο;τῷ
2848 2146 3148 2216 άρπάζοντι
3175 2148 3296 2201 καθ’
3324 2148 3826 2220 ἐκάστηνήμέρανς

2236 2229 2375 2284 ἀλλὰ
2404 2232 2582 2283 κεῖται
2614 2229 2759 2299 μέγα
2800 2232 3002 2300 πτῶμα
3055 2230 3259 2285 πεσών.
3297 2230 3460 2285 Ἀλλά
3491 2231 3569 2303 τῷ
3599 2232 3828 2304 πόρνῳ;

2236 2312 2373 2366 ἀλλὰ
2397 2312 2653 2384 ἔρριπται
2681 2313 2877 2384 χαμαί.
2920 2312 3084 2366 Ἀλλὰ
3109 2313 3188 2384 τῷ
3226 2312 3511 2384 μεθύοντι;
3550 2315 3689 2369 ἀλλὰ
3734 2317 3829 2368 καὶ

2236 2397 2399 2462 αὐτὸς
2430 2398 2636 2450 κεῖταιο
2674 2397 2770 2449 καὶ
2800 2396 2944 2460 οὐδὲ,
2995 2398 3078 2451 ὅτι
3132 2400 3332 2464 κεῖται,
3364 2394 3527 2452 οἶδεν.
3552 2400 3719 2453 Ὥστε
3764 2401 3825 2453 06

2234 2479 2425 2534 τούτου
2466 2479 2653 2551 καιρὸς
2678 2479 2772 2533 τοῦ
2812 2481 3077 2551 ῥήματος,
3105 2480 3222 2534 ἀλλ’
3248 2482 3458 2535 ἐκείνου
3479 2480 3575 2536 τοῦ
3608 2500 3827 2553 προφη-

2230 2562 2411 2627 τικοῦ,
2444 2562 2473 2616 δ
2504 2564 2759 2634 καὶπρὸς
2815 2558 3102 2627 Ἰουδαίους
3135 2563 3312 2632 ἐλεγεο
3377 2564 3473 2633 Μὴ
3511 2568 3545 2619 ὁ
3589 2566 3827 2619 πίπτων

2233 2650 2346 2703 οὐκ
2372 2649 2727 2713 arietant;
2759 2647 2872 2702 Καὶ
2901 2647 3012 2718 γὰρ
3047 2647 3289 2713 ἅπαντες
3307 2651 3539 2711 κεῖνται,
3566 2649 3659 2701 καὶ
3688 2652 3816 2703 ἁνα-

2234 2733 2427 2802 στῆναι
2478 2731 2541 2785 οὑ
2576 2730 2881 2802 βούλονται.
2919 2733 3082 2786 Ὥστε
3129 2736 3163 2803 ή
3228 2732 3511 2805 προτροπὴ
3546 2734 3677 2804 ήμῖν
3729 2733 3824 2803 οὐχ

2232 2816 2374 2888 ὑπὲρ
2404 2814 2497 2870 τοῦ
2524 2814 2601 2887 μὴ
2634 2818 2841 2882 πεσεῖν,
2873 2815 2989 2869 ἀλλ’
3034 2815 3175 2886 ὑπὲρ
3220 2814 3317 2868 τοῦ
3368 2816 3495 2880 τοὺς
3538 2815 3823 2885 κειμένους

2229 2898 2525 2969 δυνηθῆναι
2557 2897 2874 2968 ἀναστῆναι.
2942 2898 3293 2969 ’Δναστῶμεν
3344 2899 3526 2952 τοίνυν
3564 2898 3663 2967 όψέ
3692 2897 3820 2967 γοῦν

2231 2998 2385 3047 ποτε,
2423 2981 2719 3052 ἀγαπητοὶ,
2743 2980 3090 3050 ἀναστῶμεν,
3126 2983 3222 3035 καὶ
3271 2980 3488 3052 στῶμεν
3541 2981 3819 3048 γενναίως.

2227 3065 2408 3136 Μέχρι
2469 3063 2611 3128 τίνος
2658 3065 2923 3134 κείμεθα;
2974 3064 3138 3135 μέχρι
3197 3064 3341 3129 τίνος
3394 3064 3705 3134 μεθύομεν,
3750 3066 3823 3134 τῇ

2228 3146 2398 3218 πολλῇ
2427 3145 2539 3200 τῶν
2564 3146 2834 3217 βιωτικῶν
2862 3146 3128 3218 ἐπιθυμίᾳ
3152 3148 3570 3219 κεκαρωμένοι;
3619 3143 3819 3199 Εὔκαι-

2228 3246 2322 3302 ρον
2362 3229 2458 3283 καὶ
2491 3229 2587 3283 νῦν
2614 3230 2809 3282 εἰπεῖν’
2838 3229 2981 3301 Πρὸς
3006 3230 3128 3283 τίνα
3156 3229 3375 3300 λαλήσω
3398 3230 3493 3282 καὶ
3518 3227 3823 3299 διαμαρτύο

2228 3330 2424 3385 ρομαις
2458 3310 2601 3367 οὕτω
2629 3313 2827 3376 πάντες
2861 3313 2958 3366 καὶ
2996 3313 3133 3384 πρὸς
3159 3313 3330 3383 αὐτὴν
3362 3313 3460 3383 τῆς
3483 3313 3690 3383 ἀρετῆς
3723 3311 3822 3380 τὴν

2225 3394 2574 3450 διδασκαλίαν
2608 3396 2715 3449 είσὶ
2746 3395 3168 3466 κεκωφωμένοι,
3190 3396 3286 3449 καὶ⁵
3324 3394 3538 3448 πολλῶν
3566 3393 3818 3447 ἐντεῦθεν

2227 3478 2678 3550 ἐμπεπλησμένοι
2708 3478 2926 3533 κακῶνῑ
2960 3479 3071 3532 Καὶ
3099 3480 3149 3532 εἰ
3178 3479 3277 3543 τὰς
3305 3479 3486 3550 ψυχὰς
3506 3497 3572 3549 γυ
3582 3481 3725 3549 μνὰς
3753 3474 3816 3549 ἦν

2228 3562 2379 3628 ἰδεῖν,
2423 3562 2677 3633 καθάπερ
2696 3562 2790 3615 ἐπὶ
2817 3561 2928 3616 τῶν
2964 3563 3345 3633 στρατοπέδων
3377 3564 3479 3633 τῆς
3537 3562 3813 3634 συμϐολῆς

2225 3646 2624 3718 παρελθούσης,
2647 3646 2774 3709 τοὺς
2804 3646 2903 3716 μὲν
2940 3647 3168 3717 νεκροὺς
3196 3648 3312 3701 ἐστι
3341 3646 3661 3709 θεάσασθαι,
3688 3648 3814 3713 τοὺς

2222 3731 2279 3786 δὲ
2304 3730 2876 3804 τετραυματισμένους
2898 3730 3073 3804 [207],
3096 3730 3240 3785 οὕτω
3258 3735 3352 3785 καὶ
3369 3733 3461 3786 ἐπὶ
3476 3731 3576 3801 τῆς
3592 3733 3814 3807 Ἐκκλη-

2224 3816 2347 3879 σίας
2374 3816 2587 3886 είδομεν
2616 3817 2701 3870 ἄν.
2740 3814 2833 3868 Διὸ
2886 3815 3079 3886 δέομαι
3121 3817 3215 3869 καὶ
3274 3818 3602 3888 παρακαλῶ,
3654 3824 3814 3893 χεῖρα

2223 3904 2470 3976 ἀλλήλοις
2505 3902 2782 3976 ὀρέξωμεν
2811 3902 2906 3957 καὶ
2961 3902 3357 3974 διαναστῶμεν.
3416 3906 3525 3959 Καὶ
3559 3907 3667 3977 γάρ
3700 3908 3814 3978 ἐγὼ

2223 3988 2329 4042 τῶν
2356 3986 2716 4058 πεπληγότων
2762 3986 2900 4056 είμὶ,
2930 3986 3025 4041 καὶ
3084 3984 3355 4057 δεομένων
3401 3987 3495 4041 τοῦ
3543 3992 3812 4062 φάρμακα

2222 4074 2593 4145 ἐπιθήσοντος.
2632 4070 2792 4125 Ἀλλὰ
2840 4071 2916 4142 μή
2971 4073 3257 4141 ἀπογνῶτε
3293 4071 3383 4128 διὰ
3415 4075 3595 4129 τοῦτο·
3626 4080 3673 4131 εί
3699 4080 3810 4153 γάρ

2221 4162 2315 4215 καὶ
2338 4160 2574 4231 χαλεπαὶ
2630 4159 2686 4213 αἱ
2737 4156 2968 4229 πληγαὶ,
3007 4158 3124 4213 ἀλλ’
3153 4162 3254 4214 οὐκ
3282 4161 3515 4215 ἀνίατοι.
3554 4163 3810 4230 Τοιοῦτος

2221 4248 2426 4320 ἡμῶνό
2466 4248 2669 4319 ίατρὸςο
2725 4248 2885 4319 μόνον
2933 4246 3251 4318 αἰσθώμεθα
3294 4248 3403 4301 τῶν
3453 4252 3806 4321 τραυμάτων,

2220 4337 2325 4390 κᾶν
2355 4338 2435 4399 είς
2463 4335 2594 4389 αὐτὸ
2624 4336 2686 4391 τὸ
2716 4335 2944 4405 ἔσχατον
2967 4334 3213 4405 ἔλθωμεν
3237 4335 3339 4405 τῆς
3368 4338 3582 4401 κακίας,
3604 4337 3805 4404 πολλάς

2218 4423 2371 4487 ὁδοὺς
2418 4425 2605 4494 τέμνει
2653 4421 2926 4493 σωτηρίας
2979 4423 3132 4495 ήμῖν.
3161 4422 3281 4476 Κᾶν
3330 4423 3440 4494 γὰρ
3472 4423 3547 4495 τῷ
3578 4426 3804 4497 πλησίον

2218 4513 2363 4584 ἀφῇς
2411 4511 2603 4583 ἀργὴν,
2648 4509 2982 4581 ἀφεθήσεταί
3033 4526 3115 4563 σοι
3155 4509 3625 4582 πλημμελήματα’
3665 4515 3804 4571 Ἐὰν·

2219 4602 2330 4671 γὰρ
2382 4598 2597 4669 ἀφῆτε,
2647 4598 2803 4668 φησὶ,
2866 4595 2989 4663 τοῖς
3046 4596 3399 4665 ἀνθρώποις,
3439 4600 3669 4668 ἀφήσει
3704 4602 3802 4659 καὶ

2218 4686 2361 4758 ὑμῖν
2386 4690 2419 4741 6
2445 4685 2648 4755 Πατὴρ
2671 4682 2840 4755 ὑμῶν
2865 4687 2899 4739 ό
2919 4683 3220 4754 οὐράνιος.
3251 4684 3369 4740 Κᾶν
3429 4687 3803 4760 ἐλεημοσύνην

2216 4776 2343 4847 δῷς,
2377 4778 2721 4845 συγχωρήσει
2740 4789 2823 4828 σοι
2848 4773 2916 4826 τά
2946 4773 3357 4844 ἁμαρτήματα·
3394 4773 3510 4840 Τὰς
3526 4776 3636 4846 γὰρ
3660 4777 3802 4832 dra.

2211 4860 2352 4928 μίας
2374 4875 2514 4925 σου,
2548 4856 2817 4929 φησὶν,ὲν
2833 4856 3305 4926 ὲλεημοσύναις·
3328 4858 3651 4926 λύτρωσαι.
3684 4860 3802 4913 Κᾶν

2215 4941 2345 5015 εὔξῃ
2392 4940 2725 5011 σπουδαίως,
2782 4939 3112 5003 ἀπολαύσεις
3151 4939 3427 5006 ἀφέσεως.
3471 4943 3581 4994 Καὶ
3647 4944 3801 4996 τοῦτο

2212 5026 2481 5083 δείκνυσιν
2508 5026 2544 5096 ἡ
2572 5026 2715 5095 χήρα
2743 5024 2777 5094 ή
2804 5023 2898 5076 τὸν
2944 5022 3094 5093 ὠμὸν
3145 5023 3353 5077 ἐκεῖνον
3392 5023 3657 5095 δικαστὴν
3684 5028 3800 5079 ἐπι..

2213 5111 2481 5182 κάμψασα
2513 5113 2580 5181 τῇ
2612 5108 2864 5179 συνεχείᾳ
2907 5108 3007 5178 τῆς
3043 5107 3358 5174 ἐντεύξεως.
3407 5109 3527 5163 Κᾶν
3554 5128 3795 5181 κατηγορ-

2212 5197 2389 5268 ρήσης
2420 5194 2530 5248 τῶν
2551 5192 2986 5264 ἁμαρτημάτων,
3026 5190 3170 5261 ἔχεις
3203 5191 3556 5264 παραμυθίαν
3576 5211 3591 5225 ·
3645 5196 3794 5263 Λέγε

2209 5280 2319 5350 γάρ
2350 5276 2432 5331 σὺ
2460 5276 2569 5343 τὰς
2583 5275 2873 5345 ἁμαρτίας
2900 5288 3018 5329 σου
3038 5273 3289 5344 πρῶτος,
3320 5276 3422 5330 ἵνα
3447 5275 3791 5346 δικαιωθῇς.

2209 5368 2327 5424 Κᾶν
2360 5366 2760 5437 σκυθρωπάσῃς
2787 5365 2929 5440 ὑπὲρ
2960 5363 3184 5430 τούτων,
3220 5366 3316 5419 καὶ
3345 5366 3506 5419 τοῦτό
3536 5383 3620 5420 σοι
3653 5370 3790 5439 φάρ-

2210 5469 2385 5524 μακον
2423 5450 2575 5504 ἔσται
2610 5451 2864 5520 μέγιστον
2890 5462 2910 5484 ··
2928 5444 3112 5502 Εἶδον
3140 5449 3271 5519 γὰρ,
3298 5449 3482 5519 φησὶν,
3511 5449 3603 5504 ὅτι
3650 5453 3795 5505 ἐλυο

2206 5537 2369 5605 πήθη
2403 5536 2502 5590 καὶ
2545 5534 2836 5603 ἐπορεύθη
2893 5532 3177 5603 στυγνὸς,
3228 5534 3328 5588 καὶ
3380 5533 3648 5606 ἰασάμην
3689 5537 3798 5603 τὰς

2273 5812 2586 5880 [Regebatur
2613 5813 2744 5876 φησί,
2779 5812 3091 5875 ἐλεημοσύνη.
