3992 6410
152 366 267 425 195

153 486 343 542 damni
374 487 538 561 ipsos
565 492 834 549 obnoxios
862 493 1193 564 pronuntiat.
1229 492 1408 563 Neque
1438 492 1747 564 foruicemur
1766 533 1780 554 ,

164 580 294 635 sicut
316 580 543 646 quidam
573 599 639 637 ea:
664 584 790 653 ipsis
817 584 1056 654 fornicati
1080 593 1217 638 sunt.
1242 583 1420 650 Quare
1442 582 1529 636 hic
1550 582 1785 638 fornicao

168 677 378 730 tionem
406 687 709 739 memorat,
737 691 857 732 cum
882 675 950 731 de
978 676 1069 731 illa
1106 684 1264 731 antea
1287 684 1489 731 tantum
1519 674 1789 731 disserue-

176 767 284 823 rit?
309 766 429 822 Mos
456 777 543 823 est
572 783 794 838 semper
834 767 1021 832 Paulo,
1055 782 1177 822 cum
1224 767 1292 822 de
1336 766 1521 821 multis
1564 776 1787 821 accusat

174 859 439 929 peccatis,
476 858 670 913 ordine
700 859 791 912 illa
815 873 1016 929 ponere
1058 868 1113 914 et
1158 859 1433 930 proposita
1480 857 1784 928 singulatim

180 951 472 1022 persequi;
502 965 565 1005 ac
590 965 779 1006 rursus
803 951 890 1006 ubi
914 950 979 1005 de
1000 951 1119 1006 aliis
1141 950 1396 1021 loquitur,
1421 951 1601 1022 priora
1625 951 1784 1005 etiam

175 1052 446 1113 repetere.
484 1043 638 1112 Quod
669 1044 810 1100 Dens
840 1059 1054 1114 quoque
1085 1045 1315 1099 iaciebat
1347 1045 1398 1098 in
1451 1043 1635 1099 Veteri
1686 1043 1787 1098 Te-

171 1144 493 1200 stamento;
524 1135 576 1189 in
608 1135 831 1206 singulis
858 1135 1069 1191 delictis
1098 1137 1320 1191 vitulum
1347 1135 1548 1192 Judaeis
1579 1150 1787 1190 memo-

169 1226 350 1287 rabat.
382 1234 443 1280 et
472 1224 602 1279 illud
636 1236 909 1295 peccatum
960 1227 1011 1280 in
1040 1225 1274 1281 medium
1301 1226 1620 1281 adducebat.
1672 1226 1785 1281 lloc

168 1320 361 1390 itaque
390 1328 448 1374 et
478 1318 674 1374 Paulus
702 1318 791 1375 hic
813 1317 969 1385 facit,
1000 1319 1129 1373 illud
1154 1320 1314 1375 simul
1356 1335 1785 1376 commemorans

164 1422 490 1481 peccatum,
520 1421 574 1468 et
595 1412 798 1467 docens
828 1412 931 1467 hoc
961 1412 1225 1483 prodiisse
1252 1428 1319 1467 ex
1341 1412 1546 1469 deliciis
1565 1412 1780 1483 etgula.

162 1505 526 1574 QuaprOptcr
573 1505 809 1575 adjecit:
846 1504 1024 1577 Neque
1066 1505 1533 1576 fornicmur,sicut
1575 1504 1784 1577 quidam

158 1614 352 1651 eorum
384 1598 628 1668 fornicati
650 1605 789 1664 sunt,
835 1607 882 1652 et
909 1597 1193 1652 ceciderunt
1233 1614 1335 1652 una
1363 1599 1444 1653 die
1468 1598 1645 1668 viginti
1685 1598 1783 1650 tria

160 1689 366 1743 millia.
405 1690 473 1743 Et
497 1704 592 1743 cur
611 1704 716 1744 non
739 1690 888 1759 ponit
903 1692 1062 1744 etiam
1086 1690 1401 1744 idololatriae
1419 1688 1782 1759 punitionem?

160 1782 285 1836 Aut
309 1782 440 1851 quia
469 1781 672 1836 clarum
710 1791 825 1836 erat
849 1791 903 1836 et
943 1781 1283 1837 manifestum
1319 1800 1332 1837 :
1360 1789 1453 1836 aut
1482 1781 1605 1851 quia
1657 1789 1782 1835 tunc

161 1874 335 1945 plaga
372 1889 483 1928 non
516 1884 657 1928 tanta
694 1872 812 1939 fuit,
852 1883 1047 1945 quanta
1099 1873 1332 1928 Balaami
1366 1882 1625 1942 tempore.
1656 1886 1778 1926 cum

162 1967 377 2021 initiati
408 1974 535 2020 sunt
577 1966 928 2036 Beelphegor,
973 1964 1327 2018 Madianiticis
1373 1962 1688 2018 mulieribus
1727 1964 1778 2016 in

159 2061 355 2114 aciem
385 2058 769 2114 accedentibus
815 2059 1065 2127 ipsosque
1089 2058 1156 2112 ad
1189 2056 1463 2111 libidinem
1492 2055 1779 2109 allicieuti-

159 2151 303 2216 bus,
352 2152 652 2207 secundum
695 2150 927 2205 Balaami
981 2150 1283 2205 consilium.
1332 2148 1464 2203 Nam
1506 2148 1647 2219 quod
1679 2147 1781 2203 hoc

166 2243 386 2297 malum
443 2243 729 2297 consilium
780 2243 1014 2298 Balaami
1063 2253 1227 2307 esset,
1284 2241 1525 2298 declarat
1568 2240 1779 2312 Moyses

167 2345 369 2405 postea
402 2336 588 2390 dicens
612 2337 662 2391 in
697 2337 800 2390 ﬂnc
828 2337 946 2391 libri
974 2336 1331 2392 Numerorum
1365 2356 1378 2392 :
1411 2335 1625 2390 Balaam
1650 2353 1777 2404 quo-

172 2447 275 2498 que
301 2431 470 2499 ﬁlium
497 2429 630 2484 Beor
669 2432 964 2484 occiderunt
1010 2432 1064 2484 in
1110 2430 1238 2485 bello
1288 2430 1500 2485 Hadian
1524 2447 1639 2484 cum
1662 2431 1779 2482 vnl-

181 2520 411 2582 neratis,
445 2529 491 2574 et
516 2521 838 2575 adduxerunt
862 2522 1046 2591 spolia.
1081 2519 1144 2575 Et
1171 2521 1332 2575 iratus
1362 2530 1433 2576 est
1467 2520 1666 2592 Moyses
1689 2562 1703 2583 ,
1728 2530 1778 2574 et

177 2611 315 2665 dixit
338 2629 358 2666 :
396 2610 501 2666 Cur
524 2613 661 2667 vivas
710 2614 909 2684 cepistis
961 2630 1134 2668 omnes
1182 2613 1452 2669 mulieres?
1481 2612 1620 2683 Ipsa'
1644 2615 1777 2668 enim

178 2713 328 2756 erant
374 2703 500 2772 ﬁliis
529 2703 696 2759 Israel
738 2704 792 2758 in
813 2704 1114 2759 scandalum
1142 2706 1418 2758 secundum
1448 2703 1647 2758 verbum
1675 2703 1777 2757 Ba-

178 2794 341 2860 laam,
368 2804 426 2849 ut
448 2795 719 2863 deﬁcerent
743 2805 790 2850 et
819 2796 1130 2866 despicerent
1174 2797 1378 2849 verbum
1422 2794 1628 2849 Domini
1653 2813 1774 2868 pro-

178 2901 292 2957 pter
314 2888 523 2960 Phegor
551 2886 750 2959 (Num.
783 2888 873 2945 5|.
903 2888 957 2945 8.
988 2888 1075 2943 14.
1108 2889 1230 2958 16).
1255 2888 1307 2943 9.
1336 2886 1514 2958 Neque
1533 2897 1775 2943 tentenms

175 2979 456 3046 Christum,
486 2981 617 3034 sicut
642 2981 850 3051 quidam
877 2997 1049 3035 eorum
1091 2988 1405 3035 temaverunt
1432 2989 1478 3034 et
1515 2995 1546 3032 α
1571 2995 1776 3050 serpen-

175 3072 312 3126 tibus
351 3073 630 3142 perierunt.

242 3167 304 3221 4.
336 3164 441 3220 Per
466 3164 569 3221 hoc
599 3179 787 3220 rursus
812 3162 955 3219 aliud
1000 3162 1310 3219 subindicat
1353 3163 1579 3226 crimen,
1634 3160 1774 3233 quod

170 3258 339 3313 etiam
372 3258 427 3312 in
458 3258 562 3313 ﬂne
587 3258 756 3328 ponit,
787 3271 1045 3313 accusans
1076 3256 1197 3309 illos
1225 3253 1367 3325 quod
1388 3253 1456 3310 de
1482 3253 1646 3325 signis
1670 3269 1773 3323 pu-

168 3361 427 3422 gnarent,
465 3362 520 3406 et
553 3360 773 3423 propter
813 3349 1134 3405 tentationes
1159 3355 1561 3403 murmurarent
1583 3345 1771 3402 dicen-

173 3456 255 3502 tes
287 3466 303 3500 :
334 3445 562 3514 Quando
583 3445 799 3500 venient
825 3444 998 3499 bona?
1018 3442 1235 3513 quando
1266 3442 1518 3512 praemia?
1545 3440 1773 3511 Ideoque

174 3538 454 3610 snlijungit
482 3539 601 3593 illos
623 3535 897 3606 corrigens
926 3550 988 3590 ac
1018 3543 1231 3590 terrens
1263 3549 1277 3586 :
1310 3534 1397 3588 il).
1424 3531 1601 3602 Neque
1630 3549 1770 3586 mur-

173 3631 519 3697 murat-eritis,
564 3630 695 3683 sicut
742 3627 951 3698 quidam
984 3642 1158 3681 eorum
1201 3632 1678 3687 murmuraverunt,
1724 3632 1771 3677 et

173 3724 433 3794 perierunt
471 3721 535 3775 ab
573 3720 978 3775 exterminatore.
1002 3717 1119 3773 Non
1144 3717 1315 3772 solum
1343 3716 1486 3771 enim
1516 3714 1771 3784 qua-ritur

175 3815 279 3883 pati
305 3829 406 3885 pro
423 3811 659 3878 Christo,
682 3810 777 3866 sed
804 3808 962 3865 etiam
984 3824 1105 3879 qum
1125 3806 1373 3883 accidunt
1395 3805 1604 3861 fortiter
1631 3805 1771 3860 ferre

173 3918 226 3961 et
245 3922 367 3962 cum
403 3904 551 3960 omni
576 3902 869 3972 voluptate.
897 3900 1010 3955 lloc
1034 3908 1117 3955 est
1136 3900 1277 3954 enim
1296 3898 1516 3953 omnino
1537 3910 1765 3962 corona;

177 4009 233 4053 ut
285 3999 332 4053 si
374 3997 483 4051 hoc
528 4011 634 4050 non
667 3995 845 4059 fuerit,
878 4008 1037 4063 poena
1090 3993 1251 4047 etiam
1281 4001 1538 4061 sequatur
1564 4005 1658 4045 eos
1679 3991 1767 4061 qui

176 4107 311 4161 aegre
342 4090 543 4146 ferunt.
574 4086 698 4143 Ideo
722 4088 948 4156 apostoli
972 4085 1152 4156 ﬂagris
1178 4085 1302 4140 ctesi
1342 4084 1681 4155 gaudebant,
1715 4092 1770 4140 et

178 4183 369 4236 Paulus
396 4182 449 4234 in
478 4178 858 4233 afﬂictionibus
884 4177 1234 4247 gloriabatur.
1288 4176 1377 4231 ll.
1424 4173 1554 4229 Ha'c
1597 4185 1768 4230 autem

174 4275 342 4328 omnia
367 4274 425 4326 in
454 4272 624 4342 figura
655 4268 1013 4339 contingebant
1044 4268 1190 4334 illis;
1218 4267 1412 4338 scripta
1439 4277 1555 4321 sunt
1599 4277 1767 4321 autent

174 4367 240 4420 ad
264 4366 639 4434 correptione»:
665 4370 909 4427 nostram,
931 4360 1001 4414 ad
1019 4375 1146 4431 quos
1186 4359 1314 4429 ﬁnes
1337 4358 1636 4414 steculorum
1677 4359 1767 4414 de-

174 4466 435 4513 venerunt.

249 4550 424 4606 Preme
451 4553 638 4620 future
662 4557 812 4602 eruat
838 4556 1060 4604 teternae.
1085 4576 1155 4587 -—
1175 4545 1381 4601 Rursus
1407 4555 1575 4603 terret
1604 4547 1763 4601 tinem

183 4655 507 4705 memorans,
534 4649 586 4695 et
618 4638 683 4693 ad
706 4637 908 4708 majora
938 4637 1208 4709 prioribus
1235 4636 1595 4706 exspectanda
1625 4652 1766 4708 prae-

183 4741 345 4804 parat.
373 4730 508 4785 Nam
539 4730 680 4800 quod
707 4743 895 4800 pmoas
933 4728 1108 4784 daturi
1148 4726 1338 4792 simus,
1366 4743 1437 4782 ex
1467 4727 1647 4795 dictis,
1678 4728 1763 4782 in-

183 4824 309 4894 quit,
329 4824 548 4893 planum
576 4830 659 4875 est
678 4822 838 4876 etiam
872 4819 937 4874 iis
959 4822 1047 4890 qui
1070 4819 1140 4875 de
1158 4819 1404 4891 gehenna
1427 4818 1583 4874 dictis
1604 4819 1761 4874 tidem

194 4930 293 4968 non
313 4914 543 4979 habent;
575 4913 719 4983 quod
746 4923 926 4967 autem
950 4912 1248 4982 graviores,
1273 4926 1338 4965 ex
1359 4923 1426 4966 eo
1446 4910 1588 4981 quod
1612 4911 1761 4981 plura

191 5005 491 5074 consequuti
538 5005 707 5059 simus
751 5003 1034 5072 beneﬁcia,
1084 5012 1139 5058 et
1166 5018 1232 5059 ex
1263 5017 1330 5057 eo
1359 5003 1503 5072 quod
1533 5002 1620 5056 illa
1651 5003 1762 5075 typi

189 5106 387 5157 essent.
416 5097 542 5154 Nam
585 5099 629 5154 si
675 5099 728 5152 in
757 5097 913 5152 donis
934 5095 1312 5166 exsuperantia
1344 5095 1435 5160 lit;
1475 5094 1651 5165 palam
1679 5105 1764 5150 est

185 5199 236 5251 iu
262 5192 518 5263 supplicio
540 5207 755 5263 quoque
783 5191 918 5246 fore.
962 5190 1197 5260 Ideoque
1222 5187 1421 5260 ﬁguras
1444 5188 1757 5257 appellavit,

184 5296 233 5342 et
261 5291 482 5357 propter
506 5300 602 5339 nos
626 5284 825 5352 scripta
856 5281 1017 5337 fuisse
1033 5280 1186 5346 dixit,
1205 5290 1261 5336 et
1288 5278 1448 5334 tinem
1478 5279 1529 5334 in
1553 5294 1761 5334 memo-

187 5381 306 5434 riam
328 5379 620 5445 revocavit,
649 5385 708 5431 ut
744 5373 1226 5431 consummationis
1251 5373 1580 5429 mentionem
1611 5372 1757 5427 face-

190 5470 410 5529 reLNon
437 5472 584 5527 enim
615 5470 741 5525 talia
771 5477 899 5523 tunc
941 5475 1098 5524 erant
1134 5466 1416 5537 supplicia,
1448 5481 1569 5536 qua:
1597 5466 1756 5520 tinem

198 5565 503 5635 tccipiebant
540 5575 598 5620 et
642 5562 1002 5626 tollebantur;
1050 5560 1145 5615 sed
1190 5574 1350 5630 pana
1380 5558 1485 5614 erit
1526 5567 1751 5613 aeterna.

198 5658 314 5714 ‘icut
334 5658 479 5714 enim
512 5658 673 5728 hujus
698 5655 823 5711 vitae
850 5669 1021 5725 ptente
1059 5653 1218 5708 simul
1245 5666 1371 5707 cum
1400 5651 1508 5706 vita
1534 5649 1756 5704 solvun-

186 5760 279 5818 tur,
313 5752 390 5807 sic
414 5751 523 5808 illic
548 5764 727 5821 pinna:
763 5757 980 5803 aeternae
1008 5754 1190 5802 erunt.
1222 5744 1354 5800 Cum
1392 5752 1569 5799 autem
1599 5741 1750 5808 dicit,

189 5844 328 5900 Fines
352 5843 679 5906 mulorum,
706 5840 845 5897 nihil
867 5829 1013 5896 aliud
1028 5838 1181 5909 dicit,
1214 5851 1374 5909 quam
1390 5835 1531 5909 quod
1560 5835 1627 5892 dc.
1648 5850 1753 5891 ca:-

1214 377 1278 434 lN
1319 374 1530 433 EPIST.
1574 376 1590 431 l
1657 377 1747 432 Λῐ)
1784 375 1938 433 COR.
1982 378 2213 436 ΠοΜιῐι.
2256 377 2447 437 XXIII.

3378 390 3480 447 νη

1900 502 2016 548 tero
2044 493 2202 549 instet
2229 493 2488 561 judicium
2518 494 2647 551 illud
2682 495 3029 554 horrendum.
3067 498 3153 556 12.
3187 503 3368 566 Itaque
3396 508 3483 576 qui

1890 601 1946 639 se
1969 585 2231 640 existimat
2256 596 2412 649 stare,
2436 586 2603 641 videat
2630 604 2691 642 ne
2709 590 2884 645 cadat.
2914 590 3120 650 Rursus
3146 595 3357 651 illorum
3400 598 3483 653 fa-
3522 646 3530 656 .

1891 686 2032 730 stum
2062 677 2277 747 dejccit,
2307 681 2397 749 qui
2420 678 2489 734 de
2518 681 2739 735 scientia
2760 698 2853 737 sua
2885 685 3051 739 altum
3085 687 3387 758 sapiebant.
3423 692 3480 745 Si

1890 768 2034 822 enim
2063 768 2160 835 illi,
2193 769 2281 838 qui
2317 778 2459 824 tanta
2493 781 2616 824 sunt
2640 770 2775 826 bona
2806 777 3145 846 consequuti.
3178 780 3302 834 talia
3337 781 3480 850 passi

1890 868 2034 923 sunt,
2068 869 2120 916 et
2166 861 2257 915 alii
2299 861 2513 931 quidem
2546 878 2642 933 pro
2675 869 3100 923 murmuratione
3137 872 3312 926 solum
3345 873 3482 928 tales

1893 949 2109 1004 luerunt
2132 966 2348 1020 pmnas;
2380 953 2467 1007 alii
2499 954 2643 1024 quod
2674 966 2991 1025 tentassent,
3019 973 3072 1015 et
3105 977 3278 1031 neque
3308 980 3481 1035 popu—

1893 1040 1975 1094 lus
2010 1041 2173 1096 Deum
2201 1053 2283 1098 est
2310 1045 2594 1113 reveritus,
2639 1063 2813 1118 neque
2840 1051 2979 1118 quod
3014 1060 3119 1106 tam
3152 1054 3316 1108 multa
3343 1070 3479 1110 eou-

1890 1140 2148 1200 seqnutns
2175 1142 2353 1199 esset;
2382 1135 2554 1189 multo
2583 1138 2752 1208 magis
2784 1139 2835 1193 in
2866 1141 3022 1195 nobis
3054 1143 3156 1196 nisi
3198 1144 3480 1214 vigilemus

1890 1222 1992 1278 hoc
2013 1224 2137 1280 erit.
2164 1225 2230 1280 Et
2256 1229 2501 1297 apposite
2523 1227 2691 1285 dixit:
2725 1231 2823 1300 Qut
2850 1250 2904 1287 se
2923 1235 3175 1289 existimat
3192 1248 3346 1291 stare.
3367 1237 3481 1295 Hoc

1888 1315 2031 1368 enim
2062 1330 2170 1370 non
2198 1326 2281 1371 est
2306 1327 2451 1374 stare
2504 1330 2564 1374 ut
2591 1330 2737 1377 stare
2762 1331 2995 1392 oportet,
3042 1326 3144 1381 sibi
3176 1327 3275 1397 ipsi
3309 1329 3481 1384 conti-

1887 1404 2053 1462 dere:
2086 1408 2176 1478 qui
2212 1409 2334 1463 talis
2360 1419 2443 1465 est
2467 1413 2631 1480 enim,
2677 1415 2837 1470 citius
2863 1417 3054 1473 cadet:
3082 1434 3204 1475 nam
3239 1421 3313 1476 illi
3337 1438 3476 1492 quo-

1885 1513 2010 1567 quc,
2041 1500 2142 1554 nisi
2169 1502 2336 1555 altum
2366 1507 2674 1573 sapuissent
2696 1514 2754 1561 et
2774 1509 3145 1576 conﬂdissent,
3165 1512 3259 1568 sed
3284 1513 3331 1568 si
3358 1529 3478 1571 sese

1886 1590 2282 1659 euhibuissent,
2324 1610 2431 1650 non
2462 1595 2576 1652 haec
2603 1599 2745 1667 passi
2771 1611 2977 1655 essent.
3011 1602 3164 1659 Unde
3193 1605 3356 1676 liquet
3386 1624 3478 1662 ar-

1885 1683 2184 1751 rogantiam
2219 1687 2475 1753 maxime,
2517 1688 2820 1760 deindeque
2847 1694 3150 1750 socordiam
3180 1707 3235 1752 et
3272 1699 3476 1769 gulam,

1887 1770 2077 1826 horum
2104 1788 2226 1829 esse
2266 1775 2439 1831 fontes
2480 1780 2767 1836 malorum.
2797 1781 2981 1851 Itaque
3007 1785 3052 1840 si
3083 1796 3216 1853 stas,
3249 1803 3379 1845 cave
3411 1807 3478 1846 ne

1883 1862 2067 1917 cadas.
2114 1865 2248 1920 Nam
2295 1868 2380 1923 hic
2408 1880 2572 1938 stare,
2608 1887 2713 1926 non
2741 1883 2825 1928 est
2853 1874 3081 1932 ﬁrmiter
3112 1888 3276 1945 stare,
3305 1884 3479 1936 donec

1886 1952 2179 2045 liberemur
2207 1973 2234 2011 a
2272 1963 2555 2029 prmsentis
2583 1964 2705 2020 vita:
2732 1965 3006 2033 ﬂuctibus,
3033 1980 3089 2025 ct
3119 1971 3185 2026 ad
3212 1977 3477 2045 tranquil-

1885 2043 1992 2097 lum
2016 2056 2230 2114 portum
2259 2052 2611 2120 appellamus.
2641 2054 2718 2110 Ne
2747 2057 2929 2128 itaque
2953 2060 3119 2115 altum
3137 2063 3315 2133 sapias
3334 2043 3477 2136 quod

1883 2143 2015 2202 stes,
2063 2138 2157 2192 sed
2207 2154 2339 2195 cave
2382 2142 2613 2212 lapsum.
2665 2145 2723 2203 Si
2776 2165 3009 2221 namque
3038 2153 3236 2210 Paulus
3277 2157 3475 2227 timuit,

1883 2227 2122 2282 onmium
2172 2228 2520 2301 fortissimus,
2553 2238 2722 2293 multo
2753 2243 2923 2312 magis
2954 2258 3053 2298 nos
3098 2246 3287 2302 timere
3316 2264 3478 2319 opor-

1885 2329 1977 2374 tet.
2008 2322 2299 2391 Apostolus
2330 2327 2510 2397 itaque
2536 2330 2788 2387 dicebat:
2821 2334 3143 2406 Quapmpter
3170 2344 3256 2411 qui
3284 2342 3379 2396 sibi
3400 2345 3477 2397 vi-

1882 2411 2031 2466 detur
2057 2425 2210 2482 stare,
2239 2418 2408 2471 videat
2431 2437 2493 2474 ne
2508 2422 2659 2479 cadat
2683 2439 2818 2480 :nos
2844 2436 3023 2483 autem
3048 2446 3114 2484 ne
3134 2431 3235 2487 hoc
3259 2434 3475 2503 quidem

1846 2533 1849 2536 ν
1884 2518 2167 2574 possumus
2197 2509 2396 2575 dicere,
2433 2527 2555 2567 cum
2587 2531 2777 2571 omnes
2804 2517 2921 2574 fere
2964 2512 3101 2591 lapsi
3133 2532 3188 2578 et
3221 2530 3473 2595 prostrati
3512 2566 3519 2573 ι

1880 2595 1990 2650 sint
2017 2596 2273 2670 humique
2295 2602 2533 2670 jaceant.
2560 2604 2658 2660 Cui
2686 2609 2828 2662 enim
2855 2609 2956 2666 hoc
2978 2610 3193 2668 dicam?
3219 2616 3367 2672 illine
3383 2619 3473 2689 qui

1881 2690 2117 2759 quotidie
2148 2693 2324 2761 rapit?
2356 2696 2450 2750 sed
2490 2696 2635 2766 jacet
2665 2698 2756 2753 ille
2795 2717 2990 2772 magno
3031 2704 3181 2775 lapsu
3209 2704 3472 2776 dejectus.

1880 2780 1950 2833 At
1975 2783 2297 2837 scortatori?
2318 2785 2412 2839 sed
2440 2785 2584 2841 humi
2618 2790 2891 2859 projectus
2918 2802 3019 2848 est.
3044 2795 3126 2850 An
3158 2797 3476 2856 ebrioso?at

1880 2871 1995 2941 ipse
2015 2888 2226 2943 quoque
2246 2877 2412 2945 jacet,
2449 2888 2503 2934 et
2529 2882 2701 2936 nescit
2722 2898 2781 2937 se
2802 2882 3006 2953 jacere.
3041 2885 3347 2960 ltaquejani
3367 2910 3473 2948 non

1878 2971 1963 3016 est
1993 2973 2201 3034 tempus
2230 2966 2389 3036 hujus
2416 2969 2723 3039 proferendi
2756 2974 2927 3039 verbi,
2955 2978 3049 3032 sed
3081 2979 3221 3034 illius
3246 2982 3474 3053 prophe-

1880 3055 1990 3119 tici,
2013 3056 2157 3125 quod
2184 3057 2398 3114 dicebat
2422 3061 2662 3118 Judzeis:
2697 3064 2952 3137 Numqui
2980 3069 3137 3136 cadit,
3162 3089 3264 3128 non
3298 3092 3473 3130 resur—

1877 3149 1948 3218 git
1975 3147 2149 3219 (Psal.
2181 3151 2270 3207 40.
2305 3152 2399 3226 9)?
2431 3155 2641 3211 Etenim
2669 3172 2859 3214 omnes
2896 3160 3100 3231 jaceat,
3151 3181 3250 3220 nec
3289 3170 3474 3225 volunt

1877 3254 2182 3310 resurgere.
2212 3243 2574 3311 Quamobrem
2612 3248 2924 3305 adhortatio
2955 3254 3109 3309 nobis
3140 3265 3244 3324 est,
3281 3274 3385 3313 non
3417 3271 3474 3315 ut

1877 3347 1945 3387 ne
1968 3333 2246 3401 cadamus,
2277 3336 2370 3392 sed
2413 3346 2473 3393 ut
2517 3340 2550 3392 ii
2595 3343 2684 3411 qui
2710 3342 2895 3411 jacent
2924 3348 3136 3414 possint
3166 3364 3470 3420 resurgere.

1878 3424 2242 3498 Resurgamus
2273 3429 2435 3500 igitur
2477 3432 2557 3486 vel
2599 3448 2725 3488 sero
2766 3436 3013 3501 tandem,
3042 3438 3251 3505 dileCti,
3283 3458 3471 3498 resur-

1875 3532 2063 3588 gamus
2082 3529 2134 3574 et
2158 3519 2371 3576 fortiter
2395 3533 2619 3579 stemus.
2644 3526 2936 3598 Quousque
2961 3530 3239 3599 jacemus?
3261 3550 3465 3604 quous-

1874 3624 1980 3679 que
2000 3611 2132 3665 ebrii
2164 3627 2371 3679 sumus,
2409 3615 2574 3669 multa
2604 3633 2784 3672 rerum
2829 3622 3166 3677 smcularium
3209 3630 3469 3699 cenCnpi-

1875 3702 2079 3756 scentia
2121 3704 2368 3771 gravati?
2411 3704 2783 3776 Opportunum
2837 3720 2920 3766 est
2963 3728 3106 3768 nunc
3135 3715 3354 3773 dicere:
3387 3720 3467 3774 Ad

1873 3804 2032 3859 quem
2065 3792 2254 3862 loquar
2291 3804 2346 3850 et
2377 3796 2741 3853 testificabor?
2784 3816 2954 3872 usque
2994 3804 3130 3860 adeo
3170 3823 3359 3865 omnes
3400 3812 3465 3866 ad

1874 3882 2043 3952 ipsam
2069 3885 2280 3940 virtutis
2296 3886 2596 3943 doctrinam
2619 3889 3039 3961 obsurduerunt,
3063 3906 3120 3951 et
3141 3899 3323 3952 multis
3341 3901 3466 3957 hinc

1871 3976 2061 4046 repleti
2089 3985 2217 4031 sunt
2246 3979 2421 4033 malis.
2452 3979 2519 4034 Et
2538 3982 2581 4034 si
2608 3995 2887 4051 possemus
2909 3984 3116 4041 animas
3147 3988 3328 4044 videre
3369 4008 3470 4045 nn—

1872 4066 1990 4134 das,
2026 4076 2083 4123 ttt
2109 4069 2159 4122 in
2187 4070 2516 4126 exercitibus
2558 4082 2681 4140 post
2724 4073 3052 4142 conﬂictum,
3102 4080 3191 4133 alii
3241 4085 3463 4150 mortui,

1872 4163 1962 4217 alii
2019 4163 2282 4219 vulnerati
2332 4165 2610 4231 videntur;
2640 4166 2796 4221 sicin
2852 4167 3090 4224 Ecclesia
3132 4171 3462 4233 videremus.

1870 4254 2232 4321 Quamobrem
2288 4258 2517 4312 obsecro
2564 4269 2619 4312 et
2662 4274 2760 4315 oro
2789 4301 2806 4327 ,
2858 4275 3076 4316 manum
3129 4265 3267 4321 alter
3308 4267 3464 4326 alteri

1875 4350 2210 4422 porrigamus
2226 4359 2282 4407 at
2306 4366 2680 4420 exsurgamus.
2706 4352 2839 4409 Nam
2868 4362 2921 4409 et
2946 4369 3046 4425 ego
3067 4372 3131 4411 ex
3154 4359 3463 4416 sauciorum

1876 4455 2101 4496 numero
2126 4455 2267 4504 sum.
2300 4451 2355 4497 et
2381 4457 2568 4498 eorum
2610 4444 2700 4514 qui
2743 4444 3050 4514 pharmacis
3079 4463 3214 4517 opus
3241 4448 3458 4505 habent.

1869 4531 1974 4588 Sed
2007 4548 2076 4589 ne
2105 4532 2227 4587 ideo
2251 4533 2488 4589 animum
2513 4532 2894 4604 despondeatis
2915 4553 2927 4590 :
2952 4552 3075 4592 nam
3120 4539 3222 4594 etsi
3269 4542 3459 4610 gravia

1869 4634 1995 4680 sunt
2038 4625 2285 4692 vulnera,
2339 4635 2394 4680 at
2442 4641 2548 4680 non
2603 4626 2946 4681 incurabilia.
2990 4627 3136 4682 Talis
3165 4639 3248 4683 est
3277 4639 3463 4686 noster

1869 4719 2140 4782 medicus;
2175 4718 2337 4774 modo
2366 4719 2590 4775 vulnera
2619 4719 2938 4786 sentiamus,
2964 4721 3175 4775 etiamsi
3204 4723 3254 4775 in
3281 4732 3461 4778 extre-

1868 4825 2014 4864 mum
2064 4809 2312 4880 nequitia:
2358 4810 2686 4873 venerimus,
2729 4810 2926 4865 multas
2951 4811 3109 4867 nobis
3134 4811 3309 4883 aperit
3343 4815 3455 4869 vias

1868 4903 2075 4957 salutis.
2107 4901 2239 4957 Nam
2261 4903 2307 4957 si
2338 4902 2585 4973 proximo
2614 4902 2751 4958 iram
2790 4902 3091 4968 remiseris,
3114 4904 3460 4961 remittentnr

1869 4997 1964 5053 tibi
1995 4997 2226 5052 delicta:
2262 4996 2323 5052 Si
2364 4996 2520 5061 enim,
2567 4995 2760 5067 inquit,
2809 4996 3106 5050 remiseritis
3148 4996 3457 5067 hominibus,

1865 5089 2082 5142 remittet
2108 5097 2156 5141 et
2185 5088 2322 5142 vobis
2352 5086 2509 5141 Pater
2533 5095 2693 5140 vester
2721 5085 2935 5141 caelestis
2982 5084 3194 5157 (Matth.
3238 5085 3296 5140 6.
3343 5086 3455 5157 14).

1866 5181 1933 5236 Et
1959 5182 2003 5235 si
2030 5180 2430 5250 eleemosynam
2457 5177 2694 5244 dederis,
2722 5176 3053 5231 condonabit
3075 5175 3168 5230 tibi
3195 5186 3412 5246 peccata
3440 5196 3454 5232 :

1864 5271 1892 5325 1
1902 5273 2168 5343 iniquitates
2194 5270 2337 5325 enim
2361 5279 2495 5335 tuas,
2520 5268 2715 5338 inquit,
2733 5266 3066 5339 eleemosgnis
3081 5266 3274 5321 redime
3290 5265 3452 5334 (Dan.

1862 5364 1917 5417 4.
1945 5363 2061 5431 24).
2095 5361 2151 5417 Si
2176 5362 2462 5430 diligenter
2486 5358 2751 5424 oraveris,
2781 5357 3106 5412 remissione
3135 5355 3356 5413 frueris.
3388 5357 3456 5413 Et

1865 5456 1965 5511 hoc
1995 5456 2232 5511 ostendit
2258 5454 2438 5520 vidua,
2468 5469 2588 5525 qua:
2610 5455 2897 5509 immanem
2924 5451 3075 5507 illum
3092 5452 3328 5522 judicem
3345 5449 3454 5507 fre-

1862 5551 2047 5621 quenti
2078 5549 2340 5620 petitione
2369 5547 2595 5602 inﬂexit.
2628 5547 2683 5603 Si
2709 5555 2931 5617 peccata
2964 5554 3053 5601 tua
3080 5546 3449 5609 accusaveris,

1861 5644 2028 5700 habes
2044 5641 2504 5697 consolationem:
2529 5637 2629 5693 Dic
2649 5650 2703 5693 tu
2724 5640 2867 5694 enim
2893 5638 3088 5708 primus
3117 5644 3321 5708 peccata
3337 5641 3447 5698 tua,

1859 5746 1917 5792 ut
1936 5731 2418 5807 justiﬁccrisUsai.
2450 5733 2538 5787 45.
2576 5731 2693 5801 26).
2721 5731 2776 5787 Si
2808 5746 2906 5801 pro
2949 5731 3014 5785 iis
3056 5728 3224 5784 tristis
3261 5724 3448 5789 fueris,

1863 5843 1918 5886 ct
1957 5830 2059 5884 hoc
2104 5825 2200 5882 tibi
2244 5826 2596 5897 pharmacum
2636 5823 2740 5880 erit
2768 5825 3095 5880 maximum:
3134 5819 3251 5875 Vidi
3287 5816 3447 5883 enim,
