3962 6412
581 323 686 381 195

582 440 774 512 inquit,
806 439 944 507 quod
967 438 1144 493 dolore
1171 434 1384 502 affectus
1403 433 1489 496 sit,
1521 441 1567 487 et
1592 433 1771 487 abierit
1797 433 1978 498 tristis,
2007 442 2055 486 et
2075 447 2167 485 cn-

582 533 815 588 rauivias
844 533 955 603 ejus
985 530 1139 601 (lsai.
1167 529 1256 584 57.
1290 528 1376 582 i7.
1423 526 1535 597 18).
1566 525 1635 580 Ει
1659 525 1704 580 si
1733 524 1861 596 quid
1894 523 2018 579 mali
2047 539 2168 594 pas-

583 639 698 684 sus,
732 621 943 676 fortiter
972 619 1100 674 illud
1133 618 1342 682 tuleris,
1372 625 1541 671 totum
1569 615 1786 672 exuisti.
1813 615 1926 670 lloc
1955 629 2172 686 quoque

584 715 726 769 enim
753 713 903 766 diviti
944 711 1020 765 illi
1063 709 1328 764 Abraham
1368 707 1583 764 dicebat
1615 725 1630 764 :
1678 707 1900 776 Recepit
1939 706 2173 762 Lazarus

586 807 724 860 mala
752 819 870 869 sua,
903 811 957 857 et
987 801 1070 856 hic
1096 800 1523 856 consolationem
1557 799 1720 854 habet
1757 797 1908 870 (Luc.
1933 798 2023 854 16.
2050 797 2170 869 25).

584 896 638 951 Si
664 896 837 950 vidua:
860 895 1110 949 misertus
1137 894 1320 956 fueris,
1353 891 1640 947 abluuntur
1659 901 1876 962 peccata
1907 900 1994 946 tua
2016 909 2029 944 :
2049 906 2171 945 nam

582 988 658 1040 ait
683 1005 696 1040 :
719 985 961 1039 Judicate
991 983 1213 1055 pupillo,
1246 984 1507 1056 defendite
1550 984 1778 1049 viduam,
1811 995 1858 1037 et
1885 983 2047 1036 venite
2091 982 2174 1036 di-

580 1088 883 1140 sceptemns,
916 1079 994 1130 ait
1025 1077 1314 1142 Dominus;
1366 1087 1412 1130 et
1456 1077 1500 1130 si
1549 1075 1742 1147 fuerint
1771 1083 1981 1144 peccata
2010 1084 2194 1128 uestra.

579 1173 709 1226 sicut
731 1175 1022 1240 puniceum,
1054 1181 1108 1222 ut
1135 1171 1296 1223 nivem
1320 1168 1603 1233 dealbabo;
1630 1179 1680 1222 et
1704 1168 1746 1221 si
1773 1169 1962 1240 fuerint
1987 1177 2040 1220 ut
2060 1183 2178 1220 coc-

581 1265 773 1331 cinum,
805 1275 856 1317 ut
887 1266 1062 1318 lanam
1100 1261 1344 1316 dealbabo
1389 1259 1542 1332 (Isat'.
1593 1262 1644 1314 1.
1695 1260 1783 1316 17.
1830 1259 1940 1330 18).
1989 1257 2174 1329 Neque

581 1357 727 1410 enim
756 1355 840 1410 vel
867 1354 1174 1408 cicatricem
1202 1353 1486 1408 vulnerum
1517 1352 1646 1406 sinit
1675 1365 1958 1421 apparere.

655 1450 705 1504 5.
755 1448 1071 1503 Pmnitentia:
1093 1448 1166 1501 vis
1191 1447 1244 1500 in
1271 1447 1366 1500 hac
1395 1447 1517 1511 vita,
1540 1445 1789 1498 inutilitas
1830 1445 1882 1498 in
1927 1445 2178 1500 altera.—

580 1543 686 1599 Sed
712 1544 922 1597 etiamsi
953 1542 1261 1596 venerimus
1292 1541 1344 1594 in
1376 1538 1502 1594 illud
1534 1537 1852 1608 prol‘undutn
1890 1538 2173 1600 malorum,

582 1636 636 1690 in
663 1635 804 1706 quod
835 1634 1027 1688 incidit
1061 1634 1106 1688 is
1136 1634 1224 1702 qui
1259 1641 1477 1702 paterna
1511 1631 1648 1684 bona
1681 1629 1862 1684 exedit
1889 1639 1943 1684 et
1969 1628 2176 1698 siliquis

580 1729 921 1792 vescebatur,
952 1736 1007 1780 et
1039 1725 1411 1796 pmniteutiam
1461 1725 1754 1794 egerimus,
1787 1723 2009 1777 omnino
2039 1721 2174 1777 salvi

583 1819 1052 1875 erimuszetiamsi
1083 1816 1270 1871 decem
1304 1816 1468 1870 millia
1511 1816 1710 1869 talenta
1761 1813 2076 1878 debeamus,
2123 1822 2179 1869 et

585 1909 946 1980 procidamns,
999 1907 1426 1976 iniuriarumque
1469 1905 1783 1960 memoriam
1822 1903 2176 1973 deponamus,

583 2004 765 2056 omnia
809 2001 963 2055 nobis
1009 2000 1358 2056 remittuntur
1391 2016 1404 2051 :
1444 1998 1654 2052 etiamsi
1701 1997 1808 2052 illic
1835 1995 2179 2051 aberraveri-

585 2110 728 2159 mus,
759 2095 847 2150 ubi
878 2094 994 2148 ovis
1019 2093 1089 2147 ab
1117 2092 1246 2146 ovili
1276 2091 1568 2152 aberravit,
1603 2089 1729 2144 inde
1761 2089 1851 2144 ille
1890 2103 1989 2143 nos
2017 2087 2178 2143 redu-

585 2189 683 2255 cit,
709 2189 753 2242 si
777 2186 936 2242 modo
965 2186 1212 2249 velimus,
1236 2183 1415 2239 dilecti
1439 2183 1735 2253 :beuignus
1755 2183 1896 2236 enim
1917 2181 2176 2236 estDeus.

589 2280 718 2336 Ideo
767 2279 934 2334 etiam
988 2277 1121 2332 satis
1161 2277 1236 2331 illi
1275 2277 1390 2342 fuit,
1437 2277 1578 2347 quod
1609 2276 1654 2330 is
1683 2275 1774 2346 qui
1804 2275 1991 2331 decem
2016 2275 2178 2328 millia

589 2371 789 2427 talenta
817 2369 1070 2436 debebat,
1125 2379 1250 2424 ante
1280 2383 1341 2423 se
1389 2367 1786 2438 procumberet,
1817 2376 1873 2423 et
1901 2365 2044 2438 quod
2091 2366 2180 2436 qui

589 2473 811 2535 paterna
829 2462 969 2518 bona
988 2461 1378 2532 absumpserat,
1397 2461 1568 2515 solum
1587 2469 2027 2526 reverteretur,et
2039 2457 2182 2530 quod

587 2571 780 2612 errans
803 2555 922 2609 ovis
949 2554 1151 2624 portari
1181 2552 1362 2609 vellet.
1393 2553 1708 2623 Cogitantes
1735 2554 1896 2624 igitur
1933 2551 2184 2623 benigni-

591 2647 720 2702 tatis
744 2645 862 2716 ejus
891 2644 1339 2716 magnitudinem,
1372 2643 1458 2700 hic
1507 2643 1658 2698 illum
1689 2645 1846 2700 nobis
1891 2644 2180 2716 propitium

591 2736 904 2804 reddamus,
937 2744 992 2792 et
1021 2749 1457 2806 praeoccupemus
1488 2734 1676 2791 faciem
1717 2735 1837 2806 ejus
1882 2735 1934 2790 in
1970 2735 2185 2791 confes-

591 2832 770 2898 sione,
789 2840 848 2886 ut
873 2844 939 2885 ne
962 2827 1088 2883 hinc
1105 2828 1368 2884 abeuntes
1387 2828 1508 2884 sine
1523 2826 1862 2894 defensio-ne,
1883 2837 2186 2884 avenam

594 2924 892 2980 subeamus
911 2921 1264 2992 supplicium.
1293 2919 1352 2975 Si
1380 2920 1525 2975 enim
1554 2920 1607 2974 in
1636 2921 1892 2992 prmsenti
1921 2923 2028 2975 vita
2054 2935 2189 2991 qua-

596 3019 936 3087 lemcumque
960 3016 1314 3071 adhibeamus
1351 3013 1711 3084 diligentiam,
1745 3013 1978 3069 maxima
2004 3015 2184 3070 lucra-

595 3111 807 3167 bimur:
831 3110 876 3165 si
905 3121 1084 3165 autem
1113 3123 1219 3163 non
1248 3109 1504 3165 meliores
1531 3107 1709 3164 effecti
1739 3109 2184 3174 abscesserimns,

597 3205 810 3261 etiamsi
866 3203 972 3259 illic
1014 3201 1317 3258 vehementi
1365 3200 1677 3271 paenitentia
1721 3200 2001 3268 ducamur,
2055 3201 2189 3258 nihil

600 3298 756 3354 nobis
783 3297 1039 3368 proderit.
1069 3295 1366 3367 Oportebat
1406 3296 1552 3352 enim
1587 3295 1722 3350 intra
1768 3305 1918 3365 septa
1967 3311 2192 3368 manen-

540 3450 570 3487 ι
599 3401 710 3448 tem
754 3391 1052 3455 decertare,
1099 3405 1206 3444 non
1250 3399 1429 3445 autem
1480 3399 1762 3461 postquam
1812 3389 2045 3445 solutum
2093 3390 2190 3446 fuit

601 3484 870 3539 theatrum
920 3479 1204 3537 lamentari
1243 3489 1298 3536 et
1325 3479 1454 3536 flere
1498 3479 1797 3547 inutiliter,
1825 3488 1882 3534 ut
1905 3480 2058 3536 dives
2101 3480 2191 3538 ille

599 3575 852 3641 faciebat,
881 3574 1187 3629 lamentans
1213 3579 1269 3626 et
1296 3570 1528 3638 eiulans,
1556 3571 1650 3625 sed
1668 3570 1780 3640 jam
1805 3571 2001 3628 frustra
2027 3582 2082 3627 et
2106 3574 2190 3628 in.

599 3681 836 3730 cassum,
866 3665 991 3734 quia
1023 3671 1237 3729 tempus
1278 3659 1408 3714 illud
1439 3659 1783 3731 despexerat,
1822 3677 1929 3730 quo
1971 3660 2085 3717 hac
2110 3661 2192 3716 fa-

599 3769 728 3810 cere
756 3753 1014 3823 oportuit.
1048 3751 1164 3808 Non
1209 3751 1300 3806 ille
1345 3759 1522 3805 autem
1573 3751 1740 3815 solus,
1787 3751 1880 3806 sed
1913 3753 2064 3808 multi
2099 3755 2190 3810 alii

595 3846 708 3918 jam
732 3854 859 3900 sunt
877 3845 1071 3901 divites
1102 3842 1201 3913 ipsi
1233 3842 1461 3908 similes,
1481 3843 1569 3913 qui
1594 3844 1848 3912 pecunias
1862 3845 2078 3916 quidem
2096 3846 2192 3902 de-

599 3939 812 4009 spicere
833 3937 1045 4002 nolunt,
1068 3934 1163 3990 sed
1196 3934 1315 3990 loco
1344 3936 1692 4004 pecuniarum
1735 3935 1967 3992 animam
2003 3937 2190 4010 despi-

599 4032 784 4085 ciunt:
817 4027 960 4099 quod
992 4027 1178 4082 mirari
1219 4026 1365 4081 subit
1404 4027 1556 4093 mihi,
1588 4041 1710 4082 cum
1750 4028 1908 4084 video
1944 4029 2065 4084 illos
2097 4031 2191 4088 Dei

601 4121 1024 4178 misericordiam
1054 4129 1357 4190 precantes,
1388 4127 1444 4184 et
1476 4119 1547 4174 ita
1571 4118 1794 4174 aﬂ'ectos
1821 4137 1951 4192 erga
1982 4124 2191 4192 seipsos

601 4223 661 4268 ut
683 4212 1008 4267 incurabiles
1037 4211 1166 4274 sint,
1194 4212 1498 4281 animaeque
1525 4226 1636 4266 suae
1663 4220 1934 4284 tamquam
1961 4215 2192 4272 inimica

603 4321 712 4360 nun
738 4313 1041 4374 parcentes.
1076 4302 1152 4358 Nc
1179 4302 1450 4369 lndamus,
1501 4319 1534 4358 ο
1576 4303 1781 4372 dilecti,
1825 4321 1894 4363 ne
1921 4307 2189 4376 ludamus,

601 4412 779 4468 neque
804 4412 901 4451 nos
930 4396 1077 4467 ipsos
1106 4395 1490 4466 despiciamns,
1513 4396 1642 4450 dum
1674 4414 1926 4469 rogamus
1947 4401 2118 4457 Deum
2135 4411 2193 4459 ut

602 4492 774 4546 nostri
802 4491 1138 4552 misereatur,
1162 4498 1216 4544 et
1243 4489 1630 4544 misericordia:
1655 4492 1772 4561 ejus
1798 4495 2072 4562 pecunias,
2092 4496 2191 4554 de.

601 4584 754 4638 licias
769 4581 1437 4649 etomniaauteponimus.
1467 4580 1652 4651 Neque
1677 4585 1843 4644 enim.
1871 4588 1917 4640 si
1947 4589 2067 4658 quis
2095 4592 2190 4648 tibi

601 4676 778 4732 dicam
807 4674 1046 4737 offerret,
1076 4681 1130 4727 et
1157 4673 1462 4743 quempiam
1491 4689 1750 4730 accusans
1776 4677 2006 4746 diceret,
2037 4683 2186 4740 illum

599 4767 750 4822 mille
777 4775 980 4820 mortes
1006 4763 1334 4829 subiturum,
1363 4778 1485 4820 cum
1529 4775 1713 4836 posset
1752 4770 1962 4826 modica
2021 4789 2188 4844 pecu-

610 4861 696 4916 nia
745 4873 868 4914 sese
915 4858 1207 4922 redimere,
1257 4857 1421 4913 malle
1473 4862 1612 4914 mori
1665 4876 1827 4932 quam
1868 4865 2071 4934 aliquid
2123 4883 2188 4924 ex

598 4950 711 5006 suis
768 4964 1090 5015 numerare;
1142 4949 1515 5007 misericordia
1560 4963 1654 5007 aut
1691 4955 1847 5010 venia
1893 4957 2042 5012 illum
2068 4975 2190 5017 esse

596 5041 818 5112 dignum
844 5039 1074 5096 diceres.
1105 5039 1218 5095 Hoc
1253 5056 1384 5112 ergo
1414 5048 1472 5098 'et
1500 5042 1569 5098 de
1595 5043 1769 5116 teipso
1798 5058 1986 5118 reputa
2016 5067 2032 5104 :
2062 5067 2188 5107 nam

597 5149 701 5190 nos
726 5149 939 5205 quoque
963 5132 1065 5190 hoc
1091 5132 1338 5199 iacimus,
1365 5144 1421 5191 et
1460 5136 1693 5194 salutem
1737 5148 1977 5196 nostram
2004 5142 2188 5215 despi-

597 5228 826 5291 cientes,
857 5226 1096 5297 pecuniis
1122 5227 1412 5298 parcimus.
1431 5227 1714 5296 Quomodo
1729 5246 1860 5303 ergo
1879 5234 2045 5290 Deum
2066 5251 2188 5307 pre-

596 5319 739 5374 caris
765 5329 824 5374 ut
844 5320 939 5374 tibi
967 5328 1171 5390 parcat,
1200 5335 1323 5375 cum
1352 5330 1407 5376 tu
1435 5321 1551 5392 ipse
1595 5323 1688 5379 tibi
1733 5341 1840 5381 non
1877 5341 2090 5396 parcas,
2131 5339 2188 5385 et

596 5410 794 5468 animae
820 5412 1073 5482 pecunias
1113 5413 1407 5484 praeferas?
1447 5415 1709 5482 Quocirca
1749 5417 2042 5474 admodum
2085 5420 2189 5475 ob-

595 5511 850 5574 stupesco
874 5505 1137 5575 cogitans,
1166 5515 1383 5577 quantae
1411 5508 1465 5562 in
1504 5510 1749 5579 pecuniis
1790 5510 1994 5566 lateant
2040 5527 2185 5582 prae-

597 5596 802 5665 stigiie;
830 5596 939 5650 imo
966 5612 1071 5652 non
1109 5598 1164 5652 in
1194 5599 1460 5668 pecuniis,
1491 5600 1586 5656 sed
1616 5600 1668 5655 in
1697 5617 1883 5657 eorum
1912 5603 2001 5673 qui
2028 5602 2182 5660 deci-

599 5687 819 5756 piuntur
843 5687 1058 5744 animis.
1088 5689 1226 5745 Sunt
1254 5691 1420 5757 enim,
1448 5701 1576 5747 sunt
1600 5693 1806 5762 utique,
1835 5694 1929 5765 qui
1956 5695 2183 5752 multum

531 5821 541 5856 ε
597 5773 764 5835 hasce
815 5781 1112 5854 praestigias
1151 5781 1398 5840 irrident.
1445 5783 1584 5852 Quid
1628 5785 1772 5842 enim
1817 5782 1872 5842 in
1911 5784 2022 5842 illis
2062 5797 2171 5857 est,

1291 319 1348 375 S.
1388 316 1668 376 JOANNIS
1703 316 2171 375 CURYSOSTOMI
2211 316 2530 376 ARCIIIEP.
2571 317 3102 379 CONSTANTINOP.
3719 341 3795 400 ωδ

2280 433 2422 502 quod
2481 448 2579 488 nos
2627 434 2894 490 fascinare
2947 438 3164 506 possit?
3217 453 3388 498 nonne
3431 441 3692 502 inanimata
3736 468 3799 508 est

2279 527 2525 593 materia,
2578 541 2755 584 nonne
2793 528 2970 584 ﬂuxa?
3023 546 3202 586 nonne
3253 531 3410 588 infida
3460 545 3540 592 est
3574 539 3676 608 ejus
3699 558 3798 612 pos-

2277 619 2484 676 sessio?
2509 634 2686 676 annon
2716 621 2998 678 timoribus
3026 623 3182 692 plena
3198 635 3281 678 est
3295 635 3347 679 et
3371 627 3641 696 periculis?
3657 650 3800 691 annon

2277 711 2518 767 caedibus
2545 723 2598 768 et
2625 711 2867 768 insidiis?
2892 729 3073 769 annon
3102 714 3377 771 inimicitia
3403 725 3457 772 et
3480 718 3635 774 odio?
3659 736 3801 779 annon

2277 803 2522 858 socordia
2549 814 2603 859 et
2629 803 2863 875 nequitia
2893 805 3094 859 multa?
3121 821 3299 861 annon
3328 816 3465 862 terra
3490 820 3570 864 est
3593 819 3644 866 et
3665 813 3806 869 cinis?

2277 908 2399 964 quae
2427 893 2670 949 insania?
2696 895 2816 966 quis
2854 895 3116 950 morbus?
3155 897 3226 952 At
3264 912 3369 954 non
3410 902 3676 958 accusandi
3710 917 3806 960 sunt

2279 993 2507 1051 tantum,
2538 986 2772 1056 inquies,
2817 987 2919 1043 hoc
2959 987 3148 1043 morbo
3189 988 3513 1056 laborantes,
3555 993 3642 1049 sed
3678 996 3804 1050 etiam

2279 1076 2569 1132 solvendus
2595 1087 2679 1134 est
2703 1093 2877 1133 amor.
2931 1079 2998 1134 Et
3045 1095 3154 1150 quo
3203 1081 3310 1136 alio
3359 1082 3514 1137 modo
3561 1085 3803 1153 solvenius,

2278 1183 2438 1238 quam
2462 1169 2807 1226 ostendentes
2825 1187 2938 1227 rem
2967 1187 3087 1228 esse
3115 1173 3308 1228 malam
3334 1174 3710 1248 innumerisque
3723 1181 3808 1250 ple-

2280 1275 2404 1313 nam
2433 1262 2624 1317 malis?
2666 1263 2736 1316 At
2775 1278 2881 1318 non
2911 1263 3066 1318 facile
3093 1275 3176 1320 est
3204 1265 3256 1319 id
3284 1268 3480 1321 amanti
3509 1271 3804 1338 persuadere.

2281 1350 2462 1421 Itaque
2486 1352 2588 1406 alia
2619 1351 2719 1422 ipsi
2749 1352 3092 1422 pulchritudo
3130 1356 3447 1424 opponenda
3474 1368 3572 1412 est.
3600 1359 3694 1415 Sed
3714 1377 3805 1417 cum

2280 1452 2525 1509 mgrotet,
2547 1445 2916 1514 incorpoream
2942 1461 3048 1500 non
3067 1445 3213 1501 videt
3237 1447 3668 1516 pulchritudinem
3689 1467 3805 1508 :cor-

2281 1548 2498 1603 poream
2527 1549 2657 1604 ergo
2684 1535 2759 1590 illi
2787 1536 3156 1604 ostendamus,
3186 1548 3240 1593 et
3265 1539 3504 1595 dicamus
3534 1541 3634 1597 illi:
3663 1545 3807 1614 Cogita

2281 1634 2456 1696 prata,
2484 1634 2541 1682 et
2566 1627 2726 1682 ﬂores
2752 1629 2841 1698 qui
2871 1629 2922 1682 iu
2953 1629 3057 1683 illis
3082 1639 3227 1695 sunt,
3256 1635 3444 1701 quovis
3469 1650 3594 1688 auro
3630 1636 3806 1707 elegan-

2281 1717 2469 1783 tiores,
2499 1727 2554 1772 et
2579 1719 2856 1789 quibusvis
2884 1719 3078 1790 lapillis
3128 1731 3184 1776 et
3231 1725 3458 1793 gemmis
3503 1727 3737 1795 gratiores
3771 1738 3811 1783 et

2281 1809 2694 1880 pellttcidiores:
2725 1813 2907 1883 cogita
2937 1813 3157 1884 limpida
3186 1815 3414 1871 fontium
3439 1817 3810 1886 lluenta,lluvios

2280 1903 2372 1972 qui
2402 1903 2571 1957 instar
2597 1903 2701 1958 olei
2728 1905 2846 1960 sine
2871 1908 3099 1977 strepitu
3126 1923 3158 1962 e
3186 1917 3329 1964 terra
3359 1910 3616 1980 proﬂuunt
3633 1931 3645 1967 :
3662 1929 3812 1969 ascen-

2281 1991 2349 2047 de
2376 1992 2428 2047 in
2459 1993 2650 2048 caelum
2677 2003 2732 2050 et
2761 1994 2883 2051 vide
2912 1997 3046 2052 solis
3085 1998 3562 2068 pulchritudinem,
3595 2004 3716 2058 lunte
3739 2005 3811 2058 dc-

2282 2099 2490 2152 corem,
2534 2085 2810 2142 stellarum
2856 2086 3038 2143 liores.
3081 2089 3150 2144 Et
3179 2091 3308 2162 quid
3336 2091 3458 2159 hoc,
3489 2095 3708 2165 inquies?
3733 2111 3812 2150 non

2283 2177 2430 2232 enim
2463 2178 2571 2233 illis
2594 2179 2794 2234 utimur
2816 2189 2873 2234 ut
2901 2182 3162 2249 pecuniis.
3193 2185 3355 2254 Atqui
3387 2186 3551 2256 magis
3576 2201 3716 2256 quam
3743 2202 3814 2256 pe-

2284 2268 2480 2335 cuniis,
2519 2279 2788 2341 quatenus
2816 2286 3006 2326 eorum
3043 2288 3172 2328 usus
3203 2285 3291 2330 est
3321 2277 3486 2346 magis
3515 2277 3814 2337 necessarius.

2289 2369 2346 2417 et
2374 2362 2441 2417 iis
2467 2360 2697 2416 fruimur
2723 2363 2989 2418 securius.
3019 2362 3209 2436 Neque
3255 2367 3402 2422 enim
3450 2369 3617 2432 times,
3649 2384 3706 2423 ne
3726 2370 3815 2438 quis

2286 2453 2375 2510 illa
2399 2463 2458 2508 ut
2486 2455 2743 2524 pecunias
2771 2455 3021 2510 auferens
3046 2455 3320 2526 discedat;
3368 2459 3462 2516 sed
3509 2460 3624 2516 licet
3661 2459 3740 2515 tibi
3765 2459 3816 2514 de

2287 2546 2353 2602 iis
2376 2553 2636 2616 perpetuo
2663 2545 2963 2615 conﬁdere,
2993 2556 3157 2618 atque
3185 2549 3307 2606 sine
3330 2551 3438 2606 ulla
3459 2566 3584 2608 cura
3605 2553 3680 2608 vel
3699 2552 3816 2608 solli-

2286 2636 2544 2692 citudine.
2567 2634 2623 2693 Si
2645 2645 2828 2692 autem
2853 2636 2976 2694 ideo
3003 2638 3176 2707 doles,
3200 2641 3347 2712 quod
3376 2657 3498 2699 cum
3528 2644 3639 2700 aliis
3661 2641 3814 2698 fruaris
3903 2693 3905 2704 ,

2288 2727 2418 2795 illis,
2445 2735 2503 2783 et
2530 2725 2677 2798 quod
2703 2741 2810 2783 non
2841 2729 2992 2785 solus
3028 2729 3118 2785 illa
3158 2732 3457 2801 possideas,
3500 2742 3556 2790 ut
3580 2735 3815 2806 pecunias;
3903 2777 3905 2804 τ

2288 2833 2400 2874 non
2425 2819 2701 2890 pecunias,
2729 2818 2826 2874 sed
2855 2821 3134 2876 avaritiam
3159 2823 3334 2879 solam
3363 2824 3490 2881 mihi
3515 2840 3684 2882 amare
3703 2824 3820 2880 vide-
3904 2861 3905 2888 ι

2290 2910 2413 2966 ris:
2459 2925 2561 2965 nec
2608 2909 2867 2980 pecunias
2906 2925 3141 2977 amares,
3180 2912 3228 2968 si
3271 2929 3584 2972 communes
3620 2915 3821 2972 omnibus
3904 2949 3905 2954 η

2291 3010 2619 3074 prostarent.
2647 3000 2780 3058 Cum
2804 3001 2966 3072 igitur
2989 3001 3239 3058 dilectam
3271 3005 3644 3073 invenerimus,
3672 3019 3823 3073 nempe

2291 3096 2606 3162 avaritiam;
2633 3109 2755 3166 age,
2789 3095 3069 3152 ostendam
3101 3097 3219 3164 tibi,
3248 3099 3522 3171 quomodo
3548 3100 3629 3155 illa
3656 3109 3700 3155 te
3730 3098 3822 3152 odio

2293 3187 2490 3242 habeat
2530 3197 2585 3243 et
2629 3198 2947 3244 aversetur:
2982 3201 3112 3260 quot
3141 3202 3332 3247 contra
3364 3201 3418 3249 te
3455 3192 3651 3266 gladios
3684 3198 3819 3253 acuat,

2292 3295 2452 3350 quam
2479 3281 2647 3335 multa
2681 3280 2850 3336 fodiat
2880 3282 3156 3352 barathra,
3185 3301 3351 3354 quam
3379 3289 3571 3342 multos
3597 3286 3754 3342 tendat
3770 3284 3823 3337 la-

2292 3389 2484 3445 queos,
2513 3383 2710 3446 quanta
2740 3384 2964 3446 apparet
2990 3379 3324 3448 praecipitia;
3350 3389 3408 3435 ut
3432 3382 3508 3436 sic
3531 3395 3744 3435 amorem
3757 3393 3818 3431 ex-

2294 3468 2554 3538 stinguas.
2598 3467 2880 3525 Undenam
2923 3470 3040 3528 hzcc
3071 3473 3200 3528 sciri
3242 3478 3504 3545 possunt?
3543 3477 3614 3532 Ex
3655 3477 3819 3540 viis,“

2292 3559 2472 3626 bellis,
2519 3576 2584 3616 ex
2625 3563 2785 3628 mari,
2815 3577 2883 3618 ex
2911 3564 3295 3623 tribunalibus.
3341 3568 3473 3625 Nam
3505 3585 3644 3626 mare
3682 3568 3824 3638 implet

2294 3653 2576 3724 sanguine,
2601 3665 2655 3709 et
2680 3653 2914 3724 iudicum
2940 3671 3086 3730 saepe
3107 3669 3358 3716 cruentat
3381 3662 3600 3733 gladios,
3629 3677 3751 3731 saepe
3770 3660 3826 3712 in-

2289 3742 2458 3816 juste,
2491 3759 2692 3816 eosque
2717 3746 2806 3816 qui
2836 3755 2996 3802 noctu
3021 3759 3074 3804 et
3102 3748 3338 3806 interdiu
3362 3753 3416 3809 in
3446 3753 3542 3810 viis
3566 3751 3827 3808 insidiantur

2296 3837 2411 3907 ipsa
2449 3847 2646 3906 armat,
2674 3848 2731 3894 et
2755 3839 2950 3896 suadet
2994 3841 3247 3914 ignorare
3275 3854 3559 3904 naturam;
3587 3843 3828 3919 parricidas

2296 3928 2426 3985 facit
2451 3943 2507 3986 et
2535 3931 2868 3998 matricidas,
2920 3939 2978 3988 et
3004 3934 3183 3989 omnia
3234 3937 3378 3992 mala
3409 3938 3464 3994 in
3510 3939 3660 3993 vitam
3687 3933 3826 3990 infert.

2365 4021 2420 4076 6.
2475 4020 2707 4093 Ideoque
2751 4023 2950 4080 Paulus
2974 4035 3131 4081 vocat
3159 4026 3309 4084 illam
3335 4030 3594 4086 malorum
3623 4028 3826 4084 radicem.

2296 4111 2414 4184 Ipsa
2441 4123 2712 4170 amatores
2740 4130 2866 4171 suos
2893 4131 3000 4172 non
3033 4118 3261 4174 meliore
3280 4121 3585 4177 conditione
3606 4121 3761 4192 jacere
3776 4116 3829 4170 sio

2298 4207 2396 4273 nit,
2437 4223 2597 4278 quam
2618 4225 2714 4265 eos
2736 4213 2826 4280 qui
2849 4213 3063 4267 metalla
3089 4226 3404 4286 operantur.
3427 4213 3828 4288 Quemadmodum

2295 4304 2436 4358 enim
2460 4302 2534 4357 illi
2558 4311 2818 4372 perpetuo
2846 4305 2896 4358 in
2926 4307 3160 4362 tenebris
3184 4312 3426 4368 conclusi
3453 4323 3506 4370 et
3531 4312 3677 4368 vincti
3710 4306 3830 4363 inuti-

2295 4393 2420 4449 liter
2436 4394 2681 4450 laborant
2705 4417 2718 4450 :
2741 4395 2818 4450 sic
2837 4405 2890 4452 et
2911 4397 2996 4452 isti
3019 4399 3071 4454 in
3094 4401 3371 4470 speluncis
3395 4405 3629 4460 avaritize
3651 4399 3828 4459 defessi.

2297 4487 2512 4542 nemine
2541 4487 2914 4543 necessitatem
2965 4489 3252 4562 inferente,
3287 4511 3384 4550 sua
3411 4505 3598 4567 sponte
3624 4495 3712 4550 sibi
3737 4503 3831 4558 sup-

2296 4579 2514 4648 plicium
2537 4578 2832 4646 attrahunt,
2848 4595 2907 4636 se
2929 4581 3306 4640 insolubilibus
3324 4587 3731 4657 circumligantes
3747 4581 3832 4635 vin-

2294 4669 2452 4725 culis.
2482 4669 2550 4725 Et
2571 4669 2640 4725 ad
2668 4672 2881 4726 metalla
2907 4673 3142 4728 damnati
3168 4677 3410 4746 quidem,
3444 4692 3655 4745 veSpere
3681 4674 3830 4728 saltem

2295 4762 2615 4818 adveniente
2659 4780 2689 4818 a
2737 4765 3007 4820 laboribus
3055 4767 3373 4836 solvuntur;
3427 4769 3481 4826 hi
3528 4783 3646 4824 vero
3686 4775 3733 4822 et
3769 4764 3833 4818 tle

2295 4866 2351 4912 et
2390 4865 2548 4911 nocte
2585 4856 2827 4925 improba
2872 4857 2987 4912 haec
3035 4860 3248 4915 metalla
3299 4862 3576 4918 defodiunt
3614 4880 3626 4914 :
3668 4869 3717 4915 et
3754 4856 3832 4911 illis

2295 4947 2511 5020 quidem
2534 4949 2725 5004 modus
2756 4959 2839 5006 est
2867 4952 3190 5008 constitutus
3211 4954 3496 5011 laboriosa:
3522 4956 3656 5010 illius
3684 4964 3834 5021 opera-

2297 5042 2495 5107 tionis;
2525 5041 2580 5096 hi
2612 5057 2740 5098 vero
2765 5044 2969 5099 nullum
3015 5045 3233 5100 modum
3265 5058 3483 5116 norunt,
3513 5048 3602 5103 sed
3629 5060 3724 5115 quo
3751 5055 3832 5093 ma-

2293 5139 2374 5206 gis
2399 5135 2648 5202 foderint,
2669 5151 2736 5192 eo
2757 5139 3014 5208 majorem
3035 5151 3289 5210 appetunt
3308 5143 3593 5200 miseriam.
3616 5140 3668 5196 Si
3689 5145 3830 5193 autem

2293 5229 2372 5286 illi
2409 5229 2624 5300 quidem
2672 5232 2841 5298 inviti,
2877 5233 2932 5288 hi
2971 5249 3100 5290 vero
3147 5246 3340 5306 sponte
3386 5251 3502 5302 sua,
3532 5233 3691 5290 morbi
3729 5224 3830 5284 mihi

2293 5323 2428 5381 dicis
2451 5329 2792 5400 gravitatem,
2815 5328 2958 5400 quod
2979 5345 3174 5401 nempe
3200 5331 3416 5388 liberari
3445 5347 3546 5386 non
3576 5327 3773 5401 possint.
3799 5318 3834 5373 si

2293 5417 2508 5489 quidem
2540 5421 2734 5476 malam
2765 5437 2916 5477 suam
2947 5431 3149 5479 sortem
3177 5439 3285 5478 non
3310 5425 3554 5479 oderunt.
3586 5419 3686 5477 Sed
3710 5411 3832 5487 (ιιιδεὶ

2293 5525 2386 5567 sus
2411 5512 2464 5568 in
2494 5514 2624 5581 luto,
2658 5515 2737 5570 sic
2757 5514 2833 5570 illi
2861 5516 2914 5570 in
2943 5516 3183 5572 avaritiae
3210 5515 3494 5573 fetoribus
3517 5512 3718 5570 volntati
3753 5505 3833 5562 sibi

2293 5604 2507 5674 placent
2527 5647 2544 5668 .
2569 5605 2813 5678 graviora
2844 5607 3110 5678 patientes
3148 5624 3309 5679 quam
3353 5609 3585 5664 damnati
3615 5605 3700 5660 illi.
3724 5599 3832 5655 Nam

2291 5695 2434 5766 quod
2465 5697 2650 5769 pejore
2673 5699 2983 5756 conditione
3025 5701 3170 5768 sint,
3197 5701 3320 5756 audi
3348 5716 3469 5772 qua:
3493 5700 3557 5754 ad
3583 5698 3694 5753 illos
3728 5703 3832 5760 spev

2295 5797 2461 5858 ctant,
2497 5799 2553 5848 et
2581 5798 2709 5848 tunc
2740 5791 2930 5849 audies
2965 5807 3086 5864 qua
3117 5792 3187 5852 ad
3221 5791 3323 5849 bos
3360 5794 3635 5864 pertinent.
3663 5783 3834 5842 Dicitur
