  <div class='ocr_page' id='page_1' title='image "/cluster/home/n/w/nwhite01/storage/ocr_20150623/61:no.10/coo.31924054869619/202.png"; bbox 0 0 3962 6420; ppageno 0'>
   <div class='ocr_carea' id='block_1_1' title="bbox 246 391 349 451">
    <p class='ocr_par' dir='ltr' id='par_1_1' title="bbox 246 391 349 451">
     <span class='ocr_line' id='line_1_1' title="bbox 246 391 349 451; baseline -0.01 0"><span class='ocrx_word' id='word_1_1' title='bbox 246 391 349 451; x_wconf 76' lang='lat' dir='ltr'>I95</span> 
     </span>
    </p>
   </div>
   <div class='ocr_carea' id='block_1_2' title="bbox 249 513 1866 588">
    <p class='ocr_par' dir='ltr' id='par_1_2' title="bbox 249 513 1866 588">
     <span class='ocr_line' id='line_1_2' title="bbox 249 513 1866 588; baseline 0.002 -21"><span class='ocrx_word' id='word_1_2' title='bbox 249 513 433 580; x_wconf 78' lang='grc' dir='ltr'>ὀδοὺς</span> <span class='ocrx_word' id='word_1_3' title='bbox 455 518 684 573; x_wconf 79' lang='grc' dir='ltr'>αὐτοῦ.</span> <span class='ocrx_word' id='word_1_4' title='bbox 720 518 836 573; x_wconf 80' lang='grc' dir='ltr'>Κᾶν</span> <span class='ocrx_word' id='word_1_5' title='bbox 874 518 1046 573; x_wconf 87' lang='grc' dir='ltr'>κακόν</span> <span class='ocrx_word' id='word_1_6' title='bbox 1090 534 1143 571; x_wconf 91' lang='grc' dir='ltr'>τι</span> <span class='ocrx_word' id='word_1_7' title='bbox 1164 517 1374 584; x_wconf 85' lang='grc' dir='ltr'>παθὼν,</span> <span class='ocrx_word' id='word_1_8' title='bbox 1416 518 1684 588; x_wconf 80' lang='grc' dir='ltr'>γενναίως</span> <span class='ocrx_word' id='word_1_9' title='bbox 1710 517 1866 585; x_wconf 85' lang='grc' dir='ltr'>ἐνέγ-</span> 
     </span>
    </p>
   </div>
   <div class='ocr_carea' id='block_1_3' title="bbox 255 599 1864 674">
    <p class='ocr_par' dir='ltr' id='par_1_3' title="bbox 255 599 1864 674">
     <span class='ocr_line' id='line_1_3' title="bbox 255 599 1864 674; baseline 0.001 -22"><span class='ocrx_word' id='word_1_10' title='bbox 255 615 380 669; x_wconf 80' lang='grc' dir='ltr'>κῃς,</span> <span class='ocrx_word' id='word_1_11' title='bbox 409 600 474 654; x_wconf 87' lang='lat'>16</span> <span class='ocrx_word' id='word_1_12' title='bbox 512 605 628 657; x_wconf 82' lang='grc' dir='ltr'>πᾶν</span> <span class='ocrx_word' id='word_1_13' title='bbox 651 602 928 657; x_wconf 88' lang='grc' dir='ltr'>ἀπεδύσω.</span> <span class='ocrx_word' id='word_1_14' title='bbox 966 603 1138 656; x_wconf 88' lang='grc' dir='ltr'>Τοῦτο</span> <span class='ocrx_word' id='word_1_15' title='bbox 1166 601 1276 674; x_wconf 84' lang='grc' dir='ltr'>γὰρ</span> <span class='ocrx_word' id='word_1_16' title='bbox 1302 603 1397 656; x_wconf 73' lang='grc' dir='ltr'>καὶ</span> <span class='ocrx_word' id='word_1_17' title='bbox 1416 602 1552 673; x_wconf 66' lang='grc' dir='ltr'>πρὸς</span> <span class='ocrx_word' id='word_1_18' title='bbox 1580 601 1673 654; x_wconf 84' lang='lat' dir='ltr'><em>16v</em></span> <span class='ocrx_word' id='word_1_19' title='bbox 1700 599 1832 655; x_wconf 85' lang='grc' dir='ltr'>πλού</span> <span class='ocrx_word' id='word_1_20' title='bbox 1852 632 1864 640; x_wconf 87' lang='lat'><strong>-</strong></span> 
     </span>
    </p>
   </div>
   <div class='ocr_carea' id='block_1_4' title="bbox 261 684 1870 757">
    <p class='ocr_par' dir='ltr' id='par_1_4' title="bbox 261 684 1870 757">
     <span class='ocr_line' id='line_1_4' title="bbox 261 684 1870 757; baseline 0.003 -23"><span class='ocrx_word' id='word_1_21' title='bbox 261 698 372 735; x_wconf 88' lang='grc' dir='ltr'>σιον</span> <span class='ocrx_word' id='word_1_22' title='bbox 413 684 443 736; x_wconf 91' lang='lat'>6</span> <span class='ocrx_word' id='word_1_23' title='bbox 497 685 760 757; x_wconf 76' lang='grc' dir='ltr'>Ἀϐραάμ</span> <span class='ocrx_word' id='word_1_24' title='bbox 797 687 1004 754; x_wconf 76' lang='grc' dir='ltr'>ἔλεγεν,</span> <span class='ocrx_word' id='word_1_25' title='bbox 1049 687 1130 739; x_wconf 85' lang='grc' dir='ltr'>ὅτι</span> <span class='ocrx_word' id='word_1_26' title='bbox 1192 685 1457 739; x_wconf 85' lang='grc' dir='ltr'>Ἀπέλαϐε</span> <span class='ocrx_word' id='word_1_27' title='bbox 1501 684 1751 756; x_wconf 79' lang='grc' dir='ltr'>Λάζαρος</span> <span class='ocrx_word' id='word_1_28' title='bbox 1801 684 1870 739; x_wconf 83' lang='grc' dir='ltr'>τά</span> 
     </span>
    </p>
   </div>
   <div class='ocr_carea' id='block_1_5' title="bbox 265 765 1866 840">
    <p class='ocr_par' dir='ltr' id='par_1_5' title="bbox 265 765 1866 840">
     <span class='ocr_line' id='line_1_5' title="bbox 265 765 1866 840; baseline 0.002 -23"><span class='ocrx_word' id='word_1_29' title='bbox 265 765 412 818; x_wconf 86' lang='grc' dir='ltr'>κακά</span> <span class='ocrx_word' id='word_1_30' title='bbox 443 767 639 831; x_wconf 84' lang='grc' dir='ltr'>αὑτοῦ,</span> <span class='ocrx_word' id='word_1_31' title='bbox 660 771 752 822; x_wconf 76' lang='grc' dir='ltr'>καὶ</span> <span class='ocrx_word' id='word_1_32' title='bbox 778 768 1010 822; x_wconf 87' lang='grc' dir='ltr'>ἐνταῦθα</span> <span class='ocrx_word' id='word_1_33' title='bbox 1049 769 1476 840; x_wconf 79' lang='grc' dir='ltr'>παρακαλεῖται.</span> <span class='ocrx_word' id='word_1_34' title='bbox 1518 769 1637 822; x_wconf 82' lang='grc' dir='ltr'>Κᾶν</span> <span class='ocrx_word' id='word_1_35' title='bbox 1689 770 1866 840; x_wconf 87' lang='grc' dir='ltr'>χήραν</span> 
     </span>
    </p>
   </div>
   <div class='ocr_carea' id='block_1_6' title="bbox 263 849 1861 925">
    <p class='ocr_par' dir='ltr' id='par_1_6' title="bbox 263 849 1861 925">
     <span class='ocr_line' id='line_1_6' title="bbox 263 849 1861 925; baseline 0.003 -23"><span class='ocrx_word' id='word_1_36' title='bbox 263 849 517 922; x_wconf 80' lang='grc' dir='ltr'>ἐλεήσῃς,</span> <span class='ocrx_word' id='word_1_37' title='bbox 551 852 810 907; x_wconf 89' lang='grc' dir='ltr'>πλύνεταί</span> <span class='ocrx_word' id='word_1_38' title='bbox 830 870 924 907; x_wconf 90' lang='grc' dir='ltr'>σου</span> <span class='ocrx_word' id='word_1_39' title='bbox 955 853 1023 907; x_wconf 86' lang='grc' dir='ltr'>τά</span> <span class='ocrx_word' id='word_1_40' title='bbox 1047 855 1446 925; x_wconf 78' lang='grc' dir='ltr'>ἁμαρτήματαο</span> <span class='ocrx_word' id='word_1_41' title='bbox 1465 855 1716 922; x_wconf 82' lang='grc' dir='ltr'>Κρίνατε</span> <span class='ocrx_word' id='word_1_42' title='bbox 1731 853 1861 924; x_wconf 85' lang='grc' dir='ltr'>γάρ,</span> 
     </span>
    </p>
   </div>
   <div class='ocr_carea' id='block_1_7' title="bbox 265 935 1868 1007">
    <p class='ocr_par' dir='ltr' id='par_1_7' title="bbox 265 935 1868 1007">
     <span class='ocr_line' id='line_1_7' title="bbox 265 935 1868 1007; baseline 0.002 -21"><span class='ocrx_word' id='word_1_43' title='bbox 265 936 450 1004; x_wconf 73' lang='grc' dir='ltr'>φησὶν,</span> <span class='ocrx_word' id='word_1_44' title='bbox 483 936 750 1006; x_wconf 69' lang='grc' dir='ltr'>ὀρφανῷ,</span> <span class='ocrx_word' id='word_1_45' title='bbox 788 937 885 991; x_wconf 78' lang='grc' dir='ltr'>καὶ</span> <span class='ocrx_word' id='word_1_46' title='bbox 917 937 1273 991; x_wconf 81' lang='grc' dir='ltr'>δικαιώσατε</span> <span class='ocrx_word' id='word_1_47' title='bbox 1293 936 1508 1007; x_wconf 80' lang='grc' dir='ltr'>χήραν,</span> <span class='ocrx_word' id='word_1_48' title='bbox 1549 937 1648 990; x_wconf 82' lang='grc' dir='ltr'>καὶ</span> <span class='ocrx_word' id='word_1_49' title='bbox 1695 935 1868 990; x_wconf 81' lang='grc' dir='ltr'>δεῦτε</span> 
     </span>
    </p>
   </div>
   <div class='ocr_carea' id='block_1_8' title="bbox 261 1013 1868 1091">
    <p class='ocr_par' dir='ltr' id='par_1_8' title="bbox 261 1013 1868 1091">
     <span class='ocr_line' id='line_1_8' title="bbox 261 1013 1868 1091; baseline 0.001 -20"><span class='ocrx_word' id='word_1_50' title='bbox 261 1020 358 1072; x_wconf 78' lang='grc' dir='ltr'>καί</span> <span class='ocrx_word' id='word_1_51' title='bbox 388 1018 824 1091; x_wconf 67' lang='grc' dir='ltr'>διαλεχθῶμεν,</span> <span class='ocrx_word' id='word_1_52' title='bbox 855 1022 1018 1090; x_wconf 69' lang='grc' dir='ltr'>λέγει.</span> <span class='ocrx_word' id='word_1_53' title='bbox 1063 1021 1300 1088; x_wconf 79' lang='grc' dir='ltr'>Κύριος·</span> <span class='ocrx_word' id='word_1_54' title='bbox 1342 1020 1440 1074; x_wconf 78' lang='grc' dir='ltr'>καὶ</span> <span class='ocrx_word' id='word_1_55' title='bbox 1472 1019 1581 1072; x_wconf 84' lang='grc' dir='ltr'>ἐὰν</span> <span class='ocrx_word' id='word_1_56' title='bbox 1629 1013 1781 1073; x_wconf 81' lang='grc' dir='ltr'>ὦσιν</span> <span class='ocrx_word' id='word_1_57' title='bbox 1807 1021 1868 1072; x_wconf 78' lang='grc' dir='ltr'>αἱ</span> 
     </span>
    </p>
   </div>
   <div class='ocr_carea' id='block_1_9' title="bbox 260 1101 1859 1173">
    <p class='ocr_par' dir='ltr' id='par_1_9' title="bbox 260 1101 1859 1173">
     <span class='ocr_line' id='line_1_9' title="bbox 260 1101 1859 1173; baseline 0 -18"><span class='ocrx_word' id='word_1_58' title='bbox 260 1104 541 1170; x_wconf 74' lang='grc' dir='ltr'>ἁμαρτίαι</span> <span class='ocrx_word' id='word_1_59' title='bbox 570 1102 741 1172; x_wconf 83' lang='grc' dir='ltr'>ὑμῶν</span> <span class='ocrx_word' id='word_1_60' title='bbox 771 1105 851 1170; x_wconf 86' lang='grc' dir='ltr'>ὠς</span> <span class='ocrx_word' id='word_1_61' title='bbox 888 1102 1228 1173; x_wconf 73' lang='grc' dir='ltr'>φοινικοῦν,</span> <span class='ocrx_word' id='word_1_62' title='bbox 1255 1103 1335 1170; x_wconf 85' lang='grc' dir='ltr'>ὡς</span> <span class='ocrx_word' id='word_1_63' title='bbox 1367 1103 1540 1172; x_wconf 78' lang='grc' dir='ltr'>χιόνα</span> <span class='ocrx_word' id='word_1_64' title='bbox 1561 1101 1859 1156; x_wconf 73' lang='grc' dir='ltr'>λευκανῶ·</span> 
     </span>
    </p>
   </div>
   <div class='ocr_carea' id='block_1_10' title="bbox 257 1183 1861 1255">
    <p class='ocr_par' dir='ltr' id='par_1_10' title="bbox 257 1183 1861 1255">
     <span class='ocr_line' id='line_1_10' title="bbox 257 1183 1861 1255; baseline 0 -17"><span class='ocrx_word' id='word_1_65' title='bbox 257 1186 368 1238; x_wconf 81' lang='grc' dir='ltr'>ἐὰν</span> <span class='ocrx_word' id='word_1_66' title='bbox 400 1186 470 1239; x_wconf 81' lang='grc' dir='ltr'>δὲ</span> <span class='ocrx_word' id='word_1_67' title='bbox 496 1183 650 1242; x_wconf 85' lang='grc' dir='ltr'>ὦσιν</span> <span class='ocrx_word' id='word_1_68' title='bbox 677 1188 759 1253; x_wconf 88' lang='grc' dir='ltr'>ὠς</span> <span class='ocrx_word' id='word_1_69' title='bbox 774 1189 1080 1251; x_wconf 75' lang='grc' dir='ltr'><em>κόκκινον,</em></span> <span class='ocrx_word' id='word_1_70' title='bbox 1131 1186 1275 1240; x_wconf 78' lang='grc' dir='ltr'>ὡσεὶ</span> <span class='ocrx_word' id='word_1_71' title='bbox 1337 1188 1500 1255; x_wconf 76' lang='grc' dir='ltr'>ἔριον</span> <span class='ocrx_word' id='word_1_72' title='bbox 1560 1185 1861 1240; x_wconf 77' lang='grc' dir='ltr'>λευκανὼ.</span> 
     </span>
    </p>
   </div>
   <div class='ocr_carea' id='block_1_11' title="bbox 258 1270 1862 1343">
    <p class='ocr_par' dir='ltr' id='par_1_11' title="bbox 258 1270 1862 1343">
     <span class='ocr_line' id='line_1_11' title="bbox 258 1270 1862 1343; baseline 0.001 -21"><span class='ocrx_word' id='word_1_73' title='bbox 258 1271 396 1323; x_wconf 82' lang='grc' dir='ltr'><strong>Οὐδὲ</strong></span> <span class='ocrx_word' id='word_1_74' title='bbox 440 1273 550 1343; x_wconf 79' lang='grc' dir='ltr'>γὰρ</span> <span class='ocrx_word' id='word_1_75' title='bbox 599 1271 762 1343; x_wconf 79' lang='grc' dir='ltr'>οὐλὴν</span> <span class='ocrx_word' id='word_1_76' title='bbox 808 1271 917 1325; x_wconf 89' lang='grc' dir='ltr'>τῶν</span> <span class='ocrx_word' id='word_1_77' title='bbox 971 1273 1303 1343; x_wconf 83' lang='grc' dir='ltr'>τραυμάτων</span> <span class='ocrx_word' id='word_1_78' title='bbox 1361 1271 1557 1342; x_wconf 84' lang='grc' dir='ltr'>ἀφίησι</span> <span class='ocrx_word' id='word_1_79' title='bbox 1627 1270 1862 1342; x_wconf 87' lang='grc' dir='ltr'>φανῆναί</span> 
     </span>
    </p>
   </div>
   <div class='ocr_carea' id='block_1_12' title="bbox 253 1370 402 1407">
    <p class='ocr_par' dir='ltr' id='par_1_12' title="bbox 253 1370 402 1407">
     <span class='ocr_line' id='line_1_12' title="bbox 253 1370 402 1407; baseline 0.02 -3"><span class='ocrx_word' id='word_1_80' title='bbox 253 1370 402 1407; x_wconf 89' lang='grc' dir='ltr'>τινα.</span> 
     </span>
    </p>
   </div>
   <div class='ocr_carea' id='block_1_13' title="bbox 325 1437 1856 1510">
    <p class='ocr_par' dir='ltr' id='par_1_13' title="bbox 325 1437 1856 1510">
     <span class='ocr_line' id='line_1_13' title="bbox 325 1437 1856 1510; baseline 0.003 -19"><span class='ocrx_word' id='word_1_81' title='bbox 325 1444 390 1491; x_wconf 88' lang='grc' dir='ltr'>ε’.</span> <span class='ocrx_word' id='word_1_82' title='bbox 431 1437 594 1490; x_wconf 77' lang='grc' dir='ltr'>Ἀλλά</span> <span class='ocrx_word' id='word_1_83' title='bbox 618 1438 724 1491; x_wconf 79' lang='grc' dir='ltr'>κᾶν</span> <span class='ocrx_word' id='word_1_84' title='bbox 763 1439 841 1501; x_wconf 85' lang='grc' dir='ltr'>είς</span> <span class='ocrx_word' id='word_1_85' title='bbox 861 1439 1034 1491; x_wconf 84' lang='grc' dir='ltr'>ἐκεῖνο</span> <span class='ocrx_word' id='word_1_86' title='bbox 1051 1437 1291 1510; x_wconf 74' lang='grc' dir='ltr'>ἔλθωμεν</span> <span class='ocrx_word' id='word_1_87' title='bbox 1309 1438 1375 1492; x_wconf 89' lang='lat'>16</span> <span class='ocrx_word' id='word_1_88' title='bbox 1409 1437 1573 1508; x_wconf 80' lang='grc' dir='ltr'>βάθος</span> <span class='ocrx_word' id='word_1_89' title='bbox 1607 1439 1717 1493; x_wconf 91' lang='grc' dir='ltr'>τῶν</span> <span class='ocrx_word' id='word_1_90' title='bbox 1750 1458 1856 1495; x_wconf 90' lang='grc' dir='ltr'>κα-</span> 
     </span>
    </p>
   </div>
   <div class='ocr_carea' id='block_1_14' title="bbox 253 1522 1858 1596">
    <p class='ocr_par' dir='ltr' id='par_1_14' title="bbox 253 1522 1858 1596">
     <span class='ocr_line' id='line_1_14' title="bbox 253 1522 1858 1596; baseline 0.002 -20"><span class='ocrx_word' id='word_1_91' title='bbox 253 1522 392 1587; x_wconf 85' lang='grc' dir='ltr'>κῶν,</span> <span class='ocrx_word' id='word_1_92' title='bbox 422 1524 500 1586; x_wconf 85' lang='grc' dir='ltr'>είς</span> <span class='ocrx_word' id='word_1_93' title='bbox 527 1522 554 1575; x_wconf 86' lang='lat'>6</span> <span class='ocrx_word' id='word_1_94' title='bbox 585 1523 891 1576; x_wconf 82' lang='grc' dir='ltr'>κατέπεσεν</span> <span class='ocrx_word' id='word_1_95' title='bbox 918 1525 946 1577; x_wconf 98' lang='lat'>6</span> <span class='ocrx_word' id='word_1_96' title='bbox 982 1522 1050 1576; x_wconf 81' lang='grc' dir='ltr'>τὰ</span> <span class='ocrx_word' id='word_1_97' title='bbox 1074 1523 1307 1596; x_wconf 82' lang='grc' dir='ltr'>πατρῷα</span> <span class='ocrx_word' id='word_1_98' title='bbox 1354 1522 1730 1593; x_wconf 86' lang='grc' dir='ltr'>κατεδηδοκὼς</span> <span class='ocrx_word' id='word_1_99' title='bbox 1763 1527 1858 1579; x_wconf 76' lang='grc' dir='ltr'>καὶ</span> 
     </span>
    </p>
   </div>
   <div class='ocr_carea' id='block_1_15' title="bbox 251 1605 1861 1677">
    <p class='ocr_par' dir='ltr' id='par_1_15' title="bbox 251 1605 1861 1677">
     <span class='ocr_line' id='line_1_15' title="bbox 251 1605 1861 1677; baseline 0.002 -19"><span class='ocrx_word' id='word_1_100' title='bbox 251 1606 496 1676; x_wconf 77' lang='grc' dir='ltr'>κεράτια</span> <span class='ocrx_word' id='word_1_101' title='bbox 530 1605 750 1673; x_wconf 91' lang='grc' dir='ltr'>ἐσθίων,</span> <span class='ocrx_word' id='word_1_102' title='bbox 787 1607 883 1659; x_wconf 68' lang='grc' dir='ltr'>καὶ</span> <span class='ocrx_word' id='word_1_103' title='bbox 929 1607 1378 1677; x_wconf 80' lang='grc' dir='ltr'>μετανοήσωμεν,</span> <span class='ocrx_word' id='word_1_104' title='bbox 1409 1605 1694 1677; x_wconf 84' lang='grc' dir='ltr'>σωζόμεθα</span> <span class='ocrx_word' id='word_1_105' title='bbox 1728 1609 1861 1661; x_wconf 87' lang='grc' dir='ltr'>πάν-</span> 
     </span>
    </p>
   </div>
   <div class='ocr_carea' id='block_1_16' title="bbox 250 1690 1858 1763">
    <p class='ocr_par' dir='ltr' id='par_1_16' title="bbox 250 1690 1858 1763">
     <span class='ocr_line' id='line_1_16' title="bbox 250 1690 1858 1763; baseline 0.002 -21"><span class='ocrx_word' id='word_1_106' title='bbox 250 1707 386 1753; x_wconf 84' lang='grc' dir='ltr'>τως·</span> <span class='ocrx_word' id='word_1_107' title='bbox 416 1691 524 1744; x_wconf 79' lang='grc' dir='ltr'>κᾶν</span> <span class='ocrx_word' id='word_1_108' title='bbox 565 1690 736 1762; x_wconf 86' lang='grc' dir='ltr'>μύρια</span> <span class='ocrx_word' id='word_1_109' title='bbox 765 1690 1001 1744; x_wconf 88' lang='grc' dir='ltr'>τάλαντα</span> <span class='ocrx_word' id='word_1_110' title='bbox 1039 1691 1367 1760; x_wconf 89' lang='grc' dir='ltr'>ὁφείλωμεν,</span> <span class='ocrx_word' id='word_1_111' title='bbox 1403 1693 1496 1744; x_wconf 73' lang='grc' dir='ltr'>καὶ</span> <span class='ocrx_word' id='word_1_112' title='bbox 1535 1693 1858 1763; x_wconf 87' lang='grc' dir='ltr'>προσπέσω-</span> 
     </span>
    </p>
   </div>
   <div class='ocr_carea' id='block_1_17' title="bbox 252 1773 1852 1846">
    <p class='ocr_par' dir='ltr' id='par_1_17' title="bbox 252 1773 1852 1846">
     <span class='ocr_line' id='line_1_17' title="bbox 252 1773 1852 1846; baseline 0.003 -21"><span class='ocrx_word' id='word_1_113' title='bbox 252 1790 358 1843; x_wconf 89' lang='grc' dir='ltr'>μεν</span> <span class='ocrx_word' id='word_1_114' title='bbox 396 1774 492 1826; x_wconf 75' lang='grc' dir='ltr'>καὶ</span> <span class='ocrx_word' id='word_1_115' title='bbox 532 1773 606 1844; x_wconf 82' lang='grc' dir='ltr'>μὴ</span> <span class='ocrx_word' id='word_1_116' title='bbox 657 1774 1185 1845; x_wconf 78' lang='grc' dir='ltr'>μνησικακήσωμεν,</span> <span class='ocrx_word' id='word_1_117' title='bbox 1227 1775 1407 1828; x_wconf 90' lang='grc' dir='ltr'>πάντα</span> <span class='ocrx_word' id='word_1_118' title='bbox 1433 1777 1566 1846; x_wconf 78' lang='grc' dir='ltr'>ἡμῖν</span> <span class='ocrx_word' id='word_1_119' title='bbox 1591 1775 1852 1844; x_wconf 87' lang='grc' dir='ltr'>ἀφίεται·</span> 
     </span>
    </p>
   </div>
   <div class='ocr_carea' id='block_1_18' title="bbox 246 1851 1855 1930">
    <p class='ocr_par' dir='ltr' id='par_1_18' title="bbox 246 1851 1855 1930">
     <span class='ocr_line' id='line_1_18' title="bbox 246 1851 1855 1930; baseline 0.001 -19"><span class='ocrx_word' id='word_1_120' title='bbox 246 1859 358 1911; x_wconf 73' lang='grc' dir='ltr'>κᾶν</span> <span class='ocrx_word' id='word_1_121' title='bbox 393 1859 573 1910; x_wconf 87' lang='grc' dir='ltr'>ἐκεῖσε</span> <span class='ocrx_word' id='word_1_122' title='bbox 609 1857 1108 1928; x_wconf 86' lang='grc' dir='ltr'>ἀποπλανηθῶμεν,</span> <span class='ocrx_word' id='word_1_123' title='bbox 1136 1851 1197 1912; x_wconf 76' lang='grc' dir='ltr'>οὗ</span> <span class='ocrx_word' id='word_1_124' title='bbox 1221 1857 1281 1911; x_wconf 87' lang='lat'>16</span> <span class='ocrx_word' id='word_1_125' title='bbox 1311 1859 1584 1930; x_wconf 83' lang='grc' dir='ltr'>πρόϐατον</span> <span class='ocrx_word' id='word_1_126' title='bbox 1618 1857 1855 1912; x_wconf 84' lang='grc' dir='ltr'>ἀπεϐου-</span> 
     </span>
    </p>
   </div>
   <div class='ocr_carea' id='block_1_19' title="bbox 246 1939 1851 2012">
    <p class='ocr_par' dir='ltr' id='par_1_19' title="bbox 246 1939 1851 2012">
     <span class='ocr_line' id='line_1_19' title="bbox 246 1939 1851 2012; baseline 0 -18"><span class='ocrx_word' id='word_1_127' title='bbox 246 1939 490 2012; x_wconf 81' lang='grc' dir='ltr'>κολήθη,</span> <span class='ocrx_word' id='word_1_128' title='bbox 523 1940 776 1994; x_wconf 90' lang='grc' dir='ltr'>κάκεῖθεν</span> <span class='ocrx_word' id='word_1_129' title='bbox 809 1941 958 2012; x_wconf 79' lang='grc' dir='ltr'>ἡμᾶς</span> <span class='ocrx_word' id='word_1_130' title='bbox 1009 1943 1312 1995; x_wconf 82' lang='grc' dir='ltr'>ἀνακτᾶται</span> <span class='ocrx_word' id='word_1_131' title='bbox 1337 1956 1351 1969; x_wconf 85' lang='grc'><em>’</em></span> <span class='ocrx_word' id='word_1_132' title='bbox 1380 1941 1541 2011; x_wconf 87' lang='grc' dir='ltr'>μόνον</span> <span class='ocrx_word' id='word_1_133' title='bbox 1575 1940 1851 2011; x_wconf 77' lang='grc' dir='ltr'>βουληθῶ·</span> 
     </span>
    </p>
   </div>
   <div class='ocr_carea' id='block_1_20' title="bbox 252 2023 1854 2096">
    <p class='ocr_par' dir='ltr' id='par_1_20' title="bbox 252 2023 1854 2096">
     <span class='ocr_line' id='line_1_20' title="bbox 252 2023 1854 2096; baseline 0.003 -21"><span class='ocrx_word' id='word_1_134' title='bbox 252 2040 382 2092; x_wconf 85' lang='grc' dir='ltr'>μεν,</span> <span class='ocrx_word' id='word_1_135' title='bbox 413 2024 696 2095; x_wconf 87' lang='grc' dir='ltr'>ἀγαπητοί</span> <span class='ocrx_word' id='word_1_136' title='bbox 717 2041 730 2054; x_wconf 92' lang='grc'><strong>·</strong></span> <span class='ocrx_word' id='word_1_137' title='bbox 759 2023 1140 2096; x_wconf 84' lang='grc' dir='ltr'>φιλάνθρωπος</span> <span class='ocrx_word' id='word_1_138' title='bbox 1161 2025 1271 2096; x_wconf 82' lang='grc' dir='ltr'>γὰρ</span> <span class='ocrx_word' id='word_1_139' title='bbox 1301 2027 1330 2078; x_wconf 94' lang='lat'>6</span> <span class='ocrx_word' id='word_1_140' title='bbox 1349 2024 1503 2090; x_wconf 89' lang='grc' dir='ltr'>Θεός.</span> <span class='ocrx_word' id='word_1_141' title='bbox 1553 2025 1652 2078; x_wconf 80' lang='grc' dir='ltr'>Διά</span> <span class='ocrx_word' id='word_1_142' title='bbox 1694 2025 1854 2080; x_wconf 89' lang='grc' dir='ltr'>τοῦτο</span> 
     </span>
    </p>
   </div>
   <div class='ocr_carea' id='block_1_21' title="bbox 245 2107 1850 2182">
    <p class='ocr_par' dir='ltr' id='par_1_21' title="bbox 245 2107 1850 2182">
     <span class='ocr_line' id='line_1_21' title="bbox 245 2107 1850 2182; baseline 0.002 -22"><span class='ocrx_word' id='word_1_143' title='bbox 245 2107 348 2160; x_wconf 73' lang='grc' dir='ltr'>καὶ</span> <span class='ocrx_word' id='word_1_144' title='bbox 377 2109 472 2161; x_wconf 82' lang='grc' dir='ltr'>ἐπὶ</span> <span class='ocrx_word' id='word_1_145' title='bbox 496 2107 589 2160; x_wconf 91' lang='grc' dir='ltr'>τοῦ</span> <span class='ocrx_word' id='word_1_146' title='bbox 645 2107 717 2161; x_wconf 80' lang='grc' dir='ltr'>τὰ</span> <span class='ocrx_word' id='word_1_147' title='bbox 764 2108 933 2180; x_wconf 88' lang='grc' dir='ltr'>μύρια</span> <span class='ocrx_word' id='word_1_148' title='bbox 963 2109 1202 2163; x_wconf 84' lang='grc' dir='ltr'>τάλαντα</span> <span class='ocrx_word' id='word_1_149' title='bbox 1242 2109 1546 2181; x_wconf 83' lang='grc' dir='ltr'>ὀφείλοντος</span> <span class='ocrx_word' id='word_1_150' title='bbox 1584 2113 1650 2182; x_wconf 79' lang='grc' dir='ltr'>τῇ</span> <span class='ocrx_word' id='word_1_151' title='bbox 1679 2127 1850 2182; x_wconf 87' lang='grc' dir='ltr'>προσ-</span> 
     </span>
    </p>
   </div>
   <div class='ocr_carea' id='block_1_22' title="bbox 244 2192 1850 2267">
    <p class='ocr_par' dir='ltr' id='par_1_22' title="bbox 244 2192 1850 2267">
     <span class='ocr_line' id='line_1_22' title="bbox 244 2192 1850 2267; baseline 0.002 -21"><span class='ocrx_word' id='word_1_152' title='bbox 244 2192 461 2246; x_wconf 83' lang='grc' dir='ltr'>πτώσει</span> <span class='ocrx_word' id='word_1_153' title='bbox 490 2195 732 2264; x_wconf 76' lang='grc' dir='ltr'>ἠρκεῖτο,</span> <span class='ocrx_word' id='word_1_154' title='bbox 771 2199 865 2248; x_wconf 81' lang='grc' dir='ltr'>καὶ</span> <span class='ocrx_word' id='word_1_155' title='bbox 889 2195 981 2248; x_wconf 78' lang='grc' dir='ltr'>ἐπὶ</span> <span class='ocrx_word' id='word_1_156' title='bbox 1011 2193 1106 2248; x_wconf 92' lang='grc' dir='ltr'>τοῦ</span> <span class='ocrx_word' id='word_1_157' title='bbox 1135 2194 1206 2248; x_wconf 86' lang='grc' dir='ltr'>τὰ</span> <span class='ocrx_word' id='word_1_158' title='bbox 1227 2195 1458 2266; x_wconf 85' lang='grc' dir='ltr'>πατρῷα</span> <span class='ocrx_word' id='word_1_159' title='bbox 1493 2196 1850 2267; x_wconf 79' lang='grc' dir='ltr'>κατεδηδοκό-</span> 
     </span>
    </p>
   </div>
   <div class='ocr_carea' id='block_1_23' title="bbox 239 2277 1850 2350">
    <p class='ocr_par' dir='ltr' id='par_1_23' title="bbox 239 2277 1850 2350">
     <span class='ocr_line' id='line_1_23' title="bbox 239 2277 1850 2350; baseline 0.003 -21"><span class='ocrx_word' id='word_1_160' title='bbox 239 2293 340 2340; x_wconf 86' lang='grc' dir='ltr'>τος</span> <span class='ocrx_word' id='word_1_161' title='bbox 372 2279 441 2346; x_wconf 84' lang='grc' dir='ltr'>τῇ</span> <span class='ocrx_word' id='word_1_162' title='bbox 476 2277 720 2348; x_wconf 81' lang='grc' dir='ltr'>ἐπανὸδῳ</span> <span class='ocrx_word' id='word_1_163' title='bbox 747 2277 904 2350; x_wconf 79' lang='grc' dir='ltr'>μόνη,</span> <span class='ocrx_word' id='word_1_164' title='bbox 934 2278 1030 2331; x_wconf 77' lang='grc' dir='ltr'>καὶ</span> <span class='ocrx_word' id='word_1_165' title='bbox 1069 2279 1162 2332; x_wconf 77' lang='grc' dir='ltr'>ἐπὶ</span> <span class='ocrx_word' id='word_1_166' title='bbox 1192 2279 1286 2332; x_wconf 94' lang='grc' dir='ltr'>τοῦ</span> <span class='ocrx_word' id='word_1_167' title='bbox 1316 2278 1592 2349; x_wconf 87' lang='grc' dir='ltr'>προϐάτου</span> <span class='ocrx_word' id='word_1_168' title='bbox 1613 2278 1695 2350; x_wconf 85' lang='grc' dir='ltr'>τῷ</span> <span class='ocrx_word' id='word_1_169' title='bbox 1720 2280 1850 2350; x_wconf 81' lang='grc' dir='ltr'>βου-</span> 
     </span>
    </p>
   </div>
   <div class='ocr_carea' id='block_1_24' title="bbox 240 2358 1850 2434">
    <p class='ocr_par' dir='ltr' id='par_1_24' title="bbox 240 2358 1850 2434">
     <span class='ocr_line' id='line_1_24' title="bbox 240 2358 1850 2434; baseline 0.003 -22"><span class='ocrx_word' id='word_1_170' title='bbox 240 2358 482 2430; x_wconf 78' lang='grc' dir='ltr'>ληθῆναι</span> <span class='ocrx_word' id='word_1_171' title='bbox 515 2359 908 2432; x_wconf 77' lang='grc' dir='ltr'>βασταχθῆναι.</span> <span class='ocrx_word' id='word_1_172' title='bbox 935 2362 1319 2433; x_wconf 79' lang='grc' dir='ltr'>Ἐννοήσαντες</span> <span class='ocrx_word' id='word_1_173' title='bbox 1347 2361 1526 2415; x_wconf 82' lang='grc' dir='ltr'>τοίνυν</span> <span class='ocrx_word' id='word_1_174' title='bbox 1539 2362 1602 2416; x_wconf 90' lang='lat'>16</span> <span class='ocrx_word' id='word_1_175' title='bbox 1621 2364 1850 2434; x_wconf 84' lang='grc' dir='ltr'>μέγεθος</span> 
     </span>
    </p>
   </div>
   <div class='ocr_carea' id='block_1_25' title="bbox 241 2444 1848 2520">
    <p class='ocr_par' dir='ltr' id='par_1_25' title="bbox 241 2444 1848 2520">
     <span class='ocr_line' id='line_1_25' title="bbox 241 2444 1848 2520; baseline 0.004 -24"><span class='ocrx_word' id='word_1_176' title='bbox 241 2444 416 2497; x_wconf 85' lang='grc' dir='ltr'>αὑτοῦ</span> <span class='ocrx_word' id='word_1_177' title='bbox 441 2445 540 2514; x_wconf 79' lang='grc' dir='ltr'>τῆς</span> <span class='ocrx_word' id='word_1_178' title='bbox 573 2444 1011 2517; x_wconf 77' lang='grc' dir='ltr'>φιλανθρωπίας,</span> <span class='ocrx_word' id='word_1_179' title='bbox 1037 2445 1273 2501; x_wconf 85' lang='grc' dir='ltr'>ἐνταῦθα</span> <span class='ocrx_word' id='word_1_180' title='bbox 1328 2447 1490 2501; x_wconf 84' lang='grc' dir='ltr'>αὑτὸν</span> <span class='ocrx_word' id='word_1_181' title='bbox 1531 2448 1848 2520; x_wconf 83' lang='grc' dir='ltr'>ποιήσωμεν</span> 
     </span>
    </p>
   </div>
   <div class='ocr_carea' id='block_1_26' title="bbox 244 2526 1848 2602">
    <p class='ocr_par' dir='ltr' id='par_1_26' title="bbox 244 2526 1848 2602">
     <span class='ocr_line' id='line_1_26' title="bbox 244 2526 1848 2602; baseline 0.006 -24"><span class='ocrx_word' id='word_1_182' title='bbox 244 2526 407 2580; x_wconf 84' lang='grc' dir='ltr'>ἰλεων</span> <span class='ocrx_word' id='word_1_183' title='bbox 442 2529 593 2598; x_wconf 78' lang='grc' dir='ltr'>ἡμῖν,</span> <span class='ocrx_word' id='word_1_184' title='bbox 622 2527 718 2581; x_wconf 78' lang='grc' dir='ltr'>καὶ</span> <span class='ocrx_word' id='word_1_185' title='bbox 746 2529 1154 2600; x_wconf 84' lang='grc' dir='ltr'>προφθάσωμεν</span> <span class='ocrx_word' id='word_1_186' title='bbox 1174 2528 1238 2584; x_wconf 89' lang='lat'>16</span> <span class='ocrx_word' id='word_1_187' title='bbox 1268 2530 1564 2602; x_wconf 81' lang='grc' dir='ltr'>πρόσωπον</span> <span class='ocrx_word' id='word_1_188' title='bbox 1598 2532 1764 2586; x_wconf 86' lang='grc' dir='ltr'>αὑτοῦ</span> <span class='ocrx_word' id='word_1_189' title='bbox 1789 2535 1848 2588; x_wconf 89' lang='grc' dir='ltr'>ἐν</span> 
     </span>
    </p>
   </div>
   <div class='ocr_carea' id='block_1_27' title="bbox 241 2609 1846 2684">
    <p class='ocr_par' dir='ltr' id='par_1_27' title="bbox 241 2609 1846 2684">
     <span class='ocr_line' id='line_1_27' title="bbox 241 2609 1846 2684; baseline 0.003 -19"><span class='ocrx_word' id='word_1_190' title='bbox 241 2609 657 2684; x_wconf 72' lang='grc' dir='ltr'>ἐξομολογήσει,</span> <span class='ocrx_word' id='word_1_191' title='bbox 689 2611 775 2666; x_wconf 83' lang='grc' dir='ltr'>ἵνα</span> <span class='ocrx_word' id='word_1_192' title='bbox 807 2613 882 2684; x_wconf 75' lang='grc' dir='ltr'>μὴ</span> <span class='ocrx_word' id='word_1_193' title='bbox 903 2613 1232 2678; x_wconf 85' lang='grc' dir='ltr'>ἀπελθόντες</span> <span class='ocrx_word' id='word_1_194' title='bbox 1285 2615 1538 2670; x_wconf 83' lang='grc' dir='ltr'>ἐντεῦθεν</span> <span class='ocrx_word' id='word_1_195' title='bbox 1581 2616 1846 2672; x_wconf 86' lang='grc' dir='ltr'>ἀναπολό-</span> 
     </span>
    </p>
   </div>
   <div class='ocr_carea' id='block_1_28' title="bbox 241 2696 1844 2770">
    <p class='ocr_par' dir='ltr' id='par_1_28' title="bbox 241 2696 1844 2770">
     <span class='ocr_line' id='line_1_28' title="bbox 241 2696 1844 2770; baseline 0.004 -23"><span class='ocrx_word' id='word_1_196' title='bbox 241 2712 428 2766; x_wconf 85' lang='grc' dir='ltr'>γητοι,</span> <span class='ocrx_word' id='word_1_197' title='bbox 457 2697 558 2765; x_wconf 83' lang='grc' dir='ltr'>τὴν</span> <span class='ocrx_word' id='word_1_198' title='bbox 577 2696 816 2768; x_wconf 85' lang='grc' dir='ltr'>ἐσχάτην</span> <span class='ocrx_word' id='word_1_199' title='bbox 850 2697 1234 2768; x_wconf 80' lang='grc' dir='ltr'>ὑπομείνωμεν</span> <span class='ocrx_word' id='word_1_200' title='bbox 1290 2698 1582 2770; x_wconf 81' lang='grc' dir='ltr'>τιμωρίαν.</span> <span class='ocrx_word' id='word_1_201' title='bbox 1612 2699 1709 2752; x_wconf 76' lang='grc' dir='ltr'>Ἂν</span> <span class='ocrx_word' id='word_1_202' title='bbox 1745 2701 1844 2770; x_wconf 88' lang='grc' dir='ltr'>μὲν</span> 
     </span>
    </p>
   </div>
   <div class='ocr_carea' id='block_1_29' title="bbox 238 2778 1842 2853">
    <p class='ocr_par' dir='ltr' id='par_1_29' title="bbox 238 2778 1842 2853">
     <span class='ocr_line' id='line_1_29' title="bbox 238 2778 1842 2853; baseline 0.002 -21"><span class='ocrx_word' id='word_1_203' title='bbox 238 2780 356 2851; x_wconf 83' lang='grc' dir='ltr'>γὰρ</span> <span class='ocrx_word' id='word_1_204' title='bbox 383 2778 528 2832; x_wconf 87' lang='grc' dir='ltr'>κατά</span> <span class='ocrx_word' id='word_1_205' title='bbox 549 2779 640 2832; x_wconf 87' lang='lat' dir='ltr'><em>16v</em></span> <span class='ocrx_word' id='word_1_206' title='bbox 673 2779 917 2850; x_wconf 86' lang='grc' dir='ltr'>παρόντα</span> <span class='ocrx_word' id='word_1_207' title='bbox 969 2778 1084 2849; x_wconf 86' lang='grc' dir='ltr'>βίον</span> <span class='ocrx_word' id='word_1_208' title='bbox 1145 2780 1546 2850; x_wconf 83' lang='grc' dir='ltr'>ἐπιδειξῶμεθα</span> <span class='ocrx_word' id='word_1_209' title='bbox 1601 2782 1842 2853; x_wconf 83' lang='grc' dir='ltr'>σπουδὴν</span> 
     </span>
    </p>
   </div>
   <div class='ocr_carea' id='block_1_30' title="bbox 239 2863 1842 2936">
    <p class='ocr_par' dir='ltr' id='par_1_30' title="bbox 239 2863 1842 2936">
     <span class='ocr_line' id='line_1_30' title="bbox 239 2863 1842 2936; baseline 0.001 -18"><span class='ocrx_word' id='word_1_210' title='bbox 239 2863 353 2918; x_wconf 76' lang='grc' dir='ltr'>κᾶν</span> <span class='ocrx_word' id='word_1_211' title='bbox 382 2864 482 2936; x_wconf 82' lang='grc' dir='ltr'>τὴν</span> <span class='ocrx_word' id='word_1_212' title='bbox 509 2863 802 2934; x_wconf 82' lang='grc' dir='ltr'>τυχοῦσαν,</span> <span class='ocrx_word' id='word_1_213' title='bbox 854 2863 922 2916; x_wconf 91' lang='grc' dir='ltr'>τά</span> <span class='ocrx_word' id='word_1_214' title='bbox 953 2863 1188 2934; x_wconf 85' lang='grc' dir='ltr'>μέγιστα</span> <span class='ocrx_word' id='word_1_215' title='bbox 1236 2863 1605 2936; x_wconf 85' lang='grc' dir='ltr'>κερδανοῦμεν</span> <span class='ocrx_word' id='word_1_216' title='bbox 1626 2882 1641 2897; x_wconf 77' lang='grc' dir='ltr'><strong>ο</strong></span> <span class='ocrx_word' id='word_1_217' title='bbox 1690 2865 1758 2920; x_wconf 77' lang='grc' dir='ltr'>ἂν</span> <span class='ocrx_word' id='word_1_218' title='bbox 1784 2866 1842 2920; x_wconf 76' lang='grc' dir='ltr'>δὲ</span> 
     </span>
    </p>
   </div>
   <div class='ocr_carea' id='block_1_31' title="bbox 239 2946 1842 3020">
    <p class='ocr_par' dir='ltr' id='par_1_31' title="bbox 239 2946 1842 3020">
     <span class='ocr_line' id='line_1_31' title="bbox 239 2946 1842 3020; baseline 0.002 -19"><span class='ocrx_word' id='word_1_219' title='bbox 239 2948 413 3019; x_wconf 69' lang='grc' dir='ltr'>μηδὲν</span> <span class='ocrx_word' id='word_1_220' title='bbox 443 2947 678 3004; x_wconf 86' lang='grc' dir='ltr'>ἐνταῦθα</span> <span class='ocrx_word' id='word_1_221' title='bbox 732 2949 1013 3019; x_wconf 84' lang='grc' dir='ltr'>γενόμενοι</span> <span class='ocrx_word' id='word_1_222' title='bbox 1069 2946 1311 3020; x_wconf 83' lang='grc' dir='ltr'>βελτίους</span> <span class='ocrx_word' id='word_1_223' title='bbox 1359 2947 1706 3018; x_wconf 81' lang='grc' dir='ltr'>ἀπέλθωμεν,</span> <span class='ocrx_word' id='word_1_224' title='bbox 1738 2949 1842 3004; x_wconf 81' lang='grc' dir='ltr'>κᾶν</span> 
     </span>
    </p>
   </div>
   <div class='ocr_carea' id='block_1_32' title="bbox 237 3030 1838 3104">
    <p class='ocr_par' dir='ltr' id='par_1_32' title="bbox 237 3030 1838 3104">
     <span class='ocr_line' id='line_1_32' title="bbox 237 3030 1838 3104; baseline 0 -18"><span class='ocrx_word' id='word_1_225' title='bbox 237 3032 604 3104; x_wconf 72' lang='grc' dir='ltr'>σφοδρότερον</span> <span class='ocrx_word' id='word_1_226' title='bbox 649 3033 768 3084; x_wconf 85' lang='grc' dir='ltr'>ἐκεῖ</span> <span class='ocrx_word' id='word_1_227' title='bbox 817 3032 1266 3102; x_wconf 83' lang='grc' dir='ltr'>μετανοήσωμεν,</span> <span class='ocrx_word' id='word_1_228' title='bbox 1322 3030 1474 3084; x_wconf 89' lang='grc' dir='ltr'>οὑδέν</span> <span class='ocrx_word' id='word_1_229' title='bbox 1505 3033 1637 3101; x_wconf 80' lang='grc' dir='ltr'>ἡμῖν</span> <span class='ocrx_word' id='word_1_230' title='bbox 1685 3032 1838 3086; x_wconf 78' lang='grc' dir='ltr'>ἔσται</span> 
     </span>
    </p>
   </div>
   <div class='ocr_carea' id='block_1_33' title="bbox 235 3113 1837 3186">
    <p class='ocr_par' dir='ltr' id='par_1_33' title="bbox 235 3113 1837 3186">
     <span class='ocr_line' id='line_1_33' title="bbox 235 3113 1837 3186; baseline 0.002 -19"><span class='ocrx_word' id='word_1_231' title='bbox 235 3114 430 3168; x_wconf 80' lang='grc' dir='ltr'>πλέον.</span> <span class='ocrx_word' id='word_1_232' title='bbox 459 3115 569 3169; x_wconf 75' lang='grc' dir='ltr'>Καὶ</span> <span class='ocrx_word' id='word_1_233' title='bbox 589 3113 700 3186; x_wconf 80' lang='grc' dir='ltr'>γάρ</span> <span class='ocrx_word' id='word_1_234' title='bbox 730 3113 835 3167; x_wconf 85' lang='grc' dir='ltr'>ἐδει</span> <span class='ocrx_word' id='word_1_235' title='bbox 879 3113 989 3168; x_wconf 85' lang='grc' dir='ltr'>τῶν</span> <span class='ocrx_word' id='word_1_236' title='bbox 1041 3115 1386 3185; x_wconf 86' lang='grc' dir='ltr'>σκαμμάτων</span> <span class='ocrx_word' id='word_1_237' title='bbox 1440 3115 1570 3167; x_wconf 82' lang='grc' dir='ltr'>είσω</span> <span class='ocrx_word' id='word_1_238' title='bbox 1608 3115 1837 3185; x_wconf 89' lang='grc' dir='ltr'>μένοντα</span> 
     </span>
    </p>
   </div>
   <div class='ocr_carea' id='block_1_34' title="bbox 231 3201 1836 3274">
    <p class='ocr_par' dir='ltr' id='par_1_34' title="bbox 231 3201 1836 3274">
     <span class='ocr_line' id='line_1_34' title="bbox 231 3201 1836 3274; baseline 0 -17"><span class='ocrx_word' id='word_1_239' title='bbox 231 3201 642 3272; x_wconf 83' lang='grc' dir='ltr'>ἀγωνίσασθαι,</span> <span class='ocrx_word' id='word_1_240' title='bbox 678 3203 738 3254; x_wconf 86' lang='grc' dir='ltr'>οὑ</span> <span class='ocrx_word' id='word_1_241' title='bbox 775 3202 915 3274; x_wconf 86' lang='grc' dir='ltr'>μετὰ</span> <span class='ocrx_word' id='word_1_242' title='bbox 951 3202 1013 3255; x_wconf 85' lang='lat'>16</span> <span class='ocrx_word' id='word_1_243' title='bbox 1033 3201 1261 3272; x_wconf 86' lang='grc' dir='ltr'>λυθῆναι</span> <span class='ocrx_word' id='word_1_244' title='bbox 1285 3201 1346 3255; x_wconf 90' lang='lat'>16</span> <span class='ocrx_word' id='word_1_245' title='bbox 1370 3203 1599 3274; x_wconf 86' lang='grc' dir='ltr'>θέατρον</span> <span class='ocrx_word' id='word_1_246' title='bbox 1633 3203 1836 3257; x_wconf 87' lang='grc' dir='ltr'>ἀποδύ-</span> 
     </span>
    </p>
   </div>
   <div class='ocr_carea' id='block_1_35' title="bbox 236 3284 1836 3357">
    <p class='ocr_par' dir='ltr' id='par_1_35' title="bbox 236 3284 1836 3357">
     <span class='ocr_line' id='line_1_35' title="bbox 236 3284 1836 3357; baseline 0.001 -18"><span class='ocrx_word' id='word_1_247' title='bbox 236 3285 437 3356; x_wconf 90' lang='grc' dir='ltr'>ρεσθαι</span> <span class='ocrx_word' id='word_1_248' title='bbox 468 3287 562 3340; x_wconf 76' lang='grc' dir='ltr'>καὶ</span> <span class='ocrx_word' id='word_1_249' title='bbox 590 3284 849 3357; x_wconf 77' lang='grc' dir='ltr'>δακρύειν</span> <span class='ocrx_word' id='word_1_250' title='bbox 866 3286 1100 3356; x_wconf 86' lang='grc' dir='ltr'>ἀνόνητα</span> <span class='ocrx_word' id='word_1_251' title='bbox 1119 3302 1131 3313; x_wconf 79' lang='lat'>&#39;</span> <span class='ocrx_word' id='word_1_252' title='bbox 1156 3285 1294 3356; x_wconf 81' lang='grc' dir='ltr'>ὅπερ</span> <span class='ocrx_word' id='word_1_253' title='bbox 1310 3287 1339 3338; x_wconf 94' lang='lat'>6</span> <span class='ocrx_word' id='word_1_254' title='bbox 1361 3285 1617 3350; x_wconf 89' lang='grc' dir='ltr'>πλούσιος</span> <span class='ocrx_word' id='word_1_255' title='bbox 1631 3289 1836 3352; x_wconf 82' lang='grc' dir='ltr'>ἐκεῖνος</span> 
     </span>
    </p>
   </div>
   <div class='ocr_carea' id='block_1_36' title="bbox 231 3369 1835 3441">
    <p class='ocr_par' dir='ltr' id='par_1_36' title="bbox 231 3369 1835 3441">
     <span class='ocr_line' id='line_1_36' title="bbox 231 3369 1835 3441; baseline 0.002 -18"><span class='ocrx_word' id='word_1_256' title='bbox 231 3371 436 3436; x_wconf 80' lang='grc' dir='ltr'>ἐποίει,</span> <span class='ocrx_word' id='word_1_257' title='bbox 471 3369 688 3440; x_wconf 89' lang='grc' dir='ltr'>θρηνῶν</span> <span class='ocrx_word' id='word_1_258' title='bbox 716 3369 817 3441; x_wconf 85' lang='grc' dir='ltr'>μὲν</span> <span class='ocrx_word' id='word_1_259' title='bbox 848 3369 941 3423; x_wconf 72' lang='grc' dir='ltr'>καὶ</span> <span class='ocrx_word' id='word_1_260' title='bbox 963 3369 1383 3441; x_wconf 79' lang='grc' dir='ltr'>ὀλοφυρόμενος,</span> <span class='ocrx_word' id='word_1_261' title='bbox 1418 3372 1544 3440; x_wconf 76' lang='grc' dir='ltr'>εἰκῆ</span> <span class='ocrx_word' id='word_1_262' title='bbox 1571 3371 1628 3425; x_wconf 83' lang='grc' dir='ltr'>δὲ</span> <span class='ocrx_word' id='word_1_263' title='bbox 1649 3370 1835 3427; x_wconf 75' lang='grc' dir='ltr'>λοιπὸν</span> 
     </span>
    </p>
   </div>
   <div class='ocr_carea' id='block_1_37' title="bbox 230 3452 1833 3527">
    <p class='ocr_par' dir='ltr' id='par_1_37' title="bbox 230 3452 1833 3527">
     <span class='ocr_line' id='line_1_37' title="bbox 230 3452 1833 3527; baseline 0.002 -19"><span class='ocrx_word' id='word_1_264' title='bbox 230 3455 334 3508; x_wconf 78' lang='grc' dir='ltr'>καὶ</span> <span class='ocrx_word' id='word_1_265' title='bbox 371 3455 574 3526; x_wconf 79' lang='grc' dir='ltr'>μάτην,</span> <span class='ocrx_word' id='word_1_266' title='bbox 610 3454 798 3526; x_wconf 79' lang='grc' dir='ltr'>ἐπειδὴ</span> <span class='ocrx_word' id='word_1_267' title='bbox 817 3455 908 3508; x_wconf 79' lang='grc' dir='ltr'>τὸν</span> <span class='ocrx_word' id='word_1_268' title='bbox 959 3454 1151 3527; x_wconf 80' lang='grc' dir='ltr'>καιρὸν</span> <span class='ocrx_word' id='word_1_269' title='bbox 1197 3452 1374 3527; x_wconf 70' lang='grc'>[⁸208],</span> <span class='ocrx_word' id='word_1_270' title='bbox 1399 3455 1520 3509; x_wconf 87' lang='grc' dir='ltr'>καθ’</span> <span class='ocrx_word' id='word_1_271' title='bbox 1548 3455 1607 3509; x_wconf 85' lang='lat' dir='ltr'><strong>6v</strong></span> <span class='ocrx_word' id='word_1_272' title='bbox 1657 3456 1833 3512; x_wconf 86' lang='grc' dir='ltr'>ταῦτα</span> 
     </span>
    </p>
   </div>
   <div class='ocr_carea' id='block_1_38' title="bbox 229 3539 1833 3613">
    <p class='ocr_par' dir='ltr' id='par_1_38' title="bbox 229 3539 1833 3613">
     <span class='ocr_line' id='line_1_38' title="bbox 229 3539 1833 3613; baseline 0.002 -20"><span class='ocrx_word' id='word_1_273' title='bbox 229 3539 411 3611; x_wconf 80' lang='grc' dir='ltr'>ἐχρῆν</span> <span class='ocrx_word' id='word_1_274' title='bbox 431 3541 629 3603; x_wconf 88' lang='grc' dir='ltr'>ποιεῖν,</span> <span class='ocrx_word' id='word_1_275' title='bbox 663 3539 966 3610; x_wconf 76' lang='grc' dir='ltr'>ὑπερεῖδεν.</span> <span class='ocrx_word' id='word_1_276' title='bbox 990 3540 1104 3593; x_wconf 76' lang='grc' dir='ltr'>Οὐκ</span> <span class='ocrx_word' id='word_1_277' title='bbox 1136 3541 1343 3603; x_wconf 84' lang='grc' dir='ltr'>ἐκεῖνος</span> <span class='ocrx_word' id='word_1_278' title='bbox 1393 3540 1451 3594; x_wconf 88' lang='grc' dir='ltr'>δέ</span> <span class='ocrx_word' id='word_1_279' title='bbox 1481 3542 1666 3613; x_wconf 87' lang='grc' dir='ltr'>μόνος,</span> <span class='ocrx_word' id='word_1_280' title='bbox 1696 3542 1833 3598; x_wconf 86' lang='grc' dir='ltr'>ἀλλὰ</span> 
     </span>
    </p>
   </div>
   <div class='ocr_carea' id='block_1_39' title="bbox 227 3623 1828 3696">
    <p class='ocr_par' dir='ltr' id='par_1_39' title="bbox 227 3623 1828 3696">
     <span class='ocr_line' id='line_1_39' title="bbox 227 3623 1828 3696; baseline 0.004 -18"><span class='ocrx_word' id='word_1_281' title='bbox 227 3626 332 3678; x_wconf 72' lang='grc' dir='ltr'>καὶ</span> <span class='ocrx_word' id='word_1_282' title='bbox 380 3623 568 3676; x_wconf 74' lang='grc' dir='ltr'>πολλοὶ</span> <span class='ocrx_word' id='word_1_283' title='bbox 621 3623 803 3695; x_wconf 84' lang='grc' dir='ltr'>ἐτεροι</span> <span class='ocrx_word' id='word_1_284' title='bbox 862 3624 984 3678; x_wconf 85' lang='grc' dir='ltr'>κατ’</span> <span class='ocrx_word' id='word_1_285' title='bbox 1032 3627 1241 3679; x_wconf 86' lang='grc' dir='ltr'>ἐκεῖνον</span> <span class='ocrx_word' id='word_1_286' title='bbox 1277 3624 1372 3679; x_wconf 91' lang='grc' dir='ltr'>νῦν</span> <span class='ocrx_word' id='word_1_287' title='bbox 1425 3627 1530 3681; x_wconf 83' lang='grc' dir='ltr'>είσι</span> <span class='ocrx_word' id='word_1_288' title='bbox 1563 3627 1828 3696; x_wconf 88' lang='grc' dir='ltr'>πλούσιοι,</span> 
     </span>
    </p>
   </div>
   <div class='ocr_carea' id='block_1_40' title="bbox 227 3707 1830 3786">
    <p class='ocr_par' dir='ltr' id='par_1_40' title="bbox 227 3707 1830 3786">
     <span class='ocr_line' id='line_1_40' title="bbox 227 3707 1830 3786; baseline 0.005 -26"><span class='ocrx_word' id='word_1_289' title='bbox 227 3707 543 3779; x_wconf 82' lang='grc' dir='ltr'>χρημάτων</span> <span class='ocrx_word' id='word_1_290' title='bbox 575 3707 676 3778; x_wconf 90' lang='grc' dir='ltr'>μέν</span> <span class='ocrx_word' id='word_1_291' title='bbox 704 3708 767 3762; x_wconf 86' lang='grc' dir='ltr'>ού</span> <span class='ocrx_word' id='word_1_292' title='bbox 797 3707 1114 3780; x_wconf 83' lang='grc' dir='ltr'>βουλόμενοι</span> <span class='ocrx_word' id='word_1_293' title='bbox 1133 3713 1521 3781; x_wconf 79' lang='grc' dir='ltr'>καταφρονεῖν,</span> <span class='ocrx_word' id='word_1_294' title='bbox 1546 3711 1724 3786; x_wconf 79' lang='grc' dir='ltr'>ψυχῆς</span> <span class='ocrx_word' id='word_1_295' title='bbox 1772 3714 1830 3768; x_wconf 83' lang='grc' dir='ltr'>δὲ</span> 
     </span>
    </p>
   </div>
   <div class='ocr_carea' id='block_1_41' title="bbox 226 3792 1831 3869">
    <p class='ocr_par' dir='ltr' id='par_1_41' title="bbox 226 3792 1831 3869">
     <span class='ocr_line' id='line_1_41' title="bbox 226 3792 1831 3869; baseline 0.003 -23"><span class='ocrx_word' id='word_1_296' title='bbox 226 3793 359 3846; x_wconf 77' lang='grc' dir='ltr'>ἀντὶ</span> <span class='ocrx_word' id='word_1_297' title='bbox 391 3793 695 3864; x_wconf 85' lang='grc' dir='ltr'>χρημάτων</span> <span class='ocrx_word' id='word_1_298' title='bbox 743 3792 1212 3865; x_wconf 82' lang='grc' dir='ltr'>καταφρονοῦντες</span> <span class='ocrx_word' id='word_1_299' title='bbox 1234 3810 1248 3823; x_wconf 77' lang='grc'><strong><em>⁸</em></strong></span> <span class='ocrx_word' id='word_1_300' title='bbox 1273 3793 1366 3859; x_wconf 80' lang='grc' dir='ltr'>οὓς</span> <span class='ocrx_word' id='word_1_301' title='bbox 1395 3795 1585 3866; x_wconf 78' lang='grc' dir='ltr'>ἔμοιγε</span> <span class='ocrx_word' id='word_1_302' title='bbox 1615 3797 1831 3869; x_wconf 85' lang='grc' dir='ltr'>θαυμά-</span> 
     </span>
    </p>
   </div>
   <div class='ocr_carea' id='block_1_42' title="bbox 227 3877 1830 3950">
    <p class='ocr_par' dir='ltr' id='par_1_42' title="bbox 227 3877 1830 3950">
     <span class='ocr_line' id='line_1_42' title="bbox 227 3877 1830 3950; baseline 0.002 -20"><span class='ocrx_word' id='word_1_303' title='bbox 227 3879 351 3942; x_wconf 83' lang='grc' dir='ltr'>ζειν</span> <span class='ocrx_word' id='word_1_304' title='bbox 377 3877 611 3943; x_wconf 84' lang='grc' dir='ltr'>ἐπεισιν,</span> <span class='ocrx_word' id='word_1_305' title='bbox 634 3878 764 3932; x_wconf 84' lang='grc' dir='ltr'>ὅταν</span> <span class='ocrx_word' id='word_1_306' title='bbox 797 3877 889 3931; x_wconf 87' lang='grc' dir='ltr'>ίδω</span> <span class='ocrx_word' id='word_1_307' title='bbox 915 3877 996 3949; x_wconf 82' lang='grc' dir='ltr'>τῷ</span> <span class='ocrx_word' id='word_1_308' title='bbox 1045 3878 1145 3949; x_wconf 79' lang='grc' dir='ltr'>μὲν</span> <span class='ocrx_word' id='word_1_309' title='bbox 1176 3877 1297 3949; x_wconf 86' lang='grc' dir='ltr'>Θεῷ</span> <span class='ocrx_word' id='word_1_310' title='bbox 1329 3879 1460 3950; x_wconf 78' lang='grc' dir='ltr'>περὶ</span> <span class='ocrx_word' id='word_1_311' title='bbox 1504 3879 1655 3933; x_wconf 90' lang='grc' dir='ltr'>ἐλέου</span> <span class='ocrx_word' id='word_1_312' title='bbox 1701 3898 1830 3934; x_wconf 86' lang='grc' dir='ltr'>συν-</span> 
     </span>
    </p>
   </div>
   <div class='ocr_carea' id='block_1_43' title="bbox 227 3960 1830 4034">
    <p class='ocr_par' dir='ltr' id='par_1_43' title="bbox 227 3960 1830 4034">
     <span class='ocr_line' id='line_1_43' title="bbox 227 3960 1830 4034; baseline 0.002 -19"><span class='ocrx_word' id='word_1_313' title='bbox 227 3960 376 4032; x_wconf 76' lang='grc' dir='ltr'>εχῶς</span> <span class='ocrx_word' id='word_1_314' title='bbox 405 3961 860 4032; x_wconf 87' lang='grc' dir='ltr'>ἐντυγχάνοντας,</span> <span class='ocrx_word' id='word_1_315' title='bbox 887 3963 1088 4025; x_wconf 80' lang='grc' dir='ltr'>αὐτοὺς</span> <span class='ocrx_word' id='word_1_316' title='bbox 1110 3962 1169 4015; x_wconf 86' lang='grc' dir='ltr'>δὲ</span> <span class='ocrx_word' id='word_1_317' title='bbox 1195 3961 1264 4016; x_wconf 88' lang='grc' dir='ltr'>τά</span> <span class='ocrx_word' id='word_1_318' title='bbox 1295 3963 1574 4034; x_wconf 79' lang='grc' dir='ltr'>ἀνήκεστα</span> <span class='ocrx_word' id='word_1_319' title='bbox 1602 3967 1830 4032; x_wconf 80' lang='grc' dir='ltr'>ἑαυτοὺς</span> 
     </span>
    </p>
   </div>
   <div class='ocr_carea' id='block_1_44' title="bbox 225 4045 1830 4119">
    <p class='ocr_par' dir='ltr' id='par_1_44' title="bbox 225 4045 1830 4119">
     <span class='ocr_line' id='line_1_44' title="bbox 225 4045 1830 4119; baseline 0.004 -21"><span class='ocrx_word' id='word_1_320' title='bbox 225 4045 597 4110; x_wconf 79' lang='grc' dir='ltr'>διατιθέντας,</span> <span class='ocrx_word' id='word_1_321' title='bbox 631 4046 725 4100; x_wconf 73' lang='grc' dir='ltr'>καὶ</span> <span class='ocrx_word' id='word_1_322' title='bbox 752 4045 944 4116; x_wconf 81' lang='grc' dir='ltr'>ὥσπερ</span> <span class='ocrx_word' id='word_1_323' title='bbox 992 4045 1280 4117; x_wconf 83' lang='grc' dir='ltr'>πολεμίας,</span> <span class='ocrx_word' id='word_1_324' title='bbox 1309 4045 1454 4100; x_wconf 79' lang='grc' dir='ltr'>οὓτω</span> <span class='ocrx_word' id='word_1_325' title='bbox 1486 4049 1586 4119; x_wconf 87' lang='grc' dir='ltr'>τῆς</span> <span class='ocrx_word' id='word_1_326' title='bbox 1621 4049 1830 4105; x_wconf 78' lang='grc' dir='ltr'>ἑαυτῶν</span> 
     </span>
    </p>
   </div>
   <div class='ocr_carea' id='block_1_45' title="bbox 225 4128 1827 4206">
    <p class='ocr_par' dir='ltr' id='par_1_45' title="bbox 225 4128 1827 4206">
     <span class='ocr_line' id='line_1_45' title="bbox 225 4128 1827 4206; baseline 0.001 -22"><span class='ocrx_word' id='word_1_327' title='bbox 225 4129 588 4200; x_wconf 72' lang='grc' dir='ltr'>ἀφειδοῦντας</span> <span class='ocrx_word' id='word_1_328' title='bbox 612 4130 811 4201; x_wconf 78' lang='grc' dir='ltr'>ψυχῆς.</span> <span class='ocrx_word' id='word_1_329' title='bbox 844 4130 935 4202; x_wconf 80' lang='grc' dir='ltr'><strong>Μὴ</strong></span> <span class='ocrx_word' id='word_1_330' title='bbox 963 4128 1027 4201; x_wconf 84' lang='grc' dir='ltr'>δὴ</span> <span class='ocrx_word' id='word_1_331' title='bbox 1072 4131 1380 4200; x_wconf 82' lang='grc' dir='ltr'>παίζωμεν,</span> <span class='ocrx_word' id='word_1_332' title='bbox 1417 4131 1714 4203; x_wconf 76' lang='grc' dir='ltr'>ἀγαπητοὶ,</span> <span class='ocrx_word' id='word_1_333' title='bbox 1751 4133 1827 4206; x_wconf 78' lang='grc' dir='ltr'>μὴ</span> 
     </span>
    </p>
   </div>
   <div class='ocr_carea' id='block_1_46' title="bbox 225 4211 1827 4288">
    <p class='ocr_par' dir='ltr' id='par_1_46' title="bbox 225 4211 1827 4288">
     <span class='ocr_line' id='line_1_46' title="bbox 225 4211 1827 4288; baseline 0.004 -23"><span class='ocrx_word' id='word_1_334' title='bbox 225 4212 542 4284; x_wconf 82' lang='grc' dir='ltr'>παίζωμεν,</span> <span class='ocrx_word' id='word_1_335' title='bbox 586 4213 722 4284; x_wconf 84' lang='grc' dir='ltr'>μηδὲ</span> <span class='ocrx_word' id='word_1_336' title='bbox 759 4211 1260 4284; x_wconf 85' lang='grc' dir='ltr'>παραλογιζὼμεθα</span> <span class='ocrx_word' id='word_1_337' title='bbox 1311 4215 1557 4280; x_wconf 84' lang='grc' dir='ltr'>ἐαυτοὺς,</span> <span class='ocrx_word' id='word_1_338' title='bbox 1589 4216 1682 4269; x_wconf 87' lang='grc' dir='ltr'>τὸν</span> <span class='ocrx_word' id='word_1_339' title='bbox 1727 4218 1827 4288; x_wconf 82' lang='grc' dir='ltr'>μὲν</span> 
     </span>
    </p>
   </div>
   <div class='ocr_carea' id='block_1_47' title="bbox 223 4296 1825 4368">
    <p class='ocr_par' dir='ltr' id='par_1_47' title="bbox 223 4296 1825 4368">
     <span class='ocr_line' id='line_1_47' title="bbox 223 4296 1825 4368; baseline 0.003 -16"><span class='ocrx_word' id='word_1_340' title='bbox 223 4298 363 4352; x_wconf 67' lang='grc' dir='ltr'>Θεὸν</span> <span class='ocrx_word' id='word_1_341' title='bbox 424 4296 704 4363; x_wconf 79' lang='grc' dir='ltr'>ἀξιοῦντες</span> <span class='ocrx_word' id='word_1_342' title='bbox 761 4299 905 4368; x_wconf 77' lang='grc' dir='ltr'>ἡμᾶς</span> <span class='ocrx_word' id='word_1_343' title='bbox 956 4297 1200 4368; x_wconf 83' lang='grc' dir='ltr'>ἐλεῆσαι,</span> <span class='ocrx_word' id='word_1_344' title='bbox 1260 4298 1415 4352; x_wconf 72' lang='grc' dir='ltr'>αὑτοὶ</span> <span class='ocrx_word' id='word_1_345' title='bbox 1451 4298 1508 4351; x_wconf 87' lang='grc' dir='ltr'>δέ</span> <span class='ocrx_word' id='word_1_346' title='bbox 1548 4299 1642 4353; x_wconf 91' lang='grc' dir='ltr'>τοῦ</span> <span class='ocrx_word' id='word_1_347' title='bbox 1673 4301 1825 4357; x_wconf 90' lang='grc' dir='ltr'>ἐλέου</span> 
     </span>
    </p>
   </div>
   <div class='ocr_carea' id='block_1_48' title="bbox 225 4369 1826 4454">
    <p class='ocr_par' dir='ltr' id='par_1_48' title="bbox 225 4369 1826 4454">
     <span class='ocr_line' id='line_1_48' title="bbox 225 4369 1826 4454; baseline 0.003 -18"><span class='ocrx_word' id='word_1_348' title='bbox 225 4369 423 4437; x_wconf 78' lang='grc' dir='ltr'>τούτου</span> <span class='ocrx_word' id='word_1_349' title='bbox 463 4381 560 4435; x_wconf 68' lang='grc' dir='ltr'>καὶ⁵</span> <span class='ocrx_word' id='word_1_350' title='bbox 592 4384 852 4454; x_wconf 83' lang='grc' dir='ltr'>χρήματα</span> <span class='ocrx_word' id='word_1_351' title='bbox 885 4382 980 4436; x_wconf 77' lang='grc' dir='ltr'>καὶ</span> <span class='ocrx_word' id='word_1_352' title='bbox 1015 4382 1231 4454; x_wconf 83' lang='grc' dir='ltr'>τρυφὴν</span> <span class='ocrx_word' id='word_1_353' title='bbox 1275 4381 1370 4436; x_wconf 72' lang='grc' dir='ltr'>καὶ</span> <span class='ocrx_word' id='word_1_354' title='bbox 1431 4383 1610 4438; x_wconf 86' lang='grc' dir='ltr'>πάντα</span> <span class='ocrx_word' id='word_1_355' title='bbox 1640 4386 1826 4453; x_wconf 88' lang='grc' dir='ltr'>ἀπλῶς</span> 
     </span>
    </p>
   </div>
   <div class='ocr_carea' id='block_1_49' title="bbox 226 4463 1821 4543">
    <p class='ocr_par' dir='ltr' id='par_1_49' title="bbox 226 4463 1821 4543">
     <span class='ocr_line' id='line_1_49' title="bbox 226 4463 1821 4543; baseline 0.003 -24"><span class='ocrx_word' id='word_1_356' title='bbox 226 4463 605 4537; x_wconf 86' lang='grc' dir='ltr'>προτιθέντες.</span> <span class='ocrx_word' id='word_1_357' title='bbox 646 4464 782 4519; x_wconf 85' lang='grc' dir='ltr'>Οὑδέ</span> <span class='ocrx_word' id='word_1_358' title='bbox 814 4465 944 4536; x_wconf 84' lang='grc' dir='ltr'>γὰρ,</span> <span class='ocrx_word' id='word_1_359' title='bbox 980 4464 1036 4518; x_wconf 83' lang='grc' dir='ltr'>εί</span> <span class='ocrx_word' id='word_1_360' title='bbox 1087 4466 1173 4530; x_wconf 92' lang='grc' dir='ltr'>τίς</span> <span class='ocrx_word' id='word_1_361' title='bbox 1218 4483 1302 4520; x_wconf 90' lang='grc' dir='ltr'>σοι</span> <span class='ocrx_word' id='word_1_362' title='bbox 1344 4465 1504 4538; x_wconf 86' lang='grc' dir='ltr'>δίκην</span> <span class='ocrx_word' id='word_1_363' title='bbox 1554 4474 1821 4543; x_wconf 86' lang='grc' dir='ltr'>προσῆγε,</span> 
     </span>
    </p>
   </div>
   <div class='ocr_carea' id='block_1_50' title="bbox 230 4547 1826 4622">
    <p class='ocr_par' dir='ltr' id='par_1_50' title="bbox 230 4547 1826 4622">
     <span class='ocr_line' id='line_1_50' title="bbox 230 4547 1826 4622; baseline 0.004 -20"><span class='ocrx_word' id='word_1_364' title='bbox 230 4550 322 4602; x_wconf 73' lang='grc' dir='ltr'>καὶ</span> <span class='ocrx_word' id='word_1_365' title='bbox 351 4547 678 4619; x_wconf 86' lang='grc' dir='ltr'>κατηγορῶν</span> <span class='ocrx_word' id='word_1_366' title='bbox 704 4547 797 4602; x_wconf 89' lang='grc' dir='ltr'>τοῦ</span> <span class='ocrx_word' id='word_1_367' title='bbox 825 4548 994 4613; x_wconf 85' lang='grc' dir='ltr'>δεῖνος</span> <span class='ocrx_word' id='word_1_368' title='bbox 1017 4549 1226 4618; x_wconf 77' lang='grc' dir='ltr'>ἔλεγεν,</span> <span class='ocrx_word' id='word_1_369' title='bbox 1255 4551 1337 4604; x_wconf 87' lang='grc' dir='ltr'>ὃτι</span> <span class='ocrx_word' id='word_1_370' title='bbox 1357 4551 1585 4622; x_wconf 87' lang='grc' dir='ltr'>μυρίους</span> <span class='ocrx_word' id='word_1_371' title='bbox 1612 4554 1826 4622; x_wconf 79' lang='grc' dir='ltr'>μέλλων</span> 
     </span>
    </p>
   </div>
   <div class='ocr_carea' id='block_1_51' title="bbox 231 4632 1824 4711">
    <p class='ocr_par' dir='ltr' id='par_1_51' title="bbox 231 4632 1824 4711">
     <span class='ocr_line' id='line_1_51' title="bbox 231 4632 1824 4711; baseline 0.003 -25"><span class='ocrx_word' id='word_1_372' title='bbox 231 4633 525 4704; x_wconf 85' lang='grc' dir='ltr'>ὑπομένειν</span> <span class='ocrx_word' id='word_1_373' title='bbox 553 4633 836 4696; x_wconf 87' lang='grc' dir='ltr'>θανάτους,</span> <span class='ocrx_word' id='word_1_374' title='bbox 891 4632 987 4687; x_wconf 77' lang='grc' dir='ltr'>καὶ</span> <span class='ocrx_word' id='word_1_375' title='bbox 1033 4632 1221 4704; x_wconf 88' lang='grc' dir='ltr'>κύριος</span> <span class='ocrx_word' id='word_1_376' title='bbox 1263 4632 1340 4686; x_wconf 80' lang='grc' dir='ltr'>ὢν</span> <span class='ocrx_word' id='word_1_377' title='bbox 1382 4634 1541 4690; x_wconf 88' lang='grc' dir='ltr'>λῦσαι</span> <span class='ocrx_word' id='word_1_378' title='bbox 1592 4638 1692 4703; x_wconf 88' lang='grc' dir='ltr'>τάς</span> <span class='ocrx_word' id='word_1_379' title='bbox 1715 4638 1824 4711; x_wconf 77' lang='grc' dir='ltr'>ψή-</span> 
     </span>
    </p>
   </div>
   <div class='ocr_carea' id='block_1_52' title="bbox 228 4715 1821 4789">
    <p class='ocr_par' dir='ltr' id='par_1_52' title="bbox 228 4715 1821 4789">
     <span class='ocr_line' id='line_1_52' title="bbox 228 4715 1821 4789; baseline 0.006 -21"><span class='ocrx_word' id='word_1_380' title='bbox 228 4733 362 4784; x_wconf 79' lang='grc' dir='ltr'>φους</span> <span class='ocrx_word' id='word_1_381' title='bbox 428 4717 708 4787; x_wconf 84' lang='grc' dir='ltr'>χρήμασιν</span> <span class='ocrx_word' id='word_1_382' title='bbox 758 4715 979 4784; x_wconf 80' lang='grc' dir='ltr'>ὀλίγοις,</span> <span class='ocrx_word' id='word_1_383' title='bbox 1033 4717 1208 4771; x_wconf 80' lang='grc' dir='ltr'>είλετο</span> <span class='ocrx_word' id='word_1_384' title='bbox 1248 4717 1449 4787; x_wconf 79' lang='grc' dir='ltr'>μᾶλλον</span> <span class='ocrx_word' id='word_1_385' title='bbox 1497 4721 1821 4789; x_wconf 82' lang='grc' dir='ltr'>ἀποθανεῖν,</span> 
     </span>
    </p>
   </div>
   <div class='ocr_carea' id='block_1_53' title="bbox 228 4799 1824 4877">
    <p class='ocr_par' dir='ltr' id='par_1_53' title="bbox 228 4799 1824 4877">
     <span class='ocr_line' id='line_1_53' title="bbox 228 4799 1824 4877; baseline 0.006 -26"><span class='ocrx_word' id='word_1_386' title='bbox 228 4799 266 4868; x_wconf 63' lang='grc' dir='ltr'><strong>ἡ</strong></span> <span class='ocrx_word' id='word_1_387' title='bbox 295 4817 350 4852; x_wconf 86' lang='grc' dir='ltr'>τι</span> <span class='ocrx_word' id='word_1_388' title='bbox 377 4799 488 4853; x_wconf 86' lang='grc' dir='ltr'>τῶν</span> <span class='ocrx_word' id='word_1_389' title='bbox 521 4799 690 4854; x_wconf 82' lang='grc' dir='ltr'>αὑτοῦ</span> <span class='ocrx_word' id='word_1_390' title='bbox 716 4799 997 4877; x_wconf 86' lang='grc' dir='ltr'>προέσθαι,</span> <span class='ocrx_word' id='word_1_391' title='bbox 1039 4800 1190 4854; x_wconf 89' lang='grc' dir='ltr'>ἐλέου</span> <span class='ocrx_word' id='word_1_392' title='bbox 1223 4800 1371 4866; x_wconf 80' lang='grc' dir='ltr'>τινὸς</span> <span class='ocrx_word' id='word_1_393' title='bbox 1409 4802 1444 4874; x_wconf 78' lang='grc' dir='ltr'>ἢ</span> <span class='ocrx_word' id='word_1_394' title='bbox 1489 4806 1824 4877; x_wconf 80' lang='grc' dir='ltr'>συγγνώμης</span> 
     </span>
    </p>
   </div>
   <div class='ocr_carea' id='block_1_54' title="bbox 235 4875 1820 4948">
    <p class='ocr_par' dir='ltr' id='par_1_54' title="bbox 235 4875 1820 4948">
     <span class='ocr_line' id='line_1_54' title="bbox 235 4875 1820 4948; baseline 0.008 -19"><span class='ocrx_word' id='word_1_395' title='bbox 235 4877 366 4948; x_wconf 76' lang='grc' dir='ltr'>ἐφης</span> <span class='ocrx_word' id='word_1_396' title='bbox 389 4879 552 4932; x_wconf 82' lang='grc' dir='ltr'>αὑτὸν</span> <span class='ocrx_word' id='word_1_397' title='bbox 580 4879 729 4945; x_wconf 82' lang='grc' dir='ltr'>ἀξιον</span> <span class='ocrx_word' id='word_1_398' title='bbox 762 4875 926 4935; x_wconf 73' lang='grc' dir='ltr'>εἶναι.</span> <span class='ocrx_word' id='word_1_399' title='bbox 955 4878 1129 4934; x_wconf 88' lang='grc' dir='ltr'>Τοῦτο</span> <span class='ocrx_word' id='word_1_400' title='bbox 1150 4881 1331 4935; x_wconf 89' lang='grc' dir='ltr'>τοίνυν</span> <span class='ocrx_word' id='word_1_401' title='bbox 1375 4884 1471 4936; x_wconf 85' lang='grc' dir='ltr'>καὶ</span> <span class='ocrx_word' id='word_1_402' title='bbox 1500 4885 1596 4938; x_wconf 77' lang='grc' dir='ltr'>ἐπὶ</span> <span class='ocrx_word' id='word_1_403' title='bbox 1624 4875 1820 4940; x_wconf 80' lang='grc' dir='ltr'>σαυτοῦ</span> 
     </span>
    </p>
   </div>
   <div class='ocr_carea' id='block_1_55' title="bbox 239 4958 1821 5039">
    <p class='ocr_par' dir='ltr' id='par_1_55' title="bbox 239 4958 1821 5039">
     <span class='ocr_line' id='line_1_55' title="bbox 239 4958 1821 5039; baseline 0.009 -30"><span class='ocrx_word' id='word_1_404' title='bbox 239 4958 468 5028; x_wconf 77' lang='grc' dir='ltr'>λογίζου-</span> <span class='ocrx_word' id='word_1_405' title='bbox 506 4964 603 5016; x_wconf 79' lang='grc' dir='ltr'>καὶ</span> <span class='ocrx_word' id='word_1_406' title='bbox 631 4962 742 5035; x_wconf 84' lang='grc' dir='ltr'>γὰρ</span> <span class='ocrx_word' id='word_1_407' title='bbox 765 4964 860 5018; x_wconf 80' lang='grc' dir='ltr'>καὶ</span> <span class='ocrx_word' id='word_1_408' title='bbox 889 4965 1051 5034; x_wconf 74' lang='grc' dir='ltr'>ἡμεῖς</span> <span class='ocrx_word' id='word_1_409' title='bbox 1078 4961 1240 5020; x_wconf 89' lang='grc' dir='ltr'>τοῦτο</span> <span class='ocrx_word' id='word_1_410' title='bbox 1263 4965 1550 5039; x_wconf 82' lang='grc' dir='ltr'>ποιοῦμεν,</span> <span class='ocrx_word' id='word_1_411' title='bbox 1584 4968 1682 5022; x_wconf 67' lang='grc' dir='ltr'>καὶ⁵</span> <span class='ocrx_word' id='word_1_412' title='bbox 1718 4969 1821 5039; x_wconf 85' lang='grc' dir='ltr'>τῆς</span> 
     </span>
    </p>
   </div>
   <div class='ocr_carea' id='block_1_56' title="bbox 247 5045 1820 5122">
    <p class='ocr_par' dir='ltr' id='par_1_56' title="bbox 247 5045 1820 5122">
     <span class='ocr_line' id='line_1_56' title="bbox 247 5045 1820 5122; baseline 0.009 -29"><span class='ocrx_word' id='word_1_413' title='bbox 247 5045 505 5122; x_wconf 75' lang='grc' dir='ltr'>σωτηρίας</span> <span class='ocrx_word' id='word_1_414' title='bbox 531 5045 691 5116; x_wconf 78' lang='grc' dir='ltr'>ἡμῶν</span> <span class='ocrx_word' id='word_1_415' title='bbox 716 5046 1210 5117; x_wconf 65' lang='grc' dir='ltr'>καταφρονοῦντες,</span> <span class='ocrx_word' id='word_1_416' title='bbox 1246 5049 1360 5106; x_wconf 80' lang='grc' dir='ltr'>τῶν</span> <span class='ocrx_word' id='word_1_417' title='bbox 1379 5052 1678 5122; x_wconf 88' lang='grc' dir='ltr'>χρημάτων</span> <span class='ocrx_word' id='word_1_418' title='bbox 1701 5069 1820 5122; x_wconf 86' lang='grc' dir='ltr'>φει-</span> 
     </span>
    </p>
   </div>
   <div class='ocr_carea' id='block_1_57' title="bbox 241 5121 1821 5199">
    <p class='ocr_par' dir='ltr' id='par_1_57' title="bbox 241 5121 1821 5199">
     <span class='ocr_line' id='line_1_57' title="bbox 241 5121 1821 5199; baseline 0.009 -27"><span class='ocrx_word' id='word_1_419' title='bbox 241 5121 451 5191; x_wconf 79' lang='grc' dir='ltr'>δόμεθα·</span> <span class='ocrx_word' id='word_1_420' title='bbox 479 5127 602 5190; x_wconf 84' lang='grc' dir='ltr'>Πῶς</span> <span class='ocrx_word' id='word_1_421' title='bbox 621 5123 714 5182; x_wconf 79' lang='grc' dir='ltr'>οὖν</span> <span class='ocrx_word' id='word_1_422' title='bbox 737 5126 829 5181; x_wconf 86' lang='lat' dir='ltr'><em>16v</em></span> <span class='ocrx_word' id='word_1_423' title='bbox 852 5127 982 5181; x_wconf 75' lang='grc' dir='ltr'>Θεὸν</span> <span class='ocrx_word' id='word_1_424' title='bbox 1005 5127 1176 5194; x_wconf 79' lang='grc' dir='ltr'>ἀξιοῖς</span> <span class='ocrx_word' id='word_1_425' title='bbox 1194 5147 1286 5186; x_wconf 87' lang='grc' dir='ltr'>σου</span> <span class='ocrx_word' id='word_1_426' title='bbox 1319 5121 1629 5199; x_wconf 82' lang='grc' dir='ltr'>φείσασθαι,</span> <span class='ocrx_word' id='word_1_427' title='bbox 1655 5121 1821 5198; x_wconf 78' lang='grc' dir='ltr'>αὑτὸς</span> 
     </span>
    </p>
   </div>
   <div class='ocr_carea' id='block_1_58' title="bbox 240 5201 1815 5283">
    <p class='ocr_par' dir='ltr' id='par_1_58' title="bbox 240 5201 1815 5283">
     <span class='ocr_line' id='line_1_58' title="bbox 240 5201 1815 5283; baseline 0.01 -32"><span class='ocrx_word' id='word_1_428' title='bbox 240 5201 438 5254; x_wconf 81' lang='grc' dir='ltr'>σαυτοῦ</span> <span class='ocrx_word' id='word_1_429' title='bbox 482 5206 654 5270; x_wconf 76' lang='grc' dir='ltr'>οὕτως</span> <span class='ocrx_word' id='word_1_430' title='bbox 712 5207 987 5274; x_wconf 81' lang='grc' dir='ltr'>ἀφειδῶν,</span> <span class='ocrx_word' id='word_1_431' title='bbox 1040 5209 1135 5262; x_wconf 71' lang='grc' dir='ltr'>καὶ</span> <span class='ocrx_word' id='word_1_432' title='bbox 1201 5210 1464 5281; x_wconf 82' lang='grc' dir='ltr'>χρήματα</span> <span class='ocrx_word' id='word_1_433' title='bbox 1529 5213 1815 5283; x_wconf 86' lang='grc' dir='ltr'>προτιμῶν</span> 
     </span>
    </p>
   </div>
   <div class='ocr_carea' id='block_1_59' title="bbox 229 5283 1815 5368">
    <p class='ocr_par' dir='ltr' id='par_1_59' title="bbox 229 5283 1815 5368">
     <span class='ocr_line' id='line_1_59' title="bbox 229 5283 1815 5368; baseline 0.007 -28"><span class='ocrx_word' id='word_1_434' title='bbox 229 5283 444 5357; x_wconf 73' lang='grc' dir='ltr'>ψυχῆςς</span> <span class='ocrx_word' id='word_1_435' title='bbox 490 5291 582 5344; x_wconf 87' lang='grc' dir='ltr'>Διὸ</span> <span class='ocrx_word' id='word_1_436' title='bbox 631 5291 725 5345; x_wconf 85' lang='grc' dir='ltr'>καὶ</span> <span class='ocrx_word' id='word_1_437' title='bbox 791 5291 996 5363; x_wconf 87' lang='grc' dir='ltr'>σφόδρα</span> <span class='ocrx_word' id='word_1_438' title='bbox 1053 5292 1472 5364; x_wconf 81' lang='grc' dir='ltr'>ἐκπέπληγμαι,</span> <span class='ocrx_word' id='word_1_439' title='bbox 1529 5297 1669 5368; x_wconf 88' lang='grc' dir='ltr'>πόση</span> <span class='ocrx_word' id='word_1_440' title='bbox 1702 5300 1815 5362; x_wconf 91' lang='grc' dir='ltr'>τοῖς</span> 
     </span>
    </p>
   </div>
   <div class='ocr_carea' id='block_1_60' title="bbox 228 5371 1813 5448">
    <p class='ocr_par' dir='ltr' id='par_1_60' title="bbox 228 5371 1813 5448">
     <span class='ocr_line' id='line_1_60' title="bbox 228 5371 1813 5448; baseline 0.008 -24"><span class='ocrx_word' id='word_1_441' title='bbox 228 5371 504 5440; x_wconf 81' lang='grc' dir='ltr'>χρήμασιν</span> <span class='ocrx_word' id='word_1_442' title='bbox 549 5376 926 5448; x_wconf 83' lang='grc' dir='ltr'>ὲγκέκρυπται</span> <span class='ocrx_word' id='word_1_443' title='bbox 969 5377 1218 5447; x_wconf 81' lang='grc' dir='ltr'>γοητεία,</span> <span class='ocrx_word' id='word_1_444' title='bbox 1277 5378 1478 5448; x_wconf 80' lang='grc' dir='ltr'>μᾶλλον</span> <span class='ocrx_word' id='word_1_445' title='bbox 1507 5380 1564 5434; x_wconf 80' lang='grc' dir='ltr'>δὲ</span> <span class='ocrx_word' id='word_1_446' title='bbox 1597 5382 1659 5434; x_wconf 88' lang='grc' dir='ltr'>ού</span> <span class='ocrx_word' id='word_1_447' title='bbox 1697 5385 1813 5446; x_wconf 84' lang='grc' dir='ltr'>τοῖς</span> 
     </span>
    </p>
   </div>
   <div class='ocr_carea' id='block_1_61' title="bbox 226 5456 1816 5534">
    <p class='ocr_par' dir='ltr' id='par_1_61' title="bbox 226 5456 1816 5534">
     <span class='ocr_line' id='line_1_61' title="bbox 226 5456 1816 5534; baseline 0.007 -26"><span class='ocrx_word' id='word_1_448' title='bbox 226 5456 524 5524; x_wconf 78' lang='grc' dir='ltr'>χρήμασιν,</span> <span class='ocrx_word' id='word_1_449' title='bbox 542 5457 678 5513; x_wconf 86' lang='grc' dir='ltr'>ἀλλά</span> <span class='ocrx_word' id='word_1_450' title='bbox 701 5460 824 5522; x_wconf 88' lang='grc' dir='ltr'>ταῖς</span> <span class='ocrx_word' id='word_1_451' title='bbox 873 5458 983 5512; x_wconf 90' lang='grc' dir='ltr'>τῶν</span> <span class='ocrx_word' id='word_1_452' title='bbox 1034 5461 1412 5532; x_wconf 82' lang='grc' dir='ltr'>άπατωμένων</span> <span class='ocrx_word' id='word_1_453' title='bbox 1439 5464 1657 5534; x_wconf 84' lang='grc' dir='ltr'>ψυχαῖς.</span> <span class='ocrx_word' id='word_1_454' title='bbox 1690 5466 1816 5519; x_wconf 67' lang='grc' dir='ltr'>Είσί⁵</span> 
     </span>
    </p>
   </div>
   <div class='ocr_carea' id='block_1_62' title="bbox 195 5535 1809 5620">
    <p class='ocr_par' dir='ltr' id='par_1_62' title="bbox 195 5535 1809 5620">
     <span class='ocr_line' id='line_1_62' title="bbox 195 5535 1809 5620; baseline 0.004 -29"><span class='ocrx_word' id='word_1_455' title='bbox 195 5537 353 5620; x_wconf 65' lang='grc' dir='ltr'>,γάρ,</span> <span class='ocrx_word' id='word_1_456' title='bbox 385 5540 522 5593; x_wconf 72' lang='grc' dir='ltr'>εἰσὶν</span> <span class='ocrx_word' id='word_1_457' title='bbox 547 5535 596 5595; x_wconf 79' lang='grc' dir='ltr'>οἱ</span> <span class='ocrx_word' id='word_1_458' title='bbox 628 5542 722 5596; x_wconf 77' lang='grc' dir='ltr'>καὶ</span> <span class='ocrx_word' id='word_1_459' title='bbox 751 5542 956 5614; x_wconf 86' lang='grc' dir='ltr'>σφόδρα</span> <span class='ocrx_word' id='word_1_460' title='bbox 987 5546 1088 5614; x_wconf 83' lang='grc' dir='ltr'>τῆς</span> <span class='ocrx_word' id='word_1_461' title='bbox 1115 5545 1454 5613; x_wconf 84' lang='grc' dir='ltr'>μαγγανείας</span> <span class='ocrx_word' id='word_1_462' title='bbox 1477 5548 1681 5620; x_wconf 85' lang='grc' dir='ltr'>ταύτης</span> <span class='ocrx_word' id='word_1_463' title='bbox 1709 5567 1809 5603; x_wconf 80' lang='grc' dir='ltr'>κα-</span> 
     </span>
    </p>
   </div>
   <div class='ocr_carea' id='block_1_63' title="bbox 223 5624 1809 5700">
    <p class='ocr_par' dir='ltr' id='par_1_63' title="bbox 223 5624 1809 5700">
     <span class='ocr_line' id='line_1_63' title="bbox 223 5624 1809 5700; baseline 0.009 -26"><span class='ocrx_word' id='word_1_464' title='bbox 223 5624 580 5691; x_wconf 71' lang='grc' dir='ltr'>ταγελῶντες.</span> <span class='ocrx_word' id='word_1_465' title='bbox 601 5628 667 5680; x_wconf 86' lang='grc' dir='ltr'>Τί</span> <span class='ocrx_word' id='word_1_466' title='bbox 695 5628 805 5698; x_wconf 84' lang='grc' dir='ltr'>γάρ</span> <span class='ocrx_word' id='word_1_467' title='bbox 833 5629 929 5681; x_wconf 74' lang='grc' dir='ltr'>καὶ</span> <span class='ocrx_word' id='word_1_468' title='bbox 957 5629 1140 5682; x_wconf 87' lang='grc' dir='ltr'>ἱκανὸν</span> <span class='ocrx_word' id='word_1_469' title='bbox 1157 5631 1307 5700; x_wconf 77' lang='grc' dir='ltr'>ἡμᾶς</span> <span class='ocrx_word' id='word_1_470' title='bbox 1355 5631 1463 5685; x_wconf 88' lang='grc' dir='ltr'>τῶν</span> <span class='ocrx_word' id='word_1_471' title='bbox 1517 5635 1575 5686; x_wconf 91' lang='grc' dir='ltr'>ἐν</span> <span class='ocrx_word' id='word_1_472' title='bbox 1623 5636 1809 5700; x_wconf 86' lang='grc' dir='ltr'>αὐτοῖς</span> 
     </span>
    </p>
   </div>
   <div class='ocr_carea' id='block_1_64' title="bbox 221 5707 1807 5789">
    <p class='ocr_par' dir='ltr' id='par_1_64' title="bbox 221 5707 1807 5789">
     <span class='ocr_line' id='line_1_64' title="bbox 221 5707 1807 5789; baseline 0.009 -32"><span class='ocrx_word' id='word_1_473' title='bbox 221 5707 514 5776; x_wconf 81' lang='grc' dir='ltr'>γοητεῦσαι</span> <span class='ocrx_word' id='word_1_474' title='bbox 539 5727 553 5777; x_wconf 89' lang='grc'>;</span> <span class='ocrx_word' id='word_1_475' title='bbox 586 5711 710 5782; x_wconf 82' lang='grc' dir='ltr'>οὐχὶ</span> <span class='ocrx_word' id='word_1_476' title='bbox 733 5710 942 5782; x_wconf 76' lang='grc' dir='ltr'>ἄψυχός</span> <span class='ocrx_word' id='word_1_477' title='bbox 964 5713 1112 5765; x_wconf 87' lang='grc' dir='ltr'>ἐστιν</span> <span class='ocrx_word' id='word_1_478' title='bbox 1141 5714 1175 5784; x_wconf 79' lang='grc' dir='ltr'>ἡ</span> <span class='ocrx_word' id='word_1_479' title='bbox 1211 5712 1336 5786; x_wconf 81' lang='grc' dir='ltr'>ὕλη,</span> <span class='ocrx_word' id='word_1_480' title='bbox 1365 5716 1486 5785; x_wconf 76' lang='grc' dir='ltr'>ούχὶ</span> <span class='ocrx_word' id='word_1_481' title='bbox 1510 5717 1807 5789; x_wconf 86' lang='grc' dir='ltr'>ἐπίκηρος;</span> 
     </span>
    </p>
   </div>
   <div class='ocr_carea' id='block_1_65' title="bbox 219 5797 1806 5874">
    <p class='ocr_par' dir='ltr' id='par_1_65' title="bbox 219 5797 1806 5874">
     <span class='ocr_line' id='line_1_65' title="bbox 219 5797 1806 5874; baseline 0.007 -27"><span class='ocrx_word' id='word_1_482' title='bbox 219 5797 337 5866; x_wconf 75' lang='grc' dir='ltr'>οὐχὶ</span> <span class='ocrx_word' id='word_1_483' title='bbox 367 5798 593 5864; x_wconf 80' lang='grc' dir='ltr'>ἄπιστος</span> <span class='ocrx_word' id='word_1_484' title='bbox 635 5799 883 5870; x_wconf 83' lang='grc' dir='ltr'>αὑτῶνὴ</span> <span class='ocrx_word' id='word_1_485' title='bbox 931 5800 1158 5869; x_wconf 87' lang='grc' dir='ltr'>κτῆσις;</span> <span class='ocrx_word' id='word_1_486' title='bbox 1211 5801 1273 5854; x_wconf 87' lang='grc' dir='ltr'>οὑ</span> <span class='ocrx_word' id='word_1_487' title='bbox 1313 5802 1494 5870; x_wconf 90' lang='grc' dir='ltr'>φόϐων</span> <span class='ocrx_word' id='word_1_488' title='bbox 1525 5803 1684 5874; x_wconf 84' lang='grc' dir='ltr'>γέμει</span> <span class='ocrx_word' id='word_1_489' title='bbox 1709 5807 1806 5860; x_wconf 75' lang='grc' dir='ltr'>καὶ</span> 
     </span>
    </p>
   </div>
   <div class='ocr_carea' id='block_1_66' title="bbox 221 5886 1804 5961">
    <p class='ocr_par' dir='ltr' id='par_1_66' title="bbox 221 5886 1804 5961">
     <span class='ocr_line' id='line_1_66' title="bbox 221 5886 1804 5961; baseline 0.009 -26"><span class='ocrx_word' id='word_1_490' title='bbox 221 5886 510 5955; x_wconf 71' lang='grc' dir='ltr'>κινδύνωνς</span> <span class='ocrx_word' id='word_1_491' title='bbox 543 5890 604 5941; x_wconf 79' lang='grc' dir='ltr'>οὐ</span> <span class='ocrx_word' id='word_1_492' title='bbox 638 5886 817 5956; x_wconf 89' lang='grc' dir='ltr'>φόνων</span> <span class='ocrx_word' id='word_1_493' title='bbox 842 5887 934 5939; x_wconf 82' lang='grc' dir='ltr'>καὶ</span> <span class='ocrx_word' id='word_1_494' title='bbox 954 5887 1284 5958; x_wconf 84' lang='grc' dir='ltr'>ἐπιϐουλῆς;</span> <span class='ocrx_word' id='word_1_495' title='bbox 1317 5891 1416 5944; x_wconf 86' lang='grc' dir='ltr'>οὑκ</span> <span class='ocrx_word' id='word_1_496' title='bbox 1453 5890 1652 5961; x_wconf 77' lang='grc' dir='ltr'>ἔχθρας</span> <span class='ocrx_word' id='word_1_497' title='bbox 1707 5896 1804 5949; x_wconf 76' lang='grc' dir='ltr'>καὶ</span> 
     </span>
    </p>
   </div>
   <div class='ocr_carea' id='block_1_67' title="bbox 1233 398 2478 461">
    <p class='ocr_par' dir='ltr' id='par_1_67' title="bbox 1233 398 2478 461">
     <span class='ocr_line' id='line_1_67' title="bbox 1233 398 2478 461; baseline 0.003 -5"><span class='ocrx_word' id='word_1_498' title='bbox 1233 400 1303 456; x_wconf 82' lang='lat' dir='ltr'>IN</span> <span class='ocrx_word' id='word_1_499' title='bbox 1348 398 1567 456; x_wconf 84' lang='lat' dir='ltr'>EPIST.</span> <span class='ocrx_word' id='word_1_500' title='bbox 1605 399 1627 456; x_wconf 81' lang='grc' dir='ltr'>ἰ</span> <span class='ocrx_word' id='word_1_501' title='bbox 1675 399 1769 455; x_wconf 84' lang='lat' dir='ltr'><strong>AD</strong></span> <span class='ocrx_word' id='word_1_502' title='bbox 1810 399 1970 456; x_wconf 75' lang='lat' dir='ltr'><strong>COR.</strong></span> <span class='ocrx_word' id='word_1_503' title='bbox 2006 398 2245 458; x_wconf 77' lang='lat' dir='ltr'>HOMIL.</span> <span class='ocrx_word' id='word_1_504' title='bbox 2282 402 2478 461; x_wconf 79' lang='lat' dir='ltr'>XXIII.</span> 
     </span>
    </p>
   </div>
   <div class='ocr_carea' id='block_1_68' title="bbox 3465 406 3568 464">
    <p class='ocr_par' dir='ltr' id='par_1_68' title="bbox 3465 406 3568 464">
     <span class='ocr_line' id='line_1_68' title="bbox 3465 406 3568 464; baseline 0 0"><span class='ocrx_word' id='word_1_505' title='bbox 3465 406 3568 464; x_wconf 66' lang='lat'><em>196</em></span> 
     </span>
    </p>
   </div>
   <div class='ocr_carea' id='block_1_69' title="bbox 1974 518 3560 596">
    <p class='ocr_par' dir='ltr' id='par_1_69' title="bbox 1974 518 3560 596">
     <span class='ocr_line' id='line_1_69' title="bbox 1974 518 3560 596; baseline 0.003 -26"><span class='ocrx_word' id='word_1_506' title='bbox 1974 518 2069 571; x_wconf 78' lang='grc' dir='ltr'>καὶ</span> <span class='ocrx_word' id='word_1_507' title='bbox 2097 520 2324 587; x_wconf 86' lang='grc' dir='ltr'>σποδός;</span> <span class='ocrx_word' id='word_1_508' title='bbox 2358 521 2440 584; x_wconf 86' lang='grc' dir='ltr'>τίς</span> <span class='ocrx_word' id='word_1_509' title='bbox 2467 523 2499 593; x_wconf 84' lang='grc' dir='ltr'><strong>ή</strong></span> <span class='ocrx_word' id='word_1_510' title='bbox 2551 523 2738 593; x_wconf 87' lang='grc' dir='ltr'>μανία,</span> <span class='ocrx_word' id='word_1_511' title='bbox 2769 523 2853 589; x_wconf 86' lang='grc' dir='ltr'>τίς</span> <span class='ocrx_word' id='word_1_512' title='bbox 2881 525 2915 596; x_wconf 79' lang='grc' dir='ltr'><strong>ἡ</strong></span> <span class='ocrx_word' id='word_1_513' title='bbox 2968 524 3152 588; x_wconf 76' lang='grc' dir='ltr'>νόσοςί</span> <span class='ocrx_word' id='word_1_514' title='bbox 3191 521 3328 578; x_wconf 88' lang='grc' dir='ltr'>ἀλλά</span> <span class='ocrx_word' id='word_1_515' title='bbox 3355 523 3466 592; x_wconf 78' lang='grc' dir='ltr'>γὰρ</span> <span class='ocrx_word' id='word_1_516' title='bbox 3499 525 3560 578; x_wconf 80' lang='grc' dir='ltr'>οὐ</span> 
     </span>
    </p>
   </div>
   <div class='ocr_carea' id='block_1_70' title="bbox 1972 610 3606 682">
    <p class='ocr_par' dir='ltr' id='par_1_70' title="bbox 1972 610 3606 682">
     <span class='ocr_line' id='line_1_70' title="bbox 1972 610 3606 682; baseline 0.003 -22"><span class='ocrx_word' id='word_1_517' title='bbox 1972 613 2304 680; x_wconf 85' lang='grc' dir='ltr'>κατηγορεῖν</span> <span class='ocrx_word' id='word_1_518' title='bbox 2351 610 2431 663; x_wconf 86' lang='grc' dir='ltr'>δεῖ</span> <span class='ocrx_word' id='word_1_519' title='bbox 2476 612 2636 682; x_wconf 91' lang='grc' dir='ltr'>μόνον</span> <span class='ocrx_word' id='word_1_520' title='bbox 2691 613 2801 667; x_wconf 90' lang='grc' dir='ltr'>τῶν</span> <span class='ocrx_word' id='word_1_521' title='bbox 2851 613 3152 669; x_wconf 85' lang='grc' dir='ltr'>νοσούντων</span> <span class='ocrx_word' id='word_1_522' title='bbox 3201 613 3269 667; x_wconf 87' lang='grc' dir='ltr'>τά</span> <span class='ocrx_word' id='word_1_523' title='bbox 3314 610 3606 680; x_wconf 55' lang='grc' dir='ltr'>τοιαῦταη</span> 
     </span>
    </p>
   </div>
   <div class='ocr_carea' id='block_1_71' title="bbox 1972 695 3564 774">
    <p class='ocr_par' dir='ltr' id='par_1_71' title="bbox 1972 695 3564 774">
     <span class='ocr_line' id='line_1_71' title="bbox 1972 695 3564 774; baseline 0.003 -27"><span class='ocrx_word' id='word_1_524' title='bbox 1972 696 2160 766; x_wconf 77' lang='grc' dir='ltr'>φησὶν,</span> <span class='ocrx_word' id='word_1_525' title='bbox 2186 695 2325 750; x_wconf 91' lang='grc' dir='ltr'>ἀλλά</span> <span class='ocrx_word' id='word_1_526' title='bbox 2361 698 2456 750; x_wconf 74' lang='grc' dir='ltr'>καὶ</span> <span class='ocrx_word' id='word_1_527' title='bbox 2484 699 2778 754; x_wconf 88' lang='grc' dir='ltr'>καταλύειν</span> <span class='ocrx_word' id='word_1_528' title='bbox 2803 701 2894 756; x_wconf 91' lang='lat' dir='ltr'><em>16v</em></span> <span class='ocrx_word' id='word_1_529' title='bbox 2912 699 3113 774; x_wconf 74' lang='grc' dir='ltr'>ἔρωτα.</span> <span class='ocrx_word' id='word_1_530' title='bbox 3152 702 3262 755; x_wconf 80' lang='grc' dir='ltr'>Καὶ</span> <span class='ocrx_word' id='word_1_531' title='bbox 3303 699 3423 762; x_wconf 89' lang='grc' dir='ltr'>πῶς</span> <span class='ocrx_word' id='word_1_532' title='bbox 3447 699 3564 753; x_wconf 80' lang='grc' dir='ltr'>ἐτέ-</span> 
     </span>
    </p>
   </div>
   <div class='ocr_carea' id='block_1_72' title="bbox 1972 783 3560 858">
    <p class='ocr_par' dir='ltr' id='par_1_72' title="bbox 1972 783 3560 858">
     <span class='ocr_line' id='line_1_72' title="bbox 1972 783 3560 858; baseline 0.004 -23"><span class='ocrx_word' id='word_1_533' title='bbox 1972 798 2082 852; x_wconf 88' lang='grc' dir='ltr'>ρως</span> <span class='ocrx_word' id='word_1_534' title='bbox 2106 783 2506 854; x_wconf 86' lang='grc' dir='ltr'>καταλύσομεν,</span> <span class='ocrx_word' id='word_1_535' title='bbox 2541 787 2655 840; x_wconf 83' lang='grc' dir='ltr'>ἀλλ’</span> <span class='ocrx_word' id='word_1_536' title='bbox 2687 787 2718 858; x_wconf 79' lang='grc' dir='ltr'><strong>ἢ</strong></span> <span class='ocrx_word' id='word_1_537' title='bbox 2744 789 3053 854; x_wconf 87' lang='grc' dir='ltr'>δεικνύντες</span> <span class='ocrx_word' id='word_1_538' title='bbox 3073 788 3277 858; x_wconf 89' lang='grc' dir='ltr'>φαῦλον</span> <span class='ocrx_word' id='word_1_539' title='bbox 3308 787 3440 842; x_wconf 74' lang='grc' dir='ltr'>ὄντα</span> <span class='ocrx_word' id='word_1_540' title='bbox 3467 787 3560 841; x_wconf 62' lang='grc' dir='ltr'>καὶ</span> 
     </span>
    </p>
   </div>
   <div class='ocr_carea' id='block_1_73' title="bbox 1973 871 3562 946">
    <p class='ocr_par' dir='ltr' id='par_1_73' title="bbox 1973 871 3562 946">
     <span class='ocr_line' id='line_1_73' title="bbox 1973 871 3562 946; baseline 0.004 -24"><span class='ocrx_word' id='word_1_541' title='bbox 1973 871 2184 942; x_wconf 83' lang='grc' dir='ltr'>μυρίων</span> <span class='ocrx_word' id='word_1_542' title='bbox 2205 873 2396 926; x_wconf 85' lang='grc' dir='ltr'>κακῶν</span> <span class='ocrx_word' id='word_1_543' title='bbox 2429 875 2766 946; x_wconf 88' lang='grc' dir='ltr'>ἀνάμεστον;</span> <span class='ocrx_word' id='word_1_544' title='bbox 2809 877 2972 931; x_wconf 85' lang='grc' dir='ltr'>Ἀλλά</span> <span class='ocrx_word' id='word_1_545' title='bbox 3004 877 3163 931; x_wconf 87' lang='grc' dir='ltr'>τοῦτο</span> <span class='ocrx_word' id='word_1_546' title='bbox 3205 878 3306 930; x_wconf 86' lang='grc' dir='ltr'>οὑκ</span> <span class='ocrx_word' id='word_1_547' title='bbox 3337 875 3562 930; x_wconf 76' lang='grc' dir='ltr'>εὔκολον</span> 
     </span>
    </p>
   </div>
   <div class='ocr_carea' id='block_1_74' title="bbox 1968 952 3560 1031">
    <p class='ocr_par' dir='ltr' id='par_1_74' title="bbox 1968 952 3560 1031">
     <span class='ocr_line' id='line_1_74' title="bbox 1968 952 3560 1031; baseline 0.004 -26"><span class='ocrx_word' id='word_1_548' title='bbox 1968 952 2059 1006; x_wconf 88' lang='lat' dir='ltr'><em>16v</em></span> <span class='ocrx_word' id='word_1_549' title='bbox 2083 954 2296 1026; x_wconf 87' lang='grc' dir='ltr'>ἐρῶντα</span> <span class='ocrx_word' id='word_1_550' title='bbox 2326 961 2512 1012; x_wconf 90' lang='grc' dir='ltr'>πεῖσαι</span> <span class='ocrx_word' id='word_1_551' title='bbox 2544 961 2672 1031; x_wconf 81' lang='grc' dir='ltr'>περὶ</span> <span class='ocrx_word' id='word_1_552' title='bbox 2715 960 2822 1014; x_wconf 90' lang='grc' dir='ltr'>τῶν</span> <span class='ocrx_word' id='word_1_553' title='bbox 2856 961 3144 1016; x_wconf 80' lang='grc' dir='ltr'>παιδικῶν.</span> <span class='ocrx_word' id='word_1_554' title='bbox 3192 959 3404 1013; x_wconf 81' lang='grc' dir='ltr'>Οὐκοῦν</span> <span class='ocrx_word' id='word_1_555' title='bbox 3438 960 3560 1012; x_wconf 87' lang='grc' dir='ltr'>ἐτε-</span> 
     </span>
    </p>
   </div>
   <div class='ocr_carea' id='block_1_75' title="bbox 1970 1039 3560 1116">
    <p class='ocr_par' dir='ltr' id='par_1_75' title="bbox 1970 1039 3560 1116">
     <span class='ocr_line' id='line_1_75' title="bbox 1970 1039 3560 1116; baseline -0.001 -19"><span class='ocrx_word' id='word_1_556' title='bbox 1970 1054 2061 1108; x_wconf 89' lang='grc' dir='ltr'>ρον</span> <span class='ocrx_word' id='word_1_557' title='bbox 2094 1039 2242 1110; x_wconf 79' lang='grc' dir='ltr'>αὺτῷ</span> <span class='ocrx_word' id='word_1_558' title='bbox 2291 1042 2486 1106; x_wconf 87' lang='grc' dir='ltr'>κάλλος</span> <span class='ocrx_word' id='word_1_559' title='bbox 2539 1045 2861 1116; x_wconf 81' lang='grc' dir='ltr'>ἀντιστῆσαι</span> <span class='ocrx_word' id='word_1_560' title='bbox 2911 1046 3010 1100; x_wconf 91' lang='grc' dir='ltr'>δεῖ.</span> <span class='ocrx_word' id='word_1_561' title='bbox 3057 1045 3218 1098; x_wconf 72' lang='grc' dir='ltr'>Ἀλλά</span> <span class='ocrx_word' id='word_1_562' title='bbox 3265 1043 3560 1114; x_wconf 85' lang='grc' dir='ltr'>ἀσώματον</span> 
     </span>
    </p>
   </div>
   <div class='ocr_carea' id='block_1_76' title="bbox 1964 1122 3557 1199">
    <p class='ocr_par' dir='ltr' id='par_1_76' title="bbox 1964 1122 3557 1199">
     <span class='ocr_line' id='line_1_76' title="bbox 1964 1122 3557 1199; baseline 0 -19"><span class='ocrx_word' id='word_1_563' title='bbox 1964 1122 2061 1193; x_wconf 71' lang='grc' dir='ltr'>οὐχ</span> <span class='ocrx_word' id='word_1_564' title='bbox 2094 1125 2198 1196; x_wconf 81' lang='grc' dir='ltr'>ὁρᾷ</span> <span class='ocrx_word' id='word_1_565' title='bbox 2226 1126 2440 1191; x_wconf 80' lang='grc' dir='ltr'>κάλλος,</span> <span class='ocrx_word' id='word_1_566' title='bbox 2485 1127 2564 1181; x_wconf 74' lang='grc' dir='ltr'>ἔτι</span> <span class='ocrx_word' id='word_1_567' title='bbox 2612 1129 2800 1183; x_wconf 89' lang='grc' dir='ltr'>νοσῶν·</span> <span class='ocrx_word' id='word_1_568' title='bbox 2839 1130 3036 1184; x_wconf 83' lang='grc' dir='ltr'>οὐκοῦν</span> <span class='ocrx_word' id='word_1_569' title='bbox 3082 1129 3397 1199; x_wconf 77' lang='grc' dir='ltr'>σωματικὸν</span> <span class='ocrx_word' id='word_1_570' title='bbox 3433 1131 3557 1181; x_wconf 88' lang='grc' dir='ltr'>ἐπι-</span> 
     </span>
    </p>
   </div>
   <div class='ocr_carea' id='block_1_77' title="bbox 1963 1204 3557 1283">
    <p class='ocr_par' dir='ltr' id='par_1_77' title="bbox 1963 1204 3557 1283">
     <span class='ocr_line' id='line_1_77' title="bbox 1963 1204 3557 1283; baseline 0.003 -25"><span class='ocrx_word' id='word_1_571' title='bbox 1963 1204 2247 1278; x_wconf 76' lang='grc' dir='ltr'>δείξωμεν,</span> <span class='ocrx_word' id='word_1_572' title='bbox 2289 1211 2384 1264; x_wconf 74' lang='grc' dir='ltr'>καὶ</span> <span class='ocrx_word' id='word_1_573' title='bbox 2418 1213 2662 1282; x_wconf 77' lang='grc' dir='ltr'>εἴπωμεν</span> <span class='ocrx_word' id='word_1_574' title='bbox 2693 1213 2830 1283; x_wconf 84' lang='grc' dir='ltr'>πρὸς</span> <span class='ocrx_word' id='word_1_575' title='bbox 2880 1213 3064 1266; x_wconf 89' lang='grc' dir='ltr'>αὑτόν·</span> <span class='ocrx_word' id='word_1_576' title='bbox 3105 1212 3392 1282; x_wconf 83' lang='grc' dir='ltr'>Ἐννόησον</span> <span class='ocrx_word' id='word_1_577' title='bbox 3429 1212 3557 1272; x_wconf 79' lang='grc' dir='ltr'>τοὺς</span> 
     </span>
    </p>
   </div>
   <div class='ocr_carea' id='block_1_78' title="bbox 1962 1288 3556 1368">
    <p class='ocr_par' dir='ltr' id='par_1_78' title="bbox 1962 1288 3556 1368">
     <span class='ocr_line' id='line_1_78' title="bbox 1962 1288 3556 1368; baseline 0.003 -27"><span class='ocrx_word' id='word_1_578' title='bbox 1962 1288 2233 1361; x_wconf 85' lang='grc' dir='ltr'>λειμῶνας</span> <span class='ocrx_word' id='word_1_579' title='bbox 2264 1297 2356 1348; x_wconf 73' lang='grc' dir='ltr'>καὶ</span> <span class='ocrx_word' id='word_1_580' title='bbox 2378 1296 2446 1350; x_wconf 79' lang='grc' dir='ltr'>τὰ</span> <span class='ocrx_word' id='word_1_581' title='bbox 2468 1298 2526 1350; x_wconf 87' lang='grc' dir='ltr'>ἐν</span> <span class='ocrx_word' id='word_1_582' title='bbox 2547 1299 2739 1364; x_wconf 69' lang='grc' dir='ltr'>ςαὺτοῖς</span> <span class='ocrx_word' id='word_1_583' title='bbox 2773 1298 2932 1368; x_wconf 86' lang='grc' dir='ltr'>ἄνθη,</span> <span class='ocrx_word' id='word_1_584' title='bbox 2984 1297 3051 1350; x_wconf 87' lang='grc' dir='ltr'>τά</span> <span class='ocrx_word' id='word_1_585' title='bbox 3097 1295 3322 1367; x_wconf 87' lang='grc' dir='ltr'>χρυσίου</span> <span class='ocrx_word' id='word_1_586' title='bbox 3355 1294 3556 1355; x_wconf 72' lang='grc' dir='ltr'>παντὸς</span> 
     </span>
    </p>
   </div>
   <div class='ocr_carea' id='block_1_79' title="bbox 1963 1376 3555 1451">
    <p class='ocr_par' dir='ltr' id='par_1_79' title="bbox 1963 1376 3555 1451">
     <span class='ocr_line' id='line_1_79' title="bbox 1963 1376 3555 1451; baseline -0.001 -20"><span class='ocrx_word' id='word_1_587' title='bbox 1963 1376 2292 1450; x_wconf 86' lang='grc' dir='ltr'>φαιδρότερα</span> <span class='ocrx_word' id='word_1_588' title='bbox 2341 1381 2436 1434; x_wconf 80' lang='grc' dir='ltr'>καὶ</span> <span class='ocrx_word' id='word_1_589' title='bbox 2514 1381 2622 1434; x_wconf 88' lang='grc' dir='ltr'>τῶν</span> <span class='ocrx_word' id='word_1_590' title='bbox 2667 1381 3026 1434; x_wconf 87' lang='grc' dir='ltr'>παντοδαπῶν</span> <span class='ocrx_word' id='word_1_591' title='bbox 3075 1381 3405 1451; x_wconf 87' lang='grc' dir='ltr'>χαριέστερα</span> <span class='ocrx_word' id='word_1_592' title='bbox 3461 1378 3555 1431; x_wconf 74' lang='grc' dir='ltr'>καὶ</span> 
     </span>
    </p>
   </div>
   <div class='ocr_carea' id='block_1_80' title="bbox 1959 1459 3554 1535">
    <p class='ocr_par' dir='ltr' id='par_1_80' title="bbox 1959 1459 3554 1535">
     <span class='ocr_line' id='line_1_80' title="bbox 1959 1459 3554 1535; baseline 0.001 -24"><span class='ocrx_word' id='word_1_593' title='bbox 1959 1459 2319 1533; x_wconf 84' lang='grc' dir='ltr'>διαυγέστερα</span> <span class='ocrx_word' id='word_1_594' title='bbox 2364 1463 2562 1518; x_wconf 86' lang='grc' dir='ltr'>λίθων·</span> <span class='ocrx_word' id='word_1_595' title='bbox 2594 1465 2849 1535; x_wconf 80' lang='grc' dir='ltr'>ἐννόησον</span> <span class='ocrx_word' id='word_1_596' title='bbox 2877 1464 2946 1518; x_wconf 88' lang='grc' dir='ltr'>τὰ</span> <span class='ocrx_word' id='word_1_597' title='bbox 2986 1465 3156 1534; x_wconf 88' lang='grc' dir='ltr'>διειδῆ</span> <span class='ocrx_word' id='word_1_598' title='bbox 3213 1463 3320 1516; x_wconf 89' lang='grc' dir='ltr'>τῶν</span> <span class='ocrx_word' id='word_1_599' title='bbox 3360 1463 3554 1531; x_wconf 82' lang='grc' dir='ltr'>πηγῶν</span> 
     </span>
    </p>
   </div>
   <div class='ocr_carea' id='block_1_81' title="bbox 1962 1544 3554 1620">
    <p class='ocr_par' dir='ltr' id='par_1_81' title="bbox 1962 1544 3554 1620">
     <span class='ocr_line' id='line_1_81' title="bbox 1962 1544 3554 1620; baseline 0 -24"><span class='ocrx_word' id='word_1_600' title='bbox 1962 1544 2176 1616; x_wconf 76' lang='grc' dir='ltr'>ῥεῖθρα,</span> <span class='ocrx_word' id='word_1_601' title='bbox 2203 1548 2330 1611; x_wconf 73' lang='grc' dir='ltr'>τοὺς</span> <span class='ocrx_word' id='word_1_602' title='bbox 2377 1550 2660 1620; x_wconf 79' lang='grc' dir='ltr'>ποταμοὺς</span> <span class='ocrx_word' id='word_1_603' title='bbox 2700 1550 2828 1612; x_wconf 77' lang='grc' dir='ltr'>τοὺς</span> <span class='ocrx_word' id='word_1_604' title='bbox 2870 1549 3054 1604; x_wconf 89' lang='grc' dir='ltr'>ἐλαίου</span> <span class='ocrx_word' id='word_1_605' title='bbox 3103 1549 3262 1616; x_wconf 82' lang='grc' dir='ltr'>δίκην</span> <span class='ocrx_word' id='word_1_606' title='bbox 3310 1545 3554 1616; x_wconf 75' lang='grc' dir='ltr'>ἀψοφητὶ</span> 
     </span>
    </p>
   </div>
   <div class='ocr_carea' id='block_1_82' title="bbox 1959 1628 3550 1704">
    <p class='ocr_par' dir='ltr' id='par_1_82' title="bbox 1959 1628 3550 1704">
     <span class='ocr_line' id='line_1_82' title="bbox 1959 1628 3550 1704; baseline -0.011 -7"><span class='ocrx_word' id='word_1_607' title='bbox 1959 1628 2182 1697; x_wconf 73' lang='grc' dir='ltr'>ῥέοντας</span> <span class='ocrx_word' id='word_1_608' title='bbox 2217 1633 2324 1685; x_wconf 67' lang='grc' dir='ltr'>ἀπὸ</span> <span class='ocrx_word' id='word_1_609' title='bbox 2368 1633 2469 1704; x_wconf 79' lang='grc' dir='ltr'>τῆς</span> <span class='ocrx_word' id='word_1_610' title='bbox 2499 1633 2604 1702; x_wconf 82' lang='grc' dir='ltr'>γῆς</span> <span class='ocrx_word' id='word_1_611' title='bbox 2635 1651 2649 1664; x_wconf 83' lang='grc'>⁶</span> <span class='ocrx_word' id='word_1_612' title='bbox 2701 1633 2938 1704; x_wconf 83' lang='grc' dir='ltr'>ἀνάϐηθι</span> <span class='ocrx_word' id='word_1_613' title='bbox 2992 1632 3128 1703; x_wconf 76' lang='grc' dir='ltr'>πρὸς</span> <span class='ocrx_word' id='word_1_614' title='bbox 3171 1631 3262 1684; x_wconf 83' lang='grc' dir='ltr'>τὸν</span> <span class='ocrx_word' id='word_1_615' title='bbox 3299 1629 3550 1702; x_wconf 78' lang='grc' dir='ltr'>οὐρανὸν,</span> 
     </span>
    </p>
   </div>
   <div class='ocr_carea' id='block_1_83' title="bbox 1958 1708 3550 1784">
    <p class='ocr_par' dir='ltr' id='par_1_83' title="bbox 1958 1708 3550 1784">
     <span class='ocr_line' id='line_1_83' title="bbox 1958 1708 3550 1784; baseline 0.001 -25"><span class='ocrx_word' id='word_1_616' title='bbox 1958 1709 2053 1761; x_wconf 77' lang='grc' dir='ltr'>καὶ</span> <span class='ocrx_word' id='word_1_617' title='bbox 2077 1708 2151 1762; x_wconf 77' lang='grc' dir='ltr'>ἴδε</span> <span class='ocrx_word' id='word_1_618' title='bbox 2183 1709 2276 1763; x_wconf 89' lang='grc' dir='ltr'>τοῦ</span> <span class='ocrx_word' id='word_1_619' title='bbox 2305 1711 2459 1780; x_wconf 78' lang='grc' dir='ltr'>ἡλίου</span> <span class='ocrx_word' id='word_1_620' title='bbox 2485 1712 2546 1765; x_wconf 85' lang='lat'>16</span> <span class='ocrx_word' id='word_1_621' title='bbox 2580 1713 2798 1776; x_wconf 74' lang='grc' dir='ltr'>κάλλος,</span> <span class='ocrx_word' id='word_1_622' title='bbox 2829 1713 2922 1783; x_wconf 84' lang='grc' dir='ltr'>τῆς</span> <span class='ocrx_word' id='word_1_623' title='bbox 2958 1712 3189 1784; x_wconf 81' lang='grc' dir='ltr'>σελήνης</span> <span class='ocrx_word' id='word_1_624' title='bbox 3209 1710 3309 1780; x_wconf 75' lang='grc' dir='ltr'>τὴν</span> <span class='ocrx_word' id='word_1_625' title='bbox 3343 1709 3550 1777; x_wconf 82' lang='grc' dir='ltr'>εὐπρέ-</span> 
     </span>
    </p>
   </div>
   <div class='ocr_carea' id='block_1_84' title="bbox 1955 1792 3542 1866">
    <p class='ocr_par' dir='ltr' id='par_1_84' title="bbox 1955 1792 3542 1866">
     <span class='ocr_line' id='line_1_84' title="bbox 1955 1792 3542 1866; baseline 0.001 -25"><span class='ocrx_word' id='word_1_626' title='bbox 1955 1806 2139 1857; x_wconf 85' lang='grc' dir='ltr'>πειαν,</span> <span class='ocrx_word' id='word_1_627' title='bbox 2174 1792 2284 1848; x_wconf 89' lang='grc' dir='ltr'>τῶν</span> <span class='ocrx_word' id='word_1_628' title='bbox 2305 1796 2522 1864; x_wconf 83' lang='grc' dir='ltr'>ἄστρων</span> <span class='ocrx_word' id='word_1_629' title='bbox 2553 1797 2622 1849; x_wconf 80' lang='grc' dir='ltr'>τὰ</span> <span class='ocrx_word' id='word_1_630' title='bbox 2637 1795 2795 1866; x_wconf 77' lang='grc' dir='ltr'>ἄνθη.</span> <span class='ocrx_word' id='word_1_631' title='bbox 2831 1796 2942 1848; x_wconf 79' lang='grc' dir='ltr'>Καὶ</span> <span class='ocrx_word' id='word_1_632' title='bbox 3001 1796 3056 1848; x_wconf 87' lang='grc' dir='ltr'>τί</span> <span class='ocrx_word' id='word_1_633' title='bbox 3103 1793 3264 1848; x_wconf 89' lang='grc' dir='ltr'>τοῦτο</span> <span class='ocrx_word' id='word_1_634' title='bbox 3296 1810 3311 1856; x_wconf 89' lang='lat'><strong>;</strong></span> <span class='ocrx_word' id='word_1_635' title='bbox 3343 1793 3506 1862; x_wconf 91' lang='grc' dir='ltr'>φησίν</span> <span class='ocrx_word' id='word_1_636' title='bbox 3531 1806 3542 1820; x_wconf 93' lang='grc'><strong>·</strong></span> 
     </span>
    </p>
   </div>
   <div class='ocr_carea' id='block_1_85' title="bbox 1954 1873 3548 1950">
    <p class='ocr_par' dir='ltr' id='par_1_85' title="bbox 1954 1873 3548 1950">
     <span class='ocr_line' id='line_1_85' title="bbox 1954 1873 3548 1950; baseline -0.001 -22"><span class='ocrx_word' id='word_1_637' title='bbox 1954 1875 2014 1928; x_wconf 86' lang='grc' dir='ltr'>ού</span> <span class='ocrx_word' id='word_1_638' title='bbox 2045 1876 2154 1947; x_wconf 86' lang='grc' dir='ltr'>γάρ</span> <span class='ocrx_word' id='word_1_639' title='bbox 2192 1877 2258 1949; x_wconf 84' lang='grc' dir='ltr'>δὴ</span> <span class='ocrx_word' id='word_1_640' title='bbox 2296 1879 2617 1950; x_wconf 77' lang='grc' dir='ltr'>κεχρήμεθα</span> <span class='ocrx_word' id='word_1_641' title='bbox 2658 1881 2843 1944; x_wconf 88' lang='grc' dir='ltr'>αὑτοῖς</span> <span class='ocrx_word' id='word_1_642' title='bbox 2866 1880 2942 1944; x_wconf 84' lang='grc' dir='ltr'>ὡς</span> <span class='ocrx_word' id='word_1_643' title='bbox 2983 1882 3096 1943; x_wconf 86' lang='grc' dir='ltr'>τοῖς</span> <span class='ocrx_word' id='word_1_644' title='bbox 3129 1878 3400 1949; x_wconf 88' lang='grc' dir='ltr'>χρήμασι.</span> <span class='ocrx_word' id='word_1_645' title='bbox 3436 1873 3548 1927; x_wconf 78' lang='grc' dir='ltr'>Καὶ</span> 
     </span>
    </p>
   </div>
   <div class='ocr_carea' id='block_1_86' title="bbox 1957 1959 3549 2034">
    <p class='ocr_par' dir='ltr' id='par_1_86' title="bbox 1957 1959 3549 2034">
     <span class='ocr_line' id='line_1_86' title="bbox 1957 1959 3549 2034; baseline -0.003 -20"><span class='ocrx_word' id='word_1_646' title='bbox 1957 1959 2064 2031; x_wconf 78' lang='grc' dir='ltr'>μὴν</span> <span class='ocrx_word' id='word_1_647' title='bbox 2098 1959 2280 2029; x_wconf 88' lang='grc' dir='ltr'>πλέον,</span> <span class='ocrx_word' id='word_1_648' title='bbox 2317 1962 2484 2033; x_wconf 81' lang='grc' dir='ltr'>ἢτοῖς</span> <span class='ocrx_word' id='word_1_649' title='bbox 2514 1965 2812 2034; x_wconf 86' lang='grc' dir='ltr'>χρήμασιν,</span> <span class='ocrx_word' id='word_1_650' title='bbox 2857 1959 2968 2034; x_wconf 74' lang='grc' dir='ltr'>ὅσῳ</span> <span class='ocrx_word' id='word_1_651' title='bbox 2998 1964 3093 2017; x_wconf 78' lang='grc' dir='ltr'>καὶ</span> <span class='ocrx_word' id='word_1_652' title='bbox 3145 1959 3549 2030; x_wconf 88' lang='grc' dir='ltr'>ἀναγκαιοτέρα</span> 
     </span>
    </p>
   </div>
   <div class='ocr_carea' id='block_1_87' title="bbox 1953 2042 3548 2118">
    <p class='ocr_par' dir='ltr' id='par_1_87' title="bbox 1953 2042 3548 2118">
     <span class='ocr_line' id='line_1_87' title="bbox 1953 2042 3548 2118; baseline 0 -24"><span class='ocrx_word' id='word_1_653' title='bbox 1953 2043 2138 2098; x_wconf 88' lang='grc' dir='ltr'>αὑτῶν</span> <span class='ocrx_word' id='word_1_654' title='bbox 2169 2047 2202 2116; x_wconf 82' lang='grc' dir='ltr'>ή</span> <span class='ocrx_word' id='word_1_655' title='bbox 2235 2047 2420 2116; x_wconf 91' lang='grc' dir='ltr'>χρεία,</span> <span class='ocrx_word' id='word_1_656' title='bbox 2448 2048 2540 2100; x_wconf 77' lang='grc' dir='ltr'>καὶ</span> <span class='ocrx_word' id='word_1_657' title='bbox 2566 2047 2949 2118; x_wconf 84' lang='grc' dir='ltr'>ἀσφαλεστέρα</span> <span class='ocrx_word' id='word_1_658' title='bbox 2977 2049 3009 2118; x_wconf 84' lang='grc' dir='ltr'>ὴ</span> <span class='ocrx_word' id='word_1_659' title='bbox 3053 2046 3376 2107; x_wconf 88' lang='grc' dir='ltr'>ἀπόλαυσις.</span> <span class='ocrx_word' id='word_1_660' title='bbox 3411 2042 3548 2096; x_wconf 77' lang='grc' dir='ltr'>Οὐδὲ</span> 
     </span>
    </p>
   </div>
   <div class='ocr_carea' id='block_1_88' title="bbox 1953 2129 3547 2207">
    <p class='ocr_par' dir='ltr' id='par_1_88' title="bbox 1953 2129 3547 2207">
     <span class='ocr_line' id='line_1_88' title="bbox 1953 2129 3547 2207; baseline -0.004 -20"><span class='ocrx_word' id='word_1_661' title='bbox 1953 2131 2065 2202; x_wconf 83' lang='grc' dir='ltr'>γὰρ</span> <span class='ocrx_word' id='word_1_662' title='bbox 2097 2131 2362 2200; x_wconf 89' lang='grc' dir='ltr'>δέδοικας,</span> <span class='ocrx_word' id='word_1_663' title='bbox 2420 2137 2496 2207; x_wconf 84' lang='grc' dir='ltr'>μή</span> <span class='ocrx_word' id='word_1_664' title='bbox 2550 2153 2696 2198; x_wconf 82' lang='grc' dir='ltr'>τις,,</span> <span class='ocrx_word' id='word_1_665' title='bbox 2720 2135 2913 2206; x_wconf 82' lang='grc' dir='ltr'>ὥσπερ</span> <span class='ocrx_word' id='word_1_666' title='bbox 2945 2135 3014 2189; x_wconf 83' lang='grc' dir='ltr'>τὰ</span> <span class='ocrx_word' id='word_1_667' title='bbox 3056 2135 3317 2206; x_wconf 85' lang='grc' dir='ltr'>χρήματα</span> <span class='ocrx_word' id='word_1_668' title='bbox 3341 2171 3356 2195; x_wconf 96' lang='grc'>,</span> <span class='ocrx_word' id='word_1_669' title='bbox 3408 2129 3547 2183; x_wconf 79' lang='grc' dir='ltr'>αὑτά</span> 
     </span>
    </p>
   </div>
   <div class='ocr_carea' id='block_1_89' title="bbox 1952 2217 3546 2297">
    <p class='ocr_par' dir='ltr' id='par_1_89' title="bbox 1952 2217 3546 2297">
     <span class='ocr_line' id='line_1_89' title="bbox 1952 2217 3546 2297; baseline -0.002 -25"><span class='ocrx_word' id='word_1_670' title='bbox 1952 2217 2135 2274; x_wconf 88' lang='grc' dir='ltr'>λαϐὼν</span> <span class='ocrx_word' id='word_1_671' title='bbox 2173 2222 2413 2296; x_wconf 77' lang='grc' dir='ltr'>ἀπέλθῃ·</span> <span class='ocrx_word' id='word_1_672' title='bbox 2447 2223 2563 2278; x_wconf 88' lang='grc' dir='ltr'>ἀλλ’</span> <span class='ocrx_word' id='word_1_673' title='bbox 2589 2224 2766 2292; x_wconf 80' lang='grc' dir='ltr'>ἔξεστί</span> <span class='ocrx_word' id='word_1_674' title='bbox 2801 2242 2882 2278; x_wconf 86' lang='grc' dir='ltr'>σοι</span> <span class='ocrx_word' id='word_1_675' title='bbox 2923 2225 3145 2297; x_wconf 75' lang='grc' dir='ltr'>θαρρεῖν</span> <span class='ocrx_word' id='word_1_676' title='bbox 3187 2222 3326 2295; x_wconf 77' lang='grc' dir='ltr'>ὑπὲρ</span> <span class='ocrx_word' id='word_1_677' title='bbox 3362 2219 3546 2275; x_wconf 83' lang='grc' dir='ltr'>αὐτῶν</span> 
     </span>
    </p>
   </div>
   <div class='ocr_carea' id='block_1_90' title="bbox 1949 2309 3542 2386">
    <p class='ocr_par' dir='ltr' id='par_1_90' title="bbox 1949 2309 3542 2386">
     <span class='ocr_line' id='line_1_90' title="bbox 1949 2309 3542 2386; baseline 0 -24"><span class='ocrx_word' id='word_1_678' title='bbox 1949 2309 2237 2382; x_wconf 87' lang='grc' dir='ltr'>διηνεκῶς,</span> <span class='ocrx_word' id='word_1_679' title='bbox 2261 2315 2355 2366; x_wconf 83' lang='grc' dir='ltr'>καὶ</span> <span class='ocrx_word' id='word_1_680' title='bbox 2371 2314 2542 2368; x_wconf 91' lang='grc' dir='ltr'>ταῦτα</span> <span class='ocrx_word' id='word_1_681' title='bbox 2566 2314 2640 2386; x_wconf 80' lang='grc' dir='ltr'>μὴ</span> <span class='ocrx_word' id='word_1_682' title='bbox 2671 2314 3008 2386; x_wconf 86' lang='grc' dir='ltr'>μεριμνῶντι</span> <span class='ocrx_word' id='word_1_683' title='bbox 3032 2309 3542 2385; x_wconf 76' lang='grc' dir='ltr'>μηδέφροντίζοντι.</span> 
     </span>
    </p>
   </div>
   <div class='ocr_carea' id='block_1_91' title="bbox 1949 2397 3540 2473">
    <p class='ocr_par' dir='ltr' id='par_1_91' title="bbox 1949 2397 3540 2473">
     <span class='ocr_line' id='line_1_91' title="bbox 1949 2397 3540 2473; baseline -0.001 -22"><span class='ocrx_word' id='word_1_684' title='bbox 1949 2397 2012 2451; x_wconf 76' lang='lat' dir='ltr'>El</span> <span class='ocrx_word' id='word_1_685' title='bbox 2035 2399 2108 2463; x_wconf 84' lang='grc' dir='ltr'>δ’,</span> <span class='ocrx_word' id='word_1_686' title='bbox 2143 2400 2226 2453; x_wconf 84' lang='grc' dir='ltr'>ὅτι</span> <span class='ocrx_word' id='word_1_687' title='bbox 2257 2401 2398 2473; x_wconf 89' lang='grc' dir='ltr'>μετά</span> <span class='ocrx_word' id='word_1_688' title='bbox 2428 2403 2538 2456; x_wconf 87' lang='grc' dir='ltr'>τῶν</span> <span class='ocrx_word' id='word_1_689' title='bbox 2565 2403 2741 2456; x_wconf 84' lang='grc' dir='ltr'>ἀλλων</span> <span class='ocrx_word' id='word_1_690' title='bbox 2767 2401 3060 2465; x_wconf 84' lang='grc' dir='ltr'>ἀπολαύεις</span> <span class='ocrx_word' id='word_1_691' title='bbox 3092 2400 3294 2463; x_wconf 89' lang='grc' dir='ltr'>αὑτῶν,</span> <span class='ocrx_word' id='word_1_692' title='bbox 3334 2399 3540 2467; x_wconf 85' lang='grc' dir='ltr'>ἀλγεῖς,</span> 
     </span>
    </p>
   </div>
   <div class='ocr_carea' id='block_1_92' title="bbox 1949 2485 3538 2561">
    <p class='ocr_par' dir='ltr' id='par_1_92' title="bbox 1949 2485 3538 2561">
     <span class='ocr_line' id='line_1_92' title="bbox 1949 2485 3538 2561; baseline 0.001 -22"><span class='ocrx_word' id='word_1_693' title='bbox 1949 2488 2044 2541; x_wconf 74' lang='grc' dir='ltr'>καὶ</span> <span class='ocrx_word' id='word_1_694' title='bbox 2076 2487 2152 2560; x_wconf 84' lang='grc' dir='ltr'>μὴ</span> <span class='ocrx_word' id='word_1_695' title='bbox 2177 2488 2338 2559; x_wconf 84' lang='grc' dir='ltr'>μόνος</span> <span class='ocrx_word' id='word_1_696' title='bbox 2371 2490 2511 2544; x_wconf 85' lang='grc' dir='ltr'>αὑτά</span> <span class='ocrx_word' id='word_1_697' title='bbox 2541 2491 2795 2560; x_wconf 88' lang='grc' dir='ltr'>κατέχεις</span> <span class='ocrx_word' id='word_1_698' title='bbox 2819 2489 3009 2561; x_wconf 83' lang='grc' dir='ltr'>ὥσπερ</span> <span class='ocrx_word' id='word_1_699' title='bbox 3055 2489 3125 2543; x_wconf 88' lang='grc' dir='ltr'>τά</span> <span class='ocrx_word' id='word_1_700' title='bbox 3170 2488 3451 2557; x_wconf 85' lang='grc' dir='ltr'>χρήματα,</span> <span class='ocrx_word' id='word_1_701' title='bbox 3476 2485 3538 2538; x_wconf 83' lang='grc' dir='ltr'>οὐ</span> 
     </span>
    </p>
   </div>
   <div class='ocr_carea' id='block_1_93' title="bbox 1947 2575 3535 2651">
    <p class='ocr_par' dir='ltr' id='par_1_93' title="bbox 1947 2575 3535 2651">
     <span class='ocr_line' id='line_1_93' title="bbox 1947 2575 3535 2651; baseline 0.006 -22"><span class='ocrx_word' id='word_1_702' title='bbox 1947 2577 2273 2647; x_wconf 83' lang='grc' dir='ltr'>χρημάτων,</span> <span class='ocrx_word' id='word_1_703' title='bbox 2300 2577 2439 2634; x_wconf 88' lang='grc' dir='ltr'>ἀλλά</span> <span class='ocrx_word' id='word_1_704' title='bbox 2469 2578 2532 2633; x_wconf 79' lang='grc' dir='ltr'>π)</span> <span class='ocrx_word' id='word_1_705' title='bbox 2544 2579 2787 2645; x_wconf 83' lang='grc' dir='ltr'>εονεξίας</span> <span class='ocrx_word' id='word_1_706' title='bbox 2820 2596 2911 2651; x_wconf 92' lang='grc' dir='ltr'>μοι</span> <span class='ocrx_word' id='word_1_707' title='bbox 2939 2578 3118 2642; x_wconf 85' lang='grc' dir='ltr'>δοκεῖς</span> <span class='ocrx_word' id='word_1_708' title='bbox 3160 2577 3292 2647; x_wconf 78' lang='grc' dir='ltr'>ἐρᾷν</span> <span class='ocrx_word' id='word_1_709' title='bbox 3347 2575 3535 2646; x_wconf 82' lang='grc' dir='ltr'>μόνης.</span> 
     </span>
    </p>
   </div>
   <div class='ocr_carea' id='block_1_94' title="bbox 1947 2663 3538 2739">
    <p class='ocr_par' dir='ltr' id='par_1_94' title="bbox 1947 2663 3538 2739">
     <span class='ocr_line' id='line_1_94' title="bbox 1947 2663 3538 2739; baseline 0 -23"><span class='ocrx_word' id='word_1_710' title='bbox 1947 2664 2060 2718; x_wconf 72' lang='grc' dir='ltr'>Καὶ</span> <span class='ocrx_word' id='word_1_711' title='bbox 2080 2665 2203 2718; x_wconf 81' lang='grc' dir='ltr'>οὐδὲ</span> <span class='ocrx_word' id='word_1_712' title='bbox 2242 2665 2312 2720; x_wconf 78' lang='grc' dir='ltr'>τά</span> <span class='ocrx_word' id='word_1_713' title='bbox 2359 2668 2626 2739; x_wconf 81' lang='grc' dir='ltr'>χρήματα</span> <span class='ocrx_word' id='word_1_714' title='bbox 2680 2668 2949 2738; x_wconf 90' lang='grc' dir='ltr'>ἐφίλησας</span> <span class='ocrx_word' id='word_1_715' title='bbox 2976 2665 3063 2730; x_wconf 84' lang='grc' dir='ltr'>ἂν,</span> <span class='ocrx_word' id='word_1_716' title='bbox 3097 2667 3146 2719; x_wconf 87' lang='grc' dir='ltr'>εί</span> <span class='ocrx_word' id='word_1_717' title='bbox 3178 2663 3331 2718; x_wconf 87' lang='grc' dir='ltr'>κοινά</span> <span class='ocrx_word' id='word_1_718' title='bbox 3362 2663 3538 2736; x_wconf 88' lang='grc' dir='ltr'>πρού-</span> 
     </span>
    </p>
   </div>
   <div class='ocr_carea' id='block_1_95' title="bbox 1945 2753 3537 2828">
    <p class='ocr_par' dir='ltr' id='par_1_95' title="bbox 1945 2753 3537 2828">
     <span class='ocr_line' id='line_1_95' title="bbox 1945 2753 3537 2828; baseline 0 -23"><span class='ocrx_word' id='word_1_719' title='bbox 1945 2769 2100 2806; x_wconf 90' lang='grc' dir='ltr'>κειτο</span> <span class='ocrx_word' id='word_1_720' title='bbox 2157 2755 2326 2808; x_wconf 78' lang='grc' dir='ltr'>πᾶσιν</span> <span class='ocrx_word' id='word_1_721' title='bbox 2381 2753 2555 2828; x_wconf 69' lang='grc'>[2091.</span> <span class='ocrx_word' id='word_1_722' title='bbox 2611 2755 2825 2810; x_wconf 81' lang='grc' dir='ltr'>Οὐκοῦν</span> <span class='ocrx_word' id='word_1_723' title='bbox 2865 2754 3056 2827; x_wconf 80' lang='grc' dir='ltr'>ἐπειδὴ</span> <span class='ocrx_word' id='word_1_724' title='bbox 3096 2753 3196 2825; x_wconf 81' lang='grc' dir='ltr'>τὴν</span> <span class='ocrx_word' id='word_1_725' title='bbox 3249 2753 3537 2826; x_wconf 76' lang='grc' dir='ltr'>ἐρωμένην</span> 
     </span>
    </p>
   </div>
   <div class='ocr_carea' id='block_1_96' title="bbox 1944 2840 3532 2915">
    <p class='ocr_par' dir='ltr' id='par_1_96' title="bbox 1944 2840 3532 2915">
     <span class='ocr_line' id='line_1_96' title="bbox 1944 2840 3532 2915; baseline 0.001 -23"><span class='ocrx_word' id='word_1_726' title='bbox 1944 2840 2287 2912; x_wconf 85' lang='grc' dir='ltr'>εὑρήκαμεν,</span> <span class='ocrx_word' id='word_1_727' title='bbox 2345 2843 2446 2915; x_wconf 80' lang='grc' dir='ltr'>τὴν</span> <span class='ocrx_word' id='word_1_728' title='bbox 2492 2843 2810 2912; x_wconf 79' lang='grc' dir='ltr'>πλεονεξίαν</span> <span class='ocrx_word' id='word_1_729' title='bbox 2853 2843 3018 2913; x_wconf 89' lang='grc' dir='ltr'>λέγω,</span> <span class='ocrx_word' id='word_1_730' title='bbox 3073 2843 3206 2914; x_wconf 84' lang='grc' dir='ltr'>φέρε</span> <span class='ocrx_word' id='word_1_731' title='bbox 3241 2859 3324 2895; x_wconf 90' lang='grc' dir='ltr'>σοι</span> <span class='ocrx_word' id='word_1_732' title='bbox 3353 2840 3532 2906; x_wconf 74' lang='grc' dir='ltr'>δείξω,</span> 
     </span>
    </p>
   </div>
   <div class='ocr_carea' id='block_1_97' title="bbox 1944 2926 3535 3003">
    <p class='ocr_par' dir='ltr' id='par_1_97' title="bbox 1944 2926 3535 3003">
     <span class='ocr_line' id='line_1_97' title="bbox 1944 2926 3535 3003; baseline 0.001 -24"><span class='ocrx_word' id='word_1_733' title='bbox 1944 2927 2063 2992; x_wconf 88' lang='grc' dir='ltr'>πῶς</span> <span class='ocrx_word' id='word_1_734' title='bbox 2093 2945 2152 2981; x_wconf 93' lang='grc' dir='ltr'>σε</span> <span class='ocrx_word' id='word_1_735' title='bbox 2193 2933 2349 3000; x_wconf 86' lang='grc' dir='ltr'>μισεῖ</span> <span class='ocrx_word' id='word_1_736' title='bbox 2379 2929 2520 3003; x_wconf 87' lang='grc' dir='ltr'>αῦτη</span> <span class='ocrx_word' id='word_1_737' title='bbox 2571 2931 2668 2985; x_wconf 83' lang='grc' dir='ltr'>καὶ</span> <span class='ocrx_word' id='word_1_738' title='bbox 2713 2931 3144 3002; x_wconf 84' lang='grc' dir='ltr'>ἀποστρέφεται,</span> <span class='ocrx_word' id='word_1_739' title='bbox 3205 2929 3351 2982; x_wconf 89' lang='grc' dir='ltr'>πόσα</span> <span class='ocrx_word' id='word_1_740' title='bbox 3379 2926 3535 3000; x_wconf 86' lang='grc' dir='ltr'>θήγει</span> 
     </span>
    </p>
   </div>
   <div class='ocr_carea' id='block_1_98' title="bbox 1941 3017 3536 3094">
    <p class='ocr_par' dir='ltr' id='par_1_98' title="bbox 1941 3017 3536 3094">
     <span class='ocr_line' id='line_1_98' title="bbox 1941 3017 3536 3094; baseline 0.001 -24"><span class='ocrx_word' id='word_1_741' title='bbox 1941 3017 2086 3072; x_wconf 84' lang='grc' dir='ltr'>κατά</span> <span class='ocrx_word' id='word_1_742' title='bbox 2114 3018 2208 3072; x_wconf 89' lang='grc' dir='ltr'>σοῦ</span> <span class='ocrx_word' id='word_1_743' title='bbox 2240 3020 2389 3093; x_wconf 84' lang='grc' dir='ltr'>ξίφη,</span> <span class='ocrx_word' id='word_1_744' title='bbox 2415 3021 2560 3076; x_wconf 90' lang='grc' dir='ltr'>πόσα</span> <span class='ocrx_word' id='word_1_745' title='bbox 2596 3021 2814 3094; x_wconf 90' lang='grc' dir='ltr'>ὀρύττει</span> <span class='ocrx_word' id='word_1_746' title='bbox 2850 3020 3124 3093; x_wconf 84' lang='grc' dir='ltr'>βάραθρα,</span> <span class='ocrx_word' id='word_1_747' title='bbox 3150 3020 3351 3082; x_wconf 87' lang='grc' dir='ltr'>πόσους</span> <span class='ocrx_word' id='word_1_748' title='bbox 3403 3018 3536 3072; x_wconf 81' lang='grc' dir='ltr'>ἀνά-</span> 
     </span>
    </p>
   </div>
   <div class='ocr_carea' id='block_1_99' title="bbox 1940 3104 3534 3181">
    <p class='ocr_par' dir='ltr' id='par_1_99' title="bbox 1940 3104 3534 3181">
     <span class='ocr_line' id='line_1_99' title="bbox 1940 3104 3534 3181; baseline 0.002 -23"><span class='ocrx_word' id='word_1_749' title='bbox 1940 3122 2062 3159; x_wconf 88' lang='grc' dir='ltr'>πτει</span> <span class='ocrx_word' id='word_1_750' title='bbox 2091 3104 2341 3178; x_wconf 87' lang='grc' dir='ltr'>βρόχους,</span> <span class='ocrx_word' id='word_1_751' title='bbox 2388 3109 2590 3174; x_wconf 87' lang='grc' dir='ltr'>πόσους</span> <span class='ocrx_word' id='word_1_752' title='bbox 2643 3109 3058 3180; x_wconf 78' lang='grc' dir='ltr'>παρασκευάζει</span> <span class='ocrx_word' id='word_1_753' title='bbox 3101 3108 3401 3181; x_wconf 87' lang='grc' dir='ltr'>κρημνούς·</span> <span class='ocrx_word' id='word_1_754' title='bbox 3446 3107 3534 3161; x_wconf 85' lang='grc' dir='ltr'>ἵνα</span> 
     </span>
    </p>
   </div>
   <div class='ocr_carea' id='block_1_100' title="bbox 1939 3193 3528 3271">
    <p class='ocr_par' dir='ltr' id='par_1_100' title="bbox 1939 3193 3528 3271">
     <span class='ocr_line' id='line_1_100' title="bbox 1939 3193 3528 3271; baseline 0 -20"><span class='ocrx_word' id='word_1_755' title='bbox 1939 3195 2044 3251; x_wconf 78' lang='grc' dir='ltr'>κᾶν</span> <span class='ocrx_word' id='word_1_756' title='bbox 2071 3195 2214 3249; x_wconf 78' lang='grc' dir='ltr'>οὕτω</span> <span class='ocrx_word' id='word_1_757' title='bbox 2246 3197 2446 3269; x_wconf 78' lang='grc' dir='ltr'>σϐέσῃς</span> <span class='ocrx_word' id='word_1_758' title='bbox 2474 3199 2535 3254; x_wconf 87' lang='lat'>16</span> <span class='ocrx_word' id='word_1_759' title='bbox 2562 3198 2807 3271; x_wconf 86' lang='grc' dir='ltr'>φίλτρον.</span> <span class='ocrx_word' id='word_1_760' title='bbox 2841 3198 3012 3252; x_wconf 88' lang='grc' dir='ltr'>Πόθεν</span> <span class='ocrx_word' id='word_1_761' title='bbox 3059 3193 3151 3251; x_wconf 75' lang='grc' dir='ltr'>οὖν</span> <span class='ocrx_word' id='word_1_762' title='bbox 3201 3197 3318 3251; x_wconf 81' lang='grc' dir='ltr'>ἐστι</span> <span class='ocrx_word' id='word_1_763' title='bbox 3351 3195 3528 3251; x_wconf 81' lang='grc' dir='ltr'>ταῦτα</span> 
     </span>
    </p>
   </div>
   <div class='ocr_carea' id='block_1_101' title="bbox 1937 3284 3534 3356">
    <p class='ocr_par' dir='ltr' id='par_1_101' title="bbox 1937 3284 3534 3356">
     <span class='ocr_line' id='line_1_101' title="bbox 1937 3284 3534 3356; baseline 0.002 -20"><span class='ocrx_word' id='word_1_764' title='bbox 1937 3284 2171 3352; x_wconf 87' lang='grc' dir='ltr'>είδέναι;</span> <span class='ocrx_word' id='word_1_765' title='bbox 2215 3285 2348 3338; x_wconf 79' lang='grc' dir='ltr'>Ἀπὸ</span> <span class='ocrx_word' id='word_1_766' title='bbox 2387 3287 2496 3342; x_wconf 88' lang='grc' dir='ltr'>τῶν</span> <span class='ocrx_word' id='word_1_767' title='bbox 2529 3286 2686 3353; x_wconf 90' lang='grc' dir='ltr'>ὀδῶν,</span> <span class='ocrx_word' id='word_1_768' title='bbox 2714 3285 2826 3340; x_wconf 83' lang='grc' dir='ltr'>ἀπὸ</span> <span class='ocrx_word' id='word_1_769' title='bbox 2852 3285 2963 3339; x_wconf 87' lang='grc' dir='ltr'>τῶν</span> <span class='ocrx_word' id='word_1_770' title='bbox 2988 3285 3263 3356; x_wconf 85' lang='grc' dir='ltr'>πολέμων,</span> <span class='ocrx_word' id='word_1_771' title='bbox 3298 3285 3410 3339; x_wconf 80' lang='grc' dir='ltr'>ἀπὸ</span> <span class='ocrx_word' id='word_1_772' title='bbox 3431 3285 3534 3356; x_wconf 80' lang='grc' dir='ltr'>τῆς</span> 
     </span>
    </p>
   </div>
   <div class='ocr_carea' id='block_1_102' title="bbox 1938 3369 3534 3444">
    <p class='ocr_par' dir='ltr' id='par_1_102' title="bbox 1938 3369 3534 3444">
     <span class='ocr_line' id='line_1_102' title="bbox 1938 3369 3534 3444; baseline 0 -20"><span class='ocrx_word' id='word_1_773' title='bbox 1938 3369 2233 3442; x_wconf 83' lang='grc' dir='ltr'>θαλάττης,</span> <span class='ocrx_word' id='word_1_774' title='bbox 2261 3373 2372 3425; x_wconf 83' lang='grc' dir='ltr'>ἀπὸ</span> <span class='ocrx_word' id='word_1_775' title='bbox 2421 3372 2531 3426; x_wconf 85' lang='grc' dir='ltr'>τῶν</span> <span class='ocrx_word' id='word_1_776' title='bbox 2581 3371 2972 3444; x_wconf 86' lang='grc' dir='ltr'>δικαστηρίων.</span> <span class='ocrx_word' id='word_1_777' title='bbox 3024 3373 3134 3425; x_wconf 82' lang='grc' dir='ltr'>Καὶ</span> <span class='ocrx_word' id='word_1_778' title='bbox 3181 3372 3291 3444; x_wconf 89' lang='grc' dir='ltr'>γάρ</span> <span class='ocrx_word' id='word_1_779' title='bbox 3341 3372 3436 3425; x_wconf 67' lang='grc' dir='ltr'>καλ⁹</span> <span class='ocrx_word' id='word_1_780' title='bbox 3471 3371 3534 3424; x_wconf 84' lang='grc' dir='ltr'>τὸ</span> 
     </span>
    </p>
   </div>
   <div class='ocr_carea' id='block_1_103' title="bbox 1936 3455 3530 3528">
    <p class='ocr_par' dir='ltr' id='par_1_103' title="bbox 1936 3455 3530 3528">
     <span class='ocr_line' id='line_1_103' title="bbox 1936 3455 3530 3528; baseline -0.001 -20"><span class='ocrx_word' id='word_1_781' title='bbox 1936 3456 2174 3524; x_wconf 90' lang='grc' dir='ltr'>πέλαγος</span> <span class='ocrx_word' id='word_1_782' title='bbox 2235 3457 2488 3528; x_wconf 79' lang='grc' dir='ltr'>αἱμάτων</span> <span class='ocrx_word' id='word_1_783' title='bbox 2531 3457 2818 3528; x_wconf 73' lang='grc' dir='ltr'>ἐνέπλησε,</span> <span class='ocrx_word' id='word_1_784' title='bbox 2866 3457 2961 3510; x_wconf 67' lang='grc' dir='ltr'>κα)⁵</span> <span class='ocrx_word' id='word_1_785' title='bbox 2998 3456 3067 3508; x_wconf 89' lang='grc' dir='ltr'>τά</span> <span class='ocrx_word' id='word_1_786' title='bbox 3107 3457 3218 3508; x_wconf 90' lang='grc' dir='ltr'>τῶν</span> <span class='ocrx_word' id='word_1_787' title='bbox 3259 3455 3530 3509; x_wconf 85' lang='grc' dir='ltr'>δικαστῶν</span> 
     </span>
    </p>
   </div>
   <div class='ocr_carea' id='block_1_104' title="bbox 1938 3539 3531 3612">
    <p class='ocr_par' dir='ltr' id='par_1_104' title="bbox 1938 3539 3531 3612">
     <span class='ocr_line' id='line_1_104' title="bbox 1938 3539 3531 3612; baseline -0.001 -20"><span class='ocrx_word' id='word_1_788' title='bbox 1938 3541 2206 3610; x_wconf 86' lang='grc' dir='ltr'>φοινίσσει</span> <span class='ocrx_word' id='word_1_789' title='bbox 2259 3540 2388 3610; x_wconf 79' lang='grc' dir='ltr'>ξίφη</span> <span class='ocrx_word' id='word_1_790' title='bbox 2438 3541 2775 3612; x_wconf 88' lang='grc' dir='ltr'>παρανόμως</span> <span class='ocrx_word' id='word_1_791' title='bbox 2808 3540 3090 3606; x_wconf 89' lang='grc' dir='ltr'>πολλάκις,</span> <span class='ocrx_word' id='word_1_792' title='bbox 3122 3541 3216 3593; x_wconf 75' lang='grc' dir='ltr'>καὶ</span> <span class='ocrx_word' id='word_1_793' title='bbox 3250 3539 3376 3602; x_wconf 83' lang='grc' dir='ltr'>τοὺς</span> <span class='ocrx_word' id='word_1_794' title='bbox 3409 3541 3531 3602; x_wconf 81' lang='grc' dir='ltr'>ταῖς</span> 
     </span>
    </p>
   </div>
   <div class='ocr_carea' id='block_1_105' title="bbox 1935 3621 3529 3696">
    <p class='ocr_par' dir='ltr' id='par_1_105' title="bbox 1935 3621 3529 3696">
     <span class='ocr_line' id='line_1_105' title="bbox 1935 3621 3529 3696; baseline -0.001 -19"><span class='ocrx_word' id='word_1_795' title='bbox 1935 3623 2069 3688; x_wconf 80' lang='grc' dir='ltr'>ὁδοῖς</span> <span class='ocrx_word' id='word_1_796' title='bbox 2105 3623 2494 3695; x_wconf 87' lang='grc' dir='ltr'>ἐφεδρεύοντας</span> <span class='ocrx_word' id='word_1_797' title='bbox 2532 3624 2751 3696; x_wconf 89' lang='grc' dir='ltr'>νύκτωρ</span> <span class='ocrx_word' id='word_1_798' title='bbox 2788 3626 2880 3677; x_wconf 76' lang='grc' dir='ltr'>καὶ</span> <span class='ocrx_word' id='word_1_799' title='bbox 2908 3623 3027 3696; x_wconf 88' lang='grc' dir='ltr'>μεθ’</span> <span class='ocrx_word' id='word_1_800' title='bbox 3078 3624 3290 3695; x_wconf 79' lang='grc' dir='ltr'>ἡμέραν</span> <span class='ocrx_word' id='word_1_801' title='bbox 3316 3621 3529 3686; x_wconf 80' lang='grc' dir='ltr'>ὁπλίζει</span> 
     </span>
    </p>
   </div>
   <div class='ocr_carea' id='block_1_106' title="bbox 1935 3704 3527 3778">
    <p class='ocr_par' dir='ltr' id='par_1_106' title="bbox 1935 3704 3527 3778">
     <span class='ocr_line' id='line_1_106' title="bbox 1935 3704 3527 3778; baseline -0.002 -17"><span class='ocrx_word' id='word_1_802' title='bbox 1935 3706 2218 3778; x_wconf 78' lang='grc' dir='ltr'>αὑτη,καὶ</span> <span class='ocrx_word' id='word_1_803' title='bbox 2270 3707 2434 3777; x_wconf 84' lang='grc' dir='ltr'>φύσιν</span> <span class='ocrx_word' id='word_1_804' title='bbox 2475 3709 2745 3778; x_wconf 88' lang='grc' dir='ltr'>ἀγνοῆσαι</span> <span class='ocrx_word' id='word_1_805' title='bbox 2783 3709 2992 3772; x_wconf 78' lang='grc' dir='ltr'>ἔπεισε,</span> <span class='ocrx_word' id='word_1_806' title='bbox 3047 3708 3143 3761; x_wconf 59' lang='grc' dir='ltr'>καὶ⁷</span> <span class='ocrx_word' id='word_1_807' title='bbox 3195 3704 3527 3776; x_wconf 84' lang='grc' dir='ltr'>πατραλοίας</span> 
     </span>
    </p>
   </div>
   <div class='ocr_carea' id='block_1_107' title="bbox 1933 3788 3527 3863">
    <p class='ocr_par' dir='ltr' id='par_1_107' title="bbox 1933 3788 3527 3863">
     <span class='ocr_line' id='line_1_107' title="bbox 1933 3788 3527 3863; baseline 0.001 -21"><span class='ocrx_word' id='word_1_808' title='bbox 1933 3791 2159 3862; x_wconf 90' lang='grc' dir='ltr'>ἐποίησε</span> <span class='ocrx_word' id='word_1_809' title='bbox 2179 3791 2270 3845; x_wconf 75' lang='grc' dir='ltr'>καὶ</span> <span class='ocrx_word' id='word_1_810' title='bbox 2310 3792 2670 3863; x_wconf 86' lang='grc' dir='ltr'>μητραλοίας,</span> <span class='ocrx_word' id='word_1_811' title='bbox 2719 3793 2816 3846; x_wconf 79' lang='grc' dir='ltr'>καὶ</span> <span class='ocrx_word' id='word_1_812' title='bbox 2855 3793 3036 3847; x_wconf 89' lang='grc' dir='ltr'>πάντα</span> <span class='ocrx_word' id='word_1_813' title='bbox 3075 3791 3417 3861; x_wconf 79' lang='grc' dir='ltr'>ἐπεισήγαγε</span> <span class='ocrx_word' id='word_1_814' title='bbox 3447 3788 3527 3860; x_wconf 82' lang='grc' dir='ltr'>τῷ</span> 
     </span>
    </p>
   </div>
   <div class='ocr_carea' id='block_1_108' title="bbox 1935 3875 2326 3945">
    <p class='ocr_par' dir='ltr' id='par_1_108' title="bbox 1935 3875 2326 3945">
     <span class='ocr_line' id='line_1_108' title="bbox 1935 3875 2326 3945; baseline 0.005 -19"><span class='ocrx_word' id='word_1_815' title='bbox 1935 3875 2037 3945; x_wconf 82' lang='grc' dir='ltr'>βίῳ</span> <span class='ocrx_word' id='word_1_816' title='bbox 2068 3875 2136 3928; x_wconf 85' lang='grc' dir='ltr'>τὰ</span> <span class='ocrx_word' id='word_1_817' title='bbox 2160 3877 2326 3930; x_wconf 85' lang='grc' dir='ltr'>κακά.</span> 
     </span>
    </p>
   </div>
   <div class='ocr_carea' id='block_1_109' title="bbox 2001 3955 3522 4029">
    <p class='ocr_par' dir='ltr' id='par_1_109' title="bbox 2001 3955 3522 4029">
     <span class='ocr_line' id='line_1_109' title="bbox 2001 3955 3522 4029; baseline 0.001 -20"><span class='ocrx_word' id='word_1_818' title='bbox 2001 3957 2092 4010; x_wconf 82' lang='lat' dir='ltr'><em>A16</em></span> <span class='ocrx_word' id='word_1_819' title='bbox 2154 3959 2252 4011; x_wconf 83' lang='grc' dir='ltr'>καὶ</span> <span class='ocrx_word' id='word_1_820' title='bbox 2288 3959 2446 4029; x_wconf 76' lang='grc' dir='ltr'>ῥίζαν</span> <span class='ocrx_word' id='word_1_821' title='bbox 2492 3959 2675 4012; x_wconf 84' lang='grc' dir='ltr'>αὐτῶν</span> <span class='ocrx_word' id='word_1_822' title='bbox 2725 3960 2754 4012; x_wconf 92' lang='lat'>6</span> <span class='ocrx_word' id='word_1_823' title='bbox 2815 3958 3031 4022; x_wconf 86' lang='grc' dir='ltr'>Παῦλος</span> <span class='ocrx_word' id='word_1_824' title='bbox 3090 3960 3293 4023; x_wconf 86' lang='grc' dir='ltr'>ταύτην</span> <span class='ocrx_word' id='word_1_825' title='bbox 3343 3955 3522 4011; x_wconf 87' lang='grc' dir='ltr'>καλεῖ.</span> 
     </span>
    </p>
   </div>
   <div class='ocr_carea' id='block_1_110' title="bbox 1929 4039 3518 4115">
    <p class='ocr_par' dir='ltr' id='par_1_110' title="bbox 1929 4039 3518 4115">
     <span class='ocr_line' id='line_1_110' title="bbox 1929 4039 3518 4115; baseline 0 -21"><span class='ocrx_word' id='word_1_826' title='bbox 1929 4039 2080 4113; x_wconf 76' lang='grc' dir='ltr'>Αὕτη</span> <span class='ocrx_word' id='word_1_827' title='bbox 2109 4044 2236 4107; x_wconf 80' lang='grc' dir='ltr'>τοὺς</span> <span class='ocrx_word' id='word_1_828' title='bbox 2283 4042 2454 4114; x_wconf 79' lang='grc' dir='ltr'>αὐτῆς</span> <span class='ocrx_word' id='word_1_829' title='bbox 2485 4043 2726 4115; x_wconf 77' lang='grc' dir='ltr'>ἐραστάς</span> <span class='ocrx_word' id='word_1_830' title='bbox 2758 4043 2864 4097; x_wconf 90' lang='grc' dir='ltr'>τῶν</span> <span class='ocrx_word' id='word_1_831' title='bbox 2896 4042 2967 4097; x_wconf 83' lang='grc' dir='ltr'>τὰ</span> <span class='ocrx_word' id='word_1_832' title='bbox 3002 4041 3247 4112; x_wconf 88' lang='grc' dir='ltr'>μέταλλα</span> <span class='ocrx_word' id='word_1_833' title='bbox 3286 4041 3518 4110; x_wconf 83' lang='grc' dir='ltr'>ἐργαζο-</span> 
     </span>
    </p>
   </div>
   <div class='ocr_carea' id='block_1_111' title="bbox 1933 4124 3525 4197">
    <p class='ocr_par' dir='ltr' id='par_1_111' title="bbox 1933 4124 3525 4197">
     <span class='ocr_line' id='line_1_111' title="bbox 1933 4124 3525 4197; baseline -0.001 -19"><span class='ocrx_word' id='word_1_834' title='bbox 1933 4125 2112 4195; x_wconf 86' lang='grc' dir='ltr'>μένων</span> <span class='ocrx_word' id='word_1_835' title='bbox 2143 4126 2295 4179; x_wconf 83' lang='grc' dir='ltr'>οὑδέν</span> <span class='ocrx_word' id='word_1_836' title='bbox 2345 4126 2569 4196; x_wconf 79' lang='grc' dir='ltr'>ἄμεινον</span> <span class='ocrx_word' id='word_1_837' title='bbox 2625 4126 2818 4197; x_wconf 86' lang='grc' dir='ltr'>ἀφίησι</span> <span class='ocrx_word' id='word_1_838' title='bbox 2879 4126 3207 4180; x_wconf 88' lang='grc' dir='ltr'>διακεῖσθαι.</span> <span class='ocrx_word' id='word_1_839' title='bbox 3253 4124 3525 4197; x_wconf 79' lang='grc' dir='ltr'>Καθάπερ</span> 
     </span>
    </p>
   </div>
   <div class='ocr_carea' id='block_1_112' title="bbox 1928 4209 3523 4282">
    <p class='ocr_par' dir='ltr' id='par_1_112' title="bbox 1928 4209 3523 4282">
     <span class='ocr_line' id='line_1_112' title="bbox 1928 4209 3523 4282; baseline 0.001 -22"><span class='ocrx_word' id='word_1_840' title='bbox 1928 4209 2036 4278; x_wconf 85' lang='grc' dir='ltr'>γὰρ</span> <span class='ocrx_word' id='word_1_841' title='bbox 2063 4209 2259 4261; x_wconf 88' lang='grc' dir='ltr'>ἐκεῖνοι</span> <span class='ocrx_word' id='word_1_842' title='bbox 2296 4209 2561 4280; x_wconf 84' lang='grc' dir='ltr'>διηνεκῶς</span> <span class='ocrx_word' id='word_1_843' title='bbox 2592 4211 2649 4263; x_wconf 91' lang='grc' dir='ltr'>ἐν</span> <span class='ocrx_word' id='word_1_844' title='bbox 2675 4211 2853 4282; x_wconf 88' lang='grc' dir='ltr'>σκότῳ</span> <span class='ocrx_word' id='word_1_845' title='bbox 2883 4209 3404 4281; x_wconf 85' lang='grc' dir='ltr'>κατακεκλεισμένοι</span> <span class='ocrx_word' id='word_1_846' title='bbox 3427 4211 3523 4263; x_wconf 74' lang='grc' dir='ltr'>καὶ</span> 
     </span>
    </p>
   </div>
   <div class='ocr_carea' id='block_1_113' title="bbox 1927 4289 3521 4366">
    <p class='ocr_par' dir='ltr' id='par_1_113' title="bbox 1927 4289 3521 4366">
     <span class='ocr_line' id='line_1_113' title="bbox 1927 4289 3521 4366; baseline 0.001 -22"><span class='ocrx_word' id='word_1_847' title='bbox 1927 4290 2201 4362; x_wconf 89' lang='grc' dir='ltr'>δεδεμένοι</span> <span class='ocrx_word' id='word_1_848' title='bbox 2230 4295 2487 4347; x_wconf 89' lang='grc' dir='ltr'>πονοῦσιν</span> <span class='ocrx_word' id='word_1_849' title='bbox 2523 4294 2761 4366; x_wconf 87' lang='grc' dir='ltr'>ἀνόνητα</span> <span class='ocrx_word' id='word_1_850' title='bbox 2784 4312 2796 4324; x_wconf 90' lang='grc'><strong>·</strong></span> <span class='ocrx_word' id='word_1_851' title='bbox 2833 4293 2976 4348; x_wconf 75' lang='grc' dir='ltr'>οὑτω</span> <span class='ocrx_word' id='word_1_852' title='bbox 3006 4296 3099 4348; x_wconf 68' lang='grc' dir='ltr'>καὶ</span> <span class='ocrx_word' id='word_1_853' title='bbox 3130 4289 3276 4349; x_wconf 77' lang='grc' dir='ltr'>οὗτοι</span> <span class='ocrx_word' id='word_1_854' title='bbox 3312 4293 3370 4345; x_wconf 86' lang='grc' dir='ltr'>ἐν</span> <span class='ocrx_word' id='word_1_855' title='bbox 3405 4295 3521 4356; x_wconf 84' lang='grc' dir='ltr'>τοῖς</span> 
     </span>
    </p>
   </div>
   <div class='ocr_carea' id='block_1_114' title="bbox 1930 4376 3522 4450">
    <p class='ocr_par' dir='ltr' id='par_1_114' title="bbox 1930 4376 3522 4450">
     <span class='ocr_line' id='line_1_114' title="bbox 1930 4376 3522 4450; baseline 0.002 -23"><span class='ocrx_word' id='word_1_856' title='bbox 1930 4376 2219 4446; x_wconf 88' lang='grc' dir='ltr'>σπηλαίοις</span> <span class='ocrx_word' id='word_1_857' title='bbox 2245 4378 2343 4448; x_wconf 87' lang='grc' dir='ltr'>τῆς</span> <span class='ocrx_word' id='word_1_858' title='bbox 2391 4378 2759 4450; x_wconf 88' lang='grc' dir='ltr'>φιλαργυρίας</span> <span class='ocrx_word' id='word_1_859' title='bbox 2821 4379 3330 4450; x_wconf 86' lang='grc' dir='ltr'>κατορωρυγμένοι,</span> <span class='ocrx_word' id='word_1_860' title='bbox 3367 4379 3522 4431; x_wconf 74' lang='lat' dir='ltr'><em>066e-</em></span> 
     </span>
    </p>
   </div>
   <div class='ocr_carea' id='block_1_115' title="bbox 1927 4458 3520 4534">
    <p class='ocr_par' dir='ltr' id='par_1_115' title="bbox 1927 4458 3520 4534">
     <span class='ocr_line' id='line_1_115' title="bbox 1927 4458 3520 4534; baseline 0.002 -21"><span class='ocrx_word' id='word_1_861' title='bbox 1927 4458 2017 4524; x_wconf 77' lang='grc' dir='ltr'>νὸς</span> <span class='ocrx_word' id='word_1_862' title='bbox 2042 4462 2227 4525; x_wconf 75' lang='grc' dir='ltr'>αὐτοῖς</span> <span class='ocrx_word' id='word_1_863' title='bbox 2284 4464 2532 4534; x_wconf 85' lang='grc' dir='ltr'>ἀνάγκην</span> <span class='ocrx_word' id='word_1_864' title='bbox 2577 4463 2933 4529; x_wconf 85' lang='grc' dir='ltr'>ἐπιτιθέντος,</span> <span class='ocrx_word' id='word_1_865' title='bbox 2966 4465 3266 4534; x_wconf 78' lang='grc' dir='ltr'>αὐτόματοι</span> <span class='ocrx_word' id='word_1_866' title='bbox 3301 4463 3400 4534; x_wconf 75' lang='grc' dir='ltr'>τὴν</span> <span class='ocrx_word' id='word_1_867' title='bbox 3425 4465 3520 4516; x_wconf 84' lang='grc' dir='ltr'>κό-</span> 
     </span>
    </p>
   </div>
   <div class='ocr_carea' id='block_1_116' title="bbox 1926 4542 3515 4618">
    <p class='ocr_par' dir='ltr' id='par_1_116' title="bbox 1926 4542 3515 4618">
     <span class='ocr_line' id='line_1_116' title="bbox 1926 4542 3515 4618; baseline 0.002 -21"><span class='ocrx_word' id='word_1_868' title='bbox 1926 4542 2083 4598; x_wconf 89' lang='grc' dir='ltr'>λασιν</span> <span class='ocrx_word' id='word_1_869' title='bbox 2115 4545 2481 4607; x_wconf 87' lang='grc' dir='ltr'>ἐπισπῶνται,</span> <span class='ocrx_word' id='word_1_870' title='bbox 2521 4547 2736 4612; x_wconf 75' lang='grc' dir='ltr'>ἑαυτοῖς</span> <span class='ocrx_word' id='word_1_871' title='bbox 2767 4548 3002 4617; x_wconf 83' lang='grc' dir='ltr'>δεσμοὺς</span> <span class='ocrx_word' id='word_1_872' title='bbox 3027 4547 3346 4618; x_wconf 85' lang='grc' dir='ltr'>περιθέντες</span> <span class='ocrx_word' id='word_1_873' title='bbox 3379 4545 3515 4600; x_wconf 85' lang='grc' dir='ltr'>ἀλύ-</span> 
     </span>
    </p>
   </div>
   <div class='ocr_carea' id='block_1_117' title="bbox 1924 4629 3516 4703">
    <p class='ocr_par' dir='ltr' id='par_1_117' title="bbox 1924 4629 3516 4703">
     <span class='ocr_line' id='line_1_117' title="bbox 1924 4629 3516 4703; baseline 0.003 -23"><span class='ocrx_word' id='word_1_874' title='bbox 1924 4629 2211 4692; x_wconf 72' lang='grc' dir='ltr'>τους.Καὶ</span> <span class='ocrx_word' id='word_1_875' title='bbox 2232 4631 2281 4682; x_wconf 91' lang='grc' dir='ltr'>οί</span> <span class='ocrx_word' id='word_1_876' title='bbox 2312 4631 2408 4701; x_wconf 88' lang='grc' dir='ltr'>μέν</span> <span class='ocrx_word' id='word_1_877' title='bbox 2453 4630 2762 4695; x_wconf 87' lang='grc' dir='ltr'>κατάδικοι,</span> <span class='ocrx_word' id='word_1_878' title='bbox 2815 4631 2918 4684; x_wconf 80' lang='grc' dir='ltr'>κᾶν</span> <span class='ocrx_word' id='word_1_879' title='bbox 2981 4631 3221 4703; x_wconf 83' lang='grc' dir='ltr'>ἑσπέρας</span> <span class='ocrx_word' id='word_1_880' title='bbox 3268 4630 3516 4684; x_wconf 85' lang='grc' dir='ltr'>καταλα-</span> 
     </span>
    </p>
   </div>
   <div class='ocr_carea' id='block_1_118' title="bbox 1925 4710 3518 4789">
    <p class='ocr_par' dir='ltr' id='par_1_118' title="bbox 1925 4710 3518 4789">
     <span class='ocr_line' id='line_1_118' title="bbox 1925 4710 3518 4789; baseline 0.002 -23"><span class='ocrx_word' id='word_1_881' title='bbox 1925 4713 2128 4786; x_wconf 89' lang='grc' dir='ltr'>ϐούσης</span> <span class='ocrx_word' id='word_1_882' title='bbox 2160 4715 2404 4769; x_wconf 88' lang='grc' dir='ltr'>ἀνίενται</span> <span class='ocrx_word' id='word_1_883' title='bbox 2425 4714 2538 4768; x_wconf 88' lang='grc' dir='ltr'>τῶν</span> <span class='ocrx_word' id='word_1_884' title='bbox 2572 4716 2788 4786; x_wconf 87' lang='grc' dir='ltr'>μόχθων</span> <span class='ocrx_word' id='word_1_885' title='bbox 2809 4733 2821 4746; x_wconf 77' lang='grc'><strong><em>⁸</em></strong></span> <span class='ocrx_word' id='word_1_886' title='bbox 2856 4710 3002 4770; x_wconf 81' lang='grc' dir='ltr'>οῦτοι</span> <span class='ocrx_word' id='word_1_887' title='bbox 3029 4716 3086 4768; x_wconf 88' lang='grc' dir='ltr'>δέ</span> <span class='ocrx_word' id='word_1_888' title='bbox 3113 4716 3210 4768; x_wconf 76' lang='grc' dir='ltr'>καὶ</span> <span class='ocrx_word' id='word_1_889' title='bbox 3235 4717 3293 4768; x_wconf 90' lang='grc' dir='ltr'>ἐν</span> <span class='ocrx_word' id='word_1_890' title='bbox 3331 4716 3518 4789; x_wconf 69' lang='grc' dir='ltr'>ἡμέρᾳ.</span> 
     </span>
    </p>
   </div>
   <div class='ocr_carea' id='block_1_119' title="bbox 1923 4800 3513 4872">
    <p class='ocr_par' dir='ltr' id='par_1_119' title="bbox 1923 4800 3513 4872">
     <span class='ocr_line' id='line_1_119' title="bbox 1923 4800 3513 4872; baseline 0.001 -18"><span class='ocrx_word' id='word_1_891' title='bbox 1923 4801 2019 4854; x_wconf 74' lang='grc' dir='ltr'>καὶ</span> <span class='ocrx_word' id='word_1_892' title='bbox 2045 4803 2102 4855; x_wconf 89' lang='grc' dir='ltr'>ἐν</span> <span class='ocrx_word' id='word_1_893' title='bbox 2128 4801 2283 4856; x_wconf 75' lang='grc' dir='ltr'>νυκτὶ</span> <span class='ocrx_word' id='word_1_894' title='bbox 2323 4800 2659 4872; x_wconf 89' lang='grc' dir='ltr'>διορύττουσι</span> <span class='ocrx_word' id='word_1_895' title='bbox 2688 4801 2757 4855; x_wconf 86' lang='grc' dir='ltr'>τά</span> <span class='ocrx_word' id='word_1_896' title='bbox 2793 4802 3007 4871; x_wconf 86' lang='grc' dir='ltr'>πονηρά</span> <span class='ocrx_word' id='word_1_897' title='bbox 3030 4800 3202 4855; x_wconf 84' lang='grc' dir='ltr'>ταῦτα</span> <span class='ocrx_word' id='word_1_898' title='bbox 3248 4801 3513 4872; x_wconf 85' lang='grc' dir='ltr'>μέταλλα’</span> 
     </span>
    </p>
   </div>
   <div class='ocr_carea' id='block_1_120' title="bbox 1925 4885 3517 4958">
    <p class='ocr_par' dir='ltr' id='par_1_120' title="bbox 1925 4885 3517 4958">
     <span class='ocr_line' id='line_1_120' title="bbox 1925 4885 3517 4958; baseline 0.001 -20"><span class='ocrx_word' id='word_1_899' title='bbox 1925 4887 2018 4939; x_wconf 76' lang='grc' dir='ltr'>καὶ</span> <span class='ocrx_word' id='word_1_900' title='bbox 2049 4887 2161 4948; x_wconf 83' lang='grc' dir='ltr'>τοῖς</span> <span class='ocrx_word' id='word_1_901' title='bbox 2197 4885 2298 4956; x_wconf 85' lang='grc' dir='ltr'>μὲν</span> <span class='ocrx_word' id='word_1_902' title='bbox 2325 4886 2524 4956; x_wconf 85' lang='grc' dir='ltr'>μέτρον</span> <span class='ocrx_word' id='word_1_903' title='bbox 2553 4887 2702 4940; x_wconf 75' lang='grc' dir='ltr'>ἐστὶν</span> <span class='ocrx_word' id='word_1_904' title='bbox 2743 4886 3052 4958; x_wconf 83' lang='grc' dir='ltr'>ὡρισμένον</span> <span class='ocrx_word' id='word_1_905' title='bbox 3099 4887 3197 4956; x_wconf 89' lang='grc' dir='ltr'>τῆς</span> <span class='ocrx_word' id='word_1_906' title='bbox 3233 4885 3517 4958; x_wconf 80' lang='grc' dir='ltr'>μοχθηρᾶς</span> 
     </span>
    </p>
   </div>
   <div class='ocr_carea' id='block_1_121' title="bbox 1923 4965 3514 5041">
    <p class='ocr_par' dir='ltr' id='par_1_121' title="bbox 1923 4965 3514 5041">
     <span class='ocr_line' id='line_1_121' title="bbox 1923 4965 3514 5041; baseline 0.001 -20"><span class='ocrx_word' id='word_1_907' title='bbox 1923 4969 2185 5039; x_wconf 87' lang='grc' dir='ltr'>ἐργασίας</span> <span class='ocrx_word' id='word_1_908' title='bbox 2207 4969 2446 5039; x_wconf 90' lang='grc' dir='ltr'>ἐκείνης,</span> <span class='ocrx_word' id='word_1_909' title='bbox 2475 4965 2700 5026; x_wconf 72' lang='grc' dir='ltr'>οὗτοιδέ</span> <span class='ocrx_word' id='word_1_910' title='bbox 2733 4970 2935 5041; x_wconf 85' lang='grc' dir='ltr'>μέτρον</span> <span class='ocrx_word' id='word_1_911' title='bbox 2951 4970 3106 5023; x_wconf 78' lang='grc' dir='ltr'>οὐδὲν</span> <span class='ocrx_word' id='word_1_912' title='bbox 3142 4971 3345 5031; x_wconf 87' lang='grc' dir='ltr'>ίσασιν,</span> <span class='ocrx_word' id='word_1_913' title='bbox 3395 4969 3514 5022; x_wconf 86' lang='grc' dir='ltr'>ἀλλ’</span> 
     </span>
    </p>
   </div>
   <div class='ocr_carea' id='block_1_122' title="bbox 1919 5052 3514 5126">
    <p class='ocr_par' dir='ltr' id='par_1_122' title="bbox 1919 5052 3514 5126">
     <span class='ocr_line' id='line_1_122' title="bbox 1919 5052 3514 5126; baseline 0.003 -20"><span class='ocrx_word' id='word_1_914' title='bbox 1919 5053 2044 5115; x_wconf 80' lang='grc' dir='ltr'>ὅσον</span> <span class='ocrx_word' id='word_1_915' title='bbox 2072 5054 2138 5107; x_wconf 79' lang='grc' dir='ltr'>ἂν</span> <span class='ocrx_word' id='word_1_916' title='bbox 2166 5052 2424 5125; x_wconf 78' lang='grc' dir='ltr'>όρύξωσι,</span> <span class='ocrx_word' id='word_1_917' title='bbox 2455 5053 2696 5124; x_wconf 82' lang='grc' dir='ltr'>τοσούτῳ</span> <span class='ocrx_word' id='word_1_918' title='bbox 2730 5055 2978 5126; x_wconf 83' lang='grc' dir='ltr'>μείζονος</span> <span class='ocrx_word' id='word_1_919' title='bbox 3030 5055 3283 5122; x_wconf 87' lang='grc' dir='ltr'>ἐφίενται</span> <span class='ocrx_word' id='word_1_920' title='bbox 3319 5055 3514 5110; x_wconf 89' lang='grc' dir='ltr'>ταλαι-</span> 
     </span>
    </p>
   </div>
   <div class='ocr_carea' id='block_1_123' title="bbox 1921 5135 3506 5215">
    <p class='ocr_par' dir='ltr' id='par_1_123' title="bbox 1921 5135 3506 5215">
     <span class='ocr_line' id='line_1_123' title="bbox 1921 5135 3506 5215; baseline 0.002 -25"><span class='ocrx_word' id='word_1_921' title='bbox 1921 5137 2159 5215; x_wconf 73' lang='grc' dir='ltr'>πωρίας.</span> <span class='ocrx_word' id='word_1_922' title='bbox 2190 5139 2254 5191; x_wconf 84' lang='grc' dir='ltr'><strong>Εἰ</strong></span> <span class='ocrx_word' id='word_1_923' title='bbox 2277 5138 2336 5191; x_wconf 82' lang='grc' dir='ltr'>δέ</span> <span class='ocrx_word' id='word_1_924' title='bbox 2356 5140 2556 5191; x_wconf 87' lang='grc' dir='ltr'>ἐκεῖνοι</span> <span class='ocrx_word' id='word_1_925' title='bbox 2588 5137 2688 5207; x_wconf 79' lang='grc' dir='ltr'>μὲν</span> <span class='ocrx_word' id='word_1_926' title='bbox 2711 5137 2958 5203; x_wconf 73' lang='grc' dir='ltr'>ἄκοντες.</span> <span class='ocrx_word' id='word_1_927' title='bbox 2990 5135 3138 5192; x_wconf 84' lang='grc' dir='ltr'>οὑτοι</span> <span class='ocrx_word' id='word_1_928' title='bbox 3159 5139 3217 5193; x_wconf 74' lang='grc' dir='ltr'>δὲ</span> <span class='ocrx_word' id='word_1_929' title='bbox 3265 5139 3506 5203; x_wconf 73' lang='grc' dir='ltr'>ἑκόντες,</span> 
     </span>
    </p>
   </div>
   <div class='ocr_carea' id='block_1_124' title="bbox 1917 5220 3512 5294">
    <p class='ocr_par' dir='ltr' id='par_1_124' title="bbox 1917 5220 3512 5294">
     <span class='ocr_line' id='line_1_124' title="bbox 1917 5220 3512 5294; baseline 0.003 -20"><span class='ocrx_word' id='word_1_930' title='bbox 1917 5221 1980 5274; x_wconf 89' lang='lat'>16</span> <span class='ocrx_word' id='word_1_931' title='bbox 2005 5220 2240 5292; x_wconf 80' lang='grc' dir='ltr'>χαλεπόν</span> <span class='ocrx_word' id='word_1_932' title='bbox 2272 5237 2364 5291; x_wconf 91' lang='grc' dir='ltr'>μοι</span> <span class='ocrx_word' id='word_1_933' title='bbox 2383 5221 2566 5290; x_wconf 84' lang='grc' dir='ltr'>λέγεις</span> <span class='ocrx_word' id='word_1_934' title='bbox 2587 5221 2682 5275; x_wconf 93' lang='grc' dir='ltr'>τοῦ</span> <span class='ocrx_word' id='word_1_935' title='bbox 2705 5224 3036 5294; x_wconf 83' lang='grc' dir='ltr'>νοσήματος,</span> <span class='ocrx_word' id='word_1_936' title='bbox 3060 5223 3144 5277; x_wconf 84' lang='grc' dir='ltr'>δτι</span> <span class='ocrx_word' id='word_1_937' title='bbox 3176 5223 3300 5279; x_wconf 86' lang='grc' dir='ltr'>οὑδὲ</span> <span class='ocrx_word' id='word_1_938' title='bbox 3329 5224 3512 5278; x_wconf 85' lang='grc' dir='ltr'>ἀπαλ-</span> 
     </span>
    </p>
   </div>
   <div class='ocr_carea' id='block_1_125' title="bbox 1923 5303 3508 5378">
    <p class='ocr_par' dir='ltr' id='par_1_125' title="bbox 1923 5303 3508 5378">
     <span class='ocr_line' id='line_1_125' title="bbox 1923 5303 3508 5378; baseline 0.004 -22"><span class='ocrx_word' id='word_1_939' title='bbox 1923 5303 2156 5375; x_wconf 85' lang='grc' dir='ltr'>λαγῆναι</span> <span class='ocrx_word' id='word_1_940' title='bbox 2195 5305 2471 5371; x_wconf 86' lang='grc' dir='ltr'>δύνανται,</span> <span class='ocrx_word' id='word_1_941' title='bbox 2507 5305 2640 5373; x_wconf 79' lang='grc' dir='ltr'>εἴγε</span> <span class='ocrx_word' id='word_1_942' title='bbox 2673 5306 2809 5375; x_wconf 82' lang='grc' dir='ltr'>μηδὲ</span> <span class='ocrx_word' id='word_1_943' title='bbox 2837 5307 3059 5378; x_wconf 86' lang='grc' dir='ltr'>μισοῦσι</span> <span class='ocrx_word' id='word_1_944' title='bbox 3107 5307 3206 5378; x_wconf 80' lang='grc' dir='ltr'>τὴν</span> <span class='ocrx_word' id='word_1_945' title='bbox 3258 5311 3508 5364; x_wconf 84' lang='grc' dir='ltr'>κακοπά-</span> 
     </span>
    </p>
   </div>
   <div class='ocr_carea' id='block_1_126' title="bbox 1915 5386 3509 5464">
    <p class='ocr_par' dir='ltr' id='par_1_126' title="bbox 1915 5386 3509 5464">
     <span class='ocr_line' id='line_1_126' title="bbox 1915 5386 3509 5464; baseline 0.003 -20"><span class='ocrx_word' id='word_1_946' title='bbox 1915 5391 2088 5444; x_wconf 87' lang='grc' dir='ltr'>θειαν.</span> <span class='ocrx_word' id='word_1_947' title='bbox 2135 5389 2277 5443; x_wconf 79' lang='grc' dir='ltr'>Ἀλλ’</span> <span class='ocrx_word' id='word_1_948' title='bbox 2311 5390 2506 5462; x_wconf 83' lang='grc' dir='ltr'>ὥσπερ</span> <span class='ocrx_word' id='word_1_949' title='bbox 2525 5386 2589 5454; x_wconf 79' lang='grc' dir='ltr'>ῦς</span> <span class='ocrx_word' id='word_1_950' title='bbox 2627 5393 2684 5445; x_wconf 79' lang='grc' dir='ltr'>ἐν</span> <span class='ocrx_word' id='word_1_951' title='bbox 2728 5391 2996 5464; x_wconf 83' lang='grc' dir='ltr'>βορϐόρῳ,</span> <span class='ocrx_word' id='word_1_952' title='bbox 3039 5392 3184 5449; x_wconf 71' lang='grc' dir='ltr'>οὕτω</span> <span class='ocrx_word' id='word_1_953' title='bbox 3223 5395 3317 5449; x_wconf 74' lang='grc' dir='ltr'>καὶ</span> <span class='ocrx_word' id='word_1_954' title='bbox 3358 5388 3509 5449; x_wconf 79' lang='grc' dir='ltr'>οὗτοι</span> 
     </span>
    </p>
   </div>
   <div class='ocr_carea' id='block_1_127' title="bbox 1916 5475 3509 5550">
    <p class='ocr_par' dir='ltr' id='par_1_127' title="bbox 1916 5475 3509 5550">
     <span class='ocr_line' id='line_1_127' title="bbox 1916 5475 3509 5550; baseline 0.002 -20"><span class='ocrx_word' id='word_1_955' title='bbox 1916 5479 2036 5540; x_wconf 84' lang='grc' dir='ltr'>ταῖς</span> <span class='ocrx_word' id='word_1_956' title='bbox 2083 5475 2184 5547; x_wconf 89' lang='grc' dir='ltr'>τῆς</span> <span class='ocrx_word' id='word_1_957' title='bbox 2240 5475 2608 5547; x_wconf 84' lang='grc' dir='ltr'>φιλαργυρίας</span> <span class='ocrx_word' id='word_1_958' title='bbox 2668 5476 2955 5542; x_wconf 85' lang='grc' dir='ltr'>δυσωδίαις</span> <span class='ocrx_word' id='word_1_959' title='bbox 3023 5479 3509 5550; x_wconf 86' lang='grc' dir='ltr'>ἐγκαλινδούμενοι</span> 
     </span>
    </p>
   </div>
   <div class='ocr_carea' id='block_1_128' title="bbox 1911 5559 3506 5632">
    <p class='ocr_par' dir='ltr' id='par_1_128' title="bbox 1911 5559 3506 5632">
     <span class='ocr_line' id='line_1_128' title="bbox 1911 5559 3506 5632; baseline 0.002 -18"><span class='ocrx_word' id='word_1_960' title='bbox 1911 5561 2151 5632; x_wconf 76' lang='grc' dir='ltr'>ἥδονται,</span> <span class='ocrx_word' id='word_1_961' title='bbox 2180 5559 2549 5632; x_wconf 78' lang='grc' dir='ltr'>χαλεπώτερα</span> <span class='ocrx_word' id='word_1_962' title='bbox 2575 5562 2880 5632; x_wconf 86' lang='grc' dir='ltr'>πάσχοντες</span> <span class='ocrx_word' id='word_1_963' title='bbox 2896 5563 3006 5616; x_wconf 89' lang='grc' dir='ltr'>τῶν</span> <span class='ocrx_word' id='word_1_964' title='bbox 3031 5563 3340 5618; x_wconf 86' lang='grc' dir='ltr'>καταδίκων</span> <span class='ocrx_word' id='word_1_965' title='bbox 3359 5563 3506 5617; x_wconf 83' lang='grc' dir='ltr'>ἐκεί-</span> 
     </span>
    </p>
   </div>
   <div class='ocr_carea' id='block_1_129' title="bbox 1911 5646 3502 5717">
    <p class='ocr_par' dir='ltr' id='par_1_129' title="bbox 1911 5646 3502 5717">
     <span class='ocr_line' id='line_1_129' title="bbox 1911 5646 3502 5717; baseline 0 -18"><span class='ocrx_word' id='word_1_966' title='bbox 1911 5663 2039 5702; x_wconf 90' lang='grc' dir='ltr'>νων.</span> <span class='ocrx_word' id='word_1_967' title='bbox 2077 5646 2199 5700; x_wconf 86' lang='grc' dir='ltr'>’Ότι</span> <span class='ocrx_word' id='word_1_968' title='bbox 2239 5646 2350 5717; x_wconf 89' lang='grc' dir='ltr'>γάρ</span> <span class='ocrx_word' id='word_1_969' title='bbox 2372 5647 2430 5698; x_wconf 80' lang='grc' dir='ltr'>ἐν</span> <span class='ocrx_word' id='word_1_970' title='bbox 2448 5647 2688 5717; x_wconf 83' lang='grc' dir='ltr'>χείροσίν</span> <span class='ocrx_word' id='word_1_971' title='bbox 2705 5648 2864 5712; x_wconf 89' lang='grc' dir='ltr'>είσιν,</span> <span class='ocrx_word' id='word_1_972' title='bbox 2895 5649 3129 5703; x_wconf 78' lang='grc' dir='ltr'>ἄκουσον</span> <span class='ocrx_word' id='word_1_973' title='bbox 3163 5649 3230 5701; x_wconf 84' lang='grc' dir='ltr'>τά</span> <span class='ocrx_word' id='word_1_974' title='bbox 3253 5647 3502 5716; x_wconf 82' lang='grc' dir='ltr'>ἐκείνων,</span> 
     </span>
    </p>
   </div>
   <div class='ocr_carea' id='block_1_130' title="bbox 1911 5730 3502 5802">
    <p class='ocr_par' dir='ltr' id='par_1_130' title="bbox 1911 5730 3502 5802">
     <span class='ocr_line' id='line_1_130' title="bbox 1911 5730 3502 5802; baseline -0.001 -17"><span class='ocrx_word' id='word_1_975' title='bbox 1911 5733 2005 5785; x_wconf 74' lang='grc' dir='ltr'>καὶ</span> <span class='ocrx_word' id='word_1_976' title='bbox 2037 5730 2159 5783; x_wconf 87' lang='grc' dir='ltr'>τότε</span> <span class='ocrx_word' id='word_1_977' title='bbox 2184 5730 2308 5801; x_wconf 78' lang='grc' dir='ltr'>εἴση</span> <span class='ocrx_word' id='word_1_978' title='bbox 2342 5731 2410 5783; x_wconf 83' lang='grc' dir='ltr'>τὰ</span> <span class='ocrx_word' id='word_1_979' title='bbox 2436 5730 2666 5784; x_wconf 87' lang='grc' dir='ltr'>τούτων.</span> <span class='ocrx_word' id='word_1_980' title='bbox 2690 5730 2925 5799; x_wconf 86' lang='grc' dir='ltr'>Λέγεται</span> <span class='ocrx_word' id='word_1_981' title='bbox 2965 5731 3200 5802; x_wconf 79' lang='grc' dir='ltr'>τοίνυνή</span> <span class='ocrx_word' id='word_1_982' title='bbox 3251 5732 3502 5800; x_wconf 85' lang='grc' dir='ltr'>χρυσῖτις</span> 
     </span>
    </p>
   </div>
   <div class='ocr_carea' id='block_1_131' title="bbox 1908 5813 3502 5886">
    <p class='ocr_par' dir='ltr' id='par_1_131' title="bbox 1908 5813 3502 5886">
     <span class='ocr_line' id='line_1_131' title="bbox 1908 5813 3502 5886; baseline -0.001 -17"><span class='ocrx_word' id='word_1_983' title='bbox 1908 5815 2092 5886; x_wconf 89' lang='grc' dir='ltr'>ἐκείνη</span> <span class='ocrx_word' id='word_1_984' title='bbox 2151 5815 2224 5884; x_wconf 87' lang='grc' dir='ltr'>γῆ</span> <span class='ocrx_word' id='word_1_985' title='bbox 2278 5816 2568 5885; x_wconf 78' lang='grc' dir='ltr'>χηραμοὺς</span> <span class='ocrx_word' id='word_1_986' title='bbox 2604 5813 2701 5866; x_wconf 70' lang='grc' dir='ltr'>καὶ</span> <span class='ocrx_word' id='word_1_987' title='bbox 2743 5813 3072 5878; x_wconf 79' lang='grc' dir='ltr'>καταδύσεις</span> <span class='ocrx_word' id='word_1_988' title='bbox 3113 5814 3259 5885; x_wconf 78' lang='grc' dir='ltr'>ἔχειν</span> <span class='ocrx_word' id='word_1_989' title='bbox 3289 5815 3350 5867; x_wconf 86' lang='grc' dir='ltr'>ἐν</span> <span class='ocrx_word' id='word_1_990' title='bbox 3387 5817 3502 5879; x_wconf 88' lang='grc' dir='ltr'>τοῖς</span> 
     </span>
    </p>
   </div>
   <div class='ocr_carea' id='block_1_132' title="bbox 1907 5893 3501 5970">
    <p class='ocr_par' dir='ltr' id='par_1_132' title="bbox 1907 5893 3501 5970">
     <span class='ocr_line' id='line_1_132' title="bbox 1907 5893 3501 5970; baseline 0 -18"><span class='ocrx_word' id='word_1_991' title='bbox 1907 5900 2161 5970; x_wconf 81' lang='grc' dir='ltr'>ζοφεροῖς</span> <span class='ocrx_word' id='word_1_992' title='bbox 2185 5898 2468 5967; x_wconf 81' lang='grc' dir='ltr'>σπηλαίοις</span> <span class='ocrx_word' id='word_1_993' title='bbox 2493 5897 2731 5962; x_wconf 88' lang='grc' dir='ltr'>ἐκείνοις</span> <span class='ocrx_word' id='word_1_994' title='bbox 2749 5913 2764 5928; x_wconf 83' lang='grc'><strong>·</strong></span> <span class='ocrx_word' id='word_1_995' title='bbox 2797 5898 2888 5951; x_wconf 88' lang='lat' dir='ltr'><em>16v</em></span> <span class='ocrx_word' id='word_1_996' title='bbox 2906 5893 3001 5950; x_wconf 78' lang='grc' dir='ltr'>οῦν</span> <span class='ocrx_word' id='word_1_997' title='bbox 3041 5897 3346 5968; x_wconf 86' lang='grc' dir='ltr'>κακοῦργον</span> <span class='ocrx_word' id='word_1_998' title='bbox 3405 5900 3501 5952; x_wconf 83' lang='lat' dir='ltr'><em>16v</em></span> 
     </span>
    </p>
   </div>
   <div class='ocr_carea' id='block_1_133' title="bbox 224 5973 3494 6056">
    <p class='ocr_par' dir='ltr' id='par_1_133' title="bbox 224 5973 3494 6056">
     <span class='ocr_line' id='line_1_133' title="bbox 224 5973 3494 6056; baseline 0.006 -32"><span class='ocrx_word' id='word_1_999' title='bbox 224 5973 405 6042; x_wconf 78' lang='grc' dir='ltr'>μίσους</span> <span class='ocrx_word' id='word_1_1000' title='bbox 427 5995 444 6044; x_wconf 83' lang='grc'>;</span> <span class='ocrx_word' id='word_1_1001' title='bbox 467 5977 527 6029; x_wconf 74' lang='grc' dir='ltr'>οὐ</span> <span class='ocrx_word' id='word_1_1002' title='bbox 568 5975 850 6049; x_wconf 66' lang='grc' dir='ltr'>ῥᾳθυμίας</span> <span class='ocrx_word' id='word_1_1003' title='bbox 873 5976 969 6028; x_wconf 84' lang='grc' dir='ltr'>καὶ</span> <span class='ocrx_word' id='word_1_1004' title='bbox 999 5975 1195 6040; x_wconf 85' lang='grc' dir='ltr'>κακίας</span> <span class='ocrx_word' id='word_1_1005' title='bbox 1216 5977 1415 6048; x_wconf 70' lang='grc' dir='ltr'>πολλῆς</span> <span class='ocrx_word' id='word_1_1006' title='bbox 1437 5995 1449 6046; x_wconf 90' lang='grc'><strong>;</strong></span> <span class='ocrx_word' id='word_1_1007' title='bbox 1475 5981 1532 6032; x_wconf 78' lang='grc' dir='ltr'>ού</span> <span class='ocrx_word' id='word_1_1008' title='bbox 1557 5980 1629 6050; x_wconf 88' lang='grc' dir='ltr'>γῆ</span> <span class='ocrx_word' id='word_1_1009' title='bbox 1642 5984 1793 6037; x_wconf 82' lang='grc' dir='ltr'>ἐστιν</span> <span class='ocrx_word' id='word_1_1010' title='bbox 1904 5987 2015 6048; x_wconf 86' lang='grc' dir='ltr'>τοῖς</span> <span class='ocrx_word' id='word_1_1011' title='bbox 2046 5983 2162 6037; x_wconf 83' lang='grc' dir='ltr'>ἐκεῖ</span> <span class='ocrx_word' id='word_1_1012' title='bbox 2188 5981 2663 6044; x_wconf 84' lang='grc' dir='ltr'>καταδικασθέντα</span> <span class='ocrx_word' id='word_1_1013' title='bbox 2705 5981 2948 6053; x_wconf 82' lang='grc' dir='ltr'>μόχθοις,</span> <span class='ocrx_word' id='word_1_1014' title='bbox 2988 5983 3076 6042; x_wconf 83' lang='grc' dir='ltr'>διά</span> <span class='ocrx_word' id='word_1_1015' title='bbox 3109 5984 3267 6041; x_wconf 89' lang='grc' dir='ltr'>τοῦτο</span> <span class='ocrx_word' id='word_1_1016' title='bbox 3299 5985 3494 6056; x_wconf 87' lang='grc' dir='ltr'>λύχνον</span> 
     </span>
    </p>
   </div>
  </div>
