3962 6464
202 444 274 504 I97
1219 429 1285 485 i-N
1324 425 1537 484 EPIST.
1582 424 1598 479 Ι
1663 422 1753 478 AD
1790 418 1946 479 COD.
1988 416 2216 475 HOMIL.
2255 416 2441 474 XXIV.

201 572 303 628 ergo
346 565 498 613 terra
546 557 638 613 illa
680 554 906 612 aurifera
949 548 1166 607 latibula
1205 558 1259 603 et
1296 560 1539 602 recessus
1576 540 1775 597 habere

200 654 244 707 in
264 649 567 705 tenebrosis
595 649 700 703 illis
724 645 986 717 speluncis
1015 662 1030 697 :
1061 638 1546 707 facinorosum,qui
1567 635 1634 690 ad
1659 635 1776 694 illos

204 742 393 795 labores
413 740 709 794 damnatus
737 747 849 804 est,
878 736 998 791 ideo
1045 730 1316 788 lucernam
1346 729 1693 799 accipientem
1722 733 1779 780 et

202 833 439 901 iigunem,
470 832 546 887 ita
594 830 823 902 ingredi,
847 838 903 885 et
947 827 1277 897 gutturnium
1323 823 1536 886 aﬂ‘erre,
1567 830 1625 875 ut
1652 818 1778 875 inde

200 927 366 979 oleum
394 924 450 978 in
486 923 759 978 lucernam
808 919 1071 985 infundat,
1104 918 1225 988 quia
1254 914 1490 971 tenebrae
1521 913 1630 967 illic
1655 918 1780 967 sunt

203 1018 349 1073 etiam
398 1015 655 1081 interdiu,
681 1024 739 1070 ut
762 1014 873 1085 jam
916 1013 1047 1068 dixi.
1078 1010 1280 1066 Deinde
1322 1007 1535 1080 quando
1571 1016 1781 1075 tempus

199 1107 462 1162 infelicem
496 1107 642 1163 illum
688 1114 840 1160 vocat
864 1104 930 1159 ad
955 1104 1165 1169 cibum,
1192 1103 1363 1172 ipsum
1392 1097 1605 1170 quidem
1647 1107 1783 1152 tem-

194 1216 287 1271 pus
330 1200 585 1271 ignorare
612 1207 856 1263 narrant;
889 1196 1054 1251 vineti
1084 1209 1213 1250 vero
1245 1191 1522 1248 custodem
1549 1204 1781 1261 superne

193 1292 546 1347 vehementer
584 1289 882 1360 pulsantem
919 1288 1253 1359 speluncam,
1285 1299 1382 1356 per
1416 1283 1694 1354 strepitum
1729 1288 1785 1336 et

188 1396 383 1437 vocem
418 1380 658 1435 indicare
692 1378 851 1434 finem
890 1392 1012 1433 esse
1049 1377 1175 1432 diei.
1209 1376 1401 1430 Annon
1441 1370 1785 1427 inhorruistis

187 1471 307 1526 haec
331 1472 649 1527 audientes?
672 1471 954 1527 Videamus
973 1484 1099 1541 ergo
1118 1482 1296 1523 annon
1321 1465 1404 1522 bis
1426 1466 1670 1535 graviora
1694 1478 1788 1533 pa-

188 1565 397 1619 tiantur
422 1563 590 1617 avari.
618 1563 751 1618 Nam
784 1565 837 1617 bi
866 1576 1078 1633 quoque
1114 1560 1412 1631 graviorem
1442 1558 1643 1614 habent
1668 1572 1788 1613 car-

184 1656 335 1712 eeris
386 1654 685 1719 custodem,
724 1653 1027 1720 avaritiam,
1073 1661 1125 1706 et
1172 1667 1237 1706 eo
1276 1650 1593 1722 graviorem,
1640 1646 1784 1719 quod

183 1762 312 1802 cum
344 1761 578 1816 corpore
599 1746 834 1801 animam
863 1744 1024 1800 simul
1047 1742 1282 1813 colliget.
1325 1742 1418 1796 lla:
1460 1756 1671 1813 quoque
1702 1749 1784 1795 te-

187 1838 379 1894 nebrtn
414 1845 541 1893 sunt
574 1836 676 1892 illis
707 1836 1112 1901 horribiiiores;
1141 1850 1247 1890 non
1279 1844 1404 1890 sunt
1434 1835 1577 1889 enim
1608 1833 1784 1888 sensi-

186 1932 354 1997 biles,
409 1930 505 1987 sed
563 1931 683 1986 illas
732 1931 873 1984 intus
928 1928 1197 1999 parientes
1237 1929 1405 1995 avari,
1452 1940 1789 1998 quocumque

187 2022 467 2089 abierint,
498 2020 693 2092 ubique
718 2035 900 2077 secum
932 2018 1315 2074 circumferunt
1340 2035 1354 2072 :
1382 2017 1677 2073 exstinctus
1707 2024 1790 2071 est

192 2112 342 2167 enim
406 2112 535 2182 ipsis
583 2114 777 2166 anima:
827 2110 1035 2165 oculus.
1088 2108 1319 2180 Ideoque
1370 2108 1617 2164 Christus
1668 2108 1791 2162 illus

195 2203 437 2256 maxime
465 2203 700 2281 manium
733 2201 957 2256 miseros
996 2200 1250 2271 praedicat
1276 2200 1461 2255 dicens
1491 2216 1505 2254 :
1537 2199 1599 2254 Si
1624 2208 1790 2252 autem

196 2295 372 2349 iumen
416 2294 551 2364 quod
598 2294 650 2347 in
690 2303 737 2348 te
778 2303 883 2355 est.
914 2292 1128 2347 tenebris
1171 2292 1302 2360 sint,
1332 2290 1549 2369 tenebrat
1576 2301 1793 2363 quaan

200 2397 349 2439 erunt
374 2385 601 2457 (Matth.
626 2385 679 2440 6.
705 2385 776 2441 25
794 2385 811 2455 )
832 2385 856 2438 ?
876 2384 945 2439 Et
967 2384 1041 2440 illi
1066 2383 1281 2455 quidem
1304 2383 1494 2438 saltem
1517 2383 1791 2437 lucernam

204 2477 407 2532 habent
446 2480 712 2533 lucentem
744 2495 757 2532 :
802 2478 855 2532 hi
884 2488 1063 2533 autem
1092 2476 1182 2531 illa
1213 2476 1489 2547 privantur
1521 2493 1536 2529 :
1568 2473 1795 2544 ideoque

207 2569 442 2639 quotidie
459 2570 512 2623 in
530 2570 777 2625 baratbra
795 2569 1036 2626 incidunt
1057 2569 1359 2625 innumera.
1382 2568 1449 2624 Et
1462 2568 1699 2623 damnati
1718 2568 1794 2624 illi

209 2662 423 2732 quidem
447 2662 763 2718 adveniente
789 2671 947 2718 nocte
966 2663 1253 2734 respirant,
1277 2663 1329 2717 iu
1351 2677 1687 2718 communem
1705 2676 1797 2717 eo-

211 2770 327 2808 rum
355 2755 445 2825 qui
467 2755 608 2810 diem
635 2755 917 2811 infeliciter
945 2763 1320 2826 transegerunt
1358 2753 1795 2824 tranquillitatem

210 2847 539 2916 navigantes,
562 2847 613 2901 in
633 2855 841 2902 noctem
862 2846 1012 2915 dico;
1034 2846 1213 2901 avaris
1229 2856 1405 2902 autem
1423 2845 1566 2900 hunc
1584 2854 1796 2915 portum

210 2939 479 2994 obstruxit
521 2940 741 2995 avaritia
768 2957 783 2994 :
815 2949 896 2995 tot
920 2949 975 2996 et
1001 2940 1160 2994 tantis
1182 2939 1328 2995 curis
1353 2949 1512 2994 noctu
1538 2938 1799 2993 distinen—

210 3043 296 3087 tur
321 3034 373 3089 in
402 3035 535 3101 otio,
565 3035 780 3089 nemine
808 3035 1080 3105 negotium
1112 3034 1359 3101 faciente,
1390 3034 1595 3104 seipsos
1623 3047 1799 3087 mace-

209 3136 410 3181 rantes.
460 3126 530 3181 Et
556 3143 673 3196 qua:
704 3127 790 3181 hic
818 3127 1031 3197 quidem
1080 3137 1311 3197 aguntur
1338 3125 1461 3181 talia
1492 3133 1648 3191 sunt;
1679 3140 1800 3196 qua:

208 3233 337 3273 vero
358 3218 491 3285 illic,
522 3219 640 3289 quis
662 3234 840 3274 sermo
861 3234 1146 3275 recensere
1178 3218 1365 3289 possit,
1390 3216 1634 3273 fornaces
1663 3217 1803 3272 into—

206 3308 498 3377 icrabiles,
533 3309 723 3367 ﬂuvios
769 3311 890 3382 igne
935 3310 1189 3365 ardentes
1210 3351 1224 3375 ,
1256 3311 1445 3366 dentes
1474 3310 1797 3375 stridentes,

208 3403 510 3459 insolubilia
539 3403 768 3470 vincula,
796 3419 1033 3458 vermem
1066 3414 1408 3469 venenatum,
1439 3403 1688 3459 tenebras
1716 3403 1800 3458 lu-

209 3494 285 3548 cis
312 3506 585 3565 expertes,
619 3495 757 3551 mala
786 3511 1071 3566 numquam
1100 3494 1259 3549 finem
1287 3494 1558 3551 habentia.
1592 3495 1803 3551 Timea-

208 3606 325 3643 mus
350 3604 506 3660 ergo,
537 3588 738 3655 dilecti,
768 3587 1030 3659 fugiamus
1058 3587 1259 3643 fontem
1294 3596 1561 3643 tantorum
1592 3589 1802 3644 crucia-

210 3692 379 3745 tumn,
398 3682 632 3736 furorem
656 3680 1032 3744 insatiabilem,
1060 3690 1255 3735 nostra:
1276 3681 1464 3736 salutis
1489 3681 1799 3751 perniciem.

204 3773 321 3828 Non
366 3780 597 3843 possunt
642 3774 782 3827 enim
828 3772 986 3826 simul
1026 3772 1196 3825 amari
1238 3772 1457 3841 pecunia
1508 3780 1562 3827 et
1600 3772 1799 3826 anima.

209 3868 491 3921 Discamus
512 3868 765 3936 pecunias
785 3880 906 3920 esse
932 3873 1129 3921 terram
1150 3874 1204 3920 et
1225 3865 1523 3935 pulverem,
1544 3865 1685 3936 quod
1705 3879 1804 3920 nos

205 3957 467 4013 deserant
494 3957 616 4011 hinc
644 3956 1029 4027 demigrantes,
1064 3958 1173 4011 imo
1201 3972 1330 4011 vero
1356 3971 1500 4027 sarpe
1539 3964 1665 4012 ante
1706 3956 1802 4012 de-

207 4065 424 4106 cessum
450 4058 688 4105 nostrum
713 4050 972 4113 resiliant,
1002 4047 1143 4119 quod
1166 4048 1231 4103 ad
1253 4047 1483 4103 futuram
1507 4056 1735 4104 noceant
1753 4059 1807 4103 et

207 4144 271 4198 ad
295 4152 620 4215 praesentem
648 4143 828 4197 vitam.
864 4142 998 4197 Nam
1026 4152 1079 4197 et
1102 4152 1227 4196 ante
1268 4141 1569 4212 gehennam
1599 4150 1654 4197 et
1681 4152 1807 4198 ante

208 4235 535 4305 supplicium
565 4233 693 4289 illud
722 4235 775 4288 in
800 4233 939 4288 bella
962 4233 1047 4288 hic
1071 4248 1167 4289 nos
1188 4232 1467 4290 innumera
1492 4233 1804 4305 conjiciunt,

3378 419 3474 504 ius

1886 538 2176 594 seditiones
2204 537 2437 592 excitant
2465 546 2518 592 ct
2548 551 2769 608 pugnas.
2799 537 2939 594 Nihil
2979 540 3122 595 enim
3167 540 3234 596 ita
3279 542 3475 603 bellum

1884 633 2116 686 concitat
2151 641 2208 686 ut
2241 630 2491 697 avaritia;
2526 632 2658 687 nihil
2699 634 2769 687 ita
2809 632 3024 703 inopem
3054 636 3261 705 reddit,
3285 638 3398 695 sive
3426 640 3477 694 iu

1885 723 2083 779 divitiis
2105 765 2123 790 ,
2155 724 2268 779 sive
2304 724 2357 779 in
2406 726 2659 795 pauperie
2697 728 3025 796 apparuerit.
3053 728 3302 785 Nascitur
3334 729 3476 789 enim

1885 818 2048 872 etiam
2072 818 2123 872 in
2149 833 2442 889 pauperum
2462 819 2655 875 animis
2674 821 2852 890 gravis
2871 820 2960 877 hic
2979 824 3215 890 morbus,
3240 825 3480 895 illorum-

1886 923 1993 979 que
2011 917 2380 980 paupertatem
2405 910 2574 981 magis
2593 911 2792 966 atterit.
2813 911 2870 967 Si
2889 922 3066 968 autem
3093 915 3343 972 inventus
3369 918 3483 974 fuc-

1889 1000 1959 1054 rit
1978 1016 2180 1071 pauper
2204 1016 2417 1067 avarus,
2442 1017 2547 1056 non
2574 1003 2627 1057 in
2655 1002 2853 1059 divitiis
2881 1004 2989 1069 ille,
3008 1006 3102 1061 sed
3134 1006 3186 1062 in
3217 1006 3360 1064 fame
3388 1010 3482 1066 dat

1889 1105 2096 1161 pcenas.
2142 1090 2261 1147 Non
2287 1090 2430 1147 enim
2460 1101 2639 1163 potest
2667 1094 2751 1149 vel
2780 1094 3005 1151 modicis
3036 1097 3140 1152 illis
3166 1114 3285 1168 quae
3317 1100 3481 1157 habet

1889 1184 2056 1239 libere
2075 1182 2199 1251 frui,
2220 1181 2313 1238 sed
2335 1193 2390 1240 et
2409 1191 2651 1240 ventrem
2672 1182 2815 1241 fame
2836 1194 3010 1251 vexat,
3029 1196 3082 1241 et
3100 1202 3297 1259 corpus
3313 1200 3480 1247 totum

1891 1274 2131 1331 nuditate
2166 1284 2221 1330 et
2260 1274 2458 1345 frigore
2491 1275 2767 1331 ulciscitur
2787 1317 2803 1343 ,
2832 1285 2888 1332 et
2917 1277 2983 1332 iis
3012 1279 3101 1348 qui
3131 1289 3258 1333 sunt
3282 1282 3333 1335 in
3362 1284 3482 1337 vin-

1891 1366 2028 1423 culis
2055 1366 2248 1436 ubique
2293 1365 2589 1437 squalidior
2616 1376 2672 1423 et
2697 1367 2965 1424 sordidior
2992 1381 3076 1425 est
3102 1388 3117 1425 :
3146 1389 3256 1428 sem
3268 1389 3362 1443 per
3390 1375 3483 1431 ﬂet

1892 1467 1948 1512 et
1973 1457 2310 1523 lamentatur,
2341 1473 2404 1512 ac
2430 1457 2476 1513 si
2506 1459 2746 1514 omnium
2778 1459 3115 1518 miserrimus
3147 1464 3237 1531 sit,
3270 1468 3479 1522 etiamsi

1893 1549 2159 1606 innumeri
2180 1551 2289 1605 sint
2310 1551 2400 1606 illo
2419 1552 2786 1622 pauperiores.
2811 1551 2910 1609 Hic
2930 1552 2976 1607 si
3000 1553 3050 1607 in
3074 1554 3247 1610 forum
3271 1557 3479 1628 ingres-

1887 1661 1981 1701 sus
2017 1644 2197 1711 fuerit,
2230 1645 2343 1701 abit
2378 1645 2561 1701 multis
2603 1644 2838 1716 acceptis
2880 1645 3169 1713 vibicibus;
3196 1648 3318 1703 siin
3364 1650 3483 1704 bal-

1889 1753 2071 1801 neum,
2106 1738 2152 1791 si
2186 1737 2237 1792 in
2267 1736 2552 1800 theatrum.
2584 1737 2733 1807 plura
2761 1737 2988 1808 accipiet
3023 1739 3244 1795 vulnera
3268 1783 3283 1805 ,
3316 1756 3423 1796 non
3452 1756 3481 1796 a

1888 1828 2280 1900 spectatoribus
2314 1830 2489 1884 solum
2511 1870 2524 1894 ,
2548 1828 2642 1883 sed
2684 1829 2844 1885 etiam
2884 1828 2955 1883 ab
2990 1830 3055 1885 iis
3091 1832 3181 1901 qui
3230 1832 3283 1886 in
3321 1847 3483 1887 scena

1890 1932 2161 1990 sunt,cutn
2180 1923 2370 1980 viderit
2388 1924 2700 1979 meretrices
2716 1923 2909 1979 multas
2928 1938 3062 1979 auro
3083 1924 3367 1995 fulgentes.
3389 1927 3488 1982 [lie

1891 2017 2053 2073 etiam
2084 2018 2128 2073 si
2160 2018 2212 2073 in
2245 2017 2379 2072 mari
2409 2016 2655 2088 naviget,
2691 2025 3019 2073 mercatores
3045 2026 3100 2074 et
3123 2034 3288 2075 naves
3316 2020 3487 2090 pluri-

1894 2109 1997 2164 mis
2024 2116 2247 2164 onustas
2278 2108 2547 2164 mercibus
2576 2109 2819 2180 cogitans
2849 2120 2904 2165 et
2932 2110 3077 2166 lucra
3108 2111 3363 2182 iungentia,
3396 2129 3489 2168 ne-

1892 2217 1999 2273 que
2026 2217 2086 2258 se
2112 2202 2296 2257 vivere
2322 2202 2527 2273 putabit
2555 2220 2568 2257 :
2593 2203 2804 2259 etiamsi
2830 2219 2926 2274 per
2954 2213 3151 2260 terram
3196 2206 3300 2261 iter
3343 2218 3485 2278 agat,

1893 2310 2073 2366 agros,
2120 2295 2317 2365 praedia
2366 2295 2692 2362 suburbana,
2737 2296 3055 2363 diversoria,
3106 2298 3318 2366 balnea,
3361 2316 3489 2371 pro-

1895 2396 2086 2442 ventus
2116 2387 2240 2443 inde
2268 2396 2451 2459 partos
2494 2388 2757 2459 c0gitans,
2799 2403 2905 2444 non
2954 2389 3168 2445 vitalem
3199 2391 3301 2446 sibi
3328 2393 3490 2448 vitam

1895 2493 2016 2534 esse
2041 2488 2226 2550 postea
2257 2481 2481 2552 putabit.
2503 2480 2655 2549 Quod
2679 2481 2725 2535 si
2752 2481 2904 2536 illum
2928 2481 3089 2537 etiam
3112 2482 3249 2538 intra
3271 2483 3489 2540 domum

1897 2571 2215 2639 incluseris;
2261 2588 2383 2643 quae
2428 2572 2485 2627 in
2529 2571 2645 2628 foro
2689 2573 2896 2641 accepit
2939 2573 3158 2629 vulnera
3208 2573 3490 2643 refricans,

1897 2663 2037 2733 apud
2067 2678 2128 2719 se
2159 2665 2331 2734 magis
2356 2664 2592 2719 animant
2614 2664 2913 2720 cruci-abit:
2943 2679 3211 2738 unamque
3236 2667 3384 2722 novit
3406 2683 3495 2723 so-

1900 2755 2011 2811 lum
2028 2756 2446 2812 consolationem
2470 2756 2730 2811 malorum
2749 2757 2945 2828 quibus
2960 2758 3243 2829 premitur,
3263 2769 3492 2815 mortem

1901 2855 1956 2901 et
1983 2862 2047 2903 ex
2078 2846 2180 2903 hac
2210 2850 2317 2902 vita
2344 2847 2735 2918 migrationem.
2780 2848 2907 2905 Haec
2934 2865 3040 2904 non
3069 2865 3272 2920 pauper
3297 2850 3458 2907 modo
3476 2893 3493 2915 .

1900 2936 1994 2994 sed
2023 2939 2186 2994 etiam
2216 2939 2386 3008 dives,
2414 2940 2505 3012 qui
2535 2940 2588 2996 in
2617 2940 2759 2997 hunc
2788 2942 3039 2997 inciderit
3080 2943 3327 2998 morbum
3353 2984 3367 3009 ,
3397 2959 3496 3014 pa-

1901 3032 2083 3098 tietur,
2106 3040 2164 3088 et
2184 3040 2333 3089 tanto
2360 3034 2528 3105 magis
2556 3049 2713 3105 quam
2739 3049 2959 3105 pauper,
2984 3043 3185 3105 quanto
3206 3035 3498 3091 vehemen-

1903 3125 2007 3181 tior
2036 3126 2282 3182 imminet
2310 3127 2384 3182 illi
2418 3128 2694 3199 tyrannis,
2721 3137 2775 3183 et
2801 3126 2970 3197 major
3000 3126 3253 3183 ebrietas.
3291 3127 3416 3184 Ideo
3441 3144 3499 3183 se

1902 3217 2141 3272 omnium
2184 3219 2583 3289 pauperrimum
2619 3218 2842 3288 putabit,
2867 3218 2977 3273 imo
3010 3219 3169 3273 etiam
3210 3235 3335 3274 vere
3372 3235 3503 3289 pau—

1904 3311 2170 3382 perrimus
2211 3321 2315 3367 est.
2356 3312 2473 3367 Non
2521 3313 2664 3368 enim
2706 3328 2773 3367 ex
2817 3312 3129 3368 facultatum
3179 3314 3372 3383 modo,
3404 3317 3498 3369 Sed

1903 3420 1969 3460 ex
1995 3406 2191 3461 mentis
2212 3404 2409 3461 affectu
2437 3405 2772 3461 aestimantur
2797 3406 2999 3460 divitiae
3025 3415 3082 3461 et
3108 3416 3410 3477 paupertas.
3431 3406 3501 3461 Et

1904 3498 1993 3552 ille
2022 3498 2192 3567 magis
2215 3507 2299 3553 est
2319 3498 2557 3559 omnium
2581 3497 2973 3568 pauperrimus,
2993 3498 3083 3568 qui
3107 3514 3324 3568 semper
3350 3499 3500 3568 plura

1904 3589 2258 3660 concupiscit,
2287 3598 2343 3644 et
2372 3605 2665 3660 numquam
2713 3590 2905 3645 sistere
2935 3598 3110 3660 potest
3139 3589 3275 3645 hanc
3306 3590 3500 3645 malam

1904 3682 2417 3752 concupiscentiam.
2447 3682 2677 3752 Propter
2702 3683 2819 3737 hazc
2846 3682 3024 3736 omnia
3050 3681 3311 3752 fugiamus
3330 3684 3502 3737 avari-

1908 3776 2057 3841 tiam,
2102 3789 2221 3845 qutc
2262 3784 2632 3844 paupertatem
2673 3774 2908 3842 inducit,
2939 3774 3147 3829 animas
3172 3776 3502 3846 corrumpit,

1904 3865 2165 3935 gehennae
2195 3866 2445 3929 amicam,
2478 3865 2746 3920 inimicam
2778 3866 2927 3936 regni
2959 3866 3214 3921 caelorum
3233 3907 3250 3932 ,
3279 3878 3503 3922 matrem

1908 3958 2148 4013 omnium
2179 3958 2339 4012 simul
2371 3958 2673 4024 malorum;
2706 3967 2762 4013 et
2791 3959 3044 4029 pecunias
3071 3968 3503 4028 contemnamus,

1910 4058 1967 4105 ut
2009 4049 2249 4106 fruamur
2276 4049 2535 4119 pecuniis,
2568 4058 2623 4105 et
2649 4065 2770 4104 cum
2802 4049 3044 4120 pecuniis
3078 4049 3319 4106 fruemur
3344 4053 3504 4107 etiam

1909 4143 2067 4199 bonis
2092 4144 2248 4199 nobis
2272 4143 2556 4214 promissis
2592 4160 2605 4198 :
2638 4158 2756 4213 qua:
2789 4143 2990 4198 utinam
3020 4158 3120 4199 nos
3145 4159 3332 4201 omnes
3359 4161 3493 4203 asse-

1910 4234 2003 4307 qui
2026 4235 2320 4306 contingat,
2345 4243 2449 4290 etc.

1873 4373 3457 4394 “W—hﬁ

1602 4448 1945 4515 HOMILIA
1991 4451 2229 4517 XXIV.

209 4606 337 4662 Car.
378 4604 467 4661 ιο.
492 4620 550 4658 v.
580 4603 668 4659 l3.
709 4601 937 4658 Teutatio
963 4619 1049 4658 vos
1088 4618 1187 4657 non
1215 4599 1551 4672 apprehendit
1580 4598 1679 4654 nisi
1699 4599 1794 4653 hu-

284 4713 462 4754 mana.
491 4694 688 4751 Fidelis
716 4703 884 4749 autem
923 4703 995 4749 est
1031 4690 1191 4759 Deus,
1224 4692 1310 4764 qui
1346 4708 1446 4746 non
1476 4691 1693 4761 patietur
1715 4706 1801 4745 vos

282 4789 468 4844 tentari
489 4805 651 4858 supra
676 4787 729 4841 id
754 4786 887 4856 quod
912 4786 1137 4858 potestis,
1188 4785 1276 4839 sed
1322 4784 1471 4855 faciet
1498 4799 1614 4837 cum
1643 4791 1806 4837 tenta-

286 4880 423 4935 tione
451 4888 767 4951 proventum,
795 4890 848 4932 ut
879 4879 1082 4948 possitis
1109 4878 1373 4941 sustinere,
1401 4885 1499 4928 etc.

292 4976 342 5030 1.
411 4975 697 5044 Postquam
748 4974 879 5029 satis
933 4973 1121 5029 terruit
1171 4986 1266 5027 eos
1343 4978 1523 5025 vetera
1579 4984 1805 5025 narrans

225 5068 481 5137 exempla,
512 5076 677 5140 atque
722 5067 775 5122 in
817 5067 983 5122 animi
1011 5080 1266 5135 angorem
1307 5063 1560 5133 conjecit,
1596 5063 1802 5127 dicens,

228 5160 333 5228 Qui
377 5160 562 5216 videtur
606 5172 776 5228 stara,
833 5160 997 5215 uideat
1049 5176 1113 5213 ne
1154 5160 1341 5225 cadat;
1377 5159 1574 5213 multas
1624 5167 1802 5213 autem

221 5253 463 5309 tulerant
481 5258 821 5319 tentationes,
853 5263 907 5310 et
938 5253 988 5308 in
1018 5254 1081 5308 iis
1109 5269 1253 5323 smpe
1274 5268 1393 5309 sese
1410 5260 1801 5309 exercuerant:

214 5364 344 5403 nam
393 5344 459 5402 In
505 5350 817 5418 inﬁrmitate,
865 5347 1057 5417 inquit,
1105 5356 1151 5400 et
1197 5347 1251 5400 in
1299 5347 1475 5399 timore
1504 5356 1551 5398 et
1594 5354 1807 5398 tremore

215 5443 376 5493 multo
407 5442 485 5510 fui
509 5440 651 5510 apud
676 5457 762 5493 vos
784 5440 859 5509 (l.
893 5438 1009 5493 Cor.
1037 5437 1091 5491 2.
1133 5438 1227 5508 5);
1275 5453 1344 5492 ne
1394 5436 1652 5505 dicerent,
1698 5435 1807 5490 Cur

228 5548 313 5589 nos
336 5545 511 5588 terres
539 5544 592 5588 et
618 5533 813 5587 timore
839 5530 1050 5585 afficis?
1082 5545 1186 5583 non
1234 5543 1420 5583 sumus
1466 5528 1516 5580 in
1561 5529 1623 5580 iis
1652 5527 1804 5581 malis

237 5625 602 5690 inexercitati;
651 5642 774 5680 nam
817 5625 951 5694 pulsi
1002 5639 1186 5679 sumus
1233 5634 1286 5677 et
1332 5620 1803 5692 persequutionem

240 5721 379 5785 pissi,
415 5718 585 5774 multa
606 5728 658 5772 et
679 5716 976 5787 frequentia
1004 5714 1262 5770 subiimus
1288 5713 1524 5785 pericula
1551 5731 1564 5767 :
1592 5709 1802 5766 illorum

241 5822 405 5865 rursus
439 5819 706 5865 tumorem
734 5808 1029 5880 reprimens
1057 5807 1132 5863 ait
1170 5825 1182 5860 :
1216 5806 1446 5860 Tentatio
1475 5821 1560 5859 vos
1588 5820 1688 5857 non
1713 5820 1807 5869 ap-

240 5904 488 5972 prehendit
534 5904 632 5954 nisi
662 5902 919 5967 humana;
949 5900 1000 5955 id
1029 5909 1131 5966 est,
1170 5914 1354 5968 parva,
1389 5897 1589 5965 brc\is,
1621 5894 1807 5952 mode-

542 5998 810 6056 PATnOL.
859 5999 973 6057 (in.
1029 5992 1184 6057 LXI.

1910 4606 2046 4653 rata.
2082 4597 2385 4653 Humanum
2428 4597 2572 4654 enim
2604 4598 2737 4653 dicit
2783 4597 2852 4654 de
2901 4613 3087 4669 parvo,
3132 4610 3188 4655 ut
3227 4615 3348 4656 cum
3377 4603 3452 4656 ait
3486 4621 3500 4658 :

1914 4688 2212 4744 Humanum
2226 4688 2339 4744 dico
2358 4699 2565 4762 prapter
2582 4689 2633 4743 in
2638 4690 2929 4760 ﬁrmitatem
2950 4692 3118 4745 carnis
3135 4703 3312 4747 vestrm
3325 4693 3501 4765 (Rom.

1912 4784 1965 4838 6.
1998 4781 2110 4852 l9).
2140 4780 2218 4837 Ne
2265 4782 2445 4853 itaque
2486 4783 2653 4838 altum
2694 4783 2935 4854 sapiatis,
2968 4783 3160 4854 inquit,
3192 4798 3258 4839 ac
3287 4785 3333 4839 si
3366 4796 3503 4841 tem-

1912 4882 2174 4945 pestatem
2211 4875 2597 4945 superaveritis
2626 4892 2641 4931 :
2668 4874 2910 4930 nondum
2945 4875 3088 4930 enim
3125 4876 3332 4931 vidistis
3363 4879 3494 4948 peri-

1912 4967 2091 5023 culum
2122 4966 2265 5037 quod
2312 4975 2542 5023 mortem
2584 4967 2902 5035 minaretur,
2950 4982 3123 5037 neque
3153 4970 3502 5026 lentationem

1913 5066 2141 5113 mortem
2168 5057 2547 5114 intentantem.
2587 5057 2742 5127 Quod
2772 5059 2933 5115 etiam
2982 5059 3220 5116 Hebraeis
3249 5060 3502 5117 dicebat:

1914 5148 2160 5206 Nondum
2188 5169 2343 5218 usque
2363 5153 2432 5205 ad
2460 5152 2759 5223 sanguinem
2782 5152 3033 5206 restitistis
3055 5152 3297 5208 adversus
3325 5172 3505 5225 pecca-

1913 5254 2383 5315 tumrepngnantes
2412 5243 2595 5315 (Hebr.
2644 5242 2729 5298 12.
2768 5243 2847 5310 4).
2898 5243 3100 5299 Deinde
3147 5246 3272 5316 quia
3317 5257 3505 5302 exter-

1913 5344 2114 5400 ruerat,
2146 5334 2265 5390 vide
2296 5334 2566 5405 quomodo
2596 5349 2782 5390 rursus
2826 5333 2947 5389 illos
2984 5334 3178 5407 erigat,
3220 5348 3504 5409 postquam

1912 5438 2252 5499 persuaserat
2290 5426 2397 5482 illis
2423 5436 2481 5482 ut
2505 5426 2747 5483 modeste
2770 5438 3013 5499 agerent,
3045 5428 3268 5484 dicens:
3304 5429 3504 5485 Fidelis

1911 5529 1982 5572 est
2004 5515 2143 5572 Deus
2162 5520 2250 5589 qui
2279 5535 2380 5572 non
2411 5518 2628 5588 patietur
2654 5532 2739 5572 vos
2764 5519 2949 5572 tentari
2978 5536 3136 5591 supra
3171 5520 3228 5573 id
3251 5520 3387 5591 quod
3412 5538 3502 5590 po-

1914 5611 2069 5664 testis.
2108 5611 2249 5682 Ergo
2296 5618 2419 5665 sunt
2451 5610 2777 5665 tentationes
2806 5625 2929 5681 qua:
2959 5611 3084 5665 ferri
3115 5626 3222 5666 non
3254 5620 3501 5681 possunt.

1916 5704 1982 5759 Et
2008 5721 2252 5775 quaenam
2273 5704 2421 5760 illae?
2447 5704 2669 5773 Omnes,
2694 5718 2752 5761 ut
2781 5706 2853 5761 ita
2874 5706 3069 5762 dicam.
3095 5706 3337 5761 Potestas
3356 5705 3497 5761 enim

1914 5799 1966 5854 in
1990 5799 2081 5854 Dei
2114 5808 2245 5855 nutu
2273 5800 2375 5855 sita
2402 5808 2505 5865 est,
2531 5815 2689 5871 quam
2713 5815 2808 5872 per
2836 5800 3127 5855 voluntatis
3156 5808 3351 5854 nostra:
3374 5813 3495 5853 seu-

1915 5890 2135 5947 tentiam
2179 5890 2520 5948 attrabimus.
2553 5893 2913 5959 Quamobrem
2948 5902 3002 5947 ut
3031 5891 3207 5946 discas
3231 5902 3503 5952 accurate,

3086 5992 3163 6054 13
