3962 6452
524 431 628 490 τθο

526 546 670 621 quod
703 560 810 601 non
839 543 1007 600 solum
1035 543 1172 611 illas,
1195 557 1312 615 quae
1337 549 1578 595 nostram
1601 546 1856 608 superant
1886 544 2122 607 potesta-

531 651 659 705 tem,
691 637 786 694 sed
815 652 986 708 neque
1025 636 1187 692 hasce
1218 634 1480 690 humanas
1516 632 1786 704 possimus
1817 630 1934 685 sine
1978 628 2120 683 illius

526 731 727 788 auxilio
755 731 910 786 facile
933 727 1096 794 ferre,
1123 726 1400 798 subjunxit
1429 741 1443 779 :
1475 723 1582 780 Sed
1610 723 1760 795 faciet
1801 737 1915 776 cum
1960 730 2122 774 tenta-

527 828 664 882 tione
682 833 997 897 proventum,
1023 830 1077 875 ut
1103 820 1306 893 possitis
1323 819 1593 874 sustinere.
1629 816 1812 885 Neque
1836 813 1979 870 enim
2003 813 2120 867 illas

529 919 856 983 moderatas,
890 924 947 970 ttt
971 914 1079 970 dixi
1102 954 1117 979 ,
1155 913 1371 984 propria
1408 911 1607 966 virtute
1648 910 1913 972 feremus;
1945 905 2037 961 sed
2067 905 2117 958 in

528 1010 611 1066 Itis
639 1025 852 1082 quoque
883 1008 1001 1079 ejus
1029 1022 1250 1079 egemus
1280 1007 1500 1073 auxilio,
1532 1016 1588 1060 ut
1619 1019 1711 1058 eas
1741 1001 2115 1074 pervadamus,

518 1113 578 1159 et
624 1113 912 1172 antequam
952 1101 1308 1171 pervadamus
1347 1100 1598 1155 feramus.
1647 1096 1766 1168 Ipse
1813 1108 2042 1164 namque
2067 1100 2120 1145 tt

526 1194 838 1264 patientiam
867 1192 978 1260 dat,
1024 1202 1076 1248 et
1105 1199 1405 1263 promptam
1434 1189 1800 1246 liberationem
1825 1185 2013 1251 affert;
2046 1184 2118 1238 ita

526 1297 584 1340 ut
613 1289 711 1342 hac
736 1285 946 1341 ratione
974 1285 1202 1340 teutatio
1231 1282 1359 1338 ferri
1392 1283 1582 1354 possit.
1615 1281 1726 1336 Hoc
1762 1278 1906 1334 enim
1933 1276 2118 1332 subin-

525 1378 958 1434 dicavitdicens:
990 1375 1168 1431 Faciet
1193 1376 1384 1432 exitum
1406 1386 1458 1429 ut
1480 1375 1683 1447 possitis
1705 1373 1948 1427 sustinere
1967 1388 1984 1436 ;
2003 1385 2117 1422 om-

523 1474 720 1544 niaque
742 1473 816 1526 illi
848 1470 1110 1538 attribuit,
1141 1471 1228 1525 ﬂ.
1263 1468 1481 1540 Propter
1505 1466 1640 1537 quod
1657 1507 1670 1531 ,
1705 1462 1957 1519 carissimi
1983 1461 2116 1527 mei,

525 1566 684 1636 fugite
703 1564 765 1617 ab
786 1564 1040 1618 idolorum
1059 1562 1216 1616 cultu.
1247 1561 1452 1616 Rursus
1477 1560 1596 1614 illos
1615 1558 1808 1613 leniter
1830 1556 2119 1626 alloquitur

525 1657 708 1710 addito
734 1654 1068 1724 cognationis
1097 1653 1335 1718 nomine,
1367 1661 1423 1707 et
1450 1666 1570 1707 cum
1612 1664 1802 1722 magna
1834 1657 1986 1718 urget
2025 1661 2117 1701 ce-

528 1747 738 1802 leritate
767 1755 825 1799 ut
851 1744 920 1799 ab
947 1744 1050 1800 hoc
1083 1753 1302 1816 peccato
1331 1744 1646 1800 liberentur.
1671 1740 1788 1796 Non
1815 1740 1958 1795 enim
1987 1739 2119 1793 dicit

526 1838 725 1902 solum,
761 1836 1048 1903 Discedite,
1080 1835 1196 1899 sed,
1232 1833 1455 1906 Fugite:
1481 1850 1544 1888 ac
1570 1849 1683 1888 rem
1713 1839 1868 1886 vocat
1897 1829 2122 1884 idolola-

528 1931 682 1984 triam
707 1945 722 1996 ;
751 1937 806 1984 et
841 1929 910 1985 ob
939 1928 1166 1998 proximi
1205 1927 1456 1982 damnum
1491 1927 1601 1996 jam
1646 1941 1753 1980 non
1803 1924 1963 1978 modo
1988 1923 2118 1978 abs-

527 2022 722 2078 cedere
742 2023 913 2093 jubet,
947 2022 1040 2077 sed
1071 2037 1184 2076 rem
1223 2020 1392 2092 ipsam
1440 2036 1536 2091 per
1576 2034 1636 2075 se
1664 2018 1910 2074 sufficere
1937 2018 2010 2071 ait
2050 2015 2118 2070 ad

527 2131 774 2188 magnam
807 2114 1137 2171 afferendam
1182 2115 1496 2186 perniciem.
1546 2114 1635 2169 15.
1687 2111 1752 2169 Ut
1793 2111 2119 2183 prudentibus

526 2209 707 2276 loquor
723 2222 744 2273 ,°
771 2222 854 2261 vos
870 2207 1102 2278 judicate
1118 2207 1254 2277 quod
1274 2206 1405 2261 diro.
1428 2206 1558 2273 Quia
1575 2205 1718 2261 enim
1740 2219 1852 2260 rem
1869 2218 2116 2273 magnam

526 2301 780 2372 loquutus
806 2309 904 2366 est,
949 2310 1004 2355 et
1045 2301 1251 2356 crimen
1298 2301 1446 2355 auxit
1490 2312 1689 2355 vocans
1719 2297 2115 2361 idololatriatn;

525 2406 594 2446 ne
621 2392 893 2446 videretur
918 2405 1242 2462 exasperare
1272 2389 1390 2446 illos
1411 2399 1462 2444 et
1492 2390 1718 2445 molesta
1747 2389 1822 2444 uti
1854 2388 2116 2453 oratione,

524 2485 632 2541 illis
659 2485 878 2541 demum
901 2485 1161 2556 judicium
1185 2485 1466 2556 permittit,
1497 2494 1552 2540 et
1578 2499 1699 2540 cum
1727 2482 1885 2539 laude
1909 2482 2118 2552 judices

522 2578 800 2634 eunSIituit
832 2577 969 2632 illos.
1003 2575 1071 2633 Ut
1119 2577 1453 2648 prudentibus
1485 2577 1686 2648 loquor,
1732 2575 1904 2646 inquit
1931 2592 1945 2629 :
1975 2572 2117 2644 quod

522 2680 607 2727 est
652 2669 940 2727 admodum
987 2670 1311 2727 confidentis
1353 2685 1531 2726 causae
1582 2678 1634 2724 ct
1681 2669 1788 2740 juri
1835 2683 1951 2733 suo,
1995 2681 2116 2722 cum

523 2779 724 2832 nempe
747 2762 896 2817 illum
926 2762 1014 2833 qui
1042 2770 1328 2817 accusatur
1368 2761 1494 2816 dicti
1534 2759 1770 2831 judicem
1816 2758 2114 2814 constituit.

521 2853 635 2909 Hoc
663 2852 960 2909 auditorem
988 2851 1156 2926 magis
1182 2852 1359 2923 erigit,
1389 2851 1604 2923 quando
1632 2865 1737 2905 non
1763 2849 1914 2920 quasi
1948 2850 2116 2920 impe-

521 2959 647 3000 rans
669 2954 722 3000 et
743 2945 912 3015 legem
942 2945 1140 3012 ferens,
1184 2943 1280 2999 sed
1323 2944 1475 3014 quasi
1504 2941 1790 2997 consulens
1821 2951 1875 2994 et
1902 2940 2114 2995 illorum

516 3039 776 3109 judicium
805 3049 1143 3108 exspectans,
1177 3037 1256 3092 sic
1285 3036 1524 3092 disserit.
1559 3034 1692 3089 Cum
1722 3031 1925 3089 Judteis
1945 3032 2115 3099 enim,

521 3143 705 3203 quOte
732 3132 918 3186 insana
943 3139 997 3185 et
1019 3129 1208 3200 puerili
1241 3139 1424 3184 mente
1446 3126 1707 3197 praeditis,
1739 3140 1846 3180 non
1867 3123 1946 3179 sic
1974 3124 2115 3179 Deus

521 3222 860 3295 loquebatur,
890 3237 1066 3293 neque
1109 3234 1324 3290 semper
1353 3219 1459 3274 illis
1504 3217 1878 3273 mandatorum
1923 3229 2116 3271 causas

520 3315 792 3372 iudicabat
815 3331 830 3381 ;
855 3315 949 3370 sed
984 3323 1186 3369 tantum
1205 3312 1426 3384 jubebat
1454 3330 1466 3366 :
1500 3311 1586 3366 hic
1613 3320 1814 3377 autem,
1845 3309 1968 3381 quia
2000 3323 2115 3363 ma-

519 3424 621 3479 gna
667 3408 916 3464 libertate
968 3404 1214 3468 fruimur,
1272 3414 1327 3460 et
1379 3402 1662 3458 consilium
1717 3400 1872 3457 nobis
1916 3399 2110 3467 adest,

519 3512 577 3556 ut
609 3500 813 3554 amicos
844 3513 941 3554 nos
984 3497 1272 3567 alloquitur
1311 3504 1365 3551 et
1391 3496 1464 3548 ait
1507 3513 1518 3548 :
1563 3493 1678 3548 Non
1707 3506 1840 3563 Opus
1869 3500 1952 3546 est
1980 3490 2112 3545 mihi

518 3594 638 3649 aliis
664 3593 933 3664 iudicibus
965 3609 978 3645 :
1010 3607 1105 3646 vos
1131 3588 1262 3645 mibi
1287 3589 1550 3645 calculum
1585 3588 1742 3656 ferte,
1781 3600 1881 3642 vos
1907 3585 2113 3656 accipio

514 3686 742 3756 jndices.
774 3684 863 3740 i6.
889 3683 1037 3738 Catia:
1057 3682 1438 3747 benedictionis,
1463 3681 1546 3734 cui
1568 3679 1926 3746 benedicimus,
1946 3693 2114 3732 nonne

515 3775 906 3830 communicatio
931 3774 1194 3845 sanguinis
1225 3772 1412 3829 Christi
1431 3773 1545 3828 est?
1565 3771 1704 3841 Quid
1725 3771 1880 3837 dicis,
1905 3787 1939 3826 0
1960 3771 2113 3827 beate

520 3867 722 3926 Paule?
771 3878 828 3923 ut
869 3865 1169 3922 auditorem
1216 3865 1420 3939 pudore
1465 3865 1709 3933 allicias,
1751 3866 2112 3937 mysteriaque

519 3959 787 4019 horrenda
840 3976 1184 4029 memorans,
1232 3961 1626 4018 benedictionis
1679 3960 1903 4016 calicem
1948 3973 2114 4015 vocas

518 4057 814 4114 terribilem
842 4056 990 4112 illum
1023 4067 1183 4127 atque
1205 4055 1595 4111 formidandum
1623 4053 1884 4111 calicem?
1913 4053 2109 4121 Etiam,

516 4152 690 4223 inquit
720 4169 736 4206 :
765 4166 872 4205 non
902 4165 1066 4222 parva
1112 4150 1256 4206 enim
1294 4163 1384 4205 res
1413 4157 1511 4205 est
1553 4163 1674 4219 quae
1717 4147 1936 4203 dicitur.
1977 4147 2110 4202 Nam

517 4260 640 4300 cum
672 4243 1102 4299 benedictionem
1130 4242 1272 4308 dico,
1314 4257 1529 4298 omnem
1554 4242 1770 4311 explico
1808 4241 1904 4296 Dei
1940 4240 2108 4296 bene-

517 4336 748 4392 licentiae
780 4335 1114 4402 thesaurum,
1142 4342 1197 4388 ct
1226 4348 1416 4405 magna
1445 4333 1532 4388 illa
1554 4332 1693 4388 dona
1719 4332 1772 4388 in
1793 4333 2108 4388 memoriam

516 4445 729 4487 revoco.
761 4428 892 4484 Nam
919 4444 1018 4483 nos
1037 4443 1253 4500 quoque
1277 4427 1344 4482 ad
1365 4428 1586 4484 calicem
1609 4435 1954 4484 recensentes
1967 4426 2112 4484 inef-

519 4522 699 4577 fabilia
741 4520 839 4576 Dei
867 4519 1149 4588 beneficia,
1193 4527 1249 4575 et
1287 4521 1465 4574 omnia
1509 4520 1704 4590 quibus
1751 4520 1996 4586 fruimur,
2030 4521 2110 4576 sic

516 4615 669 4670 illum
709 4612 985 4668 offerimus
1028 4620 1082 4666 et
1120 4612 1603 4681 comntunieantus,
1653 4612 1850 4682 gratias
1888 4623 2108 4684 agentes

515 4705 657 4777 quod
706 4719 877 4777 genus
920 4705 1210 4759 humanum
1258 4705 1326 4760 ab
1369 4720 1554 4761 errore
1595 4705 1931 4772 liberaverit;
1964 4706 2105 4778 quod

516 4817 632 4865 cos,
662 4800 752 4884 qui
795 4799 982 4870 procul
1025 4809 1198 4864 erant,
1247 4814 1415 4869 prope
1455 4799 1674 4866 fecerit;
1722 4800 1863 4871 quod
1887 4817 1978 4857 eos
2015 4803 2106 4874 qui

513 4907 666 4964 spem
691 4907 794 4947 non
826 4892 1090 4948 baberent
1117 4901 1171 4946 et
1210 4891 1354 4948 atltei
1393 4901 1545 4948 erant
1581 4892 1631 4947 in
1665 4894 1881 4960 mundo,
1917 4895 2106 4950 fratres

515 4999 646 5040 suos
669 4996 722 5040 et
749 4984 1043 5041 coheredes
1071 4984 1430 5048 constituerit.
1477 4985 1581 5040 Pro
1621 4984 1703 5040 his
1743 4996 1798 5040 et
1841 4986 2106 5042 similibus

513 5075 714 5145 gratias
739 5083 978 5146 agentes,
1020 5074 1100 5131 sie
1146 5073 1468 5130 accedimus.
1517 5075 1800 5144 Quomodo
1825 5091 1928 5131 non
1969 5092 2103 5132 con-

512 5165 677 5220 traria
707 5163 899 5229 facitis.
924 5166 1154 5237 inquies,
1182 5180 1215 5221 ο
1243 5164 1532 5234 Corinthii,
1568 5165 1678 5222 Deo
1704 5166 1917 5237 quidem
1939 5167 2104 5224 bene-

514 5260 778 5327 dicentcs,
807 5258 948 5331 quod
975 5272 1073 5314 vos
1102 5258 1170 5314 ab
1210 5258 1366 5313 idolis
1393 5259 1724 5326 liberaverit,
1764 5259 1890 5315 dum
1918 5276 2104 5316 rursus

514 5351 582 5406 ad
612 5350 821 5406 illorum
853 5365 1068 5406 mensas
1097 5350 1374 5406 aceurritis
1391 5351 1418 5405 ?
1441 5349 1590 5406 Catia:
1616 5351 1997 5420 benedictionis,
2020 5351 2102 5406 cui

511 5445 869 5512 benedicimus,
893 5462 1057 5499 nonne
1079 5445 1470 5499 communicatio
1490 5445 1754 5518 sanguinis
1778 5443 1968 5501 Christi
1987 5446 2103 5501 est?

512 5539 681 5596 Valde
709 5538 940 5594 fideliter
965 5536 1099 5592 dixit
1140 5548 1194 5594 et
1243 5536 1557 5593 terribiliter
1599 5557 1614 5593 :
1655 5537 1758 5594 hoe
1801 5538 1944 5593 enim
1986 5539 2102 5594 vult

508 5631 813 5704 significare
841 5647 856 5696 ;
886 5630 998 5688 Hoc
1027 5630 1168 5702 quod
1216 5631 1271 5686 in
1301 5631 1468 5687 calice
1491 5638 1593 5694 est,
1619 5628 1755 5684 illud
1788 5631 1959 5699 ipsum
1995 5641 2098 5698 est,

509 5727 649 5794 quod
676 5741 742 5782 ex
774 5724 943 5782 latere
971 5723 1149 5791 ﬂuxit,
1177 5734 1232 5779 et
1259 5724 1404 5778 illius
1436 5738 1620 5778 sumus
1648 5723 1957 5794 participes.
1991 5723 2096 5779 Ca-

507 5814 666 5870 licem
696 5825 872 5873 autem
916 5813 1313 5873 benedictionis
1355 5815 1586 5879 vocavit,
1626 5813 1749 5884 quia
1792 5814 1942 5870 illum
1989 5831 2097 5886 przc

513 5905 753 5964 manibus
795 5907 1077 5975 habentes,
1117 5907 1194 5966 sie
1225 5907 1398 5978 ipsum
1427 5906 1789 5976 celebramus,
1819 5906 2090 5964 admiran~

1337 429 1396 486 S.
1422 425 1697 485 JO.\NNIS
1734 419 2206 482 CHRYSOSTOMI
2247 419 2561 476 ARCIIIEP.
2601 418 3130 480 CONSTANTI‘NOP.
3670 436 3757 496 εσυ

2231 540 2332 600 tes,
2363 541 2568 588 terrore
2597 535 2824 604 perculsi
2863 537 2932 592 de
2957 524 3210 591 ineffabili
3240 536 3394 606 dono,
3419 541 3758 605 benedicentes

2223 625 2363 696 quod
2390 626 2560 696 ipsum
2584 625 2848 693 effuderit,
2885 639 2942 682 ut
2972 645 3038 683 ne
3068 630 3119 684 in
3145 646 3326 686 errore
3357 650 3693 707 maneremus;
3717 659 3760 697 et

2225 731 2328 771 n0tt
2355 719 2528 772 solum
2558 717 2825 786 effuderit,
2848 721 2941 774 sed
2973 721 3134 775 etiam
3159 739 3280 777 eum
3311 725 3473 793 ipsum
3497 729 3634 783 nobis
3656 747 3756 785 out-

2225 808 2381 864 nibus
2411 810 2749 880 impertierit.
2785 810 2965 882 Itaque
2991 813 3035 866 si
3069 815 3375 884 sanguinem
3401 820 3563 888 cupis,
3595 822 3762 892 inquit,

2225 916 2293 957 ne
2322 901 2589 956 idolorum
2615 917 2762 957 aram
2795 904 3074 959 brutorutn
3104 905 3272 973 crede,
3304 908 3397 962 sed
3427 909 3584 965 altare
3610 928 3762 968 meum

2222 997 2480 1066 sanguine
2510 1010 2633 1051 meo
2656 1005 2898 1052 cruenta.
2932 998 3068 1064 Quid
3093 997 3192 1054 bac
3219 1016 3276 1056 re
3307 1000 3620 1059 horribilius?
3640 1008 3766 1076 quid,

2223 1099 2425 1155 quaeso,
2451 1085 2772 1142 amabilius?

2291 1175 2347 1229 2.
2399 1177 2510 1231 lloc
2540 1187 2593 1232 et
2622 1187 2892 1235 amatores
2923 1180 3145 1237 faciunt.
3182 1183 3312 1240 Cum
3345 1185 3520 1241 vident
3540 1201 3632 1243 eos
3654 1204 3766 1259 quos

2221 1280 2403 1325 amant
2429 1271 2602 1327 aliena
2633 1275 3077 1345 concupiscentes
3102 1285 3156 1330 et
3182 1292 3274 1332 sua
3311 1276 3670 1349 despicientes,
3690 1297 3765 1335 sua

2221 1364 2412 1420 dantes
2437 1367 2761 1436 persuadent
2789 1368 3078 1426 abscedere
3105 1371 3172 1426 ab
3195 1371 3258 1426 iis
3283 1387 3400 1442 qua:
3427 1372 3624 1427 illorum
3645 1385 3765 1430 sunt.

2223 1457 2328 1513 Sed
2363 1461 2452 1529 qui
2481 1470 2683 1525 amant,
2719 1461 2769 1516 in
2799 1464 3040 1533 pecuniis
3081 1475 3134 1519 et
3162 1466 3405 1520 vestibus
3429 1469 3767 1537 et-possessio-

2221 1550 2382 1606 nibus
2410 1551 2548 1606 hanc
2594 1552 2852 1608 exhibent
2898 1554 3310 1624 liberalitatem;
3342 1559 3393 1614 in
3423 1562 3666 1631 sanguine
3690 1576 3770 1615 au-

2224 1649 2330 1698 tem
2389 1644 2569 1699 nullus
2614 1662 2914 1716 utnquam:
2961 1649 3204 1705 Christus
3232 1667 3358 1708 vero
3404 1652 3456 1708 in
3497 1653 3592 1709 hoc
3619 1669 3770 1709 curata

2223 1749 2372 1790 suam
2397 1738 2633 1793 ostendit
2661 1753 2714 1793 et
2739 1739 3017 1796 ardentem
3047 1759 3170 1814 erga
3203 1761 3302 1802 nos
3331 1748 3619 1802 caritatem.
3647 1749 3702 1803 Et
3727 1750 3771 1805 in

2225 1829 2389 1883 veteri
2419 1828 2633 1899 quidem
2667 1830 2804 1901 lege,
2829 1833 2951 1903 quia
2992 1833 3422 1906 imperfectiores
3442 1849 3606 1902 erant,
3640 1855 3772 1910 quem

2223 1919 2381 1975 idolis
2411 1921 2708 1979 offerebant
2747 1927 3084 1997 sanguinem,
3112 1945 3234 1984 eum
3268 1932 3384 2002 ipse
3413 1933 3649 2004 excipere
3671 1950 3771 1989 sus-

2224 2013 2401 2078 tinuit,
2433 2023 2490 2068 ut
2523 2017 2590 2069 ab
2635 2016 2737 2071 illis
2761 2018 3089 2088 abduceret;
3115 2023 3257 2092 quod
3286 2024 3462 2094 ipsum
3492 2042 3660 2082 rursus
3682 2039 3776 2082 erat

2222 2107 2422 2161 amoris
2454 2107 2780 2165 inefl'abilis:
2824 2111 2912 2168 hic
2949 2122 3131 2169 autem
3173 2117 3226 2171 in
3274 2133 3388 2174 rem
3421 2120 3774 2177 horribiliorem

2223 2209 2278 2254 et
2307 2200 2819 2271 magnificentiorcm
2870 2207 3260 2266 sacerdotalem
3307 2215 3574 2269 transtulit
3614 2231 3775 2286 opera-

2224 2291 2444 2357 tionem,
2467 2292 2597 2362 .ipso
2627 2305 2832 2351 mutato
2857 2299 3153 2369 sacrificio,
3183 2311 3237 2358 et
3267 2320 3364 2375 pro
3395 2305 3659 2363 brutorum
3686 2325 3777 2363 ina-

2221 2383 2456 2437 ctatiune
2473 2384 2706 2454 scipsum
2725 2386 3100 2456 jussitofl‘erri.
3131 2392 3296 2450 Panis
3339 2413 3484 2468 quem
3504 2401 3777 2472 frangimus,

2223 2489 2390 2528 nonne
2415 2479 2802 2534 communicatio
2826 2483 3054 2552 corporis
3091 2483 3282 2541 Christi
3312 2499 3388 2544 cst
3409 2491 3434 2543 ?
3460 2490 3566 2547 Cur
3591 2507 3684 2546 non
3711 2492 3778 2546 di-

2221 2564 2318 2628 xit,
2353 2565 2729 2636 l’articipatio?
2753 2570 2884 2640 Quia
2930 2575 3092 2631 voluit
3128 2578 3255 2646 quid
3288 2582 3518 2652 amplius
3554 2585 3780 2655 significa-

2221 2671 2305 2723 re,
2338 2669 2392 2712 et
2432 2674 2678 2730 magnam
2724 2663 2962 2720 indicare
3007 2671 3470 2738 conjunctionem.
3511 2674 3620 2730 Non
3662 2677 3780 2731 enim

2221 2762 2344 2803 cum
2397 2753 2780 2824 participamus
2828 2764 3033 2814 tantum
3076 2771 3130 2816 et
3167 2766 3470 2835 sumimus,
3521 2768 3610 2824 sed
3650 2770 3781 2824 etiam

2221 2855 2342 2896 cum
2395 2844 2772 2916 conjungimur
2823 2853 3309 2912 communicantus.
3361 2859 3782 2928 Quemadmodum

2221 2933 2364 2987 enim
2396 2949 2590 3006 corpus
2636 2938 2767 2994 illud
2812 2940 3028 2999 Christo
3063 2945 3348 3018 jungitur:
3382 2951 3452 3007 ita
3495 2963 3546 3008 et
3589 2969 3676 3008 nos
3709 2969 3784 3024 per

2221 3039 2414 3093 panem
2442 3027 2584 3085 hunc
2611 3033 2844 3089 unimur.
2875 3035 2982 3090 Cur
3007 3049 3184 3094 autem
3216 3043 3451 3114 addidit,
3485 3046 3639 3114 Quem
3664 3050 3782 3118 fran-

2219 3119 2424 3188 gimus?
2449 3121 2552 3178 hoc
2591 3125 2736 3181 enim
2779 3127 2833 3183 in
2871 3129 3192 3188 eucharistia
3235 3136 3356 3192 fieri
3391 3140 3571 3196 videre
3607 3149 3705 3206 est;
3743 3140 3783 3192 in

2219 3227 2380 3266 cruce
2410 3228 2538 3269 vero
2566 3231 2670 3272 non
2704 3219 2829 3274 item
2851 3261 2865 3285 ,
2898 3221 3004 3275 imo
3027 3227 3362 3284 contrarium
3392 3247 3405 3283 :
3439 3231 3514 3285 ait
3540 3232 3703 3298 enim,
3730 3229 3786 3281 Ut

2220 3321 2321 3358 non
2349 3308 2715 3364 comminuetur
2761 3311 2962 3383 (Nunt.
2993 3315 3046 3372 9.
3081 3316 3150 3370 12
3173 3336 3186 3386 ;
3213 3317 3394 3379 Exod.
3429 3322 3514 3377 12.
3556 3324 3620 3379 46
3636 3323 3673 3395 ).
3703 3321 3786 3377 Sed

2218 3397 2361 3469 quod
2393 3413 2496 3453 non
2528 3416 2718 3470 passus
2760 3415 2842 3459 est
2865 3405 2916 3460 in
2943 3422 3134 3477 cruce,
3164 3409 3271 3468 hoc
3299 3427 3523 3486 propter
3549 3426 3597 3470 te
3622 3415 3787 3486 patitur

2220 3491 2274 3544 in
2321 3489 2632 3562 oblatione,
2679 3504 2733 3550 et
2774 3495 2946 3569 frangi
2995 3502 3196 3570 patitur
3238 3513 3301 3560 ut
3346 3522 3543 3564 omnes
3581 3508 3783 3579 impleat.

2219 3583 2422 3640 Deinde
2448 3587 2569 3656 quia
2609 3587 2785 3657 dixit,
2822 3590 3222 3650 Communicatio
3256 3603 3530 3672 corporis,
3557 3601 3692 3674 quod
3711 3616 3785 3653 au-

2221 3683 2328 3731 tem
2363 3681 2757 3750 communicat,
2803 3683 2946 3738 aliud
2977 3697 3059 3741 est
3091 3687 3157 3743 ab
3197 3704 3269 3744 eo
3310 3693 3400 3747 cui
3429 3693 3787 3753 communicat;

2219 3768 2356 3824 hanc
2385 3772 2567 3836 etiam,
2597 3787 2716 3843 quae
2757 3789 2919 3844 parva
2958 3776 3236 3834 videbatur
3269 3797 3424 3851 esse,
3469 3782 3787 3839 differentiam

2217 3863 2452 3919 sustulit.
2475 3864 2608 3920 Cum
2647 3866 2874 3924 dixisset
2901 3869 3043 3924 enim
3070 3913 3084 3939 ,
3117 3870 3534 3932 Contmunicatio
3573 3876 3787 3948 corporis,

2216 3957 2464 4026 qtt:rsivit
2513 3973 2726 4014 rursum
2771 3961 2974 4031 aliquid
3032 3965 3392 4036 propinquius
3436 3969 3650 4034 dicere;
3692 3967 3793 4020 ideo

2215 4047 2533 4117 subjunxit:
2565 4050 2654 4105 17.
2701 4051 2954 4118 Quoniam
2999 4071 3131 4110 unus
3175 4059 3333 4124 panis
3375 4068 3420 4115 et
3459 4077 3614 4116 unum
3639 4073 3792 4128 corpus

2216 4141 2367 4195 multi
2399 4158 2595 4197 sumus.
2625 4142 2762 4210 Quid
2793 4146 2957 4214 enim,
2989 4148 3181 4218 inquit,
3212 4151 3342 4207 dico
3373 4152 3789 4209 communicatio-

2215 4234 2381 4289 nem?
2409 4236 2536 4291 illud
2561 4237 2732 4307 ipsum
2755 4253 2952 4310 corpus
2971 4257 3180 4298 sumus.
3203 4243 3354 4312 Quid
3377 4259 3458 4303 est
3483 4250 3624 4305 enim
3645 4243 3792 4318 panis?

2215 4327 2425 4399 Corpus
2465 4330 2687 4385 Christi.
2733 4331 2869 4399 Quid
2912 4343 3091 4390 autem
3133 4337 3269 4392 fiunt
3308 4336 3793 4396 communicantes?

2214 4423 2424 4494 Corpus
2448 4424 2678 4492 Christi;
2709 4442 2815 4480 non
2846 4442 3070 4498 corpora
3117 4431 3313 4501 multa,
3350 4435 3452 4490 sed
3494 4451 3653 4491 unum
3689 4445 3787 4487 coro

2217 4531 2335 4586 pus.
2362 4516 2509 4578 sicut
2539 4518 2684 4572 enim
2714 4518 2866 4588 panis
2895 4534 2962 4574 ex
2989 4521 3170 4576 multis
3189 4525 3384 4593 granis
3405 4536 3674 4590 constans,
3697 4522 3792 4576 uni-

2217 4621 2300 4667 tus
2329 4621 2430 4678 est,
2475 4612 2545 4666 ita
2591 4622 2649 4667 ιιι
2687 4628 2854 4683 grana
2895 4627 3156 4684 nuSquam
3207 4631 3546 4688 appareant;
3578 4617 3667 4674 sed
3706 4614 3793 4670 sint

2214 4705 2428 4776 quidem
2457 4705 2593 4776 ipsa,
2626 4722 2734 4762 non
2777 4706 3057 4763 manifesta
3086 4718 3268 4764 autem
3303 4713 3377 4767 sit
3416 4713 3630 4768 illorum
3658 4707 3790 4765 diffe-

2213 4801 2386 4854 rentia
2427 4808 2647 4871 propter
2696 4801 3127 4871 conjunctionem
3164 4820 3177 4856 :
3220 4805 3304 4860 sic
3335 4823 3440 4864 nos
3466 4817 3523 4863 et
3552 4815 3726 4862 mutuo
3753 4811 3796 4856 et

2213 4906 2334 4945 cum
2359 4890 2574 4947 Christo
2604 4892 3000 4963 conjungimur.
3029 4892 3145 4948 Non
3185 4897 3337 4951 enim
3381 4913 3451 4953 ex
3498 4900 3664 4953 altero
3689 4909 3792 4948 cor-

2215 4997 2344 5053 pore
2367 4983 2477 5050 ltic,
2499 4999 2563 5038 ex
2591 4983 2762 5038 altero
2790 4985 2880 5039 ille
2926 4985 3175 5051 nutritur,
3207 4987 3307 5042 sed
3354 5004 3426 5044 ex
3471 4987 3658 5045 eodem
3698 4985 3795 5056 ipso

2213 5090 2400 5130 omnes
2438 5093 2451 5130 :
2498 5075 2726 5146 ideoque
2756 5077 2971 5147 adjecit,
3021 5077 3209 5132 Omnes
3256 5082 3400 5135 enim
3450 5098 3640 5136 anno
3687 5092 3795 5150 pane

2212 5170 2598 5241 partiripamns.
2645 5171 2699 5226 Si
2731 5178 2909 5225 autem
2938 5187 3004 5225 ex
3031 5171 3241 5237 eodem,
3280 5183 3339 5229 et
3383 5175 3616 5246 idipsutn
3652 5171 3795 5228 efﬁci-

2212 5277 2333 5316 mur
2357 5276 2568 5329 omnes,
2597 5277 2693 5316 cur
2724 5277 2830 5316 non
2864 5262 3108 5316 eamdem
3150 5266 3442 5320 caritatem
3477 5266 3791 5322 exhibemus.

2209 5363 2266 5410 et
2291 5369 2353 5409 ea
2403 5355 2613 5410 ratione
2647 5371 2810 5408 unum
2852 5353 3158 5411 efficimur?
3201 5354 3341 5411 Nam
3389 5359 3524 5414 olim
3553 5357 3792 5428 majorum

2209 5459 2517 5503 nostrorum
2550 5458 2790 5520 tempore
2816 5449 2919 5504 hoc
2944 5459 3060 5504 erat
3086 5466 3100 5504 :
3132 5449 3496 5507 Muftiludinis
3526 5455 3664 5509 enim
3698 5463 3793 5503 cre-

2208 5541 2455 5609 dentium,
2486 5541 2678 5613 inquit,
2703 5558 2793 5595 cor
2833 5558 2992 5596 unum
3018 5552 3065 5596 et
3091 5542 3264 5596 anima
3296 5561 3404 5599 una
3431 5555 3542 5600 erat
3578 5543 3707 5617 (Aet.
3744 5537 3790 5593 Δ.

2207 5631 2321 5700 52).
2350 5635 2418 5687 At
2444 5647 2553 5686 non
2592 5648 2751 5699 nunc,
2798 5633 2906 5688 imo
2935 5641 3103 5688 totum
3134 5637 3477 5691 contrarium
3513 5657 3526 5692 :
3561 5634 3719 5689 multa
3751 5636 3796 5682 et

2207 5725 2349 5778 varia
2380 5733 2504 5778 sunt
2546 5722 2689 5778 inter
2717 5740 2907 5780 omnes
2955 5725 3112 5793 bella,
3163 5734 3216 5782 et
3261 5726 3397 5782 feris
3449 5727 3644 5784 smvius
3680 5719 3794 5777 affe-

2205 5815 2274 5869 cti
2325 5830 2511 5870 sumus
2556 5815 2692 5869 alter
2743 5815 2796 5870 in
2839 5815 3065 5871 alterius
3121 5817 3389 5873 membra.
3457 5819 3522 5873 Et
3567 5819 3794 5872 Christus

2205 5909 2422 5981 quidem
2464 5919 2535 5978 te,
2587 5909 2689 5966 etsi
2739 5918 2943 5965 tantum
2997 5911 3064 5967 ab
3114 5911 3228 5982 ipso
3261 5909 3635 5993 disjuuctum,
3683 5904 3789 5963 uui—
