3962 6444
246 408 329 467 ἰθθ
1216 408 1280 464 IN
1320 405 1542 466 EPIST.
1582 408 1604 464 1
1637 407 1732 465 AD
1763 406 1829 464 C(

1966 405 2204 464 HOMIL.
2246 405 2436 464 XXIV.

245 529 310 595 ὡς
347 530 556 583 εἰπεῖν·
609 533 671 585 τὸ
726 531 833 604 7&9
876 531 1100 585 δυνατὸν
1137 532 1194 583 ἐν
1235 535 1302 603 τῇ
1355 531 1450 584 τοῦ
1498 530 1632 584 Θεοῦ
1687 531 1825 602 ῥοπῇ

250 617 441 679 κεῖται,
472 614 544 686 ἢν
590 615 680 670 διά
708 616 808 686 τῆς
852 616 1123 686 ἡμετέρας
1164 615 1524 686 ἐπισπώμεθα
1571 614 1816 684 γνώμης.

251 695 439 768 Διόπερ
477 697 570 752 ἵνα
616 698 795 770 μάθῃς
838 698 1100 768 ἀκριϐῶς,
1148 698 1324 750 ὅτιού
1373 697 1532 767 μόνον
1579 697 1823 760 ἐκείνους

243 781 366 843 ’τοὺς
392 779 826 852 ὑπερϐαίνοντας
847 782 1003 851 ήμῶν
1031 781 1127 851 τὴν
1145 779 1398 850 δύναμιν,
1423 780 1537 833 ἀλλ’
1560 779 1679 833 οὐδέ
1699 779 1824 832 τού-

245 881 362 924 τους
379 866 511 927 τοὺς
533 865 908 936 ἀνθρωπίνους
930 865 1006 918 ἔνι
1027 867 1196 937 χωρὶς
1218 865 1316 934 τῆς
1340 865 1547 918 ἐκεῖθεν
1572 862 1824 934 βοηθείας

250 947 443 1017 ῥαδίως
462 949 733 1016 ἐνεγκεῖν,
765 951 1065 1019 ἐπήγαγεν·
1102 949 1289 1002 Ἀλλὰ
1313 947 1552 1016 ποιήσει
1590 947 1714 1001 σὺν
1745 945 1824 1011 τῷ

243 1029 556 1098 ,πειρασμῷ
583 1031 679 1084 καὶ
711 1031 822 1101 τὴν
847 1033 1099 1086 ἔκϐασιν
1124 1031 1229 1086 τοῦ
1257 1032 1551 1086 δύνασθαι
1575 1034 1825 1100 ὑπενεγ-

241 1112 385 1166 κεῖν.
412 1114 553 1167 Οὐδὲ
570 1116 677 1187 7&9
703 1115 941 1178 ἐκείνους
967 1115 1095 1178 τούς
1123 1117 1489 1186 συμμέτρους,
1509 1116 1645 1185 ὅπερ
1666 1115 1821 1184 ἔφην,

237 1197 396 1265 φησὶ,
426 1199 494 1268 τῇ
535 1198 640 1268 ἰδίᾳ
677 1197 901 1268 δυνάμει
931 1198 1224 1268 διοίσομεν·
1253 1199 1388 1252 ἀλλά
1417 1199 1697 1251 κάνταῦθα
1724 1199 1823 1269 τῆς

235 1280 372 1349 παρ’
408 1279 580 1332 αὐτοῦ
606 1280 837 1352 δεόμεθα
861 1282 1199 1352 συμμαχίας,
1229 1281 1370 1335 ὥστε
1400 1283 1598 1347 αὐτοὺς
1622 1283 1823 1348 διεξελ-

235 1363 376 1428 θεῖν,
428 1364 524 1416 καὶ
567 1364 698 1434 πρὶν
740 1365 773 1436 ἢ
811 1363 1118 1429 διεξελθεῖν,
1151 1365 1300 1437 [ili]
1348 1367 1612 1434 ἐνεγκεῖν.
1653 1366 1825 1428 Αὐτὸς

231 1446 346 1518 γάρ
375 1448 476 1500 καὶ
499 1447 601 1519 τὴν
628 1447 907 1517 ὑπομονὴν
933 1447 1137 1514 δίδωσι,
1167 1450 1258 1502 καὶ
1286 1449 1381 1520 τήν
1401 1451 1624 1520 ταχεῖαν
1651 1450 1826 1503 άπαλο

228 1528 417 1600 λαγὴν
445 1530 667 1597 ἐπάγει,
688 1529 835 1583 ὥστε
865 1529 958 1582 καὶ
987 1529 1159 1601 ταύτῃ
1193 1532 1426 1602 φοῃτὸν
1460 1531 1711 1598 γενέσθαι
1734 1533 1825 1588 τὸν

230 1613 574 1683 πειρασμόν.
607 1613 779 1668 Τοῦτο
813 1612 924 1686 γὰρ
953 1613 1174 1684 ᾐνίξατο
1213 1615 1402 1679 εἰπὼν,
1438 1615 1684 1681 Ποιήσει
1728 1617 1827 1670 καί

228 1695 359 1763 τὴν
383 1696 642 1750 ἔκϐασιν
665 1697 771 1751 τοῦ
793 1697 1091 1752 δύνασθαι
1123 1699 1498 1767 ὑπενεγκεῖν
1528 1701 1621 1753 καὶ
1650 1699 1826 1752 πάντα

228 1777 394 1848 αὐτῷ
421 1779 726 1848 ἀνατίθησι.
757 1781 984 1849 Διόπερ,
1008 1781 1262 1851 ἀδελφοί
1270 1799 1410 1850 μου,
1437 1783 1682 1852 φεύγετε
1706 1781 1824 1836 ἀπὸ

227 1861 366 1930 τῆς¹
404 1862 914 1932 εἰδωλολατρείας.
959 1865 1130 1920 Πάλιν
1177 1867 1371 1929 αὐτοὺς
1417 1867 1713 1939 θεραπεύει
1748 1865 1826 1936 τῷ

229 1946 346 2015 τῆς
373 1949 696 2016 συγγενείας
723 1948 970 2019 ὀνόματι,
1001 1950 1092 2003 καί
1124 1949 1262 2021 μετά
1289 1950 1483 2004 πολλοῦ
1511 1949 1604 2004 τοῦ
1630 1951 1828 2021 τάχους

233 2030 460 2099 ἐπείγει
484 2031 585 2102 τῆς
613 2033 888 2102 ἁμαρτίας
909 2032 1293 2103 ἀπαλλαγῆναι
1312 2033 1534 2101 ταύτης.
1560 2033 1694 2087 Οὐδέ
1719 2034 1826 2104 γὰρ

234 2107 424 2178 εἶπεν,
472 2114 793 2183 Ἀποστῆτε,
847 2115 1056 2181 ἀπλῶς,
1108 2115 1275 2182 ἀλλά,
1313 2117 1594 2186 Φεύγετε’
1633 2115 1727 2169 καὶ
1766 2116 1827 2169 τὸ

237 2198 483 2267 πρᾶγμα
507 2196 948 2271 εἰδωλολατρείαν
971 2198 1146 2264 καλεῖ,
1174 2200 1268 2254 καὶ
1292 2200 1475 2254 οὐκέτι
1495 2198 1584 2253 διὰ
1613 2200 1712 2270 τὴν
1733 2199 1824 2252 τοῦ

240 2281 482 2352 πλησίον
511 2279 715 2351 βλάϐην
741 2282 1074 2348 ἀφίστασθαι
1107 2283 1267 2353 μόνον
1294 2284 1506 2338 κελεύει
1525 2327 1540 2351 ,
1573 2283 1711 2338 ἀλλά
1733 2283 1827 2337 καὶ

242 2364 385 2416 αὐτὸ
422 2364 544 2416 καθ’
572 2363 736 2418 ἐαυτδ
764 2364 1038 2419 δείκνυσιν
1073 2365 1257 2421 ἰκανὸν
1304 2366 1549 2438 μεγάλην
1581 2367 1827 2436 ἐνεγκεῖν

246 2446 450 2518 λύμην.
492 2446 588 2512 Ὠς
607 2447 920 2517 φρονίμοις
945 2448 1118 2516 λέγω·
1147 2449 1386 2516 κρίνατε
1412 2449 1580 2520 ὑμεῖς
1597 2448 1633 2502 ὅ
1651 2465 1823 2517 φημι.

259 2529 483 2602 Ἐπειδὴ
519 2533 627 2603 7&9
660 2530 804 2602 μέγα
833 2531 1165 2602 ἐφθέγξατο,
1211 2531 1307 2586 καὶ
1351 2533 1450 2604 τὴν
1492 2533 1827 2604 κατηγορίαν

247 2613 509 2686 ηὔξησεν,
541 2615 980 2687 εἰδωλολατρείαν
1024 2615 1283 2680 καλέσας,
1315 2617 1402 2670 ἵνα
1434 2617 1508 2688 μὴ
1540 2617 1666 2690 δόξῃ
1696 2635 1828 2688 τρα-

249 2699 434 2768 χύνειν
459 2700 658 2762 αὐτοὺς
691 2700 785 2752 καὶ
819 2701 1076 2773 φορτικὸν
1106 2703 1280 2755 ποιεῖν
1311 2702 1402 2756 τὸν
1431 2701 1611 2770 λόγον,
1642 2701 1827 2764 αὐτοῖς

247 2781 436 2835 λοιπὸν
485 2782 768 2854 ἐπιτρέπει
815 2783 915 2854 τὴν
963 2784 1184 2856 κρίσιν,
1231 2786 1325 2839 καί⁴
1384 2788 1502 2857 μετ’
1550 2786 1825 2856 ἐγκωμίου

247 2867 465 2930 καθίζει
492 2866 618 2928 τοὺς
651 2866 990 2931 δικάζοντας.
1035 2867 1132 2934 Ὧς
1161 2868 1476 2936 φρονίμοις
1510 2868 1620 2940 7&9
1645 2868 1824 2938 λέγω,

248 2948 455 3018 φησίν⁹
483 2949 620 3018 ὅπερ
662 2949 866 3020 σφόδρα
905 2949 1236 3021 θαρῤοῦντός
1283 2953 1398 3004 ἐστι
1442 2952 1554 3015 τοῖς
1604 2951 1828 3015 οἰκείοις

245 3031 606 3101 δικαιώμασι,
640 3033 700 3086 τὸ
731 3032 822 3086 τὸν
857 3033 1258 3105 ἐγκαλούμενον
1288 3033 1448 3090 αὐτὸν
1475 3035 1694 3091 καθίσαι
1721 3037 1828 3089 τῶν

245 3113 559 3184 λεγομένων
584 3117 800 3187 κριτήν.
849 3116 1019 3170 Τοῦτο
1071 3117 1165 3171 καὶ
1215 3116 1305 3172 τὸν
1356 3118 1632 3190 ἀκροατὴν
1682 3119 1827 3189 αἴρει

261 3196 552 3264 μειζόνως,
601 3199 728 3252 ὅταν
767 3200 840 3270 μὴ
889 3198 964 3263 ὡς
997 3200 1302 3254 ἐπιτάττων
1331 3201 1467 3270 μηδὲ
1503 3201 1578 3265 ὡς
1603 3201 1828 3271 νομοθε-

243 3279 380 3340 τῶν,
406 3279 522 3333 ἀλλ’
551 3280 626 3344 ώς
660 3282 1043 3352 συμϐουλεύων
1081 3283 1175 3335 καὶ
1220 3283 1352 3355 παρ’
1387 3285 1570 3348 αὐτοῖς
1597 3287 1829 3351 ἐκείνοις

245 3363 632 3434 δικαζόμενος,
681 3363 823 3418 οὕτω
872 3365 1209 3436 διαλέγηται.
1245 3368 1522 3431 Ἰουδαίοις
1555 3367 1652 3439 μὲν
1695 3369 1828 3440 γάρ,

249 3447 346 3499 ἀτε
375 3448 735 3518 ἀνοητότερον
762 3447 1127 3519 διακειμένοις
1156 3453 1251 3503 καὶ
1292 3451 1704 3522 παιδικώτερον,
1732 3454 1830 3522 οὐχ

242 3528 424 3592 οὕτως
451 3529 480 3580 ὁ
506 3528 638 3592 Θεὸς
669 3529 959 3598 διελέγετο,
997 3532 1118 3585 οὐδέ
1176 3534 1457 3605 πανταχοῦ
1503 3535 1605 3598 τάς
1649 3535 1828 3599 αἰτίας

243 3613 434 3673 αὐτοῖς
460 3611 616 3681 ἔλεγε
641 3612 749 3666 τῶν
790 3614 1202 3685 ἐπιταγμάτων,
1235 3615 1350 3668 ἀλλ’
1374 3616 1594 3671 ἐκέλευε
1627 3622 1788 3688 μόνον
1812 3636 1826 3649 ·

241 3695 488 3749 ἐνταῦθα
513 3696 592 3760 δὲ,
619 3697 806 3768 ἐπειδὴ
840 3697 1041 3768 πολλῆς
1076 3698 1393 3770 ἐλευθερίας
1417 3699 1826 3772 ἀπελαύσαμεν,

243 3779 344 3831 καὶ
389 3777 703 3849 συμϐουλῆς
733 3779 1100 3852 ἀπολαύομεν,
1141 3783 1236 3836 καὶ
1263 3783 1340 3845 ὡς
1372 3783 1547 3852 φίλοις
1585 3783 1830 3854 διαλέγει

243 3879 336 3915 ται
370 3859 467 3914 καί
507 3878 693 3932 φησιν·
749 3863 824 3916 Οὐ
871 3863 1062 3934 δέομαι
1111 3865 1318 3934 ἐτέρων
1347 3866 1640 3921 δικαστῶν’
1673 3869 1829 3921 αὐτοί

246 3961 341 4014 μοι
373 3944 478 4016 τὴν
503 3945 682 4014 ψῆφον
713 3945 870 4016 ὑμεῖς
899 3947 1092 4018 φέρετε
1122 3949 1348 4018 ταύτην,
1393 3950 1539 4020 ὑμᾶς
1566 3948 1829 4020 λαμϐάνω

243 4029 467 4097 κριτάς.
522 4029 594 4082 Τὸ
660 4029 945 4098 ποτήριον
993 4029 1104 4098 τῆς
1132 4033 1435 4102 εὐλογίας,
1464 4033 1494 4086 ὃ
1537 4033 1827 4102 εὐλογοῦ-

243 4130 382 4184 μεν,
428 4110 569 4179 οὐχί
627 4114 905 4166 κοινωνία
956 4114 1064 4168 τοῦ
1109 4116 1360 4183 αἵματος
1411 4116 1519 4171 τοῦ
1567 4115 1829 4185 Χριστοῦ

244 4198 379 4251 ἐστι
411 4213 432 4259 ;
469 4195 535 4248 Τί
560 4195 761 4264 λέγεις,
789 4189 834 4248 ὦ
867 4198 1104 4268 μακάριε
1144 4199 1356 4266 Παῦ).ε;
1385 4200 1552 4254 θέλων
1577 4200 1829 4272 ἐντρέψαι

251 4283 338 4335 τὸν
359 4279 661 4350 ἀκροατὴν,
691 4279 785 4334 καὶ
830 4281 1142 4352 μυστηρίων
1173 4283 1517 4354 μεμνημένος
1563 4286 1826 4356 φρικτῶν,

256 4365 502 4434 εὐλογίας
530 4364 785 4435 ποτήριον
813 4363 996 4428 καλεῖς
1023 4365 1082 4418 τδ
1113 4368 1370 4437 ποτήριον
1395 4369 1455 4421 τὸ
1478 4367 1706 4438 φοϐερὸν
1736 4371 1831 4423 κα)⁸

255 4448 692 4521 φρικωδέστατον
721 4448 929 4514 ἐκεῖνο;
986 4449 1114 4511 Ναὶ,
1148 4450 1312 4519 φησίν
1334 4467 1350 4483 ο
1387 4453 1448 4503 οὐ
1491 4451 1599 4523 γάρ
1633 4453 1830 4523 μικρὸν

248 4536 312 4588 τὸ
367 4533 682 4604 εἰρημένον.
743 4533 1008 4600 Εὐλογίαν
1042 4532 1150 4604 γάρ
1201 4535 1333 4588 ὅταν
1373 4534 1532 4598 εἷται),
1581 4537 1759 4590 πάντα
1801 4549 1828 4577 ει

253 4616 586 4671 ἀναπτύσσιο
628 4615 718 4670 τὸν
744 4616 842 4686 τῆς
869 4617 1192 4688 εὐεργεσίας
1234 4615 1329 4670 τοῦ
1368 4616 1502 4670 Θεοῦ
1533 4618 1827 4691 θησαυρὸν,

255 4703 346 4756 καί⁸
363 4701 474 4756 τῶν
505 4701 755 4771 μεγάλων
778 4701 1001 4754 ἐκείνων
1025 4701 1431 4772 ἀναμιμνήσκω
1452 4702 1691 4775 δωρεῶν.
1721 4705 1832 4756 Καὶ

251 4787 364 4856 7&9
389 4786 486 4840 καὶ
517 4787 678 4856 ἡμεῖς
705 4785 1049 4853 ἐπιλέγοντες
1075 4783 1154 4856 τῷ
1190 4787 1438 4857 ποτηρίῳ
1461 4789 1558 4852 τὰς
1591 4789 1832 4856 ἀφάτους

259 4868 572 4938 εὐεργεσίας
600 4867 694 4920 τοῦ
718 4868 872 4931 θεοῦ,
898 4869 992 4922 καὶ
1003 4869 1144 4922 ὅσων
1161 4868 1635 4940 ἀπολελαύκαμεν,
1660 4871 1832 4936 οὕτως
1892 4907 1901 4916 -

266 4951 387 5002 αὐτὸ
417 4949 764 5023 προσάγομεν
789 4951 818 4991 ι)
849 4953 944 5004 καὶ
967 4953 1354 5023 κοινωνοῦμεν,
1383 4954 1834 5026 εὐχαριστοῦντες

270 5033 350 5084 ὅτι
373 5033 465 5100 τῆς
501 5032 708 5104 πλάνης
751 5033 1029 5103 ἀπήλλαξε
1056 5035 1119 5088 τὸ
1164 5035 1274 5089 τῶν
1315 5035 1619 5108 ἀνθρώπων
1645 5038 1830 5104 γένος·

271 5113 352 5166 δτι
385 5116 589 5184 μακρὰν
635 5115 816 5180 ὄντας,
864 5118 1032 5185 ἐγγὺς
1082 5117 1341 5188 ἐποίησεν
1369 5135 1382 5150 ⁸
1414 5120 1496 5173 ὅτι
1537 5120 1728 5174 ἐλπίδα
1757 5121 1832 5190 μὴ

265 5196 481 5266 ἔχοντας
529 5199 624 5252 καί⁵
663 5199 857 5262 ἀθέους
901 5201 958 5253 ἐν
990 5199 1068 5270 τῷ
1095 5201 1307 5273 κόσμῳ,
1341 5202 1605 5272 ἀδελφοὺς
1639 5203 1832 5256 ἐαυτοῦ

260 5278 626 5334 κατεσκεύασε
657 5282 754 5334 καὶ
785 5282 1280 5354 συγκληρονόμους.
1321 5285 1492 5356 ’Υπὲρ
1516 5285 1719 5339 τούτων
1740 5285 1835 5338 καὶ

259 5363 366 5417 τῶν
395 5365 648 5418 τοιούτων
674 5366 928 5420 ἁπάντων
957 5368 1426 5437 εὐχαριστοῦντες,
1487 5368 1629 5422 οὕτω
1662 5369 1834 5438 πρόσ-

265 5463 401 5516 ιμεν.
433 5447 559 5510 Πῶς
591 5444 684 5502 οὖν
716 5449 815 5501 οὐκ
846 5450 1066 5504 ἐναντία
1094 5453 1318 5514 ποιεῖτε,
1343 5453 1530 5522 φησὶν,
1567 5447 1612 5504 ὧ
1640 5452 1836 5522 Κορίν-

266 5529 380 5592 θιοι,
415 5529 770 5598 εὐλογοῦντες
819 5533 916 5599 μὲν
971 5533 1061 5588 τὸν
1108 5534 1264 5597 Θεὸν,
1308 5535 1390 5588 ὅτι
1439 5535 1548 5588 τῶν
1602 5534 1836 5587 εἰδώλων

268 5612 400 5682 ὑμᾶς
433 5615 735 5685 ἀπήλλαξε,
769 5615 930 5668 πάλιν
953 5615 1012 5670 δέ
1039 5619 1130 5670 ἐπὶ
1170 5617 1268 5681 τάς
1295 5618 1521 5672 ἐκείνων
1553 5619 1838 5690 τρέχοντες

270 5696 574 5766 τραπέζαςς
616 5698 688 5751 Τὸ
743 5699 1033 5766 ποτήριον
1075 5700 1185 5769 τῆς
1240 5703 1541 5770 εὐλογίας,
1606 5701 1636 5755 ὃ
1671 5703 1840 5755 εὐλο-

270 5961 284 5972 ,
319 5900 348 5930 ⁸
388 5899 534 5972 εἶρε-ν
577 5902 689 5972 δῖαν
734 5905 871 5972 εἴπω,
916 5906 1216 5972 εὐχαριστίαν
1257 5908 1737 5972 λέγον-εὐχαριστίαν
1787 5911 1837 5958 δέ

266 5963 372 6012 ὅταν
395 5963 519 6010 εἴπω
556 5964 723 6013 πάντα.
793 5967 816 6003 ³³
842 5963 998 6028 [{ng
1030 5963 1146 6016 αὐτὸ
1193 5963 1568 6032 προσερχόμεθαξ

3399 415 3460 470 ΞΓ
3472 418 3504 470 0

1926 529 2170 600 γοῦμει·,
2207 529 2343 599 οὐχί
2373 528 2656 582 κοινωνία
2683 529 2789 584 τοῦ
2818 529 3072 599 αἳματος
3100 531 3204 585 τοῦ
3247 531 3512 600 Χριστοῦ

1928 613 2102 677 ἐστι;
2139 613 2350 684 Σφόδρα
2383 613 2590 678 πιστῶς
2621 615 2715 667 καὶ
2742 615 2986 684 φοϐερῶς
3019 615 3260 687 εἴρηκεν.
3297 619 3363 670 Ὃ
3405 618 3512 688 7&9

1926 695 2098 763 λέγει,
2133 695 2291 749 τοῦτό
2323 698 2492 763 ἐστιν,
2522 696 2604 750 ὅτι
2653 697 2824 751 Τοῦτο
2855 697 3007 770 [(215]
3048 698 3110 752 τὸ
3134 701 3194 752 ἐν
3235 699 3316 770 τῷ
3351 718 3511 768 ποτη-

1931 779 2033 850 ρίῳ
2064 779 2146 842 ὃν,
2182 779 2358 832 ἐκεῖνό
2396 781 2510 834 ἐστι
2541 780 2600 834 τὸ
2629 780 2737 833 ἀπὸ
2764 781 2864 852 τῆς
2899 781 3141 853 πλευρᾶς
3173 783 3395 853 ρεῦσαν,
3424 786 3514 837 καὶ

1929 863 2138 915 ἐκείνου
2173 863 2492 934 μετέχομεν.
2543 864 2806 935 Ποτήριοι
2840 865 2897 918 δὲ
2932 865 3185 934 εὐλογίας
3232 867 3511 928 ἐκάλεσεν,

1929 945 2120 1016 ἐπειδὴ
2150 945 2282 1000 αὐτό
2330 951 2469 1018 μετὰ
2513 949 2700 1018 χεῖρας
2725 946 2962 1019 ἔχοντες,
2997 949 3172 1013 οὕτως
3221 951 3384 1004 αὐτὸν
3422 953 3515 1004 ἀν-

1932 1029 2238 1102 υμνοῦμεν,
2263 1031 2635 1102 θαυμάζοντες
2659 1032 2753 1085 καί
2783 1033 3211 1104 ἐκπληττόμενοι
3243 1035 3342 1105 τῆς
3373 1037 3516 1105 ἀφά-

1930 1133 2027 1168 του
2053 1115 2282 1184 δωρεᾶς,
2317 1115 2669 1184 εὐλογοῦντες
2694 1117 2778 1171 ὅτι
2801 1117 2896 1169 καὶ
2924 1116 3058 1170 αὐτὸ
3086 1118 3244 1172 τοῦτο
3274 1119 3510 1190 ἐξέχεεν,

1933 1197 2020 1251 ἵνα
2052 1197 2126 1269 μὴ
2166 1198 2440 1268 μείνωμεν
2465 1201 2522 1251 ἐν
2549 1202 2615 1270 τῇ
2640 1198 2820 1272 πλάνῃ
2839 1216 2855 1231 ·
2881 1199 2974 1253 καὶ
2994 1201 3056 1253 οὐ
3086 1202 3245 1270 μόνον
3274 1203 3510 1273 ἐξέχεεν,

1930 1281 2067 1334 ἀλλά
2115 1283 2210 1336 καὶ
2260 1284 2430 1336 πᾶσιν
2470 1284 2602 1354 ἡμῖν
2652 1281 2818 1336 αὐτοῦ
2869 1283 3197 1352 μετέδωκεν.
3239 1285 3404 1340 Ὥστε
3463 1289 3512 1340 εἰ

1931 1367 2161 1437 αἵματος
2185 1367 2494 1438 ἐπιθυμεῖς,
2517 1367 2672 1440 φησι,
2709 1364 2782 1438 μὴ
2809 1367 2900 1420 τὸν
2926 1366 3034 1420 τῶν
3061 1368 3296 1422 εἰδώλων
3331 1369 3514 1443 βωμὸν

1931 1449 2008 1519 τῷ
2034 1449 2140 1504 τῶν
2178 1449 2389 1519 ἀλόγων
2427 1450 2593 1522 φόνῳ,
2621 1449 2755 1504 ἀλλά
2788 1451 2850 1503 τὸ
2872 1449 3258 1523 θυσιαστήριον
3287 1454 3352 1507 τὸ
3382 1455 3513 1524 ἐμὸν

1931 1532 2008 1602 τῷ
2042 1531 2161 1602 ἐ.μῷ
2200 1531 2443 1601 φοίνισσε
2475 1532 2688 1603 αἵματι.
2725 1533 2790 1586 Τί
2817 1535 3007 1588 τούτου
3053 1535 3511 1609 φρικωδέστερον;

1934 1616 1986 1668 τί
2016 1616 2073 1669 δέ
2097 1616 2608 1689 φιλοστοργότερον;
2633 1618 2755 1672 εἰπέ
2801 1634 2910 1687 μοι.

2005 1700 2070 1770 β’.
2089 1693 2261 1753 Τοῦτο
2290 1701 2382 1753 καὶ
2409 1700 2459 1753 οἰ
2493 1700 2722 1771 ἐρῶντες
2742 1700 3005 1758 ποιοῦσιν.
3027 1703 3196 1757 Ὅταν
3221 1703 3370 1757 ἴδωσι
3390 1705 3514 1768 τοὺς

1933 1777 2242 1848 ἐρωμένους
2287 1777 2396 1833 τῶν
2438 1777 2735 1849 ἀλλοτρίων
2779 1780 3180 1852 ἐπιθυμοῦντας
3207 1794 3232 1822 ο
3274 1783 3371 1837 καὶ
3406 1783 3514 1836 τῶν

1931 1860 2149 1915 οἰκείων
2178 1859 2677 1932 καταφρονοῦντας,
2719 1863 2790 1916 τὰ
2823 1863 3004 1918 αὐτῶν
3031 1864 3268 1931 διδόντες
3295 1865 3514 1919 πείθου-

1921 1964 2019 2002 ’σιν
2047 1949 2352 2020 ἀποστῆναι
2377 1948 2489 2002 τῶν
2515 1949 2762 2005 ἐκείνων.
2810 1950 2951 2004 Ἀλλ’
2981 1951 3031 2004 οἰ
3062 1951 3299 2024 ἐρῶντες
3326 1954 3429 2024 μέν
3459 1956 3516 2007 ἐν

1931 2034 2180 2105 χρήμασι
2200 2033 2295 2087 καὶ
2322 2033 2558 2104 ἱματίοις
2574 2034 2670 2087 καὶ
2689 2034 2934 2106 κτήμασι
2956 2036 3160 2108 ταύτην
3182 2036 3517 2091 ἐπιδείκνυν-

1931 2139 2022 2175 ται
2056 2121 2155 2193 τὴν
2186 2121 2522 2194 φιλοτιμίαν,
2549 2123 2609 2176 ἐν
2641 2123 2832 2195 αἵματι
2863 2123 2920 2178 δέ
2949 2123 3126 2190 οὐδεὶς
3154 2126 3412 2180 οὐδέποτε
3441 2142 3456 2156 ·
3487 2127 3516 2180 ὀ

1932 2204 1989 2258 δέ
2017 2205 2252 2276 Χριστὸς
2283 2207 2379 2260 καὶ
2408 2207 2465 2259 ἐν
2509 2205 2685 2278 τούτῳ
2717 2206 2816 2279 τὴν
2845 2208 3172 2279 κηδεμονίαν
3205 2210 3518 2276 ἐπεδείξατο

1934 2291 2027 2342 καὶ
2063 2292 2159 2360 τήν
2194 2287 2402 2362 θερμὴν
2443 2289 2571 2360 περὶ
2615 2291 2764 2362 ἡμᾶς
2801 2290 3046 2362 ἀγάπην.
3089 2291 3200 2345 Καὶ⁸
3227 2294 3284 2347 ἐν
3314 2294 3412 2365 μὲν
3447 2297 3516 2366 τῇ

1933 2373 2147 2446 Παλαιᾷ
2170 2375 2356 2445 ἐπειδὴ
2383 2375 2735 2447 άτελέστερον
2763 2375 3046 2443 διέκειντο,
3085 2377 3115 2431 ὃ
3141 2380 3254 2442 τοῖς
3277 2379 3518 2444 εἰδώλοις

1933 2459 2272 2530 προσέφερον
2317 2455 2476 2530 αἷμα,
2523 2458 2682 2512 τοῦτο
2720 2459 2882 2523 αὐτὸς
2915 2461 3178 2531 ὑπέμεινε
3220 2461 3518 2528 καταδέξα-

1935 2541 2079 2610 σθαι,
2113 2543 2198 2596 ίνα
2226 2542 2513 2614 ἀποστήσῃ
2557 2540 2802 2608 ἐκείνων,
2832 2541 2862 2594 ὃ
2890 2542 2984 2596 καὶ
3024 2544 3156 2596 αὐτὸ
3186 2544 3347 2600 πάλιν
3377 2547 3518 2616 ἀφά-

1932 2641 2026 2678 του
2060 2623 2443 2696 φιλοστοργίας
2474 2621 2574 2695 ἦν·
2611 2624 2844 2678 ἐνταῦθα
2875 2625 2932 2678 δέ
2959 2626 3053 2680 ἐπὶ
3085 2628 3147 2680 τὸ
3177 2627 3358 2699 πολλῷ
3390 2645 3517 2700 φρι-

1933 2707 2264 2780 κωδέστερον
2299 2709 2395 2764 καὶ
2442 2708 3024 2783 μεγαλοπρεπέστερον
3072 2709 3170 2783 τὴν
3208 2711 3519 2783 ἱερουργίαν

1937 2792 2330 2863 μετεσκεύασε,
2389 2795 2486 2847 καὶ
2540 2794 2638 2866 τὴν
2683 2792 2874 2848 θυσίαν
2925 2794 3095 2867 αὐτὴν
3133 2796 3395 2867 ἀμείψας,
3429 2801 3522 2852 καὶ

1933 2875 2056 2929 ἀντὶ
2084 2877 2182 2947 τῆς
2205 2877 2314 2930 τῶν
2351 2876 2565 2946 ἀλόγων
2605 2877 2821 2947 σφαγῆς
2854 2879 3045 2933 ἐαυτὸν
3075 2880 3406 2951 προσφέρειν
3438 2899 3523 2936 κε-

1932 2961 2149 3024 λεύσας.
2197 2963 2262 3014 '0
2295 2960 2493 3030 ἄρτος,
2535 2960 2609 3016 ὃν
2639 2961 2898 3031 κλῶμεν,
2930 2963 3065 3032 οῠκί
3107 2964 3388 3017 κοινωνία
3413 2965 3519 3018 τοῦ

1934 3045 2208 3114 σώματος
2238 3045 2343 3100 τοῦ
2365 3047 2625 3115 Χριστοῦ
2653 3046 2823 3110 ἐστι;
2865 3046 2964 3100 Διά
2993 3047 3047 3100 τί
3079 3047 3154 3120 μὴ
3195 3044 3339 3110 εἷπε,
3373 3051 3520 3102 Μετ-

1933 3131 2072 3200 οχή;
2111 3129 2234 3183 Ὅτι
2273 3130 2434 3183 πλέον
2464 3147 2519 3184 τι
2574 3129 2816 3201 δηλῶσαι
2846 3129 3147 3203 ἠϐουλήθη,
3191 3131 3285 3184 καὶ
3321 3131 3522 3202 πολλὴν

1936 3213 2272 3280 ἐνδείξασθαι
2315 3212 2412 3284 τὴν
2439 3213 2751 3281 συνάφειαν.
2785 3214 2859 3267 οὐ
2891 3214 3000 3286 7&9
3032 3213 3110 3284 τῷ
3143 3215 3390 3285 μετέχειν
3422 3216 3520 3285 μό-

1935 3310 2026 3352 νον
2065 3298 2158 3351 καί
2188 3297 2648 3368 μεταλαμϐάνειν,
2697 3295 2832 3351 ἀλλά
2869 3298 2962 3350 καὶ
2999 3298 3076 3370 τῷ
3115 3298 3366 3352 ἐνοῦσθαι
3411 3317 3523 3352 κοιο

1936 3380 2233 3452 νωνοῦμεν.
2260 3380 2527 3452 Καθάπερ
2561 3379 2670 3451 7&9
2707 3380 2768 3432 τὸ
2803 3380 2960 3450 σῶμα
3001 3382 3177 3434 ἐκεῖνο
3208 3381 3412 3451 ἥνωται
3443 3379 3524 3452 τῷ

1938 3464 2179 3535 Χριστῷ,
2211 3462 2356 3516 οὕτω
2381 3465 2472 3516 καὶ
2507 3466 2668 3535 ἡμεῖς
2700 3461 2849 3535 αὐτῷ
2882 3463 2969 3517 διά
3007 3464 3100 3518 τοῦ
3131 3465 3297 3536 ἄρτου
3330 3464 3520 3519 τούτου

1937 3545 2223 3616 ἐνούμεθα.
2258 3546 2356 3599 Διά
2381 3547 2434 3599 τί
2460 3547 2518 3600 δέ
2548 3547 2913 3618 προσέθηκεν,
2947 3549 3050 3600 Ὃν
3070 3546 3339 3616 κλῶμεν;
3363 3545 3522 3601 τοῦτο

1937 3631 2045 3699 γὰρ
2081 3631 2171 3684 ἐπὶ
2218 3629 2318 3700 μέν
2348 3630 2446 3700 τῆς
2478 3630 2829 3701 εὐχαριστίας
2857 3629 3006 3682 ἐστιν
3043 3629 3172 3683 ἰδεῖν
3203 3631 3521 3701 γινόμενονο

1936 3714 2029 3766 ἐπὶ
2057 3712 2112 3766 δέ
2140 3711 2234 3764 τοῦ
2267 3710 2502 3782 σταυροῦ
2529 3712 2734 3776 οὐκέτι,
2774 3712 2912 3766 ἀλλά
2935 3711 3030 3766 καὶ
3061 3713 3366 3767 τούναντίον
3395 3713 3524 3766 τού-

1937 3809 2054 3863 τῳο
2109 3791 2361 3844 Ὀστοῦν
2411 3790 2520 3863 γάρ
2573 3789 2782 3856 αὑτοῦ,
2836 3792 3021 3861 φησιν,
3076 3793 3149 3846 οὐ
3205 3793 3525 3860 συντριϐή-

1935 3890 2126 3929 σεται.
2164 3873 2304 3926 Ἀλλ’
2326 3874 2462 3943 ὅπερ
2485 3874 2584 3926 οὐκ
2612 3873 2812 3927 ἔπαθεν
2840 3874 2932 3927 ἐπὶ
2959 3873 3052 3928 τοῦ
3081 3875 3342 3946 σταυροῦ,
3367 3877 3525 3930 τοῦτο

1939 3959 2137 4028 πάσχει
2167 3957 2260 4010 ἐπὶ
2279 3957 2380 4027 τῆς
2403 3958 2720 4029 προσφορᾶς
2760 3957 2850 4011 διά
2884 3957 2964 4021 σέ,
3003 3959 3099 4012 καὶ
3126 3958 3380 4028 ἀνέχεται
3407 3959 3522 4012 δια-

1938 4039 2236 4110 κλώμενος,
2265 4038 2352 4092 ἵνα
2391 4039 2599 4101 πάντας
2646 4040 2925 4110 ἐμπλήσῃ.
2979 4037 3112 4094 Είτα
3145 4040 3329 4111 ἐπειδὴ
3377 4038 3521 4106 εἷπε,

1937 4119 2230 4174 Κοινωνία
2275 4118 2384 4173 τοῦ
2430 4117 2739 4188 σώματος,
2791 4119 2852 4171 τὸ
2897 4119 2954 4173 δέ
3003 4119 3293 4174 κοινωνοῦν
3337 4120 3522 4190 ἕτερόν

1937 4205 2084 4257 ἐστιν
2111 4201 2345 4266 ἐκείνου,
2369 4193 2430 4254 οὗ
2455 4204 2719 4264 κοινωνεῖ,
2760 4201 2854 4255 καὶ
2880 4201 3083 4270 ταύτην
3115 4201 3212 4273 τὴν
3257 4201 3523 4257 δοκοῦσαν

1938 4277 2075 4334 εἶναι
2108 4280 2311 4352 μικράν
2351 4279 2614 4351 διαφορὰν
2642 4279 2869 4333 ἀνεῖλεν.
2912 4277 3098 4333 Εἰπὼν
3127 4281 3257 4353 7&9,
3298 4284 3522 4335 Κοινω-

1937 4363 2039 4416 νία
2079 4360 2187 4415 τοῦ
2216 4359 2514 4430 σώματος,
2549 4362 2784 4432 ἐζήτησε
2819 4359 2981 4415 πάλιν
3021 4363 3321 4434 ἐγγύτερόν
3356 4382 3411 4418 τι
3445 4369 3522 4419 εἰ·

1941 4443 2063 4494 πεῖν
2086 4457 2100 4470 ·
2151 4439 2232 4494 διὸ
2268 4441 2364 4493 καὶ
2400 4441 2703 4511 ἐπήγαγεν,
2736 4441 2866 4493 ’Ὅτι
2897 4435 2985 4505 εἷς
3013 4440 3214 4508 ἄρτος,
3248 4439 3318 4494 ἓν
3347 4441 3520 4511 σῶμά

1937 4521 2127 4590 ἐσμεν
2153 4522 2209 4574 οἱ
2254 4519 2499 4574 πολλοί.
2535 4520 2600 4572 Τί
2645 4517 2754 4592 γὰρ
2795 4518 2938 4587 λέγω
2976 4519 3298 4586 κοινωνίαν;
3331 4523 3516 4591 φησίν·

1939 4604 2072 4657 αὐτό
2101 4604 2267 4673 ἐσμεν
2291 4605 2467 4656 ἐκεῖνο
2497 4602 2560 4655 τὸ
2588 4602 2765 4672 σῶμα.
2803 4602 2868 4655 Τί
2905 4603 3015 4674 γάρ
3059 4603 3207 4655 ἐστιν
3245 4605 3273 4657 ὁ
3315 4603 3520 4674 ἀρτοςς

1941 4682 2107 4754 Σῶμα
2136 4683 2391 4754 Χριστοῦ.
2434 4683 2501 4736 Τί
2533 4681 2590 4736 δέ
2629 4684 2870 4752 γίνονται
2903 4685 2952 4736 οἰ
2982 4682 3522 4754 μεταλαμϐάνοντες;

1941 4767 2106 4836 Σῶμα
2136 4766 2373 4837 Χριστοῦ
2392 4783 2406 4797 ο
2437 4765 2560 4835 οὐχὶ
2587 4765 2817 4837 σώματα
2851 4766 3042 4832 πολλὰ,
3081 4766 3220 4820 ἀλλά
3255 4767 3415 4838 σῶμα
3441 4767 3522 4822 ἐν.

1941 4849 2208 4922 Καθάπερ
2242 4850 2422 4922 γάρΔὸ
2451 4850 2614 4921 ἄρτος
2658 4852 2722 4904 ἐκ
2753 4849 2966 4904 πολλῶν
3002 4851 3362 4920 συγκείμενος
3396 4851 3526 4904 κόκ-

1941 4946 2054 4983 κων
2093 4917 2333 5001 ἥνωται,
2357 4917 2438 4994 ἷὶις
2493 4917 2746 5000 μηδαμοῦ
2779 4917 3229 4999 φαίνεσθαι
3265 4931 3524 4994 κόκκους,

1941 5013 2055 5067 ἀλλ’
2093 5009 2232 5066 εῖναι
2274 5013 2373 5083 μέν
2421 5011 2642 5077 αὐτοὺς,
2685 5013 2882 5084 ἄδηλον
2924 5014 2982 5067 δέ
3021 5013 3202 5068 αὐτῶν
3233 5011 3376 5069 εἶναι
3425 5015 3526 5084 τὴν

1941 5097 2202 5168 διαφοράν
2239 5100 2304 5169 τῇ
2346 5097 2614 5169 συναφεία
2656 5113 2670 5128 ο
2701 5095 2847 5150 οὕτω
2906 5097 3002 5151 καὶ
3039 5097 3289 5169 ἀλλήλοις
3320 5099 3416 5152 καὶ
3447 5101 3527 5171 τῷ

1943 5179 2166 5252 Χριστῷ
2204 5181 2609 5252 συναπτόμεθα.
2648 5181 2723 5236 Οὐ
2752 5181 2860 5251 γὰρ
2889 5182 2947 5248 ἐξ
2986 5181 3173 5253 ἐτέρου
3209 5183 3310 5252 μὲν
3341 5181 3527 5254 σώμα-

1943 5283 2032 5330 τος
2067 5269 2152 5333 σύ,
2182 5267 2239 5335 ἐξ
2281 5268 2466 5340 ἐτέρου
2511 5267 2570 5321 δέ
2618 5271 2822 5332 ἐκεῖνος
2859 5269 3135 5337 τρέφεται,
3178 5268 3294 5321 ἀλλ’
3334 5270 3399 5323 ἐκ
3430 5269 3526 5322 τοῦ

1927 5349 2108 5403 ἀὐτοῦ
2166 5351 2371 5415 πάντες
2407 5366 2423 5382 ο
2477 5351 2560 5404 διὸ
2608 5351 2703 5404 καὶ
2753 5349 2907 5423 [2M]
2951 5352 3269 5422 ἐπήγαγεν·
3309 5354 3376 5406 Οἱ
3417 5353 3529 5422 γὰρ

1925 5431 2164 5499 πάντες
2190 5435 2259 5486 ἐκ
2282 5433 2390 5488 τοῦ
2413 5435 2553 5501 ἐνὸς
2585 5434 2769 5503 ἄρτου
2791 5434 3145 5504 μετέχομεν.
3176 5435 3238 5488 Εἰ
3262 5435 3322 5488 δέ
3351 5437 3413 5488 ἐκ
3431 5435 3527 5487 τοῦ

1943 5515 2132 5582 αὐτοῦ,
2172 5519 2267 5571 καὶ
2296 5518 2358 5571 τὸ
2385 5519 2518 5572 αὐτὸ
2555 5519 2818 5588 γινόμεθα
2865 5521 3089 5583 πάντες,
3119 5518 3208 5572 διά
3240 5518 3294 5572 τί
3323 5519 3398 5590 μὴ
3434 5518 3529 5571 καὶ

1943 5603 2042 5673 τὴν
2071 5604 2240 5675 αὐτὴν
2287 5605 2510 5678 ἀγάπην
2539 5606 2984 5678 ἐπιδεικνύμεθα,
3017 5607 3113 5661 καὶ
3144 5604 3406 5676 γινόμεθα
3432 5603 3528 5656 καὶ

1945 5688 2086 5741 κατά
2101 5688 2261 5741 τοῦτο
2291 5689 2382 5755 ἐν;
2415 5690 2524 5743 Καὶ
2550 5689 2660 5762 γὰρ
2688 5693 2782 5744 καὶ
2808 5692 2868 5745 τὸ
2890 5691 3119 5745 παλαιὸν
3143 5692 3237 5746 ἐπὶ
3266 5689 3372 5742 τῶν
3395 5705 3528 5758 προ-

1945 5773 2272 5840 γόνωνιτῶν
2308 5775 2594 5847 ἡμετέρων
2642 5775 2799 5830 τοῦτο
2831 5773 2918 5849 ἦν.
2953 5780 3066 5835 Τοῦ
3109 5779 3216 5852 7&9
3256 5779 3532 5847 πλήθους

2013 5972 2034 6000 θ
2067 5969 2212 6031 803.,
2241 5965 2523 6030 ἐφιεμένους.
