  <div class='ocr_page' id='page_1' title='image "/cluster/home/n/w/nwhite01/storage/ocr_20150623/61:no.10/coo.31924054869619/208.png"; bbox 0 0 3962 6444; ppageno 0'>
   <div class='ocr_carea' id='block_1_1' title="bbox 243 314 1822 398">
    <p class='ocr_par' dir='ltr' id='par_1_1' title="bbox 243 316 1812 398">
     <span class='ocr_line' id='line_1_1' title="bbox 243 316 1812 398; baseline -0.012 -8"><span class='ocrx_word' id='word_1_1' title='bbox 243 341 323 398; x_wconf 65' lang='lat' dir='ltr'><strong>iul</strong></span> <span class='ocrx_word' id='word_1_2' title='bbox 1276 328 1344 386; x_wconf 81' lang='grc' dir='ltr'><strong>ΙΝ</strong></span> <span class='ocrx_word' id='word_1_3' title='bbox 1381 322 1596 383; x_wconf 82' lang='lat' dir='ltr'><strong>EPIST.</strong></span> <span class='ocrx_word' id='word_1_4' title='bbox 1639 317 1660 374; x_wconf 80' lang='grc'><strong>1</strong></span> <span class='ocrx_word' id='word_1_5' title='bbox 1722 316 1812 372; x_wconf 83' lang='lat' dir='ltr'><strong>AD</strong></span> 
     </span>
    </p>
   </div>
   <div class='ocr_carea' id='block_1_2' title="bbox 1931 314 2517 398">
    <p class='ocr_par' dir='ltr' id='par_1_2' title="bbox 1931 315 2517 379">
     <span class='ocr_line' id='line_1_2' title="bbox 1931 315 2517 379; baseline 0.022 -13"><span class='ocrx_word' id='word_1_6' title='bbox 1931 315 2007 373; x_wconf 70' lang='lat' dir='ltr'><strong>lli.</strong></span> <span class='ocrx_word' id='word_1_7' title='bbox 2054 316 2282 379; x_wconf 72' lang='lat' dir='ltr'><strong>llOiifiL.</strong></span> <span class='ocrx_word' id='word_1_8' title='bbox 2328 321 2517 379; x_wconf 60' lang='lat' dir='ltr'><strong>XXIV.</strong></span> 
     </span>
    </p>
   </div>
   <div class='ocr_carea' id='block_1_3' title="bbox 247 438 1830 523">
    <p class='ocr_par' dir='ltr' id='par_1_3' title="bbox 247 438 1830 523">
     <span class='ocr_line' id='line_1_3' title="bbox 247 438 1830 523; baseline -0.02 -6"><span class='ocrx_word' id='word_1_9' title='bbox 247 464 345 517; x_wconf 84' lang='lat' dir='ltr'><strong>vit:</strong></span> <span class='ocrx_word' id='word_1_10' title='bbox 374 470 435 516; x_wconf 90' lang='lat' dir='ltr'><strong>tu</strong></span> <span class='ocrx_word' id='word_1_11' title='bbox 480 475 627 517; x_wconf 84' lang='lat' dir='ltr'><strong>vero</strong></span> <span class='ocrx_word' id='word_1_12' title='bbox 673 474 744 515; x_wconf 87' lang='lat' dir='ltr'><strong>ne</strong></span> <span class='ocrx_word' id='word_1_13' title='bbox 786 452 932 511; x_wconf 99' lang='lat' dir='ltr'><strong>fratri</strong></span> <span class='ocrx_word' id='word_1_14' title='bbox 982 448 1195 523; x_wconf 77' lang='lat' dir='ltr'><strong>quidem</strong></span> <span class='ocrx_word' id='word_1_15' title='bbox 1237 444 1386 516; x_wconf 80' lang='lat' dir='ltr'><strong>jungi</strong></span> <span class='ocrx_word' id='word_1_16' title='bbox 1426 438 1663 512; x_wconf 77' lang='lat' dir='ltr'><strong>dignaris</strong></span> <span class='ocrx_word' id='word_1_17' title='bbox 1709 449 1830 490; x_wconf 89' lang='lat' dir='ltr'><strong>cum</strong></span> 
     </span>
    </p>
   </div>
   <div class='ocr_carea' id='block_1_4' title="bbox 252 527 1837 613">
    <p class='ocr_par' dir='ltr' id='par_1_4' title="bbox 252 527 1837 613">
     <span class='ocr_line' id='line_1_4' title="bbox 252 527 1837 613; baseline -0.022 1"><span class='ocrx_word' id='word_1_18' title='bbox 252 555 409 611; x_wconf 78' lang='lat' dir='ltr'><strong>debita</strong></span> <span class='ocrx_word' id='word_1_19' title='bbox 454 552 835 613; x_wconf 84' lang='lat' dir='ltr'><strong>accuratione,</strong></span> <span class='ocrx_word' id='word_1_20' title='bbox 872 545 964 601; x_wconf 88' lang='lat' dir='ltr'><strong>sed</strong></span> <span class='ocrx_word' id='word_1_21' title='bbox 1007 539 1275 603; x_wconf 77' lang='lat' dir='ltr'><strong>abseindis</strong></span> <span class='ocrx_word' id='word_1_22' title='bbox 1314 546 1390 602; x_wconf 91' lang='lat' dir='ltr'><strong>te,</strong></span> <span class='ocrx_word' id='word_1_23' title='bbox 1428 542 1639 588; x_wconf 89' lang='lat' dir='ltr'><strong>tantam</strong></span> <span class='ocrx_word' id='word_1_24' title='bbox 1668 544 1696 581; x_wconf 92' lang='lat' dir='ltr'><strong>a</strong></span> <span class='ocrx_word' id='word_1_25' title='bbox 1734 527 1837 582; x_wconf 89' lang='lat' dir='ltr'><strong>Do-</strong></span> 
     </span>
    </p>
   </div>
   <div class='ocr_carea' id='block_1_5' title="bbox 253 619 1833 702">
    <p class='ocr_par' dir='ltr' id='par_1_5' title="bbox 253 619 1833 702">
     <span class='ocr_line' id='line_1_5' title="bbox 253 619 1833 702; baseline -0.019 -1"><span class='ocrx_word' id='word_1_26' title='bbox 253 650 382 702; x_wconf 88' lang='lat' dir='ltr'><strong>mino</strong></span> <span class='ocrx_word' id='word_1_27' title='bbox 408 653 466 700; x_wconf 87' lang='lat' dir='ltr'><strong>et</strong></span> <span class='ocrx_word' id='word_1_28' title='bbox 490 644 778 699; x_wconf 74' lang='lat' dir='ltr'><strong>caritatem</strong></span> <span class='ocrx_word' id='word_1_29' title='bbox 805 648 859 694; x_wconf 89' lang='lat' dir='ltr'><strong>et</strong></span> <span class='ocrx_word' id='word_1_30' title='bbox 884 638 1043 691; x_wconf 87' lang='lat' dir='ltr'><strong>vitam</strong></span> <span class='ocrx_word' id='word_1_31' title='bbox 1066 637 1451 700; x_wconf 77' lang='lat' dir='ltr'><strong>consequutus.</strong></span> <span class='ocrx_word' id='word_1_32' title='bbox 1478 623 1670 693; x_wconf 79' lang='lat' dir='ltr'><strong>Neque</strong></span> <span class='ocrx_word' id='word_1_33' title='bbox 1691 619 1833 675; x_wconf 89' lang='lat' dir='ltr'><strong>enim</strong></span> 
     </span>
    </p>
   </div>
   <div class='ocr_carea' id='block_1_6' title="bbox 254 713 1834 803">
    <p class='ocr_par' dir='ltr' id='par_1_6' title="bbox 254 713 1834 803">
     <span class='ocr_line' id='line_1_6' title="bbox 254 713 1834 803; baseline -0.02 -9"><span class='ocrx_word' id='word_1_34' title='bbox 254 736 587 795; x_wconf 80' lang='lat' dir='ltr'><strong>solummodo</strong></span> <span class='ocrx_word' id='word_1_35' title='bbox 626 747 822 803; x_wconf 89' lang='lat' dir='ltr'><strong>corpus</strong></span> <span class='ocrx_word' id='word_1_36' title='bbox 851 744 1004 785; x_wconf 88' lang='lat' dir='ltr'><strong>suum</strong></span> <span class='ocrx_word' id='word_1_37' title='bbox 1044 723 1193 780; x_wconf 89' lang='lat' dir='ltr'><strong>dedit</strong></span> <span class='ocrx_word' id='word_1_38' title='bbox 1214 740 1237 793; x_wconf 12' lang='lat'><strong>;‘</strong></span> <span class='ocrx_word' id='word_1_39' title='bbox 1262 718 1355 775; x_wconf 87' lang='lat' dir='ltr'><strong>sed</strong></span> <span class='ocrx_word' id='word_1_40' title='bbox 1384 716 1504 788; x_wconf 85' lang='lat' dir='ltr'><strong>quia</strong></span> <span class='ocrx_word' id='word_1_41' title='bbox 1538 713 1682 785; x_wconf 85' lang='lat' dir='ltr'><strong>prior</strong></span> <span class='ocrx_word' id='word_1_42' title='bbox 1710 725 1834 765; x_wconf 87' lang='lat' dir='ltr'><strong>car-</strong></span> 
     </span>
    </p>
   </div>
   <div class='ocr_carea' id='block_1_7' title="bbox 250 807 1834 887">
    <p class='ocr_par' dir='ltr' id='par_1_7' title="bbox 250 807 1834 887">
     <span class='ocr_line' id='line_1_7' title="bbox 250 807 1834 887; baseline -0.02 -1"><span class='ocrx_word' id='word_1_43' title='bbox 250 835 322 887; x_wconf 91' lang='lat' dir='ltr'><strong>nis</strong></span> <span class='ocrx_word' id='word_1_44' title='bbox 351 841 547 886; x_wconf 87' lang='lat' dir='ltr'><strong>natura</strong></span> <span class='ocrx_word' id='word_1_45' title='bbox 595 843 664 883; x_wconf 81' lang='lat' dir='ltr'><strong>ex</strong></span> <span class='ocrx_word' id='word_1_46' title='bbox 707 834 845 880; x_wconf 88' lang='lat' dir='ltr'><strong>terra</strong></span> <span class='ocrx_word' id='word_1_47' title='bbox 874 820 1121 883; x_wconf 89' lang='lat' dir='ltr'><strong>formata,</strong></span> <span class='ocrx_word' id='word_1_48' title='bbox 1149 830 1179 869; x_wconf 90' lang='lat' dir='ltr'><strong>a</strong></span> <span class='ocrx_word' id='word_1_49' title='bbox 1212 820 1431 883; x_wconf 86' lang='lat' dir='ltr'><strong>peccato</strong></span> <span class='ocrx_word' id='word_1_50' title='bbox 1475 807 1622 879; x_wconf 90' lang='lat' dir='ltr'><strong>prius</strong></span> <span class='ocrx_word' id='word_1_51' title='bbox 1660 810 1834 858; x_wconf 91' lang='lat' dir='ltr'><strong>morte</strong></span> 
     </span>
    </p>
   </div>
   <div class='ocr_carea' id='block_1_8' title="bbox 253 899 1833 980">
    <p class='ocr_par' dir='ltr' id='par_1_8' title="bbox 253 899 1833 980">
     <span class='ocr_line' id='line_1_8' title="bbox 253 899 1833 980; baseline -0.022 0"><span class='ocrx_word' id='word_1_52' title='bbox 253 924 433 980; x_wconf 78' lang='lat' dir='ltr'><strong>affecta</strong></span> <span class='ocrx_word' id='word_1_53' title='bbox 462 930 521 976; x_wconf 84' lang='lat' dir='ltr'><strong>et</strong></span> <span class='ocrx_word' id='word_1_54' title='bbox 550 919 748 974; x_wconf 85' lang='lat' dir='ltr'><strong>amissa</strong></span> <span class='ocrx_word' id='word_1_55' title='bbox 794 915 900 970; x_wconf 85' lang='lat' dir='ltr'><strong>vita</strong></span> <span class='ocrx_word' id='word_1_56' title='bbox 936 912 1131 975; x_wconf 88' lang='lat' dir='ltr'><strong>aliam,</strong></span> <span class='ocrx_word' id='word_1_57' title='bbox 1171 915 1229 961; x_wconf 93' lang='lat' dir='ltr'><strong>ut</strong></span> <span class='ocrx_word' id='word_1_58' title='bbox 1270 903 1387 974; x_wconf 93' lang='lat' dir='ltr'><strong>quis</strong></span> <span class='ocrx_word' id='word_1_59' title='bbox 1426 899 1643 963; x_wconf 70' lang='lat' dir='ltr'><strong>dixerit,</strong></span> <span class='ocrx_word' id='word_1_60' title='bbox 1688 911 1833 950; x_wconf 89' lang='lat' dir='ltr'><strong>mas-</strong></span> 
     </span>
    </p>
   </div>
   <div class='ocr_carea' id='block_1_9' title="bbox 248 1001 1833 1073">
    <p class='ocr_par' dir='ltr' id='par_1_9' title="bbox 248 1001 1833 1073">
     <span class='ocr_line' id='line_1_9' title="bbox 248 1001 1833 1073; baseline -0.02 -1"><span class='ocrx_word' id='word_1_61' title='bbox 248 1031 355 1073; x_wconf 83' lang='lat' dir='ltr'><strong>sam</strong></span> <span class='ocrx_word' id='word_1_62' title='bbox 418 1022 474 1068; x_wconf 89' lang='lat' dir='ltr'><strong>et</strong></span> <span class='ocrx_word' id='word_1_63' title='bbox 529 1012 852 1066; x_wconf 82' lang='lat' dir='ltr'><strong>fermentum</strong></span> <span class='ocrx_word' id='word_1_64' title='bbox 906 1001 1159 1067; x_wconf 79' lang='lat' dir='ltr'><strong>induxit;</strong></span> <span class='ocrx_word' id='word_1_65' title='bbox 1202 1010 1419 1053; x_wconf 86' lang='lat' dir='ltr'><strong>carnem</strong></span> <span class='ocrx_word' id='word_1_66' title='bbox 1471 1006 1664 1056; x_wconf 88' lang='lat' dir='ltr'><strong>suam,</strong></span> <span class='ocrx_word' id='word_1_67' title='bbox 1713 1002 1833 1058; x_wconf 73' lang='lat' dir='ltr'><strong>qua:</strong></span> 
     </span>
    </p>
   </div>
   <div class='ocr_carea' id='block_1_10' title="bbox 246 1078 1831 1170">
    <p class='ocr_par' dir='ltr' id='par_1_10' title="bbox 246 1078 1831 1170">
     <span class='ocr_line' id='line_1_10' title="bbox 246 1078 1831 1170; baseline -0.02 -5"><span class='ocrx_word' id='word_1_68' title='bbox 246 1120 433 1165; x_wconf 84' lang='lat' dir='ltr'><strong>natura</strong></span> <span class='ocrx_word' id='word_1_69' title='bbox 478 1104 668 1161; x_wconf 86' lang='lat' dir='ltr'><strong>eadem</strong></span> <span class='ocrx_word' id='word_1_70' title='bbox 716 1109 853 1165; x_wconf 88' lang='lat' dir='ltr'><strong>erat,</strong></span> <span class='ocrx_word' id='word_1_71' title='bbox 898 1104 1116 1170; x_wconf 87' lang='lat' dir='ltr'><strong>peccato</strong></span> <span class='ocrx_word' id='word_1_72' title='bbox 1162 1078 1605 1150; x_wconf 65' lang='lat' dir='ltr'><strong>aute‘liberam</strong></span> <span class='ocrx_word' id='word_1_73' title='bbox 1631 1092 1686 1139; x_wconf 89' lang='lat' dir='ltr'><strong>et</strong></span> <span class='ocrx_word' id='word_1_74' title='bbox 1724 1083 1831 1136; x_wconf 90' lang='lat' dir='ltr'><strong>vita</strong></span> 
     </span>
    </p>
   </div>
   <div class='ocr_carea' id='block_1_11' title="bbox 241 1176 1830 1277">
    <p class='ocr_par' dir='ltr' id='par_1_11' title="bbox 241 1176 1830 1277">
     <span class='ocr_line' id='line_1_11' title="bbox 241 1176 1830 1277; baseline -0.021 -15"><span class='ocrx_word' id='word_1_75' title='bbox 241 1208 474 1277; x_wconf 85' lang='lat' dir='ltr'><strong>plenam.</strong></span> <span class='ocrx_word' id='word_1_76' title='bbox 506 1199 756 1258; x_wconf 86' lang='lat' dir='ltr'><strong>omnibus</strong></span> <span class='ocrx_word' id='word_1_77' title='bbox 791 1189 1214 1266; x_wconf 87' lang='lat' dir='ltr'><strong>participandam</strong></span> <span class='ocrx_word' id='word_1_78' title='bbox 1248 1184 1415 1251; x_wconf 84' lang='lat' dir='ltr'><strong>dedit,</strong></span> <span class='ocrx_word' id='word_1_79' title='bbox 1452 1189 1511 1236; x_wconf 87' lang='lat' dir='ltr'><strong>ut</strong></span> <span class='ocrx_word' id='word_1_80' title='bbox 1544 1195 1607 1236; x_wconf 88' lang='lat' dir='ltr'><strong>ea</strong></span> <span class='ocrx_word' id='word_1_81' title='bbox 1646 1176 1830 1232; x_wconf 89' lang='lat' dir='ltr'><strong>nutriti</strong></span> 
     </span>
    </p>
   </div>
   <div class='ocr_carea' id='block_1_12' title="bbox 235 1270 1829 1367">
    <p class='ocr_par' dir='ltr' id='par_1_12' title="bbox 235 1270 1829 1367">
     <span class='ocr_line' id='line_1_12' title="bbox 235 1270 1829 1367; baseline -0.022 -11"><span class='ocrx_word' id='word_1_82' title='bbox 235 1270 288 1355; x_wconf 80' lang='lat' dir='ltr'><strong>et</strong></span> <span class='ocrx_word' id='word_1_83' title='bbox 318 1296 567 1367; x_wconf 86' lang='lat' dir='ltr'><strong>deposita</strong></span> <span class='ocrx_word' id='word_1_84' title='bbox 611 1292 790 1364; x_wconf 85' lang='lat' dir='ltr'><strong>priore</strong></span> <span class='ocrx_word' id='word_1_85' title='bbox 817 1303 937 1359; x_wconf 71' lang='lat' dir='ltr'><strong>qua:</strong></span> <span class='ocrx_word' id='word_1_86' title='bbox 988 1293 1195 1339; x_wconf 86' lang='lat' dir='ltr'><strong>mortua</strong></span> <span class='ocrx_word' id='word_1_87' title='bbox 1239 1289 1375 1344; x_wconf 87' lang='lat' dir='ltr'><strong>erat,</strong></span> <span class='ocrx_word' id='word_1_88' title='bbox 1423 1276 1476 1330; x_wconf 93' lang='lat' dir='ltr'><strong>in</strong></span> <span class='ocrx_word' id='word_1_89' title='bbox 1519 1273 1681 1327; x_wconf 87' lang='lat' dir='ltr'><strong>vitam</strong></span> <span class='ocrx_word' id='word_1_90' title='bbox 1726 1270 1829 1323; x_wconf 90' lang='lat' dir='ltr'><strong>im-</strong></span> 
     </span>
    </p>
   </div>
   <div class='ocr_carea' id='block_1_13' title="bbox 235 1357 1828 1455">
    <p class='ocr_par' dir='ltr' id='par_1_13' title="bbox 235 1357 1828 1455">
     <span class='ocr_line' id='line_1_13' title="bbox 235 1357 1828 1455; baseline -0.021 -9"><span class='ocrx_word' id='word_1_91' title='bbox 235 1388 529 1446; x_wconf 80' lang='lat' dir='ltr'><strong>mortalem</strong></span> <span class='ocrx_word' id='word_1_92' title='bbox 561 1399 657 1455; x_wconf 88' lang='lat' dir='ltr'><strong>per</strong></span> <span class='ocrx_word' id='word_1_93' title='bbox 704 1382 840 1437; x_wconf 88' lang='lat' dir='ltr'><strong>hanc</strong></span> <span class='ocrx_word' id='word_1_94' title='bbox 881 1390 1119 1433; x_wconf 85' lang='lat' dir='ltr'><strong>mensam</strong></span> <span class='ocrx_word' id='word_1_95' title='bbox 1165 1380 1562 1440; x_wconf 66' lang='lat' dir='ltr'><strong>cooptarentur.</strong></span> <span class='ocrx_word' id='word_1_96' title='bbox 1612 1363 1700 1418; x_wconf 80' lang='grc'><strong>18.</strong></span> <span class='ocrx_word' id='word_1_97' title='bbox 1734 1357 1828 1414; x_wconf 83' lang='lat' dir='ltr'><strong>Vi-</strong></span> 
     </span>
    </p>
   </div>
   <div class='ocr_carea' id='block_1_14' title="bbox 230 1454 1830 1537">
    <p class='ocr_par' dir='ltr' id='par_1_14' title="bbox 230 1454 1830 1537">
     <span class='ocr_line' id='line_1_14' title="bbox 230 1454 1830 1537; baseline -0.019 1"><span class='ocrx_word' id='word_1_98' title='bbox 230 1484 348 1537; x_wconf 74' lang='lat' dir='ltr'><strong>dete</strong></span> <span class='ocrx_word' id='word_1_99' title='bbox 392 1454 577 1535; x_wconf 14' lang='lat' dir='ltr'><strong>Israel,</strong></span> <span class='ocrx_word' id='word_1_100' title='bbox 616 1474 887 1531; x_wconf 84' lang='lat' dir='ltr'><strong>secundum</strong></span> <span class='ocrx_word' id='word_1_101' title='bbox 932 1484 1134 1524; x_wconf 84' lang='lat' dir='ltr'><strong>carnem</strong></span> <span class='ocrx_word' id='word_1_102' title='bbox 1168 1483 1188 1522; x_wconf 90' lang='lat'><strong><em>:</em></strong></span> <span class='ocrx_word' id='word_1_103' title='bbox 1226 1478 1393 1519; x_wconf 82' lang='lat' dir='ltr'><strong>nonne</strong></span> <span class='ocrx_word' id='word_1_104' title='bbox 1426 1461 1514 1531; x_wconf 90' lang='lat' dir='ltr'><strong>qui</strong></span> <span class='ocrx_word' id='word_1_105' title='bbox 1550 1458 1702 1513; x_wconf 85' lang='lat' dir='ltr'><strong>edunt</strong></span> <span class='ocrx_word' id='word_1_106' title='bbox 1740 1454 1830 1507; x_wconf 73' lang='lat' dir='ltr'><strong>Ito-</strong></span> 
     </span>
    </p>
   </div>
   <div class='ocr_carea' id='block_1_15' title="bbox 225 1546 1828 1643">
    <p class='ocr_par' dir='ltr' id='par_1_15' title="bbox 225 1546 1828 1643">
     <span class='ocr_line' id='line_1_15' title="bbox 225 1546 1828 1643; baseline -0.018 -13"><span class='ocrx_word' id='word_1_107' title='bbox 225 1577 383 1640; x_wconf 80' lang='lat' dir='ltr'><strong>stias,</strong></span> <span class='ocrx_word' id='word_1_108' title='bbox 410 1571 684 1643; x_wconf 82' lang='lat' dir='ltr'><strong>participes</strong></span> <span class='ocrx_word' id='word_1_109' title='bbox 713 1575 827 1623; x_wconf 87' lang='lat' dir='ltr'><strong>sunt</strong></span> <span class='ocrx_word' id='word_1_110' title='bbox 848 1562 1067 1619; x_wconf 81' lang='lat' dir='ltr'><strong>altaris?</strong></span> <span class='ocrx_word' id='word_1_111' title='bbox 1092 1560 1296 1615; x_wconf 79' lang='lat' dir='ltr'><strong>Rursus</strong></span> <span class='ocrx_word' id='word_1_112' title='bbox 1319 1572 1382 1611; x_wconf 82' lang='lat' dir='ltr'><strong>ex</strong></span> <span class='ocrx_word' id='word_1_113' title='bbox 1416 1552 1582 1608; x_wconf 91' lang='lat' dir='ltr'><strong>veteri</strong></span> <span class='ocrx_word' id='word_1_114' title='bbox 1614 1550 1731 1620; x_wconf 83' lang='lat' dir='ltr'><strong>lege</strong></span> <span class='ocrx_word' id='word_1_115' title='bbox 1759 1546 1828 1601; x_wconf 83' lang='lat' dir='ltr'><strong>ad</strong></span> 
     </span>
    </p>
   </div>
   <div class='ocr_carea' id='block_1_16' title="bbox 228 1647 1829 1730">
    <p class='ocr_par' dir='ltr' id='par_1_16' title="bbox 228 1647 1829 1730">
     <span class='ocr_line' id='line_1_16' title="bbox 228 1647 1829 1730; baseline -0.021 -5"><span class='ocrx_word' id='word_1_116' title='bbox 228 1670 380 1725; x_wconf 86' lang='lat' dir='ltr'><strong>idem</strong></span> <span class='ocrx_word' id='word_1_117' title='bbox 414 1664 639 1722; x_wconf 85' lang='lat' dir='ltr'><strong>inducit.</strong></span> <span class='ocrx_word' id='word_1_118' title='bbox 669 1662 801 1730; x_wconf 90' lang='lat' dir='ltr'><strong>Quia</strong></span> <span class='ocrx_word' id='word_1_119' title='bbox 847 1663 989 1715; x_wconf 89' lang='lat' dir='ltr'><strong>enim</strong></span> <span class='ocrx_word' id='word_1_120' title='bbox 1039 1656 1197 1724; x_wconf 85' lang='lat' dir='ltr'><strong>longe</strong></span> <span class='ocrx_word' id='word_1_121' title='bbox 1243 1647 1623 1706; x_wconf 78' lang='lat' dir='ltr'><strong>imbecilliores</strong></span> <span class='ocrx_word' id='word_1_122' title='bbox 1676 1648 1829 1697; x_wconf 90' lang='lat' dir='ltr'><strong>erant</strong></span> 
     </span>
    </p>
   </div>
   <div class='ocr_carea' id='block_1_17' title="bbox 226 1732 1828 1832">
    <p class='ocr_par' dir='ltr' id='par_1_17' title="bbox 226 1732 1828 1832">
     <span class='ocr_line' id='line_1_17' title="bbox 226 1732 1828 1832; baseline -0.017 -19"><span class='ocrx_word' id='word_1_123' title='bbox 226 1777 400 1832; x_wconf 82' lang='lat' dir='ltr'><strong>quam</strong></span> <span class='ocrx_word' id='word_1_124' title='bbox 434 1767 491 1813; x_wconf 91' lang='lat' dir='ltr'><strong>ut</strong></span> <span class='ocrx_word' id='word_1_125' title='bbox 515 1757 779 1812; x_wconf 89' lang='lat' dir='ltr'><strong>dictormn</strong></span> <span class='ocrx_word' id='word_1_126' title='bbox 816 1747 1235 1821; x_wconf 82' lang='lat' dir='ltr'><strong>magnitudinem</strong></span> <span class='ocrx_word' id='word_1_127' title='bbox 1262 1746 1551 1813; x_wconf 88' lang='lat' dir='ltr'><strong>caperent,</strong></span> <span class='ocrx_word' id='word_1_128' title='bbox 1580 1751 1609 1790; x_wconf 92' lang='lat' dir='ltr'><strong>a</strong></span> <span class='ocrx_word' id='word_1_129' title='bbox 1636 1732 1828 1805; x_wconf 90' lang='lat' dir='ltr'><strong>priori-</strong></span> 
     </span>
    </p>
   </div>
   <div class='ocr_carea' id='block_1_18' title="bbox 227 1824 1826 1914">
    <p class='ocr_par' dir='ltr' id='par_1_18' title="bbox 227 1824 1826 1914">
     <span class='ocr_line' id='line_1_18' title="bbox 227 1824 1826 1914; baseline -0.019 -5"><span class='ocrx_word' id='word_1_130' title='bbox 227 1824 336 1909; x_wconf 72' lang='lat' dir='ltr'><strong>bus</strong></span> <span class='ocrx_word' id='word_1_131' title='bbox 367 1861 424 1907; x_wconf 91' lang='lat' dir='ltr'><strong>et</strong></span> <span class='ocrx_word' id='word_1_132' title='bbox 458 1849 686 1905; x_wconf 86' lang='lat' dir='ltr'><strong>assuetis</strong></span> <span class='ocrx_word' id='word_1_133' title='bbox 713 1846 817 1901; x_wconf 90' lang='lat' dir='ltr'><strong>illis</strong></span> <span class='ocrx_word' id='word_1_134' title='bbox 848 1838 1156 1914; x_wconf 85' lang='lat' dir='ltr'><strong>persuadet.</strong></span> <span class='ocrx_word' id='word_1_135' title='bbox 1190 1837 1255 1891; x_wconf 87' lang='lat' dir='ltr'><strong>Et</strong></span> <span class='ocrx_word' id='word_1_136' title='bbox 1283 1832 1525 1904; x_wconf 91' lang='lat' dir='ltr'><strong>apposite</strong></span> <span class='ocrx_word' id='word_1_137' title='bbox 1566 1830 1677 1895; x_wconf 92' lang='lat' dir='ltr'><strong>ait,</strong></span> <span class='ocrx_word' id='word_1_138' title='bbox 1725 1824 1826 1881; x_wconf 88' lang='lat' dir='ltr'><strong>Se-</strong></span> 
     </span>
    </p>
   </div>
   <div class='ocr_carea' id='block_1_19' title="bbox 224 1921 1825 2010">
    <p class='ocr_par' dir='ltr' id='par_1_19' title="bbox 224 1921 1825 2010">
     <span class='ocr_line' id='line_1_19' title="bbox 224 1921 1825 2010; baseline -0.019 -8"><span class='ocrx_word' id='word_1_139' title='bbox 224 1948 465 2002; x_wconf 79' lang='lat' dir='ltr'><strong>cundum</strong></span> <span class='ocrx_word' id='word_1_140' title='bbox 489 1958 711 2008; x_wconf 86' lang='lat' dir='ltr'><strong>carnem,</strong></span> <span class='ocrx_word' id='word_1_141' title='bbox 736 1936 877 2010; x_wconf 90' lang='lat' dir='ltr'><strong>quod</strong></span> <span class='ocrx_word' id='word_1_142' title='bbox 895 1934 995 2005; x_wconf 85' lang='lat' dir='ltr'><strong>ipsi</strong></span> <span class='ocrx_word' id='word_1_143' title='bbox 1024 1940 1206 1989; x_wconf 90' lang='lat' dir='ltr'><strong>essent</strong></span> <span class='ocrx_word' id='word_1_144' title='bbox 1234 1926 1529 1985; x_wconf 88' lang='lat' dir='ltr'><strong>secundum</strong></span> <span class='ocrx_word' id='word_1_145' title='bbox 1557 1921 1825 1994; x_wconf 80' lang='lat' dir='ltr'><strong>Spiritum.</strong></span> 
     </span>
    </p>
   </div>
   <div class='ocr_carea' id='block_1_20' title="bbox 229 2011 1829 2102">
    <p class='ocr_par' dir='ltr' id='par_1_20' title="bbox 229 2011 1829 2102">
     <span class='ocr_line' id='line_1_20' title="bbox 229 2011 1829 2102; baseline -0.019 -7"><span class='ocrx_word' id='word_1_146' title='bbox 229 2040 354 2095; x_wconf 78' lang='lat' dir='ltr'><strong>Hoc</strong></span> <span class='ocrx_word' id='word_1_147' title='bbox 382 2046 561 2092; x_wconf 87' lang='lat' dir='ltr'><strong>autem</strong></span> <span class='ocrx_word' id='word_1_148' title='bbox 588 2033 701 2088; x_wconf 88' lang='lat' dir='ltr'><strong>vult</strong></span> <span class='ocrx_word' id='word_1_149' title='bbox 730 2030 1032 2102; x_wconf 84' lang='lat' dir='ltr'><strong>significare</strong></span> <span class='ocrx_word' id='word_1_150' title='bbox 1056 2043 1069 2079; x_wconf 91' lang='lat'><strong>:</strong></span> <span class='ocrx_word' id='word_1_151' title='bbox 1094 2023 1268 2080; x_wconf 81' lang='lat' dir='ltr'><strong>Etiam</strong></span> <span class='ocrx_word' id='word_1_152' title='bbox 1291 2036 1319 2073; x_wconf 94' lang='lat' dir='ltr'><strong>a</strong></span> <span class='ocrx_word' id='word_1_153' title='bbox 1351 2015 1704 2074; x_wconf 73' lang='lat' dir='ltr'><strong>crassior-ibus</strong></span> <span class='ocrx_word' id='word_1_154' title='bbox 1731 2011 1829 2066; x_wconf 84' lang='lat' dir='ltr'><strong>do-</strong></span> 
     </span>
    </p>
   </div>
   <div class='ocr_carea' id='block_1_21' title="bbox 229 2103 1827 2198">
    <p class='ocr_par' dir='ltr' id='par_1_21' title="bbox 229 2103 1827 2198">
     <span class='ocr_line' id='line_1_21' title="bbox 229 2103 1827 2198; baseline -0.018 -11"><span class='ocrx_word' id='word_1_155' title='bbox 229 2131 437 2187; x_wconf 86' lang='lat' dir='ltr'><strong>cemini</strong></span> <span class='ocrx_word' id='word_1_156' title='bbox 460 2172 475 2194; x_wconf 90' lang='lat'><strong>,</strong></span> <span class='ocrx_word' id='word_1_157' title='bbox 505 2126 646 2198; x_wconf 90' lang='lat' dir='ltr'><strong>quod</strong></span> <span class='ocrx_word' id='word_1_158' title='bbox 674 2124 764 2197; x_wconf 91' lang='lat' dir='ltr'><strong>qui</strong></span> <span class='ocrx_word' id='word_1_159' title='bbox 794 2119 995 2176; x_wconf 89' lang='lat' dir='ltr'><strong>hostias</strong></span> <span class='ocrx_word' id='word_1_160' title='bbox 1022 2114 1349 2179; x_wconf 89' lang='lat' dir='ltr'><strong>comedunt,</strong></span> <span class='ocrx_word' id='word_1_161' title='bbox 1396 2106 1682 2181; x_wconf 80' lang='lat' dir='ltr'><strong>participes</strong></span> <span class='ocrx_word' id='word_1_162' title='bbox 1721 2103 1827 2159; x_wconf 91' lang='lat' dir='ltr'><strong>sint</strong></span> 
     </span>
    </p>
   </div>
   <div class='ocr_carea' id='block_1_22' title="bbox 232 2197 1827 2286">
    <p class='ocr_par' dir='ltr' id='par_1_22' title="bbox 232 2197 1827 2286">
     <span class='ocr_line' id='line_1_22' title="bbox 232 2197 1827 2286; baseline -0.019 -7"><span class='ocrx_word' id='word_1_163' title='bbox 232 2222 447 2279; x_wconf 74' lang='lat' dir='ltr'><strong>altaris.</strong></span> <span class='ocrx_word' id='word_1_164' title='bbox 480 2197 665 2273; x_wconf 78' lang='lat' dir='ltr'><strong>Viden’</strong></span> <span class='ocrx_word' id='word_1_165' title='bbox 692 2210 960 2286; x_wconf 90' lang='lat' dir='ltr'><strong>quomodo</strong></span> <span class='ocrx_word' id='word_1_166' title='bbox 984 2206 1231 2265; x_wconf 84' lang='lat' dir='ltr'><strong>ostendat</strong></span> <span class='ocrx_word' id='word_1_167' title='bbox 1259 2218 1373 2269; x_wconf 88' lang='lat' dir='ltr'><strong>eos,</strong></span> <span class='ocrx_word' id='word_1_168' title='bbox 1401 2201 1490 2271; x_wconf 86' lang='lat' dir='ltr'><strong>qui</strong></span> <span class='ocrx_word' id='word_1_169' title='bbox 1519 2197 1827 2254; x_wconf 83' lang='lat' dir='ltr'><strong>viderentur</strong></span> 
     </span>
    </p>
   </div>
   <div class='ocr_carea' id='block_1_23' title="bbox 232 2287 1824 2385">
    <p class='ocr_par' dir='ltr' id='par_1_23' title="bbox 232 2287 1824 2385">
     <span class='ocr_line' id='line_1_23' title="bbox 232 2287 1824 2385; baseline -0.019 -13"><span class='ocrx_word' id='word_1_170' title='bbox 232 2331 361 2371; x_wconf 83' lang='lat' dir='ltr'><strong>esse</strong></span> <span class='ocrx_word' id='word_1_171' title='bbox 382 2311 624 2385; x_wconf 74' lang='lat' dir='ltr'><strong>perfecti,</strong></span> <span class='ocrx_word' id='word_1_172' title='bbox 651 2325 756 2364; x_wconf 90' lang='lat' dir='ltr'><strong>non</strong></span> <span class='ocrx_word' id='word_1_173' title='bbox 776 2306 977 2361; x_wconf 89' lang='lat' dir='ltr'><strong>habere</strong></span> <span class='ocrx_word' id='word_1_174' title='bbox 1010 2301 1299 2374; x_wconf 86' lang='lat' dir='ltr'><strong>perfectam</strong></span> <span class='ocrx_word' id='word_1_175' title='bbox 1328 2294 1686 2366; x_wconf 80' lang='lat' dir='ltr'><strong>cognitionem</strong></span> <span class='ocrx_word' id='word_1_176' title='bbox 1717 2330 1733 2356; x_wconf 95' lang='lat'><strong>,</strong></span> <span class='ocrx_word' id='word_1_177' title='bbox 1778 2287 1824 2341; x_wconf 91' lang='lat' dir='ltr'><strong>si</strong></span> 
     </span>
    </p>
   </div>
   <div class='ocr_carea' id='block_1_24' title="bbox 238 2383 1825 2475">
    <p class='ocr_par' dir='ltr' id='par_1_24' title="bbox 238 2383 1825 2475">
     <span class='ocr_line' id='line_1_24' title="bbox 238 2383 1825 2475; baseline -0.018 -11"><span class='ocrx_word' id='word_1_178' title='bbox 238 2424 311 2464; x_wconf 83' lang='lat' dir='ltr'><strong>ne</strong></span> <span class='ocrx_word' id='word_1_179' title='bbox 337 2412 435 2463; x_wconf 91' lang='lat' dir='ltr'><strong>hoc</strong></span> <span class='ocrx_word' id='word_1_180' title='bbox 456 2405 669 2475; x_wconf 88' lang='lat' dir='ltr'><strong>quidem</strong></span> <span class='ocrx_word' id='word_1_181' title='bbox 701 2402 934 2465; x_wconf 88' lang='lat' dir='ltr'><strong>scirent,</strong></span> <span class='ocrx_word' id='word_1_182' title='bbox 968 2394 1110 2467; x_wconf 88' lang='lat' dir='ltr'><strong>quod</strong></span> <span class='ocrx_word' id='word_1_183' title='bbox 1132 2409 1197 2450; x_wconf 74' lang='lat' dir='ltr'><strong>ex</strong></span> <span class='ocrx_word' id='word_1_184' title='bbox 1228 2391 1314 2446; x_wconf 91' lang='lat' dir='ltr'><strong>his</strong></span> <span class='ocrx_word' id='word_1_185' title='bbox 1342 2403 1486 2459; x_wconf 73' lang='lat' dir='ltr'><strong>smpe</strong></span> <span class='ocrx_word' id='word_1_186' title='bbox 1525 2383 1825 2441; x_wconf 87' lang='lat' dir='ltr'><strong>communi-</strong></span> 
     </span>
    </p>
   </div>
   <div class='ocr_carea' id='block_1_25' title="bbox 236 2478 1820 2570">
    <p class='ocr_par' dir='ltr' id='par_1_25' title="bbox 236 2478 1820 2570">
     <span class='ocr_line' id='line_1_25' title="bbox 236 2478 1820 2570; baseline -0.017 -13"><span class='ocrx_word' id='word_1_187' title='bbox 236 2503 380 2557; x_wconf 83' lang='lat' dir='ltr'><strong>catio</strong></span> <span class='ocrx_word' id='word_1_188' title='bbox 405 2498 650 2570; x_wconf 70' lang='lat' dir='ltr'><strong>qumdam</strong></span> <span class='ocrx_word' id='word_1_189' title='bbox 681 2496 857 2550; x_wconf 88' lang='lat' dir='ltr'><strong>multis</strong></span> <span class='ocrx_word' id='word_1_190' title='bbox 888 2494 956 2547; x_wconf 85' lang='lat' dir='ltr'><strong>sit</strong></span> <span class='ocrx_word' id='word_1_191' title='bbox 984 2499 1037 2546; x_wconf 90' lang='lat' dir='ltr'><strong>et</strong></span> <span class='ocrx_word' id='word_1_192' title='bbox 1061 2486 1291 2544; x_wconf 82' lang='lat' dir='ltr'><strong>amicitia</strong></span> <span class='ocrx_word' id='word_1_193' title='bbox 1320 2499 1443 2538; x_wconf 92' lang='lat' dir='ltr'><strong>cum</strong></span> <span class='ocrx_word' id='word_1_194' title='bbox 1467 2478 1820 2543; x_wconf 68' lang='lat' dir='ltr'><strong>daemonibus,</strong></span> 
     </span>
    </p>
   </div>
   <div class='ocr_carea' id='block_1_26' title="bbox 238 2571 1820 2660">
    <p class='ocr_par' dir='ltr' id='par_1_26' title="bbox 238 2571 1820 2660">
     <span class='ocr_line' id='line_1_26' title="bbox 238 2571 1820 2660; baseline -0.018 -8"><span class='ocrx_word' id='word_1_195' title='bbox 238 2592 627 2651; x_wconf 88' lang='lat' dir='ltr'><strong>consuetudine</strong></span> <span class='ocrx_word' id='word_1_196' title='bbox 675 2587 928 2660; x_wconf 79' lang='lat' dir='ltr'><strong>paulatim</strong></span> <span class='ocrx_word' id='word_1_197' title='bbox 972 2584 1118 2655; x_wconf 89' lang='lat' dir='ltr'><strong>ipsos</strong></span> <span class='ocrx_word' id='word_1_198' title='bbox 1171 2576 1518 2635; x_wconf 87' lang='lat' dir='ltr'><strong>attrahente?</strong></span> <span class='ocrx_word' id='word_1_199' title='bbox 1570 2573 1624 2630; x_wconf 90' lang='lat' dir='ltr'><strong>Si</strong></span> <span class='ocrx_word' id='word_1_200' title='bbox 1678 2571 1820 2627; x_wconf 88' lang='lat' dir='ltr'><strong>enim</strong></span> 
     </span>
    </p>
   </div>
   <div class='ocr_carea' id='block_1_27' title="bbox 238 2662 1822 2757">
    <p class='ocr_par' dir='ltr' id='par_1_27' title="bbox 238 2662 1822 2757">
     <span class='ocr_line' id='line_1_27' title="bbox 238 2662 1822 2757; baseline -0.013 -16"><span class='ocrx_word' id='word_1_201' title='bbox 238 2687 377 2757; x_wconf 87' lang='lat' dir='ltr'><strong>apud</strong></span> <span class='ocrx_word' id='word_1_202' title='bbox 400 2685 642 2741; x_wconf 86' lang='lat' dir='ltr'><strong>homines</strong></span> <span class='ocrx_word' id='word_1_203' title='bbox 666 2682 793 2737; x_wconf 90' lang='lat' dir='ltr'><strong>salis</strong></span> <span class='ocrx_word' id='word_1_204' title='bbox 837 2689 891 2735; x_wconf 92' lang='lat' dir='ltr'><strong>et</strong></span> <span class='ocrx_word' id='word_1_205' title='bbox 938 2690 1138 2732; x_wconf 69' lang='lat' dir='ltr'><strong>mensae</strong></span> <span class='ocrx_word' id='word_1_206' title='bbox 1179 2672 1487 2742; x_wconf 91' lang='lat' dir='ltr'><strong>conjunctio</strong></span> <span class='ocrx_word' id='word_1_207' title='bbox 1512 2710 1528 2735; x_wconf 92' lang='lat'><strong>,</strong></span> <span class='ocrx_word' id='word_1_208' title='bbox 1571 2662 1822 2721; x_wconf 67' lang='lat' dir='ltr'><strong>amicitia:</strong></span> 
     </span>
    </p>
   </div>
   <div class='ocr_carea' id='block_1_28' title="bbox 234 2758 1821 2849">
    <p class='ocr_par' dir='ltr' id='par_1_28' title="bbox 234 2758 1821 2849">
     <span class='ocr_line' id='line_1_28' title="bbox 234 2758 1821 2849; baseline -0.016 -13"><span class='ocrx_word' id='word_1_209' title='bbox 234 2778 451 2835; x_wconf 88' lang='lat' dir='ltr'><strong>occasio</strong></span> <span class='ocrx_word' id='word_1_210' title='bbox 480 2787 533 2833; x_wconf 91' lang='lat' dir='ltr'><strong>et</strong></span> <span class='ocrx_word' id='word_1_211' title='bbox 557 2774 856 2849; x_wconf 84' lang='lat' dir='ltr'><strong>symbolum</strong></span> <span class='ocrx_word' id='word_1_212' title='bbox 884 2780 966 2826; x_wconf 90' lang='lat' dir='ltr'><strong>est</strong></span> <span class='ocrx_word' id='word_1_213' title='bbox 989 2812 1005 2837; x_wconf 96' lang='lat'><strong>,</strong></span> <span class='ocrx_word' id='word_1_214' title='bbox 1038 2768 1268 2837; x_wconf 89' lang='lat' dir='ltr'><strong>idipsum</strong></span> <span class='ocrx_word' id='word_1_215' title='bbox 1294 2774 1348 2819; x_wconf 92' lang='lat' dir='ltr'><strong>et</strong></span> <span class='ocrx_word' id='word_1_216' title='bbox 1388 2765 1440 2818; x_wconf 90' lang='lat' dir='ltr'><strong>in</strong></span> <span class='ocrx_word' id='word_1_217' title='bbox 1486 2758 1821 2817; x_wconf 79' lang='lat' dir='ltr'><strong>daemonibus</strong></span> 
     </span>
    </p>
   </div>
   <div class='ocr_carea' id='block_1_29' title="bbox 234 2849 1821 2941">
    <p class='ocr_par' dir='ltr' id='par_1_29' title="bbox 234 2849 1821 2941">
     <span class='ocr_line' id='line_1_29' title="bbox 234 2849 1821 2941; baseline -0.015 -14"><span class='ocrx_word' id='word_1_218' title='bbox 234 2878 547 2941; x_wconf 84' lang='lat' dir='ltr'><strong>contingere</strong></span> <span class='ocrx_word' id='word_1_219' title='bbox 580 2875 780 2940; x_wconf 86' lang='lat' dir='ltr'><strong>potest.</strong></span> <span class='ocrx_word' id='word_1_220' title='bbox 820 2864 901 2920; x_wconf 93' lang='lat' dir='ltr'><strong>Tu</strong></span> <span class='ocrx_word' id='word_1_221' title='bbox 929 2877 1059 2918; x_wconf 87' lang='lat' dir='ltr'><strong>vero</strong></span> <span class='ocrx_word' id='word_1_222' title='bbox 1090 2859 1220 2916; x_wconf 90' lang='lat' dir='ltr'><strong>mihi</strong></span> <span class='ocrx_word' id='word_1_223' title='bbox 1252 2854 1524 2928; x_wconf 89' lang='lat' dir='ltr'><strong>perpende</strong></span> <span class='ocrx_word' id='word_1_224' title='bbox 1550 2849 1821 2922; x_wconf 88' lang='lat' dir='ltr'><strong>quomodo</strong></span> 
     </span>
    </p>
   </div>
   <div class='ocr_carea' id='block_1_30' title="bbox 236 2945 1818 3031">
    <p class='ocr_par' dir='ltr' id='par_1_30' title="bbox 236 2945 1818 3031">
     <span class='ocr_line' id='line_1_30' title="bbox 236 2945 1818 3031; baseline -0.015 -14"><span class='ocrx_word' id='word_1_225' title='bbox 236 2963 301 3017; x_wconf 92' lang='lat' dir='ltr'><strong>de</strong></span> <span class='ocrx_word' id='word_1_226' title='bbox 330 2961 529 3017; x_wconf 68' lang='lat' dir='ltr'><strong>.ludaais</strong></span> <span class='ocrx_word' id='word_1_227' title='bbox 558 2959 772 3031; x_wconf 88' lang='lat' dir='ltr'><strong>quidem</strong></span> <span class='ocrx_word' id='word_1_228' title='bbox 805 2971 911 3011; x_wconf 92' lang='lat' dir='ltr'><strong>non</strong></span> <span class='ocrx_word' id='word_1_229' title='bbox 941 2952 1139 3009; x_wconf 82' lang='lat' dir='ltr'><strong>dixerit</strong></span> <span class='ocrx_word' id='word_1_230' title='bbox 1164 2992 1178 3016; x_wconf 88' lang='lat'><strong>,</strong></span> <span class='ocrx_word' id='word_1_231' title='bbox 1208 2946 1351 3020; x_wconf 90' lang='lat' dir='ltr'><strong>quod</strong></span> <span class='ocrx_word' id='word_1_232' title='bbox 1381 2960 1502 3001; x_wconf 91' lang='lat' dir='ltr'><strong>cum</strong></span> <span class='ocrx_word' id='word_1_233' title='bbox 1536 2945 1645 2998; x_wconf 89' lang='lat' dir='ltr'><strong>Deo</strong></span> <span class='ocrx_word' id='word_1_234' title='bbox 1667 2956 1818 2996; x_wconf 88' lang='lat' dir='ltr'><strong>com-</strong></span> 
     </span>
    </p>
   </div>
   <div class='ocr_carea' id='block_1_31' title="bbox 233 3034 1821 3118">
    <p class='ocr_par' dir='ltr' id='par_1_31' title="bbox 233 3034 1821 3118">
     <span class='ocr_line' id='line_1_31' title="bbox 233 3034 1821 3118; baseline -0.014 -10"><span class='ocrx_word' id='word_1_235' title='bbox 233 3054 528 3118; x_wconf 89' lang='lat' dir='ltr'><strong>municent,</strong></span> <span class='ocrx_word' id='word_1_236' title='bbox 559 3050 675 3118; x_wconf 88' lang='lat' dir='ltr'><strong>sed,</strong></span> <span class='ocrx_word' id='word_1_237' title='bbox 711 3048 861 3114; x_wconf 85' lang='lat' dir='ltr'><strong>Quod</strong></span> <span class='ocrx_word' id='word_1_238' title='bbox 890 3043 1161 3116; x_wconf 87' lang='lat' dir='ltr'><strong>participes</strong></span> <span class='ocrx_word' id='word_1_239' title='bbox 1187 3041 1363 3094; x_wconf 85' lang='lat' dir='ltr'><strong>altaris</strong></span> <span class='ocrx_word' id='word_1_240' title='bbox 1384 3046 1540 3100; x_wconf 88' lang='lat' dir='ltr'><strong>sunt;</strong></span> <span class='ocrx_word' id='word_1_241' title='bbox 1569 3034 1821 3090; x_wconf 87' lang='lat' dir='ltr'><strong>urebatur</strong></span> 
     </span>
    </p>
   </div>
   <div class='ocr_carea' id='block_1_32' title="bbox 230 3131 1853 3214">
    <p class='ocr_par' dir='ltr' id='par_1_32' title="bbox 230 3131 1853 3214">
     <span class='ocr_line' id='line_1_32' title="bbox 230 3131 1853 3214; baseline -0.014 -15"><span class='ocrx_word' id='word_1_242' title='bbox 230 3146 376 3199; x_wconf 84' lang='lat' dir='ltr'><strong>enim</strong></span> <span class='ocrx_word' id='word_1_243' title='bbox 428 3142 570 3214; x_wconf 90' lang='lat' dir='ltr'><strong>quod</strong></span> <span class='ocrx_word' id='word_1_244' title='bbox 625 3138 1024 3211; x_wconf 85' lang='lat' dir='ltr'><strong>superpositum</strong></span> <span class='ocrx_word' id='word_1_245' title='bbox 1082 3141 1198 3189; x_wconf 88' lang='lat' dir='ltr'><strong>erat</strong></span> <span class='ocrx_word' id='word_1_246' title='bbox 1226 3149 1241 3185; x_wconf 85' lang='lat'><strong>:</strong></span> <span class='ocrx_word' id='word_1_247' title='bbox 1274 3131 1327 3185; x_wconf 91' lang='lat' dir='ltr'><strong>in</strong></span> <span class='ocrx_word' id='word_1_248' title='bbox 1365 3131 1593 3200; x_wconf 80' lang='lat' dir='ltr'><strong>corpore</strong></span> <span class='ocrx_word' id='word_1_249' title='bbox 1640 3133 1853 3180; x_wconf 78' lang='lat' dir='ltr'><strong>autem~</strong></span> 
     </span>
    </p>
   </div>
   <div class='ocr_carea' id='block_1_33' title="bbox 226 3220 1820 3300">
    <p class='ocr_par' dir='ltr' id='par_1_33' title="bbox 226 3220 1820 3300">
     <span class='ocr_line' id='line_1_33' title="bbox 226 3220 1820 3300; baseline -0.014 -9"><span class='ocrx_word' id='word_1_250' title='bbox 226 3235 431 3291; x_wconf 79' lang='lat' dir='ltr'><strong>Christi</strong></span> <span class='ocrx_word' id='word_1_251' title='bbox 461 3249 568 3290; x_wconf 90' lang='lat' dir='ltr'><strong>non</strong></span> <span class='ocrx_word' id='word_1_252' title='bbox 594 3232 710 3297; x_wconf 78' lang='lat' dir='ltr'><strong>sic;</strong></span> <span class='ocrx_word' id='word_1_253' title='bbox 742 3228 837 3285; x_wconf 85' lang='lat' dir='ltr'><strong>sed</strong></span> <span class='ocrx_word' id='word_1_254' title='bbox 865 3225 1172 3300; x_wconf 87' lang='lat' dir='ltr'><strong>quomodo?</strong></span> <span class='ocrx_word' id='word_1_255' title='bbox 1215 3220 1613 3279; x_wconf 79' lang='lat' dir='ltr'><strong>Communicatio</strong></span> <span class='ocrx_word' id='word_1_256' title='bbox 1635 3233 1820 3288; x_wconf 85' lang='lat' dir='ltr'><strong>corpo-</strong></span> 
     </span>
    </p>
   </div>
   <div class='ocr_carea' id='block_1_34' title="bbox 227 3309 1819 3384">
    <p class='ocr_par' dir='ltr' id='par_1_34' title="bbox 227 3309 1819 3384">
     <span class='ocr_line' id='line_1_34' title="bbox 227 3309 1819 3384; baseline -0.012 -1"><span class='ocrx_word' id='word_1_257' title='bbox 227 3330 301 3383; x_wconf 88' lang='lat' dir='ltr'><strong>ris</strong></span> <span class='ocrx_word' id='word_1_258' title='bbox 336 3327 545 3382; x_wconf 85' lang='lat' dir='ltr'><strong>Domini</strong></span> <span class='ocrx_word' id='word_1_259' title='bbox 566 3334 658 3380; x_wconf 88' lang='lat' dir='ltr'><strong>est.</strong></span> <span class='ocrx_word' id='word_1_260' title='bbox 680 3323 799 3379; x_wconf 85' lang='lat' dir='ltr'><strong>Non</strong></span> <span class='ocrx_word' id='word_1_261' title='bbox 826 3324 968 3377; x_wconf 90' lang='lat' dir='ltr'><strong>enim</strong></span> <span class='ocrx_word' id='word_1_262' title='bbox 996 3317 1181 3375; x_wconf 84' lang='lat' dir='ltr'><strong>altaris</strong></span> <span class='ocrx_word' id='word_1_263' title='bbox 1203 3356 1223 3383; x_wconf 91' lang='lat'><strong>,</strong></span> <span class='ocrx_word' id='word_1_264' title='bbox 1269 3314 1365 3370; x_wconf 88' lang='lat' dir='ltr'><strong>sed</strong></span> <span class='ocrx_word' id='word_1_265' title='bbox 1409 3312 1576 3384; x_wconf 83' lang='lat' dir='ltr'><strong>ipsius</strong></span> <span class='ocrx_word' id='word_1_266' title='bbox 1618 3309 1819 3366; x_wconf 85' lang='lat' dir='ltr'><strong>Christi</strong></span> 
     </span>
    </p>
   </div>
   <div class='ocr_carea' id='block_1_35' title="bbox 230 3404 1820 3492">
    <p class='ocr_par' dir='ltr' id='par_1_35' title="bbox 230 3404 1820 3492">
     <span class='ocr_line' id='line_1_35' title="bbox 230 3404 1820 3492; baseline -0.013 -16"><span class='ocrx_word' id='word_1_267' title='bbox 230 3421 525 3492; x_wconf 82' lang='lat' dir='ltr'><strong>participes</strong></span> <span class='ocrx_word' id='word_1_268' title='bbox 556 3418 836 3474; x_wconf 84' lang='lat' dir='ltr'><strong>efficimur.</strong></span> <span class='ocrx_word' id='word_1_269' title='bbox 869 3410 1004 3470; x_wconf 89' lang='lat' dir='ltr'><strong>Cum</strong></span> <span class='ocrx_word' id='word_1_270' title='bbox 1029 3420 1206 3468; x_wconf 88' lang='lat' dir='ltr'><strong>autem</strong></span> <span class='ocrx_word' id='word_1_271' title='bbox 1234 3407 1499 3475; x_wconf 79' lang='lat' dir='ltr'><strong>dixisset,</strong></span> <span class='ocrx_word' id='word_1_272' title='bbox 1535 3404 1820 3475; x_wconf 83' lang='lat' dir='ltr'><strong>Participes</strong></span> 
     </span>
    </p>
   </div>
   <div class='ocr_carea' id='block_1_36' title="bbox 224 3495 1822 3577">
    <p class='ocr_par' dir='ltr' id='par_1_36' title="bbox 224 3495 1822 3577">
     <span class='ocr_line' id='line_1_36' title="bbox 224 3495 1822 3577; baseline -0.01 -10"><span class='ocrx_word' id='word_1_273' title='bbox 224 3523 348 3568; x_wconf 76' lang='lat' dir='ltr'><strong>sunt</strong></span> <span class='ocrx_word' id='word_1_274' title='bbox 368 3511 574 3577; x_wconf 88' lang='lat' dir='ltr'><strong>altaris,</strong></span> <span class='ocrx_word' id='word_1_275' title='bbox 598 3507 791 3565; x_wconf 86' lang='lat' dir='ltr'><strong>deinde</strong></span> <span class='ocrx_word' id='word_1_276' title='bbox 818 3506 1013 3561; x_wconf 90' lang='lat' dir='ltr'><strong>timens</strong></span> <span class='ocrx_word' id='word_1_277' title='bbox 1042 3518 1110 3561; x_wconf 90' lang='lat' dir='ltr'><strong>ne</strong></span> <span class='ocrx_word' id='word_1_278' title='bbox 1134 3501 1411 3557; x_wconf 80' lang='lat' dir='ltr'><strong>videretur</strong></span> <span class='ocrx_word' id='word_1_279' title='bbox 1438 3498 1504 3553; x_wconf 89' lang='lat' dir='ltr'><strong>de</strong></span> <span class='ocrx_word' id='word_1_280' title='bbox 1547 3495 1704 3552; x_wconf 90' lang='lat' dir='ltr'><strong>idolis</strong></span> <span class='ocrx_word' id='word_1_281' title='bbox 1742 3495 1822 3551; x_wconf 94' lang='lat' dir='ltr'><strong>lo-</strong></span> 
     </span>
    </p>
   </div>
   <div class='ocr_carea' id='block_1_37' title="bbox 225 3592 1819 3676">
    <p class='ocr_par' dir='ltr' id='par_1_37' title="bbox 225 3592 1819 3676">
     <span class='ocr_line' id='line_1_37' title="bbox 225 3592 1819 3676; baseline -0.011 -16"><span class='ocrx_word' id='word_1_282' title='bbox 225 3606 356 3676; x_wconf 86' lang='lat' dir='ltr'><strong>qui,</strong></span> <span class='ocrx_word' id='word_1_283' title='bbox 390 3618 458 3658; x_wconf 89' lang='lat' dir='ltr'><strong>ac</strong></span> <span class='ocrx_word' id='word_1_284' title='bbox 490 3603 537 3656; x_wconf 89' lang='lat' dir='ltr'><strong>si</strong></span> <span class='ocrx_word' id='word_1_285' title='bbox 569 3607 884 3672; x_wconf 85' lang='lat' dir='ltr'><strong>potestatem</strong></span> <span class='ocrx_word' id='word_1_286' title='bbox 907 3595 1194 3667; x_wconf 85' lang='lat' dir='ltr'><strong>quamdam</strong></span> <span class='ocrx_word' id='word_1_287' title='bbox 1225 3592 1487 3647; x_wconf 88' lang='lat' dir='ltr'><strong>baberent</strong></span> <span class='ocrx_word' id='word_1_288' title='bbox 1527 3597 1582 3645; x_wconf 91' lang='lat' dir='ltr'><strong>et</strong></span> <span class='ocrx_word' id='word_1_289' title='bbox 1621 3601 1819 3643; x_wconf 82' lang='lat' dir='ltr'><strong>nocere</strong></span> 
     </span>
    </p>
   </div>
   <div class='ocr_carea' id='block_1_38' title="bbox 226 3685 1817 3767">
    <p class='ocr_par' dir='ltr' id='par_1_38' title="bbox 226 3685 1817 3767">
     <span class='ocr_line' id='line_1_38' title="bbox 226 3685 1817 3767; baseline -0.011 -17"><span class='ocrx_word' id='word_1_290' title='bbox 226 3705 487 3767; x_wconf 74' lang='lat' dir='ltr'><strong>possent;</strong></span> <span class='ocrx_word' id='word_1_291' title='bbox 520 3694 644 3749; x_wconf 88' lang='lat' dir='ltr'><strong>vide</strong></span> <span class='ocrx_word' id='word_1_292' title='bbox 663 3690 931 3763; x_wconf 91' lang='lat' dir='ltr'><strong>quomodo</strong></span> <span class='ocrx_word' id='word_1_293' title='bbox 959 3689 1060 3745; x_wconf 90' lang='lat' dir='ltr'><strong>hoc</strong></span> <span class='ocrx_word' id='word_1_294' title='bbox 1080 3687 1149 3742; x_wconf 89' lang='lat' dir='ltr'><strong>de</strong></span> <span class='ocrx_word' id='word_1_295' title='bbox 1176 3685 1354 3741; x_wconf 91' lang='lat' dir='ltr'><strong>medio</strong></span> <span class='ocrx_word' id='word_1_296' title='bbox 1381 3685 1532 3739; x_wconf 87' lang='lat' dir='ltr'><strong>tollat</strong></span> <span class='ocrx_word' id='word_1_297' title='bbox 1557 3723 1573 3748; x_wconf 93' lang='lat'><strong>,</strong></span> <span class='ocrx_word' id='word_1_298' title='bbox 1603 3694 1817 3736; x_wconf 89' lang='lat' dir='ltr'><strong>rursum</strong></span> 
     </span>
    </p>
   </div>
   <div class='ocr_carea' id='block_1_39' title="bbox 227 3771 1814 3855">
    <p class='ocr_par' dir='ltr' id='par_1_39' title="bbox 227 3771 1814 3855">
     <span class='ocr_line' id='line_1_39' title="bbox 227 3771 1814 3855; baseline -0.013 -12"><span class='ocrx_word' id='word_1_299' title='bbox 227 3790 419 3843; x_wconf 79' lang='lat' dir='ltr'><strong>dicens</strong></span> <span class='ocrx_word' id='word_1_300' title='bbox 446 3804 461 3841; x_wconf 90' lang='lat'><strong>:</strong></span> <span class='ocrx_word' id='word_1_301' title='bbox 494 3787 584 3842; x_wconf 78' lang='lat' dir='ltr'><strong>i9.</strong></span> <span class='ocrx_word' id='word_1_302' title='bbox 619 3783 756 3853; x_wconf 83' lang='lat' dir='ltr'><strong>Quid</strong></span> <span class='ocrx_word' id='word_1_303' title='bbox 781 3798 897 3855; x_wconf 84' lang='lat' dir='ltr'><strong>ergo</strong></span> <span class='ocrx_word' id='word_1_304' title='bbox 927 3780 1082 3836; x_wconf 81' lang='lat' dir='ltr'><strong>dico?</strong></span> <span class='ocrx_word' id='word_1_305' title='bbox 1110 3777 1247 3849; x_wconf 85' lang='lat' dir='ltr'><strong>quod</strong></span> <span class='ocrx_word' id='word_1_306' title='bbox 1270 3775 1464 3831; x_wconf 79' lang='lat' dir='ltr'><strong>idolum</strong></span> <span class='ocrx_word' id='word_1_307' title='bbox 1485 3775 1550 3829; x_wconf 86' lang='lat' dir='ltr'><strong>sit</strong></span> <span class='ocrx_word' id='word_1_308' title='bbox 1586 3771 1814 3843; x_wconf 84' lang='lat' dir='ltr'><strong>aliquid,</strong></span> 
     </span>
    </p>
   </div>
   <div class='ocr_carea' id='block_1_40' title="bbox 225 3871 1183 3943">
    <p class='ocr_par' dir='ltr' id='par_1_40' title="bbox 225 3871 1183 3943">
     <span class='ocr_line' id='line_1_40' title="bbox 225 3871 1183 3943; baseline -0.009 -10"><span class='ocrx_word' id='word_1_309' title='bbox 225 3892 315 3935; x_wconf 81' lang='lat' dir='ltr'><strong>aut</strong></span> <span class='ocrx_word' id='word_1_310' title='bbox 336 3880 491 3936; x_wconf 86' lang='lat' dir='ltr'><strong>idolis</strong></span> <span class='ocrx_word' id='word_1_311' title='bbox 514 3878 829 3933; x_wconf 85' lang='lat' dir='ltr'><strong>immolatum</strong></span> <span class='ocrx_word' id='word_1_312' title='bbox 856 3875 918 3929; x_wconf 92' lang='lat' dir='ltr'><strong>sit</strong></span> <span class='ocrx_word' id='word_1_313' title='bbox 943 3871 1137 3943; x_wconf 83' lang='lat' dir='ltr'><strong>aliquid</strong></span> <span class='ocrx_word' id='word_1_314' title='bbox 1157 3872 1183 3925; x_wconf 82' lang='lat'><strong>?</strong></span> 
     </span>
    </p>
   </div>
   <div class='ocr_carea' id='block_1_41' title="bbox 297 3958 1817 4036">
    <p class='ocr_par' dir='ltr' id='par_1_41' title="bbox 297 3958 1817 4036">
     <span class='ocr_line' id='line_1_41' title="bbox 297 3958 1817 4036; baseline -0.012 -8"><span class='ocrx_word' id='word_1_315' title='bbox 297 3974 351 4028; x_wconf 78' lang='lat'><strong>&#39;5.</strong></span> <span class='ocrx_word' id='word_1_316' title='bbox 385 3971 515 4027; x_wconf 69' lang='lat' dir='ltr'><strong>llaec</strong></span> <span class='ocrx_word' id='word_1_317' title='bbox 540 3978 718 4025; x_wconf 91' lang='lat' dir='ltr'><strong>autem</strong></span> <span class='ocrx_word' id='word_1_318' title='bbox 749 3967 889 4035; x_wconf 90' lang='lat' dir='ltr'><strong>dico,</strong></span> <span class='ocrx_word' id='word_1_319' title='bbox 919 3964 1111 4036; x_wconf 88' lang='lat' dir='ltr'><strong>inquit,</strong></span> <span class='ocrx_word' id='word_1_320' title='bbox 1139 3971 1193 4017; x_wconf 90' lang='lat' dir='ltr'><strong>et</strong></span> <span class='ocrx_word' id='word_1_321' title='bbox 1217 3960 1286 4017; x_wconf 89' lang='lat' dir='ltr'><strong>de</strong></span> <span class='ocrx_word' id='word_1_322' title='bbox 1309 3958 1486 4016; x_wconf 88' lang='lat' dir='ltr'><strong>medio</strong></span> <span class='ocrx_word' id='word_1_323' title='bbox 1512 3958 1641 4013; x_wconf 86' lang='lat' dir='ltr'><strong>tollo</strong></span> <span class='ocrx_word' id='word_1_324' title='bbox 1664 3997 1679 4022; x_wconf 89' lang='lat'><strong>,</strong></span> <span class='ocrx_word' id='word_1_325' title='bbox 1711 3971 1817 4010; x_wconf 91' lang='lat' dir='ltr'><strong>non</strong></span> 
     </span>
    </p>
   </div>
   <div class='ocr_carea' id='block_1_42' title="bbox 226 4046 1817 4137">
    <p class='ocr_par' dir='ltr' id='par_1_42' title="bbox 226 4046 1817 4137">
     <span class='ocr_line' id='line_1_42' title="bbox 226 4046 1817 4137; baseline -0.014 -16"><span class='ocrx_word' id='word_1_326' title='bbox 226 4065 369 4137; x_wconf 84' lang='lat' dir='ltr'><strong>quod</strong></span> <span class='ocrx_word' id='word_1_327' title='bbox 400 4063 609 4135; x_wconf 84' lang='lat' dir='ltr'><strong>possint</strong></span> <span class='ocrx_word' id='word_1_328' title='bbox 630 4061 767 4115; x_wconf 89' lang='lat' dir='ltr'><strong>idola</strong></span> <span class='ocrx_word' id='word_1_329' title='bbox 795 4060 848 4113; x_wconf 91' lang='lat' dir='ltr'><strong>in</strong></span> <span class='ocrx_word' id='word_1_330' title='bbox 879 4058 1057 4128; x_wconf 87' lang='lat' dir='ltr'><strong>aliquo</strong></span> <span class='ocrx_word' id='word_1_331' title='bbox 1094 4066 1291 4109; x_wconf 87' lang='lat' dir='ltr'><strong>nocere</strong></span> <span class='ocrx_word' id='word_1_332' title='bbox 1314 4058 1407 4106; x_wconf 87' lang='lat' dir='ltr'><strong>aut</strong></span> <span class='ocrx_word' id='word_1_333' title='bbox 1447 4049 1680 4119; x_wconf 87' lang='lat' dir='ltr'><strong>aliquam</strong></span> <span class='ocrx_word' id='word_1_334' title='bbox 1710 4046 1817 4102; x_wconf 89' lang='lat' dir='ltr'><strong>vim</strong></span> 
     </span>
    </p>
   </div>
   <div class='ocr_carea' id='block_1_43' title="bbox 229 4142 1814 4222">
    <p class='ocr_par' dir='ltr' id='par_1_43' title="bbox 229 4142 1814 4222">
     <span class='ocr_line' id='line_1_43' title="bbox 229 4142 1814 4222; baseline -0.012 -7"><span class='ocrx_word' id='word_1_335' title='bbox 229 4160 499 4222; x_wconf 81' lang='lat' dir='ltr'><strong>habeant;</strong></span> <span class='ocrx_word' id='word_1_336' title='bbox 526 4155 655 4210; x_wconf 86' lang='lat' dir='ltr'><strong>nihil</strong></span> <span class='ocrx_word' id='word_1_337' title='bbox 676 4162 798 4209; x_wconf 79' lang='lat' dir='ltr'><strong>Sunt</strong></span> <span class='ocrx_word' id='word_1_338' title='bbox 819 4152 993 4215; x_wconf 89' lang='lat' dir='ltr'><strong>enim;</strong></span> <span class='ocrx_word' id='word_1_339' title='bbox 1036 4148 1129 4205; x_wconf 89' lang='lat' dir='ltr'><strong>sed</strong></span> <span class='ocrx_word' id='word_1_340' title='bbox 1154 4147 1276 4203; x_wconf 83' lang='lat' dir='ltr'><strong>volo</strong></span> <span class='ocrx_word' id='word_1_341' title='bbox 1304 4160 1399 4201; x_wconf 89' lang='lat' dir='ltr'><strong>vos</strong></span> <span class='ocrx_word' id='word_1_342' title='bbox 1427 4160 1488 4199; x_wconf 91' lang='lat' dir='ltr'><strong>ea</strong></span> <span class='ocrx_word' id='word_1_343' title='bbox 1514 4142 1814 4211; x_wconf 88' lang='lat' dir='ltr'><strong>despicere.</strong></span> 
     </span>
    </p>
   </div>
   <div class='ocr_carea' id='block_1_44' title="bbox 230 4235 1818 4320">
    <p class='ocr_par' dir='ltr' id='par_1_44' title="bbox 230 4235 1818 4320">
     <span class='ocr_line' id='line_1_44' title="bbox 230 4235 1818 4320; baseline -0.011 -11"><span class='ocrx_word' id='word_1_344' title='bbox 230 4255 297 4309; x_wconf 76' lang='lat' dir='ltr'><strong>Et</strong></span> <span class='ocrx_word' id='word_1_345' title='bbox 315 4254 359 4308; x_wconf 88' lang='lat' dir='ltr'><strong>si</strong></span> <span class='ocrx_word' id='word_1_346' title='bbox 384 4251 487 4315; x_wconf 86' lang='lat' dir='ltr'><strong>vis,</strong></span> <span class='ocrx_word' id='word_1_347' title='bbox 513 4248 740 4320; x_wconf 88' lang='lat' dir='ltr'><strong>inquies,</strong></span> <span class='ocrx_word' id='word_1_348' title='bbox 760 4261 855 4301; x_wconf 91' lang='lat' dir='ltr'><strong>nos</strong></span> <span class='ocrx_word' id='word_1_349' title='bbox 875 4260 936 4300; x_wconf 91' lang='lat' dir='ltr'><strong>ea</strong></span> <span class='ocrx_word' id='word_1_350' title='bbox 954 4242 1253 4313; x_wconf 87' lang='lat' dir='ltr'><strong>despicere,</strong></span> <span class='ocrx_word' id='word_1_351' title='bbox 1273 4255 1371 4296; x_wconf 91' lang='lat' dir='ltr'><strong>cur</strong></span> <span class='ocrx_word' id='word_1_352' title='bbox 1383 4254 1503 4294; x_wconf 93' lang='lat' dir='ltr'><strong>cum</strong></span> <span class='ocrx_word' id='word_1_353' title='bbox 1528 4235 1705 4291; x_wconf 90' lang='lat' dir='ltr'><strong>studio</strong></span> <span class='ocrx_word' id='word_1_354' title='bbox 1721 4250 1818 4291; x_wconf 89' lang='lat' dir='ltr'><strong>nos</strong></span> 
     </span>
    </p>
   </div>
   <div class='ocr_carea' id='block_1_45' title="bbox 238 4329 1812 4408">
    <p class='ocr_par' dir='ltr' id='par_1_45' title="bbox 238 4329 1812 4408">
     <span class='ocr_line' id='line_1_45' title="bbox 238 4329 1812 4408; baseline -0.01 -10"><span class='ocrx_word' id='word_1_355' title='bbox 238 4349 297 4403; x_wconf 86' lang='lat' dir='ltr'><strong>ab</strong></span> <span class='ocrx_word' id='word_1_356' title='bbox 317 4346 425 4400; x_wconf 90' lang='lat' dir='ltr'><strong>illis</strong></span> <span class='ocrx_word' id='word_1_357' title='bbox 440 4342 696 4398; x_wconf 85' lang='lat' dir='ltr'><strong>abducis?</strong></span> <span class='ocrx_word' id='word_1_358' title='bbox 723 4340 854 4408; x_wconf 84' lang='lat' dir='ltr'><strong>Quia</strong></span> <span class='ocrx_word' id='word_1_359' title='bbox 884 4354 987 4393; x_wconf 91' lang='lat' dir='ltr'><strong>non</strong></span> <span class='ocrx_word' id='word_1_360' title='bbox 1017 4336 1315 4392; x_wconf 84' lang='lat' dir='ltr'><strong>offeruntur</strong></span> <span class='ocrx_word' id='word_1_361' title='bbox 1340 4331 1566 4388; x_wconf 91' lang='lat' dir='ltr'><strong>Domino</strong></span> <span class='ocrx_word' id='word_1_362' title='bbox 1592 4340 1702 4385; x_wconf 91' lang='lat' dir='ltr'><strong>tuo.</strong></span> <span class='ocrx_word' id='word_1_363' title='bbox 1721 4329 1812 4385; x_wconf 71' lang='grc' dir='ltr'><strong>εξο.</strong></span> 
     </span>
    </p>
   </div>
   <div class='ocr_carea' id='block_1_46' title="bbox 241 4421 1815 4505">
    <p class='ocr_par' dir='ltr' id='par_1_46' title="bbox 241 4421 1815 4505">
     <span class='ocr_line' id='line_1_46' title="bbox 241 4421 1815 4505; baseline -0.01 -15"><span class='ocrx_word' id='word_1_364' title='bbox 241 4437 361 4505; x_wconf 57' lang='lat' dir='ltr'><strong>Qum</strong></span> <span class='ocrx_word' id='word_1_365' title='bbox 377 4433 514 4489; x_wconf 82' lang='lat' dir='ltr'><strong>enim</strong></span> <span class='ocrx_word' id='word_1_366' title='bbox 534 4432 795 4486; x_wconf 88' lang='lat' dir='ltr'><strong>immolant</strong></span> <span class='ocrx_word' id='word_1_367' title='bbox 810 4440 1001 4501; x_wconf 78' lang='lat' dir='ltr'><strong>gentes,</strong></span> <span class='ocrx_word' id='word_1_368' title='bbox 1030 4426 1219 4497; x_wconf 89' lang='lat' dir='ltr'><strong>inquit,</strong></span> <span class='ocrx_word' id='word_1_369' title='bbox 1242 4423 1507 4478; x_wconf 67' lang='lat' dir='ltr'><strong>daemoniis</strong></span> <span class='ocrx_word' id='word_1_370' title='bbox 1529 4421 1815 4487; x_wconf 87' lang='lat' dir='ltr'><strong>immolant,</strong></span> 
     </span>
    </p>
   </div>
   <div class='ocr_carea' id='block_1_47' title="bbox 227 4513 1813 4589">
    <p class='ocr_par' dir='ltr' id='par_1_47' title="bbox 227 4513 1813 4589">
     <span class='ocr_line' id='line_1_47' title="bbox 227 4513 1813 4589; baseline -0.01 -8"><span class='ocrx_word' id='word_1_371' title='bbox 227 4540 275 4582; x_wconf 82' lang='lat' dir='ltr'><strong>et</strong></span> <span class='ocrx_word' id='word_1_372' title='bbox 297 4544 400 4581; x_wconf 86' lang='lat' dir='ltr'><strong>non</strong></span> <span class='ocrx_word' id='word_1_373' title='bbox 427 4524 555 4579; x_wconf 88' lang='lat' dir='ltr'><strong>Deo.</strong></span> <span class='ocrx_word' id='word_1_374' title='bbox 575 4522 652 4578; x_wconf 85' lang='lat' dir='ltr'><strong>Ne</strong></span> <span class='ocrx_word' id='word_1_375' title='bbox 666 4522 893 4578; x_wconf 85' lang='lat' dir='ltr'><strong>curratis</strong></span> <span class='ocrx_word' id='word_1_376' title='bbox 910 4534 1039 4589; x_wconf 87' lang='lat' dir='ltr'><strong>ergo</strong></span> <span class='ocrx_word' id='word_1_377' title='bbox 1053 4517 1119 4573; x_wconf 90' lang='lat' dir='ltr'><strong>ad</strong></span> <span class='ocrx_word' id='word_1_378' title='bbox 1136 4516 1423 4572; x_wconf 86' lang='lat' dir='ltr'><strong>contraria.</strong></span> <span class='ocrx_word' id='word_1_379' title='bbox 1445 4514 1626 4583; x_wconf 85' lang='lat' dir='ltr'><strong>Neque</strong></span> <span class='ocrx_word' id='word_1_380' title='bbox 1646 4513 1813 4579; x_wconf 91' lang='lat' dir='ltr'><strong>enim,</strong></span> 
     </span>
    </p>
   </div>
   <div class='ocr_carea' id='block_1_48' title="bbox 232 4604 1816 4689">
    <p class='ocr_par' dir='ltr' id='par_1_48' title="bbox 232 4604 1816 4689">
     <span class='ocr_line' id='line_1_48' title="bbox 232 4604 1816 4689; baseline -0.011 -14"><span class='ocrx_word' id='word_1_381' title='bbox 232 4622 278 4675; x_wconf 88' lang='lat' dir='ltr'><strong>si</strong></span> <span class='ocrx_word' id='word_1_382' title='bbox 297 4620 440 4689; x_wconf 85' lang='lat' dir='ltr'><strong>regis</strong></span> <span class='ocrx_word' id='word_1_383' title='bbox 456 4618 595 4673; x_wconf 81' lang='lat' dir='ltr'><strong>filius</strong></span> <span class='ocrx_word' id='word_1_384' title='bbox 619 4630 788 4683; x_wconf 86' lang='lat' dir='ltr'><strong>esses,</strong></span> <span class='ocrx_word' id='word_1_385' title='bbox 812 4613 1007 4670; x_wconf 89' lang='lat' dir='ltr'><strong>deinde</strong></span> <span class='ocrx_word' id='word_1_386' title='bbox 1033 4624 1217 4666; x_wconf 88' lang='lat' dir='ltr'><strong>mensa</strong></span> <span class='ocrx_word' id='word_1_387' title='bbox 1241 4609 1422 4664; x_wconf 89' lang='lat' dir='ltr'><strong>fruens</strong></span> <span class='ocrx_word' id='word_1_388' title='bbox 1452 4615 1696 4676; x_wconf 88' lang='lat' dir='ltr'><strong>paterna,</strong></span> <span class='ocrx_word' id='word_1_389' title='bbox 1726 4604 1816 4659; x_wconf 91' lang='lat' dir='ltr'><strong>illa</strong></span> 
     </span>
    </p>
   </div>
   <div class='ocr_carea' id='block_1_49' title="bbox 233 4701 1819 4775">
    <p class='ocr_par' dir='ltr' id='par_1_49' title="bbox 233 4701 1819 4775">
     <span class='ocr_line' id='line_1_49' title="bbox 233 4701 1819 4775; baseline -0.011 -8"><span class='ocrx_word' id='word_1_390' title='bbox 233 4712 439 4775; x_wconf 88' lang='lat' dir='ltr'><strong>relicta,</strong></span> <span class='ocrx_word' id='word_1_391' title='bbox 465 4708 840 4764; x_wconf 87' lang='lat' dir='ltr'><strong>damnatorum</strong></span> <span class='ocrx_word' id='word_1_392' title='bbox 872 4714 927 4761; x_wconf 90' lang='lat' dir='ltr'><strong>et</strong></span> <span class='ocrx_word' id='word_1_393' title='bbox 954 4704 1254 4759; x_wconf 90' lang='lat' dir='ltr'><strong>vinctorum</strong></span> <span class='ocrx_word' id='word_1_394' title='bbox 1277 4701 1328 4755; x_wconf 91' lang='lat' dir='ltr'><strong>in</strong></span> <span class='ocrx_word' id='word_1_395' title='bbox 1367 4712 1587 4754; x_wconf 82' lang='lat' dir='ltr'><strong>carcere</strong></span> <span class='ocrx_word' id='word_1_396' title='bbox 1616 4712 1819 4752; x_wconf 66' lang='lat' dir='ltr'><strong>mensa:</strong></span> 
     </span>
    </p>
   </div>
   <div class='ocr_carea' id='block_1_50' title="bbox 231 4791 1817 4870">
    <p class='ocr_par' dir='ltr' id='par_1_50' title="bbox 231 4791 1817 4870">
     <span class='ocr_line' id='line_1_50' title="bbox 231 4791 1817 4870; baseline -0.01 -10"><span class='ocrx_word' id='word_1_397' title='bbox 231 4820 456 4860; x_wconf 84' lang='lat' dir='ltr'><strong>consors</strong></span> <span class='ocrx_word' id='word_1_398' title='bbox 486 4816 609 4858; x_wconf 91' lang='lat' dir='ltr'><strong>esse</strong></span> <span class='ocrx_word' id='word_1_399' title='bbox 634 4800 797 4855; x_wconf 89' lang='lat' dir='ltr'><strong>velles</strong></span> <span class='ocrx_word' id='word_1_400' title='bbox 816 4841 832 4866; x_wconf 97' lang='lat'><strong>,</strong></span> <span class='ocrx_word' id='word_1_401' title='bbox 870 4798 923 4853; x_wconf 89' lang='lat' dir='ltr'><strong>id</strong></span> <span class='ocrx_word' id='word_1_402' title='bbox 963 4806 1113 4870; x_wconf 88' lang='lat' dir='ltr'><strong>pater</strong></span> <span class='ocrx_word' id='word_1_403' title='bbox 1140 4795 1511 4866; x_wconf 83' lang='lat' dir='ltr'><strong>permitteret;</strong></span> <span class='ocrx_word' id='word_1_404' title='bbox 1561 4791 1670 4846; x_wconf 92' lang='lat' dir='ltr'><strong>imo</strong></span> <span class='ocrx_word' id='word_1_405' title='bbox 1694 4804 1817 4845; x_wconf 92' lang='lat' dir='ltr'><strong>cum</strong></span> 
     </span>
    </p>
   </div>
   <div class='ocr_carea' id='block_1_51' title="bbox 238 4884 1817 4965">
    <p class='ocr_par' dir='ltr' id='par_1_51' title="bbox 238 4884 1817 4965">
     <span class='ocr_line' id='line_1_51' title="bbox 238 4884 1817 4965; baseline -0.008 -16"><span class='ocrx_word' id='word_1_406' title='bbox 238 4895 570 4951; x_wconf 71' lang='lat' dir='ltr'><strong>vehementia</strong></span> <span class='ocrx_word' id='word_1_407' title='bbox 595 4910 782 4965; x_wconf 86' lang='lat' dir='ltr'><strong>magna</strong></span> <span class='ocrx_word' id='word_1_408' title='bbox 805 4902 857 4948; x_wconf 89' lang='lat' dir='ltr'><strong>te</strong></span> <span class='ocrx_word' id='word_1_409' title='bbox 884 4891 1210 4954; x_wconf 89' lang='lat' dir='ltr'><strong>abduceret,</strong></span> <span class='ocrx_word' id='word_1_410' title='bbox 1233 4902 1340 4942; x_wconf 91' lang='lat' dir='ltr'><strong>non</strong></span> <span class='ocrx_word' id='word_1_411' title='bbox 1372 4884 1513 4957; x_wconf 90' lang='lat' dir='ltr'><strong>quod</strong></span> <span class='ocrx_word' id='word_1_412' title='bbox 1541 4898 1723 4939; x_wconf 87' lang='lat' dir='ltr'><strong>mensa</strong></span> <span class='ocrx_word' id='word_1_413' title='bbox 1763 4892 1817 4937; x_wconf 89' lang='lat' dir='ltr'><strong>te</strong></span> 
     </span>
    </p>
   </div>
   <div class='ocr_carea' id='block_1_52' title="bbox 247 4982 1814 5059">
    <p class='ocr_par' dir='ltr' id='par_1_52' title="bbox 247 4982 1814 5059">
     <span class='ocr_line' id='line_1_52' title="bbox 247 4982 1814 5059; baseline -0.006 -18"><span class='ocrx_word' id='word_1_414' title='bbox 247 4988 431 5043; x_wconf 75' lang='lat' dir='ltr'><strong>Ludere</strong></span> <span class='ocrx_word' id='word_1_415' title='bbox 450 4997 650 5059; x_wconf 87' lang='lat' dir='ltr'><strong>posset,</strong></span> <span class='ocrx_word' id='word_1_416' title='bbox 675 4986 769 5042; x_wconf 67' lang='grc' dir='ltr'><strong>δρᾶ</strong></span> <span class='ocrx_word' id='word_1_417' title='bbox 794 4984 937 5057; x_wconf 91' lang='lat' dir='ltr'><strong>quod</strong></span> <span class='ocrx_word' id='word_1_418' title='bbox 964 4999 1025 5039; x_wconf 89' lang='lat' dir='ltr'><strong>ea</strong></span> <span class='ocrx_word' id='word_1_419' title='bbox 1058 4982 1389 5037; x_wconf 85' lang='lat' dir='ltr'><strong>nobilitatem</strong></span> <span class='ocrx_word' id='word_1_420' title='bbox 1418 4988 1559 5033; x_wconf 89' lang='lat' dir='ltr'><strong>tuam</strong></span> <span class='ocrx_word' id='word_1_421' title='bbox 1586 4986 1641 5032; x_wconf 89' lang='lat' dir='ltr'><strong>et</strong></span> <span class='ocrx_word' id='word_1_422' title='bbox 1662 4992 1814 5032; x_wconf 86' lang='lat' dir='ltr'><strong>men-</strong></span> 
     </span>
    </p>
   </div>
   <div class='ocr_carea' id='block_1_53' title="bbox 244 5068 1817 5152">
    <p class='ocr_par' dir='ltr' id='par_1_53' title="bbox 244 5068 1817 5152">
     <span class='ocr_line' id='line_1_53' title="bbox 244 5068 1817 5152; baseline -0.007 -18"><span class='ocrx_word' id='word_1_423' title='bbox 244 5096 359 5134; x_wconf 80' lang='lat' dir='ltr'><strong>sam</strong></span> <span class='ocrx_word' id='word_1_424' title='bbox 388 5083 575 5152; x_wconf 79' lang='lat' dir='ltr'><strong>regiam</strong></span> <span class='ocrx_word' id='word_1_425' title='bbox 606 5080 974 5137; x_wconf 86' lang='lat' dir='ltr'><strong>dedecoraret.</strong></span> <span class='ocrx_word' id='word_1_426' title='bbox 1005 5075 1141 5131; x_wconf 85' lang='lat' dir='ltr'><strong>Sunt</strong></span> <span class='ocrx_word' id='word_1_427' title='bbox 1161 5074 1305 5131; x_wconf 88' lang='lat' dir='ltr'><strong>enim</strong></span> <span class='ocrx_word' id='word_1_428' title='bbox 1335 5073 1387 5127; x_wconf 91' lang='lat' dir='ltr'><strong>hi</strong></span> <span class='ocrx_word' id='word_1_429' title='bbox 1424 5087 1635 5142; x_wconf 90' lang='lat' dir='ltr'><strong>quoque</strong></span> <span class='ocrx_word' id='word_1_430' title='bbox 1674 5068 1817 5126; x_wconf 89' lang='lat' dir='ltr'><strong>servi</strong></span> 
     </span>
    </p>
   </div>
   <div class='ocr_carea' id='block_1_54' title="bbox 238 5163 1817 5239">
    <p class='ocr_par' dir='ltr' id='par_1_54' title="bbox 238 5163 1817 5239">
     <span class='ocr_line' id='line_1_54' title="bbox 238 5163 1817 5239; baseline -0.008 -10"><span class='ocrx_word' id='word_1_431' title='bbox 238 5173 481 5239; x_wconf 78' lang='lat' dir='ltr'><strong>scelesti,</strong></span> <span class='ocrx_word' id='word_1_432' title='bbox 506 5174 764 5236; x_wconf 85' lang='lat' dir='ltr'><strong>infames,</strong></span> <span class='ocrx_word' id='word_1_433' title='bbox 791 5170 1025 5227; x_wconf 88' lang='lat' dir='ltr'><strong>damnati</strong></span> <span class='ocrx_word' id='word_1_434' title='bbox 1054 5212 1067 5233; x_wconf 88' lang='lat'><strong>,</strong></span> <span class='ocrx_word' id='word_1_435' title='bbox 1108 5167 1269 5223; x_wconf 89' lang='lat' dir='ltr'><strong>vincti</strong></span> <span class='ocrx_word' id='word_1_436' title='bbox 1291 5208 1306 5232; x_wconf 93' lang='lat'><strong>,</strong></span> <span class='ocrx_word' id='word_1_437' title='bbox 1346 5163 1666 5220; x_wconf 90' lang='lat' dir='ltr'><strong>intolerabili</strong></span> <span class='ocrx_word' id='word_1_438' title='bbox 1692 5178 1817 5231; x_wconf 87' lang='lat' dir='ltr'><strong>sup-</strong></span> 
     </span>
    </p>
   </div>
   <div class='ocr_carea' id='block_1_55' title="bbox 237 5248 1817 5337">
    <p class='ocr_par' dir='ltr' id='par_1_55' title="bbox 237 5248 1817 5337">
     <span class='ocr_line' id='line_1_55' title="bbox 237 5248 1817 5337; baseline -0.008 -18"><span class='ocrx_word' id='word_1_439' title='bbox 237 5264 409 5337; x_wconf 88' lang='lat' dir='ltr'><strong>plicio</strong></span> <span class='ocrx_word' id='word_1_440' title='bbox 434 5267 724 5331; x_wconf 85' lang='lat' dir='ltr'><strong>reservati,</strong></span> <span class='ocrx_word' id='word_1_441' title='bbox 753 5262 910 5319; x_wconf 85' lang='lat' dir='ltr'><strong>malis</strong></span> <span class='ocrx_word' id='word_1_442' title='bbox 941 5261 1156 5316; x_wconf 81' lang='lat' dir='ltr'><strong>obnoxii</strong></span> <span class='ocrx_word' id='word_1_443' title='bbox 1188 5248 1501 5314; x_wconf 85' lang='lat' dir='ltr'><strong>innumeris.</strong></span> <span class='ocrx_word' id='word_1_444' title='bbox 1535 5252 1817 5325; x_wconf 85' lang='lat' dir='ltr'><strong>Quomodo</strong></span> 
     </span>
    </p>
   </div>
   <div class='ocr_carea' id='block_1_56' title="bbox 232 5346 1813 5430">
    <p class='ocr_par' dir='ltr' id='par_1_56' title="bbox 232 5346 1813 5430">
     <span class='ocr_line' id='line_1_56' title="bbox 232 5346 1813 5430; baseline -0.009 -16"><span class='ocrx_word' id='word_1_445' title='bbox 232 5374 365 5430; x_wconf 82' lang='lat' dir='ltr'><strong>ergo</strong></span> <span class='ocrx_word' id='word_1_446' title='bbox 394 5371 497 5412; x_wconf 90' lang='lat' dir='ltr'><strong>non</strong></span> <span class='ocrx_word' id='word_1_447' title='bbox 532 5356 805 5413; x_wconf 88' lang='lat' dir='ltr'><strong>erubescis</strong></span> <span class='ocrx_word' id='word_1_448' title='bbox 832 5369 983 5411; x_wconf 87' lang='lat' dir='ltr'><strong>more</strong></span> <span class='ocrx_word' id='word_1_449' title='bbox 1009 5352 1318 5408; x_wconf 91' lang='lat' dir='ltr'><strong>helluonum</strong></span> <span class='ocrx_word' id='word_1_450' title='bbox 1360 5358 1416 5404; x_wconf 90' lang='lat' dir='ltr'><strong>et</strong></span> <span class='ocrx_word' id='word_1_451' title='bbox 1451 5346 1813 5411; x_wconf 86' lang='lat' dir='ltr'><strong>illiberalium,</strong></span> 
     </span>
    </p>
   </div>
   <div class='ocr_carea' id='block_1_57' title="bbox 240 5442 1817 5515">
    <p class='ocr_par' dir='ltr' id='par_1_57' title="bbox 240 5442 1817 5515">
     <span class='ocr_line' id='line_1_57' title="bbox 240 5442 1817 5515; baseline -0.008 -9"><span class='ocrx_word' id='word_1_452' title='bbox 240 5466 349 5506; x_wconf 85' lang='lat' dir='ltr'><strong>cum</strong></span> <span class='ocrx_word' id='word_1_453' title='bbox 376 5450 611 5505; x_wconf 89' lang='lat' dir='ltr'><strong>damnati</strong></span> <span class='ocrx_word' id='word_1_454' title='bbox 630 5449 705 5504; x_wconf 88' lang='lat' dir='ltr'><strong>illi</strong></span> <span class='ocrx_word' id='word_1_455' title='bbox 736 5460 975 5504; x_wconf 87' lang='lat' dir='ltr'><strong>mensam</strong></span> <span class='ocrx_word' id='word_1_456' title='bbox 1002 5453 1296 5515; x_wconf 89' lang='lat' dir='ltr'><strong>apponunt,</strong></span> <span class='ocrx_word' id='word_1_457' title='bbox 1321 5442 1445 5496; x_wconf 93' lang='lat' dir='ltr'><strong>illuc</strong></span> <span class='ocrx_word' id='word_1_458' title='bbox 1460 5455 1740 5495; x_wconf 88' lang='lat' dir='ltr'><strong>accurrere</strong></span> <span class='ocrx_word' id='word_1_459' title='bbox 1764 5447 1817 5494; x_wconf 88' lang='lat' dir='ltr'><strong>et</strong></span> 
     </span>
    </p>
   </div>
   <div class='ocr_carea' id='block_1_58' title="bbox 246 5533 1815 5614">
    <p class='ocr_par' dir='ltr' id='par_1_58' title="bbox 246 5533 1815 5614">
     <span class='ocr_line' id='line_1_58' title="bbox 246 5533 1815 5614; baseline -0.006 -20"><span class='ocrx_word' id='word_1_460' title='bbox 246 5543 598 5614; x_wconf 80' lang='lat' dir='ltr'><strong>appositorum</strong></span> <span class='ocrx_word' id='word_1_461' title='bbox 640 5540 907 5611; x_wconf 90' lang='lat' dir='ltr'><strong>particeps</strong></span> <span class='ocrx_word' id='word_1_462' title='bbox 936 5538 1093 5593; x_wconf 86' lang='lat' dir='ltr'><strong>esse?</strong></span> <span class='ocrx_word' id='word_1_463' title='bbox 1138 5535 1263 5591; x_wconf 89' lang='lat' dir='ltr'><strong>Ideo</strong></span> <span class='ocrx_word' id='word_1_464' title='bbox 1315 5542 1368 5591; x_wconf 90' lang='lat' dir='ltr'><strong>te</strong></span> <span class='ocrx_word' id='word_1_465' title='bbox 1400 5533 1650 5590; x_wconf 88' lang='lat' dir='ltr'><strong>abduco:</strong></span> <span class='ocrx_word' id='word_1_466' title='bbox 1694 5547 1815 5586; x_wconf 89' lang='lat' dir='ltr'><strong>nam</strong></span> 
     </span>
    </p>
   </div>
   <div class='ocr_carea' id='block_1_59' title="bbox 248 5630 1814 5702">
    <p class='ocr_par' dir='ltr' id='par_1_59' title="bbox 248 5630 1814 5702">
     <span class='ocr_line' id='line_1_59' title="bbox 248 5630 1814 5702; baseline -0.006 -12"><span class='ocrx_word' id='word_1_467' title='bbox 248 5636 622 5692; x_wconf 87' lang='lat' dir='ltr'><strong>immolantium</strong></span> <span class='ocrx_word' id='word_1_468' title='bbox 653 5648 848 5702; x_wconf 79' lang='lat' dir='ltr'><strong>scapus</strong></span> <span class='ocrx_word' id='word_1_469' title='bbox 879 5641 932 5687; x_wconf 91' lang='lat' dir='ltr'><strong>et</strong></span> <span class='ocrx_word' id='word_1_470' title='bbox 960 5630 1332 5701; x_wconf 87' lang='lat' dir='ltr'><strong>accipientium</strong></span> <span class='ocrx_word' id='word_1_471' title='bbox 1363 5642 1615 5699; x_wconf 87' lang='lat' dir='ltr'><strong>persona,</strong></span> <span class='ocrx_word' id='word_1_472' title='bbox 1647 5641 1814 5697; x_wconf 87' lang='lat' dir='ltr'><strong>appo-</strong></span> 
     </span>
    </p>
   </div>
   <div class='ocr_carea' id='block_1_60' title="bbox 250 5720 1814 5796">
    <p class='ocr_par' dir='ltr' id='par_1_60' title="bbox 250 5720 1814 5796">
     <span class='ocr_line' id='line_1_60' title="bbox 250 5720 1814 5796; baseline -0.006 -14"><span class='ocrx_word' id='word_1_473' title='bbox 250 5726 327 5782; x_wconf 85' lang='lat' dir='ltr'><strong>tita</strong></span> <span class='ocrx_word' id='word_1_474' title='bbox 357 5726 591 5784; x_wconf 88' lang='lat' dir='ltr'><strong>reddunt</strong></span> <span class='ocrx_word' id='word_1_475' title='bbox 616 5726 845 5796; x_wconf 83' lang='lat' dir='ltr'><strong>impura.</strong></span> <span class='ocrx_word' id='word_1_476' title='bbox 880 5722 1016 5779; x_wconf 82' lang='lat' dir='ltr'><strong>Nolo</strong></span> <span class='ocrx_word' id='word_1_477' title='bbox 1056 5732 1225 5777; x_wconf 84' lang='lat' dir='ltr'><strong>autem</strong></span> <span class='ocrx_word' id='word_1_478' title='bbox 1253 5738 1339 5777; x_wconf 78' lang='lat' dir='ltr'><strong>vos</strong></span> <span class='ocrx_word' id='word_1_479' title='bbox 1364 5721 1526 5776; x_wconf 83' lang='lat' dir='ltr'><strong>socios</strong></span> <span class='ocrx_word' id='word_1_480' title='bbox 1568 5721 1677 5789; x_wconf 82' lang='lat' dir='ltr'><strong>ﬁeri</strong></span> <span class='ocrx_word' id='word_1_481' title='bbox 1704 5720 1814 5773; x_wconf 75' lang='lat' dir='ltr'><strong>da:-</strong></span> 
     </span>
    </p>
   </div>
   <div class='ocr_carea' id='block_1_61' title="bbox 248 5812 1813 5889">
    <p class='ocr_par' dir='ltr' id='par_1_61' title="bbox 248 5812 1813 5889">
     <span class='ocr_line' id='line_1_61' title="bbox 248 5812 1813 5889; baseline -0.004 -14"><span class='ocrx_word' id='word_1_482' title='bbox 248 5825 534 5881; x_wconf 79' lang='lat' dir='ltr'><strong>maniorum.</strong></span> <span class='ocrx_word' id='word_1_483' title='bbox 559 5818 800 5879; x_wconf 76' lang='lat' dir='ltr'><strong>Vidistin‘</strong></span> <span class='ocrx_word' id='word_1_484' title='bbox 821 5817 1107 5875; x_wconf 84' lang='lat' dir='ltr'><strong>amicitiam</strong></span> <span class='ocrx_word' id='word_1_485' title='bbox 1139 5814 1303 5889; x_wconf 86' lang='lat' dir='ltr'><strong>patris</strong></span> <span class='ocrx_word' id='word_1_486' title='bbox 1326 5830 1507 5872; x_wconf 86' lang='lat' dir='ltr'><strong>curam</strong></span> <span class='ocrx_word' id='word_1_487' title='bbox 1530 5812 1813 5886; x_wconf 73' lang='lat' dir='ltr'><strong>gerentis?</strong></span> 
     </span>
    </p>
   </div>
   <div class='ocr_carea' id='block_1_62' title="bbox 3430 322 3553 378">
    <p class='ocr_par' dir='ltr' id='par_1_62' title="bbox 3430 322 3553 378">
     <span class='ocr_line' id='line_1_62' title="bbox 3430 322 3553 378; baseline 0.016 -3"><span class='ocrx_word' id='word_1_488' title='bbox 3430 322 3553 378; x_wconf 70' lang='grc' dir='ltr'><strong>2οῒ</strong></span> 
     </span>
    </p>
   </div>
   <div class='ocr_carea' id='block_1_63' title="bbox 1949 429 3550 523">
    <p class='ocr_par' dir='ltr' id='par_1_63' title="bbox 1949 429 3550 523">
     <span class='ocr_line' id='line_1_63' title="bbox 1949 429 3550 523; baseline 0.02 -42"><span class='ocrx_word' id='word_1_489' title='bbox 1949 429 2184 523; x_wconf 75' lang='lat' dir='ltr'><strong>vidistin‘</strong></span> <span class='ocrx_word' id='word_1_490' title='bbox 2213 434 2414 490; x_wconf 90' lang='lat' dir='ltr'><strong>dictum</strong></span> <span class='ocrx_word' id='word_1_491' title='bbox 2460 437 2631 508; x_wconf 81' lang='lat' dir='ltr'><strong>ipsum</strong></span> <span class='ocrx_word' id='word_1_492' title='bbox 2677 439 2816 510; x_wconf 86' lang='lat' dir='ltr'><strong>quod</strong></span> <span class='ocrx_word' id='word_1_493' title='bbox 2860 441 3260 503; x_wconf 64' lang='lat' dir='ltr'><strong>affectum-eum</strong></span> <span class='ocrx_word' id='word_1_494' title='bbox 3291 452 3550 523; x_wconf 57' lang='lat' dir='ltr'><strong>emphasi</strong></span> 
     </span>
    </p>
   </div>
   <div class='ocr_carea' id='block_1_64' title="bbox 1943 522 3542 604">
    <p class='ocr_par' dir='ltr' id='par_1_64' title="bbox 1943 522 3542 604">
     <span class='ocr_line' id='line_1_64' title="bbox 1943 522 3542 604; baseline 0.018 -29"><span class='ocrx_word' id='word_1_495' title='bbox 1943 522 2236 579; x_wconf 79' lang='lat' dir='ltr'><strong>exhibeat?</strong></span> <span class='ocrx_word' id='word_1_496' title='bbox 2262 527 2405 582; x_wconf 85' lang='lat' dir='ltr'><strong>Nihil</strong></span> <span class='ocrx_word' id='word_1_497' title='bbox 2438 530 2580 583; x_wconf 92' lang='lat' dir='ltr'><strong>enim</strong></span> <span class='ocrx_word' id='word_1_498' title='bbox 2609 545 2728 585; x_wconf 91' lang='lat' dir='ltr'><strong>cum</strong></span> <span class='ocrx_word' id='word_1_499' title='bbox 2760 532 2862 588; x_wconf 90' lang='lat' dir='ltr'><strong>illis</strong></span> <span class='ocrx_word' id='word_1_500' title='bbox 2892 550 3178 594; x_wconf 91' lang='lat' dir='ltr'><strong>commune</strong></span> <span class='ocrx_word' id='word_1_501' title='bbox 3209 557 3304 597; x_wconf 89' lang='lat' dir='ltr'><strong>vos</strong></span> <span class='ocrx_word' id='word_1_502' title='bbox 3338 522 3542 604; x_wconf 74' lang='lat' dir='ltr'><strong>habere</strong></span> 
     </span>
    </p>
   </div>
   <div class='ocr_carea' id='block_1_65' title="bbox 1941 616 3536 696">
    <p class='ocr_par' dir='ltr' id='par_1_65' title="bbox 1941 616 3536 696">
     <span class='ocr_line' id='line_1_65' title="bbox 1941 616 3536 696; baseline 0.016 -25"><span class='ocrx_word' id='word_1_503' title='bbox 1941 616 2087 685; x_wconf 73' lang='lat' dir='ltr'><strong>Volo,</strong></span> <span class='ocrx_word' id='word_1_504' title='bbox 2117 620 2306 689; x_wconf 77' lang='lat' dir='ltr'><strong>inquit.</strong></span> <span class='ocrx_word' id='word_1_505' title='bbox 2340 622 2540 678; x_wconf 89' lang='lat' dir='ltr'><strong>Deinde</strong></span> <span class='ocrx_word' id='word_1_506' title='bbox 2566 626 2689 695; x_wconf 89' lang='lat' dir='ltr'><strong>quia</strong></span> <span class='ocrx_word' id='word_1_507' title='bbox 2715 626 3105 687; x_wconf 88' lang='lat' dir='ltr'><strong>adhortationis</strong></span> <span class='ocrx_word' id='word_1_508' title='bbox 3132 635 3303 690; x_wconf 84' lang='lat' dir='ltr'><strong>modo</strong></span> <span class='ocrx_word' id='word_1_509' title='bbox 3318 652 3536 696; x_wconf 80' lang='lat' dir='ltr'><strong>sermo-</strong></span> 
     </span>
    </p>
   </div>
   <div class='ocr_carea' id='block_1_66' title="bbox 1941 710 3529 788">
    <p class='ocr_par' dir='ltr' id='par_1_66' title="bbox 1941 710 3529 788">
     <span class='ocr_line' id='line_1_66' title="bbox 1941 710 3529 788; baseline 0.016 -25"><span class='ocrx_word' id='word_1_510' title='bbox 1941 724 2064 764; x_wconf 90' lang='lat' dir='ltr'><strong>nem</strong></span> <span class='ocrx_word' id='word_1_511' title='bbox 2099 710 2400 781; x_wconf 80' lang='lat' dir='ltr'><strong>induxerat,</strong></span> <span class='ocrx_word' id='word_1_512' title='bbox 2433 731 2515 771; x_wconf 83' lang='lat' dir='ltr'><strong>ne</strong></span> <span class='ocrx_word' id='word_1_513' title='bbox 2541 718 2660 787; x_wconf 91' lang='lat' dir='ltr'><strong>quis</strong></span> <span class='ocrx_word' id='word_1_514' title='bbox 2688 735 2753 774; x_wconf 82' lang='lat' dir='ltr'><strong>ex</strong></span> <span class='ocrx_word' id='word_1_515' title='bbox 2784 722 3138 781; x_wconf 87' lang='lat' dir='ltr'><strong>crassioribus</strong></span> <span class='ocrx_word' id='word_1_516' title='bbox 3190 729 3239 783; x_wconf 89' lang='lat' dir='ltr'><strong>id</strong></span> <span class='ocrx_word' id='word_1_517' title='bbox 3286 744 3529 788; x_wconf 88' lang='lat' dir='ltr'><strong>contem-</strong></span> 
     </span>
    </p>
   </div>
   <div class='ocr_carea' id='block_1_67' title="bbox 1942 807 3533 893">
    <p class='ocr_par' dir='ltr' id='par_1_67' title="bbox 1942 807 3533 893">
     <span class='ocr_line' id='line_1_67' title="bbox 1942 807 3533 893; baseline 0.017 -38"><span class='ocrx_word' id='word_1_518' title='bbox 1942 812 2112 867; x_wconf 80' lang='lat' dir='ltr'><strong>neret,</strong></span> <span class='ocrx_word' id='word_1_519' title='bbox 2139 807 2290 874; x_wconf 86' lang='lat' dir='ltr'><strong>quasi</strong></span> <span class='ocrx_word' id='word_1_520' title='bbox 2324 816 2639 877; x_wconf 81' lang='lat' dir='ltr'><strong>potestatem</strong></span> <span class='ocrx_word' id='word_1_521' title='bbox 2674 812 2895 881; x_wconf 83' lang='lat' dir='ltr'><strong>habens,</strong></span> <span class='ocrx_word' id='word_1_522' title='bbox 2939 818 3059 887; x_wconf 87' lang='lat' dir='ltr'><strong>quia</strong></span> <span class='ocrx_word' id='word_1_523' title='bbox 3086 818 3319 889; x_wconf 82' lang='lat' dir='ltr'><strong>dixerat,</strong></span> <span class='ocrx_word' id='word_1_524' title='bbox 3351 824 3533 893; x_wconf 79' lang='lat' dir='ltr'><strong>Nolo;</strong></span> 
     </span>
    </p>
   </div>
   <div class='ocr_carea' id='block_1_68' title="bbox 1940 894 3542 998">
    <p class='ocr_par' dir='ltr' id='par_1_68' title="bbox 1940 894 3542 998">
     <span class='ocr_line' id='line_1_68' title="bbox 1940 894 3542 998; baseline 0.019 -53"><span class='ocrx_word' id='word_1_525' title='bbox 1940 905 2013 998; x_wconf 74' lang='lat' dir='ltr'><strong>et,</strong></span> <span class='ocrx_word' id='word_1_526' title='bbox 2053 894 2428 998; x_wconf 59' lang='lat' dir='ltr'><strong>Vosjznticate,</strong></span> <span class='ocrx_word' id='word_1_527' title='bbox 2470 907 2792 962; x_wconf 89' lang='lat' dir='ltr'><strong>sententiam</strong></span> <span class='ocrx_word' id='word_1_528' title='bbox 2823 917 2877 963; x_wconf 92' lang='lat' dir='ltr'><strong>et</strong></span> <span class='ocrx_word' id='word_1_529' title='bbox 2917 909 3088 981; x_wconf 80' lang='lat' dir='ltr'><strong>legem</strong></span> <span class='ocrx_word' id='word_1_530' title='bbox 3118 926 3301 983; x_wconf 89' lang='lat' dir='ltr'><strong>postea</strong></span> <span class='ocrx_word' id='word_1_531' title='bbox 3346 924 3542 978; x_wconf 89' lang='lat' dir='ltr'><strong>statuit-</strong></span> 
     </span>
    </p>
   </div>
   <div class='ocr_carea' id='block_1_69' title="bbox 1939 986 3537 1067">
    <p class='ocr_par' dir='ltr' id='par_1_69' title="bbox 1939 986 3537 1067">
     <span class='ocr_line' id='line_1_69' title="bbox 1939 986 3537 1067; baseline 0.017 -27"><span class='ocrx_word' id='word_1_532' title='bbox 1939 986 2162 1042; x_wconf 90' lang='lat' dir='ltr'><strong>dicens:</strong></span> <span class='ocrx_word' id='word_1_533' title='bbox 2212 990 2334 1047; x_wconf 86' lang='lat' dir='ltr'><strong>Non</strong></span> <span class='ocrx_word' id='word_1_534' title='bbox 2373 996 2581 1059; x_wconf 74' lang='lat' dir='ltr'><strong>potestis</strong></span> <span class='ocrx_word' id='word_1_535' title='bbox 2609 999 2817 1054; x_wconf 86' lang='lat' dir='ltr'><strong>calicem</strong></span> <span class='ocrx_word' id='word_1_536' title='bbox 2848 1000 3056 1058; x_wconf 86' lang='lat' dir='ltr'><strong>Domini</strong></span> <span class='ocrx_word' id='word_1_537' title='bbox 3096 1006 3363 1064; x_wconf 32' lang='lat' dir='ltr'><strong>bibcre’et&#39;</strong></span> <span class='ocrx_word' id='word_1_538' title='bbox 3398 1016 3537 1067; x_wconf 60' lang='grc' dir='ltr'><strong>ατη-⁷</strong></span> 
     </span>
    </p>
   </div>
   <div class='ocr_carea' id='block_1_70' title="bbox 1939 1081 3529 1183">
    <p class='ocr_par' dir='ltr' id='par_1_70' title="bbox 1939 1081 3529 1183">
     <span class='ocr_line' id='line_1_70' title="bbox 1939 1081 3529 1183; baseline 0.017 -50"><span class='ocrx_word' id='word_1_539' title='bbox 1939 1093 2064 1183; x_wconf 45' lang='grc' dir='ltr'><em>εαξη.</em></span> <span class='ocrx_word' id='word_1_540' title='bbox 2097 1081 2465 1139; x_wconf 68' lang='lat' dir='ltr'><strong>daemoniorum</strong></span> <span class='ocrx_word' id='word_1_541' title='bbox 2516 1103 2536 1141; x_wconf 87' lang='lat'><strong><em>:</em></strong></span> <span class='ocrx_word' id='word_1_542' title='bbox 2589 1086 2681 1143; x_wconf 69' lang='lat'><strong>2|.</strong></span> <span class='ocrx_word' id='word_1_543' title='bbox 2742 1107 2844 1145; x_wconf 85' lang='lat' dir='ltr'><strong>non</strong></span> <span class='ocrx_word' id='word_1_544' title='bbox 2888 1096 3097 1163; x_wconf 83' lang='lat' dir='ltr'><strong>potestis</strong></span> <span class='ocrx_word' id='word_1_545' title='bbox 3159 1114 3346 1156; x_wconf 75' lang='lat' dir='ltr'><strong>mensa:</strong></span> <span class='ocrx_word' id='word_1_546' title='bbox 3414 1103 3529 1158; x_wconf 80' lang='lat' dir='ltr'><strong>Do-</strong></span> 
     </span>
    </p>
   </div>
   <div class='ocr_carea' id='block_1_71' title="bbox 1939 1172 3533 1250">
    <p class='ocr_par' dir='ltr' id='par_1_71' title="bbox 1939 1172 3533 1250">
     <span class='ocr_line' id='line_1_71' title="bbox 1939 1172 3533 1250; baseline 0.018 -27"><span class='ocrx_word' id='word_1_547' title='bbox 1939 1172 2064 1225; x_wconf 85' lang='lat' dir='ltr'><strong>mini</strong></span> <span class='ocrx_word' id='word_1_548' title='bbox 2119 1189 2227 1229; x_wconf 86' lang='lat' dir='ltr'><strong>esse</strong></span> <span class='ocrx_word' id='word_1_549' title='bbox 2285 1177 2559 1248; x_wconf 80' lang='lat' dir='ltr'><strong>participes</strong></span> <span class='ocrx_word' id='word_1_550' title='bbox 2607 1190 2655 1234; x_wconf 88' lang='lat' dir='ltr'><strong>et</strong></span> <span class='ocrx_word' id='word_1_551' title='bbox 2717 1198 2903 1238; x_wconf 67' lang='lat' dir='ltr'><strong>meust:</strong></span> <span class='ocrx_word' id='word_1_552' title='bbox 2952 1184 3339 1246; x_wconf 64' lang='lat' dir='ltr'><strong>daemoniorum.</strong></span> <span class='ocrx_word' id='word_1_553' title='bbox 3388 1194 3533 1250; x_wconf 74' lang='lat' dir='ltr'><strong>Solis</strong></span> 
     </span>
    </p>
   </div>
   <div class='ocr_carea' id='block_1_72' title="bbox 1938 1263 3527 1354">
    <p class='ocr_par' dir='ltr' id='par_1_72' title="bbox 1938 1263 3527 1354">
     <span class='ocr_line' id='line_1_72' title="bbox 1938 1263 3527 1354; baseline 0.016 -38"><span class='ocrx_word' id='word_1_554' title='bbox 1938 1263 2118 1319; x_wconf 86' lang='lat' dir='ltr'><strong>verbis</strong></span> <span class='ocrx_word' id='word_1_555' title='bbox 2162 1274 2255 1321; x_wconf 82' lang='lat' dir='ltr'><strong>est</strong></span> <span class='ocrx_word' id='word_1_556' title='bbox 2311 1278 2598 1325; x_wconf 87' lang='lat' dir='ltr'><strong>contentus</strong></span> <span class='ocrx_word' id='word_1_557' title='bbox 2657 1281 2715 1328; x_wconf 91' lang='lat' dir='ltr'><strong>ut</strong></span> <span class='ocrx_word' id='word_1_558' title='bbox 2770 1274 3022 1330; x_wconf 85' lang='lat' dir='ltr'><strong>abducat.</strong></span> <span class='ocrx_word' id='word_1_559' title='bbox 3098 1279 3300 1338; x_wconf 87' lang='lat' dir='ltr'><strong>Deinde</strong></span> <span class='ocrx_word' id='word_1_560' title='bbox 3356 1286 3527 1354; x_wconf 85' lang='lat' dir='ltr'><strong>pudo-</strong></span> 
     </span>
    </p>
   </div>
   <div class='ocr_carea' id='block_1_73' title="bbox 1938 1356 3525 1435">
    <p class='ocr_par' dir='ltr' id='par_1_73' title="bbox 1938 1356 3525 1435">
     <span class='ocr_line' id='line_1_73' title="bbox 1938 1356 3525 1435; baseline 0.018 -27"><span class='ocrx_word' id='word_1_561' title='bbox 1938 1366 2051 1410; x_wconf 89' lang='lat' dir='ltr'><strong>rem</strong></span> <span class='ocrx_word' id='word_1_562' title='bbox 2102 1356 2367 1415; x_wconf 83' lang='lat' dir='ltr'><strong>incutiens</strong></span> <span class='ocrx_word' id='word_1_563' title='bbox 2398 1378 2412 1417; x_wconf 87' lang='lat'><strong>:</strong></span> <span class='ocrx_word' id='word_1_564' title='bbox 2442 1361 2531 1416; x_wconf 72' lang='grc'><strong>22.</strong></span> <span class='ocrx_word' id='word_1_565' title='bbox 2569 1365 2657 1418; x_wconf 70' lang='lat' dir='ltr'><strong>An</strong></span> <span class='ocrx_word' id='word_1_566' title='bbox 2673 1368 2977 1422; x_wconf 79' lang='lat' dir='ltr'><strong>rcumlamur</strong></span> <span class='ocrx_word' id='word_1_567' title='bbox 3010 1369 3329 1430; x_wconf 79' lang='lat' dir='ltr'><strong>Dominum?</strong></span> <span class='ocrx_word' id='word_1_568' title='bbox 3371 1397 3525 1435; x_wconf 79' lang='lat' dir='ltr'><strong>nutu-</strong></span> 
     </span>
    </p>
   </div>
   <div class='ocr_carea' id='block_1_74' title="bbox 1935 1451 3548 1530">
    <p class='ocr_par' dir='ltr' id='par_1_74' title="bbox 1935 1451 3548 1530">
     <span class='ocr_line' id='line_1_74' title="bbox 1935 1451 3548 1530; baseline 0.017 -28"><span class='ocrx_word' id='word_1_569' title='bbox 1935 1451 2060 1521; x_wconf 85' lang='lat' dir='ltr'><strong>quid</strong></span> <span class='ocrx_word' id='word_1_570' title='bbox 2086 1452 2327 1525; x_wconf 76' lang='lat' dir='ltr'><strong>fortiores</strong></span> <span class='ocrx_word' id='word_1_571' title='bbox 2340 1455 2428 1509; x_wconf 87' lang='lat' dir='ltr'><strong>illo</strong></span> <span class='ocrx_word' id='word_1_572' title='bbox 2456 1459 2673 1512; x_wconf 84' lang='lat' dir='ltr'><strong>sumus?</strong></span> <span class='ocrx_word' id='word_1_573' title='bbox 2700 1458 2900 1526; x_wconf 45' lang='lat' dir='ltr'><strong>ld‘est-,</strong></span> <span class='ocrx_word' id='word_1_574' title='bbox 2931 1472 3196 1524; x_wconf 85' lang='lat' dir='ltr'><strong>tentamus</strong></span> <span class='ocrx_word' id='word_1_575' title='bbox 3216 1496 3217 1499; x_wconf 55' lang='grc' dir='ltr'><strong>η</strong></span> <span class='ocrx_word' id='word_1_576' title='bbox 3236 1485 3357 1524; x_wconf 89' lang='lat' dir='ltr'><strong>eum</strong></span> <span class='ocrx_word' id='word_1_577' title='bbox 3397 1475 3548 1530; x_wconf 80' lang='lat' dir='ltr'><strong>num-</strong></span> 
     </span>
    </p>
   </div>
   <div class='ocr_carea' id='block_1_75' title="bbox 1937 1545 3543 1633">
    <p class='ocr_par' dir='ltr' id='par_1_75' title="bbox 1937 1545 3543 1633">
     <span class='ocr_line' id='line_1_75' title="bbox 1937 1545 3543 1633; baseline 0.016 -38"><span class='ocrx_word' id='word_1_578' title='bbox 1937 1545 2106 1614; x_wconf 85' lang='lat' dir='ltr'><strong>possit</strong></span> <span class='ocrx_word' id='word_1_579' title='bbox 2133 1561 2230 1633; x_wconf 82' lang='lat' dir='ltr'><strong>nos</strong></span> <span class='ocrx_word' id='word_1_580' title='bbox 2270 1548 2490 1616; x_wconf 88' lang='lat' dir='ltr'><strong>punire,</strong></span> <span class='ocrx_word' id='word_1_581' title='bbox 2536 1560 2590 1604; x_wconf 90' lang='lat' dir='ltr'><strong>et</strong></span> <span class='ocrx_word' id='word_1_582' title='bbox 2620 1551 2890 1608; x_wconf 91' lang='lat' dir='ltr'><strong>irritamus</strong></span> <span class='ocrx_word' id='word_1_583' title='bbox 2930 1570 3048 1611; x_wconf 90' lang='lat' dir='ltr'><strong>eum</strong></span> <span class='ocrx_word' id='word_1_584' title='bbox 3091 1559 3155 1613; x_wconf 90' lang='lat' dir='ltr'><strong>ad</strong></span> <span class='ocrx_word' id='word_1_585' title='bbox 3185 1562 3543 1623; x_wconf 64' lang='lat' dir='ltr'><strong>adversarios</strong></span> 
     </span>
    </p>
   </div>
   <div class='ocr_carea' id='block_1_76' title="bbox 1935 1633 3526 1714">
    <p class='ocr_par' dir='ltr' id='par_1_76' title="bbox 1935 1633 3526 1714">
     <span class='ocr_line' id='line_1_76' title="bbox 1935 1633 3526 1714; baseline 0.016 -25"><span class='ocrx_word' id='word_1_586' title='bbox 1935 1633 2269 1703; x_wconf 76' lang='lat' dir='ltr'><strong>deﬁcientes,</strong></span> <span class='ocrx_word' id='word_1_587' title='bbox 2299 1647 2496 1694; x_wconf 89' lang='lat' dir='ltr'><strong>etcum</strong></span> <span class='ocrx_word' id='word_1_588' title='bbox 2526 1641 2756 1699; x_wconf 89' lang='lat' dir='ltr'><strong>inimicis</strong></span> <span class='ocrx_word' id='word_1_589' title='bbox 2782 1643 2898 1714; x_wconf 87' lang='lat' dir='ltr'><strong>ejus</strong></span> <span class='ocrx_word' id='word_1_590' title='bbox 2920 1646 2971 1700; x_wconf 89' lang='lat' dir='ltr'><strong>in</strong></span> <span class='ocrx_word' id='word_1_591' title='bbox 2995 1649 3109 1704; x_wconf 89' lang='lat' dir='ltr'><strong>acie</strong></span> <span class='ocrx_word' id='word_1_592' title='bbox 3135 1656 3383 1710; x_wconf 83' lang='lat' dir='ltr'><strong>stantes?</strong></span> <span class='ocrx_word' id='word_1_593' title='bbox 3413 1657 3526 1713; x_wconf 90' lang='lat' dir='ltr'><strong>lloc</strong></span> 
     </span>
    </p>
   </div>
   <div class='ocr_carea' id='block_1_77' title="bbox 1935 1729 3524 1804">
    <p class='ocr_par' dir='ltr' id='par_1_77' title="bbox 1935 1729 3524 1804">
     <span class='ocr_line' id='line_1_77' title="bbox 1935 1729 3524 1804; baseline 0.014 -23"><span class='ocrx_word' id='word_1_594' title='bbox 1935 1737 2114 1782; x_wconf 88' lang='lat' dir='ltr'><strong>autem</strong></span> <span class='ocrx_word' id='word_1_595' title='bbox 2164 1729 2334 1798; x_wconf 79' lang='lat' dir='ltr'><strong>dixit,</strong></span> <span class='ocrx_word' id='word_1_596' title='bbox 2376 1731 2428 1786; x_wconf 93' lang='lat' dir='ltr'><strong>in</strong></span> <span class='ocrx_word' id='word_1_597' title='bbox 2474 1736 2786 1790; x_wconf 88' lang='lat' dir='ltr'><strong>memoriam</strong></span> <span class='ocrx_word' id='word_1_598' title='bbox 2833 1737 2939 1792; x_wconf 90' lang='lat' dir='ltr'><strong>illis</strong></span> <span class='ocrx_word' id='word_1_599' title='bbox 2985 1755 3246 1797; x_wconf 87' lang='lat' dir='ltr'><strong>revocans</strong></span> <span class='ocrx_word' id='word_1_600' title='bbox 3288 1757 3524 1804; x_wconf 88' lang='lat' dir='ltr'><strong>veterem</strong></span> 
     </span>
    </p>
   </div>
   <div class='ocr_carea' id='block_1_78' title="bbox 1936 1818 3524 1898">
    <p class='ocr_par' dir='ltr' id='par_1_78' title="bbox 1936 1818 3524 1898">
     <span class='ocr_line' id='line_1_78' title="bbox 1936 1818 3524 1898; baseline 0.013 -25"><span class='ocrx_word' id='word_1_601' title='bbox 1936 1818 2237 1885; x_wconf 88' lang='lat' dir='ltr'><strong>historiam,</strong></span> <span class='ocrx_word' id='word_1_602' title='bbox 2266 1831 2321 1878; x_wconf 91' lang='lat' dir='ltr'><strong>et</strong></span> <span class='ocrx_word' id='word_1_603' title='bbox 2352 1832 2560 1893; x_wconf 84' lang='lat' dir='ltr'><strong>patrum</strong></span> <span class='ocrx_word' id='word_1_604' title='bbox 2588 1830 3090 1898; x_wconf 78' lang='lat' dir='ltr'><strong>transgressionem.</strong></span> <span class='ocrx_word' id='word_1_605' title='bbox 3117 1832 3238 1889; x_wconf 89' lang='lat' dir='ltr'><strong>Ideo</strong></span> <span class='ocrx_word' id='word_1_606' title='bbox 3267 1835 3365 1891; x_wconf 88' lang='lat' dir='ltr'><strong>hac</strong></span> <span class='ocrx_word' id='word_1_607' title='bbox 3398 1855 3524 1895; x_wconf 90' lang='lat' dir='ltr'><strong>usus</strong></span> 
     </span>
    </p>
   </div>
   <div class='ocr_carea' id='block_1_79' title="bbox 1934 1915 3520 1994">
    <p class='ocr_par' dir='ltr' id='par_1_79' title="bbox 1934 1915 3520 1994">
     <span class='ocr_line' id='line_1_79' title="bbox 1934 1915 3520 1994; baseline 0.013 -28"><span class='ocrx_word' id='word_1_608' title='bbox 1934 1921 2015 1966; x_wconf 81' lang='lat' dir='ltr'><strong>est</strong></span> <span class='ocrx_word' id='word_1_609' title='bbox 2043 1928 2191 1976; x_wconf 90' lang='lat' dir='ltr'><strong>voce,</strong></span> <span class='ocrx_word' id='word_1_610' title='bbox 2215 1930 2316 1985; x_wconf 90' lang='lat' dir='ltr'><strong>qua</strong></span> <span class='ocrx_word' id='word_1_611' title='bbox 2344 1915 2603 1973; x_wconf 87' lang='lat' dir='ltr'><strong>adversus</strong></span> <span class='ocrx_word' id='word_1_612' title='bbox 2628 1918 2844 1976; x_wconf 67' lang='lat' dir='ltr'><strong>Iudaeos</strong></span> <span class='ocrx_word' id='word_1_613' title='bbox 2864 1921 3076 1994; x_wconf 79' lang='lat' dir='ltr'><strong>Moyses</strong></span> <span class='ocrx_word' id='word_1_614' title='bbox 3101 1927 3229 1981; x_wconf 91' lang='lat' dir='ltr'><strong>olim</strong></span> <span class='ocrx_word' id='word_1_615' title='bbox 3259 1945 3386 1984; x_wconf 89' lang='lat' dir='ltr'><strong>usus</strong></span> <span class='ocrx_word' id='word_1_616' title='bbox 3418 1944 3520 1994; x_wconf 88' lang='lat' dir='ltr'><strong>est.</strong></span> 
     </span>
    </p>
   </div>
   <div class='ocr_carea' id='block_1_80' title="bbox 1934 2008 3524 2109">
    <p class='ocr_par' dir='ltr' id='par_1_80' title="bbox 1934 2008 3524 2109">
     <span class='ocr_line' id='line_1_80' title="bbox 1934 2008 3524 2109; baseline 0.012 -51"><span class='ocrx_word' id='word_1_617' title='bbox 1934 2019 2195 2109; x_wconf 79' lang='lat' dir='ltr'><strong>accusans</strong></span> <span class='ocrx_word' id='word_1_618' title='bbox 2237 2022 2331 2064; x_wconf 91' lang='lat' dir='ltr'><strong>eos</strong></span> <span class='ocrx_word' id='word_1_619' title='bbox 2366 2008 2434 2063; x_wconf 90' lang='lat' dir='ltr'><strong>de</strong></span> <span class='ocrx_word' id='word_1_620' title='bbox 2482 2009 2781 2067; x_wconf 84' lang='lat' dir='ltr'><strong>idololatria</strong></span> <span class='ocrx_word' id='word_1_621' title='bbox 2825 2030 2891 2069; x_wconf 85' lang='lat' dir='ltr'><strong>ex</strong></span> <span class='ocrx_word' id='word_1_622' title='bbox 2934 2031 3163 2086; x_wconf 87' lang='lat' dir='ltr'><strong>persona</strong></span> <span class='ocrx_word' id='word_1_623' title='bbox 3213 2020 3307 2078; x_wconf 87' lang='lat' dir='ltr'><strong>Dei</strong></span> <span class='ocrx_word' id='word_1_624' title='bbox 3347 2039 3362 2077; x_wconf 88' lang='lat'><strong>:</strong></span> <span class='ocrx_word' id='word_1_625' title='bbox 3414 2022 3524 2093; x_wconf 83' lang='lat' dir='ltr'><strong>Ipsi</strong></span> 
     </span>
    </p>
   </div>
   <div class='ocr_carea' id='block_1_81' title="bbox 1934 2099 3524 2183">
    <p class='ocr_par' dir='ltr' id='par_1_81' title="bbox 1934 2099 3524 2183">
     <span class='ocr_line' id='line_1_81' title="bbox 1934 2099 3524 2183; baseline 0.014 -33"><span class='ocrx_word' id='word_1_626' title='bbox 1934 2099 2078 2152; x_wconf 90' lang='lat' dir='ltr'><strong>enim</strong></span> <span class='ocrx_word' id='word_1_627' title='bbox 2106 2139 2123 2166; x_wconf 95' lang='lat'><strong>,</strong></span> <span class='ocrx_word' id='word_1_628' title='bbox 2166 2099 2370 2171; x_wconf 91' lang='lat' dir='ltr'><strong>inquit,</strong></span> <span class='ocrx_word' id='word_1_629' title='bbox 2398 2116 2794 2173; x_wconf 69' lang='lat' dir='ltr'><strong>prouocauerunt</strong></span> <span class='ocrx_word' id='word_1_630' title='bbox 2823 2125 2902 2162; x_wconf 89' lang='lat' dir='ltr'><strong>me</strong></span> <span class='ocrx_word' id='word_1_631' title='bbox 2946 2109 2997 2163; x_wconf 88' lang='lat' dir='ltr'><strong>in</strong></span> <span class='ocrx_word' id='word_1_632' title='bbox 3047 2128 3103 2165; x_wconf 91' lang='lat' dir='ltr'><strong>eo</strong></span> <span class='ocrx_word' id='word_1_633' title='bbox 3140 2115 3229 2183; x_wconf 90' lang='lat' dir='ltr'><strong>qui</strong></span> <span class='ocrx_word' id='word_1_634' title='bbox 3271 2133 3369 2170; x_wconf 90' lang='lat' dir='ltr'><strong>non</strong></span> <span class='ocrx_word' id='word_1_635' title='bbox 3416 2129 3524 2173; x_wconf 87' lang='lat' dir='ltr'><strong>erat</strong></span> 
     </span>
    </p>
   </div>
   <div class='ocr_carea' id='block_1_82' title="bbox 1934 2187 3521 2279">
    <p class='ocr_par' dir='ltr' id='par_1_82' title="bbox 1934 2187 3521 2279">
     <span class='ocr_line' id='line_1_82' title="bbox 1934 2187 3521 2279; baseline 0.016 -38"><span class='ocrx_word' id='word_1_636' title='bbox 1934 2187 2073 2244; x_wconf 86' lang='lat' dir='ltr'><strong>Deus</strong></span> <span class='ocrx_word' id='word_1_637' title='bbox 2094 2232 2109 2257; x_wconf 94' lang='lat'><strong>,</strong></span> <span class='ocrx_word' id='word_1_638' title='bbox 2136 2191 2460 2248; x_wconf 75' lang='lat' dir='ltr'><strong>irritaverant</strong></span> <span class='ocrx_word' id='word_1_639' title='bbox 2497 2212 2577 2249; x_wconf 84' lang='lat' dir='ltr'><strong>me</strong></span> <span class='ocrx_word' id='word_1_640' title='bbox 2612 2199 2664 2250; x_wconf 90' lang='lat' dir='ltr'><strong>in</strong></span> <span class='ocrx_word' id='word_1_641' title='bbox 2695 2199 2847 2253; x_wconf 83' lang='lat' dir='ltr'><strong>idolis</strong></span> <span class='ocrx_word' id='word_1_642' title='bbox 2885 2204 2990 2257; x_wconf 88' lang='lat' dir='ltr'><strong>suis</strong></span> <span class='ocrx_word' id='word_1_643' title='bbox 3019 2203 3211 2272; x_wconf 91' lang='lat' dir='ltr'><strong>(Deut.</strong></span> <span class='ocrx_word' id='word_1_644' title='bbox 3258 2208 3345 2263; x_wconf 75' lang='grc'><strong>52.</strong></span> <span class='ocrx_word' id='word_1_645' title='bbox 3402 2210 3521 2279; x_wconf 76' lang='grc'><strong>21).</strong></span> 
     </span>
    </p>
   </div>
   <div class='ocr_carea' id='block_1_83' title="bbox 1934 2280 3541 2363">
    <p class='ocr_par' dir='ltr' id='par_1_83' title="bbox 1934 2280 3541 2363">
     <span class='ocr_line' id='line_1_83' title="bbox 1934 2280 3541 2363; baseline 0.016 -30"><span class='ocrx_word' id='word_1_646' title='bbox 1934 2280 2075 2334; x_wconf 86' lang='lat' dir='ltr'><strong>Num</strong></span> <span class='ocrx_word' id='word_1_647' title='bbox 2104 2282 2197 2336; x_wconf 89' lang='lat' dir='ltr'><strong>illo</strong></span> <span class='ocrx_word' id='word_1_648' title='bbox 2227 2285 2461 2356; x_wconf 75' lang='lat' dir='ltr'><strong>fortiores</strong></span> <span class='ocrx_word' id='word_1_649' title='bbox 2490 2303 2665 2341; x_wconf 86' lang='lat' dir='ltr'><strong>sumus</strong></span> <span class='ocrx_word' id='word_1_650' title='bbox 2688 2290 2713 2342; x_wconf 87' lang='lat'><strong>?</strong></span> <span class='ocrx_word' id='word_1_651' title='bbox 2735 2289 2978 2347; x_wconf 83' lang='lat' dir='ltr'><strong>Vidistin‘</strong></span> <span class='ocrx_word' id='word_1_652' title='bbox 3024 2309 3182 2363; x_wconf 89' lang='lat' dir='ltr'><strong>quam</strong></span> <span class='ocrx_word' id='word_1_653' title='bbox 3211 2300 3541 2358; x_wconf 81' lang='lat' dir='ltr'><strong>terribiliter</strong></span> 
     </span>
    </p>
   </div>
   <div class='ocr_carea' id='block_1_84' title="bbox 1932 2373 3543 2455">
    <p class='ocr_par' dir='ltr' id='par_1_84' title="bbox 1932 2373 3543 2455">
     <span class='ocr_line' id='line_1_84' title="bbox 1932 2373 3543 2455; baseline 0.014 -26"><span class='ocrx_word' id='word_1_654' title='bbox 1932 2383 1987 2429; x_wconf 90' lang='lat' dir='ltr'><strong>et</strong></span> <span class='ocrx_word' id='word_1_655' title='bbox 2018 2373 2345 2432; x_wconf 90' lang='lat' dir='ltr'><strong>borribiliter</strong></span> <span class='ocrx_word' id='word_1_656' title='bbox 2376 2379 2519 2448; x_wconf 91' lang='lat' dir='ltr'><strong>ipsos</strong></span> <span class='ocrx_word' id='word_1_657' title='bbox 2548 2380 2875 2450; x_wconf 82' lang='lat' dir='ltr'><strong>increpavit,</strong></span> <span class='ocrx_word' id='word_1_658' title='bbox 2916 2384 3061 2455; x_wconf 88' lang='lat' dir='ltr'><strong>ipsos</strong></span> <span class='ocrx_word' id='word_1_659' title='bbox 3099 2402 3285 2444; x_wconf 89' lang='lat' dir='ltr'><strong>eorum</strong></span> <span class='ocrx_word' id='word_1_660' title='bbox 3326 2408 3543 2451; x_wconf 23' lang='lat' dir='ltr'><strong>nervos.-</strong></span> 
     </span>
    </p>
   </div>
   <div class='ocr_carea' id='block_1_85' title="bbox 1931 2467 3540 2546">
    <p class='ocr_par' dir='ltr' id='par_1_85' title="bbox 1931 2467 3540 2546">
     <span class='ocr_line' id='line_1_85' title="bbox 1931 2467 3540 2546; baseline 0.012 -25"><span class='ocrx_word' id='word_1_661' title='bbox 1931 2467 2267 2535; x_wconf 90' lang='lat' dir='ltr'><strong>coucutiens,</strong></span> <span class='ocrx_word' id='word_1_662' title='bbox 2292 2486 2352 2524; x_wconf 88' lang='lat' dir='ltr'><strong>ea</strong></span> <span class='ocrx_word' id='word_1_663' title='bbox 2378 2485 2439 2525; x_wconf 92' lang='lat' dir='ltr'><strong>re</strong></span> <span class='ocrx_word' id='word_1_664' title='bbox 2462 2472 2513 2525; x_wconf 93' lang='lat' dir='ltr'><strong>in</strong></span> <span class='ocrx_word' id='word_1_665' title='bbox 2538 2472 2920 2530; x_wconf 90' lang='lat' dir='ltr'><strong>absurditatem</strong></span> <span class='ocrx_word' id='word_1_666' title='bbox 2949 2477 3199 2546; x_wconf 90' lang='lat' dir='ltr'><strong>adducta,</strong></span> <span class='ocrx_word' id='word_1_667' title='bbox 3222 2482 3339 2538; x_wconf 92' lang='lat' dir='ltr'><strong>illos</strong></span> <span class='ocrx_word' id='word_1_668' title='bbox 3369 2486 3540 2540; x_wconf 72' lang='lat' dir='ltr'><strong>Valde</strong></span> 
     </span>
    </p>
   </div>
   <div class='ocr_carea' id='block_1_86' title="bbox 1931 2558 3523 2640">
    <p class='ocr_par' dir='ltr' id='par_1_86' title="bbox 1931 2558 3523 2640">
     <span class='ocr_line' id='line_1_86' title="bbox 1931 2558 3523 2640; baseline 0.014 -29"><span class='ocrx_word' id='word_1_669' title='bbox 1931 2558 2339 2630; x_wconf 88' lang='lat' dir='ltr'><strong>perstringens,</strong></span> <span class='ocrx_word' id='word_1_670' title='bbox 2372 2561 2691 2633; x_wconf 88' lang='lat' dir='ltr'><strong>illorumque</strong></span> <span class='ocrx_word' id='word_1_671' title='bbox 2746 2574 3007 2622; x_wconf 90' lang='lat' dir='ltr'><strong>tumorem</strong></span> <span class='ocrx_word' id='word_1_672' title='bbox 3058 2570 3406 2640; x_wconf 88' lang='lat' dir='ltr'><strong>deprimens?</strong></span> <span class='ocrx_word' id='word_1_673' title='bbox 3455 2578 3523 2632; x_wconf 85' lang='lat' dir='ltr'><strong>Et</strong></span> 
     </span>
    </p>
   </div>
   <div class='ocr_carea' id='block_1_87' title="bbox 1927 2652 3523 2734">
    <p class='ocr_par' dir='ltr' id='par_1_87' title="bbox 1927 2652 3523 2734">
     <span class='ocr_line' id='line_1_87' title="bbox 1927 2652 3523 2734; baseline 0.013 -29"><span class='ocrx_word' id='word_1_674' title='bbox 1927 2664 2044 2715; x_wconf 88' lang='lat' dir='ltr'><strong>cur,</strong></span> <span class='ocrx_word' id='word_1_675' title='bbox 2079 2652 2307 2723; x_wconf 89' lang='lat' dir='ltr'><strong>inquies,</strong></span> <span class='ocrx_word' id='word_1_676' title='bbox 2339 2654 2454 2710; x_wconf 63' lang='lat' dir='ltr'><strong>haec</strong></span> <span class='ocrx_word' id='word_1_677' title='bbox 2481 2655 2549 2711; x_wconf 89' lang='lat' dir='ltr'><strong>ab</strong></span> <span class='ocrx_word' id='word_1_678' title='bbox 2576 2657 2727 2713; x_wconf 90' lang='lat' dir='ltr'><strong>initio</strong></span> <span class='ocrx_word' id='word_1_679' title='bbox 2755 2673 2860 2714; x_wconf 91' lang='lat' dir='ltr'><strong>non</strong></span> <span class='ocrx_word' id='word_1_680' title='bbox 2889 2662 3083 2730; x_wconf 91' lang='lat' dir='ltr'><strong>posuit,</strong></span> <span class='ocrx_word' id='word_1_681' title='bbox 3114 2680 3232 2734; x_wconf 82' lang='lat' dir='ltr'><strong>quae</strong></span> <span class='ocrx_word' id='word_1_682' title='bbox 3256 2665 3379 2723; x_wconf 92' lang='lat' dir='ltr'><strong>illos</strong></span> <span class='ocrx_word' id='word_1_683' title='bbox 3409 2685 3523 2725; x_wconf 79' lang='lat' dir='ltr'><strong>ma-</strong></span> 
     </span>
    </p>
   </div>
   <div class='ocr_carea' id='block_1_88' title="bbox 1930 2743 3521 2831">
    <p class='ocr_par' dir='ltr' id='par_1_88' title="bbox 1930 2743 3521 2831">
     <span class='ocr_line' id='line_1_88' title="bbox 1930 2743 3521 2831; baseline 0.013 -35"><span class='ocrx_word' id='word_1_684' title='bbox 1930 2743 2071 2800; x_wconf 81' lang='lat' dir='ltr'><strong>xime</strong></span> <span class='ocrx_word' id='word_1_685' title='bbox 2100 2744 2492 2802; x_wconf 81' lang='lat' dir='ltr'><strong>abduxissent?</strong></span> <span class='ocrx_word' id='word_1_686' title='bbox 2522 2748 2656 2817; x_wconf 87' lang='lat' dir='ltr'><strong>Quia</strong></span> <span class='ocrx_word' id='word_1_687' title='bbox 2685 2765 2799 2805; x_wconf 90' lang='lat' dir='ltr'><strong>mos</strong></span> <span class='ocrx_word' id='word_1_688' title='bbox 2821 2762 2906 2807; x_wconf 91' lang='lat' dir='ltr'><strong>est</strong></span> <span class='ocrx_word' id='word_1_689' title='bbox 2935 2752 3009 2807; x_wconf 90' lang='lat' dir='ltr'><strong>illi</strong></span> <span class='ocrx_word' id='word_1_690' title='bbox 3050 2755 3289 2824; x_wconf 89' lang='lat' dir='ltr'><strong>pluribus</strong></span> <span class='ocrx_word' id='word_1_691' title='bbox 3317 2775 3379 2815; x_wconf 88' lang='lat' dir='ltr'><strong>ea</strong></span> <span class='ocrx_word' id='word_1_692' title='bbox 3401 2776 3521 2831; x_wconf 80' lang='lat' dir='ltr'><strong>qna:</strong></span> 
     </span>
    </p>
   </div>
   <div class='ocr_carea' id='block_1_89' title="bbox 1930 2836 3521 2921">
    <p class='ocr_par' dir='ltr' id='par_1_89' title="bbox 1930 2836 3521 2921">
     <span class='ocr_line' id='line_1_89' title="bbox 1930 2836 3521 2921; baseline 0.013 -32"><span class='ocrx_word' id='word_1_693' title='bbox 1930 2836 2042 2891; x_wconf 90' lang='lat' dir='ltr'><strong>vnlt</strong></span> <span class='ocrx_word' id='word_1_694' title='bbox 2070 2838 2297 2907; x_wconf 89' lang='lat' dir='ltr'><strong>probare</strong></span> <span class='ocrx_word' id='word_1_695' title='bbox 2320 2878 2335 2905; x_wconf 91' lang='lat'><strong>,</strong></span> <span class='ocrx_word' id='word_1_696' title='bbox 2370 2848 2425 2893; x_wconf 92' lang='lat' dir='ltr'><strong>et</strong></span> <span class='ocrx_word' id='word_1_697' title='bbox 2453 2840 2673 2895; x_wconf 83' lang='lat' dir='ltr'><strong>fortiora</strong></span> <span class='ocrx_word' id='word_1_698' title='bbox 2707 2843 2889 2898; x_wconf 86' lang='lat' dir='ltr'><strong>ultima</strong></span> <span class='ocrx_word' id='word_1_699' title='bbox 2922 2859 3150 2915; x_wconf 89' lang='lat' dir='ltr'><strong>ponere,</strong></span> <span class='ocrx_word' id='word_1_700' title='bbox 3188 2861 3347 2921; x_wconf 86' lang='lat' dir='ltr'><strong>atque</strong></span> <span class='ocrx_word' id='word_1_701' title='bbox 3375 2868 3442 2908; x_wconf 82' lang='lat' dir='ltr'><strong>ex</strong></span> <span class='ocrx_word' id='word_1_702' title='bbox 3470 2857 3521 2910; x_wconf 85' lang='lat' dir='ltr'><strong>vi</strong></span> 
     </span>
    </p>
   </div>
   <div class='ocr_carea' id='block_1_90' title="bbox 1928 2928 3522 3015">
    <p class='ocr_par' dir='ltr' id='par_1_90' title="bbox 1928 2928 3522 3015">
     <span class='ocr_line' id='line_1_90' title="bbox 1928 2928 3522 3015; baseline 0.011 -32"><span class='ocrx_word' id='word_1_703' title='bbox 1928 2944 2118 2999; x_wconf 87' lang='lat' dir='ltr'><strong>magna</strong></span> <span class='ocrx_word' id='word_1_704' title='bbox 2150 2929 2387 2986; x_wconf 86' lang='lat' dir='ltr'><strong>vincere.</strong></span> <span class='ocrx_word' id='word_1_705' title='bbox 2431 2928 2556 2987; x_wconf 86' lang='lat' dir='ltr'><strong>ideo</strong></span> <span class='ocrx_word' id='word_1_706' title='bbox 2594 2948 2624 2986; x_wconf 91' lang='lat' dir='ltr'><strong>a</strong></span> <span class='ocrx_word' id='word_1_707' title='bbox 2654 2934 2950 2990; x_wconf 89' lang='lat' dir='ltr'><strong>minoribus</strong></span> <span class='ocrx_word' id='word_1_708' title='bbox 2998 2952 3152 2994; x_wconf 91' lang='lat' dir='ltr'><strong>orsus</strong></span> <span class='ocrx_word' id='word_1_709' title='bbox 3176 2981 3192 3007; x_wconf 90' lang='lat'><strong>,</strong></span> <span class='ocrx_word' id='word_1_710' title='bbox 3239 2942 3305 2997; x_wconf 91' lang='lat' dir='ltr'><strong>ad</strong></span> <span class='ocrx_word' id='word_1_711' title='bbox 3359 2957 3522 3015; x_wconf 85' lang='lat' dir='ltr'><strong>caput</strong></span> 
     </span>
    </p>
   </div>
   <div class='ocr_carea' id='block_1_91' title="bbox 1930 3022 3518 3106">
    <p class='ocr_par' dir='ltr' id='par_1_91' title="bbox 1930 3022 3518 3106">
     <span class='ocr_line' id='line_1_91' title="bbox 1930 3022 3518 3106; baseline 0.011 -31"><span class='ocrx_word' id='word_1_712' title='bbox 1930 3022 2192 3077; x_wconf 88' lang='lat' dir='ltr'><strong>malorum</strong></span> <span class='ocrx_word' id='word_1_713' title='bbox 2224 3024 2389 3077; x_wconf 90' lang='lat' dir='ltr'><strong>venit.</strong></span> <span class='ocrx_word' id='word_1_714' title='bbox 2414 3022 2505 3080; x_wconf 92' lang='lat' dir='ltr'><strong>Sic</strong></span> <span class='ocrx_word' id='word_1_715' title='bbox 2534 3024 2710 3080; x_wconf 90' lang='lat' dir='ltr'><strong>ethoc</strong></span> <span class='ocrx_word' id='word_1_716' title='bbox 2732 3028 2900 3097; x_wconf 87' lang='lat' dir='ltr'><strong>magis</strong></span> <span class='ocrx_word' id='word_1_717' title='bbox 2926 3042 3203 3100; x_wconf 89' lang='lat' dir='ltr'><strong>acceptum</strong></span> <span class='ocrx_word' id='word_1_718' title='bbox 3227 3032 3345 3100; x_wconf 91' lang='lat' dir='ltr'><strong>fuit,</strong></span> <span class='ocrx_word' id='word_1_719' title='bbox 3371 3040 3518 3106; x_wconf 91' lang='lat' dir='ltr'><strong>prio-</strong></span> 
     </span>
    </p>
   </div>
   <div class='ocr_carea' id='block_1_92' title="bbox 1928 3115 3520 3192">
    <p class='ocr_par' dir='ltr' id='par_1_92' title="bbox 1928 3115 3520 3192">
     <span class='ocr_line' id='line_1_92' title="bbox 1928 3115 3520 3192; baseline 0.009 -23"><span class='ocrx_word' id='word_1_720' title='bbox 1928 3115 2079 3171; x_wconf 89' lang='lat' dir='ltr'><strong>ribus</strong></span> <span class='ocrx_word' id='word_1_721' title='bbox 2107 3115 2332 3170; x_wconf 90' lang='lat' dir='ltr'><strong>delinito</strong></span> <span class='ocrx_word' id='word_1_722' title='bbox 2362 3116 2575 3171; x_wconf 89' lang='lat' dir='ltr'><strong>illorum</strong></span> <span class='ocrx_word' id='word_1_723' title='bbox 2601 3117 2803 3173; x_wconf 88' lang='lat' dir='ltr'><strong>animo.</strong></span> <span class='ocrx_word' id='word_1_724' title='bbox 2839 3118 3025 3175; x_wconf 87' lang='lat' dir='ltr'><strong>Omnia</strong></span> <span class='ocrx_word' id='word_1_725' title='bbox 3070 3124 3195 3177; x_wconf 79' lang='lat' dir='ltr'><strong>mihi</strong></span> <span class='ocrx_word' id='word_1_726' title='bbox 3225 3125 3397 3192; x_wconf 84' lang='lat' dir='ltr'><strong>licent,</strong></span> <span class='ocrx_word' id='word_1_727' title='bbox 3430 3130 3520 3184; x_wconf 82' lang='lat' dir='ltr'><strong>sed</strong></span> 
     </span>
    </p>
   </div>
   <div class='ocr_carea' id='block_1_93' title="bbox 1929 3208 3519 3285">
    <p class='ocr_par' dir='ltr' id='par_1_93' title="bbox 1929 3208 3519 3285">
     <span class='ocr_line' id='line_1_93' title="bbox 1929 3208 3519 3285; baseline 0.009 -23"><span class='ocrx_word' id='word_1_728' title='bbox 1929 3224 2032 3263; x_wconf 88' lang='lat' dir='ltr'><strong>non</strong></span> <span class='ocrx_word' id='word_1_729' title='bbox 2061 3208 2233 3261; x_wconf 87' lang='lat' dir='ltr'><strong>omnia</strong></span> <span class='ocrx_word' id='word_1_730' title='bbox 2259 3209 2531 3281; x_wconf 71' lang='lat' dir='ltr'><strong>expediunt</strong></span> <span class='ocrx_word' id='word_1_731' title='bbox 2561 3225 2579 3263; x_wconf 89' lang='lat'><strong><em>:</em></strong></span> <span class='ocrx_word' id='word_1_732' title='bbox 2606 3211 2695 3264; x_wconf 71' lang='lat'><strong>23.</strong></span> <span class='ocrx_word' id='word_1_733' title='bbox 2723 3214 2895 3267; x_wconf 85' lang='lat' dir='ltr'><strong>omnia</strong></span> <span class='ocrx_word' id='word_1_734' title='bbox 2924 3214 3049 3269; x_wconf 76' lang='lat' dir='ltr'><strong>milii</strong></span> <span class='ocrx_word' id='word_1_735' title='bbox 3070 3216 3255 3285; x_wconf 89' lang='lat' dir='ltr'><strong>licent,</strong></span> <span class='ocrx_word' id='word_1_736' title='bbox 3302 3220 3392 3274; x_wconf 79' lang='lat' dir='ltr'><strong>sed</strong></span> <span class='ocrx_word' id='word_1_737' title='bbox 3416 3238 3519 3276; x_wconf 83' lang='lat' dir='ltr'><strong>non</strong></span> 
     </span>
    </p>
   </div>
   <div class='ocr_carea' id='block_1_94' title="bbox 1928 3300 3523 3377">
    <p class='ocr_par' dir='ltr' id='par_1_94' title="bbox 1928 3300 3523 3377">
     <span class='ocr_line' id='line_1_94' title="bbox 1928 3300 3523 3377; baseline 0.008 -23"><span class='ocrx_word' id='word_1_738' title='bbox 1928 3300 2099 3354; x_wconf 89' lang='lat' dir='ltr'><strong>omnia</strong></span> <span class='ocrx_word' id='word_1_739' title='bbox 2123 3300 2399 3369; x_wconf 68' lang='lat' dir='ltr'><strong>ludiﬁcant.</strong></span> <span class='ocrx_word' id='word_1_740' title='bbox 2429 3300 2517 3356; x_wconf 66' lang='lat' dir='ltr'><strong>2i.</strong></span> <span class='ocrx_word' id='word_1_741' title='bbox 2571 3300 2736 3356; x_wconf 85' lang='lat' dir='ltr'><strong>Nemo</strong></span> <span class='ocrx_word' id='word_1_742' title='bbox 2765 3305 2901 3373; x_wconf 85' lang='lat' dir='ltr'><strong>quod</strong></span> <span class='ocrx_word' id='word_1_743' title='bbox 2920 3321 3067 3359; x_wconf 82' lang='lat' dir='ltr'><strong>suum</strong></span> <span class='ocrx_word' id='word_1_744' title='bbox 3101 3321 3173 3362; x_wconf 83' lang='lat' dir='ltr'><strong>est</strong></span> <span class='ocrx_word' id='word_1_745' title='bbox 3196 3320 3408 3377; x_wconf 70' lang='lat' dir='ltr'><strong>quierat,</strong></span> <span class='ocrx_word' id='word_1_746' title='bbox 3432 3315 3523 3367; x_wconf 76' lang='lat' dir='ltr'><strong>sed</strong></span> 
     </span>
    </p>
   </div>
   <div class='ocr_carea' id='block_1_95' title="bbox 1928 3393 3517 3472">
    <p class='ocr_par' dir='ltr' id='par_1_95' title="bbox 1928 3393 3517 3472">
     <span class='ocr_line' id='line_1_95' title="bbox 1928 3393 3517 3472; baseline 0.008 -25"><span class='ocrx_word' id='word_1_747' title='bbox 1928 3395 2065 3463; x_wconf 88' lang='lat' dir='ltr'><strong>quod</strong></span> <span class='ocrx_word' id='word_1_748' title='bbox 2093 3393 2304 3448; x_wconf 81' lang='lat' dir='ltr'><strong>alterius</strong></span> <span class='ocrx_word' id='word_1_749' title='bbox 2334 3395 2691 3465; x_wconf 76' lang='lat' dir='ltr'><strong>unusquisque.</strong></span> <span class='ocrx_word' id='word_1_750' title='bbox 2720 3394 2905 3451; x_wconf 84' lang='lat' dir='ltr'><strong>Viden’</strong></span> <span class='ocrx_word' id='word_1_751' title='bbox 2932 3408 3235 3455; x_wconf 89' lang='lat' dir='ltr'><strong>accuratam</strong></span> <span class='ocrx_word' id='word_1_752' title='bbox 3278 3402 3517 3472; x_wconf 89' lang='lat' dir='ltr'><strong>pruden-</strong></span> 
     </span>
    </p>
   </div>
   <div class='ocr_carea' id='block_1_96' title="bbox 1930 3485 3513 3553">
    <p class='ocr_par' dir='ltr' id='par_1_96' title="bbox 1930 3485 3513 3553">
     <span class='ocr_line' id='line_1_96' title="bbox 1930 3485 3513 3553; baseline 0.009 -15"><span class='ocrx_word' id='word_1_753' title='bbox 1930 3486 2103 3540; x_wconf 89' lang='lat' dir='ltr'><strong>tiam?</strong></span> <span class='ocrx_word' id='word_1_754' title='bbox 2133 3485 2268 3553; x_wconf 90' lang='lat' dir='ltr'><strong>Quia</strong></span> <span class='ocrx_word' id='word_1_755' title='bbox 2296 3487 2439 3543; x_wconf 91' lang='lat' dir='ltr'><strong>enim</strong></span> <span class='ocrx_word' id='word_1_756' title='bbox 2479 3488 2771 3544; x_wconf 88' lang='lat' dir='ltr'><strong>verisimile</strong></span> <span class='ocrx_word' id='word_1_757' title='bbox 2813 3501 2928 3545; x_wconf 88' lang='lat' dir='ltr'><strong>erat</strong></span> <span class='ocrx_word' id='word_1_758' title='bbox 2957 3490 3077 3546; x_wconf 92' lang='lat' dir='ltr'><strong>illos</strong></span> <span class='ocrx_word' id='word_1_759' title='bbox 3124 3491 3303 3550; x_wconf 88' lang='lat' dir='ltr'><strong>dicere</strong></span> <span class='ocrx_word' id='word_1_760' title='bbox 3332 3511 3346 3548; x_wconf 90' lang='lat'>:</span> <span class='ocrx_word' id='word_1_761' title='bbox 3382 3494 3513 3552; x_wconf 84' lang='lat' dir='ltr'><strong>Per-</strong></span> 
     </span>
    </p>
   </div>
   <div class='ocr_carea' id='block_1_97' title="bbox 1930 3578 3549 3654">
    <p class='ocr_par' dir='ltr' id='par_1_97' title="bbox 1930 3578 3549 3654">
     <span class='ocr_line' id='line_1_97' title="bbox 1930 3578 3549 3654; baseline 0.006 -22"><span class='ocrx_word' id='word_1_762' title='bbox 1930 3578 2102 3633; x_wconf 90' lang='lat' dir='ltr'><strong>fectus</strong></span> <span class='ocrx_word' id='word_1_763' title='bbox 2130 3592 2251 3633; x_wconf 88' lang='lat' dir='ltr'><strong>sum</strong></span> <span class='ocrx_word' id='word_1_764' title='bbox 2279 3586 2333 3634; x_wconf 91' lang='lat' dir='ltr'><strong>et</strong></span> <span class='ocrx_word' id='word_1_765' title='bbox 2360 3579 2464 3634; x_wconf 89' lang='lat' dir='ltr'><strong>mei</strong></span> <span class='ocrx_word' id='word_1_766' title='bbox 2497 3579 2636 3651; x_wconf 87' lang='lat' dir='ltr'><strong>juris</strong></span> <span class='ocrx_word' id='word_1_767' title='bbox 2658 3620 2675 3646; x_wconf 93' lang='lat'><strong>,</strong></span> <span class='ocrx_word' id='word_1_768' title='bbox 2702 3589 2757 3635; x_wconf 89' lang='lat' dir='ltr'><strong>et</strong></span> <span class='ocrx_word' id='word_1_769' title='bbox 2786 3580 2917 3636; x_wconf 92' lang='lat' dir='ltr'><strong>nihil</strong></span> <span class='ocrx_word' id='word_1_770' title='bbox 2955 3583 3112 3638; x_wconf 67' lang='lat' dir='ltr'><strong>laesus</strong></span> <span class='ocrx_word' id='word_1_771' title='bbox 3139 3586 3380 3654; x_wconf 89' lang='lat' dir='ltr'><strong>apposita</strong></span> <span class='ocrx_word' id='word_1_772' title='bbox 3419 3586 3516 3642; x_wconf 86' lang='lat' dir='ltr'><strong>de-</strong></span> <span class='ocrx_word' id='word_1_773' title='bbox 3546 3580 3549 3583; x_wconf 75' lang='grc'><em>’</em></span> 
     </span>
    </p>
   </div>
   <div class='ocr_carea' id='block_1_98' title="bbox 1926 3670 3513 3745">
    <p class='ocr_par' dir='ltr' id='par_1_98' title="bbox 1926 3670 3513 3745">
     <span class='ocr_line' id='line_1_98' title="bbox 1926 3670 3513 3745; baseline 0.009 -23"><span class='ocrx_word' id='word_1_774' title='bbox 1926 3678 2083 3741; x_wconf 87' lang='lat' dir='ltr'><strong>gusto</strong></span> <span class='ocrx_word' id='word_1_775' title='bbox 2108 3687 2123 3724; x_wconf 89' lang='lat'><strong>:</strong></span> <span class='ocrx_word' id='word_1_776' title='bbox 2154 3670 2348 3737; x_wconf 88' lang='lat' dir='ltr'><strong>Etiam,</strong></span> <span class='ocrx_word' id='word_1_777' title='bbox 2378 3670 2570 3741; x_wconf 90' lang='lat' dir='ltr'><strong>inquit,</strong></span> <span class='ocrx_word' id='word_1_778' title='bbox 2597 3670 2865 3742; x_wconf 89' lang='lat' dir='ltr'><strong>perfectus</strong></span> <span class='ocrx_word' id='word_1_779' title='bbox 2884 3683 3011 3729; x_wconf 89' lang='lat' dir='ltr'><strong>eset</strong></span> <span class='ocrx_word' id='word_1_780' title='bbox 3034 3675 3107 3728; x_wconf 90' lang='lat' dir='ltr'><strong>tui</strong></span> <span class='ocrx_word' id='word_1_781' title='bbox 3128 3674 3265 3745; x_wconf 91' lang='lat' dir='ltr'><strong>juris</strong></span> <span class='ocrx_word' id='word_1_782' title='bbox 3288 3694 3299 3739; x_wconf 91' lang='lat'><strong>;</strong></span> <span class='ocrx_word' id='word_1_783' title='bbox 3325 3679 3418 3736; x_wconf 90' lang='lat' dir='ltr'><strong>sed</strong></span> <span class='ocrx_word' id='word_1_784' title='bbox 3446 3695 3513 3741; x_wconf 84' lang='lat' dir='ltr'><strong>ne</strong></span> 
     </span>
    </p>
   </div>
   <div class='ocr_carea' id='block_1_99' title="bbox 1928 3763 3513 3840">
    <p class='ocr_par' dir='ltr' id='par_1_99' title="bbox 1928 3763 3513 3840">
     <span class='ocr_line' id='line_1_99' title="bbox 1928 3763 3513 3840; baseline 0.007 -21"><span class='ocrx_word' id='word_1_785' title='bbox 1928 3763 2055 3819; x_wconf 91' lang='lat' dir='ltr'><strong>illud</strong></span> <span class='ocrx_word' id='word_1_786' title='bbox 2086 3765 2367 3831; x_wconf 87' lang='lat' dir='ltr'><strong>attendas,</strong></span> <span class='ocrx_word' id='word_1_787' title='bbox 2399 3764 2495 3820; x_wconf 89' lang='lat' dir='ltr'><strong>sed</strong></span> <span class='ocrx_word' id='word_1_788' title='bbox 2526 3780 2650 3819; x_wconf 93' lang='lat' dir='ltr'><strong>num</strong></span> <span class='ocrx_word' id='word_1_789' title='bbox 2681 3766 2809 3821; x_wconf 91' lang='lat' dir='ltr'><strong>illud</strong></span> <span class='ocrx_word' id='word_1_790' title='bbox 2838 3766 3090 3823; x_wconf 88' lang='lat' dir='ltr'><strong>damnum</strong></span> <span class='ocrx_word' id='word_1_791' title='bbox 3120 3769 3340 3840; x_wconf 82' lang='lat' dir='ltr'><strong>ati‘crat,</strong></span> <span class='ocrx_word' id='word_1_792' title='bbox 3386 3789 3513 3830; x_wconf 87' lang='lat' dir='ltr'><strong>num</strong></span> 
     </span>
    </p>
   </div>
   <div class='ocr_carea' id='block_1_100' title="bbox 1926 3856 3515 3937">
    <p class='ocr_par' dir='ltr' id='par_1_100' title="bbox 1926 3856 3515 3937">
     <span class='ocr_line' id='line_1_100' title="bbox 1926 3856 3515 3937; baseline 0.005 -25"><span class='ocrx_word' id='word_1_793' title='bbox 1926 3856 2286 3912; x_wconf 90' lang='lat' dir='ltr'><strong>eversionem.</strong></span> <span class='ocrx_word' id='word_1_794' title='bbox 2309 3856 2440 3911; x_wconf 79' lang='lat' dir='ltr'><strong>Nam</strong></span> <span class='ocrx_word' id='word_1_795' title='bbox 2485 3865 2773 3927; x_wconf 91' lang='lat' dir='ltr'><strong>utrumque</strong></span> <span class='ocrx_word' id='word_1_796' title='bbox 2796 3858 2956 3924; x_wconf 86' lang='lat' dir='ltr'><strong>dixit,</strong></span> <span class='ocrx_word' id='word_1_797' title='bbox 2988 3859 3109 3916; x_wconf 82' lang='lat' dir='ltr'><strong>Non</strong></span> <span class='ocrx_word' id='word_1_798' title='bbox 3138 3865 3308 3917; x_wconf 88' lang='lat' dir='ltr'><strong>omnia</strong></span> <span class='ocrx_word' id='word_1_799' title='bbox 3335 3870 3515 3937; x_wconf 79' lang='lat' dir='ltr'><strong>confe-</strong></span> 
     </span>
    </p>
   </div>
   <div class='ocr_carea' id='block_1_101' title="bbox 1927 3948 3511 4023">
    <p class='ocr_par' dir='ltr' id='par_1_101' title="bbox 1927 3948 3511 4023">
     <span class='ocr_line' id='line_1_101' title="bbox 1927 3948 3511 4023; baseline 0.005 -19"><span class='ocrx_word' id='word_1_800' title='bbox 1927 3960 2064 4015; x_wconf 88' lang='lat' dir='ltr'><strong>runt,</strong></span> <span class='ocrx_word' id='word_1_801' title='bbox 2089 3966 2191 4003; x_wconf 91' lang='lat' dir='ltr'><strong>non</strong></span> <span class='ocrx_word' id='word_1_802' title='bbox 2221 3949 2392 4002; x_wconf 86' lang='lat' dir='ltr'><strong>omnia</strong></span> <span class='ocrx_word' id='word_1_803' title='bbox 2414 3948 2689 4015; x_wconf 73' lang='lat' dir='ltr'><strong>wdiﬁcant,</strong></span> <span class='ocrx_word' id='word_1_804' title='bbox 2721 3958 2775 4004; x_wconf 90' lang='lat' dir='ltr'><strong>et</strong></span> <span class='ocrx_word' id='word_1_805' title='bbox 2801 3948 2943 4004; x_wconf 90' lang='lat' dir='ltr'><strong>aliud</strong></span> <span class='ocrx_word' id='word_1_806' title='bbox 2986 3967 3081 4021; x_wconf 92' lang='lat' dir='ltr'><strong>pro</strong></span> <span class='ocrx_word' id='word_1_807' title='bbox 3104 3953 3283 4023; x_wconf 89' lang='lat' dir='ltr'><strong>seipso</strong></span> <span class='ocrx_word' id='word_1_808' title='bbox 3307 3997 3322 4021; x_wconf 88' lang='lat'><strong>,</strong></span> <span class='ocrx_word' id='word_1_809' title='bbox 3370 3955 3511 4012; x_wconf 86' lang='lat' dir='ltr'><strong>aliud</strong></span> 
     </span>
    </p>
   </div>
   <div class='ocr_carea' id='block_1_102' title="bbox 1928 4038 3513 4112">
    <p class='ocr_par' dir='ltr' id='par_1_102' title="bbox 1928 4038 3513 4112">
     <span class='ocr_line' id='line_1_102' title="bbox 1928 4038 3513 4112; baseline 0.004 -16"><span class='ocrx_word' id='word_1_810' title='bbox 1928 4057 2023 4111; x_wconf 87' lang='lat' dir='ltr'><strong>pro</strong></span> <span class='ocrx_word' id='word_1_811' title='bbox 2055 4042 2216 4097; x_wconf 85' lang='lat' dir='ltr'><strong>fratre</strong></span> <span class='ocrx_word' id='word_1_812' title='bbox 2241 4041 2437 4111; x_wconf 90' lang='lat' dir='ltr'><strong>posuit.</strong></span> <span class='ocrx_word' id='word_1_813' title='bbox 2468 4038 2600 4095; x_wconf 79' lang='lat' dir='ltr'><strong>Nam</strong></span> <span class='ocrx_word' id='word_1_814' title='bbox 2626 4038 2825 4106; x_wconf 89' lang='lat' dir='ltr'><strong>dicere,</strong></span> <span class='ocrx_word' id='word_1_815' title='bbox 2856 4038 2977 4094; x_wconf 89' lang='lat' dir='ltr'><strong>Non</strong></span> <span class='ocrx_word' id='word_1_816' title='bbox 3000 4043 3219 4112; x_wconf 73' lang='lat' dir='ltr'><strong>expedit,</strong></span> <span class='ocrx_word' id='word_1_817' title='bbox 3252 4053 3333 4100; x_wconf 89' lang='lat' dir='ltr'><strong>est</strong></span> <span class='ocrx_word' id='word_1_818' title='bbox 3363 4062 3513 4103; x_wconf 72' lang='lat' dir='ltr'><strong>suam</strong></span> 
     </span>
    </p>
   </div>
   <div class='ocr_carea' id='block_1_103' title="bbox 1927 4131 3510 4207">
    <p class='ocr_par' dir='ltr' id='par_1_103' title="bbox 1927 4131 3510 4207">
     <span class='ocr_line' id='line_1_103' title="bbox 1927 4131 3510 4207; baseline 0.004 -18"><span class='ocrx_word' id='word_1_819' title='bbox 1927 4133 2219 4205; x_wconf 89' lang='lat' dir='ltr'><strong>perniciem</strong></span> <span class='ocrx_word' id='word_1_820' title='bbox 2245 4131 2633 4188; x_wconf 88' lang='lat' dir='ltr'><strong>subindicantis</strong></span> <span class='ocrx_word' id='word_1_821' title='bbox 2662 4148 2676 4188; x_wconf 89' lang='lat'>:</span> <span class='ocrx_word' id='word_1_822' title='bbox 2702 4132 2882 4189; x_wconf 88' lang='lat' dir='ltr'><strong>dicere</strong></span> <span class='ocrx_word' id='word_1_823' title='bbox 2902 4144 3099 4199; x_wconf 81' lang='lat' dir='ltr'><strong>autem,</strong></span> <span class='ocrx_word' id='word_1_824' title='bbox 3124 4134 3243 4190; x_wconf 86' lang='lat' dir='ltr'><strong>Non</strong></span> <span class='ocrx_word' id='word_1_825' title='bbox 3264 4138 3510 4207; x_wconf 71' lang='lat' dir='ltr'><strong>wdiﬁoat,</strong></span> 
     </span>
    </p>
   </div>
   <div class='ocr_carea' id='block_1_104' title="bbox 1928 4225 3513 4298">
    <p class='ocr_par' dir='ltr' id='par_1_104' title="bbox 1928 4225 3513 4298">
     <span class='ocr_line' id='line_1_104' title="bbox 1928 4225 3513 4298; baseline 0.002 -15"><span class='ocrx_word' id='word_1_826' title='bbox 1928 4230 2106 4283; x_wconf 82' lang='lat' dir='ltr'><strong>fratris</strong></span> <span class='ocrx_word' id='word_1_827' title='bbox 2134 4226 2441 4282; x_wconf 89' lang='lat' dir='ltr'><strong>scandalum</strong></span> <span class='ocrx_word' id='word_1_828' title='bbox 2464 4225 2785 4281; x_wconf 75' lang='lat' dir='ltr'><strong>subintlicat.</strong></span> <span class='ocrx_word' id='word_1_829' title='bbox 2822 4226 2947 4280; x_wconf 86' lang='lat' dir='ltr'><strong>ldeo</strong></span> <span class='ocrx_word' id='word_1_830' title='bbox 2977 4227 3254 4298; x_wconf 82' lang='lat' dir='ltr'><strong>subjunxit</strong></span> <span class='ocrx_word' id='word_1_831' title='bbox 3283 4250 3296 4283; x_wconf 89' lang='lat'><em>:</em></span> <span class='ocrx_word' id='word_1_832' title='bbox 3348 4230 3513 4286; x_wconf 87' lang='lat' dir='ltr'><strong>Nemo</strong></span> 
     </span>
    </p>
   </div>
   <div class='ocr_carea' id='block_1_105' title="bbox 1925 4318 3513 4391">
    <p class='ocr_par' dir='ltr' id='par_1_105' title="bbox 1925 4318 3513 4391">
     <span class='ocr_line' id='line_1_105' title="bbox 1925 4318 3513 4391; baseline 0.004 -18"><span class='ocrx_word' id='word_1_833' title='bbox 1925 4321 2060 4391; x_wconf 85' lang='lat' dir='ltr'><strong>quod</strong></span> <span class='ocrx_word' id='word_1_834' title='bbox 2083 4336 2233 4373; x_wconf 75' lang='lat' dir='ltr'><strong>suum</strong></span> <span class='ocrx_word' id='word_1_835' title='bbox 2254 4329 2325 4373; x_wconf 85' lang='lat' dir='ltr'><strong>est</strong></span> <span class='ocrx_word' id='word_1_836' title='bbox 2345 4327 2570 4388; x_wconf 71' lang='lat' dir='ltr'><strong>qua’rat;</strong></span> <span class='ocrx_word' id='word_1_837' title='bbox 2595 4318 2734 4387; x_wconf 74' lang='lat' dir='ltr'><strong>quod</strong></span> <span class='ocrx_word' id='word_1_838' title='bbox 2764 4319 2958 4388; x_wconf 90' lang='lat' dir='ltr'><strong>ubique</strong></span> <span class='ocrx_word' id='word_1_839' title='bbox 2986 4329 3039 4373; x_wconf 90' lang='lat' dir='ltr'><strong>et</strong></span> <span class='ocrx_word' id='word_1_840' title='bbox 3071 4334 3165 4389; x_wconf 90' lang='lat' dir='ltr'><strong>per</strong></span> <span class='ocrx_word' id='word_1_841' title='bbox 3192 4330 3355 4376; x_wconf 86' lang='lat' dir='ltr'><strong>totam</strong></span> <span class='ocrx_word' id='word_1_842' title='bbox 3379 4339 3513 4380; x_wconf 90' lang='lat' dir='ltr'><strong>con-</strong></span> 
     </span>
    </p>
   </div>
   <div class='ocr_carea' id='block_1_106' title="bbox 1928 4409 3513 4480">
    <p class='ocr_par' dir='ltr' id='par_1_106' title="bbox 1928 4409 3513 4480">
     <span class='ocr_line' id='line_1_106' title="bbox 1928 4409 3513 4480; baseline 0.003 -14"><span class='ocrx_word' id='word_1_843' title='bbox 1928 4414 2103 4466; x_wconf 82' lang='lat' dir='ltr'><strong>firmat</strong></span> <span class='ocrx_word' id='word_1_844' title='bbox 2124 4409 2427 4480; x_wconf 86' lang='lat' dir='ltr'><strong>epistolam,</strong></span> <span class='ocrx_word' id='word_1_845' title='bbox 2456 4420 2509 4464; x_wconf 91' lang='lat' dir='ltr'><strong>et</strong></span> <span class='ocrx_word' id='word_1_846' title='bbox 2536 4409 2587 4463; x_wconf 91' lang='lat' dir='ltr'><strong>in</strong></span> <span class='ocrx_word' id='word_1_847' title='bbox 2620 4410 2856 4480; x_wconf 78' lang='lat' dir='ltr'><strong>Epistula</strong></span> <span class='ocrx_word' id='word_1_848' title='bbox 2878 4409 2943 4463; x_wconf 87' lang='lat' dir='ltr'><strong>ad</strong></span> <span class='ocrx_word' id='word_1_849' title='bbox 2971 4410 3246 4467; x_wconf 81' lang='lat' dir='ltr'><strong>Romanos</strong></span> <span class='ocrx_word' id='word_1_850' title='bbox 3274 4429 3397 4469; x_wconf 91' lang='lat' dir='ltr'><strong>cum</strong></span> <span class='ocrx_word' id='word_1_851' title='bbox 3427 4416 3513 4471; x_wconf 84' lang='lat' dir='ltr'><strong>tli—</strong></span> 
     </span>
    </p>
   </div>
   <div class='ocr_carea' id='block_1_107' title="bbox 1926 4500 3589 4579">
    <p class='ocr_par' dir='ltr' id='par_1_107' title="bbox 1926 4500 3589 4579">
     <span class='ocr_line' id='line_1_107' title="bbox 1926 4500 3589 4579; baseline 0.001 -19"><span class='ocrx_word' id='word_1_852' title='bbox 1926 4505 2033 4560; x_wconf 83' lang='lat' dir='ltr'><strong>cit:</strong></span> <span class='ocrx_word' id='word_1_853' title='bbox 2059 4502 2260 4557; x_wconf 84' lang='lat' dir='ltr'><strong>Etenim</strong></span> <span class='ocrx_word' id='word_1_854' title='bbox 2282 4500 2511 4557; x_wconf 80' lang='lat' dir='ltr'><strong>Christus</strong></span> <span class='ocrx_word' id='word_1_855' title='bbox 2532 4518 2631 4555; x_wconf 91' lang='lat' dir='ltr'><strong>non</strong></span> <span class='ocrx_word' id='word_1_856' title='bbox 2648 4502 2743 4555; x_wconf 81' lang='lat' dir='ltr'><strong>sibi</strong></span> <span class='ocrx_word' id='word_1_857' title='bbox 2768 4502 2869 4572; x_wconf 82' lang='lat' dir='ltr'><strong>ipsi</strong></span> <span class='ocrx_word' id='word_1_858' title='bbox 2885 4502 3074 4572; x_wconf 81' lang='lat' dir='ltr'><strong>placuit</strong></span> <span class='ocrx_word' id='word_1_859' title='bbox 3098 4502 3283 4575; x_wconf 84' lang='lat' dir='ltr'><strong>(Rom.</strong></span> <span class='ocrx_word' id='word_1_860' title='bbox 3316 4506 3401 4561; x_wconf 78' lang='grc'><strong>15.</strong></span> <span class='ocrx_word' id='word_1_861' title='bbox 3433 4508 3533 4579; x_wconf 55' lang='grc' dir='ltr'><strong>5)ι,</strong></span> <span class='ocrx_word' id='word_1_862' title='bbox 3578 4526 3589 4531; x_wconf 44' lang='grc' dir='ltr'><strong>λ</strong></span> 
     </span>
    </p>
   </div>
   <div class='ocr_carea' id='block_1_108' title="bbox 1926 4593 3537 4666">
    <p class='ocr_par' dir='ltr' id='par_1_108' title="bbox 1926 4593 3537 4666">
     <span class='ocr_line' id='line_1_108' title="bbox 1926 4593 3537 4666; baseline 0.002 -16"><span class='ocrx_word' id='word_1_863' title='bbox 1926 4606 1977 4650; x_wconf 88' lang='lat' dir='ltr'><strong>et</strong></span> <span class='ocrx_word' id='word_1_864' title='bbox 1997 4609 2229 4659; x_wconf 91' lang='lat' dir='ltr'><strong>rursum,</strong></span> <span class='ocrx_word' id='word_1_865' title='bbox 2257 4593 2403 4649; x_wconf 87' lang='lat' dir='ltr'><strong>Sicut</strong></span> <span class='ocrx_word' id='word_1_866' title='bbox 2432 4603 2477 4649; x_wconf 91' lang='lat' dir='ltr'><strong>et</strong></span> <span class='ocrx_word' id='word_1_867' title='bbox 2504 4610 2593 4664; x_wconf 87' lang='lat' dir='ltr'><strong>ego</strong></span> <span class='ocrx_word' id='word_1_868' title='bbox 2621 4611 2709 4664; x_wconf 88' lang='lat' dir='ltr'><strong>per</strong></span> <span class='ocrx_word' id='word_1_869' title='bbox 2734 4594 2906 4647; x_wconf 82' lang='lat' dir='ltr'><strong>omnia</strong></span> <span class='ocrx_word' id='word_1_870' title='bbox 2933 4594 3164 4649; x_wconf 86' lang='lat' dir='ltr'><strong>omnibus</strong></span> <span class='ocrx_word' id='word_1_871' title='bbox 3181 4596 3377 4666; x_wconf 79' lang='lat' dir='ltr'><strong>placeo,</strong></span> <span class='ocrx_word' id='word_1_872' title='bbox 3411 4616 3537 4653; x_wconf 80' lang='lat' dir='ltr'><strong>mm.</strong></span> 
     </span>
    </p>
   </div>
   <div class='ocr_carea' id='block_1_109' title="bbox 1924 4685 3515 4759">
    <p class='ocr_par' dir='ltr' id='par_1_109' title="bbox 1924 4685 3515 4759">
     <span class='ocr_line' id='line_1_109' title="bbox 1924 4685 3515 4759; baseline 0.004 -19"><span class='ocrx_word' id='word_1_873' title='bbox 1924 4703 2153 4755; x_wconf 61' lang='lat' dir='ltr'><strong>quarens</strong></span> <span class='ocrx_word' id='word_1_874' title='bbox 2168 4686 2604 4740; x_wconf 86' lang='lat' dir='ltr'><strong>meamutilitatem</strong></span> <span class='ocrx_word' id='word_1_875' title='bbox 2624 4686 2699 4759; x_wconf 89' lang='grc' dir='ltr'><strong>(ι.</strong></span> <span class='ocrx_word' id='word_1_876' title='bbox 2719 4686 2835 4741; x_wconf 84' lang='lat' dir='ltr'><strong>Cor.</strong></span> <span class='ocrx_word' id='word_1_877' title='bbox 2858 4685 2945 4743; x_wconf 73' lang='lat'><strong>10.</strong></span> <span class='ocrx_word' id='word_1_878' title='bbox 2965 4687 3079 4756; x_wconf 78' lang='lat'><strong>53);</strong></span> <span class='ocrx_word' id='word_1_879' title='bbox 3100 4698 3153 4743; x_wconf 89' lang='lat' dir='ltr'><strong>et</strong></span> <span class='ocrx_word' id='word_1_880' title='bbox 3173 4688 3257 4743; x_wconf 86' lang='lat' dir='ltr'><strong>hic</strong></span> <span class='ocrx_word' id='word_1_881' title='bbox 3275 4705 3515 4757; x_wconf 79' lang='lat' dir='ltr'><strong>rursum;</strong></span> 
     </span>
    </p>
   </div>
   <div class='ocr_carea' id='block_1_110' title="bbox 1928 4775 3558 4851">
    <p class='ocr_par' dir='ltr' id='par_1_110' title="bbox 1928 4775 3558 4851">
     <span class='ocr_line' id='line_1_110' title="bbox 1928 4775 3558 4851; baseline 0.003 -18"><span class='ocrx_word' id='word_1_882' title='bbox 1928 4794 2033 4834; x_wconf 90' lang='lat' dir='ltr'><strong>non</strong></span> <span class='ocrx_word' id='word_1_883' title='bbox 2064 4787 2242 4833; x_wconf 90' lang='lat' dir='ltr'><strong>tamen</strong></span> <span class='ocrx_word' id='word_1_884' title='bbox 2275 4777 2402 4832; x_wconf 92' lang='lat' dir='ltr'><strong>illud</strong></span> <span class='ocrx_word' id='word_1_885' title='bbox 2427 4775 2513 4832; x_wconf 90' lang='lat' dir='ltr'><strong>hic</strong></span> <span class='ocrx_word' id='word_1_886' title='bbox 2540 4778 2761 4833; x_wconf 79' lang='lat' dir='ltr'><strong>excutit.</strong></span> <span class='ocrx_word' id='word_1_887' title='bbox 2785 4778 2918 4845; x_wconf 88' lang='lat' dir='ltr'><strong>Quia</strong></span> <span class='ocrx_word' id='word_1_888' title='bbox 2942 4778 3084 4834; x_wconf 92' lang='lat' dir='ltr'><strong>enim</strong></span> <span class='ocrx_word' id='word_1_889' title='bbox 3106 4781 3361 4851; x_wconf 84' lang='lat' dir='ltr'><strong>superius.</strong></span> <span class='ocrx_word' id='word_1_890' title='bbox 3384 4781 3516 4839; x_wconf 89' lang='lat' dir='ltr'><strong>illud</strong></span> <span class='ocrx_word' id='word_1_891' title='bbox 3540 4802 3558 4816; x_wconf 70' lang='grc'><strong>-’</strong></span> 
     </span>
    </p>
   </div>
   <div class='ocr_carea' id='block_1_111' title="bbox 1928 4870 3514 4946">
    <p class='ocr_par' dir='ltr' id='par_1_111' title="bbox 1928 4870 3514 4946">
     <span class='ocr_line' id='line_1_111' title="bbox 1928 4870 3514 4946; baseline 0.004 -20"><span class='ocrx_word' id='word_1_892' title='bbox 1928 4870 2168 4943; x_wconf 89' lang='lat' dir='ltr'><strong>pluribus</strong></span> <span class='ocrx_word' id='word_1_893' title='bbox 2191 4870 2575 4941; x_wconf 89' lang='lat' dir='ltr'><strong>probaveratet</strong></span> <span class='ocrx_word' id='word_1_894' title='bbox 2592 4871 3074 4937; x_wconf 69' lang='lat' dir='ltr'><strong>demonstraverat,</strong></span> <span class='ocrx_word' id='word_1_895' title='bbox 3091 4872 3232 4942; x_wconf 90' lang='lat' dir='ltr'><strong>quod</strong></span> <span class='ocrx_word' id='word_1_896' title='bbox 3249 4889 3514 4946; x_wconf 85' lang='lat' dir='ltr'><strong>nusquam</strong></span> 
     </span>
    </p>
   </div>
   <div class='ocr_carea' id='block_1_112' title="bbox 1925 4962 3517 5036">
    <p class='ocr_par' dir='ltr' id='par_1_112' title="bbox 1925 4962 3517 5036">
     <span class='ocr_line' id='line_1_112' title="bbox 1925 4962 3517 5036; baseline 0.001 -16"><span class='ocrx_word' id='word_1_897' title='bbox 1925 4980 1988 5021; x_wconf 87' lang='lat' dir='ltr'><strong>ea</strong></span> <span class='ocrx_word' id='word_1_898' title='bbox 2016 4980 2135 5036; x_wconf 82' lang='lat' dir='ltr'><strong>quae</strong></span> <span class='ocrx_word' id='word_1_899' title='bbox 2165 4978 2261 5019; x_wconf 89' lang='lat' dir='ltr'><strong>sua</strong></span> <span class='ocrx_word' id='word_1_900' title='bbox 2287 4971 2412 5019; x_wconf 87' lang='lat' dir='ltr'><strong>sunt</strong></span> <span class='ocrx_word' id='word_1_901' title='bbox 2438 4971 2643 5034; x_wconf 77' lang='lat' dir='ltr'><strong>qmerat</strong></span> <span class='ocrx_word' id='word_1_902' title='bbox 2665 5005 2681 5030; x_wconf 92' lang='lat'><strong>,</strong></span> <span class='ocrx_word' id='word_1_903' title='bbox 2709 4962 2807 5017; x_wconf 87' lang='lat' dir='ltr'><strong>sed</strong></span> <span class='ocrx_word' id='word_1_904' title='bbox 2841 4962 3212 5031; x_wconf 77' lang='lat' dir='ltr'><strong>qued-Judaeis</strong></span> <span class='ocrx_word' id='word_1_905' title='bbox 3243 4973 3517 5036; x_wconf 88' lang='lat' dir='ltr'><strong>tamquam</strong></span> 
     </span>
    </p>
   </div>
   <div class='ocr_carea' id='block_1_113' title="bbox 1925 5053 3528 5127">
    <p class='ocr_par' dir='ltr' id='par_1_113' title="bbox 1925 5053 3528 5127">
     <span class='ocr_line' id='line_1_113' title="bbox 1925 5053 3528 5127; baseline -0.001 -15"><span class='ocrx_word' id='word_1_906' title='bbox 1925 5055 2143 5112; x_wconf 67' lang='lat' dir='ltr'><strong>Iudaeus</strong></span> <span class='ocrx_word' id='word_1_907' title='bbox 2163 5055 2338 5111; x_wconf 89' lang='lat' dir='ltr'><strong>factus</strong></span> <span class='ocrx_word' id='word_1_908' title='bbox 2353 5056 2443 5120; x_wconf 91' lang='lat' dir='ltr'><strong>sit,</strong></span> <span class='ocrx_word' id='word_1_909' title='bbox 2466 5063 2521 5110; x_wconf 90' lang='lat' dir='ltr'><strong>et</strong></span> <span class='ocrx_word' id='word_1_910' title='bbox 2556 5053 2663 5109; x_wconf 92' lang='lat' dir='ltr'><strong>illis</strong></span> <span class='ocrx_word' id='word_1_911' title='bbox 2689 5053 2777 5124; x_wconf 90' lang='lat' dir='ltr'><strong>qui</strong></span> <span class='ocrx_word' id='word_1_912' title='bbox 2806 5061 2943 5108; x_wconf 80' lang='lat' dir='ltr'><strong>sunt.</strong></span> <span class='ocrx_word' id='word_1_913' title='bbox 2961 5054 3075 5108; x_wconf 91' lang='lat' dir='ltr'><strong>sine</strong></span> <span class='ocrx_word' id='word_1_914' title='bbox 3097 5055 3211 5124; x_wconf 86' lang='lat' dir='ltr'><strong>lege</strong></span> <span class='ocrx_word' id='word_1_915' title='bbox 3243 5063 3528 5127; x_wconf 74' lang='lat' dir='ltr'><strong>tamquam</strong></span> 
     </span>
    </p>
   </div>
   <div class='ocr_carea' id='block_1_114' title="bbox 1926 5148 3522 5220">
    <p class='ocr_par' dir='ltr' id='par_1_114' title="bbox 1926 5148 3522 5220">
     <span class='ocr_line' id='line_1_114' title="bbox 1926 5148 3522 5220; baseline 0.001 -14"><span class='ocrx_word' id='word_1_916' title='bbox 1926 5151 2043 5206; x_wconf 88' lang='lat' dir='ltr'><strong>sine</strong></span> <span class='ocrx_word' id='word_1_917' title='bbox 2071 5151 2208 5220; x_wconf 85' lang='lat' dir='ltr'><strong>lege,</strong></span> <span class='ocrx_word' id='word_1_918' title='bbox 2239 5158 2294 5205; x_wconf 90' lang='lat' dir='ltr'><strong>et</strong></span> <span class='ocrx_word' id='word_1_919' title='bbox 2319 5148 2460 5220; x_wconf 90' lang='lat' dir='ltr'><strong>quod</strong></span> <span class='ocrx_word' id='word_1_920' title='bbox 2491 5148 2738 5204; x_wconf 87' lang='lat' dir='ltr'><strong>libertate</strong></span> <span class='ocrx_word' id='word_1_921' title='bbox 2769 5154 3141 5217; x_wconf 81' lang='lat' dir='ltr'><strong>patestateque</strong></span> <span class='ocrx_word' id='word_1_922' title='bbox 3162 5164 3257 5203; x_wconf 89' lang='lat' dir='ltr'><strong>sua</strong></span> <span class='ocrx_word' id='word_1_923' title='bbox 3298 5164 3406 5205; x_wconf 89' lang='lat' dir='ltr'><strong>non</strong></span> <span class='ocrx_word' id='word_1_924' title='bbox 3437 5158 3522 5207; x_wconf 52' lang='lat' dir='ltr'><strong>te.</strong></span> 
     </span>
    </p>
   </div>
   <div class='ocr_carea' id='block_1_115' title="bbox 1926 5240 3517 5311">
    <p class='ocr_par' dir='ltr' id='par_1_115' title="bbox 1926 5240 3517 5311">
     <span class='ocr_line' id='line_1_115' title="bbox 1926 5240 3517 5311; baseline 0.001 -13"><span class='ocrx_word' id='word_1_925' title='bbox 1926 5259 2074 5299; x_wconf 78' lang='lat' dir='ltr'><strong>more</strong></span> <span class='ocrx_word' id='word_1_926' title='bbox 2094 5245 2163 5298; x_wconf 91' lang='lat' dir='ltr'><strong>sit</strong></span> <span class='ocrx_word' id='word_1_927' title='bbox 2186 5259 2334 5310; x_wconf 91' lang='lat' dir='ltr'><strong>usus,</strong></span> <span class='ocrx_word' id='word_1_928' title='bbox 2358 5243 2450 5299; x_wconf 88' lang='lat' dir='ltr'><strong>sed</strong></span> <span class='ocrx_word' id='word_1_929' title='bbox 2467 5241 2531 5295; x_wconf 88' lang='lat' dir='ltr'><strong>ad</strong></span> <span class='ocrx_word' id='word_1_930' title='bbox 2557 5241 2609 5297; x_wconf 87' lang='lat' dir='ltr'><strong>id</strong></span> <span class='ocrx_word' id='word_1_931' title='bbox 2630 5241 2773 5311; x_wconf 87' lang='lat' dir='ltr'><strong>quod</strong></span> <span class='ocrx_word' id='word_1_932' title='bbox 2794 5240 3042 5295; x_wconf 86' lang='lat' dir='ltr'><strong>munibus</strong></span> <span class='ocrx_word' id='word_1_933' title='bbox 3064 5241 3194 5297; x_wconf 81' lang='lat' dir='ltr'><strong>utile</strong></span> <span class='ocrx_word' id='word_1_934' title='bbox 3213 5251 3376 5308; x_wconf 88' lang='lat' dir='ltr'><strong>esset,</strong></span> <span class='ocrx_word' id='word_1_935' title='bbox 3397 5258 3517 5301; x_wconf 86' lang='lat' dir='ltr'><strong>ser-</strong></span> 
     </span>
    </p>
   </div>
   <div class='ocr_carea' id='block_1_116' title="bbox 1925 5333 3525 5407">
    <p class='ocr_par' dir='ltr' id='par_1_116' title="bbox 1925 5333 3525 5407">
     <span class='ocr_line' id='line_1_116' title="bbox 1925 5333 3525 5407; baseline -0.001 -14"><span class='ocrx_word' id='word_1_936' title='bbox 1925 5343 2077 5394; x_wconf 90' lang='lat' dir='ltr'><strong>viens</strong></span> <span class='ocrx_word' id='word_1_937' title='bbox 2092 5339 2370 5403; x_wconf 89' lang='lat' dir='ltr'><strong>omnibus;</strong></span> <span class='ocrx_word' id='word_1_938' title='bbox 2394 5337 2575 5407; x_wconf 85' lang='lat' dir='ltr'><strong>paucis</strong></span> <span class='ocrx_word' id='word_1_939' title='bbox 2596 5344 2882 5391; x_wconf 89' lang='lat' dir='ltr'><strong>contentus</strong></span> <span class='ocrx_word' id='word_1_940' title='bbox 2907 5333 3203 5391; x_wconf 90' lang='lat' dir='ltr'><strong>verbisbue</strong></span> <span class='ocrx_word' id='word_1_941' title='bbox 3223 5334 3402 5399; x_wconf 85' lang='lat' dir='ltr'><strong>desiit,</strong></span> <span class='ocrx_word' id='word_1_942' title='bbox 3423 5351 3525 5406; x_wconf 61' lang='lat' dir='ltr'><strong>per:</strong></span> 
     </span>
    </p>
   </div>
   <div class='ocr_carea' id='block_1_117' title="bbox 1928 5428 3519 5501">
    <p class='ocr_par' dir='ltr' id='par_1_117' title="bbox 1928 5428 3519 5501">
     <span class='ocr_line' id='line_1_117' title="bbox 1928 5428 3519 5501; baseline -0.001 -15"><span class='ocrx_word' id='word_1_943' title='bbox 1928 5432 2042 5487; x_wconf 68' lang='lat' dir='ltr'><strong>hinc</strong></span> <span class='ocrx_word' id='word_1_944' title='bbox 2054 5446 2221 5501; x_wconf 86' lang='lat' dir='ltr'><strong>pauca</strong></span> <span class='ocrx_word' id='word_1_945' title='bbox 2241 5430 2344 5485; x_wconf 91' lang='lat' dir='ltr'><strong>illis</strong></span> <span class='ocrx_word' id='word_1_946' title='bbox 2364 5430 2417 5483; x_wconf 92' lang='lat' dir='ltr'><strong>in</strong></span> <span class='ocrx_word' id='word_1_947' title='bbox 2437 5428 2751 5483; x_wconf 89' lang='lat' dir='ltr'><strong>memoriam</strong></span> <span class='ocrx_word' id='word_1_948' title='bbox 2772 5442 3029 5482; x_wconf 90' lang='lat' dir='ltr'><strong>revocans</strong></span> <span class='ocrx_word' id='word_1_949' title='bbox 3046 5428 3224 5482; x_wconf 89' lang='lat' dir='ltr'><strong>omnia</strong></span> <span class='ocrx_word' id='word_1_950' title='bbox 3238 5443 3358 5497; x_wconf 73' lang='lat' dir='ltr'><strong>ane</strong></span> <span class='ocrx_word' id='word_1_951' title='bbox 3375 5428 3519 5484; x_wconf 88' lang='lat' dir='ltr'><strong>dicta</strong></span> 
     </span>
    </p>
   </div>
   <div class='ocr_carea' id='block_1_118' title="bbox 1926 5519 3522 5595">
    <p class='ocr_par' dir='ltr' id='par_1_118' title="bbox 1926 5519 3522 5595">
     <span class='ocr_line' id='line_1_118' title="bbox 1926 5519 3522 5595; baseline -0.005 -15"><span class='ocrx_word' id='word_1_952' title='bbox 1926 5534 2068 5581; x_wconf 90' lang='lat' dir='ltr'><strong>sunt.</strong></span> <span class='ocrx_word' id='word_1_953' title='bbox 2086 5525 2213 5581; x_wconf 58' lang='lat' dir='ltr'><strong>Haec</strong></span> <span class='ocrx_word' id='word_1_954' title='bbox 2229 5538 2358 5595; x_wconf 90' lang='lat' dir='ltr'><strong>ergo</strong></span> <span class='ocrx_word' id='word_1_955' title='bbox 2372 5538 2468 5578; x_wconf 90' lang='lat' dir='ltr'><strong>nos</strong></span> <span class='ocrx_word' id='word_1_956' title='bbox 2485 5537 2696 5593; x_wconf 89' lang='lat' dir='ltr'><strong>quoque</strong></span> <span class='ocrx_word' id='word_1_957' title='bbox 2712 5536 2834 5576; x_wconf 90' lang='lat' dir='ltr'><strong>cum</strong></span> <span class='ocrx_word' id='word_1_958' title='bbox 2850 5521 3104 5587; x_wconf 87' lang='lat' dir='ltr'><strong>sciamus,</strong></span> <span class='ocrx_word' id='word_1_959' title='bbox 3121 5519 3322 5585; x_wconf 90' lang='lat' dir='ltr'><strong>dilecti,</strong></span> <span class='ocrx_word' id='word_1_960' title='bbox 3343 5519 3522 5573; x_wconf 85' lang='lat' dir='ltr'><strong>fratri-</strong></span> 
     </span>
    </p>
   </div>
   <div class='ocr_carea' id='block_1_119' title="bbox 1927 5610 3515 5689">
    <p class='ocr_par' dir='ltr' id='par_1_119' title="bbox 1927 5610 3515 5689">
     <span class='ocr_line' id='line_1_119' title="bbox 1927 5610 3515 5689; baseline -0.006 -14"><span class='ocrx_word' id='word_1_961' title='bbox 1927 5621 2025 5675; x_wconf 89' lang='lat' dir='ltr'><strong>bus</strong></span> <span class='ocrx_word' id='word_1_962' title='bbox 2053 5616 2463 5689; x_wconf 83' lang='lat' dir='ltr'><strong>pr05piciamus,</strong></span> <span class='ocrx_word' id='word_1_963' title='bbox 2487 5614 2820 5670; x_wconf 88' lang='lat' dir='ltr'><strong>et-uuitatem</strong></span> <span class='ocrx_word' id='word_1_964' title='bbox 2847 5628 2968 5667; x_wconf 91' lang='lat' dir='ltr'><strong>cum</strong></span> <span class='ocrx_word' id='word_1_965' title='bbox 2998 5612 3101 5667; x_wconf 92' lang='lat' dir='ltr'><strong>illls</strong></span> <span class='ocrx_word' id='word_1_966' title='bbox 3121 5626 3422 5666; x_wconf 89' lang='lat' dir='ltr'><strong>servemus.</strong></span> <span class='ocrx_word' id='word_1_967' title='bbox 3458 5610 3515 5665; x_wconf 91' lang='lat' dir='ltr'><strong>ln</strong></span> 
     </span>
    </p>
   </div>
   <div class='ocr_carea' id='block_1_120' title="bbox 1927 5701 3521 5766">
    <p class='ocr_par' dir='ltr' id='par_1_120' title="bbox 1927 5701 3521 5766">
     <span class='ocr_line' id='line_1_120' title="bbox 1927 5701 3521 5766; baseline -0.006 0"><span class='ocrx_word' id='word_1_968' title='bbox 1927 5711 2030 5766; x_wconf 90' lang='lat' dir='ltr'><strong>hoc</strong></span> <span class='ocrx_word' id='word_1_969' title='bbox 2063 5710 2205 5766; x_wconf 89' lang='lat' dir='ltr'><strong>enim</strong></span> <span class='ocrx_word' id='word_1_970' title='bbox 2231 5724 2330 5764; x_wconf 83' lang='lat' dir='ltr'><strong>nos</strong></span> <span class='ocrx_word' id='word_1_971' title='bbox 2360 5706 2561 5763; x_wconf 83' lang='lat' dir='ltr'><strong>inducit</strong></span> <span class='ocrx_word' id='word_1_972' title='bbox 2595 5704 2916 5760; x_wconf 86' lang='lat' dir='ltr'><strong>sacrificium</strong></span> <span class='ocrx_word' id='word_1_973' title='bbox 2949 5703 3078 5759; x_wconf 88' lang='lat' dir='ltr'><strong>illud</strong></span> <span class='ocrx_word' id='word_1_974' title='bbox 3108 5701 3439 5758; x_wconf 87' lang='lat' dir='ltr'><strong>horrendum</strong></span> <span class='ocrx_word' id='word_1_975' title='bbox 3463 5711 3521 5757; x_wconf 89' lang='lat' dir='ltr'><strong>et</strong></span> 
     </span>
    </p>
   </div>
   <div class='ocr_carea' id='block_1_121' title="bbox 1922 5793 3523 5874">
    <p class='ocr_par' dir='ltr' id='par_1_121' title="bbox 1922 5793 3523 5874">
     <span class='ocr_line' id='line_1_121' title="bbox 1922 5793 3523 5874; baseline -0.006 -10"><span class='ocrx_word' id='word_1_976' title='bbox 1922 5804 2255 5872; x_wconf 80' lang='lat' dir='ltr'><strong>tremendum</strong></span> <span class='ocrx_word' id='word_1_977' title='bbox 2265 5845 2281 5874; x_wconf 95' lang='lat'><strong>,</strong></span> <span class='ocrx_word' id='word_1_978' title='bbox 2307 5801 2500 5873; x_wconf 84' lang='lat' dir='ltr'><strong>jubens</strong></span> <span class='ocrx_word' id='word_1_979' title='bbox 2516 5815 2613 5858; x_wconf 79' lang='lat' dir='ltr'><strong>nos</strong></span> <span class='ocrx_word' id='word_1_980' title='bbox 2627 5815 2748 5855; x_wconf 89' lang='lat' dir='ltr'><strong>cum</strong></span> <span class='ocrx_word' id='word_1_981' title='bbox 2763 5796 3051 5856; x_wconf 78' lang='lat' dir='ltr'><strong>concordia</strong></span> <span class='ocrx_word' id='word_1_982' title='bbox 3067 5795 3306 5853; x_wconf 76' lang='lat' dir='ltr'><strong>maxime</strong></span> <span class='ocrx_word' id='word_1_983' title='bbox 3324 5793 3415 5855; x_wconf 80' lang='lat' dir='ltr'><strong>illo</strong></span> <span class='ocrx_word' id='word_1_984' title='bbox 3428 5808 3523 5855; x_wconf 49' lang='lat' dir='ltr'><strong>an.</strong></span> 
     </span>
    </p>
   </div>
  </div>
