3962 6414
498 305 604 361 203

499 423 693 478 rodere
717 428 772 478 et
795 433 920 477 eum
946 413 1168 475 caritate
1207 410 1465 477 ferventi,
1495 417 1548 465 et
1577 405 1699 462 inde
1723 402 1928 476 aquilas
1965 399 2096 456 elle-

500 526 637 579 ctos,
665 514 735 569 ita
763 511 831 568 ad
863 511 1037 582 ipsum
1065 505 1318 562 advolare
1342 503 1553 558 czelum.
1583 497 1682 554 ωε
1702 497 1843 552 enim
1874 494 1978 550 erit
2006 509 2093 545 ca-

499 607 671 673 daver,
703 603 875 675 inquit
895 643 912 667 ,
957 601 1026 655 ibi
1052 608 1099 654 et
1123 596 1311 668 aquilae
1337 592 1552 667 (Matth.
1580 591 1672 646 21.
1705 589 1832 660 9.8);
1864 585 2092 641 cadaver

497 711 695 766 corpus
722 703 991 751 mortuum
1025 703 1241 744 vocans.
1286 686 1398 742 Nisi
1438 685 1581 740 enim
1631 682 1721 738 ille
1767 678 2090 744 cecidisset,

499 779 600 844 nos
664 803 770 842 non
833 780 1344 839 resurresisscmns.
1404 775 1626 847 Aquilas
1683 781 1862 827 autem
1917 778 2072 824 vocat

499 879 790 936 ostendens
818 874 1104 929 sublimem
1132 885 1255 928 esse
1284 879 1537 940 Oportere
1575 866 1724 921 illum
1772 863 1862 935 qui
1892 861 1958 916 ad
1989 863 2090 916 hoc

499 987 691 1041 corpus
717 966 952 1032 accedit,
983 973 1039 1020 et
1068 963 1198 1019 nihil
1230 977 1353 1018 eum
1382 969 1522 1016 terra
1552 971 1838 1014 commune
1867 954 2083 1019 habere,

497 1077 671 1133 neque
700 1061 956 1117 deorsum
981 1057 1122 1113 trahi
1155 1071 1220 1111 ac
1242 1068 1481 1124 serpere,
1510 1051 1604 1121 sed
1631 1049 1846 1106 assidue
1875 1063 2089 1118 semper

495 1169 709 1210 sursum
741 1151 964 1216 volare,
1005 1158 1062 1205 et
1102 1149 1170 1204 ad
1197 1148 1368 1204 solem
1411 1144 1636 1215 justitiat
1676 1142 1946 1212 respicere
1971 1181 1985 1206 ,
2033 1149 2087 1194 et

495 1247 690 1304 mentis
715 1245 930 1302 oculum
958 1252 1175 1299 acutum
1203 1241 1401 1298 habere
1423 1257 1437 1295 :
1456 1237 1753 1309 aquilarum
1781 1235 1948 1301 enim,
1980 1248 2087 1290 non

490 1340 830 1409 graculorum
863 1337 978 1392 haec
1011 1344 1093 1394 est
1123 1349 1332 1391 tueusa.
1380 1332 1486 1402 Ipsi
1521 1342 1647 1386 tune
1675 1338 1962 1385 occurrent
1991 1327 2086 1382 de-

495 1431 769 1490 scendenti
798 1428 870 1486 de
896 1427 1068 1494 caelis,
1097 1426 1188 1498 qui
1215 1439 1356 1480 nunc
1384 1423 1544 1496 digne
1560 1420 1895 1494 percipiant,
1913 1428 1971 1475 ut
1994 1418 2085 1489 qui

496 1523 710 1598 Indigne
733 1532 977 1578 extrema.
1003 1519 1286 1589 patientur.

577 1615 633 1670 4.
675 1611 920 1684 Corporis
952 1609 1140 1666 Christi
1172 1608 1418 1663 sanctitas
1455 1615 1502 1662 et
1544 1606 1722 1662 virtus.
1751 1635 1821 1645 ——
1845 1603 1902 1661 Si
1943 1603 2084 1658 enim

495 1724 669 1779 regem
719 1706 842 1778 quis
888 1718 994 1760 non
1026 1712 1315 1772 utcumque
1373 1713 1476 1757 nec
1525 1698 1885 1770 perfunctorie
1928 1711 2084 1752 acce-

495 1802 630 1872 perit
659 1818 672 1855 :
715 1798 841 1870 quid
873 1812 1054 1867 regem
1083 1794 1254 1850 dico?
1285 1807 1354 1849 ne
1385 1802 1589 1848 vestem
1627 1789 1845 1862 quidem
1881 1787 2083 1858 regiam

495 1892 616 1962 quis
655 1888 878 1961 impuris
918 1886 1168 1943 manibus
1215 1884 1484 1956 tetigerit,
1528 1881 1744 1939 etiamsi
1798 1881 1851 1936 in
1891 1879 2081 1934 solitu-

488 1984 616 2038 dine
660 1982 760 2046 sit,
804 1977 1016 2036 etiamsi
1063 1977 1213 2032 solus
1265 1985 1321 2030 et
1373 1989 1535 2031 nemo
1586 1973 1773 2029 adsit:
1826 1971 1970 2041 atqui
1998 1971 2081 2026 ni—

492 2075 563 2128 hil
610 2071 761 2128 aliud
799 2080 882 2126 est
913 2070 1084 2126 vestis
1103 2082 1264 2139 quam
1290 2076 1500 2122 stamen
1543 2064 1829 2120 vermium.
1864 2061 1920 2118 Si
1954 2076 2083 2117 vero

491 2167 776 2220 tiueturam
802 2160 1042 2227 miraris,
1071 2168 1126 2216 et
1153 2159 1268 2231 ipsa
1295 2171 1513 2230 quoque
1537 2156 1734 2212 mortui
1758 2155 1919 2226 piscis
1957 2170 2084 2211 san-

491 2257 609 2325 guis
645 2263 775 2322 est;
821 2268 982 2309 nemo
1027 2261 1205 2308 tamen
1265 2262 1433 2306 ausus
1485 2248 1648 2305 fuerit
1687 2248 1832 2304 illaut
1901 2247 2079 2304 sordi-

491 2351 572 2408 dis
604 2358 942 2406 contrectare
977 2345 1246 2402 manibus.
1279 2344 1338 2401 Si
1379 2352 1560 2398 autem
1598 2343 1890 2398 humanum
1919 2338 2083 2396 vesti-

489 2452 726 2499 mentum
748 2453 908 2496 nemo
932 2453 1094 2494 ausus
1113 2436 1276 2492 fuerit
1300 2444 1501 2492 temere
1529 2443 1780 2505 tangere;
1809 2431 2082 2504 quomodo

488 2549 683 2608 corpus
734 2533 1108 2590 universorum
1153 2530 1244 2586 Dei
1301 2527 1699 2586 immaculatum
1744 2535 1802 2584 et
1849 2541 2078 2598 parum,

488 2629 626 2701 quod
677 2643 803 2684 eum
839 2624 1020 2682 divina
1065 2624 1156 2680 illa
1224 2632 1411 2678 natura
1466 2631 1739 2678 versatum
1798 2629 1920 2686 est,
1982 2633 2082 2690 per

487 2720 625 2792 quod
643 2733 836 2776 sumus
854 2725 908 2774 et
935 2717 1187 2784 vivims,
1209 2729 1304 2786 per
1326 2711 1470 2785 quod
1495 2721 1668 2786 portis
1689 2713 1876 2768 mortis
1898 2711 2080 2768 fractas

483 2821 613 2870 sunt
638 2822 692 2866 et
714 2809 950 2866 fornices
974 2807 1089 2863 celi
1129 2805 1302 2877 aperti
1331 2811 1494 2872 sunt,
1523 2818 1648 2860 cum
1699 2811 1844 2859 tanta
1887 2810 2079 2859 contu-

485 2905 644 2960 melia
663 2899 1026 2971 accipiemus?
1045 2896 1144 2965 Ne,
1166 2909 1370 2967 quaeso,
1398 2909 1467 2950 ne
1487 2908 1585 2951 nos
1607 2894 1756 2964 ipsos
1773 2892 2080 2964 jugulemus

489 3013 586 3069 per
616 2993 1003 3066 impudentiam
1031 3007 1050 3058 ;
1080 2989 1176 3046 sed
1207 3003 1330 3044 eum
1351 2986 1575 3042 horrore
1598 2995 1653 3042 et
1683 2985 1912 3055 puritate
1932 2985 2080 3040 omni

485 3089 552 3146 ad
579 3090 751 3161 ipsum
779 3085 1098 3141 accedamus
1123 3097 1143 3147 ;
1179 3088 1238 3138 et
1261 3094 1382 3136 eum
1410 3078 1584 3149 ipsum
1609 3076 1810 3133 videris
1833 3075 2081 3148 proposi-

487 3194 622 3250 tum,
652 3180 746 3236 tibi
774 3179 874 3254 ipsi
903 3177 990 3232 dic
1019 3193 1034 3231 :
1063 3175 1289 3245 Propter
1318 3172 1421 3228 hoe
1444 3186 1639 3242 corpus
1668 3186 1779 3227 non
1822 3185 1944 3226 sum
1980 3184 2082 3242 ego

487 3273 719 3345 amplius
744 3281 885 3327 terra
914 3278 969 3325 et
991 3267 1150 3333 cinis,
1173 3281 1280 3321 non
1311 3263 1451 3320 ultra
1479 3263 1740 3334 captivus,
1782 3262 1876 3318 sed
1899 3260 2034 3318 liber
2063 3279 2078 3317 :

490 3365 613 3424 ideo
636 3363 799 3419 eteius
824 3373 986 3433 spero
1015 3367 1072 3415 et
1117 3357 1260 3413 bona
1289 3356 1400 3412 illic
1436 3354 1671 3426 reposita
1714 3369 1802 3410 me
1829 3362 2078 3424 acceptu-

486 3474 604 3516 rum
623 3470 766 3524 esse,
791 3451 1154 3510 immortalem
1173 3449 1360 3516 vitam,
1382 3447 1694 3518 angelorum
1714 3454 1936 3512 sortem,
1958 3461 2080 3502 cum

486 3547 705 3604 Christo
729 3543 1176 3603 consuetudinem
1205 3559 1221 3597 :
1245 3539 1348 3596 hoc
1370 3555 1567 3610 corpus
1591 3539 1758 3595 clavis
1781 3538 2078 3606 confixum,

490 3641 675 3713 ﬂagris
690 3652 911 3702 casum,
943 3649 1088 3692 mors
1110 3648 1222 3690 non
1259 3632 1408 3698 tulit,
1463 3631 1567 3688 hoc
1607 3646 1802 3702 corpus
1843 3632 1925 3687 sol
1958 3645 2079 3687 cum

490 3732 806 3791 cruciﬁxum
836 3729 1067 3796 videret,
1098 3725 1280 3782 radios
1312 3723 1509 3781 avertit
1535 3741 1551 3777 :
1579 3722 1699 3780 ideo
1730 3732 1858 3778 tunc
1900 3723 2078 3778 velum

486 3825 714 3880 scissum
745 3830 848 3889 est,
872 3829 1040 3891 petrae
1058 3826 1228 3889 ruptre
1250 3824 1395 3884 sunt,
1429 3824 1484 3872 et
1504 3816 1754 3874 universa
1784 3824 1925 3871 terra
1946 3829 2078 3870 con-

483 3917 781 3975 cutiebatur
811 3931 827 3968 :
876 3913 980 3968 hoc
1025 3919 1112 3969 est
1135 3909 1269 3966 illud
1297 3923 1494 3980 corpus
1517 3950 1533 3976 ,
1566 3907 1712 3979 quod
1739 3917 2077 3966 cruentatum

485 4014 601 4079 fuit,
625 4012 807 4068 lancea
836 4005 1139 4080 perfossum
1164 4045 1180 4071 ,
1215 4002 1360 4075 quod
1388 4002 1651 4064 salutares
1679 4001 1856 4058 fontes
1896 4010 2078 4057 scatu-

485 4107 612 4163 rivit
630 4104 745 4160 orbi
769 4143 786 4169 ,
817 4101 980 4159 alium
1007 4097 1303 4170 sanguinis,
1332 4096 1495 4151 alium
1520 4110 1694 4166 aqum.
1717 4093 1812 4149 Vis
1865 4093 2081 4150 aliunde

484 4200 610 4270 ejus
630 4197 744 4252 vim
764 4195 974 4250 discere
987 4191 1016 4246 ἳ-
1033 4190 1302 4260 interroga
1329 4187 1606 4244 mulierem
1630 4185 1904 4256 sanguinis
1932 4184 2079 4240 ﬂuxu

486 4293 851 4353 laborantem,
869 4299 989 4357 qua:
1017 4298 1122 4337 non
1157 4282 1356 4352 ipsum,
1402 4278 1498 4335 sed
1523 4279 1640 4349 ejus
1672 4279 2075 4344 vestimentum,

486 4387 600 4442 imo
625 4399 733 4440 non
764 4389 956 4445 totum,
987 4375 1083 4434 sed
1111 4375 1376 4432 fimbriam
1402 4373 1608 4444 tetigit:
1635 4372 1902 4443 interroga
1931 4387 2080 4427 mare

484 4475 634 4549 quod
654 4474 818 4532 dorso
842 4485 944 4527 suo
973 4470 1152 4540 ipsum
1177 4466 1409 4537 gestavit
1440 4483 1453 4519 :
1486 4465 1757 4533 interroga
1800 4473 1858 4520 et
1904 4462 2080 4534 ipsum

485 4569 779 4633 diabolum,
808 4573 864 4620 et
899 4562 990 4622 die
1019 4579 1036 4621 ξ
1069 4559 1219 4618 Unde
1258 4557 1426 4613 babes
1458 4557 1665 4627 plagam
1698 4556 1842 4610 illam
1869 4557 2081 4624 insana-

487 4661 648 4716 bilem
672 4657 696 4711 ?
722 4654 862 4710 unde
893 4652 952 4708 ﬁt
977 4659 1036 4706 ut
1064 4648 1195 4704 nihil
1222 4649 1338 4720 jam
1365 4648 1537 4720 pessis
1553 4646 1583 4701 ἲ
1599 4646 1862 4702 undenatn
1893 4655 2080 4716 captus

485 4752 589 4808 es?
609 4765 644 4812 α
667 4763 775 4820 quo
794 4747 1051 4804 detentus
1063 4741 1209 4803 luisti
1234 4741 1360 4800 dum
1388 4741 1640 4813 fugeres?
1682 4751 1738 4795 et
1765 4740 1896 4795 nihil
1935 4741 2080 4798 aliud

491 4829 662 4910 ὤθει,
688 4855 849 4912 quam
876 4845 1072 4910 corpus
1093 4835 1430 4896 cruciﬁxum.
1459 4832 1564 4892 Per
1593 4832 1698 4892 hoc
1725 4833 1926 4889 stimuli
1964 4833 2081 4904 ejus

485 4933 753 4996 confracti
775 4941 927 5000 sunt,
972 4945 1072 5003 per
1095 4929 1200 4986 hoc
1235 4942 1434 4999 corpus
1457 4927 1576 4998 ejus
1611 4926 1904 4983 contritum
1927 4967 1942 4992 ,
1986 4941 2081 4997 per

489 5029 595 5090 huc
639 5025 967 5098 principatus
997 5032 1054 5082 et
1101 5029 1396 5094 potestates
1439 5018 1699 5076 traducta:
1729 5027 1897 5076 sunt:
1943 5018 2083 5091 Spo-

489 5122 624 5177 lians
647 5118 812 5184 enim,
837 5115 1032 5187 inquit,
1075 5113 1392 5186 principatus
1434 5119 1484 5166 et
1519 5119 1810 5182 potestates,
1854 5111 2082 5166 traduxit

485 5216 830 5284 conﬁdenter,
851 5211 1173 5281 triumphans
1200 5209 1264 5264 de
1301 5209 1410 5264 illis
1439 5209 1494 5264 in
1534 5208 1802 5278 semetipso
1842 5207 1979 5280 (Cal.
2019 5207 2074 5262 2.

486 5308 557 5365 15
577 5306 620 5379 ).
657 5305 932 5374 Interroga
959 5311 1192 5358 mortem
1213 5342 1227 5365 ,
1271 5309 1325 5356 et
1354 5300 1441 5356 dic
1470 5317 1483 5355 :
1515 5299 1795 5357 Undenam
1835 5300 2080 5356 sublatus

493 5407 578 5456 est
601 5395 856 5454 stimulus
895 5393 1060 5448 tuus?
1091 5392 1358 5448 undenam
1392 5391 1567 5447 soluta
1591 5402 1674 5448 est
1695 5402 1780 5447 tua
1813 5393 2081 5448 victoria?

491 5491 761 5549 undenam
790 5486 1000 5558 pracisi
1029 5495 1155 5542 sunt
1196 5485 1344 5541 nervi
1389 5485 1508 5554 tui,
1543 5496 1596 5542 et
1623 5485 1817 5558 puellis
1857 5485 2078 5541 infanti-

494 5583 702 5654 busqne
729 5581 867 5637 facta
893 5593 953 5635 es
977 5577 1229 5641 ridicula,
1253 5592 1373 5647 qua:
1402 5577 1644 5649 tyrannis
1667 5586 1722 5633 ct
1758 5577 1916 5646 justis
1957 5591 2077 5633 om-

496 5675 655 5729 nibus
672 5670 902 5727 antehac
928 5667 1281 5725 formidabilis
1297 5683 1418 5724 eras
1439 5667 1462 5723 ?
1489 5675 1545 5724 et
1572 5667 1696 5724 huic
1715 5667 1929 5738 corpori
1953 5683 2081 5724 cau-

494 5779 612 5821 satu
635 5764 924 5824 adscribet.
942 5761 1074 5819 Cum
1095 5761 1239 5819 enim
1265 5761 1694 5833 cruciﬁgobatur,
1722 5770 1846 5818 tunc
1874 5763 2079 5818 mortui

1243 288 1300 347 3.
1343 287 1621 345 JOANNIS
1659 278 2132 341 CllllYSOSTOMI
2165 273 2480 337 ARClllEP.
2515 283 3046 349 CONSTANTINOP.
3659 317 3744 376 ξω

2209 411 2644 497 resurrexcrunt,
2675 415 2798 461 tunc
2827 421 3013 464 career
3043 410 3131 466 ille
3177 424 3358 486 ruptus
3403 431 3480 476 est
3527 434 3577 479 ct
3603 444 3746 497 portae

2203 493 2672 590 mrem-confutata
2699 509 2841 565 sunt,
2867 510 2920 555 et
2946 505 3140 558 mortui
3172 508 3346 565 emissi
3378 522 3514 578 sunt,
3557 493 3744 590 et—jani.

2201 593 2346 640 tores
2367 584 2559 642 inferni
2587 603 2776 644 omnes
2806 590 3160 663 obstupefacti
3191 609 3332 654 sunt.
3379 603 3529 666 Atqui
3559 609 3599 662 si
3625 584 3752 666 fuis-

2198 686 2281 731 set
2310 693 2446 733 uuus
2475 694 2542 734 ex
2584 681 2788 750 multis,
2817 687 3147 742 contrarium
3190 691 3431 750 accidere
3469 667 3747 769 .szortehat,

2199 778 2428 826 mortem
2458 772 2623 829 fuisse
2652 777 3030 845 potentiorem,
3061 780 3156 836 sed
3187 799 3290 838 non
3321 784 3415 841 fuit
3445 805 3458 842 :
3486 805 3587 845 non
3625 795 3748 849 enim

2195 874 2316 920 erat
2343 882 2478 921 unus
2507 884 2572 922 cx
2606 869 2828 936 multis;
2862 872 2983 927 ideo
3027 874 3115 928 illa
3153 878 3325 932 Saluta
3371 879 3486 936 fuit.
3528 883 3590 938 Et
3631 884 3750 943 sicut

2198 955 2232 1010 ii
2258 957 2348 1026 qui
2377 958 2689 1016 alimentum
2720 964 3013 1035 accipiunt,
3056 969 3198 1038 quod
3239 971 3466 1029 retinere
3500 991 3599 1031 non
3639 993 3748 1048 pos.

2193 1050 2319 1116 sint,
2349 1051 2511 1108 etiam
2541 1069 2661 1124 qua:
2677 1056 2838 1130 .ius
2867 1070 3117 1131 percepta
3162 1061 3371 1119 fuerant
3399 1077 3605 1138 prepter
3638 1071 3748 1126 illud

2193 1157 2449 1246 evomunt
2475 1165 2488 1200 :
2524 1147 2597 1203 ita
2625 1151 2788 1206 etiam
2813 1151 3008 1207 accidit
3032 1153 3086 1208 in
3124 1164 3320 1210 morte.
3347 1155 3546 1227 Corpus
3569 1201 3584 1226 ,
3625 1163 3748 1231 quod

2197 1244 2309 1304 ipsa
2355 1253 2462 1292 non
2495 1248 2703 1309 poterat
2733 1244 3003 1298 conficere
3027 1285 3044 1310 ,
3092 1245 3396 1316 accipiens,
3443 1249 3526 1304 illa
3562 1266 3748 1323 quoque

2197 1329 2380 1400 reiecit
2405 1347 2526 1403 qua:
2557 1333 2700 1390 intus
2721 1335 2988 1392 retinebat
3017 1355 3030 1391 :
3064 1353 3186 1393 cum
3219 1339 3344 1395 illud
3372 1341 3510 1396 intus
3535 1341 3746 1412 haberet,

2194 1425 2524 1494 parturiebat
2571 1435 2627 1481 et
2676 1428 3038 1496 premebatur,
3091 1429 3265 1486 donec
3315 1432 3484 1503 ipsum
3521 1437 3746 1490 evomuit.

2192 1514 2320 1573 Ideo
2344 1515 2767 1588 aitApostolus:
2815 1519 3014 1576 Salutis
3057 1521 3318 1578 doloribus
3343 1525 3513 1578 mortis
3538 1526 3659 1595 (Act.
3699 1525 3745 1580 2.

2189 1607 2326 1681 24).
2378 1609 2534 1666 Nulla
2589 1611 2732 1668 enim
2787 1613 2984 1670 mulier
3039 1630 3325 1687 praegnans
3377 1619 3747 1689 parturieusque

2191 1711 2340 1758 tanto
2382 1703 2568 1761 labore
2609 1706 2893 1775 premitur,
2947 1717 3149 1778 quanto
3195 1708 3285 1764 illa
3335 1724 3527 1780 corpus
3574 1710 3746 1766 habens

2191 1795 2522 1854 Dominicum
2539 1796 2954 1854 dilacerabatur.
2985 1798 3051 1854 Et
3068 1799 3210 1870 quod
3240 1803 3291 1854 iu
3318 1800 3630 1870 Babylonico
3645 1801 3746 1855 dra-

2187 1901 2324 1944 cone
2352 1889 2566 1956 accidit,
2596 1905 2718 1946 eum
2747 1900 2972 1962 accepto
3015 1892 3138 1948 cibo
3177 1893 3385 1949 medius
3409 1895 3639 1965 diruptus
3659 1904 3744 1960 est,

2190 1978 2292 2034 hoc
2320 1988 2376 2035 et
2400 1979 2488 2035 isti
2535 1981 2739 2037 evenit.
2767 1980 2885 2037 Non
2910 1982 3056 2038 enim
3081 1982 3331 2039 Christus
3360 2000 3456 2056 per
3483 2000 3544 2042 os
3587 1987 3747 2042 mortis

2185 2085 2437 2141 egressus
2457 2081 2560 2138 est,
2588 2072 2684 2128 sed
2717 2072 2832 2143 ipso
2862 2072 3042 2129 medio
3071 2073 3327 2130 draconis
3351 2084 3534 2132 ventre
3560 2075 3746 2147 dirupto

2186 2175 2240 2220 et
2267 2165 2523 2233 dissecto,
2551 2167 2630 2222 sic
2674 2181 2739 2221 ex
2774 2168 3136 2237 penetralibus
3181 2167 3417 2239 prodiit,
3448 2185 3564 2224 cum
3595 2170 3746 2240 splen-

2185 2256 2318 2312 dore
2345 2257 2540 2326 multo,
2568 2258 2856 2330 radiosque
2885 2259 3158 2326 emittens,
3205 2276 3314 2317 non
3364 2276 3527 2333 usque
3567 2261 3628 2317 ad
3661 2260 3746 2316 hoc

2186 2349 2401 2417 cazlum,
2431 2349 2527 2406 sed
2567 2366 2737 2422 usque
2765 2350 2832 2406 ad
2864 2352 3037 2422 ipsum
3065 2367 3359 2422 supernum
3390 2353 3614 2410 solium:
3641 2368 3743 2408 nam

2186 2441 2315 2498 illuc
2339 2457 2552 2514 quoque
2579 2443 2751 2514 ipsum
2777 2442 3020 2499 adduxit.
3054 2443 3168 2500 Hoc
3194 2460 3394 2518 corpus
3436 2447 3576 2502 dedit
3614 2446 3746 2501 nobis

2183 2543 2238 2589 ct
2263 2533 2550 2590 tenendum
2573 2544 2627 2590 et
2651 2535 3064 2604 comedendum,
3096 2537 3240 2608 quod
3275 2539 3496 2595 intensze
3536 2539 3746 2596 dilectio-

2186 2623 2268 2680 nis
2298 2623 2417 2680 fuit.
2466 2624 2576 2680 Eos
2616 2626 2760 2681 enim
2806 2641 2943 2698 quos
2994 2627 3249 2684 ardenter
3292 2645 3566 2694 amamus,
3609 2629 3744 2684 etiam

2183 2729 2328 2786 saepe
2357 2714 2685 2772 mordemus.
2718 2716 2843 2773 Ideo
2886 2717 2988 2773 Job
3016 2734 3258 2774 amorem
3318 2719 3643 2787 famulorum,
3671 2720 3743 2790 qui

2183 2805 2327 2861 circa
2372 2807 2520 2862 illum
2551 2818 2705 2863 erant
2732 2809 3024 2866 ostendens
3051 2809 3292 2879 dicebat,
3324 2813 3444 2868 illos
3480 2813 3638 2883 ipsum
3664 2825 3739 2866 ve-

2188 2896 2473 2954 hementer
2495 2909 2738 2955 amantes
2759 2899 2962 2956 dixisse
2993 2919 3006 2954 :
3035 2903 3161 2970 Quis
3184 2904 3330 2959 nobis
3357 2905 3438 2958 det
3454 2905 3514 2959 de
3541 2904 3743 2958 carnibus

2183 2991 2290 3045 suis
2316 3000 2371 3045 ut
2397 2991 2702 3062 impleantur
2727 2991 2872 3063 (Job.
2905 2995 2993 3049 3|.
3023 2995 3142 3066 51)?
3167 2995 3258 3052 Sic
3279 3009 3334 3052 et
3363 2997 3600 3052 Christus
3622 2995 3744 3052 dedit

2183 3083 2340 3138 nobis
2377 3098 2568 3139 carnes
2592 3099 2718 3140 suas
2764 3093 2822 3140 ut
2870 3085 3213 3158 impleamur,
3265 3087 3336 3144 ad
3369 3088 3619 3159 majorem
3663 3100 3744 3142 nos

2185 3176 2474 3232 amicitiam
2503 3178 2801 3234 attrahens.

2255 3266 2309 3322 5.
2339 3266 2669 3323 Aecedamus
2697 3269 2855 3339 igitur
2880 3284 3002 3325 cum
3035 3269 3245 3326 fervore
3269 3271 3339 3328 ad
3369 3272 3540 3340 illum,
3569 3281 3741 3328 etcum

2183 3357 2391 3414 ardenti
2413 3359 2636 3414 caritate
2657 3400 2672 3424 ,
2704 3368 2758 3415 et
2785 3374 2854 3414 ne
2879 3361 3168 3417 subeamus
3191 3363 3534 3434 supplicium.
3562 3363 3746 3431 Quanto

2182 3454 2324 3512 enim
2352 3453 2556 3524 majora
2585 3452 2846 3509 beneficia
2876 3455 3278 3524 acceperimus,
3305 3465 3454 3512 tanto
3481 3455 3639 3528 magis
3665 3469 3746 3523 pu-

2184 3548 2434 3613 niemur,
2460 3562 2583 3603 cum
2642 3545 2920 3603 beneficiis
2971 3547 3172 3619 indigni
3217 3550 3613 3620 apparehimus.
3656 3547 3746 3601 Hoc

2183 3642 2345 3697 etiam
2380 3655 2576 3712 corpus
2615 3640 2668 3696 in
2720 3640 2948 3712 praesepi
2988 3640 3174 3711 jacens
3205 3644 3428 3698 reveriti
3454 3651 3577 3699 sunt
3609 3639 3743 3708 magi.

2184 3734 2251 3788 Et
2277 3733 2372 3788 viri
2401 3733 2548 3802 impii
2569 3747 2633 3788 ac
2659 3731 2875 3787 barbari
2906 3732 3075 3802 patria
3097 3732 3376 3804 domoque
3406 3735 3604 3797 relicta,
3628 3731 3743 3785 viam

2183 3824 2387 3880 emensi
2413 3833 2540 3879 sunt
2569 3823 2812 3893 longam,
2843 3831 2898 3878 et
2921 3824 3198 3880 venientes
3223 3840 3350 3880 cum
3382 3826 3570 3882 timore
3591 3832 3642 3880 et
3665 3830 3745 3876 tre

2185 3931 2334 3971 more
2361 3914 2734 3985 multoipsum
2773 3913 3153 3972 adoraverunt.
3197 3915 3481 3973 Imitemur
3503 3930 3624 3987 ergo
3658 3912 3745 3968 sal-

2185 4019 2294 4065 tem
2335 4008 2629 4073 barbaros,
2663 4023 2762 4064 nos
2807 4008 3064 4064 caelorum
3109 4009 3280 4066 cives.
3324 4011 3404 4066 llli
3445 4023 3661 4080 namque
3701 4005 3744 4059 in

2186 4115 2430 4173 praesepe
2469 4101 2820 4172 respicientes
2848 4102 2985 4158 etin
3017 4103 3228 4175 tugurio
3252 4143 3268 4168 ,
3321 4113 3378 4160 et
3423 4103 3550 4158 nihil
3587 4111 3745 4157 eorum

2183 4195 2556 4264 respicientes,
2586 4210 2706 4266 qute
2737 4205 2793 4251 ιιι
2817 4210 2960 4252 nunc
2989 4196 3163 4260 vides,
3193 4211 3320 4252 cum
3345 4205 3576 4253 tremore
3601 4191 3744 4249 multo

2183 4296 2532 4342 accesserunt
2559 4303 2572 4340 :
2606 4294 2662 4341 tu
2690 4303 2818 4341 vero
2845 4301 2949 4343 non
2975 4287 3027 4342 in
3051 4302 3299 4361 praesepe
3325 4288 3549 4360 respicis
3566 4329 3581 4354 ,
3602 4283 3684 4340 sed
3703 4283 3744 4336 in

2182 4381 2391 4446 altare;
2443 4394 2550 4434 non
2606 4378 2887 4434 mulierem
2939 4388 3243 4446 tenentem.
3300 4381 3398 4438 sed
3445 4378 3744 4437 sacerdotem

2184 4475 2486 4529 adstantem
2508 4513 2524 4538 ,
2553 4480 2609 4527 et
2634 4469 2892 4542 Spiritum
2918 4486 3039 4527 cum
3064 4471 3317 4529 ubertate
3347 4487 3537 4544 magna
3570 4471 3618 4526 in
3645 4482 3748 4536 pru-

2186 4566 2356 4638 posita
2411 4563 2870 4635 supervolantem.
2923 4561 3039 4618 Non
3099 4564 3423 4634 simpliciter
3459 4564 3559 4620 hoc
3598 4563 3747 4633 ipsum

2184 4673 2382 4730 corpus
2405 4657 2580 4724 vides,
2610 4665 2665 4712 ut
2692 4655 2807 4724 illi,
2839 4655 2936 4714 sed
2964 4658 3102 4712 nosti
3133 4657 3303 4728 ipsius
3333 4667 3387 4715 et
3415 4659 3656 4714 virtutem
3697 4659 3744 4707 et

2185 4751 2643 4822 dispensationem
2673 4763 2911 4814 omnem,
2942 4757 2996 4804 et
3022 4749 3156 4804 nihil
3188 4750 3408 4820 ignoras
3443 4763 3622 4806 eorum
3648 4757 3748 4815 (ιιιιε

2187 4856 2283 4912 per
2312 4841 2486 4911 ipsum
2517 4838 2752 4910 perfecta
2783 4848 2948 4906 sunt,
2978 4853 3102 4894 cum
3135 4842 3316 4894 omnia
3345 4840 3578 4894 initiatus
3611 4849 3746 4890 accuo

2185 4943 2301 4990 rate
2329 4931 2600 4987 didiceris.
2635 4929 2946 4986 Excitemus
2967 4931 3147 5001 itaque
3173 4946 3272 4988 nos
3294 4931 3440 5002 ipsos
3468 4939 3520 4987 et
3556 4928 3750 4983 horrea-

2187 5042 2340 5092 mus,
2373 5034 2426 5082 et
2453 5024 2622 5081 multo
2650 5023 2911 5095 majorem
2941 5038 3101 5094 quam
3141 5023 3360 5080 barbari
3402 5024 3476 5078 illi
3521 5021 3747 5092 pietatem

2185 5118 2543 5176 exhibeamus
2569 5158 2584 5185 ,
2631 5125 2688 5172 ut
2727 5131 2832 5171 non
2877 5125 3078 5172 temere
3107 5125 3162 5173 et
3190 5115 3581 5172 inconsiderate
3611 5124 3747 5166 accc-

2185 5211 2412 5278 dentes,
2456 5210 2632 5280 ignem
2658 5209 2712 5264 in
2749 5217 2908 5279 caput
2952 5217 3197 5263 nostrum
3224 5219 3592 5278 congeramus.
3643 5201 3750 5256 llu‘c

2185 5312 2364 5358 autem
2395 5301 2554 5369 dico,
2599 5317 2708 5356 non
2748 5309 2806 5356 ut
2848 5315 2916 5356 ne
2944 5299 3304 5366 accedamus;
3332 5299 3428 5354 sed
3468 5313 3534 5354 ne
3572 5301 3748 5349 temere

2184 5395 2527 5453 accedamus.
2556 5394 2708 5451 Sicut
2739 5393 2882 5449 enim
2912 5401 3120 5449 temere
3142 5393 3404 5450 accedere
3424 5432 3440 5456 ,
3478 5385 3744 5461 periculum

2179 5498 2270 5545 est
2296 5505 2310 5542 :
2341 5488 2419 5544 sic
2448 5487 2532 5542 his
2555 5486 2795 5557 mysticis
2823 5484 2994 5542 cceuis
3023 5500 3131 5540 non
3159 5483 3574 5548 communicare,
3601 5478 3745 5530 fames

2185 5586 2347 5634 estet
2385 5592 2550 5633 mors.
2581 5576 2706 5631 llaec
2733 5577 2875 5632 enim
2903 5590 3091 5630 mensa
3122 5575 3272 5631 nervi
3309 5575 3500 5629 anima:
3531 5575 3742 5626 nostrae.

2185 5671 2381 5726 utentis
2423 5670 2695 5725 vinculum
2718 5709 2734 5734 ,
2790 5669 3002 5724 fiducia:
3042 5683 3204 5726 causa
3225 5712 3242 5738 ,
3272 5681 3394 5740 spes
3415 5707 3430 5731 ,
3453 5664 3622 5726 salus,
3650 5655 3748 5710 lu.\'.

2189 5763 2298 5819 vita
2337 5773 2441 5820 est.
2476 5762 2532 5819 Si
2572 5778 2692 5818 cum
2723 5761 2825 5818 huc
2851 5760 3117 5818 sacriﬁcio
3159 5762 3248 5819 illo
3273 5759 3556 5817 abierimui
3581 5793 3603 5821 ι
3638 5758 3748 5802 9”"
