3962 6414
180 286 263 343 305
420 304 443 316 ι
1232 286 1293 344 lN
1335 285 1554 343 EPIST.
1598 286 1615 342 l
1684 287 1776 342 AD
1814 286 1969 343 COR.
2015 287 2245 345 HOMIL.
2297 290 2462 349 XXV.

184 401 345 456 fiducia
375 416 538 457 sacra
572 402 665 458 illa
697 402 957 459 vestibula
989 400 1285 467 adibimus,
1330 402 1481 472 quasi
1529 401 1752 471 quibus-

189 498 285 548 mni
323 493 509 547 aureis
552 494 727 547 armis
767 490 1008 547 instructi
1050 490 1302 561 undique.
1336 490 1541 562 Ecquid
1580 491 1759 546 futura

190 585 325 641 dico?
369 584 467 639 llic
496 586 645 639 enim
675 583 767 639 tibi
801 592 996 638 terram
1030 583 1220 637 ca'lum
1268 582 1392 636 facit
1424 583 1525 636 hoc
1556 593 1759 654 myste-

189 681 325 732 rium.
370 676 534 745 Aperi
563 692 694 746 ergo
720 676 840 729 (δαειὶ
868 682 1047 744 portas
1068 683 1122 728 et
1146 673 1420 743 perspice;
1451 674 1558 727 imo
1585 673 1762 744 p0tius

187 784 277 824 non
306 768 424 822 caeli
453 808 467 831 ,
495 767 592 822 sed
634 767 749 821 caeli
777 767 1030 820 cmlorum
1054 805 1069 830 ,
1116 773 1169 819 et
1214 773 1339 818 tunc
1379 762 1589 818 videbis
1630 763 1760 818 illud

187 862 308 935 quod
337 861 539 917 dictum
571 871 673 916 est.
707 859 862 928 Quod
894 860 1036 915 enim
1067 858 1175 912 illic
1203 857 1442 912 omnium
1490 856 1763 924 pretiosis-

190 962 363 1016 simum
391 966 509 1024 est;
536 957 635 1011 hoc
664 957 756 1011 tibi
781 956 832 1009 in
864 965 1001 1008 terra
1024 954 1211 1022 jacens
1239 950 1570 1005 monstrabo.
1613 948 1765 1006 Sicut

184 1054 309 1107 cnim
341 1051 397 1105 in
426 1051 571 1121 regia
596 1048 738 1120 quod
764 1047 1002 1103 omnium
1032 1042 1629 1115 magnificentissimum
1652 1051 1759 1109 est,

188 1159 280 1198 non
322 1142 466 1198 muri
495 1150 657 1206 sunt,
704 1155 812 1195 non
861 1148 1061 1194 tectum
1099 1152 1365 1202 aureum,
1412 1135 1507 1192 sed
1556 1134 1763 1207 regium

186 1252 366 1307 corpus
407 1236 462 1290 in
490 1234 624 1289 solio
672 1232 868 1288 sedens
902 1251 915 1287 :
945 1231 1024 1286 sic
1048 1238 1102 1286 et
1126 1230 1184 1285 in
1222 1228 1375 1285 cmlis
1401 1229 1606 1300 regium
1636 1243 1761 1284 cor-

188 1344 293 1400 pus.
342 1328 453 1400 Sed
482 1328 582 1382 hoc
625 1341 766 1382 nunc
812 1324 905 1380 tibi
962 1324 1086 1380 licet
1132 1323 1186 1377 in
1233 1330 1375 1378 terra
1403 1321 1606 1377 videre.
1646 1320 1763 1376 Non

187 1398 317 1479 enim
354 1398 574 1492 angelos
594 1461 607 1484 ,
638 1435 748 1474 non
788 1415 1163 1488 archangelos,
1192 1430 1300 1470 non
1324 1415 1485 1470 ccelos
1514 1422 1569 1469 et
1597 1412 1763 1469 caelos

188 1517 427 1571 malorum
450 1556 467 1581 ,
495 1512 589 1569 sed
619 1514 791 1583 ipsum
825 1510 919 1566 tibi
966 1509 1154 1565 horum
1186 1508 1467 1563 Dominum
1514 1506 1762 1561 ostendo.

193 1610 423 1666 Vidistin‘
450 1606 720 1678 quomodo
748 1605 802 1660 id
828 1646 844 1672 ,
871 1602 1015 1675 quod
1052 1602 1290 1658 omnium
1317 1600 1763 1672 pretiosissimum

192 1714 294 1770 est,
326 1703 379 1758 in
409 1711 553 1756 terra
597 1696 894 1769 reSpicias?
921 1710 1095 1766 neque
1120 1693 1271 1750 vides
1301 1701 1502 1748 tantum
1528 1734 1543 1758 ,
1573 1691 1667 1747 sed
1710 1700 1766 1746 et

194 1795 383 1865 tangis;
411 1807 511 1847 nec
542 1790 713 1861 tangis
743 1797 968 1852 tantum,
1002 1785 1097 1841 sed
1124 1785 1286 1841 etiam
1318 1782 1589 1849 comedis,
1618 1792 1671 1837 et
1699 1798 1766 1838 eo

194 1895 399 1955 accepto
428 1884 648 1938 domum
689 1878 998 1936 reverteris.
1032 1876 1296 1947 Absterge
1322 1874 1482 1947 igitur
1507 1875 1761 1940 animam,

196 1992 419 2047 prmpara
446 1982 682 2029 mentem
710 1970 776 2026 ad
807 1971 998 2025 horum
1049 1968 1430 2039 mysteriorum
1459 1965 1764 2036 perceptio-

198 2084 325 2122 nem.
358 2065 568 2120 Etenim
600 2064 644 2117 si
683 2062 824 2133 regis
853 2060 994 2114 ﬁlius
1021 2073 1143 2114 cum
1171 2065 1399 2123 ornatu,
1436 2071 1669 2127 purpura
1711 2064 1764 2111 et

194 2159 477 2214 diademate
523 2154 862 2211 concreditus
908 2151 1002 2207 tibi
1027 2159 1170 2206 esset
1212 2148 1538 2220 gestandus,
1583 2148 1765 2202 omnia

194 2268 300 2321 qua:
335 2252 533 2305 suntin
564 2259 703 2304 terra
730 2245 1039 2316 abjecisses.
1071 2243 1224 2298 Nunc
1250 2253 1430 2298 autem
1459 2257 1563 2296 non
1596 2241 1762 2295 lilium

195 2345 350 2415 regis,
374 2342 469 2398 sed
502 2342 675 2411 ipsum
708 2340 800 2395 Dei
848 2337 1044 2392 Filium
1076 2334 1409 2405 unigenitum
1452 2332 1759 2404 accipiens,

192 2451 287 2490 non
324 2432 691 2497 exborrescis,
716 2429 803 2487 dic
831 2428 961 2484 mihi
987 2468 1002 2494 ,
1041 2436 1097 2483 et
1142 2442 1249 2481 non
1283 2440 1499 2480 omnem
1545 2424 1766 2479 srecula-

3357 309 3461 367 1’08

1868 405 2005 459 rium
2034 421 2212 460 rerum
2240 423 2480 465 amorem
2506 410 2715 482 abjicis,
2740 430 2913 487 neque
2943 417 3036 474 illo
3067 427 3271 483 tantum
3296 439 3455 480 orna-

1869 503 1925 549 tu
1954 496 2200 565 gloriaris
2225 513 2239 560 ;
2268 498 2361 552 sed
2390 500 2565 557 adhuc
2594 505 2645 557 in
2680 513 2878 562 terram
2909 510 3135 580 respicis
3159 552 3174 576 ,
3203 517 3459 583 pecunias

1870 600 2018 639 amas
2046 596 2099 641 et
2126 602 2258 641 auro
2290 589 2502 645 inliias?
2534 608 2756 664 ecquam
2789 596 3070 657 habiturus
3110 617 3168 657 es
3202 605 3459 661 veniam?

1867 692 2025 747 quam
2058 681 2495 737 excusationem?
2519 684 2634 741 Non
2664 687 2810 743 vides
2841 702 3098 760 quantum
3136 695 3448 752 stecularein

1866 784 2083 825 omnem
2110 776 2557 844 magnificentiam
2605 792 2883 838 aversetur
2932 785 3229 843 Dominus?
3276 806 3455 847 nonne

1867 858 1989 916 ideo
2017 877 2138 917 eum
2161 873 2319 920 natus
2348 877 2511 933 esset,
2536 869 2588 923 in
2621 873 2844 943 praesepi
2875 877 3082 945 positus
3107 890 3211 945 est,
3243 890 3298 936 et
3342 898 3458 936 ma-

1867 960 2004 1008 trem
2032 957 2240 1026 accepit
2265 958 2383 1013 vilis
2404 960 2768 1017 conditionis?
2792 983 2967 1022 nonne
2997 969 3118 1025 ideo
3142 972 3356 1028 dicebat
3383 978 3458 1041 ei,

1868 1046 1960 1116 qui
1996 1046 2063 1101 ad
2104 1063 2402 1120 cauponam
2430 1055 2753 1124 respiciebat
2782 1076 2794 1111 :
2827 1057 2875 1111 F
2878 1059 2997 1115 ilius
3040 1072 3208 1118 autem
3237 1066 3458 1123 hominis

1867 1156 1969 1195 nou
1995 1140 2144 1196 habet
2173 1142 2256 1196 ubi
2282 1154 2434 1215 caput
2458 1147 2662 1201 reclinet
2686 1149 2895 1221 (Matth.
2929 1153 2983 1208 8.
3011 1154 3141 1227 20)?
3164 1156 3300 1225 Quid
3328 1175 3459 1214 vero

1871 1230 2154 1303 discipuli?
2182 1250 2359 1292 nonne
2375 1238 2617 1294 eamdem
2647 1242 2931 1298 servabant
2961 1244 3153 1316 legem,
3180 1249 3231 1303 in
3262 1266 3454 1321 panpeo

1870 1338 1989 1377 rum
2017 1323 2205 1381 domos
2230 1325 2590 1396 diversantes,
2616 1331 2755 1387 alius
2783 1334 2999 1403 quidem
3022 1337 3161 1405 apud
3184 1349 3450 1406 sutorem,

1868 1412 2006 1468 alius
2032 1413 2172 1489 apud
2206 1416 2675 1476 tabernaculorum
2712 1423 2957 1493 opificem
2984 1435 3039 1481 et
3076 1429 3219 1499 apud
3250 1446 3453 1503 purpu-

1868 1504 2063 1559 rariam
2084 1506 2105 1559 ?
2124 1521 2231 1561 non
2260 1508 2405 1563 enim
2429 1508 2620 1565 domus
2649 1513 3012 1583 splendorem,
3035 1518 3129 1572 sed
3159 1521 3458 1578 animarum

1871 1595 2098 1652 virtutes
2146 1598 2480 1668 qua'rebant.
2529 1602 2640 1657 llos
2688 1603 2867 1673 itaque
2911 1615 2966 1661 et
3010 1623 3109 1663 nos
3151 1609 3391 1666 imitetur
3444 1633 3457 1667 :

1870 1688 2323 1758 pulchritudinem
2353 1692 2723 1750 columnarum
2769 1706 2824 1751 et
2863 1714 3191 1755 marmonum
3235 1714 3459 1772 praeter-

1869 1788 2187 1845 currentes,
2236 1796 2459 1853 superas
2502 1799 2633 1840 vero
2675 1789 2986 1844 mansiones
3016 1805 3359 1861 quaerentes;
3406 1806 3462 1851 et

1869 1886 2084 1928 omnem
2108 1871 2301 1929 fastum
2324 1874 2613 1932 lmmanum
2636 1878 2907 1934 calcemus
2942 1897 3064 1938 cum
3108 1886 3455 1955 pecuniarum

1869 1964 2197 2033 cupiditate,
2242 1966 2516 2037 altumque
2559 1983 2776 2024 sensum
2819 1986 3176 2029 assumamus.
3213 1975 3268 2031 Si
3315 1979 3459 2032 enim

1869 2057 2141 2127 sapienter
2167 2059 2541 2127 attendamus,
2577 2077 2751 2133 neque
2778 2065 3008 2119 mundus
3050 2068 3136 2123 liic
3178 2070 3334 2126 nobis
3373 2070 3461 2126 di-

1869 2166 2005 2219 gnus
2022 2159 2122 2215 est,
2152 2150 2347 2205 nedum
2370 2154 2607 2222 porticus
2635 2166 2687 2209 et
2710 2157 3042 2212 ambulacra.
3074 2159 3460 2230 Quamobrem,

1864 2255 2023 2311 rogo,
2052 2241 2284 2296 animam
2336 2252 2576 2298 nostram
2610 2261 2864 2301 ornemus
2885 2290 2899 2313 ,
2934 2248 3072 2303 hanc
3097 2250 3314 2306 domum
3359 2268 3460 2322 ap-

1872 2347 2125 2400 paremus
2145 2374 2159 2398 ,
2209 2349 2311 2403 qua
2359 2335 2521 2389 etiam
2551 2346 2774 2408 accepta
2810 2339 2934 2393 hinc
2964 2340 3312 2410 migrabimus
3335 2385 3353 2412 ,
3403 2356 3463 2400 ut

1869 2431 2068 2476 a-terna
2092 2423 2228 2479 bona
2253 2439 2668 2495 consequamur,
2701 2430 2867 2499 gratia
2899 2438 2954 2485 et
2985 2431 3329 2503 benignitate,
3354 2447 3461 2492 etc.

202 2554 3466 2586 *ΝΜ-Ἤ

1480 2630 1823 2693 HOMILIA
1878 2631 2083 2692 XXV.

187 2785 309 2842 Car.
342 2786 430 2841 {0.
460 2801 512 2840 ν.
543 2784 633 2841 25.
669 2783 832 2839 Omne
850 2781 984 2854 quod
1022 2781 1076 2835 in
1105 2777 1318 2835 macello
1348 2777 1515 2843 venit,
1546 2771 1764 2827 mandu-

286 2890 394 2935 cate
416 2922 432 2945 ,
481 2879 612 2933 nihil
634 2879 999 2947 interrogantes
1023 2882 1231 2945 propter
1260 2869 1639 2926 conscientiam.

250 2973 302 3027 Ι.
333 2972 467 3027 Cum
514 2970 742 3025 dixisset
770 2966 1103 3037 impossibile
1136 2979 1257 3020 esse
1305 2962 1524 3017 calicem
1551 2957 1764 3012 Domini

178 3062 364 3118 bibere
389 3072 442 3117 et
468 3060 690 3116 calicem
718 3056 1106 3114 daemoniorum
1130 3096 1145 3121 ,
1176 3061 1232 3108 et
1268 3051 1476 3124 penitus
1514 3048 1765 3103 abduxis-

184 3164 274 3210 set
292 3170 321 3209 a
349 3154 555 3209 mensis
585 3151 688 3206 illis
707 3192 723 3218 ,
752 3150 820 3204 ab
842 3146 1106 3219 exemplis
1135 3145 1389 3210 Judaicis,
1421 3158 1451 3198 a
1472 3140 1767 3198 ratiociniis

173 3246 431 3301 humanis
456 3285 471 3309 ,
501 3260 530 3298 a
571 3242 845 3314 mysteriis
889 3238 1211 3303 horrendis,
1240 3236 1309 3291 ab
1351 3236 1416 3289 iis
1442 3249 1562 3305 qua:
1605 3246 1766 3303 pera-

168 3348 373 3409 guntur
404 3339 455 3393 in
486 3336 643 3392 idolis
670 3336 686 3367 ¹
709 3377 725 3401 ,
759 3344 813 3389 et
840 3349 962 3389 cum
985 3334 1253 3403 ingentem
1286 3337 1486 3385 metum
1513 3326 1770 3382 incussis-

168 3441 288 3495 set;
318 3447 391 3486 ne
419 3430 510 3484 tali
538 3436 685 3485 metu
712 3428 831 3483 illos
859 3426 926 3482 ad
946 3425 1089 3481 aliud
1116 3433 1419 3481 extremum
1445 3422 1765 3492 impelleret,

169 3533 222 3577 et
253 3522 453 3593 majori
488 3537 646 3593 quam
687 3536 785 3592 par
815 3528 961 3575 esset
1013 3526 1226 3573 utentes
1251 3516 1565 3572 curiositate
1610 3528 1768 3584 coge-

169 3623 381 3669 rentur'
410 3614 639 3677 timere,
688 3626 757 3667 ne
800 3611 931 3681 ipsis
977 3608 1346 3680 ignorantibus
1397 3605 1598 3678 aliquid
1661 3604 1771 3659 tale

169 3707 529 3763 inveberetur
578 3713 669 3759 aut
714 3719 778 3760 ex
825 3703 942 3759 foro
990 3711 1085 3757 aut
1126 3700 1380 3767 aliunde,
1426 3701 1572 3770 ipsos
1613 3713 1644 3753 a
1677 3696 1768 3751 tali

168 3799 501 3855 necessitate
520 3796 754 3866 eripiens
781 3794 855 3848 ait
887 3811 901 3848 :
931 3792 1111 3860 Omne,
1131 3793 1265 3862 quod
1294 3793 1345 3845 in
1373 3791 1583 3844 macello
1612 3790 1766 3855 venit,

166 3891 516 3952 manducate,
546 3887 678 3942 nihil
700 3888 1086 3955 interrogantes.
1116 3883 1172 3938 Si
1198 3883 1341 3937 enim
1375 3882 1647 3951 ignorans,
1680 3880 1765 3935 in-

167 3983 309 4051 quit,
346 3977 652 4035 comederis
676 3985 732 4032 et
777 3975 1024 4031 nesciens
1046 4016 1062 4043 ,
1091 3990 1199 4029 non
1236 3989 1294 4030 es
1324 3972 1588 4029 obnoxius
1635 3986 1766 4041 sup-

170 4072 337 4141 plicia
362 4085 380 4136 ;
411 4085 531 4124 nam
563 4069 880 4140 ignorantiae
909 4067 1165 4136 deinceps
1194 4080 1281 4122 res
1306 4072 1422 4130 est,
1456 4078 1563 4119 non
1595 4063 1769 4135 inglu-

177 4165 297 4221 viei.
332 4164 519 4235 Neque
548 4162 616 4217 ab
663 4161 763 4217 hac
803 4168 1009 4215 tantum
1050 4159 1169 4214 illos
1207 4156 1493 4214 formidine
1534 4156 1763 4222 liberat,

177 4256 268 4310 sed
295 4255 369 4310 ab
396 4254 500 4309 alia
531 4268 774 4324 quoque,
802 4252 1024 4309 multam
1049 4252 1153 4306 illis
1175 4251 1479 4307 libertatem
1509 4250 1770 4305 securita-

180 4356 399 4418 temque
427 4360 693 4416 apparans
723 4360 737 4398 :
772 4359 945 4414 neque
988 4343 1129 4399 enim
1172 4342 1472 4412 dijudicare
1508 4342 1768 4411 permittit

173 4440 289 4497 sive
329 4440 645 4496 examinare
670 4447 723 4493 et
750 4436 1052 4504 sciscitari,
1085 4452 1152 4491 an
1192 4434 1548 4508 idolothytum
1585 4437 1657 4491 sit
1697 4451 1766 4490 an

173 4548 322 4597 non;
354 4530 451 4587 sed
485 4529 945 4586 indiscriminatim
976 4528 1261 4583 comedere
1290 4526 1547 4598 quidquid
1563 4542 1627 4581 ex
1651 4526 1768 4581 foro

170 4624 424 4689 aﬂertur,
450 4638 626 4694 neque
652 4622 861 4677 discere
885 4620 1016 4692 quid
1045 4620 1117 4675 sit
1148 4620 1200 4675 id
1246 4620 1389 4691 quod
1416 4620 1705 4691 apponitur
1750 4637 1765 4675 :

172 4716 318 4771 unde
369 4716 426 4769 tit
455 4724 513 4769 ut
552 4714 643 4784 qui
683 4713 933 4784 ignorans
971 4711 1269 4768 comederit
1307 4711 1586 4769 liberetur.
1618 4712 1766 4768 Talia

170 4808 321 4861 enim
351 4813 482 4859 sunt
521 4821 640 4874 qua:
670 4814 857 4859 natura
888 4819 994 4858 non
1022 4811 1150 4859 sunt
1177 4804 1317 4859 mala
1339 4844 1355 4869 ,
1384 4802 1480 4859 sed
1519 4820 1585 4859 ex
1614 4803 1760 4874 cogi-

189 4898 382 4952 talione
422 4896 551 4967 quid
603 4895 937 4951 immundum
981 4895 1200 4951 faciunt.
1253 4894 1544 4966 Propterea
1595 4895 1763 4963 dicit,

193 4984 337 5039 Nihil
364 4988 746 5056 interrogantes.
774 4987 863 5041 26.
894 4985 1026 5041 Nam
1058 4985 1268 5040 Domini
1287 4996 1360 5041 est
1382 4996 1517 5041 terra
1535 4996 1583 5041 et
1604 4986 1767 5058 pleni-

188 5079 311 5133 tudo
330 5082 449 5149 ejus,
470 5097 575 5135 non
596 5080 1003 5135 daemoniorum.
1026 5078 1180 5147 Quod
1200 5079 1246 5134 si
1276 5089 1442 5144 terra,
1460 5078 1685 5143 fructus,
1711 5086 1768 5133 et

184 5173 345 5226 bruta
372 5174 481 5241 ejus
507 5176 713 5240 omnia,
744 5174 875 5228 nihil
912 5173 1108 5229 habent
1134 5172 1470 5228 immundum
1497 5171 1628 5228 :sed
1657 5172 1764 5227 alio

175 5264 348 5319 modo
377 5264 703 5321 immundum
730 5265 958 5320 efﬁcitur
994 5281 1059 5321 ex
1084 5266 1411 5335 cogitatione
1441 5274 1497 5320 et
1532 5280 1598 5321 ex
1649 5266 1765 5320 ino-

176 5356 444 5411 bedientia
479 5374 493 5412 :
518 5356 643 5414 ideo
664 5373 772 5413 non
797 5357 957 5413 modo
976 5357 1235 5428 permisit,
1264 5357 1358 5413 sed
1379 5356 1562 5423 etiam,
1586 5357 1676 5411 27.
1702 5356 1764 5411 Si

175 5449 311 5517 quis,
342 5449 556 5520 inquit,
588 5464 675 5504 vos
704 5460 846 5503 vocat
866 5449 1148 5518 inﬁdelium
1169 5490 1184 5515 ,
1216 5459 1264 5503 et
1287 5449 1434 5503 vultis
1460 5449 1536 5503 ire
1558 5488 1573 5514 ,
1614 5463 1764 5503 omne

176 5543 303 5608 quod
341 5543 482 5598 vobis
533 5543 811 5613 apponitur
851 5544 1188 5611 manducate,
1224 5542 1355 5597 nihil
1396 5544 1762 5614 interrogantes

227 5675 241 5738 ξ
278 5672 487 5723 Savilius
510 5673 779 5738 legendum
802 5680 965 5738 putat,
990 5672 1041 5723 in
1063 5674 1253 5738 templis
1284 5674 1546 5737 idolorum,
1575 5681 1626 5726 et
1649 5673 1757 5726 haec

176 5735 359 5791 Videtur
385 5750 502 5790 vera
528 5732 695 5793 lectio.
720 5732 817 5788 Sed
829 5735 1094 5791 reclamant
1115 5732 1243 5788 Editi
1270 5746 1320 5788 et
1345 5746 1451 5789 uss.

1876 2786 2081 2846 prapter
2139 2782 2517 2840 conscientiam.
2572 2784 2701 2844 Vide
2753 2804 2942 2846 rursus
2992 2790 3465 2848 moderationem:

1876 2884 2048 2939 neque
2077 2872 2218 2925 enim
2238 2875 2397 2941 jussit
2425 2878 2507 2930 vel
2541 2881 2795 2951 praecepit
2824 2882 2993 2949 abire,
3021 2856 3117 2938 sed
3144 2898 3320 2953 neque
3344 2900 3466 2954 pro-

1876 2959 2047 3016 hibuit
2081 2978 2094 3014 :
2130 2965 2483 3023 abscedentes
2506 2986 2694 3026 rursus
2724 2973 2792 3027 ab
2817 2975 2964 3029 omni
2992 2976 3298 3046 suspicione
3325 2976 3464 3032 libe-

1875 3065 1976 3107 rat.
2010 3055 2227 3124 Quare?
2250 3058 2329 3113 Ne
2357 3061 2629 3118 videretur
2656 3080 2685 3117 a
2714 3076 2861 3121 metu
2888 3078 2983 3122 aut
3012 3069 3298 3125 formidine
3343 3086 3465 3125 esse

1876 3157 2018 3201 tanta
2036 3152 2327 3208 accuratio.
2352 3154 2479 3207 Nam
2496 3157 2583 3225 qui
2602 3158 3072 3232 curioseinquirit,
3096 3162 3249 3232 quasi
3272 3162 3466 3217 timens

1876 3237 1979 3293 hoc
2019 3238 2194 3295 facit:
2243 3245 2333 3312 qui
2375 3254 2553 3299 autem
2603 3257 2886 3320 postquam
2933 3252 3137 3308 audivit
3188 3253 3465 3319 abstinet,

1874 3330 2026 3399 quasi
2052 3331 2355 3402 despiciens
2385 3347 2440 3391 et
2466 3338 2592 3393 odio
2631 3341 2835 3397 habens
2879 3352 2936 3397 et
2975 3359 3263 3411 aversans,
3299 3344 3467 3400 absti-

1876 3430 1987 3478 net.
2020 3423 2143 3479 Ideo
2182 3426 2380 3483 Paulus
2409 3440 2695 3501 utrumque
2721 3434 3044 3490 conﬁrmare
3072 3436 3258 3491 volens
3279 3478 3293 3503 ,
3322 3438 3396 3490 ait
3440 3453 3455 3490 :

1878 3513 2042 3568 Omne
2068 3518 2204 3586 quod
2249 3518 2385 3574 vobis
2424 3523 2702 3592 apponitur
2746 3524 3068 3579 mandacate.
3113 3525 3206 3581 28.
3254 3525 3315 3581 Si
3346 3527 3464 3596 quis

1874 3616 2041 3659 autent
2070 3609 2204 3662 vobis
2234 3612 2419 3664 dixerit
2443 3652 2459 3677 ,
2514 3612 2625 3667 Hoc
2649 3615 2965 3669 immolatum
2995 3625 3066 3671 est
3092 3617 3244 3673 idolis
3263 3658 3280 3683 ,
3311 3617 3466 3672 nolite

1874 3701 2185 3755 manducare
2213 3714 2420 3775 prapter
2460 3706 2608 3760 illaut
2650 3708 2736 3779 qui
2778 3709 3043 3765 indicavit.
3096 3708 3283 3779 Neque
3320 3710 3465 3764 enim

1877 3798 2145 3860 tamquam
2172 3807 2202 3845 a
2248 3794 2355 3847 vim
2393 3796 2625 3865 aliquam
2652 3796 2973 3854 habentibus
2999 3841 3015 3864 ,
3060 3799 3159 3855 sed
3190 3808 3459 3871 tamquam

1874 3879 1944 3934 ab
1990 3884 2338 3939 exsecrandis
2363 3886 2518 3955 jubet
2564 3887 2859 3945 abstinere.
2887 3890 3070 3960 Neque
3093 3891 3255 3961 igitur
3283 3891 3351 3945 ab
3396 3891 3460 3945 iis

1874 3982 1932 4029 ut
1978 3990 2097 4045 quae
2147 3991 2345 4033 nocere
2394 3980 2600 4049 possint
2638 3979 2835 4051 fugite;
2878 3982 3078 4037 nullam
3123 3985 3321 4054 quippe
3350 3987 3457 4037 vim

1877 4067 2108 4136 habent;
2143 4085 2317 4140 neque
2341 4072 2464 4142 quia
2492 4073 2691 4128 nullam
2720 4075 2825 4128 vim
2864 4073 3063 4130 habent
3088 4117 3102 4141 ,
3134 4076 3460 4131 indiscrimi-

1875 4162 2040 4217 natim
2072 4163 2379 4233 percipiatis
2411 4182 2424 4217 :
2456 4164 2691 4220 hostium
2737 4167 2881 4221 enim
2921 4175 2975 4221 et
3020 4168 3461 4224 inhonoratorum

1872 4269 2057 4310 mensa
2079 4265 2180 4309 est.
2206 4255 2328 4310 Ideo
2354 4255 2585 4318 dicebat.
2602 4257 2777 4312 Nolite
2804 4258 3063 4313 comedere
3089 4269 3295 4331 propter
3313 4261 3461 4315 illum

1870 4350 1958 4419 qui
1986 4348 2249 4415 indicavit,
2279 4358 2324 4402 et
2352 4360 2557 4420 propter
2580 4351 2958 4406 conscientiam.
2994 4351 3202 4407 Domini
3222 4353 3356 4407 enim
3383 4363 3458 4407 est

1872 4448 2006 4493 terra
2038 4447 2087 4492 et
2132 4439 2394 4508 plenitudo
2425 4440 2554 4509 ejus.
2600 4439 2787 4495 Viden’
2817 4440 3088 4512 quomodo
3117 4451 3169 4497 et
3199 4458 3319 4496 cum
3369 4457 3462 4497 co-

1872 4532 2090 4587 medere
2111 4532 2300 4602 jubet,
2328 4539 2387 4586 et
2414 4548 2535 4587 cum
2566 4532 2842 4589 abstinere
2864 4573 2880 4600 ,
2910 4532 3050 4589 idem
3091 4535 3459 4590 testimonium

1872 4623 1927 4677 in
1966 4622 2201 4679 medium
2255 4623 2530 4679 adducat?
2574 4623 2758 4695 Neque
2803 4625 2945 4680 enim
2996 4625 3116 4681 ideo
3157 4626 3459 4697 prohibeo,

1872 4713 2076 4785 inquit,
2104 4714 2257 4785 quasi
2286 4714 2461 4769 aliena
2492 4715 2634 4782 sint;
2660 4732 2782 4771 nam
2812 4717 3021 4771 Domini
3045 4727 3126 4772 est
3153 4727 3333 4782 terra;
3368 4719 3462 4773 sed

1876 4812 2093 4875 propter
2123 4804 2177 4858 id
2203 4804 2347 4875 quod
2377 4804 2620 4861 dicebam
2641 4848 2656 4872 ,
2692 4818 2913 4877 propter
2952 4809 3372 4874 conscientiam;
3409 4811 3461 4865 id

1872 4905 1989 4962 est,
2014 4912 2082 4951 ne
2107 4895 2338 4952 laedaris.
2363 4896 2586 4967 Oportet
2600 4913 2729 4968 ergo
2749 4899 2963 4954 curiose
2992 4899 3263 4969 inquirere
3280 4901 3303 4955 ἳ
3318 4900 3458 4967 Non,

1874 4988 2044 5059 inquit
2070 5004 2085 5041 :
2116 5004 2288 5059 neque
2315 4990 2457 5043 enim
2488 4998 2630 5044 tuam
2662 4990 2772 5044 dixi
2798 4991 3185 5046 conscientiam
3210 5033 3227 5058 ,
3255 4992 3350 5047 sed
3394 4994 3461 5048 il-

1871 5079 1996 5135 lius.
2021 5078 2176 5133 Prius
2202 5081 2343 5134 enim
2390 5079 2530 5144 dixi,
2566 5078 2789 5149 Propter
2816 5081 2963 5134 illum
2988 5082 3074 5151 qui
3102 5082 3345 5137 indicavit
3360 5098 3382 5149 ,'
3406 5094 3460 5140 et

1871 5186 2058 5228 rursus
2091 5190 2104 5225 :
2133 5172 2222 5229 29.
2256 5172 2627 5228 Conscientiam
2656 5174 2771 5228 dico
2791 5191 2892 5229 non
2922 5162 3085 5241 tuam,
3111 5177 3201 5232 sed
3226 5179 3458 5235 alterius.

1872 5264 1981 5319 Sed
2009 5264 2148 5320 forte
2170 5264 2367 5320 dixerit
2390 5266 2654 5336 quispiam
2682 5282 2697 5319 :
2729 5266 3007 5322 Fratribus
3032 5270 3226 5325 merito
3252 5274 3455 5342 parcis,

1870 5365 1927 5414 et
1977 5372 2084 5412 non
2129 5357 2262 5412 sinis
2310 5373 2411 5414 nos
2456 5369 2675 5428 gustare
2715 5369 2936 5431 prepter
2966 5360 3123 5428 illos;
3155 5378 3225 5419 ne
3270 5379 3458 5420 eorum

1870 5449 2199 5505 conscientia
2222 5465 2342 5503 cum
2372 5450 2441 5504 sit
2465 5450 2677 5505 infirma
2699 5494 2714 5519 ,
2745 5454 3032 5509 inducatur
3060 5454 3126 5509 ad
3167 5457 3458 5511 comeden-

1869 5543 1995 5599 dum
2025 5558 2089 5599 ea
2113 5585 2127 5609 ,
2160 5559 2279 5615 quae
2301 5543 2464 5599 idolis
2484 5554 2611 5600 sunt
2640 5546 2911 5602 immolata
2960 5565 2973 5601 :
3008 5549 3051 5602 si
3084 5564 3216 5605 vero
3241 5550 3456 5620 gentilis

1867 5637 2131 5708 quispiam
2156 5636 2313 5691 fuerit
2337 5678 2353 5703 ,
2383 5638 2509 5707 quid
2544 5638 2635 5692 tibi
2667 5654 2810 5695 cura:
2839 5640 2960 5695 est?
2990 5654 3166 5695 nonne
3208 5650 3262 5695 tu
3300 5641 3452 5696 dice-

1866 5729 1963 5785 bas
1986 5768 2001 5795 ,
2036 5726 2173 5797 Quid
2215 5728 2346 5784 enim
2393 5729 2516 5783 mihi
2544 5729 2604 5786 de
2651 5730 2714 5786 iis
2754 5731 2841 5803 qui
2868 5731 2997 5802 [oris
3042 5741 3158 5785 sunt
3201 5723 3453 5795 judicare
