3962 6408
581 257 686 312 ΞΟἸ

583 370 660 438 (1,.
685 366 803 424 Cor.
835 368 890 424 5.
923 365 1055 438 li)?
1082 383 1178 423 cur
1205 381 1334 437 ergo
1357 381 1543 421 rursus
1567 365 1634 420 de
1656 365 1761 420 illis
1785 380 1970 420 curam
1993 365 2170 436 geris?

587 460 701 515 Non
729 459 893 523 illius,
917 459 1110 530 inquit,
1142 457 1237 514 sed
1264 458 1426 512 etiam
1456 457 1542 512 hic
1571 457 1646 511 lui
1672 471 1853 511 curam
1876 472 2028 526 gero.
2049 455 2172 511 Ideo

585 554 861 624 Subjunxit
905 572 917 607 :
952 551 1020 610 Ut
1062 553 1183 622 quid
1227 552 1361 606 enim
1413 551 1617 605 libertas
1658 567 1770 605 mea
1809 551 2077 620 judicatur
2111 549 2172 604 ab

583 649 754 701 aliena
773 647 1078 701 conscientia
1101 646 1125 698 ?
1147 645 1446 702 libertatem
1464 643 1670 708 dicens,
1689 644 1828 715 quod
1857 659 1960 699 nOn
1988 645 2174 699 obser-

590 749 739 793 tetur
772 754 942 809 neque
967 737 1318 808 prohibeatur
1357 753 1371 791 :
1419 735 1520 792 hoc
1549 737 1692 792 enim
1726 737 1948 792 libertas
1979 745 2098 802 est,
2141 752 2170 791 a

585 829 806 885 Judaica
857 829 1116 884 servitute
1165 826 1413 882 liberata.
1458 827 1571 883 Hoc
1613 838 1791 884 autem
1821 829 1929 882 vult
1963 828 2171 898 signiﬁ-

584 938 708 977 care
742 940 754 975 :
789 921 1015 975 liberaui
1059 935 1144 973 me
1184 919 1310 974 fecit
1363 919 1505 975 Deus
1530 962 1545 987 ,
1574 929 1627 975 et
1660 920 1807 975 omni
1848 921 2173 974 documento

584 1013 947 1084 superiorem;
979 1011 1074 1068 sed
1101 1013 1273 1068 nescit
1301 1014 1514 1083 gentilis
1538 1016 1605 1068 de
1637 1029 1752 1068 mea
1780 1012 2022 1082 judicare
2051 1011 2170 1081 phi-

584 1102 847 1174 lo5ophia,
878 1121 1050 1176 neque
1075 1105 1283 1159 Domini
1309 1106 1411 1159 mei
1445 1105 1818 1160 liberalitatem
1845 1105 2169 1174 perspicere,

583 1198 677 1253 sed
707 1197 1090 1252 condemnabit
1121 1206 1175 1253 ct
1201 1197 1340 1266 apud
1372 1212 1432 1252 se
1473 1196 1616 1252 dicet
1645 1215 1656 1250 :
1691 1196 1906 1251 Fabula:
1934 1203 2060 1251 sont
2087 1209 2173 1250 res

581 1289 1009 1345 Christianorum
1040 1307 1052 1342 :
1081 1290 1353 1345 abstinent
1395 1289 1462 1346 ab
1507 1289 1663 1345 idolis
1685 1332 1701 1355 ,
1733 1289 1942 1360 fugiunt
1971 1289 2172 1345 dzemo-

582 1397 678 1434 nas
701 1421 716 1444 ,
749 1390 802 1435 et
831 1380 1040 1435 luerent
1071 1380 1135 1434 iis
1162 1396 1282 1450 qua:
1325 1380 1428 1435 illis
1464 1379 1765 1435 offeruntur
1793 1397 1808 1432 :
1840 1382 1983 1451 viget
2029 1379 2171 1449 apud

581 1473 702 1526 illos
733 1473 871 1541 gula.
909 1473 973 1527 Et
999 1472 1123 1542 quid
1157 1480 1266 1526 tum
1294 1514 1310 1538 ,
1343 1472 1586 1543 inquies?
1607 1471 1732 1542 quid
1765 1472 1918 1528 nobis
1948 1472 2166 1539 damni,

579 1564 623 1616 si
673 1563 761 1617 ille
789 1565 927 1618 male
971 1563 1169 1634 judicet
1195 1564 1217 1618 ?
1245 1563 1458 1632 Quanto
1486 1575 1668 1618 autem
1716 1563 1913 1618 melius
1940 1579 2046 1618 non
2093 1563 2170 1618 illi

579 1654 920 1710 occasionem
966 1654 1096 1710 dare
1125 1665 1180 1709 ut
1205 1655 1411 1726 judicet
1431 1655 1456 1709 Υ
1479 1655 1524 1711 si
1553 1656 1695 1710 enim
1741 1655 2050 1720 abstineas,
2104 1670 2172 1709 ne

584 1748 697 1801 lucc
716 1747 928 1818 quidem
952 1747 1110 1802 dicet.
1138 1748 1438 1816 Quomodo,
1465 1749 1690 1820 inquies,
1725 1765 1830 1804 non
1853 1749 2170 1804 diceticum

581 1840 724 1894 enim
755 1840 944 1895 viderit
967 1857 1053 1896 me
1082 1841 1198 1897 hmc
1228 1857 1332 1896 non
1355 1843 1682 1909 examinare,
1715 1859 1820 1897 non
1847 1843 1900 1898 in
1922 1841 2168 1907 macello,

583 1947 688 1986 non
714 1930 765 1983 in
792 1932 1042 1986 convivio
1065 1973 1082 1998 ,
1109 1933 1384 2002 quomodo
1412 1949 1518 1989 non
1545 1934 1689 1990 dicet
1729 1949 1907 2006 neque
1950 1935 2172 1989 damna-

581 2024 690 2089 bit,
723 2033 779 2078 ut
813 2025 904 2098 qui
959 2025 1445 2082 indiscriminatim
1488 2027 1681 2082 horum
1716 2029 1982 2099 particeps
2026 2028 2169 2084 sim?

581 2117 928 2187 Nequaquam
962 2136 975 2172 :
1007 2134 1182 2190 neque
1213 2122 1358 2176 enim
1400 2120 1515 2177 [nec
1546 2132 1815 2193 tamquam
1868 2122 2024 2178 idolis
2067 2123 2170 2178 im—

582 2211 779 2266 molata
826 2213 1104 2279 comedis,
1152 2214 1245 2270 sed
1297 2225 1566 2285 tamquam
1617 2216 1815 2271 munda
1848 2233 1861 2270 :
1893 2219 1939 2272 si
1985 2227 2163 2273 autem

583 2318 688 2356 non
719 2303 931 2359 curiose
971 2305 1194 2376 inquiris
1220 2349 1232 2369 ,
1266 2305 1371 2360 hoc
1399 2305 1528 2361 facis
1557 2318 1613 2362 ut
1643 2308 1896 2364 ostendas
1925 2317 1975 2364 te
2000 2324 2171 2378 appo-

579 2394 680 2446 sita
705 2409 808 2448 non
839 2396 1049 2451 timere.
1077 2396 1367 2466 Propterea
1397 2398 1509 2454 sive
1536 2401 1587 2454 in
1617 2399 1834 2454 domum
1857 2401 2170 2457 Gra'corum

582 2484 901 2554 ingrediaris
926 2527 940 2551 ,
974 2487 1090 2542 sive
1121 2488 1172 2541 in
1206 2488 1380 2542 forum
1411 2491 1627 2544 veneris
1649 2532 1663 2556 ,
1695 2506 1798 2545 non
1829 2495 2084 2560 permitto
2119 2502 2172 2548 te

581 2577 844 2629 sciscitari
875 2618 890 2643 ,
921 2592 988 2630 ne
1019 2577 1302 2647 strepitum
1333 2581 1544 2642 timeas,
1586 2580 1666 2635 vel
1697 2581 2004 2650 impliceris,
2035 2598 2171 2639 neve

585 2666 933 2734 percellaris,
985 2684 1121 2724 neve
1171 2669 1268 2724 tibi
1317 2669 1588 2739 superflua
1639 2672 1881 2742 prtebeas
1934 2675 2167 2744 negotia.

580 2758 668 2813 '50.
732 2759 795 2813 Si
840 2776 932 2830 ego
981 2775 1097 2814 cum
1132 2761 1299 2832 gratia
1347 2761 1634 2832 participe,
1675 2762 1798 2833 quid
1849 2764 2172 2835 blasphemor

579 2867 671 2918 pro
697 2865 755 2904 eo
794 2849 930 2920 quod
958 2846 1159 2922 'gratias
1194 2851 1336 2923 ago?
1360 2852 1544 2923 Cujus,
1577 2869 1761 2923 qumso
1792 2864 1871 2919 te,
1903 2855 2172 2924 particeps

577 2957 638 2997 es
659 2943 681 2995 ’ἶ
711 2942 806 2998 Dei
832 2943 1096 2998 donorum
1126 2944 1282 3014 :ejus
1308 2945 1450 2999 enim
1472 2945 1642 3015 gratia
1671 2954 1816 3000 tanta
1844 2955 1944 3012 est,
1976 2955 2034 3001 ut
2057 2947 2173 3002 aui-

577 3051 722 3090 mam
773 3051 948 3090 meam
979 3035 1172 3092 reddat
1199 3036 1536 3106 impollutam
1582 3047 1637 3091 et
1665 3037 1812 3092 omni
1846 3038 2053 3093 macula
2080 3052 2170 3094 su-

581 3126 872 3196 periorem.
897 3126 1360 3195 Quemadmodum
1389 3129 1532 3183 enim
1558 3127 1639 3182 sol
1673 3128 1852 3184 radios
1879 3129 2172 3186 immittens

579 3219 632 3271 in
663 3218 856 3273 multas
882 3218 1154 3286 maculas,
1206 3233 1394 3276 rursus
1419 3217 1541 3274 illos
1582 3219 1846 3290 recolligit
1873 3221 2102 3277 mundos
2152 3240 2167 3276 :

578 3311 650 3365 ita
677 3319 732 3365 et
761 3326 882 3376 nos,
910 3319 965 3366 et
993 3313 1162 3366 multo
1192 3312 1361 3382 magis
1393 3313 1446 3366 in
1465 3312 1645 3367 medio
1662 3313 1846 3368 mundi
1865 3322 2165 3380 versantes,

578 3403 700 3472 puri
731 3417 1034 3469 manemus,
1063 3405 1110 3458 si
1140 3402 1372 3460 velimus
1394 3444 1411 3471 ,
1443 3418 1552 3474 quo
1578 3404 1740 3458 etiam
1770 3404 1876 3459 vim
1909 3404 2170 3460 habemus

576 3495 862 3566 majorem.
2131 3503 2136 3510 ‘

647 3587 701 3640 2.
745 3583 852 3642 Cur
880 3601 1032 3658 ergo,
1058 3587 1267 3656 inquit,
1297 3585 1579 3643 abstines?
1626 3587 1742 3643 Non
1769 3588 1922 3659 quasi
1962 3586 2171 3644 futurus

577 3683 677 3734 sim
707 3679 1037 3747 immundus,
1059 3679 1230 3745 absit;
1261 3679 1357 3735 sed
1385 3687 1608 3750 propter
1633 3679 1880 3750 fratrem,
1909 3692 1964 3737 et
1986 3698 2052 3738 ne
2068 3683 2168 3738 sim

576 3773 755 3829 socius
807 3773 1220 3841 daemoniorum,
1276 3790 1413 3830 neve
1444 3773 1657 3845 judicer
1683 3775 1751 3830 ab
1797 3776 2020 3832 inﬁdeli.
2071 3777 2172 3832 Hic

574 3869 718 3923 cnim
752 3883 860 3922 non
886 3868 1114 3939 amplius
1139 3877 1350 3933 natura,
1397 3867 1494 3922 sed
1517 3868 1881 3924 inobedientia
1909 3911 1925 3937 ,
1951 3879 2004 3923 et
2035 3871 2168 3924 ami-

573 3961 700 4015 citia
727 3975 856 4031 erga
887 3959 1184 4027 daemonas,
1212 3961 1440 4015 melacit
1466 3961 1826 4030 immundum,
1861 3973 1914 4017 et
1941 3963 2168 4018 liberum

574 4053 857 4107 arbitrium
909 4053 1150 4107 maculas
1202 4061 1478 4121 Operatur.
1527 4053 1664 4120 Quid
1697 4053 1796 4107 sibi
1847 4053 1962 4108 vult
1988 4064 2168 4110 autem

566 4144 703 4200 illud
730 4162 741 4194 :
771 4144 908 4210 Quid
936 4143 1260 4212 blasplzentor
1300 4161 1391 4213 pro
1416 4161 1474 4199 eo
1507 4145 1645 4214 quod
1673 4146 1866 4216 gratias
1891 4149 2030 4218 ago?
2061 4149 2170 4218 Ego

565 4234 741 4301 enim,
762 4234 953 4304 inquit,
982 4237 1181 4305 gratias
1203 4250 1303 4306 ago
1331 4236 1462 4299 Deo,
1504 4236 1645 4306 quod
1677 4253 1762 4292 me
1789 4238 1858 4292 ita
1885 4238 2168 4295 sublimem

563 4328 786 4394 iecerit,
814 4336 868 4382 et
891 4327 1191 4384 humilitate
1215 4327 1436 4383 Judaica
1459 4329 1818 4398 superiorem,
1848 4331 1920 4386 ita
1944 4341 2002 4386 ut
2027 4332 2170 4387 nulla

561 4435 642 4476 .ex
696 4431 848 4490 parte
877 4420 1090 4475 la-dar:
1133 4421 1360 4490 gentiles
1408 4430 1588 4476 autem
1637 4439 1813 4478 meam
1861 4424 2171 4494 ignorantes

566 4511 996 4582 ,pltiIOSOpltianl,
1053 4511 1324 4565 contraria
1368 4512 1787 4582 suspicabuntur
1834 4525 1891 4569 et
1940 4515 2168 4574 dicent:

561 4602 868 4656 -(1hristiani
900 4610 1084 4656 nostra
1119 4610 1411 4670 appetunt,
1441 4611 1497 4657 et
1534 4613 1660 4659 sunt
1691 4604 2017 4675 hypocriten;
2045 4623 2169 4663 nam

560 4710 697 4749 .etnn
735 4695 1013 4750 daemones
1040 4693 1345 4762 vituperent
1373 4702 1428 4749 et
1453 4705 1791 4762 aversentur,
1844 4696 1913 4751 ad
1955 4714 2172 4756 mensas

571 4802 768 4847 eorum
806 4794 1114 4851 accurrunt;
1149 4801 1254 4856 quo
1276 4786 1400 4856 quid
1424 4787 1666 4841 insanius
1687 4802 1808 4844 esse
1831 4791 2035 4859 possit?
2064 4807 2173 4846 non

565 4896 705 4950 ergo
731 4880 974 4934 veritatis
1017 4894 1178 4934 causa
1200 4921 1214 4943 ,
1247 4879 1343 4935 sed
1391 4880 1702 4936 ambitionis
1731 4889 1786 4937 et
1841 4882 2175 4954 principatus

574 4973 780 5027 amoris
807 4973 876 5026 ad
924 4971 1026 5027 hoc
1056 4970 1247 5042 dogma
1279 4986 1339 5026 se
1383 4973 1747 5028 contulerunt.
1792 4974 2019 5042 Quanta:
2043 4989 2175 5046 ergo

571 5066 799 5120 insania:
828 5065 1006 5130 fuerit,
1031 5065 1073 5119 si
1105 5080 1200 5134 pro
1225 5064 1332 5120 illis
1359 5067 1554 5136 quibus
1580 5066 1804 5122 allectus
1822 5082 1942 5122 sum
1968 5068 2172 5124 beneﬁ—

568 5156 674 5209 ciis
698 5156 878 5220 tantis,
909 5166 969 5210 ut
995 5156 1062 5212 de
1079 5156 1187 5211 illis
1207 5156 1410 5226 gratias
1435 5172 1612 5227 agam,
1644 5157 1992 5228 blasphemia:
2012 5175 2174 5215 causa

568 5246 814 5302 fuerim?
843 5250 910 5301 At
943 5249 1056 5302 haec
1085 5263 1302 5318 quoque
1331 5264 1476 5304 nunc
1503 5247 1649 5304 dicet
1667 5248 1908 5315 Graacns,
1943 5252 2171 5322 inquies,

567 5353 699 5393 cum
730 5336 924 5394 viderit
950 5354 1039 5394 me
1070 5355 1175 5392 non
1207 5339 1420 5393 curiose
1443 5339 1763 5409 inquirere?
1794 5341 2170 5411 Nequaquam:

570 5444 756 5499 neque
778 5428 923 5483 etiim
953 5431 1131 5484 omnia
1157 5429 1314 5499 plena
1353 5439 1476 5483 sunt
1505 5430 1838 5502 idolothytis,
1869 5442 1924 5486 ut
1952 5433 2054 5488 hoc
2081 5449 2174 5488 su-

577 5523 836 5592 spiceris,
868 5538 1043 5592 neque
1084 5533 1139 5578 tu
1195 5523 1284 5577 illa
1313 5534 1368 5578 ut
1399 5522 1694 5594 idolotliyta
1737 5525 2012 5595 degustas.
2053 5525 2174 5581 Noli

571 5632 711 5687 ergo
733 5618 944 5673 curiose
971 5615 1225 5687 indagare
1246 5631 1673 5686 supervacanea;
1696 5633 1869 5684 neque
1893 5633 2098 5682 rursus,
2129 5621 2174 5674 si

582 5708 751 5779 rationi
768 5709 978 5780 .dicant,
993 5710 1155 5768 idolis
1183 5708 1516 5766 immolatum
1531 5719 1631 5779 est,
1649 5711 1764 5782 ejus
1781 5713 1855 5768 sis
1876 5713 2163 5784 particeps.

1290 253 1345 309 ε.
1388 253 1666 310 JOANNIS
1700 251 2174 310 CllliYSOSTOMl
2213 254 2528 311 Al’tClllEP.
2569 255 3099 319 CONSTANTINOP.
3741 283 3828 342 2,33

2281 365 2410 421 Nam
2436 368 2662 438 gratiam
2683 370 2774 424 tibi
2796 370 3042 429 Christus
3063 373 3229 442 dedit,
3251 380 3634 457 sublimemque
3659 399 3707 448 te
3725 393 3831 454 fecit

2279 468 2441 527 atque
2475 457 2600 514 huic
2644 459 2841 516 damno
2869 465 3227 535 superiorem,
3256 486 3362 526 non
3395 483 3452 528 ut
3477 479 3613 533 male
3647 484 3830 555 audias,

2282 567 2456 622 neque
2483 561 2559 618 ut,
2591 553 2734 610 unde
2760 564 2964 611 tantum
2995 557 3232 618 lucratus
3258 579 3316 620 es
3338 573 3398 621 ut
3424 570 3620 638 gratias
3645 553 3830 645 ageres,

2281 642 2403 698 inde
2433 643 2502 697 ita
2532 643 2667 701 alios
2691 646 2857 703 laedas
2883 658 2942 703 ut
2970 649 3361 722 blasphement.
3418 658 3528 714 Cur
3567 642 3723 732 enim,
3762 668 3832 724 in-

2279 733 2551 831 quit,_non
2597 735 2720 794 dico
2757 737 2970 808 Grazco,
3003 741 3157 798 Rodo
3196 755 3251 801 et
3299 750 3430 802 nihil
3461 751 3640 820 lzedor,
3683 773 3833 831 neque

2279 825 2429 892 quasi
2472 825 2775 883 diemonum
2814 832 3018 888 amicus
3050 835 3150 889 hoc
3183 837 3317 895 facio
3339 841 3363 895 ?
3389 841 3523 910 Quia
3554 861 3655 903 non
3682 825 3833 918 potest

2280 918 2624 986 persuadere,
2654 922 2866 977 etiamsi
2893 925 3087 982 millies
3118 927 3263 985 dicas
3294 947 3308 984 :
3340 933 3582 992 inﬁrmus
3629 956 3831 1014 namque

2278 1018 2362 1062 est
2389 1019 2443 1064 et
2464 1009 2732 1069 inimicus.
2767 1015 2823 1070 Si
2865 1017 3009 1072 enim
3043 1020 3192 1076 fratri
3236 1025 3472 1082 nondum
3525 1009 3829 1102 persuasisti,

2279 1101 2447 1157 multo
2486 1103 2664 1159 minus
2707 1107 2924 1164 inimico
2970 1119 3024 1164 et
3052 1110 3240 1168 Graeco
3271 1119 3638 1184 persuadebis.
3675 1123 3723 1180 Si
3759 1125 3830 1182 illo

2280 1209 2374 1264 per
2403 1199 2789 1255 conscientiam
2841 1202 2999 1258 idolis
3044 1207 3304 1263 iunnolati
3364 1213 3645 1282 retinetur,
3689 1222 3827 1275 multo

2277 1291 2447 1360 magis
2477 1290 2725 1348 inﬁdelis.
2749 1294 2888 1364 Quid
2910 1306 3087 1354 autem
3117 1301 3270 1357 nobis
3293 1312 3400 1360 tam
3422 1307 3600 1364 multis
3621 1325 3743 1380 opus
3763 1325 3829 1369 est

2278 1381 2552 1451 negotiis?
2580 1383 2718 1452 Quid
2750 1401 2900 1456 ergo,
2933 1389 3056 1459 quia
3087 1391 3362 1448 Christum
3391 1400 3631 1455 novimus
3653 1412 3703 1457 et
3726 1419 3826 1474 gra-

2281 1475 2380 1529 tias
2409 1476 2635 1545 agimus,
2668 1479 2744 1535 illi
2765 1490 2942 1537 autem
2968 1482 3366 1556 blasphemant,
3390 1490 3510 1546 ideo
3535 1493 3601 1547 ab
3621 1494 3711 1550 hoc
3727 1499 3826 1552 abs-

2278 1568 2598 1625 tinebimus?
2627 1575 2809 1644 Apage
2837 1593 2851 1631 :
2879 1591 2984 1632 non
3032 1579 3174 1633 enim
3203 1596 3298 1650 par
3329 1599 3418 1640 res
3442 1596 3522 1641 est
3549 1605 3562 1641 :
3591 1589 3688 1645 illic
3709 1593 3822 1647 enim

2279 1661 2484 1716 lucrum
2515 1680 2763 1736 magnum
2790 1677 2894 1736 est,
2922 1671 3062 1740 quod
3087 1672 3477 1745 blasphemiam
3510 1681 3742 1749 feramus,
3759 1685 3825 1739 hic

2276 1766 2452 1809 autem
2479 1757 2613 1812 nihil
2635 1761 2735 1814 erit
2758 1760 2910 1816 lucri.
2932 1762 3055 1819 Ideo
3080 1767 3228 1836 prius
3253 1769 3468 1827 dicebat
3534 1773 3698 1841 Neque
3719 1779 3824 1830 enim

2275 1846 2319 1898 si
2334 1848 2720 1917 manducamus,
2745 1853 3086 1924 abundamus;
3108 1877 3266 1929 neque
3285 1864 3450 1918 sinon
3480 1869 3821 1936 manducamus,

2277 1934 2537 2004 deﬁcimus
2565 1939 2611 2010 (Ι
2629 1978 2642 1993 .
2668 1941 2786 1996 Cor.
2819 1944 2871 1999 8.
2898 1945 2976 2015 8).
3009 1947 3210 2006 Przeter
3239 1951 3357 2008 hare
3388 1965 3564 2012 autem
3595 1973 3698 2014 rem
3725 1934 3822 2016 esse

2278 2023 2582 2096 fugiendam
2609 2037 2991 2104 pronuntiavit,
3017 2039 3085 2094 ita
3105 2051 3161 2096 ut
3175 2043 3277 2098 alia
3299 2049 3460 2102 etiam
3477 2049 3672 2106 ratione
3691 2052 3824 2107 absti-

2278 2135 2406 2214 nere
2436 2133 2699 2191 Oporteat,
2736 2143 2841 2182 non
2873 2129 2994 2186 ideo
3026 2140 3254 2200 tantum,
3291 2139 3386 2194 sed
3438 2140 3509 2196 ob
3549 2144 3672 2197 alias
3716 2161 3822 2214 quas

2275 2208 2410 2266 dixit
2437 2227 2647 2271 causas.
2678 2219 2765 2274 51.
2787 2219 2908 2276 Sive
2925 2239 3046 2293 ergo
3069 2227 3414 2298 manducatis,
3445 2234 3543 2286 sive
3561 2208 3822 2302 bibitis,'sire

2276 2302 2420 2354 aliud
2439 2305 2563 2374 quid
2583 2307 2775 2378 facitis,
2804 2315 2975 2366 omnia
2992 2315 3046 2370 in
3066 2317 3288 2387 gloriam
3315 2321 3412 2376 Dei
3427 2325 3592 2395 facile.
3617 2326 3819 2383 Vidistiu'

2276 2395 2548 2463 quomodo
2590 2413 2619 2452 a
2652 2415 2713 2456 re
2743 2404 3014 2472 proposita
3045 2407 3112 2463 ad
3160 2409 3213 2464 id
3263 2413 3408 2482 quod
3443 2416 3722 2472 universale
3755 2427 3821 2473 est

2276 2485 2704 2546 adhortationem
2733 2493 3034 2564 deduxerit,
3059 2517 3160 2555 una
3183 2505 3542 2572 pulcherrima
3565 2510 3703 2564 nobis
3723 2511 3818 2565 data

2275 2575 2608 2648 deﬁnitione,
2652 2594 2707 2637 ut
2740 2585 2880 2642 Deus
2910 2605 3005 2658 per
3030 2594 3207 2648 omnia
3234 2596 3598 2666 gloriﬁcetur?
3621 2602 3701 2657 52.
3721 2602 3818 2657 Sine

2276 2666 2554 2734 offensione
2572 2683 2726 2728 estote
2741 2675 2942 2733 Judaei:
2968 2692 3014 2734 et
3042 2687 3278 2764 gentibus
3307 2698 3356 2742 et
3385 2689 3623 2747 Ecclesia
3653 2692 3747 2747 Dei.
3775 2694 3815 2755 Id

2275 2769 2378 2822 est,
2409 2763 2609 2818 nullam
2635 2767 2884 2838 cuiquam
2912 2771 3054 2828 detis
3100 2763 3312 2834 ansam.
3344 2779 3479 2837 Nam
3511 2783 3662 2839 frater
3683 2784 3817 2839 olfen-

2277 2850 2437 2916 ditur,
2460 2853 2675 2912 iud-.eus
2704 2861 2874 2931 magis
2905 2875 2956 2919 te
2975 2866 3100 2921 odio
3137 2868 3362 2928 habebit
3390 2883 3544 2944 teque
3570 2875 3812 2942 damnabit,

2274 2945 2490 3041 gentilis
2515 2949 2765 3008 similiter
2789 2963 3059 3028 tamquam
3093 2960 3403 3022 helluonem
3425 2969 3655 3025 irridebit
3679 2981 3724 3026 et
3745 2971 3816 3041 hy-

2278 3036 2560 3132 pocritam.
2601 3041 2716 3098 Non
2749 3046 2910 3102 modo
2951 3049 3145 3108 fratres
3171 3055 3453 3116 oﬁ'endere
3481 3076 3581 3116 non
3609 3036 3814 3132 oportet.

2276 3127 2394 3194 sed,
2427 3142 2686 3200 quantum
2741 3135 2858 3192 fieri
2890 3149 3096 3210 potest,
3144 3159 3211 3200 ne
3238 3161 3498 3207 externos
3541 3127 3748 3223 quidem.
3773 3152 3814 3205 Si

2275 3225 2418 3277 enim
2452 3225 2542 3280 lux
2567 3241 2752 3284 smnus
2776 3239 2830 3285 et
2847 3231 3167 3290 fermentum
3196 3249 3249 3293 et
3284 3241 3560 3298 luminaria
3585 3253 3633 3298 et
3665 3243 3749 3307 sal,
3771 3243 3818 3296 il-

2277 3313 2566 3384 luminare,
2599 3335 2706 3375 non
2739 3324 2975 3381 tenebris
3003 3326 3287 3388 olfundere
3307 3343 3550 3403 oportet;
3577 3335 3810 3404 Str-ingere,

2276 3423 2382 3464 non
2413 3409 2742 3481 dissolvere;
2772 3415 2839 3470 ad
2869 3432 2967 3472 nos
2989 3419 3236 3479 inﬁdeles
3266 3425 3552 3492 attrahere,
3586 3441 3680 3480 non
3699 3425 3810 3493 fuga-

2276 3517 2356 3558 re.
2389 3504 2528 3572 Quid
2555 3521 2684 3577 ergo
2717 3514 3056 3581 persequeris
3087 3529 3200 3582 eos,
3233 3533 3371 3589 quos
3402 3520 3660 3575 attrahere
3684 3532 3806 3588 opor-

2276 3595 2385 3648 tet?
2447 3597 2656 3652 Etenim
2683 3599 2853 3656 Grmci
2881 3601 3226 3661 oﬁ'enduntur
3254 3624 3379 3664 cum
3425 3626 3520 3665 nos
3565 3610 3726 3664 vident
3760 3605 3806 3660 ad

2279 3685 2400 3741 talia
2428 3698 2759 3746 revertentes
2783 3709 2796 3745 :
2829 3704 3062 3750 mentem
3084 3699 3229 3753 enim
3256 3711 3490 3756 nostram
3511 3717 3610 3757 non
3635 3706 3804 3757 norunt.

2277 3793 2450 3850 neque
2479 3781 2623 3852 quod
2649 3785 2826 3839 anima
2849 3799 3030 3842 nostra
3059 3790 3130 3844 sit
3154 3791 3439 3849 sublimior
3463 3793 3695 3862 omnique
3715 3805 3808 3843 seu-

2276 3870 2420 3926 sibili
2473 3875 2680 3930 macula
2735 3878 3003 3947 superior.
3044 3881 3215 3937 Judaei
3262 3901 3394 3941 vero
3445 3896 3497 3942 et
3539 3883 3806 3940 inﬁrmiores

2277 3960 2471 4019 fratres
2499 3966 2690 4022 eadem
2735 3970 2847 4039 ipsa
2877 3972 3165 4041 patientur.
3205 3975 3396 4033 Viden’
3419 3987 3635 4048 quantas
3657 3985 3806 4044 Posue'

2277 4053 2348 4107 rit
2375 4069 2585 4122 causas,
2621 4057 2692 4113 ob
2718 4075 2853 4129 quas
2879 4072 3127 4133 oporteat
3146 4066 3216 4121 ab
3245 4068 3310 4122 iis
3325 4083 3444 4138 quae
3474 4067 3619 4122 idolis
3655 4065 3805 4119 immo-

2277 4148 2381 4202 lata
2447 4159 2570 4205 sunt
2614 4151 2926 4210 abstinere?
2973 4166 3193 4227 propter
3223 4161 3592 4227 inutilitatem,
3635 4164 3804 4228 propch

2277 4241 2723 4311 superﬂuitatem,
2746 4245 2820 4301 ob
2839 4246 3093 4304 damnum
3113 4251 3318 4322 fratris,
3343 4255 3412 4309 ob
3431 4253 3593 4309 Judaei
3611 4246 3802 4318 blasphe-

2277 4333 2462 4399 miam,
2491 4335 2560 4391 ob
2586 4334 2758 4392 Grasci
2783 4339 3124 4398 maledictum
3144 4360 3158 4410 ;
3177 4347 3320 4415 quod
3343 4363 3448 4401 non
3475 4351 3694 4417 oporteat
3713 4352 3800 4394 cum

2277 4423 2610 4480 daemonibus
2660 4431 3059 4488 communicare
3084 4476 3096 4498 ,
3132 4437 3275 4504 quod
3323 4453 3386 4492 ea
3422 4452 3504 4492 res
3555 4426 3804 4488 idololatria

2278 4517 2519 4586 quadam
2550 4519 2638 4574 sit.
2674 4521 2878 4577 Deinde
2907 4526 3028 4592 quia
3058 4526 3213 4595 dixit,
3243 4530 3370 4586 Sine
3387 4527 3648 4596 o/fcnsionc
3666 4527 3798 4579 estalt.

2279 4616 2334 4662 et
2373 4608 2636 4667 obnoxios
2663 4611 2784 4668 illos
2829 4614 2958 4670 fecit
2977 4625 3031 4672 et
3055 4620 3340 4688 gentilium
3367 4630 3422 4675 et
3441 4619 3716 4675 Judzeorum
3737 4608 3801 4661 ἀπ’

2280 4701 2442 4767 mnis,
2467 4711 2625 4772 atque
2654 4703 2780 4760 illud
2799 4721 2960 4776 grave
2989 4709 3379 4782 molestumque
3405 4719 3546 4772 erat;
3572 4705 3676 4759 νίάθ
3699 4712 3800 4769 αυο·

2268 4795 2442 4850 modo
2481 4797 2614 4852 illud
2646 4801 2976 4870 acceptabile
3017 4812 3072 4857 et
3097 4803 3216 4860 leve
3261 4804 3450 4868 faciat,
3479 4813 3590 4855 sese
3615 4791 3800 4850 medium

2267 4901 2490 4956 ponens
2510 4903 2574 4943 ac
2593 4887 2779 4946 dicens
2813 4909 2826 4944 :
2853 4892 2942 4947 55.
2965 4893 3111 4948 Sicut
3131 4905 3178 4949 et
3203 4913 3294 4968 ego
3323 4911 3412 4964 per
3436 4890 3596 4947 omnia
3620 4879 3801 4968 omnibus

2281 4977 2493 5047 Ρίατεοὶ
2522 4995 2623 5033 non
2650 4997 2882 5050 qurere»:
2909 4986 3046 5054 quod
3061 4986 3185 5039 mihi
3204 4965 3328 5041 utile
3349 4995 3442 5051 est,
3465 4983 3552 5037 sed
3567 4974 3689 5049 quod
3705 4965 3802 5021 mul-

2281 5069 2376 5134 tis,
2408 5079 2462 5123 ut
2489 5071 2618 5124 salvi
2662 5073 2810 5139 ﬁant.
2841 5073 2996 5146 (Cap.
3029 5071 3202 5139 ll.)i.
3237 5077 3519 5132 lmitatorcs
3544 5067 3633 5123 mei
3657 5068 3800 5118 estote,

2280 5161 2410 5215 sicut
2460 5178 2550 5231 ego
2607 5163 2818 5219 Christi.

2354 5253 2407 5307 5.
2450 5252 2564 5308 Hoc
2588 5263 2671 5309 est
2695 5257 2878 5325 regula
2908 5258 3283 5328 perfectissimi
3310 5246 3696 5316 Christianismi.
3725 5240 3798 5338 Ιηξθ

2281 5353 2532 5399 accurata
2563 5345 2807 5404 deﬁnitio
2831 5391 2846 5414 ,
2895 5350 2997 5406 hoc
3025 5367 3291 5408 summum
3325 5348 3596 5420 fastigium,
3625 5349 3725 5408 qua:
3760 5342 3796 5380 ιη

2281 5452 2565 5493 commune
2592 5440 2876 5498 conferunt
2897 5461 3140 5514 qumrere
3163 5463 3178 5502 :
3208 5445 3346 5516 quod
3368 5453 3416 5499 et
3446 5444 3549 5511 ipse
3573 5428 3798 5489 declarans

2283 5531 2579 5601 ευδὶυηκίι,
2609 5534 2756 5588 Sicut
2784 5545 2830 5590 et
2857 5552 2949 5607 ego
2976 5536 3183 5594 Christi.
3219 5537 3356 5595 Nihil
3395 5533 3529 5590 enim
3558 5528 3619 5580 ita
3659 5517 3796 5588 potest

2287 5621 2606 5679 imitatorem
2635 5625 2832 5683 Christi
2864 5629 3060 5697 facere,
3091 5641 3150 5687 ut
3175 5646 3354 5690 curam
3395 5616 3602 5697 proximi
3626 5615 3792 5699 gerere-

2285 5716 2388 5773 Sed
2413 5719 2621 5775 etiamsi
2639 5721 2987 5794 ieiunaveris,
3032 5725 3180 5784 humi
3207 5719 3466 5785 cubueris,
3501 5713 3540 5768 si
3569 5718 3629 5768 te.
3659 5705 3704 5753 υι
3735 5702 3791 5746 ²¹³
