3962 6414
190 291 287 348 2(1
1217 288 1285 345 IN
1331 287 1549 346 EPIST.
1588 289 1606 344 l
1648 285 1740 342 AD
1777 307 1779 325 ι

1889 285 1938 340 ὶ.
1981 284 2220 341 ΗΟΜΙΙ..
2260 284 2422 340 XXV.

176 407 293 484 _:~Iw
313 405 491 461 πάλιν
513 409 830 480 φροντίζεις
853 426 869 476 ;
901 409 1013 464 Οὐκ
1043 405 1252 462 ἐκείνου
1285 407 1576 480 φροντίζω,
1599 405 1786 475 φησὶν,

203 491 324 547 άλλά
366 493 469 546 καὶ
510 493 757 549 ἐνταῦθα
795 494 908 548 σοῦ.
943 494 1034 547 Διὸ
1086 495 1178 548 καὶ
1205 494 1520 562 ἐπήγαγενο
1572 490 1705 545 Ἵνα
1734 489 1790 542 τί

202 576 302 646 γὰρ
327 577 366 645 ἠ
414 577 735 646 ἐλευθερία
768 597 889 647 μου
928 580 1191 646 κρίνεται
1229 578 1349 632 ὑπὸ
1403 578 1599 642 ἄλλης
1637 591 1790 629 συνο

199 661 484 727 ειὸήσεως
510 678 530 724 ;
562 661 880 732 ἐλευθερίαν
913 662 974 715 16
1003 662 1432 733 ἀπαρατήρητον
1464 661 1558 715 καὶ
1584 657 1790 714 ἀκώλυ-

198 761 283 796 τον
311 743 490 812 λέγων
525 762 538 775 ο
592 745 753 798 τοῦτο
780 748 888 815 γάρ
923 745 1229 817 ἐλευθερία,
1277 743 1575 815 Ἰουδαϊκῆς
1609 741 1789 813 ἀπηλ-

194 827 440 898 λαγμένη
469 827 738 892 δουλείας.
773 831 840 882 ⁸0
873 830 928 883 δὲ
971 830 1141 898 λέγει,
1187 828 1344 882 τοῦτό
1375 831 1522 882 ἐστιν
1545 843 1558 857 ·
1604 825 1788 880 Ἐλεύ-

198 910 350 981 θερόν
391 929 458 982 με
489 913 747 983 ἐποίησεν
788 915 816 966 6
845 913 998 976 Θεὸς,
1043 913 1138 966 καί
1183 914 1366 982 πάσης
1401 911 1607 982 βλάϐης
1642 909 1785 966 ἀνώ-

196 1011 387 1064 τερον
444 995 562 1049 ἀλλ’
620 998 720 1050 οὐκ
757 994 898 1051 οἶδεν
938 1000 967 1051 6
998 997 1200 1068 Ἕλλην
1253 997 1499 1062 δικάζειν
1545 1000 1610 1068 τῇ
1677 997 1784 1067 ἐμῇ

193 1079 512 1152 φιλοσοφίᾳ,
567 1081 688 1135 οὐδὲ
736 1081 834 1153 τὴν
879 1082 974 1140 τοῦ
1008 1083 1281 1136 Δεσπότου
1328 1099 1430 1153 μου
1471 1081 1786 1152 φιλοτιμίαν

191 1164 453 1233 συνορᾷν.
489 1163 622 1217 ἀλλὰ
660 1165 1066 1234 καταγνώσεται
1101 1168 1194 1220 καὶ
1233 1167 1352 1237 ἐρεῖ
1379 1166 1516 1238 πρὸς
1558 1166 1783 1221 ἐαυτόν⁶

188 1247 381 1310 Μῦθος
411 1249 484 1301 τά
515 1251 882 1320 Χριστιανῶν,
909 1253 1205 1322 ἀπέχονται
1238 1253 1346 1307 τῶν
1372 1252 1626 1318 εἰδώλων,
1655 1253 1786 1320 φεύ-

186 1348 346 1398 γουσι
413 1332 697 1404 δαίμονας,
745 1337 838 1390 καὶ
906 1336 1015 1390 τῶν
1067 1337 1300 1402 ἐκείνοις
1352 1337 1785 1409 προσαγομένων

186 1415 440 1484 ἔχονται·
476 1418 646 1490 πολλὴ
686 1423 814 1492 παρ’
850 1421 1093 1494 αὐτοῖςὴ
1127 1422 1565 1494 γαστριμαργία.
1597 1421 1709 1474 Kal
1732 1421 1785 1474 τί

184 1500 387 1568 τοῦτο;
424 1503 578 1572 φησί’
609 1508 762 1558 ποῖον
785 1506 842 1559 δὲ
872 1508 1002 1578 ἡμῖν
1032 1505 1249 1576 βλάϐος,
1272 1506 1340 1561 ἂν
1367 1505 1553 1570 κακῶς
1577 1507 1785 1568 ἐκεῖνος

187 1585 394 1656 κρίνῃ;
423 1587 582 1658 Πόσῳ
611 1588 666 1642 δὲ
704 1589 912 1659 βέλτιον
945 1591 1006 1644 16
1048 1591 1186 1662 μηδέ
1209 1591 1348 1655 ὅλως
1385 1590 1592 1660 κρίνειν
1637 1588 1784 1661 αὐτῷ

185 1667 427 1735 διῶναις
455 1670 520 1724 ἃν
543 1672 649 1744 γάρ
679 1673 880 1746 ἀπέχῃ,
904 1674 1027 1728 οὐδέ
1051 1674 1228 1730 ταῦτα
1260 1677 1393 1745 ἐρεῖ.
1422 1673 1569 1741 Πῶς,
1596 1675 1781 1744 φησὶν,

185 1751 286 1804 οὐκ
314 1754 434 1824 ἐρεῖ
454 1771 469 1819 ;
493 1757 621 1810 ὅταν
656 1755 765 1828 γὰρ
791 1758 875 1830 ἴδῃ
914 1759 990 1831 μὴ
1030 1757 1355 1823 ἐξετάζοντα
1381 1757 1576 1819 ταῦτα,
1620 1757 1694 1828 μὴ
1725 1759 1784 1810 ἐν

192 1837 470 1910 μακέλλῳ,
513 1839 588 1910 μὴ
616 1841 675 1892 ἐν
717 1840 1027 1913 συμποσίῳ,
1062 1842 1180 1906 πῶς
1213 1842 1312 1895 οὐκ
1343 1843 1457 1912 ἐρεῖ
1485 1842 1579 1895 καί⁵
1613 1858 1784 1894 κατα-

189 1919 484 1986 γνώσεται,
516 1923 593 1985 ὼς
616 1924 924 1997 ἀδιαφόρως
958 1942 1058 1997 μου
1093 1926 1450 1996 μετέχοντος;
1479 1925 1745 1995 Οὐδαμῶς
1767 1941 1779 1953 ·

191 2004 250 2056 οὐ
289 2004 401 2077 γάρ
419 2005 496 2069 ὡς
525 2006 890 2062 εἰδωλοθύτων
926 2009 1196 2080 μετέχεις,
1234 2008 1350 2063 ἀλλ’
1383 2009 1458 2073 ὼς
1483 2007 1743 2080 καθαρῶν
1764 2025 1778 2038 ο

192 2091 240 2140 εἰ
273 2088 328 2143 δὲ
353 2091 416 2144 οὐ
452 2093 810 2166 περιεργάξῃ,
854 2095 942 2148 ἵνα
975 2093 1176 2166 δείξῃς,
1205 2095 1286 2148 ὅτι
1334 2096 1392 2148 οὐ
1437 2093 1682 2156 δέδοικας
1715 2093 1784 2146 τὰ

195 2172 548 2244 προκείμενα.
591 2177 692 2228 Διά
716 2177 824 2247 γὰρ
856 2177 1036 2241 τοῦτο,
1069 2177 1170 2231 κᾶν
1195 2179 1275 2242 εἰς
1309 2177 1582 2248 Ἑλλήνων
1607 2175 1783 2230 οἰκίαν

195 2254 463 2328 εἰσέλθῃς,
512 2258 616 2312 κᾶν
666 2261 746 2322 εἰς
790 2260 997 2332 ἀγοράν
1027 2261 1297 2334 ἐμϐάλῃς.
1335 2261 1434 2314 οὐκ
1474 2260 1680 2332 ἀφίημί
1723 2277 1782 2313 σε

195 2340 423 2411 ἐρωτᾷν,
459 2342 547 2396 ἴνα
583 2343 657 2414 μὴ
696 2344 967 2416 ψοφοδεὴς
994 2347 1128 2417 γένῃ
1162 2346 1297 2416 μηδὲ
1328 2343 1608 2416 λινοπλὴξ,
1647 2344 1784 2417 μηδὲ

196 2423 428 2492 περιττά
472 2427 650 2496 ἐαυτῷ
702 2428 1005 2499 πράγματα
1038 2429 1308 2501 παρέχῃς.
1336 2431 1405 2483 El
1435 2429 1552 2498 ἐγὼ
1589 2428 1784 2498 χάριτι

196 2509 435 2577 μετέχω,
486 2512 545 2564 τι
583 2512 1070 2584 βλασφημοῦμαι
1101 2514 1254 2582 ὑπὲρ
1292 2509 1364 2569 οὗ
1393 2513 1509 2583 ἐγὼ
1537 2517 1782 2582 εὐχαρι-

195 2590 355 2655 στῶ;
381 2593 538 2658 Τίνος
567 2597 816 2667 μετέχεις
834 2599 1200 2670 χάριτι;·εἰπέ
1231 2616 1342 2669 μοι.
1369 2598 1490 2653 Τῶν
1517 2598 1614 2652 τοῦ
1642 2598 1781 2651 Θεοῦ

195 2673 448 2742 δωρεῶν·
503 2679 535 2748 ὴ
585 2679 694 2750 γάρ
748 2683 908 2753 χάρις
965 2683 1131 2737 αὐτοῦ
1176 2683 1438 2754 τοσαύτη,
1483 2682 1560 2746 ὡς
1612 2700 1777 2736 καται

194 2761 456 2814 σκευάσαι
502 2780 595 2832 μοι
636 2763 735 2834 τὴν
783 2765 961 2836 ψυχὴν
1015 2767 1315 2836 ἀμόλυντον
1353 2767 1448 2819 καὶ
1499 2767 1782 2837 ἀνωτέραν

192 2842 370 2912 πάσης
410 2846 643 2916 κηλῖδος.
703 2848 967 2920 Καθάπερ
1011 2851 1121 2922 γὰρ
1171 2851 1322 2922 ἥλιος
1371 2851 1628 2919 ἐπαφιεὶς
1679 2849 1783 2912 τάς

189 2924 413 2990 ἀκτῖνας
477 2929 702 2994 πολλαῖς
753 2931 958 3004 κηλῖσι,
1033 2934 1195 2988 πάλιν
1256 2933 1427 2997 αὐτάς
1498 2931 1782 2986 συστέλλει

188 3008 465 3082 καθαράς·
494 3013 637 3067 οὕτω
673 3015 766 3068 καὶ
790 3018 970 3088 ἡμεῖς,
998 3017 1094 3070 καί
1120 3017 1300 3089 πολλῷ
1335 3016 1512 3081 πλέον,
1542 3017 1600 3070 ἐν
1630 3015 1781 3087 μέσῳ

187 3091 263 3162 τῷ
320 3095 514 3167 κόσμῳ
570 3099 949 3170 στρεφόμενοι,
1016 3099 1252 3172 καθαροὶ
1311 3100 1663 3171 διαμένομεν,
1711 3099 1780 3154 ἂν

184 3175 481 3249 ἐθέλωμεν,
535 3181 644 3251 ὅσῳ
685 3183 780 3236 καὶ
816 3183 1039 3254 μείζονα
1076 3183 1308 3254 δύναμιν
1346 3183 1565 3256 ἔχομεν.

253 3337 319 3412 β’.
347 3338 415 3392 Τί
438 3335 534 3392 οῦν
555 3340 756 3412 ἀπέχῃ,
776 3343 939 3414 φησίν
962 3359 976 3408 ;
1001 3343 1114 3414 Οὐχ
1129 3342 1206 3407 ὡς
1239 3344 1447 3416 μέλλων
1468 3345 1782 3418 ἀκάθαρτος

181 3423 454 3490 γίνεσθαι,
495 3424 571 3498 μὴ
600 3426 830 3494 γένοιτο,
867 3429 1006 3484 ἀλλὰ
1036 3429 1126 3484 διὰ
1160 3429 1252 3484 τὸν
1286 3431 1536 3501 ἀδελφὸν,
1564 3433 1660 3486 καὶ
1693 3433 1782 3487 ἵνα

179 3508 254 3580 μὴ
286 3509 549 3574 κοινωνὸς
582 3511 828 3582 γένωμαι
862 3514 1180 3585 δαιμονίων,
1205 3515 1304 3570 καὶ
1333 3515 1422 3570 ἵνα
1464 3517 1540 3586 μὴ
1567 3515 1772 3587 κρίνωο

177 3609 280 3660 μαι
310 3593 468 3662 παρά
498 3592 593 3646 τοῦ
629 3594 882 3650 ἀπίστου.
923 3597 1191 3652 Ἐνταῦθα
1222 3597 1333 3670 γὰρ
1363 3599 1550 3652 οὐκέτι
1590 3599 1780 3653 λοιπὸν

176 3675 206 3745 ἡ
237 3675 432 3744 φύσις,
478 3675 596 3729 ἀλλ’
621 3678 655 3749 ή
684 3680 946 3751 παρακοὴ.
967 3680 1062 3734 καὶ
1095 3683 1129 3752 ἡ
1159 3681 1296 3752 πρὸς
1331 3681 1595 3752 δαίμονας
1624 3682 1779 3753 φιλία

172 3763 322 3812 ποιεῖ
353 3776 425 3830 με
458 3761 795 3833 ἀκάθαρτον,
837 3766 930 3819 καὶ
957 3767 989 3836 ή
1019 3766 1344 3837 προαίρεσις
1373 3766 1466 3819 τὸν
1494 3767 1778 3838 μολυσμὸν

167 3841 498 3912 ἐργάζεται.
537 3843 601 3895 Τί
642 3845 700 3898 δέ
739 3846 879 3909 ἐστι,
917 3847 981 3901 Τί
1006 3847 1489 3918 βλασφημοῦμαι
1522 3849 1675 3918 ὑπὲρ
1705 3846 1778 3906 οὗ

166 3929 284 3997 ἐγὼ
310 3927 660 3996 εὐχαριστῶ
675 3943 695 3992 ;
745 3927 886 3998 Ἐγὼ
925 3931 1024 4001 μὲν
1059 3931 1190 4004 γὰρ,
1235 3933 1422 4002 φησὶν,
1467 3933 1779 4003 εὐχαριστῶ

167 4012 248 4082 τῷ
279 4011 433 4080 Θεῷ,
466 4011 550 4064 ὅτι
578 4010 722 4065 οὕτω
753 4029 820 4082 με
856 4014 1061 4085 ὑψηλὸν
1087 4015 1314 4086 ἐποίησε
1346 4017 1440 4070 καὶ
1474 4016 1778 4087 Ἰουδαϊκῆς

166 4097 574 4164 ταπεινότητος
619 4096 912 4168 ἀνώτερον,
941 4100 1018 4164 ὼς
1053 4100 1369 4172 μηδαμόθεν
1401 4101 1736 4172 βλάπτεσθαι
1757 4121 1774 4137 ο

168 4183 218 4235 οἰ
245 4181 306 4234 δὲ
333 4179 625 4251 Ἕλληνες,
655 4181 757 4233 οὐκ
786 4181 987 4245 εἰδότες
1013 4199 1116 4253 μου
1135 4184 1236 4256 τὴν
1261 4184 1602 4255 φιλοσοφίαν,
1645 4188 1778 4242 τάν·

169 4267 334 4318 αντία
373 4263 776 4317 ὐποπτεύσουσι
804 4265 900 4318 καὶ
934 4265 1173 4336 ἐροῦσιν,
1210 4268 1292 4321 ὅτι
1322 4269 1641 4340 Χριστιανοὶ
1667 4271 1778 4326 τῶν

167 4347 471 4418 ἡμετέρων
505 4348 768 4416 ἐφίενται,
800 4349 896 4402 καί
925 4349 1219 4421 ὑποκριταί
1242 4351 1388 4416 τινές
1410 4354 1538 4418 εἰσι,
1563 4353 1778 4410 διαϐάλ-

168 4431 360 4493 λοντες
403 4429 508 4500 μὲν
534 4430 794 4500 δαίμονας
815 4432 909 4484 καὶ
951 4431 1444 4505 ἀποστρεφόμενοι,
1475 4436 1567 4489 ἐπὶ
1593 4436 1652 4490 δὲ
1677 4439 1776 4502 τὰς

171 4513 462 4585 τραπέζας
487 4512 664 4566 αὐτῶν
685 4514 969 4585 τρέχοντες
993 4530 1007 4542 ·
1042 4509 1104 4570 οῦ
1122 4516 1176 4569 τί
1196 4517 1393 4586 γένοιτ’
1419 4517 1488 4573 ἂν
1509 4519 1774 4591 ἀναισθη-

177 4605 430 4672 τότερον;
459 4599 561 4652 οὐκ
600 4599 710 4670 ἄρα
751 4600 1010 4669 ἀληθείας
1039 4600 1253 4669 ἕνεκεν,
1285 4601 1424 4657 ἀλλὰ
1457 4602 1776 4675 φιλοτιμίας

182 4687 274 4737 καὶ
303 4682 604 4754 φιλαρχίας
635 4683 728 4736 ἐπὶ
758 4684 818 4738 16
843 4685 1022 4756 δόγμα
1048 4684 1209 4739 τοῦτο
1230 4685 1546 4758 ἐληλύθασι.
1591 4688 1774 4760 Πόσης

183 4767 334 4839 [9.22]
365 4762 457 4820 οὖν
488 4766 672 4830 ἀνοίας
689 4767 755 4820 ἂν
776 4767 884 4838 εἴη,
913 4769 1054 4840 ὑπὲρ
1075 4762 1150 4823 ὧν
1172 4768 1345 4833 οὕτως
1371 4769 1770 4842 εὐηργετήθην,

185 4852 256 4914 ὼς
292 4851 385 4904 καὶ
422 4851 787 4922 εὐχαριστεῖν,
822 4851 964 4924 ὑπὲρ
986 4853 1192 4908 τούτων
1225 4853 1578 4926 βλασφημίας
1602 4857 1773 4912 αἴτιον

193 4933 458 5000 γίνεσθαι;
494 4934 654 4988 Ἀλλά
678 4934 850 4989 ταῦτα
875 4939 969 4990 καὶ
996 4936 1092 4991 νῦν
1113 4937 1249 5008 ἐρεῖ,
1273 4939 1457 5008 φησὶν,
1485 4940 1514 4992 6
1548 4939 1769 5012 Ἕλλην,

197 5017 321 5068 ὅταν
353 5017 432 5088 ἰδῃ
470 5018 544 5088 μὴ
591 5017 1125 5091 περιεργαζόμενονς
1170 5021 1470 5093 Οὐδαμῶς·
1514 5023 1632 5076 οὐδὲ
1663 5025 1772 5096 γάρ

201 5100 374 5152 πάντα
411 5101 773 5156 εἰδωλοθύτων
827 5103 1008 5174 γέμει,
1064 5104 1152 5158 ἵνα
1198 5104 1360 5159 τοῦτο
1417 5105 1768 5181 ὑποπτεύσῃ·

193 5181 322 5236 οὔτε
359 5182 504 5249 αὐτὸς
529 5185 607 5248 ὼς
639 5185 1004 5241 εἰδωλοθύτων
1027 5187 1297 5259 ἀπογεύῃ.
1329 5189 1420 5260 Μὴ
1455 5191 1636 5244 τοίνυν
1676 5207 1774 5243 πε-

193 5266 478 5341 ριεργάζου
511 5269 746 5342 περιττά
763 5309 778 5334 ,
817 5271 938 5342 μηδ’
967 5268 1033 5326 αὖ
1060 5273 1256 5349 πάλιν,
1286 5273 1556 5343 λεγόντων
1582 5276 1770 5343 τινῶν,

189 5355 270 5408 ὅτι
306 5352 666 5408 Είδωλόθυτόν
713 5354 852 5417 ἐστι,
886 5355 1155 5411 κοινώνει.
1202 5357 1312 5411 Kal
1337 5357 1448 5428 γάρ
1476 5360 1505 5411 6
1537 5358 1772 5429 Χριστὸς

190 5438 341 5511 χάριν
365 5455 446 5492 σοι
479 5439 672 5502 ἔδωκε,
705 5439 802 5492 καὶ
836 5439 1040 5510 ὑψηλόν
1073 5457 1130 5494 σε
1166 5439 1390 5512 ἐποίησε
1416 5441 1510 5494 καὶ
1545 5443 1770 5512 μείζονα

190 5520 282 5592 τῆς
309 5521 519 5574 ἐκεῖθεν
545 5521 772 5592 βλάϐης,
801 5522 900 5592 οὐχ
919 5523 1007 5576 ἵνα
1031 5522 1216 5588 κακῶς
1241 5524 1502 5596 ἀκούσῃς,
1527 5525 1633 5579 οὐδ’
1664 5526 1769 5589 ἵνα,

193 5606 299 5660 ὅθεν
317 5605 555 5660 τοσαῦτα
579 5605 878 5676 ὲκέρδανας
907 5606 984 5670 ὡς
1012 5608 1104 5660 καὶ
1124 5608 1493 5679 εὐχαριστεῖν,
1519 5608 1770 5663 ἐντεῦθεν

195 5690 316 5745 οὕτω
348 5690 566 5762 βλάψῃς
594 5690 814 5761 ἑτέρους
844 5690 918 5753 ὡς
945 5692 1038 5745 καὶ
1061 5690 1423 5764 βλασφημεῖν.
1452 5693 1550 5746 Διά
1583 5693 1636 5744 τί
1660 5693 1770 5763 γάρ

196 5777 242 5828 οὗ
266 5776 406 5845 λέγω
438 5775 518 5844 τῷ
560 5773 807 5844 Ἕλληνι,
841 5773 1026 5844 φησὶν,
1062 5776 1144 5830 ὅτι
1188 5777 1297 5830 Kal
1328 5775 1528 5847 τρώγω
1561 5776 1654 5827 καὶ
1681 5777 1768 5828 οὐ·

195 5861 267 5914 ἰὲν
290 5862 630 5933 βλάπτομαι.
675 5859 770 5911 καὶ
802 5857 880 5911 ὅτι
916 5857 1026 5928 Οὐχ
1055 5859 1130 5923 ὡς
1158 5859 1328 5932 φιλῶν
1355 5861 1479 5924 τοὺς
1504 5858 1767 5930 δαίμονας

3369 287 3477 341 208

1897 401 2056 458 τοῦτο
2088 402 2258 470 ποιῶ;
2295 403 2419 456 Ὅτι
2461 401 2522 456 οὐ
2565 401 2792 458 δύνασαι
2829 405 3042 467 πεῖσαι,
3085 403 3186 457 κᾶν
3229 403 3490 475 μυριάκις

1900 486 2096 558 λέγῃς·
2129 487 2360 560 ἀσθενὴς
2389 489 2498 558 γάρ
2535 490 2672 555 ἐστι,
2715 489 2810 543 καὶ
2849 488 3128 559 πολέμιος.
3162 490 3224 542 Εἰ
3255 489 3367 558 γάρ
3399 490 3489 542 τὸν

1898 570 2128 640 ἀδελφὸν
2179 571 2391 625 οὐδέπω
2429 572 2672 637 ἔπεισας,
2721 573 2900 646 πολλῷ
2937 573 3138 643 μᾶλλον
3169 573 3261 626 τὸν
3297 573 3490 644 ἐχθρὸν

1898 656 1994 708 καὶ
2028 655 2289 727 Ἕλληνα.
2319 658 2380 710 Εἰ
2406 659 2610 722 ἐκεῖνος
2646 659 2738 712 ἐπὶ
2767 661 2834 728 τῇ
2867 658 3170 728 συνειδήσει
3202 657 3296 711 τοῦ
3339 659 3490 712 εἰδω-

1897 739 2121 795 λοθύτου
2167 742 2480 812 κατέχεται,
2531 742 2706 814 πολλῷ
2745 743 2946 814 μᾶλλον
2983 745 3011 797 6
3043 744 3292 807 ἄπιστος.
3333 742 3397 795 Τί
3433 743 3490 795 δὲ

1894 829 2028 898 ἡμῖν
2061 829 2156 882 καὶ
2195 829 2537 900 πραγμάτων
2573 829 2653 883 δεῖ
2697 828 3002 895 τοσούτων;
3036 829 3101 882 Τί
3146 825 3261 892 οὖν,
3299 829 3488 898 ἐπειδὴ

1895 911 2131 982 Χριστὸν
2171 911 2418 982 ἔγνωμεν
2459 915 2554 966 καί
2607 912 3061 984 εὐχαριστοῦμεν,
3105 911 3488 983 βλασφημοῦσι

1893 995 1952 1049 δὲ
2003 998 2223 1060 ἐκεῖνοι,
2284 997 2370 1052 διὰ
2409 996 2569 1050 τοῦτο
2625 996 3052 1066 ἀποστησόμεθα
3101 996 3196 1050 καὶ
3257 995 3486 1061 τούτους

1899 1079 2151 1150 Ἀπαγεο
2187 1081 2248 1134 οὐ
2284 1081 2393 1150 γάρ
2425 1083 2572 1134 ἐστιν
2617 1081 2731 1134 ἴσον
2757 1097 2772 1112 ο
2813 1083 2930 1134 ἐκεῖ
2974 1082 3072 1152 μὲν
3116 1081 3226 1152 γάρ
3265 1081 3404 1134 πολὺ
3429 1081 3487 1133 16

1895 1163 2086 1242 κέρδος
2115 1168 2178 1218 ἐκ
2215 1164 2309 1219 τοῦ
2361 1167 2552 1236 φέρειν
2595 1168 2696 1237 τὴν
2740 1165 3110 1236 βλασφημίαν.
3162 1164 3396 1218 ἐνταῦθα
3429 1164 3487 1216 δὲ

1893 1248 2045 1302 οὐδὲν
2100 1248 2252 1302 ἔσται
2285 1250 2471 1303 πλέον.
2513 1251 2604 1304 Διὸ
2633 1251 2728 1304 καί
2762 1248 3048 1321 προλαϐὼν
3075 1250 3262 1317 ἐλεγεν
3288 1267 3300 1279 ·
3336 1250 3486 1304 Οὔτε

1892 1333 2004 1401 γὰρ
2041 1333 2152 1387 ἐὰν
2197 1333 2495 1403 φάγωμεν,
2549 1337 3008 1404 περισσεύομεν,
3056 1336 3197 1389 οὔτε
3239 1333 3348 1388 ἐὰν
3396 1333 3482 1402 μὴ

1892 1415 2196 1486 φάγωμεν,
2247 1420 2660 1489 ὑστερούμεθα
2679 1431 2726 1472 ι.
2788 1419 2902 1472 Καὶ
2964 1420 3136 1488 χωρὶς
3193 1417 3382 1470 τούτου
3426 1417 3483 1469 δὲ

1893 1501 2126 1569 φευκτὸν
2169 1502 2231 1554 16
2278 1503 2512 1573 πρᾶγμα
2548 1502 2848 1571 ἀπέφηνεν,
2895 1499 3036 1554 ὥστε
3085 1501 3179 1555 καὶ
3214 1499 3482 1571 ἑτέρωθεν

1892 1583 2074 1637 αὐτῶν
2099 1585 2399 1654 ἀπέχεσθαι
2431 1585 2531 1650 δεῖ,
2578 1586 2638 1638 οὐ
2685 1585 2773 1639 διὰ
2806 1583 2962 1638 τοῦτο
2997 1584 3176 1654 μόνον,
3210 1583 3344 1638 ἀλλὰ
3391 1583 3484 1635 καὶ

1890 1665 1980 1719 διὰ
2007 1667 2104 1731 τὰς
2133 1666 2301 1733 ἄλλας
2327 1669 2392 1732 ἃς
2427 1672 2649 1741 εἴρηκεν
2677 1669 2876 1732 αἰτίας.
2911 1668 3049 1722 Εῑτε
3075 1662 3191 1722 οὖν
3225 1667 3482 1728 ἐσθίετε,

1890 1750 2010 1804 site
2034 1753 2257 1811 πίνετε,
2289 1754 2409 1806 εἴτε
2434 1769 2484 1806 τι
2513 1752 2753 1815 ποιεῖτε,
2785 1751 2984 1806 πάντα
3009 1753 3099 1816 εἰς
3123 1749 3310 1814 δόξαν
3337 1750 3485 1803 Θεοῦ

1891 1833 2132 1888 ποιεῖτε.
2171 1831 2327 1900 Εἶδες
2349 1835 2466 1898 πῶς
2498 1834 2608 1890 ἀπὸ
2634 1835 2728 1889 τοῦ
2757 1834 3118 1907 προκειμένου
3145 1834 3240 1888 ἐπὶ
3269 1833 3329 1886 16
3354 1832 3486 1886 καθ-

1890 1918 2072 1972 ολικδν
2109 1919 2346 1992 ἐξήγαγε
2399 1922 2499 1993 τὴν
2538 1921 2887 1992 παραίνεσιν,
2938 1921 3034 1973 ἕνα
3078 1919 3366 1974 κάλλιστον
3395 1919 3486 1970 τὸν

1891 2004 2014 2075 ὅρον
2045 2005 2180 2075 ἡμῖν
2207 2005 2351 2071 δοὺς,
2385 2005 2446 2059 τὸ
2474 2005 2564 2059 τὸν
2598 2005 2732 2058 Θεὸν
2758 2003 2846 2058 διὰ
2872 2005 3090 2058 πάντων
3123 2001 3441 2070 δοξάζεσθαι
3469 2015 3484 2066 ;

1903 2088 2307 2155 Ἀπρόσκοποι
2355 2091 2597 2160 γίνεσθε
2629 2089 2728 2144 καί
2771 2089 3071 2155 Ἰουδαίοις
3103 2088 3198 2141 καί
3229 2087 3486 2151 Ἕλλησι

1890 2172 1992 2225 καί
2030 2173 2104 2241 τῇ
2153 2174 2482 2242 Ἐκκλησία
2533 2173 2641 2229 τοῦ
2683 2173 2852 2228 Θεοῦ.
2893 2172 3174 2237 Τουτέστι,
3213 2169 3486 2242 μηδεμίαν

1890 2257 2162 2328 παρέχετε
2191 2257 2362 2329 λαϐὴν
2391 2259 2602 2330 μηδενί.
2635 2260 2746 2312 Kal
2779 2258 2888 2329 γὰρ
2925 2259 2953 2312 6
2983 2256 3215 2326 ἀδελφὸς
3247 2254 3486 2309 σκανδα-

1889 2339 2118 2406 λίζεται,
2149 2341 2290 2394 καὶὸ
2327 2341 2576 2407 Ἰουδαῖος
2608 2341 2808 2411 μᾶλλόν
2840 2358 2900 2394 σε
2933 2340 3156 2410 μισήσει
3185 2339 3280 2392 καί
3313 2354 3482 2391 κατα-

1890 2422 2160 2493 γνώσεταί
2200 2441 2316 2487 σου,
2367 2427 2463 2480 καὶ
2500 2427 2529 2478 6
2582 2425 2782 2496 Ἕλλην
2823 2425 3023 2495 ὁμοίως
3069 2422 3144 2485 ὼς
3179 2422 3485 2492 λαίμαργον

1889 2509 2033 2564 οὕτω
2065 2511 2360 2579 γελάσεται
2394 2513 2491 2566 καὶ
2526 2511 2851 2582 ὑποκριτήν.
2905 2510 2979 2562 Οὐ
3023 2508 3186 2578 μόνον
3226 2507 3284 2559 δὲ
3327 2506 3484 2560 ἀδελ-

1891 2596 2024 2664 φοὺς
2054 2597 2116 2649 οὐ
2140 2595 2246 2668 χρὴ
2276 2596 2552 2668 πλήττειν,
2586 2596 2701 2649 ἀλλ’
2730 2597 2788 2648 ἐν
2808 2597 2918 2657 τοῖς
2942 2594 3190 2655 δυνατοῖς
3220 2591 3339 2644 οὐδὲ
3360 2593 3484 2656 τοὺς

1891 2677 2112 2744 ἔξωθεν.
2157 2679 2217 2731 Εἰ
2253 2679 2360 2752 γὰρ
2405 2679 2520 2748 φῶς
2553 2681 2725 2748 ἐσμεν
2754 2679 2849 2731 καὶ
2881 2677 3026 2746 ζύμη
3075 2677 3169 2729 καὶ
3195 2675 3483 2745 φωστῆρες

1891 2764 1985 2815 καὶ
2021 2763 2158 2828 ἃλας
2181 2766 2230 2831 ι’,
2265 2765 2542 2833 φωτίζειν,
2569 2763 2629 2817 οὐ
2671 2761 2941 2825 σκοτίζειν
2970 2761 3083 2814 δεῖ·
3116 2760 3391 2829 σφίγγειν,
3422 2761 3484 2813 οὐ

1892 2847 2192 2919 παραλύειν
2213 2864 2226 2878 ⁸
2258 2847 2394 2918 πρὸς
2425 2847 2652 2910 ἐαυτοῦς
2683 2844 3022 2899 ἐπισπᾶσθαι
3049 2846 3176 2908 τοὺς
3195 2845 3483 2906 ἀπίστους,

1889 2931 1952 2983 οὐ
1995 2930 2341 2998 φυγαδεύειν.
2388 2931 2453 2984 Τί
2505 2931 2685 2984 τοίνυν
2733 2929 2971 2993 διώκεις,
3026 2926 3120 2992 οὓς
3159 2927 3482 2998 ἐφέλκεσθαι

1889 3013 1997 3079 δεῖς
2027 3016 2136 3068 Kal
2165 3017 2273 3088 γὰρ
2303 3015 2567 3088 Ἕλληνες
2589 3015 2940 3085 πλήττονται,
2968 3013 3097 3066 ὅταν
3122 3013 3273 3066 ῖδωσι
3297 3013 3487 3066 παλιν-

1889 3097 2226 3169 δρομοῦντας
2255 3100 2402 3171 ἡμᾶς
2430 3101 2509 3162 εἰς
2541 3098 2610 3152 τά
2644 3097 2902 3151 τοιαῦτα·
2952 3097 3052 3168 τὴν
3083 3095 3192 3168 γάρ
3245 3096 3486 3149 διάνοιαν

1889 3181 1992 3235 οὐκ
2023 3183 2222 3250 ἴσασιν,
2250 3183 2358 3236 οὐδ’
2387 3184 2469 3238 ὅτι
2503 3183 2705 3246 παντὸς
2743 3181 3000 3252 αἰσθητοῦ
3036 3179 3315 3251 μολυσμοῦ
3343 3180 3486 3233 ἀνωο

1888 3265 2023 3338 τέρα
2058 3266 2282 3336 γέγονεν
2316 3270 2349 3338 ἡ
2389 3267 2557 3339 ψυχή.
2600 3268 2712 3320 Kal
2755 3267 2805 3318 οἰ
2856 3265 3100 3319 Ἰουδαῖοι
3141 3263 3197 3317 δὲ
3237 3263 3332 3316 καὶ
3375 3265 3485 3316 τῶν

1890 3349 2136 3419 ἀδελφῶν
2175 3351 2224 3403 οἱ
2271 3350 2654 3422 ἀσθενέστεροι
2693 3349 2764 3403 τά
2811 3348 2952 3403 αὐτὰ
2995 3349 3294 3401 πείσονται.
3332 3343 3484 3412 Εἶδες

1889 3435 2063 3497 πόσας
2113 3434 2294 3498 αἰτίας
2342 3433 2580 3498 τέθεικε,
2626 3434 2696 3486 δι’
2725 3432 2792 3496 ἃς
2829 3431 2933 3503 χρὴ
2971 3432 3080 3484 τῶν
3119 3431 3484 3485 εἰδωλοθύτων

1889 3517 2229 3588 ἀπέχεσθαι;
2257 3517 2345 3570 διά
2374 3517 2436 3570 16
2462 3517 2740 3587 ἀνόνητον,
2765 3515 2855 3569 διὰ
2884 3515 2946 3568 16
2975 3515 3252 3586 περιττὸν,
3274 3514 3363 3568 διὰ
3385 3515 3484 3586 τὴν

1887 3602 1982 3656 τοῦ
2010 3601 2241 3671 ἀδελφοῦ
2279 3601 2506 3672 βλάϐην,
2541 3601 2633 3655 διὰ
2672 3603 2772 3674 τὴν
2799 3600 2893 3654 τοῦ
2935 3599 3192 3653 Ἰουδαίου
3235 3598 3482 3670 βλασφη-

1892 3687 2041 3757 μίαν,
2070 3686 2160 3740 διὰ
2198 3687 2300 3758 τὴν
2343 3685 2437 3739 τοῦ
2469 3685 2730 3756 Ἕλληνος
2773 3684 3137 3756 κακηγορίαν,
3177 3683 3267 3737 διὰ
3303 3684 3366 3736 16
3406 3685 3480 3754 μὴ

1887 3770 1996 3823 δεῖν
2015 3769 2235 3840 δαίμοσι
2259 3772 2556 3833 κοινωνεῖν,
2586 3769 2673 3824 διὰ
2695 3769 2755 3822 16
2785 3767 3230 3838 είδωλολατρείαν
3259 3766 3380 3820 τινά
3402 3764 3481 3821 εἷ-

1887 3869 1974 3906 ναι
1993 3852 2141 3925 [223]
2160 3853 2216 3906 16
2234 3855 2484 3925 πρᾶγμα.
2507 3849 2660 3914 Εἶτα,
2685 3852 2871 3922 ἐπειδὴ
2887 3848 3062 3912 εἶπεν,
3089 3853 3482 3921 Ἀπρόσκοποι

1887 3936 2164 4006 γίνεσθε,
2207 3937 2304 3990 καὶ
2344 3937 2681 4000 ὑπευθύνους
2733 3937 2932 3998 αὐτοὺς
2974 3935 3198 4004 ἐποίησε
3249 3935 3344 3988 καὶ
3382 3934 3482 4003 τῆς

1885 4021 1995 4074 τῶν
2045 4021 2314 4093 Ἑλλήνων
2361 4021 2568 4092 βλάϐης
2609 4022 2705 4074 καὶ
2745 4023 2845 4090 τῆς
2889 4020 2998 4073 τῶν
3047 4019 3337 4081 Ἰουδαίων,
3386 4020 3482 4070 καὶ

1887 4104 2026 4176 βαρύ
2056 4106 2118 4159 16
2150 4105 2442 4176 λεγόμενον
2477 4102 2568 4178 ἦν,
2611 4107 2713 4176 δρα
2749 4104 2866 4168 πῶς
2903 4102 3036 4158 αὐτὸ
3071 4101 3483 4173 εὐπαράδεκτον

1885 4190 1982 4242 καὶ
2010 4189 2214 4260 κοῦφον
2256 4192 2420 4255 ποιεῖ,
2458 4190 2630 4253 τιθεὶς
2667 4189 2858 4242 ἐαυτὸν
2896 4187 3081 4258 μέσον,
3127 4186 3222 4239 καὶ
3264 4185 3476 4254 λέγων·

1883 4272 2094 4339 Καθὼς
2124 4273 2288 4343 κάγὼ
2313 4272 2512 4328 πάντα
2553 4271 2744 4328 πᾶσιν
2771 4274 3030 4340 ἀρέσκω,
3071 4269 3158 4339 μὴ
3199 4268 3386 4336 ζητῶν
3409 4269 3478 4323 τὸ

1883 4357 2148 4428 ἐμαυτοῦ
2195 4357 2526 4429 συμφέρον,
2574 4357 2737 4412 ἀλλὰ
2794 4358 2860 4410 τὸ
2909 4351 3029 4408 τῶν
3065 4353 3333 4417 πολλῶν,
3377 4354 3478 4405 ἵνα

1883 4440 2144 4496 σωθῶσι.
2187 4443 2451 4512 Μιμηταί
2478 4460 2598 4511 μου
2627 4441 2892 4511 γίνεσθε,
2926 4437 3123 4504 καθὼς
3147 4438 3308 4508 κάγὼ
3340 4440 3478 4505 Χρι-

1868 4526 2056 4582 ’στοῦ.

1951 4685 2002 4753 γ’
2031 4683 2202 4738 Τοῦτο
2217 4684 2395 4738 κανὼν
2412 4683 2824 4757 χριστιανισμοῦ
2841 4682 2930 4736 τοῦ
2946 4682 3303 4748 τελειοτάτου,
3316 4680 3483 4736 τοῦτο

1881 4769 2007 4841 ὄρος
2029 4769 2433 4840 ἡκριϐωμένος,
2464 4769 2604 4840 αῦτη
2637 4773 2669 4840 ἡ
2706 4769 2918 4841 κορυφὴ
2950 4769 2982 4838 ἡ
3013 4769 3293 4827 ἀνωτάτω.
3317 4769 3377 4821 16
3404 4770 3475 4823 τά

1882 4855 2036 4924 κοινῇ
2090 4854 2438 4925 συμφέροντα
2497 4853 2701 4926 ζητεῖν.
2745 4857 2922 4925 Ὅπερ
2962 4854 3054 4908 καί
3098 4853 3258 4915 αὐτὸς
3297 4852 3481 4923 δηλῶν

1880 4937 2151 5007 ἐπήγαγε⁸
2187 4935 2398 5003 Καθὼς
2436 4937 2598 5007 κάγὼ
2639 4937 2919 5006 Χριστοῦ.
2965 4937 3132 4990 Οὐδὲν
3182 4935 3293 5008 γὰρ
3330 4936 3482 4991 οὕτω

1879 5020 2105 5074 δύναται
2145 5023 2370 5092 ποιῆσαι
2403 5021 2646 5092 μιμητὴν
2673 5021 2768 5074 τοῦ
2805 5019 3064 5092 Χριστοῦ,
3094 5021 3169 5083 ὼς
3209 5020 3269 5073 16
3313 5020 3474 5092 κήδε-

1882 5104 2004 5158 σθαι
2033 5103 2140 5158 τῶν
2171 5103 2418 5174 πλησίον.
2457 5104 2618 5157 Ἀλλά
2645 5105 2750 5158 κᾶν
2779 5103 3102 5176 νηστεύσῃς,
3131 5103 3234 5156 κᾶν
3267 5120 3474 5173 χαμευ-

1881 5191 2070 5258 νήσῃς,
2101 5187 2630 5258 κᾶν¹άπαγχονήσῃς
2656 5187 2873 5247 σαυτὸν,
2911 5186 3006 5239 τοῦ
3040 5187 3095 5238 δὲ
3135 5187 3364 5256 πλησίον
3395 5189 3470 5260 μὴ

1879 5275 2135 5343 προνοῇς,
2159 5273 2310 5326 οὐδὲν
2349 5274 2488 5341 μέγα
2513 5273 2774 5344 εἰργάσω,
2799 5271 2914 5326 ἀλλ’
2937 5271 3017 5324 ἐτι
3051 5272 3237 5342 πόρῤω
3267 5271 3472 5339 ταύτης

1878 5357 1978 5427 τῆς
2005 5357 2214 5420 εἰκόνος
2267 5356 2506 5426 ἕστηκας
2552 5355 2730 5410 ταῦτα
2775 5355 2964 5410 ποιῶν.
3008 5355 3202 5410 Καίτοι
3233 5354 3472 5409 ἐνταῦθα

1881 5441 1979 5512 μὲν
2009 5442 2102 5495 καὶ
2135 5440 2266 5494 αὐτὸ
2291 5441 2448 5510 φύσει
2473 5441 2534 5494 16
2561 5442 2794 5512 πρᾶγμα
2821 5440 3094 5502 λυσιτελές
3118 5442 3254 5502 ἐστι,
3280 5440 3339 5492 16
3363 5441 3469 5492 ἁπ-

1879 5525 2100 5596 έχεσθαι
2129 5525 2235 5579 τῶν
2275 5524 2672 5578 εἰδωλοθύτων·
2741 5524 2852 5592 ἐγὼ
2882 5525 2939 5577 δὲ
2999 5525 3170 5578 πολλὰ
3214 5523 3306 5576 καὶ
3358 5521 3471 5574 τῶν

1877 5610 2212 5682 ἀσυμφόρων
2238 5609 2490 5681 ἐποίησα,
2518 5609 2701 5680 φησὶν,
2733 5605 2864 5673 οἷον,
2891 5613 2979 5666 ὅτε
3005 5608 3346 5678 περιέτεμον,
3377 5605 3469 5658 ὅτε

1879 5692 2063 5748 ἔθυσα.
2103 5693 2288 5747 Ταῦτα
2321 5694 2428 5765 γάρ
2469 5693 2524 5746 εἴ
2555 5712 2639 5758 τις
2681 5693 2802 5748 καθ’
2841 5692 3010 5747 έαυτά
3044 5691 3338 5756 ἐξετάσειε,
3374 5690 3475 5751 καὶ

1943 5878 1964 5903 ⁸
1992 5873 2253 5938 Legcbamr
2278 5873 2583 5936 ὐςῖεροῦμει.
2657 5875 2682 5915 1)
2711 5871 2968 5935 Legebalur
2996 5872 3118 5923 ὀιὶες.
