3962 6436
520 299 623 355 20⁸3

519 410 782 466 ἀπόλλυσι
812 411 940 473 τοὺς
967 412 1253 483 μετιόντας
1280 414 1493 482 καὶτῆς
1516 411 1788 482 σωτηρίας
1816 408 2100 462 ἐκπίπτειν

520 495 681 548 ποιεῖ·
718 494 833 548 ἀλλ’
856 495 1004 565 ὅμως
1032 495 1298 566 ὑπέμεινα
1324 494 1609 550 καὶταῦτα
1638 495 1727 548 διὰ
1752 493 1813 547 τὸ
1834 493 1893 558 ἐξ
1917 490 2096 546 αὑτῶν

523 579 730 648 κέρδος.
774 577 1043 633 Ἐνταῦθα
1078 579 1134 633 δέ
1163 579 1312 632 οὐδὲν
1341 578 1598 633 τοιοῦτον.
1645 579 1791 632 Ἐκεῖ
1835 578 1931 647 μὲν
1967 576 2097 644 γάρ,

523 660 586 714 ἃν
619 659 692 731 μὴ
719 664 894 732 προσῇ
923 663 956 733 ή
990 661 1230 730 ὠφέλεια
1264 661 1359 715 καὶ
1387 661 1449 715 τὸ
1483 662 1552 716 δι’
1581 660 1800 732 ἐτέρους
1827 657 2098 728 γενέσθαι,

521 744 641 797 τότε
670 743 866 814 βλάϐος
889 743 948 798 τὸ
980 746 1212 816 πρᾶγμα
1235 745 1466 812 γίνεται·
1497 744 1732 798 ἐνταῦθα
1757 744 1836 809 δέ,
1864 742 1965 796 κᾶν
2000 759 2102 812 μη-

523 827 630 891 δεὶς
660 827 689 880 6
721 825 1200 897 σκανδαλιζόμενος
1233 825 1288 902 ᾗ,
1329 829 1426 883 καὶ
1461 829 1635 891 οὕτως
1668 827 1963 896 ἀπέχεσθαι
1990 823 2101 877 τῶν

523 909 912 982 κεκωλυμένων
946 912 1072 981 χρή.
1122 912 1196 965 Οὐ
1232 912 1392 981 μόνον
1438 912 1496 965 δέ
1549 910 1806 982 βλαϐερὰ,
1845 907 1981 963 ἀλλά
2009 906 2103 960 καὶ

521 994 752 1049 ἐπίπονα
805 995 1094 1066 ὑπέμεινα.
1131 996 1360 1062 Ἀλλας
1408 995 1518 1066 γὰρ
1560 995 1922 1062 Ἐκκλησίας
1956 992 2104 1046 ἐσύ-

522 1082 705 1144 λησα,
743 1079 899 1148 φησὶ,
928 1079 1132 1133 λαϐὼν
1168 1077 1453 1147 ὀψώνιον,
1494 1078 1590 1132 καὶ
1627 1077 1746 1143 ἐξὸν
1784 1076 1984 1131 ἐσθίειν
2009 1075 2105 1128 καὶ

524 1161 598 1231 μὴ
620 1160 968 1230 ἐργάζεσθαι,
995 1162 1096 1215 ούκ
1118 1161 1358 1234 ἐζήτησα
1377 1161 1557 1226 τοῦτο,
1574 1161 1687 1216 ἀλλ’
1713 1159 1934 1237 εἱλόμην
1961 1155 2105 1228 λιμῷ

519 1244 884 1316 διαφθαρῆναι
906 1244 1126 1315 μᾶλλον,
1159 1245 1194 1316 ἢ
1219 1245 1566 1299 σκανδαλίσαι
1594 1245 1801 1316 ἕτερον.
1832 1243 1931 1296 Διά
1947 1241 2106 1296 τοῦτό

523 1344 676 1398 φησι,
720 1327 922 1381 Πάντα
951 1327 1143 1382 πᾶσιν
1163 1327 1418 1396 ἀρέσκω.
1454 1329 1556 1382 "Av
1579 1344 1638 1382 τε
1666 1327 2002 1398 παράνομον,
2039 1325 2106 1379 ἀν

520 1428 582 1464 τε
614 1412 870 1466 ἐπίπονον
908 1413 1001 1467 καὶ
1038 1413 1378 1467 ἐπικίνδυνον
1403 1413 1498 1486 δέῃ
1531 1412 1776 1483 ποιῆσαι.
1819 1413 1998 1466 πάντα
2026 1410 2107 1473 είς

519 1494 583 1547 τὸ
612 1493 814 1565 ἐτέρων
847 1495 1121 1566 συμφέρον
1143 1495 1418 1566 ὑπομένω.
1444 1496 1667 1550 Πάντων
1684 1493 1815 1564 γοῦν
1835 1493 2107 1564 ἀνώτερος

520 1575 599 1629 ῶν
626 1579 766 1632 κατά
799 1577 898 1649 τὴν
939 1577 1246 1650 ἀκρίϐειαν,
1287 1579 1507 1634 πάντων
1560 1578 1869 1649 κατώτερος
1913 1575 2106 1646 γέγονε

522 1659 666 1712 κατά
695 1660 795 1730 τὴν
822 1661 1249 1728 συγκαταϐασιν.

594 1743 702 1796 Kal
727 1743 836 1813 γὰρ
872 1744 1023 1797 οὐδὲν
1052 1743 1384 1815 κατόρθωμα
1430 1746 1634 1817 σφόδρα
1680 1745 1824 1816 μέγα
1845 1739 1982 1798 εἶναι
2010 1742 2106 1797 δύο

522 1827 660 1879 ναιτ⁹
692 1825 780 1890 ἂν,
809 1828 936 1880 ὅταν
973 1827 1048 1898 μὴ
1076 1828 1136 1881 τὸ
1167 1829 1356 1899 κέρδος
1381 1831 1476 1884 καὶ
1504 1832 1584 1893 εἰς
1613 1831 1834 1901 ἐτέρους
1866 1827 2102 1899 διαδιδῷο

522 1910 618 1962 καὶ
641 1907 789 1979 δηλοῖ
814 1910 843 1963 6
871 1908 932 1962 16
958 1909 1218 1964 τάλαντον
1239 1911 1390 1981 ὑγιὲς
1416 1916 1822 1983 προσενεγκὼν,
1850 1912 1945 1966 καὶ
1965 1911 2108 1982 διχο-

519 1991 779 2062 τομηθεὶς
809 1991 994 2064 ἐπειδὴ
1017 1993 1148 2048 αὐτὸ
1186 1994 1286 2048 οῦκ
1327 1995 1641 2050 ἐπλεόνασε.
1666 1997 1778 2050 Καὶ
1811 1997 1876 2050 σὺ
1903 1994 2104 2061 τοίνυν,

520 2075 739 2144 ἀδελφέ,
780 2076 884 2129 κᾶν
914 2075 1097 2141 ἄσιτος
1128 2078 1315 2152 μένῃς,
1357 2078 1463 2132 κᾶν
1483 2077 1657 2149 χαμαὶ
1689 2077 1971 2150 καθεύδῃς,
2005 2076 2108 2131 κᾶν

523 2158 730 2229 τέφραν
761 2159 969 2230 ἐσθίῃς,
1017 2159 1119 2214 κάν
1170 2161 1373 2232 θρηνῇς
1415 2161 1725 2226 διαπαντὸς,
1759 2163 1852 2215 καὶ
1903 2160 2107 2232 μηδένα

521 2241 708 2310 ἕτερον
729 2241 965 2312 ὠφελῇς.
988 2243 1145 2298 οὐδὲν
1179 2244 1321 2316 μέγα
1343 2245 1573 2316 ἐργάσῃ.
1604 2245 1716 2298 Καὶ
1744 2245 1851 2316 γάρ
1872 2244 1965 2299 καὶ
1994 2245 2108 2308 τοῖς

523 2325 584 2378 ἐν
627 2326 770 2396 ἀρχῇ
831 2327 1086 2397 μεγάλοις
1142 2329 1238 2382 καὶ
1289 2328 1559 2398 γενναίοις
1612 2329 1840 2393 ἐκείνοις
1879 2326 2107 2395 ἀνδράσι

522 2405 681 2460 τοῦτο
735 2409 972 2476 μάλιστα
1013 2411 1479 2482 περισπούδαστον
1520 2407 1616 2482 ἦν’
1647 2411 1899 2477 ἐξέτασον
1927 2410 2108 2464 αὐτῶν

522 2491 664 2560 μετά
693 2493 981 2562 ἀκριϐείας
1016 2494 1107 2547 τὸν
1141 2494 1276 2564 βίον,
1304 2496 1398 2548 καὶ
1432 2495 1551 2565 ὕψει
1583 2494 1789 2564 σαφῶς,
1821 2495 1904 2548 ὅτι
1933 2493 2108 2556 οὐδεὶς

521 2577 705 2629 αὑτῶν
723 2576 791 2630 τά
813 2576 1007 2631 ἐαυτοῦ
1026 2594 1156 2631 ποτε
1181 2577 1508 2650 ἐσκόπησεν,
1527 2577 1663 2632 άλλά
1678 2577 1749 2630 τά
1763 2576 1858 2630 τοῦ
1879 2575 2108 2648 πλησίον

520 2660 771 2723 ἕκαστος·
796 2662 918 2716 ὅθεν
953 2662 1048 2714 καὶ
1085 2661 1330 2732 ἔλαμψαν
1366 2662 1586 2733 μᾶλλον.
1615 2661 1725 2714 Kal
1761 2659 1869 2732 γὰρ
1898 2661 1992 2714 καὶ
2030 2658 2109 2730 τῷ

523 2743 729 2814 Μωῡσῇ
767 2743 936 2797 πολλὰ
958 2744 1051 2798 καὶ
1081 2745 1293 2813 μεγάλα
1321 2745 1584 2816 εἰργάσθη
1609 2744 1864 2814 θαύματα
1892 2743 1987 2798 καὶ
2013 2759 2111 2814 ση-

527 2828 673 2894 μεῖα·
707 2827 821 2880 ἀλλ’
850 2827 1001 2880 οὐδὲν
1033 2827 1196 2881 αὑτὸν
1239 2827 1380 2881 οὓτω
1428 2828 1604 2897 μέγαν
1646 2828 1926 2897 ἐποίησεν,
1954 2827 2032 2891 ὼς
2073 2827 2108 2897 ὴ

526 2909 776 2979 μακαρία
817 2909 999 2980 ἐκείνη
1047 2911 1219 2980 φωνὴ,
1246 2911 1315 2982 ἣν
1340 2911 1477 2982 πρὸς
1507 2911 1600 2963 τὸν
1625 2909 1756 2963 Θεὸν
1787 2909 1990 2980 ἀφῆκε,
2017 2907 2108 2963 λέ-

525 3007 657 3058 γων’
691 2993 761 3046 El
791 2991 907 3061 μὲν
930 2991 1091 3061 ἀφῇς
1122 2993 1329 3060 αὐτοῖς
1359 2991 1475 3061 τὴν
1513 2993 1827 3062 ἁμαρτίαν,
1854 2992 2024 3061 ἄφες
2055 2994 2111 3047 ει

524 3073 596 3126 δὲ
622 3073 730 3144 μὴ,
765 3074 917 3144 κάμὲ
961 3075 1311 3146 ἑξάλειψον.
1345 3075 1594 3140 Τοιοῦτος
1633 3075 1784 3147 [εει]
1820 3071 1888 3146 ἦν
1942 3075 2038 3129 καὶ
2081 3077 2111 3132 6

525 3157 725 3210 Δαυῖδ’
791 3157 874 3211 διὸ
919 3159 1014 3212 καὶ
1051 3159 1255 3228 ἔλεγεν,
1295 3159 1443 3230 Ἐγὼ
1488 3162 1523 3214 ό
1563 3157 1791 3228 ποιμὴν
1818 3158 2106 3228 ἥμαρτον,

525 3240 627 3294 καὶ
657 3239 773 3310 ἐγὼ
799 3241 1229 3308 ἐκακοποιησα.
1278 3241 1378 3296 καὶ
1417 3237 1586 3298 οὗτοι
1627 3243 1694 3296 τὸ
1741 3242 2020 3312 ποίμνιον
2051 3243 2112 3297 τί

526 3327 863 3393 ὲποίησαν;
887 3324 1166 3380 Γενέσθω
1210 3327 1249 3394 ἠ
1286 3325 1416 3395 χείρ
1443 3342 1561 3381 σου
1587 3326 1681 3380 ἐπ’
1719 3325 1845 3396 ἐμὲ,
1873 3325 1974 3380 καὶ
2007 3325 2110 3380 ἐπὶ

527 3411 636 3464 τὸν
653 3406 820 3464 οἷκον
836 3411 944 3465 τοῦ
969 3411 1192 3480 πατρός
1213 3429 1352 3480 μου.
1377 3408 1534 3464 Οὕτω
1562 3411 1656 3464 καὶ
1676 3412 1706 3464 6
1734 3410 1983 3483 Ἀϐραὰμ
2007 3412 2109 3466 οὐκ

527 3492 712 3565 ἐζήτει
740 3493 800 3547 τὸ
825 3492 1018 3547 ἐαυτοῦ
1049 3494 1346 3564 συμφέρον,
1379 3493 1515 3548 ἀλλά
1535 3494 1595 3547 τὸ
1618 3495 1727 3548 τῶν
1758 3493 1988 3549 πολλῶν.
2017 3495 2110 3548 Διὸ

528 3577 622 3630 καὶ
653 3575 914 3639 κινδύνοις
937 3576 1129 3631 ἐαυτὸν
1159 3576 1414 3643 ἐξεδίδου,
1442 3577 1538 3630 καὶ
1561 3577 1652 3630 τὸν
1679 3576 1813 3630 Θεὸν
1841 3579 1981 3650 ὑπὲρ
2001 3577 2108 3632 τῶν

527 3659 678 3712 οὐδὲν
708 3658 856 3729 αύτῷ
884 3659 1270 3730 προσηκόντων
1309 3659 1630 3731 παρεκάλει.
1671 3661 1783 3714 Kal
1811 3654 1958 3715 οῦτοι
2007 3661 2108 3732 μέν

527 3741 703 3806 οὕτως
730 3741 999 3813 ἔλαμψαν·
1034 3743 1082 3795 οί
1122 3741 1179 3796 δέ
1203 3741 1272 3795 τά
1303 3742 1513 3797 ἐαυτῶν
1544 3742 1873 3814 ζητήσαντες
1917 3743 2107 3798 σκόπει

531 3827 650 3890 πῶς
702 3829 798 3881 καὶ
831 3827 1159 3900 ἐϐλάϐησαν.
1203 3829 1260 3882 Ὀ
1306 3828 1438 3898 γοῦν
1483 3827 1797 3898 ἀδελφιδοῦς
1842 3832 1871 3883 6
1894 3829 2106 3896 τούτου,

526 3913 716 3984 ἐπειδὴ
741 3913 990 3985 ἤκουσεν,
1018 3916 1090 3969 El
1116 3913 1197 3968 σὺ
1217 3916 1304 3981 εὶς
1325 3913 1512 3982 δεξιὰ,
1541 3912 1656 3982 ἐγὼ
1676 3912 1745 3966 δὲ
1765 3915 1852 3980 εἰς
1875 3913 2110 3982 ἀριστε-

520 3999 623 4068 ρὰ,
655 3997 748 4051 καὶ
771 3997 871 4069 τὴν
900 3998 1110 4069 αἵρεσιν
1131 3997 1336 4061 λαϐὼν,
1364 3997 1425 4051 τὸ
1453 3996 1648 4051 ἐαυτοῦ
1681 3999 1956 4069 συμφέρον
1981 3997 2110 4069 ὲζή-

527 4099 713 4151 τησεν,
742 4081 864 4136 ούδέ
890 4081 952 4135 τὸ
979 4082 1174 4136 ἑαυτοῦ
1208 4076 1386 4153 εὗρενο
1409 4081 1523 4135 ἀλλ’
1551 4081 1690 4154 αὕτη
1734 4083 1832 4152 μὲν
1857 4081 2111 4152 ἐνεπυρί-

529 4163 654 4228 ζετο
692 4165 727 4236 ή
761 4163 934 4234 χώρα,
965 4165 1147 4235 ἐκείνη
1175 4164 1230 4217 δὲ
1264 4165 1456 4236 ἔμενεν
1493 4165 1790 4232 ἀνέπαφος.
1824 4165 1884 4220 ὐ
1925 4166 2111 4228 Ἰωνᾶς

529 4247 693 4302 πάλιν
730 4247 790 4300 ού
822 4247 1065 4318 ζητήσας
1097 4247 1158 4300 τὸ
1181 4247 1291 4301 τῶν
1321 4247 1531 4302 πολλῶν
1561 4249 1863 4320 συμφέρον,
1884 4247 2022 4302 ἀλλά
2047 4247 2112 4301 τὸ

529 4330 748 4394 ἐαυτοῦ,
785 4332 878 4385 καὶ
905 4330 1200 4385 ἀπολέσθαι
1225 4331 1582 4386 ἐκινδύνευσε·
1623 4333 1777 4404 καὶή
1823 4334 1922 4402 μὲν
1955 4333 2112 4398 πόλις

533 4417 795 4486 εἱστήκει,
825 4415 987 4479 αὐτὸς
1011 4416 1067 4469 δέ
1100 4414 1386 4470 ἐσαλεύετο
1418 4417 1514 4470 καὶ
1537 4417 1926 4482 ἐκλυδωνίζετο
1955 4430 1981 4459 ι
2015 4422 2111 4472 καὶ

533 4500 970 4563 κατεποντίζετο.
1020 4498 1149 4551 ’Ὀτε
1193 4497 1250 4552 δέ
1301 4497 1362 4551 τὸ
1404 4499 1510 4553 τῶν
1575 4499 1786 4553 πολλῶν
1834 4501 2111 4572 συμφέρον

533 4580 786 4652 ἐζήτησε,
817 4581 939 4634 τότε
972 4579 1066 4634 καὶ
1100 4579 1162 4632 τὸ
1189 4579 1385 4634 ἐαυτοῦ
1419 4574 1600 4652 εὗρεν.
1632 4581 1789 4636 Οῦτω
1815 4581 1910 4635 καὶ
1938 4584 1966 4636 6
2004 4585 2110 4638 Ἰα-

534 4665 650 4720 κὼϐ
691 4665 786 4717 ἐπὶ
817 4663 926 4716 τῶν
961 4661 1226 4731 ποιμνίων
1265 4661 1340 4732 μὴ
1377 4663 1619 4735 ζητήσας
1661 4665 1721 4718 τὸ
1746 4666 1945 4719 οίκεῖον
1979 4665 2111 4738 κέρ-

532 4747 641 4812 δος,
669 4746 769 4816 τῆς
797 4744 998 4812 πολλῆς
1019 4744 1280 4814 εὐπορίας
1307 4745 1610 4816 ἀπήλαυσε.
1635 4747 1747 4801 Kal
1777 4748 1808 4800 6
1839 4747 2033 4820 Ἰωσὴφ
2053 4748 2112 4802 δέ

532 4832 594 4885 τὸ
631 4830 740 4884 τῶν
770 4828 1014 4898 ἀδελφῶν
1054 4828 1332 4900 συμφέρον
1370 4829 1631 4901 ζητήσας,
1659 4826 1786 4902 εὗρε
1810 4832 1870 4886 τὸ
1897 4831 2110 4888 ἐαυτοῦ.

534 4917 608 4970 Πε
618 4915 894 4986 μπόμενος
913 4913 1044 4983 γοῦν
1074 4914 1224 4986 παρὰ
1251 4911 1346 4966 τοῦ
1377 4915 1582 4986 πατρὸς
1611 4915 1710 4968 οὐκ
1729 4910 1873 4980 εἷπε,
1897 4915 1963 4969 Τί
1991 4915 2116 4969 τοῦ-

532 5013 629 5064 10;
666 4996 766 5051 οὑκ
794 4996 1032 5068 ήκουσας
1061 4997 1145 5050 ὅτι
1175 4996 1316 5068 ὑπὲρ
1348 4996 1524 5066 ὅψεως
1575 4997 1670 5052 καὶ
1713 4997 1980 5053 ἐνυπνίων
2019 5001 2115 5054 καὶ

532 5081 832 5136 διασπᾶσαι
862 5099 928 5153 με
953 5080 1292 5154 ἐπεχείρουν,
1326 5083 1420 5136 καὶ
1446 5083 1743 5154 ὀνειράτων
1769 5082 1998 5148 εὐθύνας
2018 5086 2116 5139 ὑπ-

536 5167 700 5236 εῖχον,
729 5166 825 5221 καὶ
853 5166 963 5220 τοῦ-
986 5165 1260 5236 φιλεῖσθαι
1286 5184 1354 5238 με
1384 5166 1537 5239 παρά
1567 5167 1661 5221 σοῦ
1693 5167 1886 5239 δίδωμι
1916 5168 2111 5239 δίκην;

533 5249 588 5302 τί
615 5245 708 5304 οῦν
746 5251 844 5303 οὐκ
886 5249 1209 5322 ἐργάσονταί
1239 5267 1309 5321 με
1344 5249 1599 5315 λαϐόντες
1642 5253 1724 5315 είς
1775 5252 1972 5323 μέσον;
2011 5253 2115 5306 06-

536 5333 626 5388 δέν
692 5331 898 5387 τούτων
955 5329 1138 5400 εἶπεν,
1196 5337 1298 5389 οὐκ
1345 5335 1658 5405 ἐνενόησεν,
1705 5335 1841 5391 ἀλλά
1895 5336 2116 5390 πάντων

536 5417 781 5488 προτιμᾷ
806 5417 906 5486 τὴν
943 5418 1051 5472 τῶν
1081 5418 1325 5488 ἀδελφῶν
1355 5418 1670 5489 θεραπείαν.
1701 5418 1803 5472 Διά
1833 5418 1988 5473 τοῦτο
2023 5421 2116 5474 καὶ

536 5499 756 5554 πάντων
783 5500 892 5555 τῶν
922 5502 1062 5572 μετά
1098 5502 1270 5556 ταῦτα
1310 5503 1618 5557 ἀπέλαυσεν
1664 5502 1909 5572 ἀγαθῶν,
1951 5503 1988 5557 ἃ.
2021 5505 2116 5557 καὶ

538 5584 745 5657 σφόδρα
788 5584 1038 5656 λαμπρὸν
1089 5586 1351 5658 ἐποίησαν
1409 5587 1503 5641 καὶ
1553 5585 1758 5652 ἔνδοξον
1808 5586 2113 5658 ἀπέφηναν.

603 5838 632 5867 ⁸³
651 5837 860 5890 Durant
891 5837 1012 5901 hax,
1034 5837 1112 5887 καί
1139 5836 1487 5894 ἐκλυδωνίζετο.

1242 299 1298 354 S.
1335 298 1618 356 JOANNIS
1653 290 2138 353 CHRYSOSTOMI
2168 292 2486 352 ARCHIEP.
2522 295 3072 353 CONSTANTINOP.
3655 296 3745 353 210

2207 409 2364 465 Οῦτω
2429 413 2524 467 καὶ
2589 415 2860 483 Μωῦσῆςο
2927 411 3081 466 ούδέν
3139 409 3246 482 γάρ
3310 409 3503 464 κωλύει
3559 411 3646 464 καὶ
3695 417 3749 466 ἐκ

2207 492 2462 568 δευτέρου
2525 496 2687 551 πάλιν
2739 494 2905 550 αὑτοῦ
2973 493 3297 566 μνησθῆναι,
3353 492 3447 547 καὶ
3490 491 3610 546 ιδεῖν
3649 494 3752 554 πῶς

2205 578 2274 631 τά
2320 580 2442 633 καθ’
2473 581 2662 634 ἐαυτὸν
2709 577 2993 650 παρεώρα,
3038 577 3133 631 καὶ
3171 577 3241 630 τὰ
3290 575 3398 630 τῶν
3439 575 3608 630 ἀλλων
3643 575 3753 648 ἐξῆ·

2205 679 2308 716 τει.
2359 657 2523 726 Οὗτος
2565 663 2674 734 γάρ
2719 664 2776 716 ἐν
2825 660 3115 732 βασιλείοις
3173 658 3553 731 στρεφόμενος,
3590 658 3753 728 ἐπειδὴ

2212 745 2434 816 μείζονα
2467 746 2695 800 πλοῦτον
2739 748 2986 816 ἡγήσατο
3035 744 3143 797 τῶν
3182 741 3456 809 Δίγύπτου
3495 741 3754 813 θησαυρῶν

2207 827 2300 882 τὸν
2329 829 2650 900 ὀνειδισμὸν,
2687 831 2780 884 καὶ
2808 829 2987 882 πάντα
3039 826 3149 881 ἀπὸ
3204 826 3314 880 τῶν
3365 823 3560 896 χειρῶν
3591 824 3754 895 ῥίψας,

2209 911 2484 965 ἐκοινώνει
2511 912 2620 967 τῶν
2645 912 2830 966 κακῶν
2857 913 2971 975 τοῖς
3007 909 3302 982 Ἑϐραίοις,
3327 907 3389 961 ού
3427 905 3581 978 μόνον
3618 907 3758 970 αὐτὸς

2209 995 2310 1048 οὑκ
2333 994 2626 1068 ἐδουλώθη,
2658 995 2794 1050 ἀλλά
2829 996 2926 1050 καί¹
2954 993 3194 1058 ἐκείνους
3218 991 3462 1055 δουλείας
3487 990 3755 1062 ἀπήλλαξε.

2212 1080 2442 1148 Μεγάλα
2478 1081 2578 1153 μὲν
2613 1076 2706 1136 οὖν
2735 1080 2930 1146 ταῦτα,
2983 1081 3078 1134 καὶ
3120 1077 3424 1148 (meum;
3467 1075 3586 1140 ἀξια
3625 1074 3755 1128 πολι-

2211 1164 2382 1227 τείας.

2281 1248 2324 1301 δ’
2333 1291 2346 1303 .
2369 1247 2442 1302 Τὸ
2456 1248 2512 1302 δέ
2535 1247 2630 1302 τοῦ
2646 1249 2859 1303 Παύλου
2890 1247 3092 1318 πολλὴν
3120 1244 3234 1316 ἔχει
3259 1244 3360 1315 τὴν
3377 1241 3687 1315 ὑπερϐολήν.
3705 1241 3758 1295 Οί

2216 1332 2313 1402 μὲν
2347 1332 2454 1402 γάρ
2486 1330 2637 1385 ἄλλοι
2672 1331 2871 1397 πάντες
2893 1330 2963 1384 τὰ
2992 1329 3173 1385 αὑτῶν
3197 1329 3427 1398 ἀφέντες
3450 1325 3640 1394 ἀγαθά,
3663 1327 3758 1388 τοῖς

2211 1414 2320 1467 τῶν
2368 1413 2594 1485 πλησίον
2627 1415 2830 1469 εἴλοντο
2864 1415 3142 1468 κοινωνεῖν
3175 1413 3370 1472 κακοῖς
3390 1427 3407 1443 ο
3435 1410 3466 1462 6
3496 1409 3552 1463 δέ
3580 1407 3759 1469 Παῦλος

2214 1496 2392 1567 πολλῷ
2423 1497 2604 1568 μεῖζον
2634 1497 2908 1567 ἐποίησεν.
2943 1496 3017 1551 Ού
3041 1494 3150 1565 γὰρ
3181 1495 3304 1558 ταῖς
3333 1492 3534 1562 ἐτέρων
3560 1490 3761 1560 ἠθέλησε

2214 1581 2540 1652 κοινωνῆσαι
2571 1583 2896 1652 συμφοραῖς,
2926 1580 3042 1634 ἀλλ’
3068 1579 3241 1633 είλετο
3265 1576 3429 1640 αὑτὸς
3449 1571 3584 1630 εῖναι
3600 1576 3652 1628 ἐν
3668 1577 3762 1636 τοῖς

2214 1667 2482 1736 ἐσχάτοις,
2509 1666 2596 1719 ἴνα
2624 1667 2800 1738 ἕτεροι
2837 1665 3093 1734 γίνωνται
3140 1665 3198 1716 ἐν
3246 1661 3492 1729 ἀγαθοῖς.
3522 1659 3630 1712 Οὐκ
3666 1656 3763 1709 ἐστι

2213 1751 2269 1804 δὲ
2324 1751 2436 1804 ῖσον
2465 1750 2594 1805 ϐντα
2631 1751 2687 1804 ἐν
2718 1753 2896 1821 τρυφῇ
2931 1749 3084 1818 ῥῖψαι
3127 1745 3342 1818 τρυφήν
3375 1744 3468 1797 καὶ
3511 1739 3761 1821 κακουχεῖ-

2217 1833 2360 1896 σθαι,
2375 1833 2538 1887 αὑτὸν
2555 1834 2714 1904 μόνον
2733 1817 3175 1902 κακουχούμενον
3187 1829 3409 1899 ἐτέρους
3427 1817 3762 1893 ποιῆσαιεῖναι

2215 1918 2273 1969 ἐν
2298 1917 2450 1990 ἀδείᾳ
2496 1919 2589 1971 καὶ
2613 1921 2769 1989 τιμῇ.
2803 1915 3069 1970 Ἐνταῦθα
3105 1913 3202 1984 μὲν
3229 1911 3340 1980 γὰρ
3368 1911 3416 1962 εἰ
3443 1910 3536 1962 καὶ
3564 1907 3693 1990 μέγα
3713 1905 3762 1958 τὸ

2215 1989 2543 2064 ἀλλάξασθαι
2581 2000 2649 2054 13¢
2689 1999 2834 2053 κακά
2883 1998 2989 2051 τῶν
3033 1995 3258 2066 ἀγαθῶν
3303 1993 3392 2046 διὰ
3429 1992 3518 2044 τὸν
3549 1989 3760 2059 πλησίον,

2214 2084 2329 2138 ἀλλ’
2357 2086 2508 2156 ὅμως
2542 2084 2698 2156 φέρει
2717 2082 2840 2137 τινὰ
2869 2080 3225 2153 παραμυθίαν
3245 2077 3306 2133 τὸ
3335 2077 3615 2156 κοινωνοὺς
3647 2072 3764 2156 ἔχειν

2213 2169 2314 2238 τῆς
2351 2151 2705 2239 δυσημερίας·
2746 2165 2807 2220 τὸ
2844 2166 2903 2220 δὲ
2935 2151 3096 2218 αὑτὸν
3130 2163 3295 2234 μόνον
3331 2160 3531 2216 ἐθέλειν
3571 2151 3694 2210 εἶναι
3717 2154 3764 2206 ἐν

2213 2255 2326 2314 τοῖς
2355 2251 2636 2322 λυπηροῖς,
2674 2251 2761 2304 ῖνα
2786 2250 2963 2322 ἕτεροι
2997 2247 3106 2300 τῶν
3142 2244 3403 2318 χρηστῶν
3429 2239 3763 2322 ἀπολαύσωσι,

2215 2334 2374 2388 τοῦτο
2418 2321 2596 2406 πολλῷ
2639 2331 3037 2402 νεανικωτέρας
3081 2329 3265 2400 ψυχῆς
3308 2328 3404 2383 καὶ
3455 2325 3546 2379 τοῦ
3581 2321 3762 2377 Παύλου

2217 2418 2582 2488 φρονήματος.

2286 2486 2554 2572 Ού-ταύτῃ
2587 2499 2644 2555 δὲ
2677 2500 2856 2571 μόνον,
2879 2498 3015 2552 ἀλλά
3043 2496 3136 2552 και
3164 2496 3333 2568 ἐτὲρᾳ
3355 2491 3507 2568 [225]
3529 2486 3763 2572 ὑπερϐολῇ

2220 2586 2424 2656 μείζονι
2478 2571 2607 2656 νικᾷ
2642 2585 2770 2647 τοὺς
2814 2580 3250 2654 προειρημένους
3300 2580 3557 2640 ἅπαντας.
3598 2575 3650 2628 '0
3685 2571 3766 2656 μέν

2216 2654 2325 2740 γὰρ
2370 2654 2623 2742 Ἀϐραάμ
2653 2668 2748 2721 καὶ
2771 2667 2820 2720 οί
2845 2665 3022 2720 λοιποὶ
3051 2665 3254 2726 πάντες
3284 2661 3545 2722 κινδύνοις
3575 2654 3764 2742 ἑαυτοὺς

2219 2741 2542 2822 περιέϐαλον
2595 2752 2707 2813 τοῖς
2771 2751 2828 2803 ἐν
2874 2749 2953 2820 τῷ
3017 2747 3248 2818 παρόντι
3299 2747 3420 2817 βίῳ,
3470 2744 3562 2798 καὶ
3599 2741 3764 2822 πάντες

2218 2818 2557 2902 ἁπαξαπλῶς
2607 2836 2805 2889 ἐκεῖνοι
2850 2818 3037 2886 τοῦτον
3066 2831 3230 2902 ᾔτουν
3265 2830 3358 2884 τὸν
3389 2828 3626 2883 θάνατον·
3661 2823 3686 2874 6
3721 2818 3764 2870 δὲ

2219 2920 2429 2984 Παῦλος
2476 2919 2576 2990 τῆς
2607 2917 2769 2984 δόξης
2811 2919 2912 2987 τῆς
2958 2913 3266 2986 μελλούσης
3310 2910 3508 2984 ηύξατο
3551 2904 3766 2990 ἐκπεσεῖν

2219 3004 2360 3076 ὑπὲρ
2403 3005 2504 3074 τῆς
2534 2987 2643 3056 τῶν
2693 3001 2892 3072 ἐτέρων
2940 2997 3233 3069 σωτηρίας.
3277 2997 3426 3066 Ἔχω
3476 2987 3768 3076 καὶᾲτρίτην

2219 3070 2392 3141 εἰπεῖν
2446 3070 2972 3157 ὑπερϐολήνξΠοίαν
3021 3081 3077 3134 δὲ
3131 3079 3382 3149 ταύτην,
3413 3077 3532 3130 Ὀτι
3578 3070 3768 3125 ἐκείνων
3883 3097 3893 3126 η

2221 3173 2321 3243 μέν
2359 3170 2510 3236 ἔνιοι,
2553 3171 2602 3223 εί
2646 3169 2743 3223 καὶ
2773 3166 2883 3220 τῶν
2916 3163 3424 3243 ἐπιϐουλευσάντων
3459 3158 3766 3243 προΐστανται

2217 3235 2332 3310 ἀλλ’
2359 3235 2510 3324 ὅμως
2536 3245 2613 3309 ὧν
2633 3251 2733 3323 τήν
2757 3246 3118 3320 δημαγωγίαν
3148 3241 3294 3316 ἦσαν
3315 3235 3765 3313 ἐγκεχειρισμένοι·

2218 3337 2313 3393 καὶ
2364 3337 2562 3390 ταύτὸν
2613 3333 2949 3397 συνέϐαινεν,
2981 3325 3092 3385 οἷον
3135 3330 3203 3384 ἂν
3250 3330 3307 3383 εῐ
3330 3345 3416 3390 τις
3451 3325 3766 3396 προΐσταιτο·

2220 3420 2336 3474 υίοῦ
2377 3419 2582 3502 φαύλου
2615 3417 2713 3502 μὲν
2742 3413 3219 3502 καὶ-παρανόμου,
3249 3409 3454 3502 υίρῦ
3479 3409 3637 3502 ὅμως·

2219 3490 2432 3568 Παῦλος
2455 3500 2596 3572 ὑπέρ
2622 3499 2827 3553 τούτων
2851 3496 3100 3551 ἐϐούλετο
3124 3490 3267 3550 εἶναι
3297 3491 3560 3563 ἀνάθεμα,
3589 3490 3765 3572 ὼνῄοῡκ

2215 3575 2284 3658 ἦν
2306 3564 2810 3658 ἐμπεπιστευμένος
2828 3583 2928 3654 τὴν
2954 3577 3314 3650 προστασίαψ
3343 3578 3424 3640 είς
3447 3573 3553 3658 γάρ
3574 3568 3638 3622 τὰ
3657 3564 3761 3658 ἐθνη

2215 3651 2284 3742 ἦν
2310 3651 2734 3738 ἀπεσταλμένος.
2767 3651 2918 3727 Εἶδες
2949 3662 3126 3748 ψυχῆς
3153 3661 3388 3748 μέγεθος
3412 3651 3762 3748 καὶῌφρονήξςι·

2217 3731 2305 3818 τος
2344 3753 2478 3824 ὕψος
2510 3731 2673 3806 αὑτὸν
2711 3731 3161 3819 ὑπερϐαίνονίτὸν
3187 3744 3454 3815 ούρανόν;
3499 3731 3758 3824 T0516“-

2217 3815 2408 3893 λωσονζ
2441 3815 2490 3890 εί
2516 3835 2574 3890 δέ
2604 3835 2666 3889 ού
2693 3815 2942 3894 δύνασαι,
2965 3829 3070 3885 κᾶν
3091 3828 3216 3891 τοὺς
3251 3829 3312 3880 ἐν
3332 3829 3398 3898 τῇ
3429 3820 3629 3889 Παλαιᾷ
3647 3815 3760 3898 λάμῗ

2216 3922 2444 3993 ψαντας.
2479 3917 2634 3974 Οὕτω
2667 3915 2776 3986 γὰρ
2811 3915 3065 3986 εὑρήσεις
3103 3911 3162 3965 τό
3196 3927 3280 3964 σοι
3310 3895 3601 3993 συμφέρον,
3630 3895 3759 3993 ἀνΔτὺ

2217 3981 2311 4061 τοῦ
2361 3981 2590 4072 πλησίον
2629 3981 2820 4070 ζητῇς.
2858 3981 3022 4050 ’Ὥστε
3064 3997 3192 4049 ὅταν
3228 3993 3400 4076 ὀκνῇς
3425 3981 3758 4076 ἐπιμελεῖσθαι

2216 4087 2311 4142 τοῦ
2347 4065 2599 4154 ἀδελφοῦ,
2636 4065 2893 4152 ἐννοήσας
2917 4080 2998 4132 ὅτι
3029 4078 3152 4132 ούδέ
3176 4076 3357 4139 άλλως
3386 4075 3583 4154 δυνήσῃ
3611 4065 3758 4154 σωθῆο

2217 4189 2327 4235 ναι,
2352 4168 2440 4222 διά
2469 4143 2601 4237 γοῦν
2637 4143 2830 4218 σαυτὸν
2853 4161 3062 4216 ἐκείνου
3097 4158 3368 4230 πρόστηθι
3393 4143 3611 4212 καὶτῶν
3638 4143 3758 4237 ἐκεί-

2217 4229 2324 4308 νου,
2349 4229 2709 4324 πραγμάτων.
2755 4246 2938 4301 Ἰκανά
2979 4245 3078 4315 μὲν
3121 4229 3232 4314 γὰρ
3281 4242 3379 4297 καὶ
3421 4240 3488 4295 τὰ
3531 4229 3758 4324 εἰρημέγα

2220 4314 2426 4396 πεῖσαί,
2453 4314 2536 4388 ὅτι
2567 4332 2742 4395 άλλως
2783 4331 2883 4384 ούκ
2917 4314 2995 4384 ενι
3027 4329 3088 4383 τὸ
3113 4330 3246 4400 ἡμῖν
3287 4325 3560 4399 συμφέρον
3589 4314 3756 4400 εὑρεῖν-

2219 4421 2283 4474 Εί
2320 4419 2378 4472 δέ
2408 4417 2586 4490 βούλει
2613 4415 2708 4469 καὶ
2738 4416 2804 4468 ἐκ
2826 4414 2934 4468 τῶν
2965 4414 3024 4467 ἐν
3060 4399 3322 4483 συνηθείᾳ
3348 4399 3759 4490 παραδειγμάξιυν

2217 4502 2378 4557 τοῦτο
2408 4478 2633 4572 μαθεῖν,
2661 4498 2914 4569 ἐννόησον
2941 4498 2990 4550 εί
3017 4478 3261 4567 συμϐαίη
3285 4478 3388 4548 που
3421 4478 3527 4561 πῦρ
3556 4478 3759 4572 ἀναφθῆξ

2220 4556 2309 4640 ναι
2356 4556 2757 4655 ἐνΙοίκίᾳίεῖτά
2805 4556 2950 4644 τινες
2997 4556 3106 4632 τῶν
3137 4556 3365 4648 πλησίον
3393 4556 3682 4655 οἰκούντων.
3714 4556 3762 4610 τδ

2221 4668 2430 4724 ἑαυτῶν
2456 4650 2785 4728 σκοποῦντες
2819 4663 2894 4735 μὴ
2927 4663 3345 4735 παρατάξωνται
3375 4661 3486 4722 τοῖς
3516 4650 3760 4735 κινδύνοις,

2220 4751 2358 4807 ἀλλά
2387 4751 2481 4805 καὶ
2512 4727 2966 4810 κατακλείσαντες
3009 4727 3240 4808 ἐαυτοὺς
3273 4745 3410 4798 οίκοι
3441 4739 3667 4811 μείνωσι,
3692 4727 3758 4780 6e-

2220 4835 2462 4899 δοικότες
2493 4835 2567 4905 μή
2598 4849 2684 4897 τις
2711 4829 3038 4887 ἐπεισελθὼν
3088 4827 3360 4910 ὑφέληταί
3398 4842 3450 4879 τι
3492 4814 3761 4910 τῶν-ἐνδοῗι

2221 4921 2355 4990 ὅσην
2403 4895 2804 4987 ὑποστήσονται
2831 4913 3103 4984 τιμωρίαν
3122 4895 3146 4978 ς.
3166 4895 3276 4966 Kal
3304 4909 3413 4980 γὰρ
3459 4895 3762 4990 161166.“:

2221 4973 2375 5056 ελθὸν
2412 4973 2628 5056 ἀπαντά
2659 4973 2996 5068 καταφλέξεί
3023 4997 3092 5050 τὰ
3125 4973 3499 5050 ἐκείνων-’καὶ
3524 4980 3689 5049 ἐπειδὴ
3713 4973 3761 5027 τδ

2220 5086 2314 5141 τοῦ
2344 5085 2574 5155 πλησίον
2593 5081 2870 5154 συμφέρον
2895 5081 2996 5134 ούκ
3023 5077 3180 5142 εἶδον,
3211 5077 3380 5133 καὶτὸ
3405 5071 3604 5129 ἐαυτῶν

2223 5148 2569 5224 απολλύουσι.
2619 5148 2729 5221 Kal
2777 5148 2890 5236 γὰρ
2933 5165 2962 5218 6
3004 5162 3138 5226 Θεὸς
3185 5161 3498 5232 βουλόμενος
3539 5148 3758 5236 συνδῆσαι

2225 5253 2433 5316 πάντας
2458 5251 2732 5322 ἀλλήλοις,
2761 5231 3017 5318 τοιαύτην
3049 5248 3163 5310 τοῖς
3188 5231 3506 5316 πράγμασιν
3529 5231 3758 5322 ἐπέθηκεξ

2224 5313 2494 5404 ἀνάγκην,
2536 5313 2612 5397 ὡς
2654 5313 2725 5386 ἐν
2749 5331 2828 5403 τῷ
2857 5330 2950 5385 τοῦ
2973 5313 3212 5400 ⁷πλησίον
3240 5313 3655 5404 ’συμφέροντι-τὸ
3680 5313 3756 5362 του

2225 5399 2413 5490 ἐτέρου
2428 5399 2711 5470 ’δεδέσθαν
2744 5399 2840 5469 καὶ
2863 5417 2890 5467 6
2913 5399 3116 5484 κόσμος
3145 5411 3288 5474 ἅπας
3310 5407 3448 5462 οὕτω
3475 5399 3753 5490 συνέστηκεὶ

2224 5469 2421 5570 δή
2453 5469 2614 5554 τοῦτο
2645 5500 2738 5554 καὶ
2767 5500 2825 5552 ἐν
2855 5469 3043 5568 πλοίω,
3073 5469 3122 5549 εί
3155 5469 3419 5566 χειμῶνος
3451 5469 3755 5570 γενομένουέ

2226 5566 2562 5658 κυϐερνήτης
2586 5585 2741 5652 ἀφεὶς
2763 5582 2824 5636 τὸ
2838 5582 2946 5636 τῶν
2973 5566 3182 5636 πολλῶν
3203 5575 3492 5651 συμφέρον,
3515 5569 3570 5624 τὸ
3589 5566 3751 5621 ἑαυτου

2299 5847 2322 5874 ⁸
2352 5843 2498 5906 1103..
2523 5840 2774 5906 προσταίη.
