3962 6426
196 380 305 437 909

197 496 379 553 d.eam
404 538 419 561 ,
469 500 902 571 strangulaveris
928 541 941 564 ,
972 499 1198 570 proximi
1248 510 1425 555 autem
1463 512 1645 553 curant
1701 512 1807 552 non

198 605 385 659 geras,
402 588 535 643 nihil
574 593 753 661 magni
778 591 968 656 fecisti,
989 591 1081 646 sed
1104 590 1281 645 adhuc
1295 591 1453 661 longe
1473 590 1603 645 abes
1622 587 1690 642 ab
1711 586 1811 642 hac

198 682 443 750 imagine
485 687 603 739 haec
643 684 864 738 faciens.
906 684 1067 753 Atqui
1096 682 1183 738 hic
1215 682 1433 751 quidem
1459 682 1570 751 ipsa
1597 694 1809 750 quoque

195 787 287 828 res
334 781 539 828 natura
568 788 665 829 sua
692 782 775 829 est
808 774 953 829 utilis
975 815 988 837 ,
1020 774 1293 828 abstinere
1328 771 1395 827 ab
1425 771 1490 826 iis
1535 786 1656 840 qua:
1685 779 1810 825 sunt

196 864 365 921 idolis
403 865 683 921 immolata
714 882 728 919 :
755 880 856 936 ego
884 874 1062 919 autem
1093 864 1317 934 plurima
1338 863 1462 928 feci,
1504 862 1697 932 inquit,
1740 876 1808 916 ex

200 958 262 1012 iis
283 972 421 1030 quae
454 975 554 1030 per
578 975 638 1014 se
673 974 780 1014 non
807 967 932 1013 sunt
961 958 1108 1012 utilia
1133 998 1149 1024 ,
1208 972 1401 1028 nempe
1430 955 1648 1027 quando
1699 956 1806 1009 cir-

192 1054 468 1117 eumeidi.
492 1052 707 1124 quando
726 1052 1042 1107 sacriﬁcavi.
1070 1051 1194 1107 Haec
1221 1052 1362 1107 enim
1390 1050 1604 1122 quando
1628 1065 1725 1122 per
1749 1065 1808 1104 se

195 1144 620 1211 examinantur,
660 1153 714 1199 et
744 1145 974 1215 perdunt
1000 1158 1095 1199 eos
1120 1144 1210 1214 qui
1255 1143 1311 1198 id
1346 1142 1579 1208 faciunt,
1607 1151 1661 1196 et
1689 1140 1808 1195 effi-

192 1238 360 1292 ciunt
392 1244 453 1290 ut
485 1251 518 1290 a
547 1236 720 1292 salute
748 1235 996 1292 excidant
1029 1253 1041 1289 :
1075 1244 1310 1290 attamen
1351 1234 1580 1290 sustinui
1607 1235 1697 1289 illa
1736 1235 1807 1289 ob

194 1330 424 1384 lucrum
456 1329 581 1383 inde
615 1328 955 1399 proveniens.
983 1327 1083 1383 llic
1108 1339 1285 1384 autem
1307 1328 1442 1383 nihil
1469 1329 1662 1384 simile.
1691 1328 1806 1383 Illic

193 1425 353 1479 enim
389 1422 499 1479 nisi
536 1422 676 1477 adsit
704 1422 934 1489 utilitas,
966 1431 1021 1477 et
1048 1421 1153 1476 nisi
1180 1422 1302 1477 aliis
1342 1422 1533 1492 prosit,
1561 1430 1686 1476 tunc
1716 1436 1806 1477 res

195 1517 481 1571 damnosa
532 1525 646 1573 est:
701 1514 789 1570 hic
828 1529 992 1583 vero,
1022 1514 1235 1570 etiamsi
1278 1529 1436 1569 nemo
1480 1512 1801 1582 offendatur,

199 1616 435 1678 oportet
462 1616 636 1662 tamen
667 1621 697 1660 a
724 1605 1009 1677 prohibitis
1035 1605 1331 1661 abstinere.
1362 1605 1477 1660 Non
1511 1606 1683 1662 solum
1708 1620 1806 1659 au-

205 1708 323 1755 tem
354 1698 555 1764 noxia,
597 1697 692 1753 sed
716 1699 879 1753 etiam
904 1697 1169 1753 laboriosa
1215 1698 1432 1768 pertuli.
1475 1698 1618 1752 Alias
1659 1699 1802 1753 enim

203 1791 477 1846 Ecclesias
504 1790 841 1859 depOpulatus
870 1806 1006 1854 sum,
1040 1789 1230 1861 inquit,
1276 1798 1480 1860 accepto
1528 1789 1800 1860 stipendio,

200 1893 261 1941 et
298 1900 427 1940 cum
475 1881 763 1937 comedere
793 1882 979 1937 liceret
1024 1890 1080 1936 et
1117 1896 1222 1936 non
1254 1881 1465 1951 operari
1496 1920 1513 1947 ,
1563 1880 1665 1936 boe
1693 1896 1801 1935 non

201 1974 435 2046 quesivi
461 2017 477 2039 ,
507 1972 601 2029 sed
628 1972 789 2028 malui
819 1972 958 2027 fame
987 1973 1165 2043 perire
1210 1973 1407 2043 potius,
1457 1988 1617 2045 quam
1646 1974 1799 2029 alteri

201 2065 539 2122 oﬂendiculo
563 2080 705 2120 esse.
727 2064 850 2120 Ideo
877 2064 952 2118 ait
979 2081 993 2116 ε
1030 2062 1135 2118 Per
1158 2065 1328 2119 omnia
1353 2066 1583 2120 omnibus
1624 2066 1799 2136 placeo

205 2157 293 2228 (2.
322 2156 444 2212 Cor.
477 2157 565 2211 11.
595 2157 674 2226 8).
694 2155 821 2211 Sive
834 2170 949 2210 rem
967 2155 1172 2226 legibus
1187 2156 1489 2225 adversam,
1515 2162 1627 2213 sive
1644 2158 1799 2213 labo-

204 2250 408 2305 riosam
430 2290 444 2314 ,
479 2248 592 2303 sive
621 2246 980 2318 periculosam
1005 2256 1252 2319 oporteat
1283 2248 1482 2317 facere,
1514 2250 1695 2305 omnia
1744 2251 1797 2305 in

206 2342 435 2397 aliorum
465 2342 748 2397 utilitatem
792 2340 1057 2397 sustineo.
1085 2339 1221 2397 Cum
1264 2357 1393 2413 ergo
1418 2344 1672 2399 omnibus
1694 2358 1793 2399 su-

205 2436 391 2503 perior
426 2445 574 2491 esset
600 2443 851 2504 quantum
890 2435 957 2489 ad
986 2444 1289 2490 accuratam
1321 2436 1446 2490 vitze
1496 2437 1759 2494 rationem
1779 2479 1793 2504 ,

206 2528 457 2584 omnibus
491 2528 709 2583 inferior
728 2536 844 2583 erat
866 2543 963 2600 per
991 2531 1508 2597 attomperationem.

281 2619 604 2675 Praeclarum
633 2621 763 2673 nihil
782 2631 875 2684 est,
902 2621 1003 2674 nisi
1040 2619 1158 2674 aliis
1179 2621 1241 2674 sit
1270 2621 1629 2676 utile.—Nam
1667 2623 1794 2677 nul-

206 2710 315 2766 lum
352 2714 613 2783 przeclare
653 2721 861 2782 gestum
893 2713 964 2767 ita
996 2727 1245 2782 magnum
1292 2727 1413 2768 esse
1442 2714 1650 2783 possit,
1694 2714 1794 2768 nisi

207 2804 496 2859 utilitatem
530 2803 595 2858 ad
617 2803 754 2858 alios
785 2803 1140 2857 transmiserit
1174 2821 1187 2855 :
1220 2802 1379 2873 idquc
1420 2803 1592 2872 palam
1620 2812 1697 2858 est
1727 2821 1793 2859 ex

204 2895 321 2961 illo,
366 2894 459 2966 qui
489 2895 745 2950 talentum
778 2896 1042 2965 integrum
1074 2894 1285 2957 retulit,
1316 2903 1371 2949 et
1399 2893 1664 2949 dissectus
1711 2905 1795 2951 est

204 2989 459 3058 quoniam
492 2986 623 3043 illud
651 3002 757 3042 non
809 2986 1201 3056 multiplicavit.
1234 2986 1296 3042 Et
1331 2996 1385 3041 tu
1421 3004 1570 3057 ergo,
1604 2988 1788 3055 frater,

204 3080 414 3135 etiamsi
443 3080 716 3136 abstineas
736 3094 766 3134 a
788 3079 929 3144 cibo,
960 3079 1168 3133 etiamsi
1197 3078 1343 3134 humi
1370 3079 1554 3145 cubes,
1579 3081 1789 3137 etiamsi

202 3172 442 3229 cinerem
494 3171 747 3227 comedas
772 3214 788 3237 ,
842 3186 1168 3241 semperque
1220 3171 1548 3240 lamenteris,
1581 3174 1623 3228 si
1657 3175 1791 3230 nihil

201 3265 365 3319 alium
408 3264 580 3333 iuves,
615 3262 745 3318 nihil
800 3277 1055 3331 magnum
1107 3264 1371 3332 Operaris.
1417 3264 1631 3319 Etenim
1684 3265 1790 3320 illis

202 3360 253 3416 in
307 3361 574 3431 principio
601 3360 728 3415 viris
759 3360 969 3430 magnis
996 3369 1052 3415 et
1093 3357 1367 3429 prmclaris
1418 3357 1518 3412 hoc
1557 3358 1789 3413 maxime

199 3467 341 3507 curae
372 3464 493 3507 erat
524 3469 537 3505 :
569 3466 755 3507 eorum
787 3453 950 3506 vitam
980 3458 1232 3506 accurate
1259 3459 1521 3514 scrutare,
1548 3459 1602 3504 et
1644 3450 1790 3505 clare

198 3542 410 3599 videbis
436 3558 625 3598 eorum
669 3544 938 3597 neminem
975 3557 1069 3595 sua
1092 3548 1364 3609 spectasse
1385 3581 1401 3609 ,
1427 3540 1521 3596 sed
1550 3542 1789 3611 singulos

193 3650 255 3689 ea
280 3651 408 3706 qua:
440 3634 665 3702 proximi
688 3643 844 3689 erant
867 3651 881 3701 ;
908 3632 1045 3688 unde
1061 3632 1223 3688 etiam
1249 3632 1417 3704 magis
1439 3633 1787 3703 resplendue—

191 3737 335 3781 runt.
356 3727 493 3782 Nam
520 3734 574 3782 et
591 3741 621 3780 a
645 3726 826 3798 Moyse
853 3725 1018 3780 multa
1041 3734 1095 3780 et
1112 3739 1300 3794 magna
1322 3734 1524 3794 patrata
1543 3734 1667 3779 sunt
1683 3726 1787 3779 mi-

190 3819 378 3873 racula
406 3827 460 3873 et
489 3818 671 3888 signa;
715 3817 809 3872 sed
851 3816 987 3871 nihil
1030 3816 1174 3871 illum
1229 3825 1335 3870 tam
1363 3832 1611 3886 magnum
1642 3817 1784 3883 fecit,

191 3920 248 3964 ut
289 3909 450 3964 beata
482 3908 571 3962 illa
617 3923 717 3962 vox
763 3923 924 3977 quam
948 3906 1017 3961 ad
1040 3907 1205 3961 Deum
1237 3905 1435 3973 emisit,
1466 3905 1651 3962 dicens
1679 3925 1691 3961 :
1726 3908 1789 3963 Si

192 4012 364 4057 autem
392 4001 604 4054 dimittis
628 4001 732 4055 illis
762 4010 1043 4071 peccatum,
1067 4001 1298 4064 dimitte;
1328 3999 1407 4053 sin
1438 4000 1675 4061 minuswt
1711 4016 1789 4055 me

194 4112 398 4167 quoque
418 4093 531 4149 dele
557 4091 751 4166 (Exod.
787 4093 877 4147 δί.
907 4092 1020 4163 52).
1053 4092 1199 4147 Talis
1219 4106 1431 4162 quoque
1452 4091 1618 4145 David
1649 4101 1785 4159 erat;

196 4186 428 4254 ideoque
448 4183 697 4239 dicebat:
733 4182 842 4253 Ego
864 4190 1036 4251 pastor
1068 4184 1292 4254 peccavi,
1325 4192 1373 4237 et
1398 4199 1490 4253 ego
1520 4182 1785 4249 malefeci,

195 4290 241 4332 et
268 4278 355 4333 isti
386 4278 475 4345 qui
502 4285 617 4331 sunt
641 4293 765 4347 grex
784 4277 905 4347 quid
927 4280 1151 4349 fecerunt
1174 4277 1199 4329 ?
1220 4275 1301 4330 Sit
1323 4292 1502 4329 manus
1522 4284 1608 4328 tua
1638 4291 1790 4347 super

198 4389 273 4425 me
300 4380 351 4425 et
382 4386 538 4440 super
565 4369 769 4422 domum
799 4371 960 4441 patris
987 4370 1085 4423 mei
1115 4366 1191 4439 (2.
1236 4365 1364 4439 Reg.
1418 4368 1509 4422 24.
1542 4367 1657 4438 17).
1701 4367 1791 4423 Sic

199 4461 475 4518 Abraham
502 4476 606 4515 non
632 4459 706 4525 id,
740 4459 883 4530 quod
915 4459 1017 4513 sibi
1062 4467 1396 4528 competeret
1426 4497 1440 4522 ,
1489 4456 1787 4528 quatrebat,

203 4555 295 4609 sed
324 4552 473 4624 quod
526 4552 727 4607 multis.
776 4551 1009 4620 Ideoque
1039 4550 1291 4621 periculis
1316 4564 1437 4605 sese
1463 4549 1785 4619 exponebat,

210 4644 486 4714 Deumque
514 4642 736 4714 rogabat
776 4658 871 4713 pro
892 4644 977 4707 iis,
1009 4643 1098 4713 qui
1130 4640 1196 4696 ad
1224 4643 1396 4711 ipsum
1443 4641 1571 4696 nihil
1597 4641 1791 4696 attine-

210 4735 350 4790 bant.
404 4736 471 4792 Et
500 4734 551 4789 hi
582 4735 793 4806 quidem
825 4735 895 4790 ita
925 4735 1255 4790 claruerunt.
1295 4732 1395 4798 Qui
1424 4748 1552 4788 vero
1578 4748 1638 4789 ea
1670 4747 1791 4803 qua:

213 4842 302 4882 sua
329 4836 510 4882 essent
534 4827 865 4897 qumrebant,
897 4826 1016 4881 vide
1055 4833 1310 4895 quantum
1342 4823 1521 4878 damni
1570 4839 1792 4893 accepe-

222 4919 337 4971 rint.
379 4916 510 4987 Ejus
534 4927 682 4973 certe
706 4916 886 4973 fratris
912 4916 1071 4983 filius,
1094 4931 1217 4971 cum
1243 4914 1482 4970 audisset
1512 4932 1527 4971 :
1564 4915 1627 4971 Si
1652 4924 1705 4969 tu
1724 4915 1793 4969 ad

229 5007 489 5073 datatim,
516 5024 608 5080 ego
634 5009 701 5062 ad
738 5008 997 5063 sinistram
1034 5006 1188 5078 (Gen.
1219 5007 1305 5061 15.
1341 5004 1434 5075 9);
1471 5014 1525 5060 et
1554 5013 1792 5075 Optasset

232 5098 364 5164 quod
398 5100 495 5155 sibi
548 5100 682 5155 utile
723 5108 843 5155 erat
890 5098 1161 5170 quzesivit,
1213 5112 1391 5167 neque
1434 5096 1577 5167 quod
1633 5112 1791 5152 suum

230 5198 341 5245 erat
386 5190 612 5258 invenit;
669 5191 762 5247 sed
811 5191 925 5245 haec
963 5189 1177 5262 quidem
1234 5190 1383 5260 regio
1432 5197 1545 5243 tota
1595 5187 1793 5242 confla-

226 5281 405 5355 gravit,
432 5282 516 5337 illa
558 5290 734 5338 autem
770 5282 965 5337 mansit
993 5282 1179 5336 illaesa.
1225 5280 1388 5335 Jonas
1430 5294 1644 5335 rursum
1671 5293 1792 5333 cum

229 5392 324 5431 non
343 5377 623 5447 quaesisset
652 5376 703 5432 id
731 5376 880 5447 quod
918 5375 1101 5431 multis
1121 5417 1137 5443 ,
1169 5374 1264 5429 sed
1292 5373 1435 5445 quod
1462 5373 1562 5428 sibi
1588 5372 1795 5429 condu-

231 5471 387 5536 cebat,
417 5470 471 5525 in
498 5471 791 5541 periculum
818 5469 969 5526 exitii
1000 5471 1148 5525 venit
1180 5486 1194 5523 :
1223 5478 1276 5523 et
1297 5466 1427 5523 urbs
1454 5467 1669 5538 quidem
1688 5475 1797 5521 sta-

235 5562 329 5631 bat,
364 5562 483 5634 ipse
530 5578 665 5619 vero
708 5562 940 5634 agitatus
981 5560 1232 5617 ﬂuctibus
1260 5570 1316 5616 et
1357 5559 1640 5614 demersus
1678 5559 1793 5613 fuit.

236 5653 345 5709 Cum
369 5664 551 5710 autem
580 5655 635 5710 id
660 5655 804 5726 quod
827 5653 1013 5709 inultis
1040 5652 1169 5707 utile
1198 5660 1316 5707 erat
1343 5650 1590 5721 quaesivit
1610 5690 1627 5714 ,
1672 5658 1799 5703 tune

238 5745 355 5815 quod
379 5760 541 5802 suum
559 5755 675 5802 erat
702 5742 1031 5801 invenit.'Sie
1056 5753 1111 5800 et
1129 5742 1298 5799 Jacob
1323 5742 1376 5797 in
1398 5740 1647 5813 gregibus
1674 5754 1797 5794 cum

239 5855 321 5900 Ion
347 5840 557 5896 lucrum
588 5840 866 5912 proprium
895 5836 1270 5910 quaesivisset,
1314 5849 1533 5907 magnas
1558 5847 1690 5905 opes
1718 5840 1803 5890 est

1247 384 1313 441 IN
1354 382 1568 441 EPIST.
1611 383 1628 439 l
1695 382 1786 439 AD
1824 381 1980 439 COR.
2025 381 2255 439 llOMlL.
2299 386 2465 442 XXV.

3403 394 3513 451 210

1920 510 2260 569 assequutus.
2282 502 2347 556 Et
2364 501 2561 572 Ioseph
2586 517 2708 558 cum
2738 500 2959 560 fratrum
2974 505 3328 564 .eommodum
3364 522 3512 579 qure-

1919 590 2150 655 siiisset,
2201 607 2355 647 suum
2388 594 2611 651 invenit.
2638 594 2830 650 Missus
2857 599 3001 651 enim
3027 612 3055 650 a
3086 608 3257 666 patre.
3287 614 3391 653 non
3431 598 3483 651 di

1923 682 2021 746 xit,
2054 682 2192 750 Quid
2226 684 2327 739 hoc
2375 686 2494 740 est?
2523 701 2628 741 non
2657 687 2851 743 audisti
2879 688 3020 757 quod
3052 704 3150 759 pro
3190 689 3307 744 visu
3335 701 3389 745 et
3418 705 3507 745 so-

1918 775 2080 831 mniis
2115 792 2201 831 me
2230 777 2539 851 discerpere
2579 780 2757 834 conati
2783 781 2908 846 sint,
2937 791 2992 835 et
3030 796 3128 852 pro
3182 783 3405 837 somniis
3449 784 3503 839 in

1918 868 2124 923 crimen
2152 880 2375 925 vocatus
2400 872 2523 937 sim,
2554 880 2609 926 et
2636 871 2777 942 quod
2800 888 2829 926 a
2858 882 2907 927 te
2928 872 3118 943 diligar
3141 889 3330 942 ptenas
3351 875 3508 931 dede-

1919 960 2060 1015 rim?
2086 962 2211 1031 quid
2237 978 2365 1032 ergo
2398 978 2503 1017 non
2533 963 2721 1018 facturi
2750 973 2897 1029 sunt,
2928 966 2972 1018 si
3005 981 3091 1020 me
3118 968 3169 1019 in
3201 967 3380 1021 medio
3429 977 3507 1022 te-

1917 1054 2330 1109 nuerintiNihil
2360 1055 2549 1110 horum
2571 1055 2725 1122 dixit,
2755 1071 2854 1110 nec
2870 1056 3142 1125 cogitavit,
3167 1057 3259 1111 sed
3282 1057 3503 1111 fratrum

1915 1161 2100 1200 curam
2155 1147 2407 1201 omnibus
2458 1147 2711 1217 prtetulit.
2743 1146 2970 1216 Ideoque
3001 1147 3179 1201 omnia
3230 1164 3350 1218 quze
3382 1156 3504 1219 post

1915 1236 2004 1291 illa
2030 1237 2337 1307 obtigerunt
2359 1245 2682 1308 assequutus
2705 1245 2789 1292 est
2812 1237 2971 1301 bona,
3000 1253 3119 1307 quae
3147 1238 3307 1293 etiam
3351 1239 3500 1293 illum

1916 1328 2070 1383 valde
2095 1330 2296 1383 clarum
2326 1329 2567 1384 fecerunt
2594 1337 2651 1384 et
2673 1329 2983 1399 gloriosum.
3016 1330 3104 1384 Sic
3141 1337 3198 1383 et
3248 1329 3494 1401 Moyses;

1916 1423 2048 1477 nihil
2076 1424 2219 1477 enim
2248 1423 2470 1493 impedit
2494 1424 2946 1495 quominusillum
2971 1424 3208 1479 secundo
3236 1440 3502 1479 memore-

1914 1529 2055 1579 mus,
2097 1523 2152 1569 et
2178 1514 2454 1569 videamus
2485 1515 2755 1585 quomodo
2784 1530 2880 1571 sua
2928 1514 3255 1583 despexerit,
3286 1523 3340 1569 et
3380 1514 3501 1568 aliis

1912 1606 2051 1662 bona
2078 1608 2320 1662 conferre
2348 1607 2637 1677 quiesierit.
2665 1606 2755 1661 llle
2774 1621 3004 1676 namque
3021 1606 3072 1659 in
3092 1606 3236 1675 regia
3258 1619 3499 1669 versans,

1912 1700 2035 1770 quia
2066 1699 2299 1769 majores
2319 1698 2531 1755 divitias
2556 1713 2675 1754 esse
2706 1698 2923 1769 putabat
2950 1698 3316 1768 opprobrium;
3341 1713 3498 1767 quam

1915 1791 2133 1866 Egypti
2164 1790 2468 1860 thesauros,
2495 1792 2748 1863 projeetis
2773 1792 3023 1847 omnibus
3048 1806 3169 1861 qua:
3193 1806 3302 1861 prte
3330 1790 3503 1845 mani-

1910 1883 2009 1939 bus
2037 1883 2285 1948 habebat,
2314 1883 2578 1939 malorum
2610 1884 2791 1938 socius
2828 1899 2954 1938 cum
2982 1882 3222 1937 Hebrzeis
3253 1883 3371 1947 fuit,
3398 1899 3501 1938 nee

1909 1976 2072 2031 modo
2101 1976 2215 2045 ipse
2244 1990 2350 2030 non
2383 1976 2437 2030 in
2459 1976 2774 2030 servitutem
2798 1974 3049 2030 redactus
3079 1987 3181 2041 εει,
3211 1975 3305 2029 sed
3337 1974 3498 2029 etiam

1909 2067 2035 2123 illos
2064 2081 2094 2122 a
2139 2068 2396 2123 servitute
2430 2066 2695 2122 liberavit.
2746 2066 2933 2138 Magna
2962 2066 3176 2138 quidem
3208 2066 3325 2124 haec
3349 2077 3498 2135 sunt,

1907 2169 1960 2217 et
1989 2159 2234 2230 angelico
2260 2159 2421 2230 digna
2450 2160 2712 2214 instituto.

1977 2252 2032 2307 4.
2066 2253 2136 2306 At
2161 2250 2304 2322 quod
2332 2251 2550 2306 Paulum
2582 2258 2810 2322 spectat,
2829 2250 2987 2321 longe
3012 2249 3364 2305 excellentius
3390 2261 3496 2305 est.

1905 2344 2011 2400 Alii
2035 2344 2178 2399 enim
2206 2358 2394 2399 omnes
2422 2342 2534 2399 suis
2559 2343 2757 2399 relictis
2775 2343 2949 2409 bonis,
2975 2344 3201 2412 proximi
3230 2343 3494 2399 malorum

1905 2437 2035 2493 socii
2060 2451 2181 2493 esse
2201 2437 2488 2492 voluerunt
2512 2453 2525 2489 :
2551 2436 2746 2491 Paulus
2770 2450 2900 2491 vero
2920 2452 3031 2491 rem
3062 2437 3218 2506 longe
3237 2437 3494 2506 majorem
3530 2444 3535 2449 '

1903 2527 2048 2584 fecit.
2081 2528 2196 2584 Non
2215 2528 2357 2584 enim
2383 2528 2678 2583 alienarum
2704 2527 3068 2583 calamitatum
3094 2528 3359 2597 particeps
3374 2542 3495 2582 esse

1903 2618 2093 2684 voluit,
2124 2618 2219 2673 sed
2251 2618 2303 2673 id
2331 2618 2514 2688 elegit,
2549 2618 2737 2688 utipse
2766 2617 2817 2671 in
2843 2618 3100 2672 extremis
3125 2628 3289 2685 esset,
3320 2627 3377 2672 ut
3403 2620 3493 2673 alii

1903 2710 1955 2765 in
2004 2709 2159 2764 bonis
2185 2709 2461 2781 degerent.
2488 2708 2596 2764 Nec
2620 2724 2714 2778 par
2737 2725 2824 2764 res
2850 2718 2933 2765 est
2960 2711 3014 2764 in
3040 2709 3245 2765 deliciis
3273 2726 3497 2766 versan-

1904 2810 2009 2855 tem
2039 2801 2260 2855 delicias
2290 2815 2569 2869 respuere,
2602 2808 2658 2854 et
2684 2799 2883 2870 afﬂigi;
2917 2809 2972 2854 et
3018 2801 3192 2854 solum
3243 2800 3407 2871 affligi
3438 2810 3494 2856 et

1900 2895 2105 2959 vexari,
2131 2904 2188 2948 ut
2218 2893 2309 2947 alii
2334 2894 2385 2947 in
2416 2893 2710 2948 securitate
2742 2901 2797 2947 et
2822 2892 3028 2948 honore
3058 2902 3360 2949 versentur.
3397 2895 3493 2949 llic

1900 2989 2043 3042 enim
2071 2987 2171 3042 etsi
2194 3002 2448 3058 magnum
2464 2995 2547 3041 est
2577 2986 2714 3041 mala
2742 2986 2899 3041 bonis
2915 2996 3243 3041 commutare
3274 2996 3495 3059 propter

1900 3080 2201 3149 proximum
2224 3122 2238 3144 ,
2283 3081 2515 3150 aliquam
2543 3087 2719 3134 tamen
2747 3080 3168 3133 consolationem
3200 3078 3371 3144 affert,
3404 3096 3487 3134 re-

1899 3186 2019 3226 rum
2072 3170 2420 3226 adversarum
2471 3171 2650 3227 socios
2706 3169 2943 3237 habere,
2995 3183 3055 3225 se
3107 3182 3286 3225 autem
3352 3171 3492 3225 velle

1899 3265 2074 3319 solum
2118 3279 2241 3319 esse
2292 3264 2343 3318 in
2390 3263 2552 3318 rebus
2580 3264 2822 3333 asperis,
2880 3272 2937 3317 ut
2982 3263 3071 3317 alii
3128 3263 3289 3318 bonis
3310 3264 3490 3318 fruan-

1899 3365 2014 3421 tur;
2064 3356 2166 3412 hoc
2191 3366 2274 3412 cst
2305 3357 2461 3426 longe
2509 3354 2869 3427 generosioris
2922 3355 3084 3409 animi
3130 3364 3184 3408 et
3225 3354 3395 3408 Pauli.

1970 3446 2126 3501 Pauli
2151 3448 2445 3518 magnitudo
2471 3448 2646 3501 animi.
2670 3478 2741 3487 —
2760 3446 2873 3501 Non
2903 3447 3025 3500 hinc
3052 3456 3229 3500 autent
3260 3456 3490 3513 tantum,

1896 3539 1991 3595 sed
2037 3556 2102 3595 ex
2145 3538 2360 3595 sublimi
2388 3540 2594 3594 ratione
2636 3539 2736 3593 alia
2777 3538 2886 3608 jam
2933 3548 3257 3591 memoratos
3300 3553 3489 3592 omnes

1896 3631 2055 3701 longe
2082 3632 2170 3687 ille
2210 3641 2447 3702 superat.
2494 3631 2626 3686 Nam
2672 3630 2940 3685 Abraham
2978 3629 3193 3700 quidem
3223 3639 3275 3684 et
3303 3631 3485 3685 eieteri

1896 3738 2086 3778 omnes
2122 3737 2243 3778 sese
2271 3725 2335 3778 iis
2376 3723 2623 3792 obiecere
2649 3722 2903 3793 periculis
2934 3731 3171 3785 tantum,
3204 3738 3323 3792 qua:
3363 3731 3488 3775 sunt

1897 3817 1951 3870 in
1997 3814 2245 3885 praesenti
2277 3814 2386 3869 vita
2409 3856 2422 3879 ,
2454 3824 2508 3869 et
2537 3828 2726 3868 omnes
2770 3813 2845 3867 illi
2877 3812 3013 3868 hanc
3056 3814 3225 3869 semel
3264 3825 3486 3881 expete-

1894 3906 2024 3963 bant
2063 3916 2291 3960 mortem
2325 3904 2564 3959 :l‘anlus
2603 3918 2730 3958 vero
2758 3918 2788 3956 a
2818 3904 2993 3958 futura
3030 3904 3199 3974 gloria
3238 3903 3487 3959 excidere

1897 3999 2154 4069 rogabat,
2217 4012 2313 4066 pro
2345 3996 2574 4050 aliorum
2631 3995 2825 4049 salute.
2882 3995 3106 4050 Possum
3164 4007 3215 4050 et
3271 3997 3485 4051 tertiam

1896 4090 2077 4146 dicere
2121 4089 2457 4158 superiorem
2497 4087 2889 4141 excellentiam.
2919 4088 3088 4161 Quam
3118 4086 3307 4140 illam?
3335 4088 3486 4155 Quod

1895 4183 2057 4254 aliqui
2098 4197 2323 4248 eorum,
2364 4180 2464 4235 etsi
2502 4185 2684 4235 curam
2738 4178 2996 4251 gerebant
3032 4195 3218 4235 eorum
3257 4179 3345 4250 qui
3386 4181 3487 4235 sibi

1897 4283 2201 4331 struxerant
2249 4271 2506 4338 insidias,
2550 4286 2740 4326 eorum
2786 4283 2965 4326 tamen
3006 4286 3188 4325 curam
3230 4272 3490 4341 gerebant

1896 4367 1985 4437 qui
2027 4366 2127 4420 sibi
2174 4364 2352 4420 traditi
2403 4364 2611 4419 fuerant
2649 4362 2978 4433 gubernandi
3012 4380 3025 4417 :
3056 4372 3216 4433 atque
3258 4363 3487 4432 idipsnm

1897 4458 2274 4531 contingebat,
2306 4473 2369 4514 ac
2408 4458 2453 4513 si
2497 4458 2618 4529 quis
2646 4472 2827 4512 curam
2869 4464 3083 4526 gereret
3126 4454 3221 4510 filii
3268 4456 3484 4528 quidem

1898 4552 2045 4623 pravi
2084 4562 2138 4607 et
2176 4551 2427 4617 scelesti,
2470 4549 2567 4605 sed
2607 4558 2783 4604 tamen
2826 4549 2939 4604 ﬁlii.
2983 4549 3179 4605 Paulus
3216 4565 3351 4605 vero
3385 4565 3483 4620 pro

1898 4645 1983 4700 his
2012 4644 2226 4701 volebat
2254 4642 2540 4700 anathema
2570 4657 2691 4698 esse
2711 4684 2726 4707 ,
2754 4643 2845 4714 qui
2876 4643 2993 4712 ejus
3021 4658 3166 4698 cura:
3207 4659 3317 4698 non
3364 4659 3486 4699 cre-

1898 4736 1992 4792 diti
2024 4736 2275 4790 fuerant:
2309 4736 2360 4789 in
2398 4745 2588 4806 gentes
2611 4735 2755 4791 enim
2798 4733 2994 4790 missus
3017 4744 3157 4790 erat.
3229 4727 3495 4785 Vidistin‘

1897 4829 2060 4885 animi
2088 4828 2509 4900 magnitudinem
2529 4870 2544 4895 ,
2576 4836 2633 4883 et
2660 4826 3043 4882 sublimitatem
3086 4829 3259 4897 ipsum
3289 4825 3484 4883 caelum

1899 4920 2284 4991 superantem?
2323 4920 2476 4976 Hunc
2519 4921 2729 4975 imitare
2758 4937 2771 4973 :
2797 4920 2843 4973 si
2872 4934 3004 4973 vero
3028 4934 3136 4974 non
3170 4928 3320 4989 potes
3339 4960 3355 4985 ,
3384 4920 3489 4974 sal-

1902 5023 2008 5068 tem
2060 5027 2154 5068 eos
2209 5012 2303 5083 qui
2342 5013 2394 5066 in
2449 5011 2628 5066 Veteri
2686 5011 3032 5066 Testamento
3070 5009 3360 5067 fulserunt.
3399 5010 3491 5068 Sic

1900 5106 2043 5160 enim
2071 5104 2211 5174 quod
2245 5105 2337 5160 tibi
2369 5104 2495 5159 utile
2519 5103 2621 5160 erit
2644 5103 2882 5159 invenies
2906 5146 2921 5171 ,
2950 5104 2993 5159 si
3024 5104 3249 5173 proximi
3275 5103 3493 5159 utilitati

1901 5194 2187 5265 advigiles.
2217 5194 2400 5265 itaque
2437 5210 2557 5249 cum
2608 5196 2788 5265 segnis
2825 5194 2934 5249 eris
2972 5194 3039 5249 ad
3080 5194 3261 5250 fratris
3309 5210 3493 5250 curam

1901 5287 2191 5358 gerendam
2214 5330 2230 5355 ,
2258 5289 2502 5359 cogitans
2540 5297 2591 5343 te
2619 5303 2722 5342 non
2755 5288 2860 5342 alio
2889 5303 3047 5358 posse
3079 5287 3238 5343 modo
3263 5288 3494 5343 salutem

1902 5380 2160 5450 consequi
2186 5421 2199 5445 ,
2233 5388 2450 5450 propter
2495 5390 2547 5435 te
2592 5380 2780 5434 saltem
2812 5380 2962 5435 illum
2992 5389 3048 5436 et
3074 5395 3165 5436 res
3191 5380 3309 5450 ejus
3340 5372 3492 5435 eura.

1904 5469 2190 5525 Sufficiunt
2216 5486 2278 5526 ea
2307 5486 2427 5540 qua:
2458 5472 2596 5525 dicta
2629 5480 2787 5539 sunt,
2835 5480 2895 5525 ut
2939 5470 3094 5526 nobis
3135 5470 3496 5543 persuadeant

1904 5576 2011 5617 non
2045 5576 2202 5631 posse
2247 5578 2346 5617 nos
2377 5562 2484 5616 alio
2510 5561 2674 5617 modo
2710 5578 2772 5617 ea
2821 5578 2941 5632 qua:
2988 5561 3141 5617 nobis
3189 5561 3498 5615 conducunt

1908 5652 2170 5708 invenire.
2229 5653 2383 5719 Quod
2414 5653 2460 5709 si
2490 5654 2625 5709 velis
2660 5668 2725 5710 ex
2766 5654 3041 5710 consuetis
3094 5651 3354 5721 exemplis
3391 5650 3495 5706 hoc

1907 5743 2150 5800 ediscere
2178 5764 2192 5799 :
2220 5744 2264 5801 si
2305 5746 2587 5817 contigerit
2629 5744 2826 5802 alicubi
2870 5745 3087 5799 domum
3132 5747 3251 5815 igne
3289 5742 3501 5799 confla-

1908 5843 2106 5903 grare;
2138 5834 2331 5893 deinde
2373 5837 2532 5908 aliqui
2578 5852 2642 5893 ex
2685 5835 2872 5893 vicinis
2918 5837 3027 5891 suis
3070 5834 3463 5907 prospicientes
3488 5878 3501 5901 .
