3962 6410
565 384 662 441 2H

566 517 673 554 non
703 514 762 554 se
789 509 1048 571 apparent
1071 499 1332 555 adversus
1360 498 1592 569 pericula
1619 538 1632 561 ,
1661 496 1755 552 sed
1782 496 1980 551 clausis
2002 495 2154 548 ostiis

564 590 712 646 domi
745 601 1024 656 maneant,
1070 599 1370 645 metuentes
1397 605 1463 643 ne
1493 589 1613 658 quis
1641 589 1913 659 ingressus
1955 586 2152 655 aliquid

566 684 819 750 furetur;
869 691 1123 754 quantum
1170 682 1244 736 illi
1293 680 1549 734 subibunt
1595 678 1958 750 supplicium?
2009 677 2154 731 Proâ€”

564 790 784 846 gressus
818 775 965 831 enim
1020 773 1157 845 ignis
1191 773 1372 828 omnia
1404 773 1618 826 illorum
1649 771 1790 826 bona
1835 770 2152 830 comburct;

566 867 902 937 etquoniam
950 865 1178 936 proximi
1225 864 1513 918 utilitatem
1563 878 1669 917 non
1719 875 2014 926 curavere,
2057 874 2153 915 sua

565 975 775 1030 quoque
813 957 1056 1029 perdent.
1102 957 1243 1012 Deus
1283 957 1426 1010 enim
1466 956 1653 1010 volens
1691 969 1878 1009 omnes
1920 953 2058 1007 inter
2095 965 2154 1007 se

563 1054 853 1123 colligare,
905 1059 1105 1106 tantam
1152 1050 1312 1105 rebus
1353 1049 1608 1120 imposuit
1653 1047 2027 1102 necessitatem
2053 1087 2067 1112 ,
2096 1053 2156 1100 ut

563 1162 684 1200 cum
727 1145 954 1215 proximi
998 1145 1230 1200 utilitate
1259 1145 1483 1199 alterius
1524 1142 1722 1197 utilitas
1748 1139 2028 1210 colligetur
2058 1155 2072 1194 :
2102 1147 2158 1194 et

563 1237 637 1290 ita
669 1236 916 1291 consistit
943 1236 1176 1290 mundus
1207 1245 1370 1290 totus.
1415 1233 1540 1289 Ideo
1572 1234 1624 1288 in
1655 1232 1781 1287 navi
1821 1245 2070 1303 quoque,
2107 1231 2152 1286 si

565 1332 847 1401 ingruente
873 1338 1198 1400 tempestate
1223 1329 1550 1400 gubernator
1570 1369 1582 1392 ,
1629 1326 1832 1396 rejecta
1863 1325 2153 1380 multorum

568 1423 794 1476 utilitate
818 1463 835 1488 ,
877 1435 1027 1476 suam
1067 1422 1184 1492 ipse
1222 1430 1428 1474 tantum
1469 1427 1704 1490 quaerat,
1746 1427 1800 1472 et
1830 1417 2063 1486 seipsum
2102 1424 2158 1471 et

566 1515 702 1569 alios
745 1515 853 1570 cito
882 1514 1208 1585 submerget.
1235 1513 1302 1567 Et
1329 1514 1382 1568 in
1419 1512 1643 1582 singulis
1671 1510 1908 1576 artibus,
1949 1509 1996 1562 si
2026 1523 2155 1562 unas

562 1620 791 1677 quzeque
817 1605 962 1676 quod
1003 1605 1102 1660 sibi
1144 1602 1408 1660 conducat
1441 1611 1644 1657 tantum
1683 1601 1994 1673 qumsierit,
2045 1600 2152 1654 vita

565 1716 854 1771 numquam
903 1701 1238 1763 constiterit,
1292 1713 1466 1769 neque
1509 1711 1598 1753 ars
1643 1712 1762 1767 qu:e
1797 1696 1899 1751 hoc
1941 1692 2151 1764 qurerit.

566 1792 693 1849 Ideo
721 1790 953 1863 agricola
980 1807 1086 1846 non
1114 1789 1275 1847 modo
1305 1799 1508 1845 tantum
1533 1787 1786 1844 frumenti
1817 1787 1950 1842 serit
1976 1799 2152 1857 quan-

567 1894 678 1938 tum
717 1883 818 1938 sibi
866 1883 998 1937 satis
1040 1883 1148 1946 sit;
1189 1881 1424 1951 alioquin
1474 1879 1619 1935 enim
1640 1879 1753 1950 jam
1796 1877 1888 1933 ditt
1933 1885 1989 1932 et
2016 1892 2075 1932 se
2101 1885 2156 1932 et

564 1977 700 2032 alios
726 1975 1086 2046 perdidisset;
1105 1974 1202 2030 sed
1225 1974 1280 2029 id
1302 1975 1492 2043 qumrit
1511 1972 1652 2044 quod
1672 1971 1918 2028 conferat
1935 1971 2119 2026 multis
2139 1988 2155 2026 :

564 2079 622 2123 et
647 2069 803 2124 miles
831 2081 937 2123 non
966 2077 1024 2123 ut
1047 2082 1108 2123 se
1135 2075 1349 2123 tueatur
1377 2075 1582 2122 tantum
1609 2064 1870 2121 adversus
1923 2063 2156 2135 pericula

564 2169 674 2218 stat
712 2161 766 2218 in
803 2162 954 2226 acie,
995 2159 1091 2217 sed
1129 2169 1188 2216 ut
1224 2160 1468 2216 civitates
1505 2161 1560 2214 in
1610 2167 1726 2214 tuto
1777 2158 2008 2214 collocet
2047 2174 2061 2210 :
2102 2165 2158 2211 et

565 2265 835 2309 mercator
881 2270 986 2308 non
1035 2261 1240 2308 tantum
1272 2253 1595 2321 transvehit,
1625 2260 1881 2323 quantum
1924 2251 2024 2306 sibi
2056 2250 2154 2305 soli

564 2347 696 2401 satis
739 2346 841 2411 sit,
873 2344 966 2400 sed
995 2353 1248 2414 quantum
1274 2353 1331 2400 et
1371 2343 1552 2400 multis
1584 2345 1725 2398 aliis.
1765 2341 1821 2399 Si
1863 2343 1984 2413 quis
2027 2357 2156 2396 vero

563 2439 796 2504 dixerit,
845 2438 962 2494 Non
993 2454 1172 2494 meum
1195 2479 1210 2503 ,
1254 2437 1348 2493 sed
1396 2453 1551 2494 suum
1579 2439 1802 2508 quisque
1829 2450 2025 2491 curans
2052 2434 2156 2490 hoc

566 2531 727 2597 facit;
757 2547 880 2588 nam
905 2539 960 2586 et
986 2531 1239 2601 pecunias
1265 2530 1366 2586 sibi
1395 2539 1448 2586 et
1476 2531 1699 2602 gloriam
1730 2539 1785 2586 et
1810 2529 2152 2585 securitatem

564 2639 828 2696 apparatis
847 2665 862 2691 ,
895 2623 1010 2679 haec
1039 2623 1220 2679 omnia
1245 2632 1503 2694 operatur
1533 2641 1548 2677 :
1595 2635 1761 2693 quare
1787 2637 1962 2677 meam
2003 2635 2154 2690 qua:-

564 2731 690 2770 rcus
727 2714 1044 2781 utilitatem,
1084 2729 1238 2770 suam
1287 2716 1518 2786 quaerit:
1551 2713 1654 2770 hoc
1695 2723 1750 2769 et
1789 2729 1890 2786 ego
1916 2713 2070 2779 dico,
2101 2721 2156 2769 et

559 2811 668 2878 jam
700 2809 826 2864 olim
865 2808 1052 2864 audire
1090 2809 1334 2864 volebam
1359 2852 1376 2877 ,
1416 2818 1472 2865 et
1507 2810 1626 2880 ejus
1664 2811 1742 2864 rei
1782 2824 1944 2865 causa
1984 2818 2148 2864 totam

564 2901 864 2955 orationem
904 2899 1145 2968 institui,
1189 2909 1247 2954 ut
1283 2900 1626 2956 ostenderem
1668 2908 1794 2955 tunc
1845 2901 2152 2971 proximum

563 3007 714 3047 suam
763 2993 1046 3048 utilitatem
1092 3009 1370 3064 quaerere,
1421 3009 1542 3049 cum
1577 3002 1720 3048 tuam
1761 3002 1988 3063 spectat.
2019 2993 2152 3062 Quia

563 3085 707 3139 cnim
739 3101 843 3139 non
887 3084 1044 3140 aliter
1089 3085 1335 3139 homines
1365 3085 1564 3139 vellent
1615 3100 1735 3155 quae
1773 3094 1898 3140 sunt
1927 3085 2154 3155 proximi

561 3192 841 3247 quan-ere,
888 3178 990 3232 nisi
1033 3177 1084 3232 in
1127 3177 1264 3232 hanc
1304 3177 1686 3234 inducerentur
1732 3177 2150 3246 necessitatem;

561 3268 681 3324 ideo
723 3269 860 3323 Deus
905 3269 1022 3324 haec
1063 3271 1133 3324 ita
1181 3269 1486 3340 colligavit,
1520 3277 1575 3324 et
1600 3284 1708 3324 non
1756 3270 1883 3325 sinit
1911 3270 2060 3342 prius
2085 3273 2152 3328 ad

563 3360 841 3414 utilitatem
873 3361 1145 3431 propriam
1172 3359 1388 3427 venire,
1437 3375 1594 3431 quam
1642 3375 1741 3432 per
1783 3376 1845 3417 ea
1871 3377 1992 3433 quae
2033 3363 2152 3419 aliis

559 3451 861 3506 conducant
909 3452 1011 3506 iter
1039 3451 1316 3506 habeatur.
1360 3452 1472 3507 Hoc
1515 3461 1661 3508 certe
1699 3453 1992 3508 humanum
2025 3463 2146 3520 est,

563 3543 631 3595 ita
659 3544 724 3596 ad
753 3543 982 3612 proximi
1015 3543 1297 3599 utilitatem
1325 3557 1384 3598 se
1411 3543 1680 3600 conferre.
1715 3544 1940 3616 Oportet
1968 3554 2149 3602 autem

560 3652 664 3688 non
699 3635 822 3690 inde
841 3677 856 3701 ,
885 3635 980 3690 sed
1011 3649 1039 3688 a
1073 3636 1166 3691 Dei
1197 3635 1394 3706 placito
1421 3637 1752 3707 persuaderi.
1792 3637 1974 3709 Neque
2005 3640 2149 3695 enim

557 3728 737 3781 salvus
777 3741 899 3782 esse
946 3728 1111 3796 possit
1155 3727 1244 3798 qui
1277 3726 1379 3784 hoc
1406 3744 1513 3784 non
1561 3728 1760 3796 habet;
1801 3730 1896 3787 sed
1937 3731 2147 3786 etiamsi

558 3832 820 3872 summam
853 3817 1244 3888 philosophiam
1286 3835 1540 3876 exerceas
1564 3862 1580 3888 ,
1609 3831 1662 3876 et
1687 3829 1878 3877 caztera
1911 3838 2146 3893 pereun-

559 3912 626 3964 tia
661 3926 766 3965 nou
796 3925 951 3966 cures
970 3951 986 3978 ,
1022 3911 1220 3966 nullam
1251 3912 1473 3968 habebis
1500 3913 1643 3985 apud
1673 3915 1840 3970 Deum
1872 3914 2144 3972 ï¬duciam.

557 4001 835 4058 Undenam
889 4003 992 4058 hoc
1040 4004 1288 4059 constat?
1333 4003 1412 4060 Ex
1459 4006 1522 4060 iis
1564 4021 1684 4077 quae
1732 4005 1921 4062 beatus
1948 4006 2147 4062 Paulus

557 4097 921 4163 pronuntiavit
954 4114 966 4149 :
1001 4095 1061 4151 Si
1109 4098 1243 4151 enim
1289 4113 1461 4152 omnes
1509 4115 1645 4153 meas
1675 4099 1937 4169 facultates
1966 4099 2141 4154 distri.

564 4223 608 4236 _

1282 383 1336 439 S.
1377 379 1654 438 JOANNIS
1691 376 2158 435 CIlRYSOSTOMl
2200 377 2518 434 ARCHIEP.
2559 378 3090 436 CONSâ€™Iâ€˜ANTINOP.

3738 389 3829 450 Eii

2262 495 2414 549 á½Î¼Î¿Î³Î¿
2448 496 2500 550 in
2521 496 2661 550 cibos
2689 513 3006 570 pauperatus,
3035 508 3082 551 et
3106 499 3152 554 si
3181 499 3443 556 tradidero
3473 517 3655 574 corpus
3682 525 3828 567 meum

2262 597 2316 639 ut
2344 587 2558 652 ardeat,
2608 590 2872 642 caritatem
2915 601 3083 645 autent
3128 607 3230 644 non
3276 593 3526 661 habeam,
3573 599 3697 654 nihil
3723 605 3833 658 mihi

2263 680 2463 750 prodest
2487 680 2563 749 (Î™.
2583 679 2703 734 Cor.
2730 681 2814 737 i5.
2847 682 2881 736 5
2898 682 2935 752 ),
2964 682 3152 753 inquit.
3183 683 3364 740 Videuâ€™
3379 700 3634 754 quantum
3659 691 3832 750 Paulus

2261 774 2438 844 exigat
2467 789 2496 828 a
2531 775 2727 829 nobis?
2774 791 3097 848 quamquam
3128 779 3173 832 is
3201 781 3288 849 qui
3339 779 3494 837 cibos
3541 783 3829 852 distribuit,

2262 878 2368 918 non
2413 879 2507 920 sua
2531 907 2546 932 ,
2599 865 2692 921 sed
2739 881 2859 936 quae
2901 870 3128 938 proximi
3157 881 3319 938 sunt,
3349 885 3577 942 quaerat.
3617 875 3716 932 Sed
3741 877 3827 934 hoc

2261 953 2436 1010 solum
2488 971 2596 1011 non
2657 956 2889 1024 sufficit,
2948 959 3120 1030 inquit
3161 979 3176 1016 :
3216 975 3340 1016 nam
3397 963 3532 1019 illud
3567 966 3830 1027 admodum

2261 1047 2470 1102 sincere
2497 1047 2607 1102 vult
2632 1051 2896 1118 prmstari,
2915 1059 2969 1105 et
2994 1067 3114 1106 cum
3146 1069 3336 1125 magna
3357 1057 3824 1118 commiseratione.

2263 1137 2387 1194 Ideo
2427 1141 2569 1194 enim
2599 1139 2700 1196 hoc
2740 1141 2884 1198 Deus
2909 1146 3166 1214 prmcepit
3189 1187 3204 1211 ,
3237 1155 3296 1202 ut
3322 1148 3392 1204 ad
3419 1150 3685 1208 vinculum
3707 1157 3826 1210 cari-

2264 1231 2387 1284 tatis
2412 1230 2722 1288 adduceret.
2757 1231 2888 1289 Cum
2915 1249 3045 1306 ergo
3076 1236 3166 1292 ille
3199 1247 3403 1294 tantam
3437 1241 3616 1312 exigat
3641 1261 3822 1301 mensu-

2262 1337 2374 1377 ram
2396 1365 2412 1388 ,
2461 1339 2560 1378 nos
2600 1341 2727 1381 vero
2766 1341 2941 1398 neque
2968 1330 3111 1400 quod
3153 1332 3331 1388 minus
3368 1345 3455 1390 est
3484 1337 3821 1408 praebeamus,

2261 1431 2365 1486 qua
2391 1417 2535 1488 digni
2557 1418 2759 1474 erimus
2784 1419 2982 1474 venia?
3011 1421 3079 1476 Et
3104 1424 3402 1493 quomodo,
3435 1428 3642 1497 inquies
3659 1471 3673 1495 ,
3699 1431 3822 1486 diee-

2261 1509 2353 1564 bat
2385 1508 2524 1564 Deus
2568 1510 2702 1566 Loto
2747 1526 2842 1580 per
2869 1513 3123 1584 angelos,
3173 1515 3401 1572 Seruum
3446 1535 3591 1574 serva
3629 1524 3821 1578 Â«niniaÂ»:

2262 1609 2402 1654 tuam
2422 1599 2573 1672 (Gen.
2608 1603 2692 1658 l9.
2721 1603 2881 1674 22)?
2916 1604 3002 1660 dic
3047 1607 3262 1678 quando
3311 1619 3365 1665 et
3410 1626 3597 1682 quare.
3628 1614 3821 1681 Quando

2263 1694 2592 1752 inferebatur
2671 1699 3032 1768 supplicium,
3101 1717 3206 1756 non
3277 1705 3499 1774 quando
3569 1709 3818 1777 oportebat

2259 1789 2496 1859 corrigi,
2519 1790 2613 1845 sed
2639 1792 2851 1861 quando
2875 1792 3109 1848 damnati
3137 1804 3292 1852 erant
3318 1806 3375 1853 et
3401 1798 3674 1858 incurabili
3702 1819 3820 1859 mor-

2261 1880 2333 1936 bo
2362 1882 2713 1951 laborabant,
2762 1899 2826 1941 ac
2864 1901 3024 1943 senes
3060 1887 3400 1961 juvenesque
3430 1893 3484 1947 in
3526 1895 3728 1951 eosdem
3751 1898 3817 1952 iu-

2263 1974 2506 2031 silierant
2525 1991 2772 2046 amores,
2793 1993 2860 2036 ac
2884 1979 3098 2036 demum
3124 1983 3371 2040 comburi
3399 1985 3521 2042 illos
3550 1990 3814 2058 Oportebat,

2262 2075 2318 2122 et
2357 2067 2409 2122 in
2439 2068 2526 2123 illa
2551 2068 2639 2125 die
2662 2110 2678 2137 ,
2708 2084 2831 2126 cum
2861 2070 3082 2126 fulmina
3124 2072 3474 2132 immittenda
3500 2089 3664 2132 erant.
3695 2081 3816 2134 Alio-

2263 2157 2390 2229 quin
2437 2169 2614 2215 autem
2665 2175 2774 2216 non
2805 2161 2873 2218 de
2899 2162 3030 2216 vitio
3057 2171 3114 2218 et
3134 2164 3338 2222 virtute
3378 2165 3494 2223 haec
3528 2169 3814 2234 dicta-sunt,

2261 2250 2356 2306 sed
2401 2250 2470 2306 de
2501 2251 2652 2322 plaga
2691 2253 2946 2310 divinitus
2993 2255 3253 2312 immissa.
3297 2259 3439 2328 Quid
3470 2263 3637 2328 enim,
3665 2279 3814 2332 quaso

2263 2353 2344 2409 te,
2379 2343 2679 2400 faciendum
2723 2349 2876 2404 erat?
2917 2363 2984 2404 an
3027 2351 3219 2408 sedere
3257 2355 3544 2424 oportebat
3568 2367 3620 2413 et
3647 2360 3813 2428 suppli-

2261 2435 2402 2490 cium
2430 2437 2710 2508 accipere,
2752 2448 2806 2494 et
2838 2441 2956 2496 sine
2993 2441 3170 2512 aliqua
3200 2444 3421 2501 illorum
3453 2447 3670 2504 utilitate
3688 2464 3810 2502 com-

2264 2525 2416 2580 buri?
2469 2529 2540 2581 At
2586 2527 2688 2584 hoc
2739 2539 2994 2586 extrema:
3047 2533 3340 2591 dementize
3397 2537 3602 2594 fuisset.
3662 2538 3810 2609 Neque

2259 2619 2403 2674 enim
2450 2619 2551 2674 hoc
2577 2635 2676 2692 ego
2701 2621 2849 2688 dico,
2897 2623 3038 2694 quod
3071 2624 3268 2681 frustra
3299 2637 3357 2683 et
3384 2629 3641 2686 incassum
3680 2647 3809 2701 opor-

2265 2720 2372 2767 teat
2419 2713 2740 2783 supplicium
2787 2716 3004 2781 subire,
3054 2727 3252 2787 prmter
3301 2720 3396 2776 Dei
3430 2722 3807 2793 placitumzsed

2261 2804 2475 2874 quando
2519 2805 2682 2860 homo
2732 2805 2784 2860 in
2829 2808 3066 2878 nequitia
3111 2822 3399 2882 versatur,
3433 2824 3558 2870 tunc
3588 2815 3733 2886 jubeo
3768 2825 3808 2869 te

2263 2897 2316 2950 in
2347 2897 2580 2952 medium
2627 2899 2848 2969 injicere
2873 2910 2928 2957 et
2954 2901 3099 2957 illum
3131 2918 3328 2960 curare
3354 2921 3369 2971 ;
3403 2917 3617 2978 pr0pter
3653 2909 3804 2979 proxi-

2262 2990 2332 3043 mi
2376 2990 2689 3056 utilitatem,
2735 2991 2778 3046 si
2808 2992 3020 3061 quidem
3065 2995 3239 3060 velis;
3290 2999 3376 3053 sin
3421 2999 3622 3064 minus,
3651 2999 3804 3054 saltem

2262 3091 2479 3150 propter
2507 3090 2670 3136 tuam.
2719 3082 2850 3138 Illud
2881 3099 3041 3154 porro
3087 3087 3282 3142 melius
3325 3099 3411 3144 est
3440 3105 3455 3143 :
3485 3089 3620 3160 quod
3655 3089 3695 3143 si
3721 3103 3802 3143 non

2261 3173 2326 3227 ad
2379 3173 2517 3228 hanc
2567 3173 2950 3231 sublimitatem
3001 3178 3277 3247 attigeris,
3338 3181 3534 3236 saltem
3580 3181 3648 3236 tui
3673 3193 3801 3235 causa

2260 3266 2442 3321 facias.
2497 3266 2566 3322 Et
2613 3282 2772 3323 nemo
2821 3269 2964 3340 quod
2993 3284 3147 3326 suum
3199 3282 3286 3329 est
3337 3283 3569 3346 quaerat,
3600 3285 3652 3330 ut
3691 3273 3801 3344 quod

2259 3374 2413 3415 suum
2445 3368 2528 3416 est
2559 3361 2794 3417 inveniat
2821 3379 2836 3417 :
2866 3372 2924 3418 et
2947 3365 3243 3434 cogitantes
3270 3409 3285 3431 ,
3318 3383 3494 3438 neque
3539 3368 3800 3424 facultatum

2258 3451 2650 3508 abdicationem
2671 3493 2686 3519 ,
2721 3468 2896 3523 neque
2936 3458 3250 3527 martyrium
3269 3500 3286 3523 ,
3327 3475 3500 3529 neque
3522 3459 3654 3513 aliud
3678 3454 3799 3526 quid-

2259 3543 2399 3612 piam
2442 3542 2594 3597 uobis
2640 3544 2964 3613 patrocinari
2996 3560 3152 3614 posse
3176 3587 3192 3612 ,
3222 3548 3329 3603 nisi
3355 3563 3611 3604 summam
3638 3547 3796 3602 carita-

2259 3645 2366 3690 tem
2422 3635 2744 3703 habeamus,
2799 3637 2938 3692 hanc
2989 3653 3102 3709 prae
3151 3640 3274 3696 aliis
3322 3649 3796 3708 servemus,utper

2256 3728 2400 3782 illam
2453 3729 2554 3784 alia
2618 3743 3012 3801 consequamur
3063 3740 3120 3788 et
3165 3737 3452 3803 praesentia
3497 3745 3548 3790 et
3580 3733 3793 3805 promissa

2256 3821 2394 3876 bona
2425 3838 2439 3874 :
2472 3837 2591 3891 qua:
2637 3822 2837 3878 utinam
2887 3838 2986 3878 nos
3029 3839 3219 3880 omnes
3264 3827 3620 3897 adipiscamur
3659 3821 3791 3893 gratia

2255 3924 2309 3967 et
2355 3914 2683 3983 benignitate
2727 3913 2937 3969 Domini
2966 3917 3134 3971 nostri
3180 3917 3314 3973 Jesu
3339 3919 3535 3974 Christi
3561 3958 3574 3982 ,
3617 3914 3788 3986 quicum

2255 4006 2398 4060 Patri
2421 4020 2630 4076 unaque
2649 4005 2868 4076 Spiritui
2890 4014 3077 4063 sancto
3097 4008 3290 4079 gloria,
3316 4008 3612 4079 imperium,
3636 4005 3788 4064 honor,

2245 4115 2394 4154 nunc
2422 4108 2473 4155 et
2501 4113 2744 4170 semper,
2771 4109 2826 4155 et
2850 4099 2902 4155 in
2930 4101 3121 4156 saecula
3149 4102 3495 4158 saeculorum.
3525 4101 3695 4155 Amen.

3457 4223 3781 4248 á¼

1890 4306 2238 4369 HOMILIA
2277 4308 2513 4372 XXVI.

549 4453 678 4509 Car.
710 4452 795 4506 ll.
823 4465 877 4505 v.
910 4450 964 4505 2.
997 4448 1178 4503 Laudo
1204 4457 1371 4502 autem
1398 4465 1502 4514 vos,
1530 4452 1734 4521 fratres,
1755 4449 1894 4519 quod
1923 4467 2014 4521 per
2034 4467 2144 4505 om-

623 4546 709 4598 nia
728 4545 824 4597 mei
853 4557 1098 4596 memores
1126 4541 1268 4608 estis,
1297 4549 1344 4594 et
1369 4539 1498 4594 sicut
1520 4540 1712 4593 tradidi
1741 4540 1878 4594 vobis
1903 4541 2142 4596 traditio-

621 4653 731 4702 nes,
769 4637 841 4688 ita
887 4634 1085 4687 tenetis.

624 4730 677 4783 l.
709 4727 842 4784 Cum
868 4725 1195 4780 absolvisset
1219 4722 1520 4778 orationem
1546 4722 1615 4779 de
1653 4722 1718 4778 iis
1745 4738 1866 4792 quae
1894 4724 2142 4780 immola-

548 4833 600 4876 ta
631 4829 756 4876 sunt
781 4817 960 4885 idolis,
990 4825 1047 4872 ut
1068 4831 1126 4872 se
1153 4816 1331 4873 facere
1356 4816 1603 4883 decebat,
1634 4825 1688 4872 et
1712 4832 1830 4872 eam
1857 4818 2140 4888 perfectis-

548 4915 738 4970 simam
793 4911 1029 4979 fecisset,
1077 4910 1269 4966 transit
1315 4910 1382 4965 ad
1434 4910 1613 4977 aliud,
1665 4911 1810 4982 quod
1861 4920 1915 4966 et
1964 4911 2138 4983 ipsum

548 5006 752 5062 crimen
775 5012 912 5069 erat,
942 5002 1034 5060 sed
1061 5018 1166 5058 non
1192 5013 1419 5058 tantum.
1449 5001 1604 5068 Nam,
1633 5002 1820 5072 utjam
1842 5003 1972 5069 dixi,
1996 5019 2138 5058 nunc

546 5114 760 5169 quoque
787 5097 960 5152 dicam
980 5139 995 5163 ,
1028 5097 1205 5167 ipsum
1233 5110 1338 5150 non
1367 5095 1710 5150 continenter
1737 5109 1938 5165 ponere
1965 5096 2136 5151 vehe-

548 5192 840 5247 mentiores
867 5189 1268 5252 accusationes;
1302 5187 1396 5243 sed
1442 5187 1572 5257 ipsis
1601 5188 1915 5258 congruenti
1946 5189 2136 5244 ordine

548 5283 756 5353 positis,
795 5282 849 5337 in
877 5281 1109 5336 medium
1150 5295 1340 5335 eorum
1385 5279 1584 5335 leviora
1633 5280 1840 5346 inserit,
1891 5281 2033 5351 quod
2081 5281 2132 5335 in

543 5390 792 5431 sermone
822 5375 1097 5430 moleStius
1118 5383 1200 5428 est
1221 5372 1559 5428 audientibus
1576 5388 1640 5428 ex
1659 5373 1928 5444 frequenti
1957 5375 2133 5430 incre-

543 5469 776 5538 patione,
807 5466 980 5522 lenius
1011 5465 1262 5521 reddens.
1291 5463 1520 5534 Ideoque
1551 5464 1694 5535 quod
1723 5465 2133 5520 vehementissi-

542 5577 685 5614 mum
725 5560 964 5614 omnium
990 5568 1125 5623 erat,
1162 5571 1356 5626 nempe
1381 5556 1448 5611 de
1480 5557 1894 5622 resurrectione,
1921 5567 2128 5627 postre-

539 5667 681 5705 mum
712 5652 878 5721 ponit.
909 5650 1123 5706 Interim
1150 5663 1277 5704 vero
1303 5649 1367 5702 ad
1394 5647 1558 5714 aliud,
1602 5649 1743 5719 quod
1774 5649 1948 5704 lenius
1975 5660 2093 5704 erat
2112 5693 2124 5713 ,

542 5743 803 5810 procedit,
832 5741 1019 5798 dicens
1053 5760 1066 5796 :
1095 5739 1275 5795 Laudo
1316 5749 1483 5793 autem
1523 5756 1628 5804 uos,
1679 5742 1814 5809 quod
1842 5759 1932 5812 per
1957 5745 2126 5796 omnia

537 5837 632 5888 nmâ€
682 5853 922 5894 memores
971 5839 1110 5894 estis.
1165 5836 1296 5891 Nam
1343 5849 1464 5890 cum
1504 5833 1571 5890 de
1616 5834 1852 5892 admisso
1899 5848 2120 5906 peccato

2249 4463 2480 4519 Constat,
2536 4454 2889 4510 vehementer
2934 4457 3139 4511 incusat
3182 4466 3237 4511 et
3285 4455 3662 4512 comminatur:
3689 4455 3780 4499 cum

2249 4557 2427 4600 autem
2471 4545 2540 4602 de
2570 4557 2790 4616 peccato
2830 4548 3124 4612 dubitatur,
3160 4549 3289 4604 illud
3333 4549 3503 4620 primo
3535 4541 3718 4614 probat.
3743 4541 3780 4584 Î¸á½·

2239 4648 2375 4694 tunc
2397 4640 2638 4710 increpat
2657 4659 2669 4693 :
2692 4648 2747 4695 et
2766 4641 2906 4710 quod
2927 4642 3142 4711 quidem
3161 4643 3212 4696 in
3231 4641 3480 4699 confesso
3499 4646 3576 4692 est
3594 4627 3777 4690 extollil;

2248 4733 2378 4788 illud
2407 4748 2557 4799 vero,
2590 4733 2657 4788 de
2685 4748 2792 4803 quo
2819 4735 3113 4798 dubitatur,
3145 4735 3198 4790 in
3235 4735 3488 4791 confesso
3501 4741 3612 4785 esse
3635 4731 3779 4778 osten-

2245 4823 2342 4878 dit.
2369 4824 2616 4894 Exempli
2637 4839 2796 4880 causa
2815 4825 2883 4880 de
2905 4824 3256 4883 fornicatione
3288 4825 3497 4896 quidem
3513 4811 3775 4876 constabal;

2247 4916 2474 4986 ideoque
2505 4933 2610 4973 non
2642 4933 2777 4986 opus
2805 4917 2904 4971 fuit
2948 4917 3238 4974 ostendere
3267 4917 3320 4972 id
3347 4929 3467 4971 esse
3509 4911 3773 4981 peccatum;

2245 5008 2338 5062 sed
2371 5008 2550 5064 delicti
2591 5009 3006 5079 magnitudinem
3052 5010 3162 5064 illic
3191 5008 3452 5080 probavit,
3480 5011 3532 5059 et
3548 5013 3636 5070 per
3659 5002 3774 5080 (á¼”Ï†Î·â€™

2245 5100 2572 5168 parationem
2626 5101 2927 5155 orationem
2973 5079 3217 5170 protulit.
3259 5101 3460 5156 Rursus
3499 5086 3627 5160 apud
3667 5079 3772 5135 Â³1âµ0âµ

2237 5190 2485 5261 judicari,
2535 5202 2810 5262 peccatum
2855 5192 3072 5262 quidem
3122 5202 3258 5256 erat,
3299 5191 3391 5245 sed
3438 5197 3538 5239 non
3569 5179 3766 5234 tantum:

2242 5281 2468 5352 ideoque
2498 5282 2625 5336 illud
2652 5283 2921 5352 interjeeit
2945 5293 2998 5337 et
3025 5283 3289 5352 probavit.
3323 5280 3394 5335 De
3421 5277 3480 5331 iis
3507 5270 3650 5327 etiam

2240 5376 2397 5431 idolis
2420 5377 2691 5431 immolata
2712 5387 2865 5431 erant
2883 5376 3248 5442 dubitabatur,
3270 5371 3361 5428 sed
3385 5374 3616 5438 maguum
3635 5360 3763 5448 etut"

2239 5470 2436 5521 malum
2469 5477 2615 5522 erat:
2647 5475 2974 5537 quapropter
3001 5466 3240 5521 ostendit
3259 5478 3377 5520 esse
3405 5460 3676 5530 peccauitâ€,
3702 5435 3761 5491 idâ€˜

2237 5575 2341 5630 que
2374 5559 2556 5615 verbis
2598 5558 2827 5614 extollit.
2881 5557 3107 5626 Quando
3144 5567 3323 5614 autem
3369 5551 3468 5606 hoc
3503 5539 3635 5599 facit,
3675 5537 3757 5630 mill

2234 5627 2408 5706 solum
2438 5650 2654 5707 abducit
2682 5665 2710 5704 a
2760 5650 3095 5716 criminibus,
3125 5648 3218 5705 sed
3247 5647 3403 5704 etiam
3431 5637 3493 5693 ad
3533 5627 3754 5720 09""???

2234 5743 2398 5798 ducit.
2432 5743 2614 5814 Neque
2638 5743 2780 5798 enim
2807 5741 2943 5797 dixit
2971 5741 3132 5797 modo
3173 5755 3280 5796 non
3304 5739 3539 5806 Î¿ÏÎ¿Î½á¿‘Î¸Ï„Î¸
3565 5719 3750 5814 (Î¸â€™Î¸â€™á¿—Î¸

2207 5835 2298 5904 'ri,
2335 5835 2428 5892 sed
2455 5805 2616 5890 etiam
2641 5848 2887 5904 magnam
2913 5847 3034 5889 esse
3059 5805 3405 5888 exhibendam
3429 5805 3745 5877 sanctitatem.
