3962 6430
184 408 265 467 Ξίί

194 523 357 599 ζητοίη
387 526 586 598 μόνον,
618 528 717 584 zeal
742 527 932 583 ἑαυτὸν
966 524 1062 580 zeal
1086 523 1327 587 ἐκείνους
1352 521 1646 579 καταδύσει
1673 540 1769 577 τα-

193 611 329 686 χέως.
375 613 492 667 Kal
521 613 739 683 ἐκάστη
770 612 827 666 δὲ
869 612 1032 682 τέχνη
1070 610 1120 663 εί
1156 609 1216 663 16
1257 608 1457 677 ἑαυτῆς
1487 609 1770 680 συμφέρον

194 694 403 766 σκοποίη
435 695 630 766 μόνον,
653 696 755 750 οὐκ
782 695 848 750 ἄν
883 710 1013 748 ποτε
1038 695 1067 746 6
1092 691 1206 762 βίος
1240 691 1424 762 σταίη.
1459 690 1582 745 οὐδέ
1610 692 1644 762 ἡ
1682 690 1772 744 τέ-

193 796 278 852 χνη
311 780 343 849 ή
366 776 530 833 τοῦτο
559 777 820 849 ζητοῦσα.
844 777 942 833 Διὰ
966 776 1122 831 τοῦτο
1164 776 1192 828 6
1219 775 1464 846 γεωργὸς
1488 775 1549 828 06
1584 772 1771 827 τοσοῦ-

192 879 268 916 τον
290 864 512 931 σπείρει
542 863 711 926 σῖτον,
757 861 880 915 ὅσον
926 860 1159 930 ἀρκέσαι
1207 857 1405 928 ἐαυτῷ·
1447 857 1569 911 ἐπεὶ
1600 856 1769 910 πάλαι

194 945 272 1000 zeal
315 946 519 998 ἐαυτὸν
576 946 672 998 καὶ⁵
706 945 832 1008 τοὺς
858 943 1047 1007 ἀλλους
1082 941 1362 996 ἀπώλεσεν
1402 942 1467 997 άν
1486 957 1499 970 '
1534 939 1670 993 ἀλλά
1708 941 1771 993 τὸ

192 1028 286 1082 τῶν
315 1027 535 1082 ⁴τιιολλῶν
563 1027 735 1098 ζητεῖο
773 1027 868 1080 zeal
896 1029 924 1080 6
951 1025 1308 1099 στρατιώτης,
1335 1026 1434 1097 οὐχ
1463 1026 1554 1079 ἵνα
1579 1024 1770 1079 ἐαυτὸν

188 1110 424 1182 διασώσῃ
457 1111 869 1182 παρατάττεται
896 1110 1034 1180 πρὸς
1077 1108 1374 1174 κινδύνους,
1419 1106 1536 1162 ἀλλ’
1556 1106 1645 1160 ἵνα
1677 1106 1770 1160 καὶ

186 1195 278 1261 τὰς
327 1194 521 1257 πόλεις
551 1194 612 1248 ἐν
658 1192 926 1265 ἀσφαλείᾳ
952 1193 1296 1265 καταστήση’
1331 1191 1426 1245 zeal
1462 1192 1492 1243 6
1529 1189 1769 1261 ἔμπορος

185 1279 243 1334 06
270 1276 513 1331 τοσαῦτα
561 1276 800 1348 κομίζει,
824 1276 925 1330 ὅσα
966 1274 1117 1345 αὐτῷ
1150 1274 1309 1345 μόνον
1350 1272 1607 1345 ἀρκέσαι,
1651 1272 1770 1326 ἀλλ’

184 1364 282 1417 ὃσα
312 1361 414 1415 καὶ
435 1359 648 1430 ἑτέροις
680 1358 915 1423 πολλοῖς.
946 1360 1010 1413 Εί
1041 1358 1097 1412 δὲ
1121 1357 1272 1427 λέγοι
1301 1374 1408 1421 τις,
1442 1359 1525 1412 ὅτι
1550 1355 1690 1427 Οὐχὶ
1711 1355 1774 1410 16

187 1443 339 1516 ἐμὸν,
366 1442 509 1497 άλλά
538 1443 601 1497 16
626 1441 822 1497 ἐαυτοῦ
853 1442 1085 1506 ἕκαστος
1124 1440 1364 1504 σκοπῶν,
1403 1440 1577 1495 ταῦτα
1605 1442 1768 1493 ποιεῖ’

186 1526 278 1582 καὶ
321 1527 435 1599 γάρ
484 1527 741 1598 χρήματα
780 1523 958 1597 ἐαυτῷ
1002 1525 1096 1580 καὶ
1126 1523 1285 1591 δόξαν
1324 1524 1419 1579 zeal
1470 1523 1773 1593 ἀσφάλειαν

188 1608 488 1682 κτώμενος,
523 1609 737 1664 ἅπαντα
769 1607 1220 1681 πραγματεύεται
1250 1606 1456 1661 ταῦτα·
1514 1606 1657 1660 ὥστε
1712 1606 1774 1659 τὸ

189 1692 317 1763 ἐμὸν
366 1690 549 1764 ζητῶν
597 1692 894 1765 συμφέρον,
928 1692 991 1746 16
1030 1690 1228 1747 ἐαυτοῦ
1262 1692 1452 1763 ζητεῐο
1490 1688 1651 1744 τοῦτο
1678 1690 1775 1744 zeal

192 1774 303 1844 ἐγώ
327 1792 496 1847 φημι,
534 1775 628 1830 zeal
668 1776 835 1831 πάλαι
865 1776 1097 1831 ἀκοῦσαι
1142 1775 1465 1846 ἐϐουλόμην,
1492 1774 1587 1829 zeal
1631 1774 1774 1845 ὑπὲρ

194 1858 383 1913 τούτου
406 1858 580 1913 πάντα
612 1859 704 1914 16v
727 1858 884 1929 λόγον
912 1858 1281 1931 ἐποιησάμην,
1321 1857 1461 1912 ὥστε
1490 1856 1642 1931 [226]
1668 1857 1777 1911 δεῖ·

198 1941 304 2010 εαι,
334 1942 419 1997 ὅτι
467 1942 587 1997 τότε
624 1942 685 1997 16
725 1942 916 1998 ἐαυτοῦ
954 1941 1236 2014 συμφέρον
1274 1942 1305 1995 6
1332 1941 1558 2014 πλησίον
1601 1940 1776 2012 ζητεῖ,

197 2026 326 2081 ὅταν
348 2025 409 2079 16
439 2025 531 2081 σὺν
564 2026 836 2101 σκοπήσῃ.
878 2025 1097 2096 Ἐπειδὴ
1127 2027 1237 2097 γὰρ
1258 2026 1465 2097 ἐτέρως
1497 2024 1596 2078 οὐκ
1628 2025 1777 2096 ήνείο

199 2125 353 2180 κοντο
381 2109 657 2183 ἂνθρωποι
702 2109 772 2164 τὰ
816 2108 913 2164 τοῦ
967 2108 1196 2181 πλησίον
1243 2108 1449 2181 ζητεῖν,
1486 2110 1535 2163 εί
1579 2108 1655 2180 μὴ
1698 2110 1779 2173 είς

200 2190 397 2264 ταύτην
443 2196 770 2248 κατασταῖεν
822 2193 922 2265 τήν
974 2193 1240 2264 ἀνάγκην,
1277 2193 1363 2248 διὰ
1416 2191 1576 2248 τοῦτο
1603 2191 1778 2257 οὕτως

202 2275 340 2331 αὑτά
370 2277 683 2344 συνέζευξεν
710 2281 740 2332 6
766 2277 918 2342 Θεδς,
942 2279 1039 2333 zeal
1058 2278 1158 2332 οὐκ
1185 2278 1377 2349 ἀφίησι
1402 2278 1667 2351 πρότερον
1688 2279 1780 2331 ἐπὶ

202 2360 259 2413 16
290 2362 488 2415 οίκεῖον
532 2361 811 2434 συμφέρον
837 2362 1032 2429 ἐλθεῖν,
1064 2361 1139 2435 μὴ
1183 2362 1272 2418 διά
1323 2363 1433 2417 τῶν
1480 2361 1780 2434 ἀλλοτρίων

204 2443 586 2515 συμφερόντων
643 2446 992 2512 όδεύσαντας.
1022 2446 1197 2501 Τοῦτο
1232 2446 1331 2518 μὲν
1381 2441 1477 2500 οὖν
1506 2445 1783 2518 ἀνθρώπι-

204 2542 314 2593 νον,
344 2527 406 2582 16
445 2527 620 2593 οὕτως
658 2530 752 2584 ἐπὶ
794 2528 856 2585 16
891 2530 987 2585 τοῦ
1028 2529 1254 2602 πλησίον
1298 2530 1579 2603 συμφέρον
1623 2529 1782 2584 ιέναισ

205 2612 288 2666 δεῖ
311 2612 366 2666 δέ
397 2612 473 2685 μὴ
500 2612 771 2680 ἐντεῦθεν,
806 2615 922 2669 ἀλλ’
956 2614 1066 2670 ἀπὸ
1087 2614 1195 2669 τῶν
1220 2614 1300 2686 τῷ
1331 2613 1451 2685 Θεῷ
1481 2612 1784 2669 δοκούντων

208 2694 507 2751 πείθεσθαι.
559 2696 696 2751 Ούδέ
725 2696 835 2770 γάρ
874 2697 953 2752 ένι
997 2697 1236 2769 σωθῆναι
1274 2697 1349 2769 μὴ
1377 2696 1537 2751 τοῦτο
1571 2695 1784 2766 ἔχοντα·

209 2777 342 2832 ἀλλά
382 2779 485 2833 κᾶν
514 2780 615 2852 τὴν
654 2781 830 2853 ἄκραν
862 2781 1181 2853 φιλοσοφίαν
1214 2781 1408 2852 ἀσκῇς,
1447 2779 1557 2834 τῶν
1586 2778 1645 2833 δέ
1675 2778 1786 2833 λοι-

210 2860 327 2915 πῶν
351 2861 737 2934 ἀπολλυμένων
761 2864 992 2937 ἀμελῇς,
1007 2864 1265 2935 οὐδεμίαν
1293 2864 1467 2934 κτήσῃ
1497 2862 1649 2934 παρὰ
1669 2862 1792 2934 Θεῷ

214 2945 536 3018 παρρησίαν.
563 2948 735 3003 Πόθεν
760 2949 951 3019 δῆλον;
989 2948 1108 3017 Ἀφ’
1157 2941 1232 3002 ὧν
1284 2948 1314 3001 6
1361 2948 1632 3017 μακάριος
1682 2949 1791 3001 ἀπ-

217 3028 445 3100 εφήνατο
468 3030 702 3095 Παῦλος.
743 3032 879 3087 Ἐὰν
908 3032 1020 3101 γὰρ
1060 3031 1314 3100 ψωμίσω
1347 3047 1469 3100 μου
1498 3030 1571 3083 τὰ
1599 3030 1790 3100 ὑπάρ-

223 3127 416 3178 χοντα,
472 3114 574 3168 καί
620 3115 864 3186 παραδῶ
908 3116 971 3170 τὸ
1022 3115 1197 3186 σῶμά
1225 3132 1368 3185 μου,
1418 3115 1522 3169 ἵνα
1571 3114 1788 3185 καυθῇ,

225 3195 450 3267 drchm-
484 3199 552 3253 δὲ
592 3200 681 3271 μὴ
744 3200 879 3271 ἔχω,
942 3200 1124 3257 οὐδὲν
1180 3198 1542 3269 ὠφελοῦμαι,
1603 3200 1790 3272 φησίν.

240 3278 391 3353 Ὁρᾷς
416 3283 580 3338 πόσον
627 3286 655 3337 6
696 3284 905 3348 Παῦλος
933 3286 1182 3356 ἐπιζητεῖ
1232 3283 1363 3355 παρ’
1393 3284 1584 3355 ἠμῶν;
1615 3285 1793 3339 καίτοι

233 3378 292 3431 γε
335 3365 365 3417 6
390 3367 640 3439 ψωμίσας
693 3370 756 3422 06
804 3367 865 3422 16
893 3367 1113 3435 ἐαυτοῦ,
1145 3367 1286 3423 ἀλλά
1338 3367 1400 3422 16
1432 3366 1531 3422 τοῦ
1564 3367 1794 3439 πλησίον

1156 403 1223 459 ΙΝ
1261 402 1483 460 EPIST.
1525 400 1668 457 [AD
1705 402 1865 460 COB.
1909 401 2145 460 llOlﬂL.
2187 404 2375 460 XXVI.

3349 404 3462 463 2V2

1874 522 2164 596 ἐζήτησεν.
2208 525 2348 579 Ἀλλ’
2372 525 2471 579 067.
2500 526 2660 596 ἀρκεῖ
2702 527 2858 582 τοῦτο
2893 528 3071 600 μόνον,
3121 529 3287 600 φησί·
3329 532 3467 600 μετά

1874 610 1983 682 γὰρ
2027 614 2378 681 γνησιότητος
2433 610 2564 664 a616
2606 611 2854 681 βούλεται
2903 612 3151 682 γίνεσθαι
3193 616 3288 667 καὶ
3326 631 3464 682 συμ-

1873 692 2107 755 παθείας
2153 692 2379 763 πολλῆς.
2431 693 2529 747 Aea
2574 694 2684 765 γὰρ
2725 693 2885 748 τοῦτο
2931 696 3029 749 zeal
3075 696 3468 766 ἐνομοθέτησεν

1873 776 2007 830 αὐτὸ
2037 779 2065 830 6
2091 776 2248 844 Θεὸς,
2274 778 2361 831 ἵνα
2387 781 2468 841 είς
2491 777 2789 850 σύνδεσμον
2814 780 3039 851 ἀγάπης
3061 780 3268 851 ἀγάγῃ.
3295 780 3465 832 Ὅταν

1871 859 1967 916 οὖν
2011 862 2219 925 ἐκεῖνος
2276 862 2374 933 μέν
2416 862 2669 917 τοσοῦτον
2708 863 2914 934 ἀπαιτῇ
2949 863 3168 934 μέτρον,
3211 865 3372 934 ἡμεῖς
3407 861 3464 913 δέ

1876 946 2011 1016 μηδέ
2036 946 2098 998 16
2119 945 2345 999 ἔλαττον
2364 945 2715 1018 παρέχωμεν,
2737 946 2880 1010 τίνος
2903 947 3141 1018 ἐσόμεθα
3168 946 3307 1012 άξιοι
3336 962 3464 1012 συγ-

1872 1028 2138 1101 γνώμης;
2172 1029 2286 1082 Καὶ
2318 1028 2455 1092 πῶς,
2489 1030 2644 1101 φησὶ,
2676 1029 2753 1099 τῷ
2778 1028 2903 1083 Λὼτ
2936 1030 3120 1099 ἔλεγεν
3154 1032 3181 1082 6
3218 1028 3349 1091 Θεὸς
3376 1028 3463 1082 διὰ

1872 1110 1983 1165 τῶν
2036 1111 2305 1180 ἀγγέλων,
2357 1110 2563 1172 Σώζων
2617 1108 2768 1172 σῶζε
2809 1110 2925 1179 τὴν
2971 1110 3187 1165 ἑαυτοῦ
3218 1107 3465 1179 ψυχήν;

1872 1194 2017 1255 είπέ,
2049 1195 2202 1256 πότε,
2233 1194 2328 1247 zeal
2367 1195 2455 1249 διά
2492 1194 2565 1247 τί.
2603 1194 2731 1248 Ὅτε
2761 1195 2794 1266 ἡ
2829 1194 3051 1258 κόλασις
3089 1194 3333 1264 ἐφέρετο,
3363 1192 3463 1264 οὐχ

1872 1278 1962 1331 ὅτε
1991 1276 2336 1349 διορθοῦσθαι
2367 1277 2495 1342 ἔδει,
2529 1277 2646 1331 ἀλλ’
2689 1279 2778 1332 ὅτε
2831 1277 3271 1347 κατεγνωσμένοι
3323 1273 3464 1348 ἦσαν

1874 1361 1970 1417 zeal
1995 1361 2189 1416 ἀνίατα
2224 1363 2465 1427 ἐνόσουν,
2495 1362 2590 1416 zeal
2625 1361 2930 1430 πρεσϐῦται
2954 1362 3049 1415 zeal
3078 1360 3191 1413 νέοι
3221 1360 3300 1423 είς
3337 1361 3464 1423 τοὺς

1876 1445 2076 1507 αὐτοὺς
2101 1444 2439 1516 ἐξεπήδησαν
2468 1443 2697 1514 ἔρωτας,
2730 1444 2828 1499 καὶ
2849 1443 3242 1500 κατακαίεσθαι
3268 1443 3468 1503 αὐτοὺς

1874 1528 2063 1582 λοιπὸν
2095 1527 2284 1600 ἐχρῆν,
2316 1528 2413 1581 zeal
2442 1529 2499 1580 ἐν
2537 1526 2720 1599 ἐκείνῃ
2753 1529 2822 1598 τῇ
2848 1527 3051 1598 ήμέρα,
3076 1527 3164 1580 ὅτε
3194 1528 3242 1579 οἱ
3269 1542 3467 1597 κεραυ-

1875 1614 1958 1667 vol
2002 1612 2413 1683 καταφέρεσθαι
2444 1610 2690 1682 ἔμελλον.
2726 1610 2935 1674 ’Ἄλλως
2969 1609 3024 1662 δέ
3058 1608 3177 1662 ούδέ
3211 1609 3338 1679 περὶ
3366 1624 3468 1661 κα-

1876 1697 2000 1761 κίας
2024 1695 2119 1750 zeal
2144 1697 2348 1767 ἀρετῆς
2372 1694 2531 1748 τοῦτο
2563 1695 2798 1768 εἴρηται,
2833 1693 2971 1747 ἀλλά
2998 1692 3129 1765 περὶ
3156 1691 3252 1763 τῆς
3275 1689 3469 1760 θεηλά-

1875 1795 1976 1832 του
1995 1777 2230 1850 πληγῆς.
2262 1777 2328 1830 Τί
2350 1777 2456 1848 γὰρ
2482 1777 2589 1831 ἔδει
2618 1780 2824 1843 ποιεῖν;
2850 1776 2972 1830 είπέ
3004 1792 3115 1845 μοι·
3144 1773 3469 1839 καθέζεσθαι

1877 1862 1974 1917 zeal
1998 1861 2254 1932 δέχεσθαι
2282 1859 2382 1932 τήν
2404 1860 2696 1933 τιμωρίαν,
2728 1859 2824 1914 zeal
2855 1858 3022 1930 μηδὲν
3056 1859 3297 1920 ἐκείνους
3323 1856 3471 1925 ὠφε-

1878 1946 2075 2001 λοῦντα
2107 1944 2541 2013 κατακαίεσθαι;
2602 1943 2765 1997 una;
2809 1943 2997 2007 ἀνοίας
3037 1939 3199 1996 τοῦτο
3235 1938 3471 2010 ἐσχάτης

1876 2028 1968 2104 ἦν.
2007 2032 2146 2087 Ούδέ
2184 2030 2291 2103 γάρ
2321 2028 2432 2099 ἐγὼ
2467 2028 2625 2084 τοῦτό
2655 2046 2827 2099 φημι,
2857 2028 2941 2082 ὅτι
2992 2025 3182 2088 ἁπλῶς
3224 2023 3321 2078 zeal
3347 2023 3469 2093 είκῆ

1878 2119 1963 2173 δεῖ
1984 2114 2312 2181 κολάζεσθαι
2343 2113 2495 2186 παρά
2527 2113 2589 2168 16
2618 2112 2698 2186 τῷ
2728 2111 2848 2183 Θεῷ
2870 2110 3080 2166 δοκοῦν·
3117 2107 3231 2163 ἀλλ’
3260 2108 3389 2161 ὅταν
3413 2107 3474 2159 ἐν

1881 2199 2051 2273 κακίᾳ
2083 2198 2371 2270 ἄνθρωπος
2390 2196 2665 2271 διατρίϐῃ,
2690 2196 2815 2249 τότε
2843 2193 3052 2249 κελεύω
3088 2192 3255 2264 μέσον
3275 2188 3474 2273 ἐαυτὸν

1883 2270 2211 2356 ἐμϐαλόντα,
2245 2270 2525 2356 διορθοῦν(
2549 2281 2598 2335 εί
2641 2280 2740 2351 μὲν
2770 2276 2971 2351 βούλει,
3000 2276 3088 2331 διὰ
3116 2274 3176 2327 τὸ
3200 2270 3301 2356 τοῦ
3336 2271 3475 2356 πλη-

1885 2352 2019 2421 σίον·
2045 2367 2093 2419 εί
2122 2364 2182 2418 δέ
2213 2362 2310 2436 μὴ,
2331 2352 2447 2418 κᾶν
2476 2363 2565 2418 διά
2593 2363 2654 2417 τό
2676 2379 2757 2415 σοι
2784 2359 3119 2415 λυσιτελοῦν.
3149 2355 3223 2409 T6
3247 2353 3344 2426 μέν
3363 2352 3473 2436 γάρ

1886 2449 2095 2523 βέλτιον
2122 2434 2323 2504 ἐκεῖνον
2344 2449 2392 2501 εἰ
2425 2446 2483 2501 δέ
2510 2447 2587 2518 μὴ
2612 2446 2836 2516 φθάνεις
2861 2444 2999 2515 πρὸς
3025 2443 3200 2523 ἐκεῖνο
3229 2438 3293 2523 16
3318 2434 3473 2523 ὕψος,

1885 2518 1991 2588 κᾶν
2028 2532 2118 2587 διὰ
2144 2531 2304 2586 τοῦτο
2336 2530 2501 2585 ποίει.
2529 2529 2640 2582 Kal
2674 2527 2863 2600 μηδεὶς
2891 2526 2951 2580 16
2988 2522 3184 2578 ἐαυτοῦ
3221 2518 3472 2591 ζητείτω,

1886 2617 1977 2670 ἴνα
2010 2616 2072 2670 16
2093 2614 2287 2670 ἐαυτοῦ
2313 2613 2472 2685 εῦρῃο
2497 2612 2593 2666 καὶ
2632 2612 3011 2681 ἐννοήσαντες,
3045 2608 3126 2661 ὅτι
3153 2603 3278 2658 οὔτε
3307 2602 3478 2685 άκτη-

1891 2698 2119 2771 μοσύνη,
2181 2696 2306 2750 οὔτε
2367 2683 2687 2767 μαρτύριον,
2728 2692 2852 2746 οὔτε
2919 2690 3047 2745 ἄλλο
3106 2688 3257 2742 οὐδὲν
3320 2683 3475 2771 ήμῶν

1890 2769 2195 2855 προστῆναι
2258 2780 2568 2851 δυνήσεται,
2636 2777 2701 2830 ἂν
2770 2776 2845 2846 μὴ
2892 2775 2992 2847 τὴν
3040 2774 3216 2855 ἄκραν
3256 2769 3476 2855 ἀγάπην

1891 2851 2128 2937 ἔχωμεν,
2190 2862 2392 2931 ταύτην
2440 2862 2546 2932 πρὸ
2584 2860 2697 2915 τῶν
2735 2859 2908 2914 ἄλλων
2968 2854 3334 2928 διατηρῶμεν,
3390 2851 3480 2903 ἵνα

1890 2950 1989 3003 zeal
2032 2947 2138 3001 τῶν
2170 2945 2349 3001 ἄλλων
2385 2945 2451 2999 δι’
2483 2944 2653 3014 αὐτῆς
2693 2941 3039 3013 ἐπιτύχωμεν
3066 2941 3159 2993 zeal
3196 2938 3305 2990 τῶν
3334 2951 3478 3005 παρ-

1894 3032 2066 3087 όντων
2114 3029 2345 3085 καὶτῶν
2387 3028 2816 3100 ἐπηγγελμένων
2865 3025 3106 3094 ἀγαθῶνο
3161 3015 3236 3076 ὧν
3272 3019 3485 3089 γένοιτο

1897 3118 2104 3180 πάντας
2129 3118 2275 3188 ἡμᾶς
2315 3116 2610 3185 ἐπιτυχεῖν,
2636 3112 2819 3183 χάριτι
2853 3111 2947 3164 zeal
2976 3101 3483 3188 epelavﬂpomlafoﬁ

1898 3201 2106 3273 Κυρίου
2137 3185 2299 3270 ήμῶν
2331 3196 2502 3270 Ἰησοῦ
2520 3195 2781 3268 Χριστοῦ,
2811 3192 2929 3266 μεθ’
2957 3188 3023 3249 οὗ
3047 3191 3125 3263 τῷ
3145 3188 3339 3273 Πατρὶ,

1898 3267 2485 3356 τῷάγίῳᾟνεύμάτι,
2506 3267 2658 3347 δόξα,
2684 3279 2905 3350 κράτος,
2932 3275 3088 3346 τιμὴ,
3126 3274 3223 3328 νῦν
3248 3271 3341 3325 zeal
3377 3267 3487 3331 ἀεὶ,

1902 3369 1997 3422 καὶ
2024 3370 2104 3432 είς
2136 3369 2262 3432 τοὺς
2293 3366 2498 3431 αἰῶνας
2524 3364 2634 3419 τῶν
2668 3362 2899 3418 αἰώνων.
2944 3360 3139 3431 Ἀμήν.

1573 3907 1730 3981 [227]
1759 3910 2000 3966 unum
2038 3911 2186 3978 κεῖν.

255 4071 494 4130 Ἐπαινῶ
520 4071 590 4126 δὲ
620 4069 801 4140 ὑμᾶς,
836 4071 925 4125 ὅτι
962 4069 1162 4127 πάντα
1185 4088 1307 4141 μου
1339 4068 1669 4140 μέμνησθε,
1707 4070 1807 4125 καί

301 4155 495 4294 καθίἔς
529 4153 844 4224 παρέδωκα
875 4153 1024 4226 ὑμῖν
1067 4155 1176 4223 τὰς
1224 4153 1625 4223 παραδόσεις,
1655 4153 1816 4208 οὕτω

304 4259 416 4297 κατ
450 4256 608 4311 χετε.

303 4369 380 4418 α’.
394 4360 731 4431 ’Ᾱπαρτίσας
753 4358 845 4413 16v
866 4358 996 4432 περὶ
1018 4356 1124 4413 τῶν
1145 4357 1511 4413 είδωλοθύτων
1539 4357 1719 4426 λόγον,
1737 4356 1814 4421 ὡς

238 4445 384 4518 αὐτῷ
418 4445 695 4516 προσῆκον
719 4438 790 4516 ἦν
807 4481 823 4508 ,
850 4442 945 4496 καὶ
974 4441 1313 4496 τελειότατον
1351 4441 1516 4497 αὐτὸν
1547 4441 1635 4496 διά
1681 4441 1819 4496 πάν·

238 4550 347 4585 των
381 4528 790 4600 ἐργασάμενος,
822 4526 1062 4598 μέτεισιν
1102 4526 1188 4595 ἐφ’
1237 4524 1454 4598 ἕτερον·
1486 4525 1515 4579 6
1542 4527 1638 4579 zeal
1688 4524 1821 4579 a616

250 4614 341 4684 μὶν
374 4611 632 4682 ἔγκλημα
668 4605 758 4681 ἦν,
786 4609 848 4663 06
886 4606 1140 4662 τοσοῦτον
1165 4606 1242 4661 δέ.
1292 4607 1471 4680 Ὅπερ
1514 4606 1625 4680 γὰρ
1650 4606 1821 4680 ἔφθην

247 4696 448 4760 είπὼν,
487 4692 652 4748 τοῦτο
697 4693 793 4747 zeal
826 4690 918 4744 νῦν
966 4689 1097 4763 ἐρῶ,
1158 4692 1241 4745 ὅτι
1290 4689 1350 4743 o6
1396 4690 1577 4745 πάντα
1627 4690 1824 4761 ἐφεξῆς

245 4779 425 4848 τίθησι
449 4776 522 4830 τά
551 4775 756 4847 σφοδρά
782 4776 1241 4846 κατηγορήματα,
1275 4771 1411 4827 ἀλλὰ
1445 4771 1653 4837 διαθεὶς
1684 4773 1825 4827 αὐτά

251 4862 389 4916 κατά
403 4857 561 4925 τάξιν
581 4858 682 4929 τὴν
704 4858 1110 4929 προσήκουσαν,
1131 4857 1213 4920 είς
1240 4856 1405 4929 μέσον
1419 4856 1599 4911 αὐτῶν
1618 4873 1829 4929 παρεμ-

262 4943 437 4998 ϐάλλει
462 4942 535 4997 τὰ
581 4942 921 5013 κουφότερα,
956 4938 1452 5013 παραμυθούμενος
1494 4939 1560 4993 16
1590 4940 1828 5011 ἐπαχθὲς

268 5025 357 5079 τοῦ
381 5025 538 5095 λόγου
559 5024 623 5078 16
650 5025 717 5079 ἐκ
735 5023 836 5095 τῆς
866 5023 1121 5095 συνεχοῦς
1148 5024 1518 5095 ἐπιτιμήσεως
1543 5024 1828 5094 ἐγγινόμμ

271 5127 363 5165 νον
390 5112 491 5174 τοῖς
533 5109 815 5165 ἀκούουσι.
854 5108 946 5162 Διὸ
975 5107 1072 5164 zeal
1113 5107 1173 5161 16
1213 5107 1432 5161 πάντων
1477 5106 1832 5179 σφοδρότερον

271 5191 486 5265 ὕστερον
508 5193 711 5266 τίθησι,
738 5192 799 5246 16
820 5191 950 5264 περὶ
972 5190 1073 5261 τῆς
1095 5191 1467 5253 ἀναστάσεως.
1493 5190 1644 5255 Τέως
1667 5190 1723 5243 δέ
1746 5191 1833 5259 ἐφ’

264 5280 451 5348 ἕτερον
477 5279 639 5351 χωρεῖ
664 5274 992 5347 κουφότερον
1020 5274 1194 5338 λέγων
1213 5290 1228 5306 ο
1276 5273 1533 5328 Ἐπαινῶ
1560 5272 1630 5326 δὲ
1661 5271 1835 5342 ὑμᾶς,

263 5363 353 5417 ὅτι
381 5350 573 5414 πάντα
596 5376 718 5430 μου
735 5350 1077 5429 μέμνησθε]
1094 5355 1267 5412 Ὅταν
1292 5356 1391 5428 μὲν
1416 5355 1526 5427 γὰρ
1555 5356 1839 5426 ὡμολογη-

268 5445 423 5517 μένον
527 5443 589 5497 16
628 5440 953 5513 ἁμάρτημα,
994 5439 1091 5495 zeal
1123 5442 1424 5511 κατηγορεῖ
1457 5439 1701 5509 σφοδρῶς
1744 5438 1841 5492 καὶ

266 5527 512 5584 ἀπειλεν
566 5527 699 5580 ὅταν
757 5524 815 5579 δέ
868 5522 1375 5596 ἀμφιϐαλλόμενον,
1437 5521 1841 5587 κατασκευάζει

270 5612 482 5685 πρῶτον
507 5610 660 5673 a616,
692 5610 789 5665 zeal
825 5609 950 5663 τότε
976 5609 1238 5680 ἐπιτιμᾷ²
1266 5608 1362 5661 zeal
1403 5606 1463 5661 16
1507 5607 1608 5679 μὲν
1629 5605 1841 5676 ὡμολο-

270 5695 508 5768 γημένον
548 5694 801 5767 ἐπαίρει,
838 5692 901 5746 τὸ
945 5692 1003 5746 δέ
1047 5691 1534 5763 ἀμφισϐητήσιμον
1571 5690 1844 5744 δείκνυσιν

273 5776 710 5851 ὡμολογημένον.
751 5769 878 5830 Οῖον
924 5776 958 5844 ἡ
1006 5774 1232 5846 πορνεία
1275 5772 1698 5843 ὡμολογημένον
1738 5769 1837 5843 ῆν·

272 5863 458 5933 διόπερ
480 5860 582 5913 οὐκ
610 5856 809 5930 ἐδεήθη
835 5853 1029 5922 δεῖξαι,
1058 5857 1139 5910 ὅτι
1169 5856 1473 5928 ἁμάρτημα
1503 5852 1594 5927 ἦν,
1626 5856 1761 5909 ἀλλὰ
1784 5855 1849 5909 16

272 5943 505 6017 μέγεθος
545 5944 663 5997 ἐκεῖ
700 5938 1068 5996 κατεσκεύασε
1104 5939 1197 5994 τοῦ
1230 5939 1721 6011 πλημμελήματος,
1754 5940 1849 5993 καὶ

1910 4066 2053 4125 κατὰ
2093 4066 2380 4137 σύγκρισιν
2413 4061 2698 4134 προήγαγε
2741 4057 2833 4111 16v
2869 4056 3048 4137 λόγον.
3098 4053 3268 4108 Πάλιν
3307 4052 3385 4137 16
3408 4054 3500 4124 ἐφ’

1913 4152 2116 4223 ἐτέρων
2145 4133 2486 4212 δικάζεσθαι,
2531 4144 2833 4215 ἁμάρτημα
2874 4139 2973 4209 μὲν
3000 4133 3090 4223 ῆν,
3137 4137 3198 4191 06
3241 4136 3503 4223 τοσοῦτον

1912 4218 2019 4289 δέ’-
2039 4233 2228 4304 διόπερ
2258 4230 2392 4286 αὐτὸ
2427 4228 2523 4282 zeal
2550 4224 2924 4297 παρενέθηκε,
2958 4220 3058 4277 zeal
3104 4218 3499 4304 κατεσκεύασε.

1915 4318 1990 4371 T6
2011 4316 2119 4370 τῶν
2154 4300 2522 4368 είδωλοθύτων
2556 4309 2718 4363 πάλιν
2767 4304 3149 4377 άμφεϐάλλετο
3174 4304 3304 4374 μὲν,
3337 4300 3406 4375 ἦν
3443 4305 3505 4358 δὲ

1922 4402 2179 4473 μέγιστον
2229 4395 2425 4452 κακόν·
2478 4393 2559 4448 διὸ
2609 4390 2706 4446 καὶ
2754 4388 3502 4473 ἁπώείκνυσινᾷάμάρτημα

1918 4470 1979 4538 δν
2001 4526 2015 4547 ,
2062 4482 2157 4537 zeal
2209 4480 2429 4552 ἐπαίρει
2461 4476 2537 4548 τῷ
2582 4476 2743 4545 λόγῳ.
2776 4474 2945 4526 Ὅταν
2991 4471 3047 4525 δέ
3083 4470 3243 4525 τοῦτο
3279 4471 3505 4542 ποιήσῃ,

1919 4571 2021 4624 οὐκ
2060 4569 2264 4636 ἀπάγει
2317 4565 2427 4619 τῶν
2472 4560 2834 4631 ἐγκλημάτων
2881 4557 3062 4636 μόνον,
3104 4554 3241 4608 ἀλλά
3287 4555 3381 4609 zea‘e
3423 4557 3507 4615 είς

1921 4653 1991 4707 τὰ
2037 4634 2256 4704 ἐναντία
2304 4647 2516 4716 ἐνάγει.
2595 4642 2731 4698 om
2778 4641 2888 4712 γὰρ
2951 4634 3108 4693 εἶπεν
3165 4638 3250 4691 δτι
3306 4637 3367 4690 06
3424 4636 3511 4691 δεῖ

1925 4734 2214 4810 πορνεύειν
2262 4732 2455 4804 μόνον,
2501 4728 2617 4784 ἀλλ’
2671 4727 2756 4781 ὅτι
2803 4727 2900 4810 zeal
2944 4722 3144 4810 πολλὴν
3165 4721 3512 4810 μάγιωσύνην

1926 4801 2302 4877 ἐνδείκνυσθαι
2348 4815 2478 4886 χρή.
2525 4812 2726 4882 Διόπερ
2763 4809 3046 4879 ἐπήγαγε·
3074 4805 3381 4871 Δοξάσατε
3428 4801 3513 4871 δή

1928 4905 2044 4972 ἄρα
2066 4901 2173 4955 τὸν
2194 4898 2342 4954 Θεὸν
2366 4898 2439 4951 ἐν
2458 4895 2535 4961 τῷ
2556 4894 2782 4963 σώματι
2802 4890 2991 4960 ὑμῶν,
3014 4889 3108 4943 καί
3138 4889 3207 4942 ἐν
3228 4887 3307 4953 τῷ
3329 4888 3512 4972 mest}.

1925 4966 2067 5057 ματι
2105 4979 2292 5053 ὑμῶν.
2337 4979 2451 5035 Kal
2480 4976 2650 5032 εἰπὼν
2681 4975 2840 5030 πάλιν
2870 4974 2951 5028 ὅτι
2983 4973 3042 5026 06
3073 4973 3154 5026 δεῖ
3181 4972 3342 5041 σοφὴν
3370 4966 3517 5025 εἶναι

1932 5053 2029 5138 τὴν
2077 5065 2181 5131 ἔξω
2214 5063 2431 5134 σοφίαν,
2459 5062 2561 5116 οὐκ
2598 5061 2847 5133 ἀρκεῖται
2881 5055 3077 5127 τούτῳ,
3123 5054 3259 5110 ἀλλά
3301 5053 3515 5138 κελεύει

1933 5135 2029 5204 zeal
2059 5149 2240 5220 μωρὸν
2268 5145 2541 5215 γενέσθαι.
2577 5143 2686 5197 Kal
2728 5138 3111 5212 συμϐουλεύων
3142 5140 3236 5193 ἐπὶ
3271 5138 3379 5191 τῶν
3408 5135 3522 5202 ἐξω

1938 5233 2013 5305 μὴ
2044 5219 2361 5296 δικάζεσθαι
2403 5227 2540 5299 μηδέ
2564 5226 2795 5285 ἀδικεῖν,
2829 5221 3035 5305 προῖὼν
3068 5223 3159 5275 καὶ
3189 5220 3321 5305 αὐτὸ
3348 5220 3409 5273 16
3437 5219 3517 5305 δις

1936 5301 2201 5381 deum
2244 5314 2480 5385 ἀναιρεῖ,
2510 5309 2608 5364 zeal
2651 5304 3013 5378 συμϐουλεύει
3062 5304 3137 5376 μὴ
3181 5304 3393 5375 μόνον⁸
3441 5301 3523 5374 μή

1936 5401 2164 5463 ἀδικεῖν,
2197 5397 2335 5453 ἀλλὰ
2370 5396 2466 5450 zeal
2504 5391 2826 5448 ἀδικεῖσθαι.
2857 5390 2968 5444 Kal
3001 5390 3129 5460 περὶ
3162 5388 3272 5442 τῶν
3298 5386 3516 5441 εἰδωλο-

1938 5484 2114 5539 θύτων
2143 5480 2527 5552 διαλεγόμενος
2541 5518 2557 5539 ,
2584 5476 2687 5530 06ze
2706 5470 2863 5528 εἶπεν
2884 5474 2967 5527 ὃτι
2990 5472 3099 5526 τῶν
3117 5469 3524 5541 κεκωλυμένων

1940 5564 2241 5638 ἀπέχεσθαι
2270 5564 2352 5618 δεῖ
2373 5551 2563 5634 μόνον,
2590 5558 2707 5614 ἀλλ’
2733 5559 2815 5613 ὅτι
2840 5557 2935 5612 καὶ
2958 5556 3065 5610 τῶν
3092 5551 3519 5638 συγκεχωρημέο

1939 5631 2225 5715 νωνῖὸταν
2254 5631 2546 5703 σκάνδαλον
2575 5644 2814 5713 γίνηται·
2840 5641 2936 5697 zeal
2964 5640 3084 5711 οὐχὶ
3112 5639 3237 5701 τοὺς
3261 5631 3522 5715 ἀδελφοὺς

1954 5733 2114 5803 μόνον
2136 5731 2213 5803 μὴ
2233 5729 2506 5802 πλήττειν,
2526 5725 2772 5782 άλλόύδέ
2789 5724 3057 5796 Ἕλληνας
3070 5719 3191 5791 οὒδέ
3216 5714 3522 5780 Ἰουδαίους

2018 5947 2043 5976 ⁸
2068 5947 2259 6007 Deerat,
2284 5945 2348 6007 μή
2371 5943 2527 6009 μόνον.
