3962 6426
571 372 681 428 2ίὸ

577 486 982 553 ’Λπρόσκοποι
1028 483 1142 556 7&9
1188 486 1444 555 γίνεσθε,
1488 486 1642 556 φησὶ,
1681 488 1778 542 καί
1834 488 2146 554 Ἰουδαίοις

564 580 664 634 καὶ
699 580 957 649 Ἕλλησι
984 579 1083 634 καί
1108 579 1183 648 τῇ
1222 580 1550 648 Ἐκκλησία
1578 580 1685 635 τοῦ
1716 581 1884 637 Θεοῦ.
1916 583 2143 655 Πληρώ-

563 692 666 737 σας
701 677 880 730 τοίνυν
905 677 1120 731 ἃπαντα
1148 676 1238 729 τὸν
1266 677 1396 747 περὶ
1421 677 1628 731 τούτων
1672 679 1929 733 ἀπάντων
1960 679 2139 747 λόγον,

567 771 707 841 μετά
735 770 908 825 ταῦτα
940 771 1035 825 καὶ
1069 771 1153 840 ἐφ’
1190 771 1378 843 ἕτερον
1406 771 1660 844 ἔγκλημα
1689 773 1904 846 πρόεισι
1929 774 2138 829 λοιπόν.

564 861 633 915 Τί
652 864 704 916 δέ
724 864 884 918 τοῦτο
898 860 998 935 ἧνς
1027 864 1092 918 Δί
1123 866 1223 937 μὲν
1239 868 1500 935 γυναῖκες
1517 868 2034 940 ἀνακεκαλυμμέναι
2049 869 2141 923 καὶ

564 961 744 1031 γυμνῇ
771 962 837 1030 τῇ
865 960 1077 1033 κεφαλῇ
1105 961 1207 1015 καὶ
1234 960 1466 1033 ηὔχοντο
1498 963 1594 1016 καὶ
1626 965 2018 1036 προεφήτευοψ
2047 965 2142 1018 καὶ

564 1055 674 1125 7&9
691 1056 1062 1127 προεφήτευον
1076 1054 1237 1129 {228]
1260 1057 1379 1111 τότε
1400 1060 1655 1126 γυναῖκες
1670 1075 1684 1088 ·
1698 1061 1746 1112 οί
1767 1059 1822 1113 δέ
1841 1059 2033 1132 ἀνδρες
2049 1060 2142 1113 καὶ

563 1148 794 1221 ἐκόμων,
814 1148 912 1204 ἀτε
931 1151 990 1204 ἐν
1006 1151 1295 1224 φιλοσοφίᾳ
1315 1152 1718 1225 διατρίψαντες,
1740 1154 1836 1208 καὶ
1857 1154 2142 1226 περιεϐάλ-

561 1246 714 1301 λοντο
729 1245 828 1312 τὰς
847 1246 1093 1317 κεφαλάς
1106 1249 1392 1321 εὐχόμενοι
1409 1251 1508 1305 καὶ
1530 1250 1984 1324 προφητεύοντες·
2002 1253 2140 1325 ὅπερ

562 1342 822 1414 ἑκάτερον
860 1342 1172 1414 Ἑλληνικοῦ
1211 1348 1378 1415 νόμου
1410 1341 1502 1418 ἦν.
1542 1348 1697 1402 Ἐπεὶ
1721 1344 1816 1403 οὖν
1851 1348 1993 1420 ὑπὲρ
2016 1348 2140 1402 τούς

557 1448 666 1487 των
692 1435 793 1508 ἤδη
827 1436 1103 1509 παρῄνεσε
1138 1440 1352 1511 παρὼν,
1384 1441 1477 1495 καὶ
1506 1442 1637 1508 ίσως
1667 1445 1718 1498 οί
1747 1443 1847 1515 μέν
1874 1445 2135 1516 ἥκουσαν,

558 1531 609 1583 οί
649 1531 708 1585 δέ
750 1533 1093 1606 ἠπείθησαν,
1118 1535 1208 1591 διὰ
1232 1536 1392 1593 τοῦτο
1434 1539 1530 1603 καὶ
1555 1538 1643 1595 διά
1678 1540 1778 1611 τῆς
1816 1540 2139 1612 Ἐπιστολῆς

559 1628 743 1694 πάλιν,
767 1629 955 1703 ὥσπερ
977 1632 1140 1703 σοφὸς
1168 1633 1374 1706 ἰατρὸς,
1403 1635 1682 1691 ἐπαντλῶν
1711 1636 1790 1708 τῷ
1821 1636 1967 1709 λόγῳ
1991 1637 2136 1709 διορ-

558 1724 749 1780 θοῦται
769 1724 829 1781 :6
849 1727 1174 1801 ἁμάρτημα.
1195 1728 1320 1787 Ὅτι
1340 1730 1450 1802 7&9
1470 1730 1776 1804 παρῄνεσεν
1800 1732 1902 1806 ἤδη
1923 1734 2134 1807 παρὼν,

556 1820 715 1893 δῆλον
743 1821 802 1889 ἐξ
823 1817 900 1877 ὧν
921 1824 1356 1896 προοιμιάζεται.
1372 1828 1530 1893 Τίνος
1551 1828 1662 1899 7&9
1684 1828 1870 1884 ἐνεκεν
1884 1829 2037 1884 οὐδὲν
2058 1832 2137 1884 εί-

557 1915 677 1970 ιεὼν
698 1918 827 1990 περὶ
849 1917 1036 1973 τούτου
1068 1920 1305 1992 οὐδαμοῦ
1331 1922 1431 1994 τῆς
1461 1922 1783 1995 Ἐπιστολῆς
1803 1924 2134 1996 ἐμπροσθεν,

555 2014 671 2069 ἀλλ’
697 2015 806 2069 ἀπὸ
835 2016 1195 2088 ἐγκλημάτων
1219 2018 1428 2089 ἐτέρων
1458 2019 1627 2085 ἐκδάς
1647 2061 1663 2086 ,
1692 2020 1897 2083 εὐθέως
1929 2022 2095 2093 φησίν
2112 2037 2133 2053 ο

568 2109 825 2165 Ἐπαινῶ
860 2110 930 2165 δὲ
956 2109 1132 2182 ὑμᾶς,
1165 2113 1255 2168 ὅτι
1291 2113 1489 2171 πάντα
1514 2133 1637 2186 μου
1667 2115 2000 2186 μέμνησθε,
2034 2117 2133 2173 καί

551 2206 751 2273 καθὼς
772 2207 1083 2277 παρέδωκα
1106 2209 1249 2279 ὑμῖν
1269 2210 1376 2276 τὰς
1395 2211 1782 2281 παραδόσεις,
1815 2212 1969 2267 οὕτω
1992 2229 2133 2267 κατ-

550 2302 758 2375 έχετες
803 2304 971 2377 ὀρᾷς
1016 2304 1099 2360 ὅτι
1145 2306 1196 2360 οῖ
1242 2307 1345 2378 μὲν
1374 2307 1639 2380 ἥκουσαν,
1682 2307 1778 2373 οὒς
1810 2309 2046 2376 ἐπαινεῖ,
2085 2312 2133 2366 01

549 2400 611 2455 δέ
635 2402 1018 2474 παρήκουσαν,
1049 2400 1143 2467 οὓς
1164 2401 1470 2476 διορθοῦται
1496 2403 1588 2459 διά
1612 2404 1721 2459 τῶν
1749 2405 1902 2477 ἐξῆς,
1934 2406 2130 2477 λέγων·

547 2498 615 2552 Εί
638 2496 712 2552 δέ
740 2514 833 2565 τις
857 2497 1034 2553 δοκεῖ
1065 2500 1411 2569 φιλόνεικος
1434 2498 1611 2570 εἶναι,
1637 2504 1810 2573 ἡμεῖς
1850 2508 2135 2576 τοιαύτην

548 2593 884 2661 συνήθειαν
912 2596 1025 2651 οὐκ
1048 2596 1303 2666 ἕχομεν;
1327 2598 1390 2651 El
1419 2598 1530 2671 7&9
1567 2600 1677 2654 τῶν
1708 2601 1808 2672 μέν
1837 2601 2135 2674 κατωρθω-

548 2688 747 2754 κότων,
778 2690 888 2744 τῶν
924 2691 981 2744 δέ
1012 2693 1483 2764 παρακουσάντων
1502 2735 1517 2758 ,
1550 2695 1758 2760 πάντας
1784 2697 2022 2752 ὑπέϐαλε
2063 2700 2131 2770 τῇ

547 2788 893 2861 κατηγορίᾳ,
939 2789 1180 2853 ἐκείνους
1218 2808 1276 2845 τε
1322 2789 1691 2864 θρασυτέρους
1729 2794 1988 2866 ἐποίησε,
2037 2797 2132 2850 καὶ

546 2883 771 2946 τούτους
801 2883 1207 2958 ρᾳθυμοτέρους
1229 2885 1298 2941 ἂν
1321 2887 1637 2959 εἰργάσατο·
1665 2888 1761 2942 νῦν
1790 2888 1848 2942 δέ
1872 2889 1999 2953 τοὺς
2031 2889 2131 2961 μὲν

546 2981 844 3045 ἐπαινέσας
887 2980 983 3035 καὶ
1020 2982 1455 3054 ἀποδεξάμενος,
1485 2985 1612 3048 τοὺς
1643 2984 1701 3039 δὲ
1742 2986 2000 3051 κακίσας,
2034 2987 2131 3041 καίΙ

545 3074 791 3140 ἐκείνους
843 3075 1046 3146 μᾶλλον
1090 3077 1311 3149 ηλειψε,
1369 3079 1466 3133 καὶ
1502 3079 1727 3145 τούτους
1764 3081 2129 3137 καταδύεσθαι

545 3168 984 3241 παρεσκεύασεν.
1048 3172 1254 3227 Ἱκανὸν
1295 3174 1395 3244 μὲν
1433 3175 1543 3246 7&9
1586 3176 1681 3230 καὶ
1718 3176 1842 3232 καθ’
1878 3177 2041 3233 ἐαυτὺ
2093 3180 2128 3251 η

543 3265 856 3338 κατηγορία
893 3267 1120 3339 πλῆξαν
1150 3270 1281 3324 ὅταν
1320 3271 1377 3325 δέ
1413 3272 1551 3344 1:96;
1590 3274 1893 3346 παράθεσιν
1922 3275 2130 3347 ἐτέρων

545 3359 999 3433 κατωρθωκότων
1027 3364 1123 3419 καὶ
1146 3366 1647 3439 ἐγκωμιαζομένων
1675 3369 1908 3440 γίνηται,
1943 3373 2128 3443 μεῖζον

543 3454 657 3526 ἔχει
683 3458 744 3511 :6
788 3456 1034 3532 κέντρον.
1082 3459 1245 3515 Ἀλλά
1290 3462 1427 3526 τέως
1467 3462 1569 3517 οὑκ
1615 3463 1724 3517 ἀπὸ
1769 3469 2125 3539 κατηγορίας,

542 3552 658 3606 ἀλλ’
685 3553 794 3608 ἀπὸ
816 3554 1110 3627 ἐγκωμίων
1138 3557 1388 3629 ἄρχεται,
1420 3560 1514 3613 καὶ
1531 3560 1824 3632 ἐγκωμίων
1848 3564 2123 3633 μεγάλων,

540 3648 736 3717 λέγων·
775 3650 1028 3706 Ἐπαινῶ
1045 3651 1115 3705 δὲ
1138 3651 1297 3722 ὑμᾶς
1324 3654 1413 3707 ὅτι
1436 3653 1634 3709 πάντα
1653 3675 1773 3726 μου
1789 3660 2122 3730 μέμνησθε.

541 3746 797 3800 τοιοῦτον
825 3748 934 3819 γὰρ
974 3747 1070 3802 τοῦ
1110 3749 1326 3803 Παύλου
1362 3749 1423 3804 :6
1450 3750 1591 3819 έθος,
1638 3754 1732 3809 καὶ
1778 3757 1871 3811 ἐπὶ
1907 3763 2123 3832 μικροῖς

542 3840 814 3911 μεγάλους
836 3842 1092 3907 ἐπαίνους
1114 3844 1351 3912 ὑφαίνει,
1373 3846 1435 3899 οὑ
1460 3847 1720 3921 κολακείᾳ
1741 3850 1901 3906 τοῦτο
1929 3853 2120 3920 ποιῶν,

542 3937 618 4009 μη
647 3938 879 4008 γένοιτοο
912 3940 1032 4004 πῶς
1075 3941 1184 4014 γὰρ
1230 3942 1259 3995 6
1299 3942 1435 4015 μηδέ
1472 3945 1773 4016 χρημάτων
1808 3947 2117 4019 ἐφιέμενος,

541 4036 682 4106 μήτε
708 4035 889 4108 δόξης,
917 4037 1058 4108 μήτε
1084 4038 1244 4093 ἀλλου
1279 4039 1502 4111 μηδενὸς
1539 4040 1648 4095 τῶν
1679 4041 1969 4111 τοιούτων;
2004 4047 2120 4100 ἀλλ’

537 4128 685 4201 ὑπὲρ
715 4131 815 4202 τῆς
846 4132 1122 4205 σωτηρίας
1153 4134 1333 4189 αὑτῶν
1364 4137 1545 4191 πάντα
1572 4140 2116 4211 πραγματευόμενος.

536 4225 631 4279 Διὸ
675 4226 770 4280 καὶ
797 4227 1014 4299 ἐπαίρει
1042 4227 1103 4282 :6
1148 4229 1425 4302 ἐγκώμιον
1445 4272 1460 4297 ,
1504 4229 1702 4301 λέγων⁹
1745 4231 2004 4289 Ἐπαινῶ
2049 4235 2119 4289 δὲ

536 4318 693 4390 ὑμᾶς
722 4321 811 4378 ὅτι
833 4321 1031 4376 πάντα
1054 4343 1174 4393 μου
1186 4325 1516 4395 μέμνησθε.
1538 4328 1677 4383 Ποῖα
1698 4328 1911 4393 πάντα;
1945 4330 2117 4404 ’Υπὲρ

534 4417 646 4489 7&9
671 4417 766 4472 :06
796 4418 872 4492 μὴ
897 4421 1075 4491 κομᾷν
1108 4420 1243 4491 μηδὲ
1268 4421 1784 4478 κατακαλύπτεσθαι
1813 4425 1950 4490 τέως
1973 4427 2003 4479 6
2029 4428 2117 4484 16-

534 4530 632 4582 70;
663 4509 734 4587 ἦν
760 4515 912 4586 αὑτῷ
946 4516 1125 4587 μόνον·
1158 4515 1297 4580 ἀλλ’,
1323 4517 1460 4587 ὅπερ
1485 4518 1642 4589 ἔφην,
1674 4520 2115 4591 ἐπιδαψιλεύεται

532 4611 648 4671 τοῖς
667 4610 983 4678 ἐγκωμίοις,
1002 4609 1443 4682 προθυμοτέρους
1463 4612 1652 4668 ποιῶν.
1676 4614 1769 4668 Διό
1788 4619 2113 4687 φησιν,”οτι

533 4700 734 4755 πάντα
755 4719 876 4772 μου
898 4702 1211 4772 μέμνησθε
1227 4744 1244 4769 ,
1277 4704 1377 4758 καί
1405 4705 1602 4774 καθὼς
1632 4707 1945 4776 παρέδωκα
1969 4712 2115 4782 ὑμῖν

533 4799 642 4865 τὰς
668 4797 1055 4869 παραδόσεις,
1071 4799 1226 4853 οὕτω
1250 4799 1551 4872 κατέχετε.
1573 4805 1717 4875 "A90
1733 4805 1829 4859 καὶ
1842 4807 2113 4879 ἀγράφως

533 4893 705 4949 πο).λά
729 4894 1015 4968 παρεδίδου
1036 4896 1182 4960 τότε,
1208 4895 1238 4949 6
1260 4898 1355 4951 καὶ
1382 4899 1619 4971 ἀλλαχοῦ
1646 4899 1916 4973 πολλαχοῦ
1936 4902 2107 4975 δηλοῖ·

531 4992 670 5046 ἀλλά
692 4993 814 5046 τότε
844 4993 942 5065 μέν
962 4993 1248 5067 παρέδωκε
1272 4995 1453 5067 μόνον,
1478 4996 1573 5051 νῦν
1588 4997 1646 5051 δέ
1666 4999 1761 5052 καὶ
1777 5002 2110 5071 αίτιολογίαν

531 5091 766 5162 τίθησιν.
807 5091 964 5147 Οὕτω
997 5091 1108 5163 7&9
1137 5094 1233 5148 καὶ
1259 5092 1484 5158 τούτους
1513 5096 1897 5169 ἰσχυροτέρους
1932 5101 2108 5156 ἐποίει

529 5187 656 5252 τοὺς
677 5186 996 5255 ἀκούοντας,
1025 5188 1121 5242 καὶ
1144 5189 1369 5243 ἐκείνων
1388 5189 1636 5244 κατέσπα
1656 5193 1717 5245 :6
1741 5192 1970 5266 φύσημα
1999 5197 2108 5251 τῶν

528 5283 975 5355 ἐναντιουμένων.
1016 5281 1150 5353 Εἶτα
1181 5286 1242 5339 οὑ
1277 5285 1425 5355 λέγει
1464 5286 1570 5354 ὅτι,
1615 5288 1807 5361 Ὑμεῖς
1856 5293 1959 5363 μὶν
2004 5295 2107 5348 ὑπ-

535 5377 821 5450 ηκούσατε.
851 5380 1027 5451 ἐτεροι
1044 5381 1102 5435 δέ
1123 5383 1500 5454 παρήκουσαν,
1531 5384 1669 5439 ἀλλά
1687 5386 2012 5453 ἀνυπόπτως
2040 5391 2105 5444 ἐκ

529 5475 628 5545 τῆς
652 5473 1003 5538 διδασκαλίας
1035 5476 1167 5530 αὑτὸ
1194 5478 1488 5533 αἰνίττεται
1522 5480 1611 5535 διὰ
1639 5481 1748 5535 τῶν
1787 5482 1936 5553 ἑξῆς,
1961 5483 2105 5539 οὑτω

527 5572 727 5640 λέγων·
784 5571 947 5626 Θέλω
976 5570 1046 5625 δὲ
1072 5571 1228 5642 ὑμᾶς
1256 5573 1479 5629 ειδέναι
1508 5575 1599 5630 ὅτι
1626 5577 1855 5645 παντὸς
1883 5578 2104 5647 ἀνδρὸς

525 5670 562 5736 ὴ
591 5667 827 5740 κεφαλὴ
863 5672 898 5724 ὀ
924 5670 1175 5738 Χριστός
1201 5671 1352 5725 ἐστι*
1385 5672 1622 5743 κεφαλὴ
1651 5672 1721 5727 δὲ
1758 5675 2041 5744 γυναικὸς
2069 5680 2103 5732 ὁ

524 5763 698 5833 ἀνήρ’
726 5765 959 5834 κεφαλὴ
977 5765 1045 5819 δὲ
1069 5766 1326 5836 Χριστοῦ
1349 5770 1382 5821 ὁ
1408 5769 1569 5835 Θεός.
1603 5769 1670 5823 Ἦ
1692 5770 2101 5841 μέναίτιολογία

527 5855 689 5931 ιὺττγ
717 5859 898 5933 τίθησι
918 5862 973 5917 δέ
1001 5863 1191 5937 αὐτὴν,
1214 5865 1341 5930 τοὺς
1364 5864 1785 5937 ἀσθενεστέρους
1807 5883 2095 5942 προσεκτι-

1415 374 1479 430 S.
1518 372 1807 431 JOANNIS
1839 373 2330 434 CHRYSOSTOMI
2368 382 2689 440 ARCIIIEP.
2728 384 3282 452 CONSTANTINOP.
3663 402 3745 459 ΞΗ

2254 507 2336 545 κω
2347 491 2527 565 εέρους
2552 498 2741 553 ποιῶν.
2781 498 2843 555 ’0
2865 500 2966 571 μέν
2993 497 3086 557 οὖν
3114 504 3319 568 πιστὸς,
3340 506 3415 571 ὡς
3439 509 3554 580 χρὴ,
3573 515 3655 567 καὶ
3677 518 3752 588 E9-

2256 588 2498 659 ρωμένος
2529 592 2649 647 οὑδέ
2687 593 2856 649 δεῖται
2882 595 3042 665 λόγου
3084 598 3204 652 οὑδέ
3230 600 3420 665 αἰτίας,
3451 602 3579 677 ὑπὲρ
3614 603 3678 663 ὧν
3698 615 3754 667 ἂν

2252 683 2524 769 ἐπιταχθῇ
2548 725 2563 751 ,
2594 688 2710 743 ἀλλ’
2748 691 2998 762 ἀρκεῖται
3037 697 3106 765 τῇ
3148 697 3430 767 παραδόσει
3468 702 3617 776 μόνῃ·
3652 708 3676 760 6
3710 710 3756 764 δὲ

2252 779 2658 855 ἀσθενέστερος,
2690 786 2819 841 ὅταν
2867 789 2962 843 καὶ
3004 792 3102 861 τὴν
3140 790 3315 846 αίτίαν
3352 794 3507 868 μάθῃ,
3531 798 3639 853 τότε
3682 803 3758 856 καὶ

2253 875 2396 945 μετά
2428 877 2673 946 πλείονος
2701 883 2800 954 τῆς
2833 884 3070 958 σπουδῆς
3097 886 3313 957 κατέχει
3335 885 3475 963 [Ξῖ9]
3502 892 3556 946 :6
3582 894 3757 967 λεχθὲν,

2251 973 2348 1026 καὶ
2381 976 2522 1044 μετά
2551 977 2750 1050 πολλῆς
2781 981 3040 1036 ὑπακούει
3079 984 3179 1052 τῆς
3211 984 3525 1057 προθυμίας.

2324 1068 2393 1139 β’.
2413 1071 2615 1144 Διόπερ
2637 1074 2757 1127 οὑδέ
2773 1070 2895 1130 εἶπε
2919 1076 3016 1148 τὴν
3041 1079 3241 1145 αἰτίαν,
3268 1079 3369 1145 ἕως
3389 1082 3507 1136 δτου
3526 1086 3757 1156 παραδει-

2248 1165 2482 1239 νομένην
2517 1163 2626 1222 εἶδε
2656 1169 2757 1241 τὴν
2791 1172 3028 1245 ἐντολήν.
3065 1174 3163 1238 Τίς
3189 1170 3281 1229 οὖν
3305 1178 3340 1247 ἡ
3367 1177 3537 1244 αίτία;
3567 1182 3761 1251 Παντὸς

2247 1263 2471 1332 ἀνδρὸς
2508 1266 2548 1334 ἡ
2584 1268 2820 1338 κεφαλὴ
2851 1271 2885 1323 d
2927 1270 3184 1340 Χριστός
3216 1271 3401 1328 ἐστιν.
3440 1270 3559 1347 Ἆρ’
3579 1272 3662 1331 οὖν
3683 1280 3758 1332 1:01

2245 1359 2342 1414 :06
2393 1361 2686 1433 Ἕλληνος;
2734 1363 3020 1436 Οὐδαμῶς.
3068 1367 3133 1421 Εί
3167 1366 3276 1440 7&9
3320 1368 3473 1441 σῶμά
3501 1372 3650 1442 ἐσμεν
3685 1372 3757 1428 τοῦ

2246 1455 2486 1526 Χριστοῦ
2512 1458 2606 1513 καὶ
2627 1457 2765 1532 μέλη
2787 1461 2851 1515 ἐκ
2876 1461 3100 1533 μέρους,
3128 1464 3408 1539 καὶταύτῃ
3431 1467 3617 1532 ἐκεῖνος
3634 1468 3759 1540 ἡμῶν

2247 1551 2486 1622 κεφαλὴ,
2512 1552 2623 1607 τῶν
2650 1554 2754 1609 οὑκ
2781 1555 2949 1610 ὄντων
2982 1557 3040 1611 ἐν
3068 1559 3147 1631 τῷ
3182 1560 3392 1634 σώματι
3417 1563 3532 1617 οὑδέ
3561 1563 3628 1628 εἰς
3650 1564 3759 1636 μέλη

2243 1644 2545 1702 τελούντων
2570 1648 2673 1703 οὑκ
2696 1646 2764 1702 ἂν
2789 1651 2874 1722 εῐη
2906 1653 3137 1726 κεφαλή·
3166 1655 3308 1711 ὥστε
3331 1658 3455 1712 ὅταν
3478 1660 3615 1730 είκῃ.
3636 1663 3760 1714 Παν-

2244 1741 2369 1810 τὸς,
2393 1742 2487 1798 τοῦ
2522 1745 2716 1801 πιστοῦ
2746 1746 2829 1801 δεῖ
2853 1751 3315 1820 προσυπακούειν.
3357 1749 3504 1819 Εἶδες
3531 1755 3641 1819 πῶς
3662 1773 3763 1810 παν·

2243 1839 2412 1912 ταχοῦ
2424 1841 2633 1897 ἀνωθεν
2650 1844 2905 1916 ἐντρέπει
2919 1848 3010 1902 τὸν
3024 1849 3305 1923 ἀκροατήν
3320 1868 3334 1916 ;
3348 1852 3455 1906 Καὶ
3464 1852 3566 1923 7&9
3575 1853 3762 1925 διεπερὶ

2244 1935 2467 2008 ἀγάπης
2490 1937 2785 2008 διελέγετο,
2807 1942 2895 1996 κατ
2920 1945 3010 1998 ὅτε
3031 1946 3161 2017 περὶ
3186 1946 3676 2020 ταπεινοφροσύνης,
3689 1947 3763 2001 καὶ

2243 2032 2333 2086 ὅτε
2358 2034 2485 2104 περὶ
2505 2034 2892 2109 ἐλεημοσύνης,
2907 2038 3118 2095 ἐκεῖθεν
3128 2036 3281 2097 εἷλκε
3292 2043 3361 2099 τά
3372 2043 3762 2115 παραδείγματα.
3882 2050 3887 2061 ’

2243 2128 2492 2198 Κεφαλὴ
2515 2128 2585 2183 δὲ
2602 2131 2889 2200 γυναικὸς
2910 2136 2946 2189 ό
2958 2135 3135 2205 ἀνήρ’
3155 2137 3392 2207 κεφαλὴ
3414 2137 3479 2193 δὲ
3498 2138 3721 2207 Χριστοῦ
3740 2141 3764 2192 ό

2247 2223 2410 2290 Θεός.
2450 2225 2713 2282 Ἐνταῦθα
2733 2229 3075 2300 ἐπιπηδῶσιν
3086 2233 3217 2305 ἡμῖν
3231 2235 3283 2287 οί
3298 2233 3554 2306 αἰρετικοὶ
3566 2232 3762 2286 ἐλάττω·

2244 2320 2331 2377 σίν
2357 2340 2480 2378 τινα
2505 2325 2571 2379 ἐκ
2601 2325 2708 2381 τῶν
2729 2327 3035 2399 εἰρημένων
3067 2331 3406 2396 ἐπινοοῦντες
3427 2329 3500 2403 τῷ
3529 2329 3650 2401 Υίῷ·
3674 2330 3765 2383 ἀλλ’

2244 2419 2454 2484 ἐαυτοῖς
2493 2422 2933 2493 περιπίπτουσιν.
2978 2425 3042 2480 El
3086 2426 3196 2499 7&9
3227 2427 3438 2498 κεφαλὴ
3480 2424 3708 2496 γυναικὸς
3744 2426 3766 2478 6

2241 2514 2401 2585 ἀνὴρν
2432 2516 2716 2591 διιοούσιος
2748 2518 2806 2574 δὲ
2836 2521 2871 2593 ἡ
2907 2520 3120 2592 κεφαλὴ
3137 2518 3215 2592 τῷ
3258 2520 3488 2594 σώματι,
3517 2520 3703 2592 κεφαλὴ
3722 2521 3767 2573 δὲ

2240 2611 2336 2664 τοῦ
2356 2610 2592 2683 Χριστοῦ
2610 2615 2640 2666 6
2661 2614 2813 2680 Θεδς,
2832 2617 3117 2689 ὁμοούσιος
3138 2620 3167 2673 6
3191 2617 3324 2685 Υἱὸς
3344 2621 3422 2692 τῷ
3443 2619 3626 2691 Πατρί.
3656 2618 3769 2671 Ἀλιέ
3876 2598 3894 2633 Ξ

2239 2708 2302 2763 οὑ
2323 2707 2385 2763 :6
2410 2709 2746 2783 ἐτεροούσιον
2771 2712 3018 2768 ἐντεῦθεν
3044 2714 3326 2783 ἀποδεῖξαι
3355 2716 3656 2790 βουλόμεθα,
3677 2712 3766 2769 ἀλλ’
3876 2708 3894 2817 ‘1

2239 2805 2322 2860 δτι
2362 2806 2610 2877 ἄρχεται,
2653 2807 2808 2879 φησί.
2840 2808 2908 2862 Τί
2941 2806 3035 2864 οὖν
3080 2812 3216 2883 πρὸς
3246 2813 3406 2867 τοῦτο
3435 2813 3664 2884 εἴποιμεν
3689 2811 3766 2872 ἀν;

2243 2900 2365 2954 ὀτι
2395 2899 2629 2971 μάλιστα
2655 2901 2776 2974 μέν,
2797 2903 2926 2959 ὅταν
2951 2921 3004 2959 τι
3028 2907 3288 2963 ταπεινὸν
3316 2909 3534 2981 λέγηται
3555 2906 3678 2981 μετά
3694 2906 3766 2974 τῆς

2242 2996 2444 3067 σαρκὸς
2479 2997 2632 3060 δντος
2656 2996 2844 3064 αὑτοῦ,
2885 2998 2986 3053 οὑκ
3013 3002 3267 3056 εὐτέλεια
3290 3004 3390 3076 τῆς
3416 3003 3650 3074 θεότητός
3678 3002 3765 3053 ἐστι
3874 2992 3889 3089 ξ

2239 3092 2302 3147 :6
2324 3091 2633 3165 λεγόμενον,
2673 3092 2774 3164 τῆς
2806 3094 3120 3166 οίκονομίας
3151 3096 3453 3171 δεχομένης
3493 3099 3553 3152 :6
3593 3095 3766 3167 λεχθέν.

2240 3187 2385 3260 Πλὴν
2414 3187 2534 3243 ἀλλ’
2598 3188 2743 3257 είπέ,
2779 3188 2895 3253 πῶς
2916 3189 3076 3244 τοῦτο
3106 3191 3291 3262 βούλει
3325 3197 3391 3249 ἐκ
3419 3195 3599 3249 τούτου
3633 3207 3770 3246 κατι-

2239 3285 2501 3339 σκευάσαι
2523 3284 2645 3351 νῦν;
2663 3286 2786 3339 Ὅτι
2807 3285 2998 3359 ὥσπερ
3019 3289 3048 3342 6
3068 3289 3207 3362 ἀνὴρ
3228 3289 3392 3363 ἄρχει
3415 3297 3512 3367 τῆς
3530 3287 3767 3361 γυναικὸς,

2238 3381 2422 3452 φησὶν,
2461 3379 2605 3436 οὕτω
2636 3381 2733 3437 καὶ
2767 3384 2796 3437 6
2823 3383 3009 3456 Πατὴρ
3048 3384 3142 3439 τοῦ
3184 3386 3448 3459 Χριστοῦ.
3479 3386 3668 3441 υὺκοῦν
3696 3381 3770 3437 καὶ
3882 3438 3893 3465 ,ἦ

2236 3478 2423 3549 ὥσπερ
2451 3480 2480 3532 6
2507 3477 2743 3548 Χριστὸς
2772 3479 2865 3534 τοῦ
2900 3481 3113 3553 ἀνδρὸς,
3145 3482 3298 3538 οὕτω
3324 3484 3419 3538 καὶ
3444 3486 3473 3535 6
3499 3480 3673 3552 Πατὴρ
3880 3514 3893 3558 γ

2235 3574 2402 3630 Υίοῦ·
2449 3575 2684 3643 Παντὸς
2724 3576 2833 3650 γὰρ
2878 3577 3120 3647 ἀνδρὸς,
3167 3583 3361 3653 φησὶν,
3411 3582 3449 3649 ἡ
3500 3575 3768 3649 etwa-1916
3880 3618 3893 3652 η

2234 3672 2491 3741 Χριστός
2526 3672 2676 3728 ἐστι.
2713 3675 2824 3728 Καὶ
2847 3675 2930 3740 τίς
2962 3677 3028 3730 ἂν
3054 3678 3229 3732 ταῦτα
3266 3677 3613 3745 καταδέξαιτό
3636 3686 3765 3733 ποτες

2234 3771 2297 3825 Εί
2324 3771 2431 3844 7&9
2459 3772 2584 3825 ὅσον
2606 3770 2667 3824 :6
2690 3771 2956 3844 ὑπερέχον
2987 3774 3080 3828 τοῦ
3106 3775 3241 3830 Υίοῦ
3269 3777 3405 3849 πρὸς
3431 3776 3590 3847 ἡμᾶς,
3611 3766 3765 3825 τοσοῦ·
3882 3802 3887 3813 ι

2230 3885 2323 3922 τον
2371 3868 2464 3924 τοῦ
2508 3868 2723 3940 Πατρὸς
2770 3867 2906 3937 πρὸς
2937 3868 3030 3923 τὸν
3064 3869 3191 3925 Υἰὸν
3212 3911 3227 3937 ,
3268 3872 3520 3943 ἐννόησον
3547 3872 3620 3934 είς
3660 3867 3766 3933 ὅσην

2230 3963 2395 4019 αὑτὸν
2426 3964 2577 4030 ἀξεις
2615 3963 2713 4036 τὴν
2748 3964 3046 4020 εὐτέλειαν.
3078 3966 3245 4020 Ὥστε
3283 3969 3345 4023 οὑ
3397 3968 3569 4022 πάντα
3599 3962 3763 4036 ὁμοίως

2230 4059 2541 4125 ἐξεταστέον
2577 4060 2662 4131 ἐφ’
2703 4060 2859 4131 ἡμῶν
2895 4061 2987 4115 καὶ
3025 4062 3115 4116 ἐπὶ
3139 4063 3235 4117 τοῦ
3276 4063 3437 4130 Θεοῦ,
3477 4065 3573 4119 κᾶν
3603 4060 3763 4134 ὁμοίως

2228 4155 2477 4226 λέγηται·
2516 4156 2633 4209 ἀλλ’
2664 4157 3040 4227 ἀπονεμητὲον
3069 4158 3148 4229 τῷ
3184 4157 3308 4231 Θεῷ
3349 4178 3469 4214 τινα
3500 4157 3762 4223 ἰδιάζουσαν

2229 4249 2524 4322 ὑπεροχὴν,
2558 4252 2655 4305 καὶ
2695 4250 2963 4324 τοσαύτην
2987 4253 3121 4324 ὅσην
3143 4251 3285 4324 Θεῷ.
3314 4256 3379 4308 Εί
3407 4256 3512 4327 7&9
3540 4254 3610 4326 μὴ
3637 4248 3762 4305 τοῦτο

2229 4347 2668 4418 συγχωρήσαιεν,
2702 4345 2874 4401 πολλά
2915 4346 3106 4418 ἐψεται
3132 4349 3202 4402 τά
3228 4349 3432 4406 ἄτοπα.
3469 4349 3654 4403 Σκόπει
3683 4340 3758 4395 δέ·

2226 4441 2455 4515 Κεφαλὴ
2491 4439 2587 4496 τοῦ
2625 4440 2864 4514 Χριστοῦ
2907 4444 2938 4497 ό
2975 4444 3126 4511 Θεὸς,
3159 4437 3321 4513 οὗτος
3354 4446 3414 4501 δέ
3464 4443 3554 4499 τοῦ
3583 4438 3759 4511 ἀνδρὸς.

2224 4540 2479 4604 κάκεῖνος
2496 4537 2598 4611 τῆς
2625 4540 2902 4609 γυναικός.
2925 4540 3134 4596 Οὑκοῦν
3164 4544 3215 4597 εἰ
3244 4543 3338 4597 ἐπὶ
3364 4543 3575 4598 πάντων
3596 4534 3759 4611 ὁμοίως

2224 4633 2549 4707 ἐκλάδοιμεν
2603 4635 2703 4707 τὴν
2753 4635 3031 4709 κεφαλὴν,
3081 4637 3340 4694 τοσοῦτον
3396 4639 3545 4694 ἐσται
3597 4636 3624 4689 6
3663 4630 3759 4690 Υίδς

2223 4729 2551 4803 ἀφεστηκὼς
2573 4731 2671 4784 τοῦ
2694 4732 2929 4807 Πατρδς,
2955 4734 3078 4788 ὅσον
3107 4736 3265 4806 ἡμεῖς
3289 4735 3476 4790 αὑτοῦ.
3517 4729 3667 4787 Ἀλλὰ
3687 4724 3758 4781 καὶ

2221 4830 2256 4898 η
2285 4828 2424 4900 γυνὴ
2449 4826 2704 4883 τοσοῦτον
2743 4829 2904 4900 ἡμῶν
2926 4831 3301 4902 ἀποστήσεται
3322 4874 3340 4899 ,
3368 4833 3492 4887 ὅσον
3516 4831 3664 4902 ἡμεῖς
3686 4820 3758 4877 τοῦ

2219 4922 2355 4977 Θεοῦ
2386 4923 2563 4993 Λόγου
2588 4940 2603 4955 ·
2634 4924 2731 4978 καὶ
2748 4923 2888 4995 ὅπερ
2913 4926 3061 4979 ἐστὶν
3079 4928 3110 4980 6
3129 4926 3259 4992 T16;
3286 4928 3423 5001 1:96;
3442 4929 3532 4982 τὸν
3552 4922 3758 4994 Πατέρα.

2218 5017 2377 5073 τοῦτο
2402 5021 2498 5074 καὶ
2525 5022 2690 5092 ἡμεῖς
2724 5020 2859 5092 πρὸς
2887 5021 2979 5076 τὸν
3004 5021 3152 5089 Υίδν,
3177 5025 3274 5079 καὶ
3307 5026 3342 5097 ἠ
3375 5024 3510 5094 γυνὴ
3543 5019 3668 5093 πρὸς
3688 5015 3758 5070 τὸν

2219 5114 2389 5188 ἄνδρα
2417 5116 2600 5171 πάλιν.
2630 5116 2739 5169 K01
2766 5116 2851 5182 τίς
2882 5118 3056 5172 ταῦτα
3087 5120 3371 5188 ἅνέξεται;
3413 5117 3554 5175 'K11'
3590 5116 3757 5186 ἑτέρως

2216 5199 2583 5270 ἐκλαμϐάνεις
2618 5200 2711 5254 ἐπὶ
2748 5202 3008 5270 γυναικὸς
3036 5204 3133 5256 καὶ
3163 5204 3359 5276 ἀνδρὸς
3398 5206 3496 5277 τὴν
3526 5200 3756 5273 κεφαλὴν.

2216 5293 2314 5347 καὶ
2341 5295 2441 5365 οὑχ
2470 5294 2547 5359 ὡς
2589 5295 2683 5348 ἐπὶ
2723 5295 2816 5348 τοῦ
2862 5296 3137 5367 Χριστοῦς
3171 5299 3381 5353 Οὑκοῦν
3423 5298 3518 5353 καὶ
3557 5295 3644 5351 ἐπὶ
3682 5287 3757 5344 τοῦ

2217 5384 2346 5439 Υίοῦ
2378 5387 2475 5440 καὶ
2513 5389 2610 5440 τοῦ
2641 5388 2856 5461 Πατρὺς
2900 5389 3103 5461 ἑτέρως
3143 5372 3446 5464 ἐκληπτέον
3484 5394 3627 5464 ⁴ἡμῖν.
3666 5382 3756 5438 Καὶ

2215 5482 2334 5546 πῶς
2365 5483 2567 5553 ἐτέρως
2601 5483 2938 5555 ἐκληπτέον;
2973 5486 3125 5557 φησί.
3159 5488 3319 5542 Κατά
3344 5488 3407 5542 :6
3443 5487 3625 5541 αἴτιον.
3665 5476 3755 5531 Καὶ

2214 5561 2324 5647 γᾶρ
2348 5577 2509 5648 εἴπερ
2537 5577 2712 5650 ἀρχὴν
2736 5579 2921 5652 ἐζήτει
2948 5584 3124 5638 εἰπεῖν
3151 5585 3244 5638 καὶ
3274 5584 3550 5652 ὑποταγὴν
3573 5583 3601 5634 6
3630 5570 3754 5631 Παῦ-

2211 5673 2322 5739 λος,
2351 5674 2429 5739 ὡς
2457 5675 2523 5728 σῖ)
2548 5674 2674 5744 φὴς,
2700 5677 2800 5731 οὐκ
2820 5677 2887 5732 ἂν
2906 5683 3139 5749 γυναῖκα
3158 5685 3473 5752 παρήγαγεν
3493 5680 3567 5741 είς
3589 5674 3750 5747 μέσον.

2209 5769 2346 5826 ἀλλά
2371 5769 2554 5825 δοῦλον
2586 5773 2789 5843 μᾶλλον
2818 5776 2915 5830 καὶ
2935 5777 3221 5853 δεσπότην.
3251 5778 3315 5833 Εἰ
3337 5778 3446 5850 γὰρ
3465 5777 3555 5830 καὶ
3582 5762 3750 5824 ὑποτί-

2209 5886 2407 5925 τακται
2437 5871 2571 5942 ἡμῖν
2603 5872 2635 5943 η
2659 5873 2817 5946 γυνὴ,
2849 5875 2964 5930 ἀλλ’
2991 5877 3064 5943 ὡς
3092 5878 3246 5952 γυνὴ,
3283 5877 3397 5932 ἀλλ’
3422 5877 3494 5942 ὡς
3518 5861 3743 5932 ἐλευθέρα
