3962 6428
229 332 340 389 213

225 451 463 517 Ideoque
490 443 770 516 subjunxit
794 458 808 498 :
843 439 1136 511 Gloriﬁeate
1161 438 1324 495 Deum
1343 440 1398 494 in
1421 453 1633 511 corpore
1653 445 1817 492 vestro

221 551 274 596 et
309 538 499 609 spiritu
528 549 697 591 vestro
736 535 815 606 (1.
837 530 955 589 Cor.
988 531 1042 588 6.
1068 531 1180 596 20).
1229 531 1298 585 Et
1337 545 1523 586 rursus
1564 544 1687 584 cum
1726 528 1821 583 di-

219 633 399 687 xisset
428 644 539 684 non
565 638 816 699 oportere
842 626 1135 695 sapientem
1155 638 1275 678 esse
1296 633 1516 678 externa
1534 621 1818 691 sapientia,

216 740 331 781 non
378 726 484 779 hoc
517 729 806 777 contentus
841 727 945 785 est,
986 717 1079 772 sed
1118 716 1271 787 jubet
1312 716 1531 772 stultum
1572 714 1709 769 fieri.
1753 714 1822 768 Et

218 833 343 871 eum
378 817 476 870 dat
513 812 801 868 consilium
844 825 948 865 non
974 808 1177 878 judicio
1205 805 1646 863 contendendum
1697 819 1820 859 esse

226 907 360 978 apud
418 915 703 969 externos,
753 916 926 965 neque
972 900 1219 970 injuriam
1275 914 1398 953 esse
1452 895 1819 963 inferendam;

224 1013 551 1071 progressus
601 997 763 1051 etiam
807 994 1010 1065 judicio
1065 990 1395 1047 contendere
1445 990 1714 1060 prohibet,
1765 998 1821 1045 et

216 1092 512 1149 consilium
554 1090 646 1144 dat
667 1097 723 1142 ut
760 1103 866 1142 non
901 1084 1062 1140 modo
1095 1098 1199 1139 non
1223 1084 1471 1153 injuriam
1504 1081 1815 1149 inferamus,

213 1186 310 1240 sed
335 1193 400 1239 ut
418 1184 674 1252 iujuriam
700 1182 981 1251 patiamur.
1008 1179 1075 1234 Et
1094 1178 1162 1233 de
1184 1177 1495 1249 idolothytis
1517 1175 1814 1241 disserens,

215 1292 325 1330 non
373 1274 515 1329 dixit
542 1273 703 1327 modo
731 1286 761 1324 a
791 1270 1071 1342 prohibitis
1111 1268 1380 1324 abstinere
1417 1277 1688 1337 oportere.
1722 1266 1816 1321 sed

213 1371 389 1425 etiam
435 1383 468 1421 a
518 1366 814 1431 concessis,
861 1363 1077 1434 quando
1124 1377 1211 1417 res
1253 1361 1582 1417 oll‘endiculo
1627 1361 1813 1424 fuerit;

216 1476 401 1532 neque
424 1459 591 1514 modo
617 1472 724 1512 non
745 1456 1096 1511 offendendos
1120 1469 1240 1510 esse
1265 1453 1478 1516 fratres,
1508 1469 1691 1507 verum
1717 1467 1817 1508 nec

213 1555 444 1609 Gnaeos
472 1566 571 1606 nec
608 1550 858 1616 Judaaos;
891 1548 1018 1604 Sine
1041 1546 1339 1615 offensione,
1373 1546 1562 1617 inquit,
1592 1555 1746 1599 estote
1770 1554 1815 1600 et

216 1644 425 1699 Iudaeis
454 1653 503 1698 et
550 1642 742 1698 (ἐνθείς
769 1652 816 1695 et
850 1640 1098 1696 Ecclesia:
1142 1639 1255 1695 Dei.
1285 1639 1419 1695 Cum
1464 1655 1593 1710 ergo
1632 1639 1701 1694 de
1730 1638 1815 1694 his

220 1739 480 1792 omnibus
522 1736 820 1791 orationem
863 1733 1201 1798 absolvisset,
1247 1731 1505 1801 deinceps
1555 1730 1621 1785 ad
1669 1729 1812 1785 aliud

220 1832 432 1887 crimen
473 1828 737 1900 procedit.
777 1826 1056 1893 Quodnam
1085 1825 1213 1881 illud
1250 1825 1405 1880 erat?
1445 1824 1695 1880 Mulieres
1719 1824 1813 1879 de-

225 1932 386 1977 tectas
412 1930 469 1977 et
512 1919 657 1975 nudo
699 1920 875 1988 capite
918 1925 973 1972 et
1019 1916 1247 1971 orabant
1290 1925 1347 1970 et
1385 1917 1810 1987 prophetabant;

228 2024 355 2070 tunc
377 2015 521 2069 enim
554 2011 940 2083 prephetahant
964 2011 1248 2065 mulieres:
1274 2010 1375 2064 viri
1401 2019 1577 2065 autem
1602 2024 1810 2064 comam

229 2107 465 2171 alebant,
511 2115 696 2171 utpote
731 2104 822 2174 qui
860 2104 910 2156 in
957 2101 1294 2173 philosophia
1350 2111 1716 2166 versarentur,
1758 2111 1814 2156 et

230 2199 481 2267 tegebant
504 2205 661 2266 caput
682 2205 897 2249 orantes
917 2206 968 2248 et
992 2193 1408 2264 prophetantes;
1435 2193 1575 2264 quod
1604 2203 1810 2248 utrum-

229 2305 334 2360 que
354 2288 489 2358 legis
529 2287 836 2344 Gra'eorum
857 2296 993 2343 erat.
1037 2286 1169 2355 Quia
1192 2302 1321 2357 ergo
1349 2286 1526 2341 dehis
1564 2286 1812 2341 omnibus

231 2397 343 2444 eos,
377 2396 518 2448 cum
557 2381 790 2446 adesset,
837 2380 1139 2443 admonuit;
1177 2388 1230 2433 et
1270 2380 1512 2432 fortassis
1557 2379 1644 2433 alii
1693 2378 1812 2449 qui-

230 2473 349 2529 dem
370 2472 669 2543 audierant,
692 2471 781 2526 alii
806 2487 911 2526 non
931 2482 1219 2543 paruerant
1236 2489 1255 2528 :
1275 2472 1398 2527 ideo
1421 2488 1513 2542 per
1531 2473 1808 2541 epistolam

231 2579 434 2629 rursus,
485 2572 543 2619 ut
581 2564 795 2630 sapiens
833 2564 1091 2627 medicus,
1131 2546 1292 2619 verba
1335 2564 1651 2631 infundens,
1681 2580 1806 2634 pecs

228 2667 405 2710 catum
446 2656 685 2724 corrigit.
729 2655 859 2709 Nam
904 2654 1044 2725 quod
1068 2669 1163 2711 eos
1197 2654 1306 2724 jam
1330 2670 1452 2709 cum
1473 2655 1688 2710 adesset
1711 2655 1805 2710 ad-

228 2748 515 2813 monuerit,
540 2749 713 2817 palam
739 2757 822 2801 est
846 2762 912 2802 ex
931 2748 995 2801 iis
1022 2760 1142 2816 qua:
1164 2747 1216 2800 in
1242 2747 1504 2815 prooemio
1529 2745 1678 2801 dicit.
1697 2746 1810 2801 Cur

225 2840 371 2895 enim
391 2853 511 2894 cum
540 2839 671 2892 nihil
701 2838 800 2892 hac
823 2838 890 2895 de
915 2852 974 2893 re
995 2837 1216 2892 dixisset
1235 2854 1457 2909 usquam
1482 2840 1534 2893 in
1554 2840 1805 2910 epistola,

194 2948 197 2949 '
225 2932 320 2985 sed
361 2932 430 2986 ab
467 2931 590 2986 aliis
616 2931 930 2986 criminibus
959 2931 1197 2986 invectus
1219 2942 1383 2999 esset,
1426 2933 1606 2988 statim
1645 2931 1805 2988 dicit:

222 3022 405 3078 Laudo
433 3035 602 3079 autem
627 3042 745 3093 vos,
775 3027 909 3094 quod
936 3043 1027 3096 per
1060 3027 1232 3080 omnia
1259 3028 1357 3082 mei
1386 3045 1630 3084 memores
1657 3031 1804 3096 estis,

221 3128 270 3171 et
302 3117 435 3170 sicut
478 3117 669 3169 tradidi
708 3118 844 3171 vobis
880 3117 1199 3185 traditiones,
1240 3119 1314 3172 ita
1353 3120 1565 3175 tenetis?
1622 3119 1808 3176 Vidcn'

219 3210 492 3280 quomodo
537 3210 626 3264 alii
680 3209 894 3280 quidem
939 3211 1226 3275 audierint,
1277 3227 1413 3283 quos
1466 3212 1677 3280 laudat;
1718 3214 1807 3270 alii

218 3319 325 3358 non
356 3303 647 3368 audierint,
678 3317 815 3373 quos
854 3303 1077 3373 corrigit
1106 3318 1202 3373 per
1241 3305 1544 3375 sequentia,
1587 3306 1803 3363 dicens:

217 3393 279 3449 Si
303 3411 422 3464 quis
444 3405 614 3448 autent
635 3394 831 3447 videtur
852 3410 960 3448 esse
983 3397 1343 3463 contentiosus,
1381 3414 1472 3451 nos
1503 3398 1656 3452 talem
1681 3416 1806 3453 con-

211 3485 538 3540 suetudinem
564 3501 665 3539 non
685 3485 925 3540 habemus
946 3485 1025 3558 (I.
1055 3485 1175 3540 Cor.
1203 3489 1289 3543 Il.
1318 3487 1446 3559 £6)?
1468 3489 1601 3545 Nam
1625 3491 1668 3546 si
1687 3491 1807 3547 aliis

212 3588 363 3632 recte
392 3576 693 3649 agentibus,
721 3577 842 3631 aliis
865 3592 969 3633 non
995 3579 1358 3646 audientibus,
1390 3595 1581 3637 omnes
1612 3582 1664 3637 in
1694 3584 1804 3638 eri-

212 3683 337 3724 meo
369 3676 636 3734 vocasset,
678 3668 799 3723 illos
826 3669 1162 3738 audaciores,
1191 3670 1290 3726 hos
1317 3675 1594 3743 segniores
1624 3675 1805 3730 reddi-

212 3759 414 3815 disset:
447 3773 591 3815 nunc
613 3771 793 3815 autem
819 3760 953 3815 alios
973 3762 1199 3817 laudans
1222 3771 1279 3818 et
1303 3775 1554 3834 acceptos
1577 3765 1802 3833 habens,

212 3852 350 3907 alios
375 3851 691 3921 objurgaus,
720 3859 776 3907 et
812 3851 933 3909 illos
963 3854 1134 3924 magis
1171 3855 1483 3921 concitavit,
1514 3864 1569 3911 et
1594 3857 1679 3911 his
1709 3873 1806 3928 pu-

215 3946 403 4001 dorem
434 3945 681 4001 incussit.
723 3945 855 4001 Nam
898 3946 1249 4016 reprehensio
1290 3964 1388 4017 per
1426 3965 1485 4003 se
1519 3950 1693 4005 solum
1737 3951 1805 4005 ad

220 4037 625 4105 percellendum
646 4036 872 4103 sufﬁcit;
891 4052 1014 4092 cum
1035 4052 1167 4094 vero
1191 4038 1248 4092 fit
1262 4039 1329 4094 ad
1349 4041 1803 4110 comparationem

219 4132 466 4193 aliorum,
494 4132 581 4200 qui
608 4130 863 4200 prmclare
888 4139 1114 4201 egerunt
1132 4140 1188 4187 et
1214 4132 1516 4198 laudantur,
1542 4133 1803 4204 majorem

223 4224 382 4279 infert
425 4222 724 4277 stimulum.
769 4222 875 4279 Sed
905 4223 1119 4279 interim
1162 4239 1267 4279 non
1296 4239 1325 4278 a
1360 4226 1800 4296 reprehensione,

223 4317 314 4372 sed
355 4316 426 4370 ab
464 4315 725 4370 encomiis
756 4315 983 4379 orditur,
1015 4324 1070 4370 et
1099 4329 1128 4368 a
1173 4316 1383 4387 magnis
1411 4315 1692 4387 eneomiis,
1721 4318 1803 4374 di-

225 4422 376 4463 cens:
405 4406 589 4462 Laudo
617 4416 787 4471 autem
810 4422 918 4473 vos,
950 4406 1090 4479 quod
1114 4423 1206 4479 per
1231 4408 1404 4461 omnia
1431 4408 1529 4462 mei
1558 4425 1804 4466 memores

226 4501 356 4555 estis.
385 4498 532 4553 Talis
560 4499 701 4554 enim
723 4514 840 4554 mos
860 4510 943 4556 est
969 4499 1140 4565 Pauli,
1165 4515 1261 4568 pro
1290 4501 1466 4568 parvis
1492 4501 1652 4556 etiam
1682 4502 1800 4557 lau-

230 4592 316 4648 des
339 4607 564 4663 magnas
590 4593 740 4655 texit,
771 4607 877 4648 non
904 4608 972 4647 ex
1000 4591 1332 4657 adulatione,
1364 4592 1538 4658 absit;
1566 4609 1798 4663 quomo-

232 4686 294 4741 do
313 4686 454 4742 enim
482 4685 562 4741 sic
596 4695 799 4756 ageret,
828 4699 952 4741 cum
995 4700 1095 4741 nec
1125 4685 1403 4755 pecunias,
1433 4700 1532 4740 nec
1555 4688 1796 4757 gloriam,

232 4794 321 4833 nec
343 4777 486 4833 aliud
513 4777 639 4848 quid
666 4776 840 4833 simile
869 4778 1115 4848 expetat?
1136 4776 1232 4832 sed
1264 4791 1360 4847 pro
1390 4777 1602 4833 illorum
1630 4779 1800 4834 salute

240 4870 395 4924 omnia
435 4868 658 4925 faciens.
704 4868 936 4941 Ideoque
975 4869 1186 4925 laudem
1216 4883 1431 4939 quoque
1468 4870 1678 4925 extollit
1720 4870 1803 4925 di-

247 4975 370 5027 cens,
396 4961 579 5018 Laudo
598 4975 900 5030 antemnas,
922 4965 1058 5035 quod
1097 4981 1187 5036 per
1222 4966 1394 5020 omnia
1425 4965 1523 5020 mei
1556 4982 1802 5021 memores

250 5052 364 5107 estis.
399 5053 658 5121 Quaenam
688 5064 815 5109 sunt
851 5056 936 5110 illa
969 5056 1185 5111 omnia?
1223 5055 1357 5111 Nam
1400 5056 1469 5112 de
1497 5071 1649 5112 coma
1693 5073 1799 5113 non

249 5141 435 5210 alenda,
454 5147 596 5201 etde
623 5148 796 5215 capite
823 5154 925 5200 non
956 5148 1186 5218 tegendo
1208 5154 1415 5201 tantum
1449 5147 1797 5218 loquebatur:

244 5236 347 5299 sed,
379 5250 433 5293 ut
473 5241 601 5305 dixi,
653 5243 836 5297 laudes
883 5243 1070 5310 variat,
1103 5252 1161 5298 ut
1205 5244 1563 5314 promptiores
1587 5244 1794 5300 reddat.

240 5328 347 5386 Ideo
370 5332 460 5400 ait,
496 5333 649 5399 Quod
678 5351 767 5404 per
800 5336 970 5388 omnia
1009 5336 1106 5389 mei
1128 5351 1373 5390 memores
1412 5342 1550 5404 estis,
1578 5345 1627 5391 et
1669 5337 1801 5392 sicut

238 5423 407 5477 tradidi
451 5427 589 5480 vobis
639 5426 957 5491 traditiones,
1013 5428 1087 5481 ita
1133 5429 1329 5482 tenetis.
1385 5427 1528 5498 Ergo
1571 5436 1629 5484 et
1680 5429 1799 5483 sine

237 5518 415 5584 scripto
475 5518 644 5572 mitlta
711 5528 838 5573 tunc
895 5519 998 5574 illis
1058 5519 1321 5582 tradebat,
1374 5518 1516 5590 quod
1569 5527 1624 5574 et
1673 5518 1798 5574 alibi

235 5620 424 5676 quoque
450 5608 636 5664 multis
662 5611 715 5665 in
747 5611 876 5666 locis
913 5610 1076 5666 dicit:
1104 5611 1198 5667 sed
1240 5621 1367 5665 tunc
1390 5610 1606 5682 quidem
1635 5610 1801 5665 tradi-

234 5696 296 5750 dit
319 5707 550 5766 tantum,
583 5715 724 5757 nunc
749 5718 879 5757 vero
904 5704 1062 5758 etiam
1091 5718 1307 5758 causam
1337 5702 1511 5759 affert.
1542 5701 1618 5757 Ita
1647 5702 1795 5758 enim
1846 5672 1872 5693 Ι

234 5799 276 5843 cl
301 5788 399 5849 hos
428 5794 708 5854 audientes
743 5793 996 5852 fortiores
1032 5796 1309 5863 reddebat,
1357 5805 1413 5852 et
1450 5795 1664 5852 illorum
1691 5792 1789 5850 ad-

544 5886 821 5945 ΡΑτιιοισ
859 5882 903 5939 ti
917 5899 973 5938 ιι.
1026 5879 1180 5940 LXI.

1223 322 1290 379 IN
1326 320 1541 379 EPIST.
1583 320 1603 374 ι
1668 319 1762 374 ΑΙ)
1800 317 1955 377 (ΣΟΒ.
1998 318 2231 376 IIOMIL.
2274 319 2465 376 XXVI.

3418 331 3522 384 ΞΜ

1930 439 2261 494 rersantium
2284 440 2479 497 fastum
2501 441 2836 500 detrahebat.
2861 444 3068 502 Deinde
3087 462 3194 503 non
3215 448 3363 514 dicit,
3387 449 3518 517 Quia

1927 545 2023 585 vos
2053 531 2330 598 obedistis,
2364 534 2453 588 alii
2476 550 2607 589 vero
2631 551 2737 590 non
2767 536 3119 605 obedierunt;
3153 539 3248 594 sed
3275 540 3391 594 sine
3415 542 3517 595 ulla

1926 623 2232 692 suspicione
2261 638 2331 680 ex
2356 623 2598 680 doctrina
2630 641 2726 680 sua
2752 627 2804 681 id
2828 628 3134 684 subindicat
3160 629 3215 685 in
3242 633 3518 701 sequenti-

1915 707 2048 781 bus,
2081 715 2159 770 sic
2191 716 2444 787 loquens:
2474 718 2528 772 5.
2566 716 2692 772 Volo
2713 730 2881 774 autem
2906 736 2993 775 vos
3014 723 3161 786 scire,
3197 722 3335 788 quod
3355 727 3517 779 omnis

1925 806 2020 860 viri
2049 819 2201 877 caput
2227 807 2457 863 Christus
2478 820 2583 876 est;
2604 821 2758 881 caput
2780 821 2946 865 autem
2973 814 3201 869 mulieris
3230 817 3339 882 vir;
3361 831 3515 883 caput

1924 914 2040 953 vero
2086 898 2277 954 Christi
2327 900 2484 955 Deus.
2535 901 2661 957 llzcc
2689 911 2773 957 est
2800 903 3018 973 quidem
3044 919 3219 960 causa:
3245 905 3516 968 redditio;

1924 1003 2042 1044 eam
2082 1006 2214 1047 vero
2247 990 2423 1059 alI‘ert,
2471 992 2852 1049 imbecilliores
2897 995 3133 1050 reddens
3177 999 3513 1053 attentiores.

1925 1080 2025 1149 Qui
2052 1097 2181 1152 ergo
2222 1081 2393 1137 fidelis
2439 1093 2605 1138 estet
2649 1085 2823 1148 fortis,
2856 1096 2915 1140 ut
2956 1103 3052 1156 par
3079 1099 3183 1156 est,
3226 1090 3436 1145 ratione
3458 1100 3516 1146 et

1924 1187 2083 1227 causa
2114 1190 2218 1227 non
2245 1185 2365 1244 eget
2395 1190 2491 1244 pro
2516 1176 2581 1229 iis
2605 1192 2726 1245 qu:e
2751 1188 3020 1248 praecepta
3047 1189 3190 1245 sunt,
3224 1180 3319 1235 sed
3349 1181 3504 1235 sufli-

1923 1264 1997 1318 cit
2024 1265 2099 1319 illi
2138 1267 2251 1322 sola
2293 1267 2547 1322 traditio:
2575 1270 2664 1338 qui
2688 1279 2867 1324 autem
2911 1270 3230 1326 imbecillior
3256 1280 3355 1337 est,
3389 1288 3514 1328 cum

1922 1358 2085 1412 etiam
2115 1374 2333 1414 causam
2381 1359 2654 1428 didicerit,
2688 1370 2816 1418 tunc
2853 1377 2976 1417 cum
3009 1364 3201 1433 majori
3242 1365 3422 1420 studio
3459 1365 3511 1419 id

1920 1449 2063 1519 quod
2103 1450 2302 1506 dietum
2343 1460 2426 1507 est
2470 1454 2679 1519 recitat,
2723 1464 2922 1510 etcum
2966 1471 3157 1526 magna
3200 1457 3515 1528 obsequitur

1920 1542 2219 1598 alacritate.

1989 1633 2045 1687 2.
2078 1633 2306 1705 Ideoque
2330 1652 2544 1692 causam
2573 1653 2679 1693 non
2701 1638 2870 1706 dixit,
2898 1641 3072 1696 donec
3095 1640 3229 1696 vidit
3260 1642 3509 1696 violatum

1918 1738 2040 1780 esse
2069 1727 2400 1783 mandatum.
2435 1729 2692 1797 Quantam
2716 1745 2846 1802 ergo
2872 1746 3033 1787 causa
3055 1732 3179 1786 est?
3208 1731 3388 1787 Omnis
3413 1732 3511 1788 viri

1892 1821 2073 1887 'caput
2097 1817 2331 1873 Christus
2356 1829 2445 1875 est.
2482 1822 2693 1892 Ergone
2716 1824 2878 1878 etiam
2899 1823 3075 1879 δι’ωοί
3095 1824 3119 1877 ?
3139 1823 3506 1895 Nequaquam.

1916 1906 2050 1963 Nam
2078 1911 2123 1964 si
2148 1925 2344 1981 corpus
2366 1912 2565 1966 Christi
2600 1929 2786 1968 sumus
2820 1923 2876 1969 et
2903 1915 3143 1969 membra
3167 1931 3232 1971 ex
3255 1926 3425 1985 parte,
3454 1923 3512 1970 et

1917 2001 2020 2056 hac
2055 2003 2263 2059 ratione
2306 2004 2396 2059 ille
2439 2014 2600 2076 caput
2639 2017 2880 2061 nostrum
2923 2016 3042 2073 est;
3085 2022 3274 2063 eorum
3318 2008 3408 2078 qui
3455 2009 3507 2061 in

1916 2110 2146 2166 corpore
2188 2114 2295 2151 nun
2347 2109 2474 2153 sunt
2518 2115 2694 2169 neque
2724 2100 2966 2155 membra
3001 2109 3321 2166 censentur,
3350 2110 3510 2169 caput

1917 2187 2009 2243 ille
2029 2203 2135 2243 non
2161 2189 2318 2246 fuerit
2352 2208 2364 2243 :
2389 2200 2717 2261 quapropter
2744 2207 2866 2246 cum
2896 2192 3061 2258 dicit,
3092 2191 3295 2256 Omnis,
3323 2193 3510 2248 subin-

1918 2281 2263 2352 telligendum
2295 2290 2382 2337 est
2405 2282 2602 2338 fidelis.
2631 2282 2880 2338 Vidistin’
2906 2284 3178 2354 quomodo
3202 2299 3363 2354 supra
3390 2284 3507 2339 ubi-

1914 2389 2022 2445 que
2044 2373 2250 2444 pudore
2286 2372 2559 2430 sulIundat
2586 2374 2926 2431 auditorem?
2954 2374 3090 2430 Nam
3116 2391 3239 2431 cum
3271 2374 3340 2430 de
3365 2376 3506 2430 cari-

1918 2476 2028 2524 tate
2055 2468 2367 2534 dissereret,
2402 2477 2458 2524 et
2483 2482 2607 2524 cum
2631 2468 2702 2525 de
2730 2468 3032 2524 humilitate
3057 2477 3254 2525 etcum
3275 2468 3343 2523 de
3364 2470 3510 2524 elee-

1915 2575 2160 2633 snosyna,
2194 2562 2318 2616 inde
2347 2563 2590 2631 exempla
2614 2561 3056 2634 trahebat.Caput
3082 2572 3250 2617 autem
3274 2563 3504 2617 mulieris

1915 2655 1991 2708 vir
2016 2669 2037 2718 ;
2065 2662 2218 2723 caput
2241 2669 2358 2707 vero
2379 2651 2567 2708 Christi
2592 2652 2752 2706 Deus.
2783 2652 2881 2708 llic
2909 2652 2963 2707 in
2997 2668 3095 2709 nos
3128 2653 3372 2709 insiliunt
3395 2653 3506 2708 lue-

1914 2746 2087 2812 retiei,
2135 2760 2202 2800 ex
2242 2744 2309 2798 iis
2346 2760 2468 2815 qua:
2494 2744 2636 2799 dicta
2680 2754 2804 2799 sunt
2848 2745 3113 2800 minorem
3161 2760 3283 2800 esse
3308 2745 3503 2800 Filium

1915 2836 2284 2907 excogitantes
2308 2850 2324 2899 ;
2347 2834 2442 2890 sed
2494 2836 2548 2888 in
2578 2835 2786 2905 seipsos
2812 2835 3044 2889 irruunt.
3074 2834 3131 2890 Si
3177 2834 3320 2890 enim
3347 2846 3507 2904 caput

1914 2930 2158 2985 mulieris
2182 2940 2267 2984 est
2292 2929 2374 2983 vir
2394 2966 2409 2992 ,
2441 2926 2792 2997 ejusdemque
2817 2937 2902 2983 est
2928 2928 3240 2983 substantiae
3264 2937 3426 3000 caput
3449 2940 3506 2984 et

1913 3037 2143 3093 corpus;
2171 3030 2333 3091 caput
2358 3035 2487 3076 vero
2514 3019 2713 3075 Christi
2738 3028 2822 3075 est
2867 3019 3033 3087 Deus,
3064 3019 3232 3075 Filius
3262 3019 3503 3091 ejusdem

1913 3129 2074 3188 atque
2117 3117 2274 3171 Pater
2318 3115 2631 3170 substantia:
2673 3122 2775 3169 est.
2805 3114 2895 3180 At,
2938 3114 3206 3183 inquiunt,
3254 3113 3504 3169 nolumus

1914 3213 2039 3267 hinc
2067 3210 2351 3266 ostendere
2380 3207 2524 3280 quod
2546 3207 2769 3263 alterius
2794 3208 2866 3262 sit
2889 3206 3222 3272 substantizc,
3246 3207 3341 3263 sed
3361 3210 3503 3279 quod

1912 3321 1943 3360 a
1984 3304 2142 3359 Patre
2177 3303 2494 3371 imperetur.
2527 3298 2665 3367 Quid
2718 3298 2783 3353 ad
2826 3298 2930 3353 hoc
2971 3297 3299 3353 dixerimus?
3348 3298 3503 3367 Quod

1912 3414 2033 3453 cum
2056 3395 2255 3452 humile
2280 3393 2553 3464 quidpiam
2581 3391 2774 3447 dicitur
2793 3389 2863 3445 de
2894 3390 2987 3444 illo
3018 3405 3139 3444 cum
3169 3404 3333 3445 carne
3354 3390 3504 3445 exsi-

1912 3499 2089 3545 stente
2110 3530 2126 3555 ,
2156 3486 2208 3542 id
2234 3485 2379 3557 quod
2427 3485 2766 3549 dieitur,non
2811 3482 2882 3538 sit
2908 3482 3203 3538 divinitatis
3244 3481 3422 3538 vilitas
3449 3491 3507 3537 et

1912 3581 2163 3653 dejectio,
2206 3595 2329 3634 cum
2373 3574 2774 3635 ceconomiaid
2817 3575 3091 3647 suscipiat.
3124 3575 3389 3630 Caeterum
3416 3576 3505 3631 dic

1911 3675 2181 3747 quomodo
2219 3672 2271 3727 id
2300 3685 2443 3727 nunc
2465 3671 2546 3725 vis
2570 3669 2839 3740 probare?
2860 3668 3124 3736 Quoniam
3148 3709 3165 3735 ,
3195 3668 3396 3739 inquit,
3424 3669 3502 3723 si-

1911 3775 2005 3823 cut
2029 3767 2115 3821 vir
2139 3765 2352 3820 mulieri
2385 3764 2650 3833 imperat,
2687 3761 2767 3817 sic
2791 3769 2848 3816 et
2894 3760 3054 3816 Pater
3088 3758 3328 3815 Christo.
3360 3761 3504 3830 Ergo

1911 3860 2050 3913 sicut
2077 3856 2326 3911 Christus
2359 3855 2500 3921 viro,
2533 3853 2613 3907 sic
2637 3852 2797 3907 Pater
2821 3851 2992 3907 Filio:
3024 3851 3189 3906 omnis
3216 3851 3358 3907 enim
3382 3852 3500 3920 viri,

1911 3947 2106 4018 inquit.
2133 3955 2288 4017 caput
2313 3944 2544 3999 Christus
2574 3952 2669 3998 est.
2686 3944 2881 4012 Ecquis
2911 3944 3027 3997 hare
3056 3958 3305 4013 umquam
3333 3943 3506 3997 admi-

1910 4039 2078 4096 serit?
2097 4039 2151 4096 Si
2180 4038 2323 4093 enim
2350 4044 2607 4109 quantum
2629 4050 2728 4091 nos
2753 4036 3003 4091 Christus
3029 4045 3268 4106 superat,
3296 4045 3503 4091 tantum

1911 4133 2071 4189 Pater
2099 4132 2334 4196 Filium;
2358 4130 2533 4207 cogita
2564 4145 2613 4183 in
2644 4140 2900 4199 quantam
2927 4130 3101 4200 ipsum
3130 4129 3355 4185 deducis
3381 4132 3502 4185 vili-

1911 4236 2098 4283 tatem.
2145 4226 2329 4296 Itaque
2380 4238 2489 4278 non
2540 4222 2720 4277 omnia
2768 4222 2931 4276 simul
2976 4230 3104 4277 sunt
3146 4223 3501 4278 examinanda

1910 4322 2053 4377 inter
2082 4334 2179 4374 nos
2210 4328 2264 4374 et
2286 4317 2464 4372 :Deum
2491 4356 2506 4381 ,
2554 4316 2764 4371 etiamsi
2797 4315 3365 4384 similiterdicantur;
3404 4317 3503 4373 sed

1911 4410 2192 4467 tribuenda
2239 4418 2323 4464 est
2364 4408 2472 4463 Deo
2513 4407 2729 4478 propria
2771 4406 3014 4476 quaedam
3066 4407 3403 4473 excellentia,
3448 4416 3504 4464 et

1908 4513 2057 4559 tanta
2082 4511 2280 4574 quanta
2312 4501 2424 4556 Deo
2447 4509 2738 4569 competat.
2774 4497 2909 4554 Nam
2938 4500 2982 4554 si
3010 4499 3113 4556 hoc
3138 4516 3245 4556 non
3277 4516 3496 4558 concesc

1909 4595 2080 4650 serint
2107 4635 2124 4661 ,
2163 4593 2327 4648 multa
2353 4601 2648 4663 sequentur
2678 4590 2929 4648 absurda.
2967 4591 3249 4662 Perpende
3274 4603 3489 4650 autem:

1909 4695 2071 4756 caput
2108 4685 2304 4740 Christi
2334 4684 2510 4749 Deus,
2545 4683 2633 4739 hic
2662 4693 2841 4739 autem
2873 4684 2973 4739 viri
3019 4694 3074 4740 et
3103 4684 3194 4742 ille
3232 4688 3494 4744 mulieris.

1911 4781 2053 4851 Ergo
2080 4780 2126 4834 si
2155 4779 2208 4834 in
2248 4778 2499 4833 omnibus
2525 4777 2772 4835 similiter
2797 4786 2960 4848 caput
2985 4778 3317 4849 accipiamus
3336 4823 3352 4846 ,
3382 4790 3500 4836 tan-

1909 4883 2019 4928 tum
2048 4871 2267 4928 distabit
2294 4870 2460 4925 Filius
2478 4885 2511 4925 a
2541 4869 2721 4934 Patre,
2753 4879 3011 4940 quantum
3031 4886 3129 4926 nos
3151 4887 3182 4925 a
3208 4871 3366 4928 Filio.
3394 4873 3502 4931 Sed

1907 4967 2070 5021 etiam
2091 4964 2286 5019 mulier
2312 4971 2519 5017 tantum
2549 4976 2578 5016 a
2610 4963 2766 5017 nobis
2790 4962 3031 5032 distabit,
3054 4974 3312 5035 quantum
3341 4982 3441 5023 nos
3472 4984 3502 5021 a

1908 5058 2019 5113 Deo
2045 5055 2265 5121 Verbo;
2298 5062 2354 5111 et
2380 5053 2523 5126 quod
2551 5062 2635 5109 est
2657 5052 2830 5108 Filius
2871 5069 2997 5125 erga
3027 5055 3239 5111 Patrem
3267 5098 3283 5123 ,
3316 5058 3420 5113 hoc
3449 5072 3507 5115 et

1910 5166 2009 5205 nos
2028 5150 2229 5205 erimus
2245 5163 2370 5219 erga
2396 5146 2613 5214 Filium,
2635 5156 2691 5201 et
2718 5146 2912 5202 mulier
2942 5161 3128 5203 rursus
3154 5164 3280 5220 erga
3301 5152 3502 5207 virum.

1912 5241 2105 5309 Ecquis
2134 5238 2239 5293 hoc
2271 5237 2450 5294 ferat?
2477 5237 2582 5293 Sed
2611 5237 2719 5291 alio
2745 5236 2908 5291 modo
2938 5237 2991 5293 in
3036 5240 3264 5296 muliere
3307 5252 3362 5297 et
3386 5244 3506 5300 viro

1909 5341 2070 5403 caput
2096 5333 2295 5404 accipis
2319 5371 2334 5397 ,
2361 5346 2520 5401 quam
2558 5330 2610 5385 in
2642 5328 2895 5385 Christo?
2919 5331 3104 5402 Itaque
3130 5333 3185 5388 in
3204 5332 3344 5389 Filio
3368 5343 3424 5392 et
3449 5337 3502 5391 in

1911 5427 2086 5489 Patre,
2117 5424 2275 5481 aliter
2299 5425 2453 5480 nobis
2477 5423 2847 5493 accipiendum
2869 5432 2972 5479 est.
3011 5424 3079 5479 Et
3098 5426 3391 5496 quomodo,
3420 5429 3504 5482 in-

1908 5520 2082 5588 quies,
2129 5525 2215 5572 est
2246 5516 2404 5571 aliter
2449 5515 2865 5586 accipiendum?
2906 5515 3217 5573 Secundum
3258 5532 3500 5574 causam.

1909 5610 2041 5664 Nam
2084 5609 2130 5662 si
2161 5608 2444 5678 imperium
2487 5617 2544 5663 et
2585 5607 2978 5679 subjectionem
3007 5612 3268 5667 voluisset
3298 5611 3499 5669 Paulus

1906 5701 2087 5755 dicere
2112 5741 2128 5765 ,
2159 5708 2219 5754 ut
2241 5706 2297 5752 tu
2327 5698 2463 5752 dicis
2485 5737 2500 5763 ,
2529 5712 2634 5753 non
2673 5699 2954 5754 mulierem
2992 5700 3047 5755 in
3085 5698 3322 5756 medium
3364 5717 3501 5772 pro-

1910 5788 2171 5860 duxisset,
2186 5788 2475 5864 sedpotius
2485 5800 2771 5850 servumet
2791 5792 3092 5849 dominum.
3113 5793 3333 5850 Etiamsi
3356 5796 3503 5852 cuius

3058 5892 3132 5954 1ῐο
