3962 6464
454 319 568 371 315

468 434 658 488 mulier
686 431 842 487 nobis
869 431 1105 502 subjecta
1133 430 1223 491 sit,
1245 426 1340 481 sed
1368 433 1426 479 ut
1451 423 1664 488 mulier,
1684 419 1777 475 sed
1811 429 1865 472 ιιι
1890 417 2054 471 libera

467 538 521 582 et
568 537 625 582 ut
652 539 763 594 par
806 526 1033 581 honore.
1081 522 1150 576 Et
1178 520 1346 574 Filius
1389 530 1602 588 quoque
1643 512 1746 569 etsi
1790 511 1931 566 Patri
1963 509 2059 562 fuit

468 622 730 676 ohediens
755 662 770 685 ,
807 620 899 674 sed
926 627 985 672 ut
1012 616 1177 671 Filius
1208 613 1301 667 Dei
1330 653 1344 678 ,
1375 610 1469 664 sed
1500 619 1558 662 ut
1591 608 1750 662 Deus.
1791 601 2061 672 Quemad-

468 715 691 770 modum
720 713 862 769 enim
906 709 1043 764 Filio
1074 706 1244 776 major
1272 713 1357 760 est
1385 703 1739 773 obsequentia
1789 713 1913 767 erga
1959 695 2058 750 l’ao

468 820 609 864 trem
637 849 650 871 ,
683 820 842 876 quam
891 801 1198 857 hominibus
1226 814 1349 868 erga
1380 796 1655 866 genitores
1685 807 1815 848 suos
1844 809 1858 845 :
1890 791 1968 844 sic
2004 799 2060 844 et

471 902 692 957 liber-tas
717 899 911 966 major.
941 893 1127 964 Neque
1159 893 1303 947 enim
1334 890 1454 946 Filii
1485 903 1611 958 erga
1642 887 1855 942 Patrem
1882 882 2057 937 oﬂicia

473 993 675 1062 majora
702 1000 759 1046 et
786 988 955 1058 magis
995 986 1227 1056 genuina
1256 990 1382 1038 sunt
1418 996 1578 1052 quam
1609 978 1748 1049 apud
1778 976 2057 1040 homines,

469 1084 649 1139 .l‘atris
685 1097 814 1138 vero
858 1096 985 1151 erga
1015 1079 1210 1134 Filium
1257 1077 1483 1132 minora.
1525 1073 1583 1129 Si
1631 1073 1773 1128 enim
1804 1070 2062 1125 miramur

470 1177 661 1232 Filium
692 1175 832 1247 quod
859 1175 1145 1238 obcdierit,
1179 1174 1249 1228 ila
1281 1180 1338 1227 ut
1358 1184 1529 1241 usque
1552 1167 1621 1223 ad
1649 1175 1878 1222 mortem
1901 1179 2063 1219 vene-

468 1272 558 1336 rit,
606 1282 661 1325 et
702 1278 934 1327 mortem
986 1270 1185 1332 crucis,
1224 1274 1280 1321 et
1325 1264 1429 1319 hoc
1472 1277 1724 1333 maguum
1779 1259 2062 1314 statuimus

470 1363 825 1428 miraculum;
860 1361 1072 1416 Patrem
1099 1372 1313 1429 quoque
1343 1357 1524 1412 mirari
1550 1363 1783 1425 oportet,
1810 1351 1950 1423 quod
1980 1363 2061 1405 ta-

469 1458 573 1513 lem
600 1457 868 1527 genuerit,
901 1470 1008 1509 non
1036 1464 1096 1508 ut
1120 1468 1336 1510 servmn
1358 1451 1444 1505 cui
1477 1450 1855 1521 imperaretur,
1886 1447 1979 1503 sed
2006 1457 2064 1502 ut

470 1548 699 1602 liberum
753 1545 1098 1602 obedientem
1147 1552 1204 1598 et
1255 1540 1619 1597 consiliarium
1664 1558 1678 1594 :
1727 1538 2063 1594 consiliarius

468 1640 612 1713 enim
644 1652 748 1692 non
778 1645 862 1692 est
888 1651 1096 1691 servus.
1132 1632 1507 1689 Consiliarium
1550 1646 1677 1687 vero
1703 1644 1890 1685 rursus
1929 1645 2052 1685 eum

470 1730 724 1793 audieris,
756 1744 824 1784 ne
852 1731 925 1784 ita
953 1727 1140 1782 audias
1169 1726 1321 1797 quasi
1350 1724 1509 1779 Pater
1537 1724 1719 1794 aliquo
1748 1731 1925 1792 egeat,
1960 1719 2058 1776 sed

471 1825 623 1895 quasi
651 1823 817 1878 Filius
845 1823 990 1891 paris
1011 1836 1134 1876 cum
1156 1819 1414 1875 Genitore
1439 1817 1662 1871 honoris
1683 1816 1773 1870 sit.
1801 1814 1881 1870 Ne
1906 1814 2065 1885 igitur

472 1915 777 1983 exemplum
808 1914 906 1968 viri
925 1924 980 1968 et
1007 1912 1247 1967 mulieris
1272 1911 1338 1965 ad
1366 1910 1544 1963 omnia
1576 1906 1876 1979 pertrahas.
1908 1904 2062 1977 Apud

474 2024 572 2063 nos
601 2007 743 2062 enim
765 2006 891 2076 jure
932 2004 1127 2059 mulier
1165 2002 1406 2074 subjecta
1435 2009 1520 2057 est
1547 2001 1661 2055 viro
1692 2018 1706 2053 :
1739 2015 1862 2055 nam
1892 1998 2063 2053 hono-

473 2101 550 2155 ris
574 2097 852 2168 aequalitas
884 2095 1285 2151 contentionem
1337 2093 1478 2163 parit
1527 2110 1539 2145 :
1583 2106 1756 2162 neque
1797 2091 1919 2145 ideo
1949 2100 2064 2144 tan-

474 2200 610 2255 tum,
643 2189 736 2244 sed
758 2187 921 2243 etiam
945 2196 1165 2257 propter
1193 2186 1568 2256 deceptionem
1600 2199 1721 2255 qua:
1750 2183 1902 2238 initio
1929 2197 2063 2237 con-

475 2282 612 2352 tigit.
663 2281 954 2350 Propterea
1015 2294 1136 2334 eum
1192 2278 1411 2349 quidem
1468 2276 1607 2331 facta
1674 2275 1902 2341 fuisset,
1955 2289 2062 2330 non

474 2374 655 2428 statim
695 2372 931 2442 subjecta
965 2369 1064 2426 fuit
1093 2388 1107 2436 ;
1136 2385 1310 2441 neque
1333 2385 1458 2425 cum
1492 2369 1637 2424 illam
1664 2367 1732 2423 ad
1762 2369 1936 2423 virum
1964 2367 2064 2422 ad-

472 2466 641 2529 duxit,
676 2479 850 2534 neque
877 2464 966 2518 illa
996 2466 1099 2518 tale
1129 2463 1403 2534 quidpiam
1439 2478 1469 2517 a
1497 2463 1608 2518 Deo
1637 2463 1861 2527 audivit,
1892 2477 2065 2533 neque

472 2557 554 2613 vir
576 2557 648 2611 illi
677 2555 949 2627 quidpiam
975 2556 1151 2611 simile
1171 2555 1341 2621 dixit;
1372 2555 1467 2611 sed
1496 2563 1703 2610 tantum
1729 2554 1873 2626 quod
1899 2569 1962 2608 os
1992 2570 2058 2608 ex

469 2650 690 2706 ossibus
721 2649 861 2720 ejus,
906 2660 959 2704 et
1000 2665 1129 2704 caro
1178 2664 1243 2704 ex
1293 2648 1545 2704 carnibus
1586 2648 1706 2716 ejus
1746 2657 1891 2703 esset
1931 2646 2068 2701 dixit

474 2745 494 2812 (
521 2741 650 2797 Gen.
682 2740 738 2795 2.
767 2739 910 2812 25);
944 2741 1153 2811 imperii
1184 2751 1363 2797 autem
1408 2749 1500 2796 aut
1528 2740 1883 2811 subiectionis
1925 2739 2066 2811 apud

473 2832 619 2887 illam
651 2847 758 2887 non
788 2832 1051 2886 meminit.
1081 2830 1310 2899 Quando
1336 2840 1516 2887 autem
1545 2830 1686 2887 male
1734 2846 1829 2886 usa
1860 2840 1946 2887 est
1974 2847 2069 2902 po-

463 2934 692 2985 testate,
721 2935 776 2980 et
796 2940 915 2995 qua:
936 2924 1169 2994 adjutrix
1204 2925 1342 2980 facta
1385 2924 1598 2991 fuerat,
1633 2924 1933 2980 insidiatrix
1970 2926 2069 2981 de-

476 3019 746 3092 prehensa
774 3029 879 3085 est,
907 3028 964 3073 et
989 3018 1169 3072 omnia
1199 3018 1469 3088 perdidit;
1500 3028 1627 3073 tunc
1643 3016 1789 3088 juste
1812 3019 2019 3074 audivit
2052 3038 2065 3074 :

482 3113 565 3165 Ad
593 3110 756 3164 virum
779 3120 923 3163 tuum
953 3108 1212 3163 conversio
1236 3118 1325 3162 tua
1353 3107 1507 3179 (Gen.
1539 3108 1593 3163 5.
1627 3106 1739 3180 16).
1762 3109 1897 3176 Quia
1925 3109 2068 3164 enim

474 3203 771 3260 verisimile
800 3210 917 3258 erat
950 3211 1227 3272 peccatum
1259 3200 1364 3256 hoc
1389 3200 1587 3256 bellum
1626 3201 1904 3257 illaturum
1945 3216 2070 3258 esse

477 3298 535 3351 in
561 3310 731 3368 genus
760 3302 1003 3350 nostrum
1035 3294 1053 3362 (
1080 3308 1255 3363 neque
1298 3294 1443 3348 enim
1482 3291 1547 3347 ad
1598 3307 1781 3363 pacem
1816 3293 2066 3364 juvisset,

477 3386 620 3457 quod
651 3385 741 3441 illa
763 3401 826 3441 ex
851 3386 968 3455 ipso
994 3393 1139 3439 esset
1158 3382 1319 3446 facta,
1347 3398 1469 3439 cum
1500 3384 1601 3438 hoc
1621 3383 1944 3451 accidisset;
1972 3385 2068 3441 sed

480 3480 585 3535 hoc
611 3479 783 3549 ipsum
816 3478 977 3533 etiam
1001 3476 1171 3530 virum
1200 3477 1530 3546 asperiorem
1562 3475 1900 3540 reddidisset,
1926 3477 2068 3548 quod

478 3588 599 3646 qua:
619 3588 685 3628 ex
707 3571 824 3642 ipso
852 3570 988 3626 facta
1018 3570 1211 3635 fuerat,
1237 3583 1305 3624 ne
1327 3568 1573 3624 membro
1603 3567 1822 3639 quidem
1851 3584 1951 3624 suo
1977 3584 2069 3640 pe—

481 3662 778 3736 percisset)
806 3681 821 3730 ;
854 3677 975 3718 cum
1005 3660 1207 3718 diaboli
1230 3659 1622 3731 malignitatem
1649 3659 1859 3716 videret
1889 3660 2031 3716 Deus
2051 3702 2066 3724 ,

480 3760 587 3813 hoc
613 3756 831 3813 verbum
864 3755 1015 3825 quasi
1045 3769 1254 3809 murum
1300 3752 1590 3824 opposuit,
1624 3763 1679 3807 et
1714 3753 2066 3818 inimicitiam,

480 3866 601 3922 qua:
639 3865 706 3904 ex
747 3847 955 3904 insidiis
983 3846 1186 3901 oritura
1233 3854 1370 3911 erat,
1424 3860 1521 3914 per
1568 3845 1704 3900 hanc
1747 3845 2071 3899 sententiam

480 3942 721 4007 sustulit,
754 3941 953 3995 innata:
986 3936 1440 4008 concupiscentia:
1466 3935 1621 4007 quasi
1651 3935 1830 3991 medio
1862 3936 2069 4006 pariete

484 4037 716 4108 deiecto,
748 4049 886 4101 eam,
922 4048 1042 4104 qua:
1073 4044 1141 4087 ex
1182 4040 1405 4102 peccato
1434 4039 1550 4084 orta
1581 4038 1718 4095 erat,
1752 4028 1961 4098 injuria:
1984 4042 2074 4082 ac-

484 4140 656 4200 ceptae
700 4126 1129 4183 recordationem
1172 4123 1411 4179 abstulit.
1446 4121 1551 4177 Sed
1584 4121 1636 4175 in
1678 4121 1785 4175 Deo
1808 4129 1864 4175 et
1892 4121 2073 4174 incor-

484 4229 639 4291 rupta
660 4218 958 4272 substantia
987 4216 1097 4282 illa,
1125 4213 1262 4270 nihil
1291 4214 1417 4268 licet
1443 4211 1753 4282 lmjusmodi
1783 4211 2070 4281 suspicari.

482 4311 564 4367 Ne
593 4325 725 4380 ergo
769 4308 838 4364 de
886 4307 1138 4363 omnibus
1183 4305 1428 4376 exempla
1473 4305 1706 4376 accipias
1751 4319 1918 4358 :nam
1948 4304 2072 4359 alibi

486 4419 701 4476 quoque
726 4402 895 4458 multa
925 4400 1051 4456 hinc
1077 4399 1257 4471 gravia
1302 4409 1589 4454 occurrent
1614 4407 1832 4469 peccata
1866 4415 1879 4452 :
1911 4397 2077 4469 siqui-

487 4500 610 4552 clem
649 4504 704 4551 et
741 4495 794 4549 in
822 4493 1048 4549 exordio
1076 4492 1318 4562 epistola:
1359 4491 1573 4545 dicebat
1623 4509 1635 4543 :
1680 4489 1867 4545 Omnia
1912 4500 2077 4545 vestra

486 4597 624 4653 sunt,
657 4602 745 4641 vos
770 4595 941 4640 autem
969 4583 1161 4639 Christi
1181 4625 1196 4650 ,
1229 4583 1462 4638 Christus
1483 4599 1598 4637 vero
1630 4581 1726 4636 Dei
1752 4584 1831 4656 (ι.
1862 4582 1981 4637 Cor.
2016 4585 2072 4641 5.

486 4680 578 4739 <22.
607 4678 679 4733 25
702 4682 742 4749 ).

562 4769 617 4823 5.
648 4768 786 4836 Quid
828 4767 1000 4838 ergo?
1027 4766 1346 4822 similiterne
1387 4766 1565 4820 onmia
1597 4776 1778 4823 nostra
1807 4778 1951 4835 sunt,
1982 4785 2081 4826 nos

494 4862 691 4917 Christi
706 4870 774 4923 et
796 4860 1045 4915 Christus
1078 4858 1168 4914 Dei
1200 4858 1223 4912 ?
1244 4858 1593 4930 Nequaquam
1615 4877 1630 4923 ;
1650 4859 1744 4916 sed
1768 4861 1870 4917 illis
1893 4863 2078 4931 etiam,

445 5001 451 5009 .
491 4956 581 5026 qui
610 4953 765 5009 valde
786 4953 1104 5023 insipientes
1125 4961 1267 5015 sunt,
1298 4963 1421 5007 nota
1443 4961 1526 5007 est
1550 4952 1873 5020 diﬂ‘erentia,
1894 4956 2084 5010 etiam-

490 5052 537 5104 si
572 5046 908 5105 bocdictum
938 5047 1007 5103 de
1031 5046 1186 5102 nobis
1206 5087 1223 5113 ,
1252 5046 1321 5102 de
1352 5046 1461 5100 Deo
1488 5054 1543 5102 et
1562 5046 1631 5103 de
1656 5047 1873 5103 Christo
1900 5048 2080 5119 profe-

494 5154 662 5199 ratur.
694 5143 764 5198 Et
787 5142 1062 5199 alibicum
1098 5142 1268 5197 virum
1300 5151 1459 5212 caput
1486 5143 1729 5198 mulieris
1758 5159 1880 5200 esse
1912 5145 2083 5201 dixis-

496 5246 602 5302 set,
628 5237 902 5306 subjunxit
934 5254 948 5290 :
981 5237 1131 5291 Sicut
1159 5236 1406 5291 Christus
1430 5247 1514 5291 est
1556 5245 1720 5306 eaput
1746 5248 1801 5293 et
1838 5238 2086 5296 Salvator

482 5329 750 5386 Ecclesia:
792 5337 847 5383 et
882 5328 1156 5392 defensor,
1209 5329 1288 5382 sic
1318 5337 1381 5382 et
1414 5328 1494 5381 vir
1538 5328 1700 5383 debet
1750 5330 1933 5384 uxoris
1975 5344 2087 5386 sua:

495 5437 619 5478 esse
661 5421 876 5492 (Eplws.
904 5422 939 5476 5
989 5421 1081 5487 25.
1113 5419 1243 5492 24).
1277 5421 1536 5475 Similiter
1568 5420 1729 5490 igitur
1757 5422 2084 5491 accipiemus

474 5519 704 5575 «lietum
729 5524 786 5570 et
804 5512 908 5568 hoe
931 5522 986 5569 et
1005 5513 1183 5568 omnia
1211 5528 1332 5582 quae
1363 5523 1483 5581 post
1508 5514 1709 5582 scripta
1736 5524 1865 5569 sunt
1894 5513 2077 5583 Ephe-

496 5611 593 5665 siis
640 5607 708 5662 de
752 5606 1257 5676 hocargumento?
1299 5602 1454 5661 Absit
1503 5624 1517 5660 :
1563 5620 1739 5676 neque
1782 5606 1924 5663 enim
1972 5606 2087 5661 lleri

483 5708 695 5768 .potest.
720 5698 854 5753 Nam
875 5696 1063 5753 eadem
1084 5696 1298 5768 quidem
1321 5696 1481 5753 verba
1505 5695 1849 5766 proferuntur
1879 5696 1948 5753 de
1978 5697 2090 5751 Deo

488 5792 658 5847 etde.
681 5790 985 5853 honiinibus
1014 5805 1029 5856 ;
1062 5789 1156 5847 sed
1185 5787 1292 5845 alio
1323 5787 1483 5844 modo
1505 5788 1615 5856 illa,
1638 5788 1754 5843 alio
1784 5789 1901 5845 hac
1929 5789 2087 5845 intel-

1174 314 1228 370 S.
1271 308 1547 369 JOANNIS
1583 297 2058 362 CIIRYSOSTOMI
2098 296 2416 355 ARCIIIEP.
2455 299 2991 361 CONSTANTINOP.

3644 311 3741 367 Elii

2168 413 2377 483 ligenda
2403 427 2562 482 sunt;
2590 434 2691 476 nec
2718 431 2894 477 tamen
2917 438 3106 480 rursus
3131 428 3314 483 omnia
3340 429 3561 488 diverse
3595 453 3609 489 :
3638 452 3749 492 nam

2162 519 2349 559 rursus
2378 516 2580 564 temere
2609 520 2663 565 et
2692 511 2885 568 frustm
2921 524 3140 587 accepta
3168 519 3531 588 videbuntur,
3554 525 3598 579 sl
3628 526 3750 584 nihil

2163 611 2261 650 nos
2293 596 2496 655 fructus
2523 600 2593 655 ab
2615 602 2721 658 illis
2744 605 3046 663 tulerimus.
3077 610 3231 664 Sicut
3261 614 3410 668 enim
3443 631 3551 671 non
3583 623 3749 675 omnia

2162 690 2409 746 similiter
2447 705 2572 749 sunt
2600 697 2909 767 accipienda
2936 742 2951 766 ,
2979 701 3058 757 sic
3088 718 3187 760 nec
3211 706 3403 761 omnia
3434 716 3640 766 temere
3674 729 3753 769 re-

2157 783 2413 853 jicienda.
2471 786 2538 843 Ut
2583 799 2762 844 autem
2818 792 2870 846 id
2919 794 3065 864 quod
3114 795 3240 851 dico
3293 798 3501 855 clarius
3549 803 3751 870 evadat,

2162 879 2413 948 exemplo
2458 880 2509 935 id
2549 882 2726 952 palam
2758 884 2937 942 facere
2974 888 3234 946 conabor.
3269 891 3463 948 Dictus
3499 905 3585 951 est
3605 911 3755 967 caput

2164 969 2420 1026 Ecclesia:
2451 973 2736 1031 Christus:
2765 980 2810 1033 si
2842 980 2973 1035 nihil
3020 982 3316 1041 humanum
3347 1002 3637 1059 accepero,
3665 1007 3753 1049 cur

2165 1060 2268 1117 hoc
2299 1064 2429 1118 mihi
2454 1065 2654 1121 dictum
2683 1071 2809 1124 est?
2838 1071 3044 1128 Rursus
3063 1076 3109 1128 si
3129 1078 3315 1131 omnia
3340 1077 3578 1135 humana
3605 1097 3751 1140 acce-

2165 1168 2316 1222 pero,
2350 1156 2513 1212 multa
2545 1171 2909 1231 consequetur
2930 1164 3234 1222 absurditas
3268 1187 3283 1223 :
3309 1185 3438 1225 nam
3471 1172 3657 1228 iisdem
3678 1188 3752 1233 est

2164 1246 2508 1315 passionibus
2532 1252 2825 1309 obnoxium
2851 1267 3032 1327 caput,
3060 1260 3257 1329 quibus
3286 1278 3515 1333 corpus,
3549 1267 3751 1323 iisdem-

2164 1353 2271 1409 que
2299 1341 2405 1396 erit
2430 1341 2742 1400 obnoxium.
2770 1347 2905 1414 Quid
2928 1364 3061 1420 ergo
3087 1353 3534 1422 relinquendum,
3562 1366 3618 1412 et
3635 1360 3749 1429 quid

2164 1431 2572 1502 accipiendum?
2596 1435 2965 1509 Relinquenda
2988 1444 3201 1511 quidem
3230 1454 3366 1501 sunt
3386 1462 3451 1502 ea
3483 1464 3604 1519 qua:
3629 1450 3749 1514 dixi,

2164 1524 2478 1594 accipienda
2508 1536 2690 1585 autem
2725 1542 2811 1585 est
2842 1531 3080 1602 perfecta
3127 1536 3258 1590 unio
3288 1548 3346 1592 et
3369 1552 3535 1593 causa
3565 1548 3619 1595 et
3657 1542 3749 1609 prie

2166 1631 2314 1671 mum
2343 1619 2684 1691 principium.
2738 1622 2925 1694 Neque
2952 1625 3065 1680 haec
3097 1637 3345 1696 temere;
3376 1632 3474 1686 sed
3501 1631 3587 1685 hic
3623 1648 3745 1702 quo.

2164 1724 2269 1780 que
2290 1709 2341 1765 id
2362 1710 2505 1781 quod
2530 1713 2701 1785 majus
2728 1724 2882 1771 estet
2904 1716 3015 1772 Deo
3030 1721 3367 1776 conveniens
3383 1724 3715 1793 cogitandum
3735 1744 3747 1779 :

2167 1818 2289 1857 nam
2312 1813 2368 1858 et
2416 1806 2544 1861 unio
2581 1808 2744 1861 tutior
2782 1817 2838 1864 et
2867 1810 3189 1881 principium
3237 1813 3611 1870 honorabilius
3654 1828 3746 1873 est.

2167 1894 2372 1951 Rursus
2400 1898 2648 1954 audivisti
2681 1900 2875 1956 Filium
2907 1920 2921 1955 :
2951 1920 3020 1959 ne
3046 1904 3134 1959 hic
3170 1921 3397 1978 quoque
3417 1912 3595 1964 omnia
3623 1913 3751 1966 acci.

2167 1987 2304 2056 pias,
2337 2003 2510 2058 neque
2536 1993 2715 2047 omnia
2737 1995 2951 2064 rejicias
2975 2012 2991 2061 ;
3022 1997 3116 2053 sed
3142 1999 3210 2054 iis
3230 2016 3356 2071 qua:
3378 2002 3547 2058 Deum
3575 2003 3750 2060 decent

2165 2080 2421 2151 acceptis.
2452 2085 2594 2153 quod
2623 2086 2693 2141 sit
2720 2089 3221 2161 consubStantialis,
3241 2095 3388 2164 quod
3421 2112 3487 2151 ex
3517 2098 3630 2168 ipso
3651 2099 3743 2163 sit;

2165 2187 2285 2244 quax
2325 2175 2555 2232 absurda
2610 2190 2665 2235 et
2703 2198 2822 2250 quae
2855 2183 3181 2241 infirmitatis
3226 2187 3486 2244 humana:
3527 2202 3665 2254 sunt,
3701 2194 3745 2247 in

2169 2275 2311 2323 terra
2344 2270 2610 2342 relinque.
2642 2273 2850 2331 Rursus
2880 2276 3023 2333 Deus
3051 2279 3139 2334 lux
3167 2280 3353 2337 dictus
3382 2282 3477 2337 fuit
3514 2303 3527 2337 :
3557 2300 3741 2355 ergone

2167 2362 2347 2417 omnia
2391 2378 2729 2421 assumemus
2766 2384 2890 2438 qua:
2938 2370 3005 2426 ad
3048 2370 3190 2428 hanc
3231 2374 3408 2429 lucem
3455 2377 3745 2444 pertinent?

2167 2452 2386 2511 Minime
2414 2474 2429 2511 :
2450 2457 2540 2513 illa
2565 2459 2763 2530 quippe
2784 2462 3017 2518 tenebris
3038 2474 3093 2520 et
3120 2465 3244 2521 loco
3270 2468 3741 2535 circumscribitur,

2168 2552 2224 2599 et
2252 2545 2425 2602 altera
2470 2548 2521 2602 vi
2568 2561 2817 2607 movetur
2844 2562 2895 2607 et
2927 2554 3289 2614 obumbratur
3315 2577 3333 2614 :
3377 2575 3602 2631 quorum
3632 2563 3741 2618 nihil

2170 2652 2239 2692 ne
2266 2638 2503 2708 cogitare
2544 2641 2759 2712 quidem
2793 2645 2917 2700 licet
2954 2646 3024 2703 de
3065 2648 3155 2703 illa
3197 2652 3464 2717 essentia.
3497 2652 3600 2709 Sed
3648 2670 3737 2708 non

2170 2726 2294 2783 ideo
2348 2732 2529 2786 omnia
2580 2733 2899 2803 ejicicmus,
2948 2753 3137 2795 verum
3181 2743 3465 2814 quidpiam
3519 2746 3641 2799 utile
3686 2745 3742 2799 ab

2169 2822 2418 2892 exemplo
2444 2822 2834 2895 decerpemus;
2869 2829 3322 2890 illuminatlonem
3371 2852 3490 2905 qua!
3514 2852 3543 2891 ιι
3575 2838 3673 2892 Deo
3696 2837 3741 2891 in

2170 2927 2271 2968 nos
2294 2925 2506 2983 manat,
2536 2916 2911 2975 liberationem
2931 2936 2963 2975 a
3011 2923 3253 2981 tenebris
3283 2942 3355 2982 ex
3385 2926 3476 2981 illa
3503 2928 3736 2998 colligen-

2171 3011 2273 3059 tes.
2321 3004 2389 3061 Et
2432 3005 2548 3063 lucc
2586 3009 2805 3079 quidem
2844 3011 3106 3072 adversus
3137 3016 3467 3085 haereticos;
3494 3020 3599 3090 jam
3632 3035 3739 3074 vero

2173 3104 2341 3152 totum
2373 3098 2547 3154 locum
2570 3111 2900 3170 pertractare
2926 3120 3062 3177 opus
3086 3117 3191 3164 est.
3222 3110 3495 3170 Fortassis
3520 3114 3648 3170 enim
3664 3112 3739 3167 hic

2169 3189 2437 3259 quispiam
2491 3196 2846 3263 quatstionem
2897 3202 3147 3271 moverit,
3193 3206 3341 3276 apud
3379 3222 3439 3262 se
3483 3221 3738 3278 qumrens,

2171 3280 2314 3350 quod
2345 3282 2549 3338 crimen
2579 3298 2696 3341 erat
2731 3288 2987 3345 mulieres
3022 3291 3242 3349 detecto
3263 3338 3280 3362 ,
3311 3298 3457 3352 viros
3497 3306 3631 3352 tecto
3656 3313 3736 3351 ca-

2171 3374 2285 3443 pite
2312 3376 2471 3431 esse?
2510 3377 2663 3445 Quod
2707 3380 2779 3435 sit
2812 3383 3017 3438 crimen
3068 3385 3222 3449 illud,
3270 3388 3400 3444 hinc
3443 3389 3550 3461 jam
3593 3388 3740 3444 disce.

2171 3466 2330 3538 Signa
2357 3469 2479 3525 data
2509 3483 2634 3528 sunt
2660 3474 2776 3530 viro
2805 3485 2861 3531 et
2888 3478 3099 3533 mulieri
3129 3482 3300 3537 multa
3331 3482 3434 3537 alia
3459 3524 3474 3547 ,
3502 3482 3575 3537 illi
3595 3482 3741 3551 impe—

2173 3564 2261 3629 rii,
2291 3564 2418 3619 huic
2445 3565 2795 3634 subjectionis
2824 3585 2838 3622 :
2868 3582 2992 3624 eum
3024 3568 3107 3624 his
3132 3581 3320 3631 autem
3349 3582 3404 3628 et
3431 3572 3557 3628 illud
3583 3614 3597 3636 ,
3617 3568 3737 3641 quod

2174 3656 2258 3710 illa
2291 3656 2505 3727 quidem
2540 3669 2764 3729 tegatur,
2802 3660 2888 3715 hic
2918 3677 3046 3720 vero
3070 3663 3214 3718 nudo
3244 3665 3423 3735 capite
3443 3665 3531 3720 sit.
3558 3665 3611 3720 Si
3629 3677 3737 3728 ergo

2172 3749 2321 3819 signa
2369 3751 2479 3804 sint
2531 3749 2683 3817 haec,
2743 3752 2904 3807 ambo
2944 3765 3207 3824 peccant,
3258 3756 3503 3813 ordinem
3546 3754 3737 3811 turban-

2175 3851 2256 3898 tes
2284 3852 2338 3898 et
2375 3843 2467 3898 Dei
2513 3854 2840 3916 praeceptum
2889 3848 3251 3919 propriosque
3297 3850 3612 3905 cxcedeutes
3650 3856 3736 3899 ter-

2174 3935 2386 3998 minos;
2425 3935 2515 3991 ille
2556 3937 2771 4007 quidem
2822 3937 3077 3995 decidens
3107 3940 3159 3995 in
3206 3942 3451 3998 mulieris
3486 3940 3732 4000 vilitatem,

2176 4026 2262 4079 illa
2293 4035 2472 4080 autem
2504 4028 2555 4080 in
2590 4027 2759 4082 virum
2788 4029 3069 4100 insurgens
3096 4046 3191 4101 per
3237 4032 3501 4088 habitum.
3531 4030 3583 4087 Si
3610 4028 3730 4084 enim

2175 4126 2378 4172 vestem
2408 4128 2614 4174 undare
2641 4135 2746 4174 non
2779 4121 2921 4187 licet,
2948 4138 3121 4192 neque
3149 4123 3223 4178 illi
3256 4124 3337 4179 fas
3375 4134 3459 4180 est
3484 4117 3734 4191 chlamyde

2178 4210 2346 4276 indui,
2378 4225 2551 4280 neque
2572 4211 2685 4265 viro
2707 4213 2845 4280 palla
2875 4222 2931 4268 et
2960 4222 3310 4284 tegumenta:
3336 4215 3459 4271 Non
3480 4215 3570 4269 erit
3593 4211 3731 4272 enim,

2179 4303 2372 4374 inquit,
2397 4304 2489 4358 viri
2511 4314 2721 4359 ornatus
2745 4323 2896 4378 super
2926 4308 3211 4374 mulierem,
3242 4326 3403 4381 neque
3429 4308 3650 4363 induatur
3671 4303 3733 4356 vir

2179 4406 2309 4452 veste
2337 4398 2569 4453 muliebri
2595 4397 2772 4470 (Deut.
2798 4398 2891 4454 22.
2917 4400 3005 4472 5);
3040 4403 3208 4455 multo
3236 4404 3409 4473 magis
3432 4402 3542 4455 hate
3563 4391 3725 4452 mutari

2182 4503 2286 4543 non
2317 4498 2548 4560 oportet.
2584 4490 2678 4545 Ha:
2707 4491 2927 4561 quidem
2954 4492 3096 4564 apud
3137 4494 3384 4550 homines
3415 4492 3594 4564 positae
3630 4490 3732 4541 sunt

2182 4579 2329 4650 leges
2354 4621 2369 4645 ,
2395 4581 2605 4636 etiamsi
2649 4581 2788 4637 Deus
2817 4584 2933 4638 illas
2959 4596 3143 4655 postea
3170 4585 3563 4642 conlirmaverit
3588 4597 3600 4632 :
3626 4573 3730 4632 illud

2180 4681 2359 4727 autem
2386 4687 2416 4726 a
2443 4683 2656 4741 natura,
2682 4676 2822 4744 quod
2853 4684 3081 4746 tegatur,
3114 4677 3258 4747 dico,
3292 4679 3373 4733 vel
3405 4692 3506 4731 non
3535 4679 3730 4743 tegatur.

2183 4766 2316 4820 Cum
2342 4774 2522 4825 autem
2550 4777 2795 4821 naturam
2826 4770 3060 4837 profero,
3092 4770 3258 4825 Deum
3275 4770 3429 4825 dico:
3453 4767 3538 4823 ille
3564 4761 3733 4832 ιιυίρρθ

2186 4869 2430 4915 naturam
2459 4862 2684 4917 creavit.
2716 4861 2850 4916 Cum
2892 4877 3021 4933 ergo
3050 4865 3312 4919 terminos
3353 4863 3510 4917 hosce
3533 4855 3733 4911 subver-

2188 4952 2337 5018 teris,
2370 4951 2494 5008 vide
2521 4960 2719 5024 quanta
2751 4953 2876 5009 hinc
2918 4956 3161 5010 oriantur
3186 4957 3399 5012 damna.
3428 4952 3599 5019 Neque
3624 4939 3731 4999 mihi

2186 5045 2291 5102 hoc
2333 5046 2481 5102 dicas
2525 5062 2746 5117 parvum
2789 5064 2913 5104 esse
2942 5059 3217 5120 peccatum
3250 5069 3264 5106 :
3292 5060 3529 5119 magnum
3566 5038 3732 5111 (ιιιῑρνθ

2187 5148 2271 5193 est
2299 5155 2395 5209 per
2423 5154 2483 5193 se
2514 5157 2527 5192 :
2556 5154 2680 5194 nam
2707 5152 2790 5197 est
2828 5142 3206 5198 inobedientia.
3239 5140 3454 5198 Etiamsi
3486 5147 3603 5190 vero
3627 5141 3730 5198 Pa"

2188 5247 2311 5285 vum
2343 5242 2505 5296 esset,
2530 5248 2782 5304 magnum
2813 5235 2981 5303 ﬁeret,
3008 5237 3131 5304 quia
3152 5247 3452 5308 magnarum
3477 5238 3642 5285 rerum
3665 5221 3731 5273 est

2189 5325 2513 5397 symbolum.
2537 5326 2693 5395 Quod
2717 5338 2896 5384 autem
2916 5345 3165 5400 magnum
3188 5333 3277 5395 sit,
3301 5328 3465 5401 palam
3486 5338 3547 5377 ex
3570 5332 3629 5372 eo
3641 5317 3726 5371 est.

2189 5416 2333 5486 quod
2361 5419 2542 5485 generi
2562 5419 2798 5475 humano
2815 5429 2923 5475 tam
2947 5422 3225 5492 pulchrum
3252 5420 3476 5493 praebeat
3497 5409 3725 5501 ordinent.

2193 5509 2544 5578 ίηιρθτίυιίθιη
2575 5520 2632 5565 et
2672 5512 2968 5582 subjectum
3013 5515 3064 5567 in
3109 5524 3297 5569 ornatu
3327 5504 3525 5565 decenti
3557 5501 3727 5553 consti-

2195 5609 2370 5654 tuens.
2405 5601 2587 5670 Itaque
2615 5603 2706 5672 qui
2734 5596 3124 5676 transgreditur
3149 5604 3363 5672 {omnia
3391 5588 3658 5655 confundit,
3683 5587 3726 5631 el

2195 5695 2290 5751 Dei
2326 5697 2466 5753 dona
2504 5697 2702 5768 prodit,
2738 5710 2806 5754 et
2850 5714 3082 5770 superne
3132 5701 3233 5757 sibi
3279 5698 3450 5753 datum
3505 5687 3723 5770 honorem

2192 5788 2344 5844 humi
2362 5765 2585 5862 abjieit;
2612 5805 2721 5848 non
2754 5792 2838 5847 vir
2866 5765 3027 5848 modo
3049 5836 3064 5864 ,
3093 5793 3189 5849 sed
3217 5792 3369 5849 etiam
3395 5779 3566 5842 mulier
3612 5765 3721 5828 Nam
