3962 6418
213 391 318 447 215

212 507 305 561 καὶ
326 505 402 568 ὡς
436 503 724 574 ὁμότιμος.
762 499 868 553 Καὶ
897 499 925 550 ὁ
949 496 1073 559 Υἱὸς
1108 493 1186 559 δέ,
1216 495 1264 547 εἰ
1301 494 1393 548 καὶ
1425 494 1665 564 ὑπήκοος
1694 492 1788 561 γέ·

210 606 329 660 γονε
356 588 437 659 τῷ
471 585 652 658 Πατρὶ
672 625 686 647 ,
723 582 833 636 ἀλλ’
884 581 960 646 ὡς
993 580 1120 641 Υίὸς
1150 577 1317 639 Θεοῦ,
1367 576 1480 660 άλλέ
1522 576 1783 660 ὡςᾼΘεός.

210 658 421 743 ’Ὥσπερ
455 671 568 740 γάρ
600 666 799 719 πλείων
826 667 858 737 ή
890 661 1040 737 [250]
1068 660 1241 715 πειθὼ
1270 660 1349 731 τῷ
1380 659 1495 731 Υίῴ
1528 658 1663 726 πρὸς
1698 658 1789 709 τὸν

207 739 453 827 Πατέρα,
483 755 518 826 ἢ
540 739 663 815 τοῖς
700 749 1005 820 ἀνθρώποις
1040 745 1175 817 πρὸς
1206 745 1332 807 τοὺς
1367 739 1787 812 γεγεννηκότας

204 823 482 895 οῦτωψκαὶ
578 833 861 904 ἐλευθερία
898 829 1119 904 μείζων.
1148 829 1224 882 Οὐ
1255 827 1363 900 γὰρ
1392 827 1566 898 δήπου
1591 825 1661 877 τά
1693 823 1791 894 μὲν

213 922 293 977 τοῦ
334 920 475 975 Υίοῦ
512 920 653 991 πρὸς
684 918 775 973 τὸν
815 916 1035 986 Πατέρα
1084 913 1307 983 μείζονα
1342 909 1450 963 τῶν
1489 905 1791 991 ἀνθρῴπων

211 1007 295 1059 καὶ
349 988 724 1075 γνησιώτερα,
773 1001 842 1054 τὰ
881 999 937 1052 65
974 996 1066 1051 τοῦ
1104 995 1318 1066 [ἰατρὸς
1349 993 1489 1067 πρὸς
1536 988 1792 1075 τὸνᾼΥίὸν

207 1073 493 1143 ἐλάττονα.
526 1087 591 1139 Εἰ
612 1086 720 1157 γὰρ
750 1082 1100 1152 θαυμάζομεν
1126 1079 1219 1132 τὸν
1248 1078 1399 1141 Υἱὸν,
1432 1077 1514 1128 ὃτι
1546 1073 1791 1144 ὑπήκου-

206 1190 319 1236 σεν,
353 1173 429 1234 ὡς
456 1172 553 1225 καὶ
576 1170 738 1241 μέχρι
763 1166 996 1220 θανάτου
1027 1163 1223 1226 ἐλθεῖν,
1250 1163 1346 1215 καὶ
1370 1159 1605 1237 θανάτου
1629 1172 1793 1241 σταυ-

204 1234 326 1331 ροῦ,
344 1258 443 1309 καὶ
466 1234 830 1331 θαῦμα-αὐτοῦ
855 1249 995 1321 μέγα
1017 1245 1279 1331 τιθέμεθα
1294 1242 1472 1331 τοῦτο’
1491 1234 1792 1310 θαυμάζειν

199 1324 281 1397 δεῖ
310 1340 412 1393 καὶ
439 1340 534 1393 τὸν
564 1326 782 1408 Πατέρα
801 1373 816 1398 ,
843 1336 925 1387 ὅτι
951 1330 1192 1386 τοιοῦτον
1227 1327 1516 1399 ἐγέννησεν
1536 1365 1552 1391 ,
1583 1326 1683 1397 οὐχ
1718 1324 1794 1389 ὡς

201 1425 393 1479 δοῦλον
423 1421 865 1490 ἐπιταττόμενον,
891 1415 1006 1470 ἀλλ’
1034 1415 1110 1478 ὼς
1140 1411 1424 1482 ἐλεύθερον
1447 1409 1794 1462 ὑπακούοντα

202 1511 302 1563 καὶ
344 1506 649 1580 σύμϐουλον
684 1505 843 1558 ὄντα·
885 1503 914 1556 ὁ
956 1499 1067 1570 γὰρ
1108 1496 1415 1580 σύμϐουλος
1467 1494 1552 1580 οὐᾲ
1581 1491 1791 1580 δοῦλος.

205 1572 525 1663 Σύμϐουλον
552 1589 610 1643 65
630 1590 758 1642 ὅταν
780 1584 1019 1655 ἀκούσῃς
1041 1582 1227 1644 πάλιν,
1253 1580 1329 1650 μὴ
1358 1575 1556 1663 ὡςᾷτού
1580 1572 1795 1645 Πατρὸς

206 1659 404 1739 ἐνδεῶς
433 1675 648 1744 ἔχοντος
678 1670 864 1735 ἄκουε,
910 1667 1026 1723 ἀλλ’
1062 1666 1138 1729 ὡς
1164 1664 1259 1718 τοῦ
1301 1661 1498 1724 Παιδὸς
1526 1659 1792 1744 ὁμοτίμού

208 1761 349 1833 πρὸς
374 1739 887 1826 τὸν-γεγεννηκότα.
918 1751 1010 1822 Μὴ
1042 1749 1224 1833 τοίνυν
1255 1748 1335 1810 είς
1369 1744 1548 1833 πάντα
1581 1741 1707 1833 ἐλκε
1733 1739 1794 1792 τὸ

208 1825 563 1915 παράδειγμα
584 1837 680 1891 τοῦ
703 1836 894 1908 ἀνδρὸς
924 1834 1020 1888 καὶ
1051 1832 1152 1902 τῆς
1189 1825 1638 1915 γυναικόςκῐιαμ
1662 1826 1794 1915 ημῖν

216 1908 313 1997 μὲν
352 1908 722 1997 γὰρὴ-εἰκότως
760 1917 1124 1973 ὑποτέτακται
1161 1913 1237 1984 τῷ
1266 1912 1421 1981 ἀνδρὶ
1467 1910 1503 1997 ή
1554 1909 1717 1997 γυνή·
1760 1908 1793 1977 ἠ

210 1993 319 2082 γὰρ
358 1993 601 2078 ἰσοτιμία
639 2004 819 2076 μάχην
860 2003 1024 2071 ποιεῖ·
1069 2000 1163 2052 καὶ
1194 1996 1373 2082 οὐ-διά
1415 1994 1573 2049 τοῦτο
1608 1993 1792 2065 μόνον,

214 2078 350 2150 ἀλλά
387 2093 482 2147 καὶ
509 2091 597 2146 διὰ
624 2089 724 2160 τὴν
763 2088 980 2155 ἀπάτην
1008 2083 1107 2154 τὴν
1138 2080 1291 2152 παρὰ
1322 2079 1420 2151 τὴν
1447 2078 1624 2149 ἀρχὴν
1656 2093 1795 2144 συμ-

215 2182 411 2234 ϐᾶσαν.
448 2177 550 2231 Διά
576 2192 659 2229 τοι
684 2172 842 2226 τοῦτο
869 2168 1137 2240 γενομένη
1191 2167 1290 2237 μὲν
1331 2162 1534 2226 εὐθέως
1563 2162 1663 2233 οὐχ
1692 2161 1795 2213 ὐπ-

215 2265 407 2333 ετάγη·
441 2260 565 2314 οὐτε
590 2260 718 2312 ὅταν
746 2255 917 2325 αὐτὴν
939 2254 1120 2325 ήγαγε
1151 2251 1289 2322 πρὸς
1320 2248 1412 2301 τὸν
1448 2245 1639 2316 ἄνδρα,
1669 2242 1796 2296 οὐτε

215 2353 353 2423 αὐτὴ
381 2349 579 2422 ἤκουσέ
605 2365 657 2400 τι
684 2344 833 2416 παρὰ
861 2342 956 2396 τοῦ
985 2340 1120 2395 Θεοῦ
1148 2338 1408 2401 τοιοῦτον,
1438 2334 1564 2390 οὐτε
1595 2336 1623 2388 ὁ
1652 2334 1796 2405 ἀνὴρ

216 2417 416 2491 εἶπέ-τί
446 2435 581 2506 πρὸς
612 2431 782 2502 αὐτὴν
813 2426 1074 2481 τοιοῦτονο
1103 2424 1220 2478 ἀλλ’
1259 2423 1342 2476 ὅτι
1388 2421 1486 2492 μὲν
1514 2417 1705 2473 ὀστοῦν
1733 2420 1797 2471 ἐκ

216 2521 323 2574 τῶν
352 2519 524 2573 ὀστῶν
548 2498 853 2579 αὐτοῦ,”καὶ
882 2510 1018 2583 σὰρξ
1039 2511 1104 2563 ἐκ
1127 2507 1235 2561 τῶν
1266 2504 1486 2578 σαρκῶν
1515 2502 1681 2558 αὐτοῦ
1705 2498 1793 2574 ἦν,

214 2604 387 2660 εἷπενο
413 2603 587 2676 ἀρχῆς
609 2601 665 2654 65
694 2596 932 2668 οὐδαμοῦ
957 2593 1077 2649 οὐδέ
1103 2591 1385 2663 ὑποταγῆς
1420 2588 1797 2676 ἐμνημόνευσε

217 2691 354 2764 πρὸς
382 2671 554 2759 αὐτήν
573 2700 588 2717 ·
622 2686 711 2741 ὅτε
740 2682 798 2736 δὲ
828 2678 1015 2764 κακῶς
1043 2678 1315 2764 ἐχρήσατο
1343 2677 1411 2745 τῇ
1436 2671 1676 2743 ἐξουσίᾳ,
1705 2673 1799 2725 καὶ

214 2756 549 2846 ή”γενομένη
600 2767 793 2841 βοηθὸς
850 2762 1134 2825 ἐπίϐουλος
1187 2758 1384 2846 εὑρέθη
1403 2798 1418 2823 ,
1468 2758 1564 2846 καὶ
1619 2756 1799 2810 πάντα

214 2841 487 2919 ἀπώλεσε,
519 2841 644 2908 τότε
672 2849 860 2906 ἀκούει
887 2846 1112 2911 δικαίως
1138 2844 1346 2899 λοιπόν⁹
1377 2841 1536 2912 Πρὸς
1561 2842 1669 2896 τὸν
1693 2842 1800 2896 ἄνα

215 2940 328 3010 δρα
353 2954 469 2995 σου
496 2940 535 3007 ἡ
577 2930 932 3002 ἀποστροφή
961 2946 1099 2984 σου.
1140 2925 1362 2998 Ἐπειδὴ
1403 2926 1514 2996 γὰρ
1555 2924 1703 3010 εἰκὸς
1730 2920 1799 3010 ἦν

214 3009 314 3096 τὴν
372 3021 646 3094 ἁμαρτίαν
703 3017 913 3088 ταύτην
970 3012 1355 3084 ἐκπολεμῶσαι
1414 3012 1476 3064 τὸ
1529 3009 1686 3079 γένος
1738 3009 1801 3063 τὸ

215 3094 482 3179 ἡμέτερον
511 3103 671 3177 (οὐδὲ
700 3101 807 3173 γὰρ
839 3100 905 3154 ἂν
943 3096 1122 3169 ὤνησέ
1157 3114 1211 3149 τι
1249 3098 1329 3160 είς
1371 3096 1596 3167 εἰρήνην
1634 3094 1695 3148 τὸ
1740 3094 1800 3161 ἐξ

216 3192 383 3245 αὐτοῦ
408 3187 758 3259 γεγενῆσθαι,
784 3183 976 3237 τούτου
1010 3180 1349 3253 συμϐάντος·
1385 3179 1502 3234 ἀλλ’
1538 3179 1668 3233 αὐτὸ
1700 3179 1800 3246 μὲν

214 3272 307 3330 οὖν
331 3276 492 3329 τοῦτο
517 3271 614 3326 καὶ
657 3269 991 3342 τραχύτερον
1025 3268 1093 3322 ἂν
1122 3265 1347 3336 ἐποίησε
1388 3265 1478 3320 τὸν
1517 3265 1801 3336 ἀνδρα,.τὸ

216 3358 353 3429 μηδὲ
394 3355 489 3410 τοῦ
542 3353 746 3408 οίκείου
798 3351 1088 3421 φείσασθαι
1140 3349 1336 3421 μέλους
1391 3348 1489 3421 τὴν
1536 3350 1594 3417 ἐξ
1633 3349 1800 3404 αὐτοῦ

214 3441 516 3512 γενομένην
622 3434 848 3490 συνιδὼν
875 3435 975 3506 τὴν
1002 3433 1095 3488 τοῦ
1122 3432 1368 3487 διαϐόλου
1404 3434 1742 3505 κακουργίαν
1773 3437 1802 3489 ὁ

212 3525 367 3590 Θεὸς,
403 3521 712 3592 ἐπετείχισε
731 3519 883 3573 τουτὶ
907 3519 968 3571 τὸ
998 3519 1171 3590 ῥῆμα,
1211 3518 1305 3571 καὶ
1327 3517 1425 3589 τὴν
1455 3519 1521 3589 ἐκ
1548 3522 1647 3590 τῆς
1682 3520 1801 3572 ἐπι-

211 3607 416 3676 ϐουλῆς
448 3602 747 3674 μέλλουσαν
780 3600 1078 3670 ἀπέχθειαν
1104 3597 1325 3652 ἔσεσθαι
1350 3599 1439 3653 διὰ
1466 3594 1565 3671 τῆς
1589 3600 1803 3668 ἀποφά-

214 3708 354 3755 σεως
384 3689 591 3757 ταύτης
624 3685 822 3749 ἀνεῖλε,
857 3686 952 3738 καὶ
978 3683 1078 3754 τῆς
1106 3683 1403 3754 ἐπιθυμίας
1428 3682 1529 3754 τῆς
1557 3683 1800 3755 ἐμφύτου

212 3777 473 3845 καθάπερ
508 3772 817 3843 μεσότοιχον
859 3768 1223 3832 κατασπάσας
1259 3762 1359 3837 τὴν
1387 3768 1453 3821 ἐκ
1490 3767 1593 3837 τῆς
1622 3768 1803 3837 ἁμαρ-

212 3863 333 3924 tia;
366 3856 756 3931 μνησικακίαν.
798 3853 937 3906 Ἀλλ’
959 3854 1053 3907 ἐπὶ
1078 3852 1173 3907 τοῦ
1191 3851 1327 3906 Θεοῦ
1344 3853 1440 3906 καὶ
1464 3852 1564 3922 τῆς
1597 3852 1804 3923 ἀκηρά-

212 3968 306 4005 του
328 3949 522 4010 οὐσίας
551 3945 766 4014 ἐκείνης
792 3942 940 3996 οὐδὲν
961 3940 1206 3994 τοιοῦτον
1251 3938 1399 3993 ἐστιν
1438 3939 1799 3993 ὑποπτεῦσαι.

215 4035 307 4105 Μὴ
328 4033 517 4087 τοίνυν
542 4027 685 4083 κατά
707 4029 924 4080 πάντων
944 4024 1099 4095 δέχου
1119 4023 1191 4076 τά
1213 4023 1636 4094 παραδείγματα
1682 4024 1804 4076 ἐπεὶ

216 4123 308 4175 καὶ
328 4116 567 4188 ἀλλαχοῦ
594 4112 765 4168 πολλὰ
785 4111 1035 4166 ἐντεῦθεν
1058 4111 1366 4181 ἀπαντήσει
1386 4108 1601 4179 χαλεπά
1621 4109 1804 4180 άμαρ-

216 4208 461 4278 τήματα.
491 4201 600 4254 Καὶ
629 4198 738 4268 γὰρ
768 4197 866 4250 καὶ
896 4197 953 4248 ἐν
992 4195 1303 4278 προοιμίοις
1326 4193 1441 4278 τῆς
1482 4193 1804 4263 Ἐπιστολῆς

217 4276 371 4358 ἔλεγε
393 4304 409 4319 ’
442 4284 648 4339 Πάντα
668 4280 834 4352 ὑμῶν
855 4281 1046 4342 ἐστιν,
1083 4277 1252 4349 ὑμεῖς
1275 4276 1344 4331 δὲ
1364 4276 1644 4345 Χριστοῦ,
1672 4279 1805 4345 Χρι-

215 4372 364 4437 στὸς
392 4367 466 4421 δὲ
497 4365 666 4420 Θεοῦ.

283 4471 354 4533 γ’.
377 4461 445 4514 Τί
474 4454 601 4524 οῦν;
633 4455 832 4528 ὁμοίως
859 4454 1018 4526 ήμῶν
1048 4453 1116 4507 τὰ
1151 4455 1350 4518 πάντα,
1389 4452 1484 4507 καὶ
1510 4454 1673 4525 ἡμεῖς
1710 4452 1804 4507 τοῦ

222 4543 482 4619 Χριστοῦ,
530 4543 626 4595 καὶ
658 4543 685 4594 ὁ
722 4538 956 4612 Χριστὸς
999 4536 1094 4591 τοῦ
1124 4536 1311 4611 .9506;
1345 4536 1631 4607 Οὐδαμῶς,
1669 4535 1807 4590 ἀλλά

228 4634 313 4685 κσῖι
360 4631 482 4691 τοῖς
536 4625 740 4695 σφόδρα
794 4623 1041 4694 ἀνοήτοις
1069 4620 1202 4692 δήλη
1231 4622 1263 4690 ἡ
1288 4619 1542 4691 διαφορά,
1574 4621 1622 4673 εἰ
1652 4621 1743 4675 καὶ
1770 4623 1803 4693 ή

230 4713 360 4784 αὐτὴ
392 4713 553 4784 ῥῆσις
583 4709 675 4761 ἐπὶ
705 4706 799 4760 τοῦ
830 4705 965 4759 Θεοῦ
1009 4703 1105 4758 καὶ⁴
1132 4701 1227 4756 τοῦ
1256 4702 1493 4775 Χριστοῦ
1528 4704 1622 4757 καὶ
1652 4703 1808 4775 ήμῶν

231 4796 455 4867 εἴρηται.
488 4792 597 4847 Καὶ
618 4788 850 4860 ἀλλαχοῦ
878 4788 935 4843 δὲ
955 4785 1196 4858 κεφαλὴν
1217 4784 1386 4840 εἰπὼν
1408 4786 1499 4840 τὸν
1523 4786 1691 4859 ἀνδρα
1708 4788 1809 4857 τῆς

236 4878 506 4946 γυναικὸς,
536 4875 836 4944 ἐπήγαγεν·
870 4872 1083 4943 ’Ὠσπερ
1128 4870 1223 4929 καὶ
1251 4872 1280 4922 ὁ
1317 4869 1555 4939 Χριστὸς
1597 4872 1809 4942 κεφαλὴ

244 4962 327 5014 καὶ
343 4961 533 5030 Σωτήρ
562 4960 681 5012 ἐστι
701 4958 801 5029 τῆς
839 4954 1165 5026 Ἐκκλησίας
1191 4954 1286 5007 καὶ
1310 4953 1641 5024 προστάτης,
1669 4953 1812 5008 οὕτω

249 5046 372 5098 καλὸ
390 5046 528 5115 ἀνὴρ
546 5042 754 5112 ὀφείλει
782 5042 882 5112 τῆς
908 5039 1073 5094 αὐτοῦ
1098 5038 1355 5108 γυναικὸς
1381 5035 1540 5094 εἶναι.
1567 5034 1695 5111 ’Ἆρ’
1717 5038 1810 5094 οῦν

252 5128 430 5198 ὁμοίως
456 5124 806 5197 ἐκληψόμεθα
845 5124 907 5177 τὸ
956 5122 1268 5193 εἰρημένον,
1302 5120 1581 5176 καὶτοῦτο
1614 5122 1711 5175 καὶ
1744 5123 1812 5177 τά

253 5211 384 5282 μετά
412 5210 590 5265 τούτου
615 5210 831 5264 ἅπαντα
865 5207 1132 5277 Ἐφεσίοις
1162 5205 1541 5277 ἐπεσταλμένα
1565 5206 1812 5278 περὶτῆς

245 5294 535 5358 ὑποθέσεως
584 5291 823 5362 ταύτης;
858 5294 1109 5361 Ἀπαγεί
1145 5290 1266 5344 ούδέ
1299 5289 1406 5360 γὰρ
1448 5289 1692 5343 δυνατόν.
1729 5290 1811 5344 Τά

240 5381 341 5449 γάρ
383 5378 518 5432 αὐτὰ
559 5379 780 5449 ῥήματα
833 5375 1048 5445 λέγεται
1096 5375 1193 5445 μὲν
1236 5374 1327 5426 ἐπὶ
1360 5371 1495 5425 Θεοῦ
1535 5371 1687 5445 [251]
1719 5373 1812 5426 καὶ

236 5464 547 5532 ἀνθρώπων·
591 5461 708 5514 ἀλλ’
747 5459 946 5531 ἐτέρως
988 5458 1088 5529 μὲν
1125 5460 1309 5511 ἐκεῖνα
1337 5455 1578 5526 νοητέον,
1612 5457 1813 5527 ἑτέρως

235 5552 285 5603 6‘5
326 5547 518 5601 ταῦτα’
551 5546 613 5598 οὐ
660 5546 768 5617 μὴν
807 5544 966 5599 πάλιν
995 5543 1172 5597 πάντα
1210 5539 1652 5612 ἐξηλλαγμένως·
1689 5540 1813 5594 ἐπεὶ

238 5632 388 5686 πάλιν
424 5629 549 5700 εἰκῆ
590 5629 683 5682 καὶ
717 5629 890 5699 μάτην
919 5623 1288 5697 παρειλῆφθαι
1330 5623 1493 5690 δόξει,
1522 5624 1676 5677 οὐδὲν
1716 5626 1812 5679 ἀπ’

237 5714 403 5769 αὐτῶν
456 5712 854 5785 καρπουμένων
904 5711 1082 5782 ἡμῶν.
1128 5710 1341 5778 Ὥσπερ
1368 5707 1476 5779 γὰρ
1529 5708 1588 5761 οὐ
1635 5708 1813 5763 πάντα

238 5799 427 5867 ὁμοίως
465 5796 785 5868 ἐκληπτέον,
823 5794 996 5859 οὕτως
1024 5793 1146 5847 οὐδὲ
1174 5791 1352 5845 πάντα
1395 5790 1581 5854 ἁπλῶς
1611 5792 1812 5863 ἐκϐλη-

235 5883 365 5937 τέον.
398 5880 520 5934 Ἵνα
552 5880 610 5933 65
645 5879 674 5933 6
698 5879 865 5948 λέγω,
892 5878 1118 5948 γένηται
1154 5868 1505 5945 σαφέστερον,
1546 5876 1639 5929 ἐπὶ
1685 5878 1816 5930 ὐπο-

240 5964 520 6035 ίείγματος
540 5962 671 6016 αὐτὸ
696 5961 1028 6038 πειράσομαι
1055 5960 1277 6031 ποιῆσαι
1305 5959 1555 6030 φανερόν.
1585 5960 1811 6032 Εἴρηται

1217 375 1286 433 IN
1330 375 1549 433 EPIST.
1584 374 1606 430 ἰ
1643 375 1735 432 AD
1768 375 1928 433 COR.
1961 373 2201 430 HOMIL.
2245 370 2411 427 XXVI

3368 366 3473 421 216

1898 490 2108 561 κεφαλὴ
2140 492 2239 560 τῆς
2272 488 2592 557 Ἐκκλησίας
2619 491 2646 542 ὁ
2681 488 2931 558 Χριστός·
2967 485 3032 540 ἂν
3063 484 3227 556 μηδὲν
3250 482 3357 536 ἀπὸ
3381 499 3475 536 του
3559 532 3566 540 ,

1899 574 2244 644 ἀνθρωπίνου
2281 572 2450 638 λάϐω,
2483 572 2534 624 τί
2584 588 2671 641 μοι
2710 573 2803 625 καὶ
2833 570 3047 641 εἴρηται
3087 566 3275 631 τοῦτο;
3310 566 3477 620 Πάλιν

1898 660 1964 714 ἂν
2003 659 2217 713 ἄπαντα
2259 656 2428 720 λάϐω,
2481 656 2649 726 πολλὴ
2692 655 2880 725 ἕψεται
2930 655 2963 725 ἡ
3010 650 3220 720 ἀλογία·
3247 650 3340 705 καὶ
3367 651 3480 720 γὰρ

1897 740 2231 813 ὁμοιοπαθὴς
2267 739 2347 811 τῷ
2387 739 2601 809 σώματι
2647 740 2680 809 ἡ
2731 736 2961 808 κεφαλὴ,
2998 737 3091 789 καὶ
3140 737 3252 797 τοῖς
3295 734 3477 796 αὐτοῖς

1900 824 2218 889 ὑπεύθυνος.
2237 825 2302 878 Τί
2328 821 2421 878 οῦν
2446 824 2527 878 δεῖ
2547 825 2783 893 ἀφεῖναι,
2819 823 2855 895 ἢ
2886 823 2939 875 τί
2970 820 3155 873 λαϐεῖν
3179 838 3194 887 ;
3238 819 3479 889 Ἀφεῖναι

1903 910 2002 980 μὲν
2030 908 2204 963 ταῦτα
2236 907 2271 963 ἀ
2292 905 2466 972 εἷπον,
2497 907 2681 963 λαϐεῖν
2718 908 2773 961 δὲ
2798 907 2991 961 ἐνωσιν
3017 903 3241 976 ἀκριϐῆ,
3274 902 3370 956 καὶ
3394 905 3481 955 αἰ-

1897 994 2020 1047 τίαν
2057 993 2152 1047 καὶ
2181 993 2356 1063 ἀρχὴν
2380 1004 2406 1033 α
2428 993 2528 1062 τὴν
2552 991 2793 1062 πρώτην·
2821 991 2915 1044 καὶ
2936 989 3056 1043 οὐδέ
3073 987 3245 1041 ταῦτα
3270 984 3477 1048 ἁπλῶς.

1899 1077 2036 1131 ἀλλά
2062 1076 2158 1131 καὶ
2179 1076 2412 1130 ἐνταῦθα
2444 1076 2504 1129 τὸ
2534 1075 2716 1146 μεῖζον
2743 1073 2954 1127 οἴκοθεν
2983 1074 3216 1127 ἐπινοεῖν
3244 1070 3340 1124 καὶ
3360 1068 3479 1138 Θεῷ

1901 1161 2131 1232 πρέπον*
2170 1161 2265 1213 καὶ.
2290 1159 2400 1231 γὰρ
2431 1160 2682 1230 ὴένωσις
2715 1157 3116 1228 ἀσφαλεστέρα,
3152 1155 3303 1225 καὶὴ
3336 1153 3478 1225 ἀρχὴ

1900 1240 2219 1311 τιμιωτέρα.
2252 1240 2421 1294 Πάλιν
2453 1239 2694 1310 ήκουσας
2728 1238 2874 1291 Υἰόνο
2911 1238 2987 1309 μὴ
3016 1236 3193 1290 πάντα
3234 1232 3368 1304 μηδὲ
3393 1233 3483 1285 ἐν-

1899 1323 2085 1378 ταῦθα·
2124 1323 2313 1395 λάϐῃς,
2357 1323 2492 1377 ἀλλὰ
2539 1322 2675 1394 μηδέ
2724 1322 2901 1376 πάντα
2942 1318 3199 1390 ἐκϐάλῃς,
3237 1315 3351 1371 ἀλλ’
3385 1315 3485 1368 ὅσα

1900 1406 2020 1476 Θεῷ
2050 1408 2248 1480 πρέπει
2286 1406 2596 1479 δεξάμενος,
2629 1407 2710 1461 ὅτι
2738 1404 3041 1476 ὁμοούσιος,
3081 1405 3163 1457 ὅτι
3203 1400 3261 1465 ἐξ
3296 1398 3483 1480 0-5709.

1886 1488 1969 1542 ’τά
2013 1479 2189 1542 ἄτοπα
2239 1490 2334 1542 καὶ
2385 1488 2668 1550 ἀσθενείας
2711 1488 2840 1540 δντα
2871 1483 3240 1556 ἀνθρωπίνης,
3271 1481 3363 1533 ἐπὶ
3387 1479 3486 1547 τῆς

1900 1573 2006 1643 γῆς
2031 1574 2113 1627 ἐα.
2144 1572 2374 1645 Εἴρηται
2406 1574 2522 1644 φῶς
2542 1577 2570 1628 ὁ
2590 1572 2723 1635 Θεὸς
2752 1571 2931 1626 πάλιν·
2960 1565 3049 1639 ἆρ’
3072 1564 3166 1621 οὖν
3196 1566 3374 1621 πάντα
3401 1564 3487 1617 δε-

1902 1658 2126 1729 ξόμεθα,
2166 1660 2266 1713 ὃσα
2298 1659 2393 1713 τοῦ
2429 1660 2605 1730 φωτὸς
2644 1660 2868 1722 τούτου;
2896 1653 3164 1726 Οὐδαμῶς
3185 1665 3198 1681 ’
3234 1650 3328 1704 καὶ
3378 1647 3488 1719 γάρ

1901 1744 2020 1797 ἐκεῖ
2056 1743 2133 1814 τῷ
2164 1743 2341 1813 σκότῳ
2375 1743 2532 1797 τοῦτο
2565 1744 2659 1798 καὶ
2681 1742 2828 1812 τόπῳ
2858 1736 3249 1811 περικλείεται,
3275 1732 3370 1786 καὶ
3395 1730 3487 1799 ὐφ’

1902 1827 2095 1897 ἐτέρας
2120 1830 2350 1881 κινεῖται
2369 1827 2653 1897 δυνάμεως
2681 1827 2776 1880 καὶ
2798 1809 3202 1885 ἐπισκιάςεται·
3227 1809 3303 1870 ὧν
3334 1814 3487 1868 οὐδὲν

1901 1912 2023 1965 οὐδέ
2073 1912 2321 1983 ἐννοῆσαι
2375 1911 2530 1982 θέμις
2582 1911 2676 1965 ἐπὶ
2715 1911 2814 1981 τῆς
2843 1908 3031 1970 οὐσίας
3069 1903 3303 1973 ἐκείνης.
3351 1897 3490 1951 Ἀλλ’

1901 1994 2024 2050 οὐδὲ
2056 1995 2236 2051 πάντα
2281 1995 2372 2050 διὰ
2417 1995 2576 2050 τοῦτο
2615 1994 2976 2064 ἐκϐαλοῦμεν,
3006 1990 3143 2044 ἀλλὰ
3181 1984 3494 2060 δρεψόμιεθά

1901 2096 1959 2136 τι
1985 2080 2081 2134 καὶ
2109 2083 2380 2153 χρήσιμον
2413 2080 2521 2136 ἀπὸ
2564 2080 2659 2134 τοῦ
2701 2079 3167 2152 παραδείγματος,
3196 2072 3288 2125 τὸν
3326 2085 3493 2153 φωτιί

1905 2165 2047 2235 σμὸν
2083 2151 2174 2219 τὸν
2205 2151 2281 2220 ἐκ
2312 2166 2406 2220 τοῦ
2455 2164 2591 2220 Θεοῦ
2628 2165 2920 2236 ,γινόμενον
2965 2163 3117 2232 ἡμῖν,
3155 2157 3252 2229 τὴν
3295 2151 3492 2236 ἐκντοῦ

1906 2249 2132 2312 σκότους
2180 2250 2506 2322 ἀπαλλαγὴν
2554 2250 2620 2303 ἐκ
2661 2248 2853 2303 τούτου
2902 2247 3249 2310 συνάγοντες.
3285 2235 3398 2322 Καί
3425 2235 3495 2287 τὰ

1908 2331 2007 2403 μὲν
2058 2333 2197 2403 πρὸς
2245 2320 2556 2404 αἱρετικούς
2599 2333 2802 2386 ταῦτα’
2838 2331 2919 2384 δεῖ
2965 2328 3022 2382 65
3072 2326 3168 2380 καὶ
3214 2320 3494 2404 ὁλοκλήρῳ

1905 2415 2089 2469 λοιπὸν
2134 2403 2442 2482 ἐπεξελθεῖν
2483 2416 2561 2488 τῷ
2600 2415 2806 2490 χωρίῳ.
2840 2415 3001 2475 Ἴσως
3049 2409 3157 2480 γὰρ
3196 2407 3261 2490 ἄν
3289 2422 3374 2468 τις
3410 2403 3495 2490 ἐν’

1903 2498 2080 2553 ταῦθα
2134 2501 2229 2553 καὶ
2273 2499 2649 2574 διαπορήσειε,
2685 2488 2833 2570 πρὸς
2882 2494 3074 2550 ἐαυτὸν
3105 2489 3304 2561 ζητῶν,
3340 2488 3493 2540 ποῖον

1904 2583 2159 2656 ἔγκλημα
2194 2571 2354 2657 ἦντὸ
2380 2571 2856 2639 ἀνακαλύπτεσθαι
2890 2580 2991 2643 τὰς
3017 2576 3301 2647 γυναῖκας,
3327 2571 3496 2657 ἢῌκαὶ

1905 2653 2275 2725 καλύπτεσθαι
2304 2671 2428 2734 τοὺς
2461 2668 2688 2741 ἄνδρας;
2717 2668 2876 2721 Ποῖον
2904 2660 2998 2718 οὖν
3028 2660 3280 2739 ἔγκλημα
3310 2653 3491 2741 τοῦτο,

1905 2752 2157 2809 ἐντεῦθεν
2197 2754 2300 2826 ήδη
2348 2740 2620 2826 μάνθανε·
2666 2750 2921 2822 Σύμϐολα
2961 2745 3171 2801 δέδοται
3213 2740 3368 2826 ἀνδρὶ
3400 2740 3496 2794 καὶ

1905 2839 2128 2908 γυναικὶ
2155 2825 2326 2894 πολλά
2353 2825 2463 2910 μὲν
2501 2841 2595 2893 καὶ
2625 2838 2807 2909 ἐτερα,
2840 2833 2919 2904 τῷ
2955 2831 3052 2903 μέν
3078 2830 3177 2901 τῆς
3205 2825 3406 2910 ἀρχῆς.
3426 2825 3495 2910 τῇ

1906 2923 1964 2976 δέ
1985 2922 2087 2990 τῆς
2119 2908 2419 2994 ὑποταγῆςο
2451 2921 2589 2994 μετά
2617 2922 2674 2975 65
2704 2918 2927 2974 ἐκείνων
2955 2916 3051 2970 καὶ
3077 2912 3254 2977 τοῦτο,
3283 2908 3346 2994 τὸ
3365 2908 3497 2963 ταύ-

1905 3024 2005 3079 την
2033 3008 2132 3078 μὲν
2161 2993 2552 3071 καλύπτεσθαι,
2574 3005 2762 3059 τοῦτον
2788 3003 2847 3056 65
2873 2997 3085 3071 γυμνὴν
3111 2995 3256 3067 ἐχειν
3284 2993 3383 3079 τήν
3412 3008 3499 3047 κε-

1908 3078 2104 3164 φαλήν.
2142 3093 2205 3146 Εἰ
2235 3092 2411 3147 τοίνυν
2468 3090 2711 3162 σύμϐολα
2758 3086 2934 3142 ταῦτά
2985 3086 3152 3146 ἐστιν,
3197 3078 3497 3164 ἀμφότεροι

1908 3176 2281 3248 ἁμαρτάνουσι
2322 3176 2422 3247 τὴν
2463 3159 2716 3239 εὐταξίαν
2760 3169 3101 3241 συγχέοντες,
3134 3165 3230 3219 καὶ
3264 3163 3364 3233 τὴν
3401 3159 3498 3215 τοῦ

1908 3247 2042 3315 Θεοῦ
2064 3260 2345 3332 διαταγὴν,
2367 3258 2607 3323 καὶτοὺς
2626 3256 2858 3317 οἰκείους
2877 3251 3294 3321 ὑπερϐαίνοντες
3316 3247 3497 3319 ὅρους.

1908 3347 2004 3399 καὶ
2038 3345 2067 3397 ό
2098 3345 2196 3416 μέν
2227 3331 2307 3409 είς
2337 3344 2436 3415 τὴν
2473 3341 2687 3411 ἐκείνης
2728 3336 3089 3392 καταπίπτων
3123 3331 3422 3395 εὐτέλειαν,
3464 3331 3500 3399 ή

1908 3428 1966 3482 65
1994 3406 2404 3498 ἐπανισταμένη
2431 3425 2510 3497 τῷ
2532 3406 2684 3493 ἀνδρὶ
2714 3423 2803 3476 διὰ
2835 3419 2929 3474 τοῦ
2963 3419 3261 3489 σχήματος.
3289 3414 3353 3467 Εἰ
3390 3406 3517 3498 γάρ’

1912 3512 2126 3582 ἱμάτιον
2188 3495 2528 3565 ἐναλλάττειν
2587 3509 2647 3560 οὐ
2709 3506 2886 3576 θέμις,
2954 3502 3076 3555 οὐδὲ
3140 3497 3347 3582 ταύτην
3401 3495 3500 3567 μὲν

1909 3581 2132 3669 χλανίδα
2172 3594 2535 3669 περικεῖσθαι,
2569 3593 2774 3646 ἐκεῖνον
2806 3589 2864 3643 δέ
2896 3587 3067 3658 φάρος
3093 3586 3126 3657 ἢ
3159 3581 3497 3669 καλύπτραν·

1914 3664 2036 3735 bim
2065 3664 2260 3734 ἔσται⁷
2280 3679 2407 3752 γὰρ,
2440 3676 2596 3747 φησὶ,
2625 3674 2818 3741 σκεύη
2850 3669 3070 3737 ἀνδρὸς
3106 3667 3204 3722 ἐπὶ
3237 3664 3499 3752 γυναικὶί

1910 3764 2054 3817 οὐδὲ
2094 3747 2414 3816 ἐνδύσεται
2452 3760 2610 3827 ἀνὴρ
2650 3755 2888 3825 στολὴν
2919 3752 3290 3821 γυναικείαν*
3321 3747 3502 3818 πολλῷ

1914 3848 2115 3919 μᾶλλον
2140 3847 2315 3901 ταῦτα
2342 3841 2802 3899 ἀνταλλάττεσθαι
2828 3841 2889 3893 οὐ
2921 3840 3022 3895 δεῖ.
3053 3836 3240 3892 Ταῦτα
3262 3834 3363 3905 μέν
3382 3833 3501 3919 γάρ

1911 3917 2063 4005 παρά
2095 3931 2203 3985 τῶν
2231 3929 2533 4001 ἀνθρώπων
2560 3925 2997 3997 νενομοθέτηται,
3049 3923 3099 3976 εί
3147 3922 3243 3975 καὶ
3287 3921 3325 4005 ὁΔ
3367 3917 3498 3979 Θεὸς

1913 4017 2138 4087 ὕστερον
2160 4013 2300 4068 αὐτὰ
2327 4000 2622 4085 ἐκύρωσενο
2657 4012 2833 4063 ἐκεῖνο
2861 4008 2920 4061 65
2947 4005 3101 4076 παρά
3122 4006 3222 4074 τῆς
3259 4000 3494 4071 φύσεως,

1911 4102 1970 4156 τὸ
2009 4097 2379 4154 καλύπτεσθαι
2405 4096 2569 4164 λέγω,
2600 4094 2694 4149 καὶ
2718 4093 2779 4146 τὸ
2806 4091 2881 4163 μὴ
2911 4089 3302 4144 καλύπτεσθαι.
3329 4088 3497 4141 Ὅταν

1911 4185 1968 4239 δὲ
2002 4186 2141 4239 εἴπω
2176 4182 2274 4253 τὴν
2308 4181 2488 4250 φύσιν,
2530 4179 2621 4232 τὸν
2654 4176 2786 4231 Θεὸν
2812 4176 2975 4248 λέγωο
3009 4175 3037 4227 ὁ
3058 4173 3166 4245 γὰρ
3198 4171 3295 4243 τὴν
3337 4169 3498 4240 φύσιν

1911 4269 2344 4340 δημιουργήσας,
2367 4266 2528 4329 αὐτός
2548 4265 2715 4318 ἐστιν.
2742 4264 2908 4317 Ὅταν
2933 4259 3026 4316 οὖν
3045 4259 3172 4321 τούς
3195 4258 3352 4326 ὅρους
3374 4257 3497 4310 ἁνα-

1911 4356 2120 4427 τρέπῃς
2147 4350 2390 4416 τούτους,
2431 4351 2533 4424 ὅρα
2572 4350 2715 4403 πόσα
2746 4348 2956 4417 γίνεται
2985 4348 3055 4401 τὰ
3072 4344 3364 4415 ἐπιϐλαϐῆ.
3387 4345 3497 4398 Καὶ

1916 4440 1990 4510 μή
2048 4455 2139 4509 μοι
2164 4435 2324 4490 τοῦτο
2354 4434 2536 4506 εἴπῃς,
2571 4435 2652 4487 ὅτι
2689 4433 2884 4505 μικρὸν
2927 4433 2989 4485 τὸ
3028 4431 3492 4503 ἁμαρτανόμενον*

1918 4522 2060 4592 μέγα
2095 4520 2192 4590 μὲν
2233 4520 2342 4590 γάρ
2375 4521 2512 4582 ἐστι,
2560 4517 2654 4571 καὶ
2706 4518 2827 4570 καθ’
2867 4517 3047 4569 ἑαυτά
3096 4513 3351 4586 παρακοὴ
3393 4511 3502 4583 γάρ

1916 4604 2066 4675 [252]
2088 4606 2254 4657 ἐστιν·
2283 4603 2346 4656 Εἰ
2363 4602 2421 4654 65
2442 4602 2538 4656 καὶ
2562 4602 2756 4672 μικρὸν
2777 4597 2867 4673 ἦν,
2891 4601 3034 4672 μέγα
3060 4598 3290 4669 ἐγίνετο,
3315 4596 3501 4664 ἐπειδὴ

1920 4687 2170 4758 μεγάλων
2193 4687 2308 4740 ἐστὶ
2329 4685 2598 4756 σύμϐολον
2619 4686 2981 4757 πραγμάτων.
3009 4685 3134 4737 Ὅτι
3151 4682 3207 4736 65
3237 4682 3333 4736 καὶ
3358 4681 3501 4751 μέγα

1917 4771 2053 4835 ἐστὶ,
2082 4769 2238 4840 δῆλον
2270 4769 2329 4836 ἐξ
2362 4762 2436 4822 ὧν
2467 4767 2738 4838 τοσαύτην
2770 4768 3028 4832 εὐταξίαν
3059 4766 3138 4837 τῷ
3173 4765 3322 4834 γένει
3354 4781 3495 4835 παρ-

1918 4853 2054 4924 ἐχει,
2083 4852 2175 4906 τὸν
2206 4852 2443 4923 ἄρχοντα
2487 4852 2581 4905 καὶ
2612 4851 2702 4905 τὸν
2735 4852 3039 4924 ἀρχόμενον
3084 4852 3143 4903 ἐν
3172 4849 3362 4919 κόσμῳ
3386 4847 3502 4900 δια-

1918 4937 2131 4990 τάττον.
2165 4934 2331 4989 Ὥστε
2360 4937 2388 4988 ό
2422 4935 2799 5005 παραϐαίνων,
2830 4936 3009 4989 πάντα
3056 4935 3265 5003 συγχεῖ,
3296 4930 3408 4984 ’καὶ
3434 4930 3504 4983 τά

1917 5018 2177 5093 τοῦηθεοῦ
2212 5018 2501 5090 προδίδωσι
2547 5018 2712 5088 δῶρα.
2743 5018 2839 5073 καὶ
2868 5017 2965 5089 τὴν
3002 5016 3207 5071 ἄνωθεν
3240 5014 3389 5087 αὐτῷ
3417 5015 3504 5069 δο-

1920 5098 2104 5152 θεῖσαν
2156 5098 2322 5169 τιμὴν
2377 5097 2551 5169 χαμαὶ
2594 5098 2794 5169 ῥίπτει,
2843 5098 2941 5169 οὐχ
2976 5099 3003 5151 ὁ
3034 5098 3174 5168 ἀνὴρ
3211 5096 3268 5151 δὲ
3322 5096 3502 5166 μόνον,

1919 5181 2055 5235 ἀλλά
2098 5182 2190 5235 καὶ
2226 5183 2259 5251 ἡ
2291 5182 2449 5251 γυνή.
2482 5183 2589 5234 Καὶ
2620 5190 2729 5250 γάρ
2762 5184 2855 5234 καὶ
2884 5182 3067 5253 ἐκείνῃ
3095 5181 3229 5252 τιμὴ
3273 5180 3503 5252 μεγίστη

1918 5264 1980 5318 τὸ
1998 5264 2096 5335 τὴν
2119 5263 2324 5337 οἰκείαν
2347 5264 2497 5328 τάξιν
2517 5263 2809 5336 διατηρεῖν,
2830 5263 3020 5338 ὥσπερ
3037 5260 3130 5319 οῦν
3152 5265 3246 5318 καὶ
3273 5263 3505 5334 αἰσχύνη

1919 5347 1979 5399 τὸ
2011 5346 2341 5411 στασιάζειν.
2373 5347 2574 5418 Διόπερ
2607 5350 2693 5401 ἐπ’
2716 5349 3041 5420 ἀμφοτέρων
3075 5349 3207 5403 αὐτὸ
3239 5351 3502 5407 τέθεικεν,

1918 5430 2061 5483 οὕτω
2101 5429 2293 5498 λέγων·
2324 5430 2451 5496 Πᾶς
2484 5430 2641 5500 ἀνὴρ
2672 5433 3164 5503 προσευχόμενος
3194 5433 3234 5501 ἣ
3273 5447 3504 5501 προφη-

1920 5514 2108 5568 τεύων
2138 5514 2289 5569 κατὰ
2332 5513 2605 5583 κεφαλῆς
2633 5514 2814 5584 ἔχων,
2852 5516 3246 5585 καταισχύνει
3269 5513 3387 5579 τὴν
3412 5530 3509 5565 κε-

1919 5596 2128 5668 φαλὴν
2159 5596 2367 5653 αὐτοῦ’
2393 5597 2563 5653 πᾶσα
2615 5598 2685 5652 δὲ
2739 5599 2895 5669 γυνὴ
2956 5597 3416 5668 προσευχομένη
3464 5598 3505 5663 ἣ

1921 5681 2387 5750 προφητεύουσα
2425 5683 2904 5747 ἀκατακαλύπτῳ
2943 5683 3015 5750 τῇ
3060 5680 3319 5752 κεφαλῇ,
3369 5692 3504 5734 κατ-

1921 5766 2199 5834 αισχύνει
2254 5765 2365 5833 τὴν
2418 5767 2697 5836 κεφαλὴν
2744 5768 2958 5837 αὐτῆς.
2984 5764 3164 5821 Ἦσαν
3207 5766 3337 5836 γάρ,
3364 5764 3504 5834 ὅπερ

1923 5921 2010 6022 καῖ
2028 5909 2300 6022 ἑξεῖὲἑιρίυν
2321 5912 2352 5960 ἃ
2373 5912 2504 5960 εἶπον
2526 5914 2787 5975 δεῖ,)αϐεῖν
2810 5916 2862 5965 65
2884 5916 2951 5964 ἓν.
2972 5916 3080 5981 άκρ.
3103 5919 3185 5967 καὶ
3208 5918 3376 5981 ἀρχήν,
3401 5915 3510 5971 εἰπε
