3962 6424
212 399 298 457 ιιι
1214 390 1283 446 IN
1321 388 1537 447 EPIST.
1577 387 1600 444 ι
1660 388 1754 443 AD
1790 385 1949 444 COR.
1990 386 2219 443 HOMIL.
2261 386 2456 444 XXVI.

217 514 471 574 maximus
521 523 679 571 certe
725 521 807 570 est
853 512 1024 567 honor
1074 509 1183 572 ille,
1222 508 1499 578 proprium
1551 503 1799 560 ordinem

217 621 447 672 servare,
475 614 540 660 ut
567 605 748 676 pudor
774 613 860 659 est
882 604 1023 658 inter
1049 616 1108 655 se
1127 599 1408 655 dissidere.
1440 596 1801 665 Quamobrem

217 701 264 753 in
289 698 537 768 utrisque
567 695 675 751 hoc
714 695 926 767 posuit,
961 692 1148 748 dicens
1182 708 1194 745 :
1228 692 1281 745 4.
1328 689 1507 744 Omnis
1545 689 1622 741 vir
1649 702 1802 741 orans

216 800 297 844 aut
336 791 655 859 prapltetans
692 787 855 842 velato
883 786 1067 855 capite,
1085 784 1337 853 -deturpat
1383 791 1537 851 caput
1585 796 1733 834 suum
1782 796 1801 834 :

221 883 267 938 5.
285 881 448 936 omnis
470 890 642 934 autem
664 878 848 933 mulier
882 893 1033 933 orans
1060 885 1149 930 aut
1177 877 1488 946 praphetans
1511 889 1613 927 non
1638 871 1803 925 velato
1838 874 1853 897 ‘

223 974 376 1043 capite
396 1013 413 1038 ,
445 973 688 1041 deturpat
709 980 863 1042 caput
889 985 1058 1024 suum.
1087 969 1251 1023 Erant
1279 967 1421 1021 enim
1444 1007 1459 1030 ,
1495 974 1552 1019 ut
1572 964 1683 1019 dixi
1707 1005 1721 1027 ,
1750 973 1805 1017 et

222 1067 307 1120 tiri
340 1074 399 1121 et
425 1065 688 1120 mulieres
732 1062 1148 1134 pr0phetantes.
1177 1071 1234 1116 et
1263 1060 1518 1114 mulieres
1548 1067 1673 1112 tunc
1702 1056 1804 1110 hoc

214 1159 412 1213 donum
445 1156 706 1212 habentes
727 1197 743 1220 ,
775 1166 835 1210 ut
858 1154 1087 1223 Philippi
1123 1153 1264 1218 tiliae,
1294 1161 1351 1206 ut
1376 1152 1497 1205 alia:
1524 1160 1579 1205 et
1604 1158 1728 1203 ante
1749 1159 1804 1203 et

212 1260 331 1322 post
374 1251 534 1314 illas;
564 1248 634 1304 de
677 1248 871 1318 quibus
899 1246 1112 1301 dicebat
1142 1244 1272 1299 olim
1320 1244 1581 1314 propheta
1615 1259 1628 1295 :
1672 1240 1806 1294 Pro-

211 1344 494 1414 phetabunt
524 1343 622 1411 ﬁlii
666 1342 815 1395 vestri
834 1381 849 1407 ,
885 1350 930 1394 et
955 1340 1077 1408 ﬁlia:
1105 1347 1279 1392 vestrm
1324 1338 1537 1391 uisiones
1565 1335 1805 1389 videbunt

212 1435 376 1503 (Joel.
408 1434 462 1488 2.
495 1434 612 1502 28).
648 1433 833 1487 Virum
879 1447 1040 1501 porro
1070 1446 1177 1485 non
1203 1444 1418 1498 semper
1444 1429 1655 1483 detecto
1683 1439 1805 1481 esse

209 1527 389 1594 capite
406 1526 582 1596 jubet,
616 1524 711 1579 sed
738 1539 859 1578 cum
890 1532 1008 1577 orat
1034 1530 1240 1577 tantum
1276 1538 1289 1575 :
1324 1520 1501 1575 Omnis
1528 1520 1674 1573 enim
1704 1518 1799 1581 vir,

212 1619 421 1688 inquit,
459 1633 616 1670 orans
644 1626 732 1669 aut
763 1614 1069 1685 prophetans
1107 1623 1281 1684 operto
1323 1612 1519 1682 capite,
1565 1611 1805 1677 deturpat

212 1721 368 1781 caput
393 1726 541 1764 suum
575 1725 593 1764 :
630 1708 907 1763 mulierem
936 1716 1115 1762 autem
1146 1720 1361 1775 semper
1400 1713 1539 1759 tecto
1569 1718 1689 1757 esse
1716 1717 1805 1756 ca-

217 1805 328 1873 pite
359 1801 534 1872 jubet.
579 1800 937 1869 Quamobrem
964 1814 1084 1853 cum
1112 1799 1336 1853 dixisset
1364 1813 1379 1852 :
1422 1796 1599 1849 Omnis
1623 1795 1807 1849 mulier

219 1910 373 1947 orans
396 1902 484 1946 aut
512 1892 821 1961 praplietans
851 1906 954 1943 non
979 1897 1154 1961 aperto
1174 1889 1354 1957 capite,
1390 1888 1624 1954 deturpat
1652 1893 1806 1955 caput

218 2002 371 2038 suain
391 2002 411 2050 ,-
434 2000 537 2038 non
563 1984 648 2039 hic
672 1982 931 2048 constitit,
954 1982 1048 2036 sed
1073 1990 1428 2051 prosequutus
1448 1988 1553 2050 est,
1577 1977 1764 2033 dicens
1788 1993 1801 2029 :

226 2077 393 2132 Unum
417 2079 551 2132 enim
587 2088 659 2131 est
684 2094 745 2131 ac
771 2078 815 2130 si
842 2076 1144 2130 decalvetur.
1177 2074 1329 2141 Quod
1357 2074 1402 2128 si
1447 2088 1663 2143 semper
1687 2086 1807 2128 esse

224 2186 397 2225 rasam
426 2179 584 2241 turpe
610 2179 694 2224 est
715 2211 730 2233 ,
761 2169 935 2239 palam
968 2177 1053 2222 est
1088 2168 1250 2223 etiam
1298 2180 1511 2236 semper
1538 2164 1805 2220 detectam

225 2280 363 2330 esse,
391 2264 685 2334 opprobrio
708 2264 865 2317 verti.

294 2357 348 2410 4.
368 2355 549 2426 Neque
571 2356 685 2411 hare
710 2355 879 2409 solum
910 2354 1041 2408 satis
1068 2352 1286 2418 habuit,
1318 2352 1410 2407 sed
1439 2366 1625 2407 rursus
1652 2351 1810 2406 addi-

225 2449 336 2503 dit:
364 2447 448 2504 Η).
480 2446 640 2502 Debet
671 2446 853 2501 mulier
895 2456 1192 2517 palmatam
1238 2444 1420 2499 habere
1468 2460 1620 2514 super
1654 2453 1808 2515 caput

225 2557 370 2594 suum
395 2549 601 2611 propter
619 2538 845 2610 angelos.
867 2538 1111 2594 Ostendit
1134 2553 1240 2593 non
1277 2537 1536 2593 orationis
1566 2546 1809 2607 tempore

229 2642 464 2698 tantum,
515 2630 610 2686 sed
663 2632 825 2686 etiam
872 2632 1138 2701 ‘perpetuo
1200 2630 1320 2684 illas
1362 2629 1471 2700 tegi
1533 2639 1801 2698 oportere.

228 2721 406 2777 Virum
433 2732 616 2778 autem
654 2736 762 2775 non
792 2720 922 2776 item
959 2720 1028 2776 de
1072 2719 1518 2790 tegmueuto,sed
1547 2719 1615 2773 de
1654 2735 1808 2775 coma

225 2814 449 2870 instituit
481 2833 496 2871 :
527 2813 776 2885 prohibet
822 2823 999 2869 autem
1043 2829 1112 2868 ne
1154 2822 1364 2882 tegatur
1399 2828 1519 2868 cum
1548 2823 1667 2867 orat
1695 2824 1812 2867 tan-

225 2918 369 2976 tum,
417 2923 629 2964 comam
677 2915 857 2962 autem
897 2907 1042 2962 alere
1099 2922 1315 2976 semper
1367 2906 1635 2975 prohibet.
1686 2906 1811 2961 Ideo

223 3001 362 3055 sicut
383 2999 450 3056 de
478 3001 705 3056 muliere
725 3000 861 3054 dixit
888 3016 902 3052 :
931 2998 984 3054 6.
1015 2998 1078 3054 Si
1113 3009 1282 3053 autem
1306 3014 1410 3053 non
1441 2997 1650 3064 veletur,
1694 3009 1810 3052 ton-

223 3093 404 3147 deatur
428 3109 449 3148 :
475 3093 555 3148 sic
580 3100 639 3150 et
664 3091 732 3147 de
758 3091 876 3146 viro
908 3109 921 3145 :
952 3091 1014 3146 Si
1038 3105 1237 3146 comam
1263 3091 1489 3156 nutriat,
1531 3090 1813 3161 ignominia

218 3197 300 3240 est
319 3186 414 3241 illi.
440 3185 557 3242 Non
585 3185 749 3250 dixit,
781 3184 840 3241 Si
866 3193 1095 3255 tegatur,
1130 3183 1248 3251 sed,
1280 3183 1342 3239 Si
1374 3180 1572 3238 comam
1599 3185 1809 3238 nutriat.

218 3279 350 3336 Ideo
364 3280 418 3334 in
439 3278 703 3349 principio
717 3278 887 3333 dixit:
915 3277 1093 3331 Omnis
1112 3278 1188 3331 vir
1202 3293 1356 3345 orans
1376 3286 1463 3330 aut
1480 3282 1811 3347 prophetam,

217 3389 372 3442 super
397 3380 553 3442 caput
580 3371 790 3425 habens.
833 3368 948 3425 Non
979 3369 1132 3437 dixit,
1165 3369 1415 3441 Opertos,
1472 3369 1585 3435 sed,
1641 3370 1815 3441 Super

218 3474 373 3535 caput
394 3464 584 3517 habens
596 3478 617 3527 ;
631 3462 920 3518 ostendens
934 3461 1076 3533 quod
1093 3461 1300 3517 etiamsi
1321 3468 1468 3517 nudo
1484 3472 1600 3517 oret
1617 3463 1810 3531 capite,

220 3573 435 3613 comam
480 3567 658 3612 autem
689 3557 912 3621 habeat,
952 3571 1048 3626 par
1075 3555 1147 3610 sit
1172 3555 1248 3610 illi
1273 3556 1362 3625 qui
1401 3563 1623 3624 opertus
1648 3565 1810 3610 esset.

220 3649 379 3706 Coma
409 3650 576 3715 enim,
608 3651 796 3719 inquit,
827 3666 920 3719 pro
959 3650 1207 3704 velamine
1236 3650 1335 3719 ipsi
1359 3649 1481 3704 data
1506 3660 1597 3705 est.
1631 3649 1691 3704 Si
1720 3668 1816 3704 uu-

224 3756 321 3799 tem
339 3762 447 3799 non
472 3744 669 3797 velatur
688 3742 890 3808 mulier,
924 3743 1193 3797 tondeatur
1219 3757 1239 3797 :
1265 3743 1309 3796 si
1336 3753 1504 3796 autem
1551 3751 1696 3811 turpe
1744 3750 1816 3796 est

222 3840 425 3895 mulieri
444 3838 640 3893 tonderi
651 3847 737 3891 aut
755 3837 887 3905 radi,
910 3837 1116 3892 veletur.
1132 3835 1187 3892 In
1202 3836 1460 3908 principio
1476 3836 1616 3890 enim
1636 3844 1693 3889 ut
1709 3851 1816 3891 non

225 3934 427 3990 nudum
476 3932 673 3987 habeat
711 3939 872 4000 caput
925 3930 1152 4001 requirit
1183 3947 1198 3984 :
1229 3943 1549 4000 progressus
1592 3937 1770 3982 autem
1796 3969 1813 3996 ,

228 4036 284 4080 ut
307 4039 530 4095 semper
567 4038 674 4079 non
731 4022 933 4077 nudum
982 4022 1177 4078 habeat
1214 4022 1547 4087 subindicat,
1586 4020 1771 4075 dicens
1795 4061 1813 4087 ,

232 4119 405 4174 Unum
444 4117 590 4173 enim
618 4127 692 4171 est
720 4132 782 4169 ac
803 4119 847 4169 si
875 4132 994 4171 rasa
1017 4116 1079 4171 sit
1102 4132 1121 4181 ,°
1152 4125 1206 4172 et
1232 4131 1352 4171 cum
1378 4115 1523 4169 omni
1554 4113 1733 4169 studio
1754 4127 1818 4169 ac

229 4211 527 4283 diligentia.
547 4208 661 4263 Non
682 4208 826 4265 enim
850 4217 909 4263 nt
936 4208 1141 4263 veletur
1160 4216 1215 4264 et
1238 4215 1447 4278 tegatur
1472 4205 1632 4261 modo
1654 4206 1815 4275 dixit,

228 4306 320 4361 sed
352 4313 413 4359 ut
436 4311 773 4372 contegatur,
800 4311 853 4356 ut
877 4303 947 4356 sit
969 4301 1206 4371 undique
1226 4311 1477 4357 accurate
1498 4301 1816 4371 composita.

229 4401 297 4456 Et
321 4415 447 4456 cum
476 4400 530 4453 in
559 4397 941 4454 absurditatem
972 4412 1085 4451 rem
1116 4395 1352 4460 deducit,
1377 4395 1581 4466 pudore
1611 4394 1819 4449 sull'un—

227 4493 322 4558 dit,
354 4490 710 4547 vehementer
756 4489 1030 4545 incessens
1057 4504 1121 4543 ac
1158 4487 1342 4544 dicens
1372 4505 1387 4543 :
1415 4488 1475 4543 Si
1500 4496 1671 4541 autem
1717 4504 1821 4542 non

232 4587 444 4649 celatur,
490 4581 779 4635 tondeatur.
818 4579 947 4635 Nam
972 4580 1016 4635 si
1048 4579 1235 4649 abjicis
1274 4588 1639 4649 tegumentum
1674 4577 1820 4633 tibia

238 4678 349 4746 lege
374 4675 467 4730 Dei
500 4673 709 4737 datum,
742 4673 932 4743 inquit,
962 4673 1124 4727 etiam
1173 4671 1226 4726 id
1253 4669 1396 4740 quod
1425 4670 1520 4725 tibi
1565 4686 1595 4724 ο
1629 4680 1819 4728 natura

235 4768 414 4822 datum
435 4773 543 4826 est,
570 4764 765 4834 abjice.
790 4762 942 4831 Quod
970 4762 1015 4817 si
1040 4761 1162 4834 quis
1189 4760 1385 4817 dixerit
1418 4780 1432 4816 ε
1464 4762 1530 4817 Ει
1553 4763 1822 4833 quomodo

240 4856 364 4912 illud
389 4854 604 4910 mulieri
635 4862 789 4924 turpe
810 4853 995 4917 fuerit,
1019 4854 1063 4908 si
1084 4852 1152 4908 ad
1170 4852 1271 4908 viri
1296 4852 1518 4922 gloriam
1547 4852 1817 4909 ascendit?

248 4946 369 5000 illud
394 4946 716 5011 dixerimus,
748 4960 857 5000 non
878 4944 1190 5011 ascendere,
1226 4944 1320 4999 sed
1347 4959 1378 4997 a
1407 4932 1630 5015 proprio
1657 4946 1808 5001 exci—

252 5039 376 5092 dere
398 5038 621 5094 honore.
654 5036 789 5093 Nam
816 5038 958 5092 inter
994 5036 1240 5107 proprios
1271 5038 1529 5092 terminos
1556 5053 1661 5092 non
1707 5053 1822 5093 ma-

252 5144 383 5185 nere
404 5139 454 5186 et
477 5132 626 5203 leges
652 5146 683 5185 a
714 5131 826 5185 Deo
864 5129 1019 5190 latas.
1052 5128 1147 5184 sed
1189 5129 1308 5184 illas
1338 5129 1652 5198 transgredi,
1712 5146 1819 5184 non

243 5224 482 5281 accessio
495 5233 597 5291 est,
621 5225 714 5280 sed
741 5224 1060 5280 imminutio.
1079 5222 1538 5290 Quemadmodum
1561 5227 1702 5278 enim
1730 5225 1820 5294 qui

238 5318 415 5373 aliena
441 5318 789 5389 concupiscit,
818 5326 874 5372 et
892 5332 1012 5388 quae
1052 5332 1158 5372 non
1183 5332 1276 5372 sua
1306 5327 1430 5372 sunt
1455 5317 1671 5387 abripit,
1713 5333 1820 5373 non

236 5409 363 5482 quid
407 5411 638 5481 amplius
663 5410 868 5480 accepit
895 5450 910 5473 ,
966 5409 1062 5465 sed
1093 5408 1411 5464 detrimento
1438 5418 1521 5464 est
1562 5408 1818 5473 aﬂ‘cctns,

235 5501 485 5573 quodque
514 5502 745 5557 habebat
766 5500 1028 5570 perdidit;
1057 5500 1109 5556 id
1132 5500 1273 5571 quod
1303 5501 1462 5556 etiam
1491 5501 1544 5554 in
1574 5500 1822 5569 paradiso

237 5595 454 5665 contigit
481 5611 496 5649 :
524 5594 604 5650 sic
639 5602 695 5650 et
728 5592 921 5647 mulier
946 5607 1051 5646 non
1076 5592 1269 5660 accipit
1309 5591 1407 5646 viri
1451 5592 1817 5660 nobilitatem,

236 5687 325 5742 sed
360 5696 417 5743 et
444 5686 686 5742 mulieris
715 5685 1051 5743 honestatem
1083 5678 1316 5750 amittit;
1348 5700 1448 5742 nec
1478 5685 1601 5741 inde
1644 5687 1818 5742 solum

238 5779 351 5836 huic
381 5781 694 5851 ignominia.
716 5778 814 5836 sed
830 5778 992 5834 etiam
1008 5777 1077 5834 ab
1099 5777 1331 5834 habendi
1353 5778 1660 5849 cupiditate.
1685 5778 1817 5834 Cum

239 5887 356 5945 ergo
385 5873 770 5946 assuinpsissct
797 5869 852 5927 id
879 5870 1022 5943 quod
1038 5878 1192 5943 turpe
1211 5884 1333 5929 esse
1358 5871 1414 5929 in
1434 5869 1681 5930 confesso
1706 5880 1808 5943 est,

3393 392 3498 447 ﬁlii

1910 512 1967 559 et
1993 503 2265 562 dixisset:
2303 505 2367 561 Si
2395 515 2565 559 autem
2603 515 2749 576 turpe
2792 518 2865 563 est
2913 508 3114 563 mulieri
3166 510 3362 564 tonderi
3415 521 3502 563 aut

1907 596 2023 649 radi
2038 613 2059 662 ,-
2088 596 2229 666 quod
2256 611 2287 652 a
2317 599 2495 668 seipso
2519 609 2637 655 erat
2667 608 2793 656 tunc
2813 602 3012 671 posuit,
3039 600 3240 667 dicens,
3279 601 3499 657 γείσων.

1907 687 2092 759 Neque
2116 688 2270 753 dixit,
2295 687 2514 745 Comam
2542 690 2762 760 nutriat,
2786 691 2898 757 sed,
2931 690 3132 746 Veletur
3155 709 3174 758 ;
3204 692 3319 747 lucc
3339 693 3499 747 ambo

1908 799 2072 838 unum
2100 798 2221 838 esse
2275 785 2391 854 lege
2419 787 2774 849 constituens,
2825 795 2879 841 et
2920 787 3191 855 utrimque
3234 785 3319 841 illa
3368 802 3496 840 cou-

1909 875 2151 940 tirmans,
2180 874 2248 930 ab
2278 875 2346 931 iis
2383 892 2502 945 quas
2538 876 2830 931 constituta
2873 886 2999 932 sunt
3026 885 3082 932 et
3114 893 3144 931 a
3192 878 3493 933 contrariis.

1907 965 2042 1021 Nam
2066 966 2309 1022 velamen
2341 976 2396 1022 et
2418 983 2628 1023 comam
2657 984 2822 1023 unum
2854 983 2974 1024 esse
2995 968 3155 1035 dicit;
3190 968 3330 1025 idem
3360 987 3499 1041 quo-

1907 1076 2013 1131 que
2066 1077 2187 1117 esse
2232 1072 2287 1117 et
2331 1078 2531 1127 rasam,
2582 1073 2637 1117 et
2691 1080 2807 1117 eam
2840 1080 2960 1132 qua:
2986 1065 3130 1118 nudo
3155 1074 3237 1117 est
3278 1066 3496 1133 capite:

1914 1156 2082 1211 Unum
2112 1150 2187 1211 est
2211 1159 2365 1223 enim,
2393 1157 2581 1225 inquit,
2611 1167 2658 1211 et
2686 1158 2927 1225 idipsum,
2953 1158 3088 1227 quod
3107 1176 3245 1211 rasa.
3276 1157 3427 1227 Quod
3452 1158 3501 1213 si

1908 1251 2029 1321 quis
2069 1250 2285 1318 dixerit,
2316 1252 2382 1307 Et
2411 1251 2679 1322 quomodo
2705 1268 2865 1305 unum
2895 1262 2997 1314 est,
3049 1252 3094 1307 si
3154 1252 3241 1306 illa
3282 1252 3495 1322 quidem

1909 1355 2275 1414 tegumentum
2300 1355 2504 1400 natura:
2534 1345 2713 1409 habet,
2738 1346 2826 1399 illa
2856 1362 2984 1399 vero
3012 1362 3131 1415 quae
3152 1361 3268 1401 rasn
3290 1355 3373 1399 est
3395 1364 3497 1400 non

1910 1438 2077 1493 item?
2098 1438 2565 1506 respondebimus,
2586 1438 2730 1492 illam
2749 1438 2970 1492 arbitrio
2986 1452 3087 1491 Suo
3102 1438 3203 1491 hoc
3221 1439 3503 1508 reliquisse

1909 1538 1964 1585 et
1992 1528 2191 1584 nudum
2220 1529 2420 1585 habere
2441 1539 2632 1599 caput:
2655 1529 2797 1601 quod
2829 1530 2871 1583 si
2900 1545 3003 1583 non
3035 1531 3245 1601 capillis
3272 1532 3497 1597 nudmn,

1910 1627 2012 1681 hoc
2032 1641 2098 1681 ex
2119 1636 2328 1693 natura,
2358 1642 2463 1680 non
2511 1641 2576 1681 ex
2601 1625 2744 1680 illius
2770 1625 2991 1679 arbitrio
3017 1640 3157 1681 esse.
3192 1626 3373 1695 Itaque
3412 1626 3499 1681 illa

1908 1735 2031 1790 qum
2054 1734 2172 1774 rasa
2207 1729 2309 1782 est,
2350 1719 2552 1774 nudum
2580 1728 2739 1788 caput
2768 1719 2947 1780 habet.
2989 1728 3044 1774 et
3092 1719 3178 1773 illa
3230 1720 3497 1775 similiter.

1910 1808 2036 1866 Ideo
2065 1811 2206 1866 enim
2231 1820 2433 1865 natura:
2464 1811 2727 1881 permisit,
2766 1821 2823 1865 ut
2866 1811 3006 1866 illam
3049 1821 3272 1881 tegeret,
3300 1822 3356 1866 ιιι
3387 1812 3505 1867 lure

1909 1903 1977 1960 ab
2007 1905 2090 1958 illa
2116 1903 2218 1958 hoc
2244 1904 2479 1965 discens,
2509 1905 2828 1971 operiretur.
2855 1904 3057 1960 Deinde
3083 1919 3301 1960 causam
3323 1905 3502 1973 allert,

1910 2003 1969 2049 ut
1997 2009 2142 2065 saipe
2172 1994 2304 2056 dixi,
2351 2004 2620 2064 tamquam
2667 2010 2787 2048 cum
2847 1994 3035 2050 liberis
3075 1996 3315 2065 loquens.
3370 1995 3501 2061 Quae

1910 2088 2070 2158 igitur
2097 2103 2257 2142 causa
2284 2089 2406 2163 est“!
2431 2088 2483 2141 7.
2516 2086 2655 2141 Nam
2679 2087 2755 2141 uir
2786 2087 2988 2157 quidem
3018 2105 3120 2141 non
3155 2088 3297 2142 debet
3338 2088 3505 2142 velare

1909 2191 2082 2250 caput.
2114 2198 2227 2234 cum
2270 2182 2337 2234 sit
2366 2182 2536 2251 imago
2578 2192 2625 2234 et
2654 2182 2818 2251 gloria
2852 2180 2962 2235 Dei.
3008 2180 3216 2235 Rursus
3257 2182 3359 2236 alia
3386 2181 3503 2236 hinc

1910 2289 2091 2351 causa.
2150 2272 2336 2343 Neque
2391 2273 2534 2328 enim
2587 2273 2782 2338 solum,
2833 2273 2977 2343 quod
3024 2284 3183 2341 caput
3227 2272 3501 2330 Christum

1912 2367 2123 2428 habeat.
2160 2368 2267 2423 lion
2292 2368 2453 2423 debet
2477 2378 2635 2436 caput
2664 2378 2865 2438 tegere,
2914 2369 3006 2421 sed
3035 2370 3194 2423 etiam
3227 2371 3348 2441 quia
3379 2388 3501 2425 mn-

1912 2461 2028 2516 lieri
2062 2462 2306 2528 imperat.
2335 2460 2465 2514 Nam
2495 2461 2790 2529 principem
2821 2460 2884 2514 ad
2927 2476 3107 2529 regem
3134 2462 3499 2527 accedentem,

1913 2554 2243 2624 principatus
2286 2554 2493 2623 signum
2541 2551 2739 2606 habere
2777 2563 3010 2621 oportet.
3052 2552 3140 2608 Sic
3167 2568 3296 2624 ergo
3326 2556 3503 2612 nullus

1914 2648 2164 2716 princeps
2189 2646 2307 2701 sine
2335 2645 2512 2700 balteo
2541 2654 2596 2700 et
2620 2644 2827 2699 chlrena
2871 2646 3010 2699 ausit
3036 2661 3352 2713 comparere
3376 2665 3503 2703 ame

1914 2738 2064 2793 illum
2088 2738 2177 2807 qui
2207 2736 2453 2791 diadema
2483 2744 2657 2805 gestat
2684 2752 2698 2787 :
2724 2737 2801 2790 sic
2834 2752 3007 2807 neque
3041 2746 3096 2791 tu
3119 2738 3322 2807 absque
3347 2739 3500 2808 signo

1914 2830 2262 2900 principatus,
2294 2828 2435 2899 quod
2459 2836 2541 2881 est
2567 2828 2779 2882 detecto
2800 2844 2920 2883 esse
2940 2830 3132 2897 capite,
3160 2828 3324 2883 Deum
3353 2845 3497 2889 ores.

1914 2933 1974 2976 ut
1997 2938 2064 2979 ne
2089 2906 2413 2978 contumelia
2439 2920 2644 2975 afﬁcias
2664 2928 2719 2974 et
2750 2931 2800 2976 te
2830 2929 2887 2977 et
2915 2937 3036 2975 etim
3075 2921 3163 2990 qui
3204 2930 3255 2981 te
3295 2921 3503 2977 honore

1913 3013 2100 3071 allicit.
2133 3014 2370 3084 ldipsum
2411 3022 2466 3068 et
2491 3013 2561 3068 de
2588 3011 2815 3068 muliere
2847 3013 2965 3082 quis
3000 3012 3196 3067 dixerit
3226 3032 3237 3066 :
3271 3030 3391 3068 nam
3425 3015 3501 3069 illi

1914 3125 2127 3182 quoque
2156 3118 2240 3165 est
2269 3109 2581 3180 ignominia,
2629 3107 2672 3161 si
2705 3121 2809 3162 non
2852 3106 3198 3177 subjectionis
3228 3108 3375 3176 signa
3410 3107 3504 3161 ha-

1914 3203 2058 3259 beat.
2108 3200 2299 3256 Mulier
2345 3211 2513 3255 autem
2544 3199 2710 3270 gloria
2743 3200 2839 3254 viri
2858 3208 2951 3254 est.
2986 3198 3081 3254 Est
3110 3214 3241 3267 ergo
3265 3201 3506 3253 naturale

1916 3298 2015 3352 viri
2040 3296 2343 3366 imperium.
2369 3294 2575 3350 Deinde
2607 3302 2887 3363 postquam
2907 3292 3230 3347 sententiam
3260 3293 3500 3362 protulit,

1916 3399 1971 3443 et
1995 3390 2233 3445 rationes
2261 3399 2315 3441 et
2342 3400 2533 3443 causas
2561 3400 2774 3439 rursum
2803 3383 2937 3437 alias
2970 3384 3140 3452 ponit,
3171 3384 3235 3437 ad
3280 3386 3505 3450 primam

1920 3493 1970 3536 te
1995 3480 2199 3537 ducens
2227 3479 2580 3542 creationem,
2603 3477 2685 3530 his
2707 3475 2886 3531 verbis
2916 3493 2927 3529 :
2957 3476 3011 3531 8.
3048 3473 3167 3528 Non
3193 3475 3323 3528 enim
3344 3475 3419 3528 vir
3446 3492 3509 3528 ea:

1918 3574 2130 3627 muliere
2166 3582 2262 3634 est,
2313 3570 2402 3625 sed
2431 3568 2612 3623 mulier
2640 3584 2704 3621 ex
2745 3568 2873 3621 viro.
2906 3565 2961 3619 Si
3003 3573 3182 3619 autem
3234 3581 3297 3620 ex
3328 3566 3508 3635 aliquo

1918 3682 2058 3731 esse,
2081 3665 2253 3738 gloria
2285 3672 2369 3719 est
2388 3664 2504 3732 ejus
2534 3678 2600 3717 ex
2618 3676 2725 3732 quo
2751 3660 2967 3731 prodiit,
2997 3659 3166 3714 multo
3193 3661 3359 3729 magis
3387 3674 3508 3715 esse

1919 3759 2169 3815 similem.
2201 3756 2256 3813 9.
2285 3756 2485 3810 Etenim
2512 3769 2616 3809 non
2643 3764 2843 3810 creatus
2872 3762 2945 3807 est
2966 3752 3044 3806 vir
3089 3761 3296 3823 propter
3322 3752 3509 3805 mulie-

1918 3867 2046 3916 rem,
2077 3850 2168 3905 sed
2192 3849 2379 3903 mulier
2405 3857 2611 3918 propter
2637 3848 2822 3900 virum.
2858 3845 2984 3900 llaec
3010 3853 3094 3899 est
3120 3843 3353 3901 secunda
3385 3860 3507 3898 rur-

1919 3957 2012 3997 sus
2042 3941 2184 3997 illius
2209 3955 2321 4010 prae
2351 3939 2441 3994 illa
2467 3938 2809 4001 excellentia,
2832 3939 2939 3992 imo
2965 3948 3021 3991 et
3040 3939 3195 3993 tertia
3218 3945 3273 3991 et
3298 3947 3505 4006 quarta.

1922 4034 2122 4101 Prima,
2155 4033 2280 4102 quia
2309 4040 2470 4102 caput
2497 4040 2740 4085 nostrum
2770 4040 2851 4084 est
2891 4029 3155 4096 Christus,
3188 4039 3243 4085 et
3262 4044 3361 4084 nos
3387 4046 3507 4084 mu-

1920 4129 2102 4189 lieris;
2130 4125 2388 4193 secunda,
2418 4125 2540 4194 quia
2572 4140 2671 4180 nos
2687 4124 2851 4195 gloria
2890 4124 2980 4178 Dei
3007 4138 3211 4189 sumus,
3240 4135 3296 4178 et
3319 4123 3512 4179 mulier

1922 4220 2090 4291 gloria
2121 4228 2334 4283 nostra;
2365 4217 2544 4282 tertia,
2567 4214 2690 4284 quia
2714 4232 2818 4271 non
2846 4230 3024 4269 nosex
3049 4215 3274 4270 muliere
3303 4229 3507 4279 sumus,

1922 4313 2015 4369 sed
2066 4312 2155 4367 illa
2209 4327 2276 4367 ex
2315 4310 2503 4375 nobis;
2551 4319 2769 4381 quarta,
2830 4310 2954 4380 quia
2995 4298 3101 4363 non
3142 4324 3241 4363 nos
3296 4318 3512 4379 propter

1923 4403 2068 4459 illam
2093 4443 2110 4470 ,
2140 4401 2235 4457 sed
2276 4401 2366 4457 illa
2419 4408 2637 4472 propter
2664 4414 2783 4455 nos.
2832 4400 2919 4455 10.
2969 4398 3094 4454 Ideo
3146 4399 3290 4454 debet
3332 4400 3514 4453 mulier

1925 4494 2106 4548 habere
2125 4502 2419 4565 potestatem
2434 4509 2587 4563 super
2599 4500 2753 4561 caput
2769 4508 2934 4547 suum.
2958 4490 3105 4557 Ideo,
3124 4506 3224 4562 qua
3239 4491 3304 4546 de
3321 4490 3509 4547 causa?

1923 4585 2010 4640 dic
2040 4583 2200 4639 mihi.
2230 4583 2456 4654 Propter
2473 4583 2589 4639 huic
2606 4583 2785 4637 omnia
2802 4583 3074 4654 quzedicta
3094 4592 3219 4638 sunt
3239 4599 3254 4640 :
3277 4583 3385 4638 imo
3403 4599 3511 4640 nou

1924 4683 2132 4730 tantum
2162 4683 2381 4746 propter
2404 4674 2520 4730 haec
2553 4673 2756 4741 omnia,
2792 4674 2887 4730 sed
2914 4674 3075 4729 etiam
3100 4673 3324 4745 Propter
3352 4692 3512 4748 auge.

1925 4769 2021 4822 los.
2050 4764 2184 4820 Nam
2205 4766 2249 4820 si
2277 4766 2448 4820 virum
2474 4765 2732 4833 despicis,
2762 4765 2963 4836 inquit,
2996 4765 3218 4838 angelos
3239 4782 3512 4824 reverere.

1998 4859 2051 4914 5.
2081 4857 2256 4927 Caput
2280 4872 2411 4929 ergo
2440 4857 2654 4927 operire
2679 4866 2757 4912 est
2793 4856 3142 4928 subjectionis
3178 4867 3235 4913 et
3277 4867 3515 4929 potesta-

1926 4948 2028 5010 tis;
2078 4947 2250 5004 ‘el'licit
2299 4947 2443 5003 enim
2473 4956 2532 5002 ut
2577 4947 2830 5003 deorsum
2872 4948 3196 5017 aSpiciamus
3222 4957 3281 5005 et
3310 4940 3518 5019 pudore

1925 5043 2244 5110 alliciamur,
2293 5043 2675 5114 pr0priamque
2704 5056 2982 5097 servemus
3022 5042 3300 5099 virtutem.
3331 5042 3516 5097 Virtus

1925 5137 2065 5191 enim
2093 5145 2149 5191 et
2174 5135 2347 5190 honor
2375 5134 2492 5203 ejus
2534 5134 2620 5190 cui
2666 5134 2960 5202 imperatur
2988 5143 3089 5198 est,
3121 5145 3181 5189 ut
3209 5144 3424 5190 maneat
3461 5136 3516 5190 in

1925 5226 2251 5281 obedientia.
2270 5226 2363 5281 Vir
2381 5227 2577 5296 quippe
2604 5240 2706 5278 non
2730 5225 2940 5295 cogitur
2963 5225 3066 5279 hoc
3104 5224 3319 5289 facere;
3348 5226 3517 5294 ipsius

1926 5317 2069 5371 enim
2106 5316 2314 5371 Domini
2356 5318 2532 5385 imago
2576 5323 2692 5380 est;
2725 5316 2921 5371 mulier
2943 5324 3122 5370 autem
3151 5315 3271 5388 jure
3298 5318 3513 5373 merito.

1924 5410 2109 5479 Cogita
2142 5411 2303 5482 igitur
2330 5409 2626 5480 iniquitatis
2657 5425 2962 5476 excessum,
3004 5426 3125 5465 cum
3153 5427 3347 5479 nempe
3369 5420 3513 5465 tanta

1927 5505 2221 5559 honoratus
2250 5513 2536 5577 powstate,
2579 5503 2809 5574 teipsum
2839 5501 3112 5574 deturpas,
3147 5503 3387 5559 mulieris
3422 5504 3519 5557 ha-

1928 5597 2094 5652 bitum
2126 5597 2361 5667 rapiens.
2395 5594 2627 5668 ldipsum
2659 5597 2788 5651 facis
2814 5612 2876 5652 ac
2900 5598 2942 5652 si
2973 5608 3250 5667 acceptum
3265 5596 3513 5652 diadema

1926 5706 1955 5743 a
1986 5690 2162 5760 capite
2181 5689 2461 5759 abjieeres,
2489 5702 2544 5745 et
2567 5704 2667 5759 pro
2684 5688 2986 5746 diademate
3006 5689 3200 5745 servile
3226 5688 3517 5743 vestimen—

1928 5793 2039 5837 tum
2070 5796 2397 5839 assumeres.
2427 5782 2517 5837 Η.
2573 5780 2926 5838 Verumtamen
2956 5798 3112 5849 neque
3139 5783 3215 5835 vir
3243 5783 3352 5837 sine
3400 5797 3514 5833 mu-

1931 5875 2050 5931 liere
2073 5914 2089 5945 ,
2147 5891 2304 5948 neque
2342 5873 2525 5932 mulier
2567 5874 2679 5934 sine
2712 5875 2821 5933 uiro
2870 5875 2925 5932 in
2972 5871 3214 5930 Domino.
3252 5871 3514 5942 Quoniam
