3962 6460
480 389 585 443 9J9

481 505 663 549 autem
717 494 937 550 multam
976 491 1124 549 dedit
1148 490 1265 546 viro
1308 490 1706 554 excellentiam,
1761 503 1883 541 cum
1941 487 2074 541 dixit

484 587 772 641 mulierem
804 600 924 661 esse
951 599 1016 639 ex
1048 584 1159 647 illo,
1187 591 1407 652 prepter
1434 582 1584 636 illum
1614 590 1668 636 et
1707 580 1808 636 sub
1840 580 1961 642 illo;
2016 596 2080 631 In:

484 678 631 733 viros
659 677 778 746 plus
804 691 963 746 quam
994 690 1087 743 par
1112 682 1232 729 erat
1277 673 1586 736 extolleret,
1616 688 1751 727 neve
1777 671 1897 726 illas
1923 671 2081 725 nimis

483 770 763 841 dejiceret,
797 769 917 823 vide
947 766 1215 838 quomodo
1248 768 1642 821 correctionem
1683 764 1964 829 adhibeat,
1995 763 2079 817 die

485 876 617 917 cens
645 878 659 915 :
693 861 1045 914 Verumtamen
1065 874 1224 928 neque
1247 858 1324 911 vir
1343 860 1453 913 sine
1471 858 1704 919 muliere.
1725 872 1883 926 neque
1902 855 2083 909 mulier

486 954 594 1006 sine
620 951 726 1005 viro
750 951 803 1003 in
830 947 1071 1002 Domino.
1098 947 1176 1003 Ne
1205 948 1358 1013 mihi,
1391 948 1583 1017 inquit,
1612 948 1785 1017 prima
1813 945 1925 1000 sola
1952 960 2080 1000 exa-

487 1046 681 1109 mines,
709 1058 884 1112 neque
907 1042 1239 1097 creationem
1263 1041 1427 1095 illam.
1453 1040 1585 1094 Nam
1611 1040 1653 1094 si
1672 1055 1733 1093 ea
1755 1055 1873 1108 qua:
1899 1047 2081 1106 postea

489 1135 625 1190 facta
665 1142 792 1189 sunt
814 1132 1099 1201 exquiras,
1153 1140 1381 1200 uterque
1424 1131 1701 1199 utriusque
1748 1136 1830 1183 est
1858 1138 2078 1191 auctor;

486 1227 598 1279 imo
626 1238 801 1294 neque
841 1231 1068 1291 uterque
1096 1222 1410 1291 utriusque,
1463 1221 1558 1275 sed
1603 1220 1744 1275 Deus
1796 1219 2032 1272 omnium
2064 1234 2078 1270 :

489 1330 658 1384 quare
696 1316 771 1368 ait
804 1329 817 1371 :
853 1311 1032 1383 Neque
1060 1312 1136 1365 vir
1164 1313 1272 1367 sine
1308 1312 1536 1375 muliere,
1557 1327 1718 1380 neque
1765 1310 1947 1362 mulier
1976 1310 2085 1362 sine

488 1409 595 1462 uiro
638 1408 690 1461 in
748 1386 982 1459 (lamina.
1032 1404 1122 1459 12.
1183 1403 1320 1457 Nam
1373 1405 1501 1457 sicut
1540 1404 1720 1457 mulier
1749 1418 1812 1455 ea:
1838 1403 1963 1463 viro,
2010 1403 2083 1453 ita

491 1502 568 1556 vir
598 1517 688 1572 per
714 1500 992 1553 mulierem.
1025 1498 1139 1553 Non
1170 1498 1323 1561 dixit,
1348 1498 1423 1552 Ex
1456 1498 1702 1561 muliere,
1733 1496 1829 1553 sed
1856 1506 2042 1550 contra
2064 1538 2079 1562 ,

500 1595 585 1650 Ea:
628 1596 758 1649 viro.
814 1593 928 1648 Hoc
971 1593 1113 1648 enim
1165 1593 1335 1662 ipsum
1388 1593 1653 1662 integrum
1708 1600 1890 1645 ntaitet
1943 1590 2082 1661 apud

492 1690 686 1742 virum.
716 1687 911 1742 Verum
959 1685 1073 1740 lucc
1125 1694 1270 1739 recte
1316 1693 1465 1755 gesta
1518 1700 1624 1738 non
1667 1684 1786 1750 viri,
1848 1682 1942 1737 sed
1990 1681 2083 1736 Dei

492 1788 618 1834 sunt
650 1796 663 1832 :
689 1792 855 1849 quare
885 1777 1044 1831 etiam
1072 1774 1347 1846 subjunxit
1372 1791 1386 1828 :
1419 1774 1526 1829 Sed
1553 1774 1724 1829 omnia
1762 1790 1825 1826 ea:
1845 1772 1973 1828 Deo.
2026 1773 2084 1827 Si

492 1887 621 1943 ergo
644 1872 734 1926 Dei
763 1878 889 1924 sunt
913 1869 1112 1935 omnia,
1144 1869 1258 1940 ipse
1277 1876 1455 1922 autem
1479 1867 1757 1937 illajubet,
1788 1868 2086 1937 obsequere

492 1974 548 2020 et
574 1978 644 2018 ne
667 1961 1025 2017 contradicas.
1059 1961 1146 2014 l3.
1196 1958 1263 2013 In
1307 1959 1446 2014 vobis
1486 1960 1612 2029 ipsis
1649 1959 1881 2031 judicate
1909 1958 2087 2012 :decet

495 2056 756 2110 mulierem
782 2070 883 2108 non
905 2053 1120 2107 relatum
1150 2068 1297 2106 orare
1328 2049 1537 2105 Deum?
1563 2051 1768 2106 Rursus
1812 2051 1929 2105 illos
1959 2065 2087 2105 con-

494 2146 667 2202 stituit
694 2145 956 2201 dictorum
984 2144 1212 2213 judices.
1251 2143 1396 2213 quod
1455 2144 1615 2198 etiam
1665 2143 1718 2197 in
1777 2141 2088 2213 idolothytis

496 2238 624 2293 fecit
652 2254 665 2291 :
696 2250 818 2291 nam
848 2244 902 2290 et
923 2235 1028 2288 illic
1054 2234 1203 2299 dicit,
1231 2234 1470 2287 Judicale
1513 2250 1599 2287 vos
1640 2234 1775 2309 quod
1826 2233 1979 2299 dico;
2034 2242 2090 2289 et

502 2329 610 2394 hic,
640 2325 705 2381 In
735 2327 870 2381 vobis
890 2327 1014 2396 ipsis
1027 2326 1278 2396 judicate.
1322 2326 1387 2380 Et
1433 2325 1727 2381 terribilius
1754 2325 1956 2396 aliquid
2001 2325 2088 2381 hic

497 2419 799 2475 subindicat
830 2436 843 2472 :
873 2417 1256 2472 contumeliam
1307 2412 1477 2471 enim.
1504 2416 1594 2471 hic
1623 2416 1753 2471 dicit
1799 2417 1866 2471 ad
1923 2417 2087 2472 Deum

500 2513 751 2568 transire.
782 2511 978 2566 Verum
1002 2526 1109 2566 non
1134 2511 1207 2565 ita
1238 2510 1490 2581 loquitur,
1519 2509 1616 2564 sed
1642 2510 1822 2564 mitius
1852 2509 2091 2579 aliquanâ€”

500 2618 612 2660 tnm
638 2614 693 2660 et
721 2605 889 2675 magis
917 2604 1283 2674 tnnigmatice,
1321 2603 1507 2657 dicens
1536 2619 1551 2657 :
1580 2601 1798 2657 Decetne
1831 2604 2091 2656 mulierem

498 2714 601 2753 non
618 2698 833 2752 relatam
865 2695 1241 2749 Deumorare?
1269 2695 1356 2749 M.
1396 2695 1582 2748 Annon
1627 2699 1741 2760 ipsa
1781 2705 1965 2748 natura
2006 2710 2092 2748 vos

501 2792 666 2857 docet,
695 2789 831 2861 quod
855 2789 931 2842 vir
963 2789 1166 2855 quidem
1194 2788 1238 2841 si
1266 2803 1463 2840 comam
1492 2788 1704 2855 nutriat,
1722 2788 2011 2858 ignominia
2029 2789 2093 2841 sit

499 2885 615 2940 illi?
642 2885 731 2940 l5.
759 2883 942 2937 mulier
968 2898 1083 2936 vero
1112 2881 1158 2936 si
1202 2897 1400 2933 comam
1426 2880 1640 2945 nutriat,
1668 2880 1832 2950 gloria
1874 2891 1949 2935 est
1974 2880 2094 2935 illi?

500 2978 740 3048 quoniam
768 2975 943 3045 capilli
965 2991 1056 3043 pro
1074 2974 1323 3028 uelamine
1347 2974 1392 3027 ei
1413 2975 1520 3028 dati
1545 2984 1683 3028 sunt.
1708 2973 1860 3041 Quod
1881 2989 2095 3045 semper

503 3067 968 3136 facit,conununia
999 3081 1204 3136 ponens
1228 3065 1531 3130 ratiocinia,
1558 3065 1660 3121 hoc
1690 3076 1745 3121 et
1776 3065 1859 3120 hic
1881 3080 2096 3137 quoque

504 3160 655 3227 facit,
706 3158 774 3214 ad
823 3158 1092 3228 vulgarem
1144 3156 1588 3212 consuetudinem
1640 3158 1990 3227 conlugiens,
2041 3165 2097 3213 et

504 3252 792 3308 admodum
829 3249 1032 3320 pudore
1068 3247 1380 3302 sullundens
1405 3264 1519 3311 eos.
1552 3250 1641 3319 qui
1688 3259 2003 3320 exspectant
2028 3249 2096 3305 ab

505 3345 603 3401 illo
629 3343 890 3409 ediscere,
915 3357 1036 3412 quae
1064 3355 1132 3396 ex
1158 3342 1430 3395 communi
1457 3341 1847 3396 consuetudine
1875 3350 2100 3412 possunt

506 3436 675 3495 edisci
703 3453 718 3490 :
748 3436 863 3490 haec
904 3434 1102 3505 quippe
1146 3443 1201 3487 et
1249 3432 1442 3488 similia
1501 3449 1570 3489 nc
1598 3434 1842 3489 barbaris
1882 3435 2097 3507 quidem

508 3531 688 3601 ignota
730 3538 876 3583 sunt.
904 3526 974 3581 Et
1001 3525 1124 3582 vide
1163 3524 1433 3596 quomodo
1463 3526 1658 3598 ubique
1678 3527 1893 3583 acribus
1923 3536 2101 3584 utatur

506 3622 708 3679 verbis.
746 3619 922 3675 Omnis
964 3620 1040 3672 vir
1069 3635 1240 3684 orans,
1264 3619 1351 3687 qui
1379 3628 1532 3689 caput
1575 3636 1722 3673 suum
1760 3621 1900 3692 tegit,
1950 3631 2103 3691 caput

510 3732 661 3771 suum
689 3714 963 3784 deturpat;
990 3726 1054 3766 ac
1083 3725 1315 3774 rursum,
1340 3710 1401 3765 Si
1429 3720 1598 3765 autent
1628 3721 1774 3781 turpe
1800 3721 1875 3767 est
1902 3714 2103 3768 mulieri

512 3807 712 3863 tonderi
741 3815 829 3859 aut
857 3805 992 3870 radi,
1022 3805 1247 3867 veletur;
1272 3812 1329 3858 et
1351 3804 1436 3858 hic
1465 3819 1674 3869 rursus,
1713 3803 1803 3858 Vir
1828 3805 2029 3877 quidem
2059 3807 2105 3861 si

510 3915 709 3955 comam
759 3899 981 3966 nutriat,
1037 3897 1317 3967 ignominia
1369 3906 1443 3951 est
1493 3898 1624 3953 illi:
1672 3896 1855 3953 mulier
1910 3899 1956 3954 si
2012 3916 2104 3954 co-

511 4008 650 4046 mam
699 3994 932 4055 nutriat,
978 3991 1145 4062 gloria
1206 3999 1277 4044 est
1328 3989 1448 4056 illi,
1493 3991 1736 4062 quoniam
1782 3993 1969 4063 capilli'
2012 4009 2105 4061 pro

511 4082 763 4139 uelamine
800 4083 846 4137 ei
892 4082 1000 4135 dati
1036 4090 1173 4135 sunt.
1220 4082 1287 4136 Et
1310 4082 1355 4136 si
1403 4097 1501 4151 pro
1530 4083 1795 4138 velamine
1820 4083 1928 4149 dati
1958 4093 2102 4146 sunt,

513 4160 710 4245 inquit,
733 4188 830 4229 cur
854 4183 1103 4242 oporteat
1130 4172 1374 4228 velamen
1404 4173 1549 4229 aliud
1589 4166 1864 4245 adjicere?
1893 4174 1965 4235 Ut
1997 4191 2104 4229 non

514 4265 690 4320 solum
717 4280 747 4319 a
776 4272 984 4329 natura,
1025 4263 1119 4320 sed
1146 4264 1306 4319 etiam
1334 4264 1402 4319 ab
1446 4263 1668 4321 arbitrio
1719 4265 2107 4335 subiectionem

515 4359 853 4415 conï¬teatur.
879 4357 1029 4425 Quod
1061 4356 1204 4411 enim
1232 4366 1282 4412 te
1307 4366 1553 4427 oporteat
1570 4356 1758 4425 velari,
1783 4358 1897 4429 ipsa
1918 4369 2107 4414 natura

517 4450 666 4518 prius
693 4450 988 4506 constituit.
1021 4448 1174 4503 Adde
1203 4448 1360 4519 igitur
1380 4463 1600 4518 operam
1629 4458 1798 4516 tuam,
1831 4466 1898 4505 ne
1925 4449 2109 4506 videa-

515 4543 594 4599 ris
618 4551 824 4597 natura:
852 4542 997 4611 leges
1036 4551 1281 4595 evertere
1312 4556 1325 4593 :
1353 4539 1497 4610 quod
1520 4540 1733 4610 quidem
1759 4542 1938 4596 multa:
1964 4551 2110 4596 esset

517 4632 886 4702 impudentiae,
933 4646 1040 4686 non
1074 4630 1352 4701 nobiscum
1385 4639 1611 4695 tantum,
1646 4630 1741 4687 sed
1793 4632 1954 4687 etiam
1985 4648 2108 4688 cum

524 4733 717 4779 natura
736 4738 990 4794 pugnare.
1007 4723 1186 4789 Quare
1199 4722 1414 4778 Judazos
1424 4724 1563 4777 Deus
1604 4724 1855 4780 incusans
1874 4726 2030 4781 diceb
2049 4737 2105 4781 tt:

524 4814 768 4869 Occidisti
795 4811 932 4882 ï¬lios
971 4822 1082 4867 tuos
1107 4821 1154 4865 et
1179 4814 1315 4882 ï¬lias
1343 4822 1456 4867 tuas
1486 4813 1699 4884 (Ezeclt.
1724 4816 1812 4871 16.
1842 4816 1935 4885 2|)
1968 4838 1980 4873 :
2010 4819 2112 4873 hoc

525 4921 639 4981 prta
666 4906 919 4961 omnibus
946 4915 1026 4962 est
1063 4904 1550 4962 abominationibus
1580 4907 1703 4962 tuis.
1754 4907 1823 4963 Et
1873 4925 1967 4965 eos
2018 4912 2110 4981 qui

519 4997 662 5072 apud
685 4998 959 5054 Romanos
980 4997 1237 5070 impudici
1283 5009 1438 5055 erant
1467 4999 1751 5070 increpans
1781 5001 1998 5069 Paulus,
2032 5005 2111 5059 sic

518 5099 680 5162 auget
703 5090 1129 5147 criminationem
1159 5091 1343 5147 dicens
1372 5108 1385 5143 :
1414 5091 1555 5163 quod
1584 5107 1689 5147 non
1713 5093 1884 5147 solum
1917 5105 2113 5164 praeter

526 5182 622 5238 Dei
650 5180 847 5253 legem,
869 5181 962 5237 sed
992 5191 1186 5253 printer
1210 5191 1456 5238 naturam
1486 5174 1615 5238 usus
1654 5182 1746 5239 ille
1775 5192 1914 5238 esset
1948 5200 1963 5236 :
1990 5183 2044 5238 Îœ
2052 5202 2112 5238 u-

520 5282 700 5330 tarunt
727 5275 861 5329 enim
890 5291 1040 5329 usum
1079 5276 1367 5330 naturalem
1403 5274 1457 5329 in
1506 5275 1671 5342 illum,
1703 5277 1791 5346 qui
1831 5286 1905 5331 est
1932 5288 2115 5347 praeter

522 5379 762 5425 naturam
788 5368 978 5440 (Rom.
1011 5371 1062 5424 1.
1091 5369 1222 5441 26).
1252 5370 1544 5440 Propterea
1564 5369 1618 5424 in
1648 5370 1751 5425 hoc
1778 5385 1838 5426 se
1863 5386 2112 5427 sermone

524 5470 762 5529 exercet,
792 5461 896 5517 hoc
922 5462 1095 5533 ipsum
1125 5462 1433 5528 ostendens,
1466 5471 1522 5518 et
1546 5464 1687 5533 quod
1712 5463 1845 5517 nihil
1880 5464 2111 5520 alienum

521 5555 831 5623 constituat,
854 5553 1104 5625 quodque
1122 5554 1263 5625 apud
1279 5553 1498 5611 Gnaeos
1518 5556 1698 5610 omnia
1719 5555 1836 5623 ejus
1863 5556 2114 5611 novitatis

527 5647 656 5712 sint,
700 5663 821 5718 quae
863 5655 948 5702 est
987 5656 1185 5715 prarter
1224 5655 1490 5701 naturam.
1532 5645 1624 5702 Sic
1653 5655 1709 5701 et
1741 5647 1987 5702 Christus
2013 5649 2115 5704 hoc

530 5740 703 5808 ipsum
752 5739 1129 5809 comprobans,
1176 5738 1389 5795 dicebat
1429 5757 1443 5792 :
1479 5739 1818 5810 Quacumque
1865 5740 2016 5795 vultis
2060 5750 2115 5795 ut

535 5833 722 5888 faciant
743 5835 881 5890 vobis
897 5833 1143 5904 homines,
1161 5844 1208 5889 et
1233 5849 1318 5888 vos
1338 5833 1495 5909 facile
1509 5833 1633 5905 ipsis
1651 5832 1865 5906 (Matth.
1892 5835 1946 5892 7.
1979 5834 2071 5906 12)
2093 5850 2109 5903 Í¾

1184 376 1243 433 S.
1283 374 1565 433 JOANNIS
1583 372 2060 431 CllRYSOSTOMl
2110 372 2425 430 ARCHIEP.
2457 374 2990 432 CONSTANTINOP.
3654 380 3745 439 ego

2184 488 2493 559 signiï¬cans
2511 505 2572 544 se
2591 488 2725 544 nibil
2756 504 2954 545 novum
2981 489 3254 547 inducere.
3281 490 3371 548 16.
3396 491 3456 547 Si
3475 494 3582 564 quis
3600 507 3747 552 autem

2183 582 2377 634 ridetur
2405 583 2745 637 contentiosus
2776 598 2905 648 esse,
2933 599 3026 637 nos
3056 582 3205 637 talem
3236 586 3637 641 consuetudinem
3661 605 3748 643 non

2184 673 2444 737 habemus,
2478 690 2635 742 neque
2674 673 2918 728 Ecclesuz
2964 673 3084 728 Dei.
3135 675 3235 733 Est
3260 691 3390 745 ergo
3418 680 3750 734 contentionis

2185 774 2238 818 et
2266 779 2371 818 non
2404 767 2626 820 rationis
2673 765 2756 819 his
2785 766 3062 821 resistere.
3107 766 3379 821 Cat-terum
3435 769 3512 823 sic
3564 786 3752 840 quoque

2186 857 2513 912 moderatam
2549 860 2675 914 fecit
2695 861 3134 928 increpationetn,
3165 872 3224 914 ut
3249 862 3339 931 qui
3370 862 3641 931 plurimum
3673 881 3754 933 pu-

2185 946 2332 1003 doris
2375 949 2696 1004 immiserit:
2725 950 2867 1020 quod
2897 952 3058 1006 etiam
3095 953 3400 1021 graviorem
3432 951 3753 1011 fecitcratio-

2188 1055 2328 1094 nem.
2359 1034 2466 1094 Nos
2486 1042 2651 1108 enim,
2683 1042 2872 1112 inquit,
2903 1042 3060 1096 talem
3084 1044 3524 1099 consuetudinem
3547 1060 3645 1099 non
3675 1046 3754 1100 ha-

2187 1129 2395 1197 bemus,
2415 1138 2471 1185 ut
2487 1131 2874 1186 contendamus
2891 1143 2944 1187 ct
2965 1133 3233 1202 litigcmus
3256 1144 3313 1189 et
3327 1135 3752 1193 contmdicautus.

2187 1220 2369 1291 Neque
2404 1232 2581 1277 tamen
2617 1223 2875 1278 hactenus
2901 1225 3166 1289 substitit,
3197 1225 3293 1278 sed
3339 1226 3627 1294 subiunxit,
3657 1225 3752 1280 Nc-

2186 1329 2281 1382 que
2314 1313 2554 1368 Ecclesia:
2587 1313 2703 1381 Dei,
2728 1315 3019 1369 ostendens
3057 1316 3178 1370 illos
3223 1316 3319 1369 toti
3352 1326 3608 1371 terrarum
3654 1318 3752 1373 orbi

2187 1407 2448 1463 obsistere
2468 1418 2523 1463 et
2548 1408 2841 1476 adversari,
2866 1424 2972 1463 non
2989 1409 3266 1465 cedentes.
3294 1410 3402 1464 Sed
3425 1411 3625 1464 etiamsi
3649 1419 3755 1465 tunc

2187 1499 2885 1566 contenderentCorinthii,
2940 1516 3083 1555 nunc
3128 1513 3275 1555 totus
3333 1514 3593 1556 terrarum
3631 1502 3756 1555 orbis

2191 1590 2327 1642 hanc
2356 1589 2525 1660 legent
2553 1598 2610 1646 et
2637 1593 2844 1660 accepit
2870 1602 2925 1647 et
2951 1594 3237 1648 observat:
3260 1602 3403 1647 tanta
3430 1593 3753 1648 estCrucilixi

2188 1690 2447 1751 potestas.

2263 1774 2313 1826 6.
2342 1772 2446 1827 Sed
2466 1788 2655 1828 vereor
2675 1790 2761 1838 ne,
2783 1773 2884 1829 hoc
2899 1783 3121 1844 accepto
3144 1776 3352 1843 habitu,
3367 1777 3752 1846 operibusque.

2190 1867 2310 1919 tlam
2339 1882 2405 1919 ex
2428 1867 2742 1922 mulieribus
2769 1868 3108 1938 impudenter
3153 1883 3214 1924 se
3253 1883 3450 1938 gerere
3475 1867 3754 1938 deprehen-

2191 1958 2404 2023 dantur,
2457 1960 2642 2015 etalio
2672 1959 2833 2015 modo
2857 1959 3107 2015 delectae.
3154 1960 3282 2015 Ideo
3310 1962 3457 2016 enim
3499 1959 3757 2015 Timotheo

2192 2065 2403 2120 quoque
2429 2051 2670 2106 scribens
2699 2052 2913 2117 Paulus,
2933 2066 3037 2105 non
3061 2052 3193 2105 satis
3222 2053 3408 2105 habuit
3428 2053 3539 2106 haec
3558 2050 3749 2113 dixisse,

2192 2143 2285 2196 scd
2317 2143 2419 2197 alia
2447 2143 2643 2213 adjecit
2666 2143 2852 2199 dicens
2882 2161 2896 2198 :
2923 2142 2991 2198 In
3018 2144 3195 2198 habitu
3241 2156 3424 2199 ornato
3453 2161 3564 2197 cum
3592 2144 3755 2213 pudore

2193 2246 2239 2289 et
2263 2236 2506 2289 modestia
2531 2246 2766 2291 amantes
2793 2253 2866 2301 se,
2897 2253 2997 2290 non
3024 2237 3079 2290 in
3105 2238 3253 2291 tortis
3300 2236 3525 2290 crinibus
3549 2245 3630 2288 aut
3652 2250 3752 2288 auro

2197 2326 2272 2398 (á½·.
2301 2325 2431 2380 Tim.
2454 2325 2510 2381 2.
2539 2327 2618 2391 9).
2648 2327 2782 2381 Nam
2807 2328 2850 2383 si
2874 2344 2982 2381 non
3008 2338 3226 2397 oportet
3257 2327 3458 2382 nudum
3482 2336 3634 2396 caput
3670 2327 3744 2380 Ita-

2197 2419 2347 2485 bcre,
2382 2418 2477 2474 sed
2524 2419 2874 2489 subjectionis
2922 2420 3132 2487 signum
3165 2419 3367 2490 ubique
3410 2419 3744 2477 circumferre;

2194 2511 2366 2565 multo
2405 2511 2575 2581 magis
2624 2528 2718 2581 per
2761 2528 2921 2580 opera
2961 2512 3064 2567 hoc
3090 2511 3389 2567 ostendere
3421 2522 3643 2581 oportet.
3682 2507 3749 2564 Sc

2195 2592 2342 2660 errte
2392 2605 2580 2676 prisca:
2624 2605 2876 2660 mulieres
2925 2614 2981 2661 et
3009 2605 3260 2660 dominos
3306 2605 3452 2659 viros
3505 2601 3746 2663 vocabant,

2195 2706 2250 2751 et
2288 2697 2486 2767 primas
2537 2696 2669 2768 ipsis
2710 2696 3097 2752 concedebant.
3139 2695 3277 2750 Nam
3310 2704 3367 2750 et
3398 2696 3494 2761 illi,
3544 2693 3747 2761 inquies,

2199 2802 2394 2843 uxores
2421 2802 2547 2843 suas
2569 2788 2839 2843 amabant.
2862 2788 2975 2843 lloc
3000 2788 3124 2842 novi
3156 2802 3261 2843 nec
3291 2788 3483 2858 ignoro
3507 2804 3519 2840 :
3542 2784 3628 2840 sed
3651 2797 3746 2837 cum

2200 2889 2253 2935 te
2277 2879 2346 2935 de
2373 2879 2438 2934 iis
2464 2896 2583 2951 qua:
2631 2880 2723 2935 tibi
2769 2880 3097 2934 conveniunt
3122 2878 3504 2941 admonemus,
3537 2892 3632 2929 non
3656 2890 3749 2943 qum

2199 2972 2407 3027 illorum
2438 2981 2566 3027 sunt
2608 2981 2841 3043 spectes.
2894 2971 3026 3026 Nam
3053 2986 3173 3027 cum
3205 2956 3408 3043 pueros
3440 2969 3750 3024 adhortantur

2199 3066 2534 3138 dicimusque
2555 3075 2613 3122 ut
2639 3066 2952 3138 parentibus
2977 3066 3370 3135 obsequantur,
3386 3064 3507 3134 quia
3529 3060 3751 3130 scriptum

2198 3168 2282 3213 est
2308 3177 2323 3215 :
2360 3157 2570 3213 Honora
2596 3169 2792 3231 patrem
2810 3168 2956 3213 tuum
2978 3166 3024 3212 et
3049 3166 3267 3211 matrem
3303 3166 3442 3210 tuam
3467 3151 3652 3225 (Exod.
3676 3148 3749 3204 20.

2204 3249 2324 3323 l2);
2357 3250 2541 3306 dicunt
2565 3251 2640 3305 illi
2670 3251 2844 3316 nobis,
2875 3249 3063 3306 Profer
3087 3250 3255 3305 etiam
3309 3265 3372 3305 ea
3403 3264 3522 3319 quae
3547 3259 3750 3315 sequun-

2204 3352 2289 3398 tur
2318 3360 2330 3397 :
2373 3340 3075 3416 Vosquoque,patres,nolite
3099 3341 3167 3395 ad
3190 3342 3328 3396 iram
3354 3353 3618 3412 provocare
3644 3333 3755 3404 ï¬lios

2204 3444 2390 3489 vestros
2411 3434 2629 3506 (Ephcs.
2660 3434 2716 3489 6.
2747 3433 2827 3505 4).
2849 3434 3055 3489 Etcum
3087 3433 3264 3489 servis
3289 3433 3514 3487 dicimus
3533 3428 3748 3495 scriptum

2204 3543 2346 3594 esse,
2374 3527 2515 3597 quod
2543 3527 2900 3583 obedientium
2919 3526 2990 3582 sit
3013 3526 3270 3592 dominis,
3295 3539 3470 3594 neque
3489 3522 3552 3578 ad
3576 3518 3751 3597 oculum

2206 3620 2546 3675 serviendum
2574 3634 2695 3675 esse
2720 3620 2826 3674 illis
2848 3617 2982 3689 (Col.
3016 3619 3069 3674 5.
3107 3617 3232 3688 '52);
3265 3627 3322 3674 et
3348 3618 3423 3674 illi
3450 3610 3751 3680 rursus'quz

2207 3724 2508 3783 sequuntur
2534 3728 2567 3769 a
2590 3712 2744 3768 nobis
2788 3712 3026 3783 exigunt,
3048 3710 3306 3780 iubentes
3326 3708 3554 3766 dominis
3579 3712 3753 3777 quoque

2208 3808 2396 3865 eadem
2441 3806 2687 3863 suadere.
2732 3805 2865 3861 Nam
2909 3804 3013 3860 illis
3062 3819 3303 3874 quoque,
3341 3801 3599 3873 inquiunt,
3638 3806 3749 3865 prm-

2208 3900 2354 3970 cepit
2378 3898 2597 3965 Paulus,
2642 3897 2815 3953 minas
2843 3897 3137 3952 remittere.
3170 3895 3281 3951 Sed
3321 3909 3390 3949 ne
3412 3893 3490 3948 sic
3514 3888 3749 3945 faciamus.

2209 3976 2384 4063 neque
2411 4005 2475 4047 ea
2497 4005 2617 4061 qure
2641 3988 2763 4044 aliis
2781 3996 3049 4060 praecepta
3076 3994 3203 4042 sunt
3224 3999 3547 4057 quaaramus,
3577 3972 3749 4050 quando

2210 4083 2279 4139 de
2307 4084 2373 4139 iis
2398 4098 2517 4154 quae
2532 4081 2597 4136 ad
2623 4097 2722 4136 nos
2745 4081 3016 4151 pertinent
3035 4094 3393 4145 accusamur;
3433 4088 3596 4146 neque
3616 4066 3745 4126 etiitn.

2210 4176 2259 4231 si
2288 4153 2494 4232 socium
2519 4174 2805 4230 criminum
2830 4173 3083 4244 accipias,
3100 4189 3130 4227 a
3146 4173 3306 4243 culpa
3330 4166 3650 4227 liberaberis:
3671 4153 3747 4211 sed

2213 4267 2315 4323 hoc
2363 4282 2525 4322 unum
2552 4274 2735 4336 specta
2784 4273 2841 4320 ut
2885 4273 2938 4320 te
2978 4280 3010 4318 a
3048 4265 3371 4320 criminibus
3409 4262 3615 4317 liberes.
3643 4249 3746 4307 Nam

2214 4360 2384 4416 Adam
2416 4360 2469 4415 in
2497 4359 2782 4415 mulierem
2816 4358 3029 4427 culpam
3057 4357 3359 4421 referebat,
3391 4364 3446 4412 et
3469 4354 3553 4408 illa
3581 4352 3753 4404 rursum

2216 4451 2270 4507 in
2300 4459 2632 4521 serpentem;
2665 4449 2759 4505 sed
2784 4465 2889 4504 non
2920 4449 3043 4503 illos
3068 4447 3173 4504 hoc
3196 4447 3415 4521 eripuit.
3437 4444 3511 4501 Ne
3538 4443 3692 4508 itaque
3707 4438 3749 4483 tu

2215 4546 2319 4600 hoc
2344 4545 2475 4599 mihi
2507 4558 2646 4599 nunc
2675 4542 2841 4607 dicas,
2890 4542 2985 4597 sed
3011 4550 3165 4613 grato
3184 4558 3306 4596 cum
3332 4540 3508 4595 animo
3532 4546 3640 4606 quae
3661 4538 3749 4581 ma'

2215 4639 2321 4694 rito
2360 4638 2526 4693 debes
2568 4646 2824 4707 praestare
2860 4650 3036 4691 cures.
3066 4634 3201 4691 Nam
3228 4644 3284 4691 et
3307 4630 3516 4706 quando
3541 4621 3749 4682 maritum

2216 4739 2365 4785 tuum
2395 4729 2659 4800 alloquor,
2686 4727 2976 4783 adhortans
3021 4734 3079 4781 ut
3103 4737 3156 4782 te
3197 4726 3383 4798 diligat
3418 4731 3474 4779 et
3500 4718 3569 4775 tui
3603 4719 3745 4800 cura!"

2216 4828 2386 4893 gerat.
2433 4835 2540 4875 non
2587 4820 2705 4874 sino
2746 4819 2892 4873 illum
2944 4817 3260 4872 inmedium
3291 4816 3477 4872 allâ€˜erre
3507 4812 3660 4879 legem
3701 4796 3749 4851 de

2218 4914 2443 4968 muliere
2470 4913 2653 4975 latam,
2699 4911 2792 4966 sed
2839 4911 3011 4982 legem
3042 4909 3110 4964 de
3138 4910 3232 4964 illo
3257 4910 3503 4979 scriptam
3555 4893 3750 4965 requiro-

2218 5010 2284 5065 Et
2311 5020 2366 5064 tu
2394 5009 2555 5080 igitur
2582 5022 2667 5071 ea,
2702 5021 2823 5076 qua:
2847 5006 2916 5060 ad
2947 5013 2999 5061 te
3034 5011 3298 5075 spectant,
3340 5001 3450 5056 sola
3476 4993 3668 5051 curiose
3690 4984 3750 5036 in-

2218 5102 2391 5172 quire,
2418 5110 2474 5154 et
2501 5110 2553 5154 te
2581 5096 2793 5169 coniugi
2831 5097 3154 5166 morigeram
3180 5096 3377 5166 praebe.
3410 5090 3535 5146 Nam
3571 5082 3612 5138 si
3650 5086 3750 5147 PWâ€˜

2220 5202 2337 5263 pter
2363 5192 2533 5246 Deum
2582 5191 2774 5245 marito
2823 5189 3158 5259 obsequaris,
3185 5204 3254 5244 ne
3299 5184 3422 5242 mibi
3454 5175 3677 5271 proferas.

2219 5300 2338 5356 qua:
2370 5283 2485 5352 ipso
2509 5292 2769 5353 prmstarc
2793 5280 2986 5347 debet;
3010 5280 3105 5336 sed
3125 5296 3189 5335 ea
3215 5280 3405 5351 quibus
3433 5284 3481 5329 te
3505 5267 3748 5357 obnoxiae!

2221 5376 2497 5445 legislator
2525 5372 2675 5440 fecit,
2715 5372 2833 5427 haec
2860 5372 3144 5442 diligenter
3170 5380 3474 5441 exsequere.
3510 5359 3610 5414 lloc
3632 5356 3745 5405 enim

2220 5478 2304 5524 est
2333 5468 2567 5523 maxime
2596 5467 2706 5522 Deo
2735 5467 3134 5535 obtemperare,
3177 5462 3382 5521 etiamsi
3409 5447 3649 5513 contraria
3671 5453 3745 5509 pa-

2221 5560 2394 5624 tiaris,
2422 5559 2594 5629 legem
2619 5572 2726 5612 nou
2746 5556 3070 5628 transgredi.
3101 5556 3226 5611 ldeo
3245 5558 3384 5611 enim
3409 5546 3492 5616 qui
3522 5555 3577 5596 se
3593 5542 3743 5629 annale

2222 5664 2329 5706 tein
2374 5626 2539 5717 amat,
2584 5649 2718 5705 nihil
2747 5626 2927 5720 magni
2959 5647 3135 5703 facere
3176 5647 3381 5701 videtur
3404 5658 3417 5694 :
3442 5636 3524 5706 qui
3553 5637 3669 5720 Î½Î¾Ï„Î¿Î¹
3695 5626 3744 5720 5?

2221 5742 2490 5798 odientem
2516 5708 2667 5808 colit,
2697 5740 2784 5796 hic
2810 5708 3045 5796 maxime
3068 5748 3152 5796 est
3170 5740 3259 5811 qui
3278 5739 3558 5794 coronatur.

2224 5848 2441 5906 quoque
2458 5833 2619 5891 modo
2644 5795 2700 5890 lu
2728 5843 2905 5891 tecum
2929 5842 3137 5906 reputa,
3166 5795 3307 5905 quod
3333 5828 3376 5884 si
3401 5795 3740 5880 molestutltlibl
