3962 6414
196 398 291 455 819

189 513 377 580 ἐπάγει
408 512 512 583 τὴν
540 512 846 584 διόρθωσιν,
880 512 1068 581 λέγων·
1098 513 1270 581 Πλὴν
1296 512 1434 567 οὔτε
1464 511 1621 580 ἀνὴρ
1651 528 1764 581 χωρ

177 599 270 663 ρίς
290 596 606 668 γυναικὸς,
638 598 778 652 οὔτε
803 597 973 667 γυνὴ,
1000 598 1176 667 χωρίς
1207 598 1428 664 ἀνδρὸς
1451 598 1520 650 ἐν
1548 596 1760 665 Κυρίῳ.

178 681 264 750 Μὴ
315 681 431 752 γάρ
481 698 593 753 μοι,
641 682 796 751 φησὶ,
836 682 904 735 τὰ
936 680 1129 753 πρῶτα
1172 681 1392 746 ἐξέταζε
1430 682 1588 752 μόνα,
1632 680 1767 749 μηδὲ

177 763 270 832 τὴν
296 764 664 835 δημιουργίαν
694 763 925 834 ἐκείνην
963 764 1029 818 ἂν
1063 764 1171 835 γάρ
1200 763 1269 817 τὰ
1302 765 1441 834 μετὰ
1468 761 1642 816 ταῦτα
1671 763 1769 831 ζη-

181 851 290 917 τῇς,
322 849 595 918 ἑκάτερος
627 847 890 919 ἑκατέρου
922 846 1115 911 αἴτιος,
1147 847 1350 918 μᾶλλον
1370 847 1426 901 δὲ
1451 846 1569 899 οὐδὲ
1595 845 1769 909 οὕτως

189 933 440 1002 ἑκάτερος
481 932 764 1003 ἑκατέρου,
792 931 907 985 ἀλλ’
928 935 957 986 6
990 931 1123 995 Θεὸς
1159 931 1415 985 ἀπάντων
1437 947 1449 960 ·
1476 929 1556 983 διό
1583 945 1765 1000 φησιν,

189 1016 327 1070 οὔτε
357 1014 518 1083 ἀνὴρ
541 1014 719 1083 χωρίς
744 1014 1046 1083 γυναικὸς.
1083 1014 1226 1068 οὔτε
1261 1012 1417 1084 γυνὴ
1455 1012 1632 1082 χωρίς
1659 1012 1769 1065 ἀν-

183 1099 318 1170 δρὸς
347 1100 421 1153 ἐν
455 1101 670 1167 Κυρίῳ.
701 1099 930 1167 ’Ὠσπερ
958 1100 1068 1168 γὰρ
1118 1099 1155 1165 ὴ
1207 1098 1361 1168 γυνὴ
1413 1098 1482 1150 ἐκ
1518 1095 1625 1150 τοῦ
1659 1096 1767 1150 ἀν-

181 1183 339 1253 δρὸς,
370 1184 531 1238 οὕτω
559 1183 656 1237 καί
680 1186 713 1237 ὁ
748 1182 905 1251 ἀνὴρ
933 1181 1031 1235 διὰ
1063 1180 1175 1249 τῆς
1210 1184 1512 1251 γυναικός.
1551 1180 1665 1232 Ούκ
1694 1174 1769 1232 εἶ-

179 1286 301 1325 πεν.
333 1267 434 1322 Ἐκ
450 1268 550 1338 τῆς
579 1267 859 1336 γυναικὸς,
888 1265 1024 1320 ἀλλά
1046 1266 1232 1331 πάλιν,
1275 1267 1369 1319 Ἐκ
1394 1265 1500 1320 τοῦ
1523 1264 1765 1333 ἀνδρόςο

177 1354 256 1406 ἔτι
296 1353 411 1423 γάρ
445 1352 577 1404 αὐτὸ
620 1350 779 1404 τοῦτο
810 1350 1071 1421 ἀκέραιον
1104 1350 1255 1420 μένει
1298 1349 1453 1419 ποιρά
1482 1349 1561 1418 τῷ
1591 1348 1765 1420 ἀνδρί.

191 1436 334 1489 Ἀλλ’
365 1436 426 1489 οὐ
466 1434 560 1487 τοῦ
600 1433 791 1504 ἀνδρὸς
840 1433 1018 1487 ταῦτα
1058 1435 1128 1486 τὰ
1174 1432 1600 1504 κατορθώματα,
1630 1431 1769 1485 ἀλλά

175 1518 271 1573 τοῦ
308 1517 471 1572 Θεοῦ·
516 1517 597 1571 διὸ
643 1518 736 1570 καὶ
782 1517 1052 1588 ἐπήγαγε,
1099 1516 1176 1571 Τιί
1203 1516 1273 1569 δὲ
1299 1513 1500 1569 πάντα
1541 1515 1611 1569 ἐκ
1660 1512 1769 1568 τοῦ

179 1604 356 1660 Θεοῦ.
381 1604 445 1657 Εἰ
466 1602 647 1656 τοίνυν
670 1600 765 1655 τοῦ
790 1600 928 1655 Θεοῦ
958 1602 1026 1655 τὰ
1052 1602 1249 1665 πάντα,
1282 1600 1446 1663 αὐτὸς
1471 1599 1528 1653 δέ
1553 1597 1768 1652 κελεύει

178 1690 372 1751 ταῦτα,
408 1685 596 1740 πείθου
647 1685 851 1755 καὶμὴ
878 1684 1151 1752 ἀντίλεγε.
1214 1685 1316 1738 Ἔν
1370 1682 1515 1752 ὑμῖν
1562 1681 1770 1749 αὐτοῖς

180 1773 446 1841 κρίνατε,
490 1768 722 1839 πρέπον
769 1767 903 1823 ἐστὶ
952 1768 1208 1835 γυναῖκα
1259 1767 1769 1823 ἀκατακάλυπτον

185 1854 260 1922 τῷ
299 1852 425 1919 Θεῷ
461 1854 948 1923 προσεύχεσθαι;
986 1852 1157 1907 Πάλιν
1184 1852 1383 1916 αὐτοὺς
1424 1848 1635 1914 καθίζει
1686 1849 1767 1904 δι-

185 1940 393 2003 καστὰς
419 1938 528 1992 τῶν
560 1937 888 2011 λεγομένων,
913 1938 1049 2011 ὅπερ
1089 1937 1184 1992 καὶ
1215 1937 1310 1990 ἐπὶ
1342 1937 1449 1990 τῶν
1481 1935 1768 1990 εἰδωλοθύ-

184 2042 290 2077 των
321 2024 570 2095 ἐποίησεο
614 2024 708 2076 καὶ
733 2022 843 2094 γὰρ
888 2022 1006 2075 ἐκεῖ
1057 2040 1213 2094 φησι,
1240 2020 1492 2091 Κρίνιιτε
1524 2018 1695 2091 ὑμεῖς
1734 2019 1769 2074 ὅ

183 2127 329 2180 φημι
350 2127 365 2140 ·
404 2109 498 2163 καὶ
537 2107 793 2170 ἐνταῦθα,
836 2109 934 2161 Ἑν
961 2107 1104 2179 ὑμῖν
1137 2107 1344 2175 αὐτοῖς
1379 2107 1639 2177 κρίνατε·
1673 2105 1767 2159 καί

182 2211 234 2245 τι
268 2192 644 2266 φοϐερώτερον
688 2191 986 2246 αἰνίττεται
1009 2191 1265 2246 ἐνταῦθα·
1307 2189 1407 2264 τὴν
1456 2190 1567 2261 γάρ
1607 2189 1767 2262 ὓϐριν

182 2275 421 2330 ἐνταῦθα
456 2276 537 2340 είς
576 2276 668 2330 τὸν
700 2274 835 2329 Θεόν
871 2292 1005 2347 φησι
1045 2274 1365 2329 διαϐαίνειν.
1431 2273 1573 2327 Ἀλλ’
1623 2272 1768 2329 οὕτω

184 2361 283 2430 μὲν
313 2359 379 2413 οῦ
408 2376 595 2430 φησιν,
621 2357 971 2430 ἡμερώτερον
1006 2356 1066 2412 δέ
1099 2375 1218 2422 πως
1242 2359 1338 2412 καὶ
1366 2358 1767 2430 αίνιγματωδέ-

183 2461 377 2515 στερον
426 2444 619 2512 λέγων’
654 2442 892 2510 Πρέπον
932 2442 1065 2496 ἐστὶ
1103 2442 1359 2512 γυναῖκα
1387 2441 1770 2498 ἀκατακάλυ-

181 2545 335 2582 πτον
362 2527 445 2593 τῷ
481 2524 601 2592 Θεῷ
629 2527 1077 2596 προσεύχεσθαι
1099 2541 1118 2590 ;
1153 2528 1230 2582 Ἦ
1252 2526 1397 2581 οὐδὲ
1415 2526 1568 2595 αὕτη
1590 2527 1629 2594 ἡ
1657 2526 1770 2599 ερύ-

177 2627 281 2678 σις
340 2610 502 2682 ὑμᾶς
560 2609 851 2677 διδάσκει,
900 2608 991 2663 ὅτι
1048 2609 1205 2678 ἀνὴρ
1247 2608 1366 2679 μὲν
1421 2609 1531 2663 ἐὰν
1588 2606 1765 2678 κομᾷ,

176 2696 384 2765 ἀτιμία
416 2692 577 2761 αὑτῷ
607 2695 756 2749 ἐστι’
787 2692 942 2764 γυνὴ
970 2692 1039 2746 δὲ
1070 2692 1181 2763 ἐὰν
1214 2691 1390 2762 κομᾷ,
1429 2691 1582 2758 δόξα
1611 2690 1768 2762 αὐτῇ

176 2779 349 2844 ἐστι;
381 2776 470 2831 ὅτι
493 2778 531 2847 ἡ
555 2778 706 2847 κόμη
730 2776 863 2832 ἀντὶ
888 2776 1273 2845 περιϐολαίου
1310 2775 1548 2831 δέδοται
1587 2773 1765 2844 αὐτῇ.

178 2862 366 2932 Ὅπερ
394 2861 481 2915 ἀεὶ
514 2862 677 2927 ποιεῖ,
702 2860 914 2923 κοινοὺς
935 2858 1227 2930 λογισμοὺς
1254 2859 1443 2924 τιθεὶς,
1481 2857 1642 2911 τοῦτο
1673 2859 1770 2913 καὶ

173 2943 420 2998 ἐνταῦθα
461 2941 612 3016 [235]
655 2943 967 3014 ἐργάζεται,
1004 2943 1099 2996 ἐπὶ
1126 2941 1225 3013 τὴν
1256 2941 1442 3012 κοινὴν
1480 2940 1769 3011 συνήθειαν

174 3027 565 3098 καταφεύγων,
598 3027 693 3080 καὶ
729 3026 934 3098 σφόδρα
965 3025 1243 3098 ἐντρέπων
1294 3025 1423 3087 τοὺς
1469 3025 1770 3095 ἀναμένον-

172 3129 278 3176 τας
309 3115 489 3167 ταῦτα
516 3110 808 3183 μανθάνειν
841 3110 976 3183 παρ’
1002 3108 1193 3177 αὐτοῦ,
1217 3109 1252 3164 ἂ
1279 3110 1376 3163 καὶ
1400 3108 1508 3163 ἀπὸ
1530 3109 1633 3178 τῆς
1657 3125 1772 3163 κοι-

170 3192 278 3263 νῆς
340 3191 634 3267 συνηθείας
691 3191 917 3245 δυνατὸν
1157 3188 1467 3260 μανθάνειν·
1531 3187 1601 3242 τά
1659 3188 1772 3261 γὰρ

170 3275 429 3341 τοιαῦτα,
484 3274 608 3329 οὔτε
666 3274 962 3347 βαρϐάροις
1013 3275 1289 3342 ἄγνωστα.
1349 3273 1461 3326 Καὶ
1504 3273 1607 3344 ὅρα
1654 3272 1772 3337 πῶς

173 3357 464 3431 πανταχοῦ
516 3357 834 3429 πληκτικῶς
893 3359 1159 3429 κέχρηται
1226 3358 1347 3421 ταῖς
1384 3356 1595 3422 λέξεσι·
1644 3355 1774 3424 Πᾶς

172 3444 339 3513 ἀνὴρ
374 3443 864 3513 προσευχόμενος
915 3440 1393 3494 κατακαλύπτων
1424 3439 1612 3495 αὐτοῦ
1658 3439 1773 3508 τὴν

175 3526 487 3596 κεφαλὴν,
533 3526 921 3594 καταισχύνει
975 3524 1090 3593 τὴν
1122 3522 1403 3594 κεφαλὴν
1435 3523 1651 3579 αὐτοῦ’
1678 3524 1773 3577 καὶ

177 3611 377 3681 πάλςν,
405 3611 477 3664 El
504 3608 572 3663 δὲ
598 3611 855 3679 αἰσχρὸν
885 3608 1122 3678 γυναικί
1159 3608 1462 3677 κείρεσθαι
1499 3608 1539 3677 ἣ
1589 3606 1772 3676 ξυρᾶ-

177 3697 348 3761 σθαι,
378 3692 949 3747 κατακαλυπτέσθωο
993 3692 1088 3746 καὶ
1115 3691 1351 3745 ἐνταῦθα
1386 3690 1569 3757 πάλιν,
1601 3688 1773 3758 Ἀνὴρ

175 3776 292 3846 μὲν
335 3775 450 3829 ἐὰν
476 3773 652 3845 κομᾷ,
685 3774 884 3843 ἀτιμία
916 3774 1075 3838 αὐτῷ
1114 3773 1246 3828 ἐστι
1277 3787 1289 3801 ·
1347 3772 1503 3843 γυνὴ
1557 3771 1627 3825 δὲ
1664 3771 1775 3824 ἐὰν

181 3857 363 3929 κομᾷ,
402 3857 556 3923 δόξα
577 3857 731 3927 αὐτῇ
761 3858 952 3923 ἐστιν,
981 3856 1070 3910 ὅτι
1101 3856 1138 3924 ἠ
1172 3857 1324 3923 κόμη
1374 3854 1511 3909 ἀντί
1543 3855 1776 3923 περιϐο-

183 3944 369 4001 λαίου
421 3940 678 3997 δέδοται.
719 3942 827 3995 Καὶ
874 3944 924 3994 εἰ
971 3940 1094 3995 ἀντὶ
1141 3937 1491 4010 περιϐολαίου
1540 3937 1771 4003 δέδοται,

184 4028 343 4097 φησὶ,
368 4024 514 4089 τίνος
552 4024 737 4078 ἕνεκεν
766 4023 846 4077 δεῖ
883 4023 1229 4095 περιϐόλαιον
1267 4023 1453 4094 ἕτερον
1485 4019 1774 4093 προστιθιί⁴

191 4108 503 4176 ναιςὨστε
537 4107 753 4179 μὴοάπὸ
791 4110 889 4178 τῆς
927 4107 1143 4176 φύσεως
1177 4106 1358 4177 μόνον,
1383 4105 1520 4159 ἀλλὰ
1546 4103 1775 4158 καὶάπὸ

187 4196 284 4265 τῆς
316 4191 693 4263 προαιρέσεως
720 4192 819 4261 τὴν
854 4191 1136 4261 ὑποταγὴν
1167 4189 1474 4260 ὁμολογεῖν.
1510 4189 1633 4242 '01:
1663 4188 1774 4261 γάρ

189 4278 267 4332 δεῖ
295 4293 360 4329 σε
396 4274 793 4339 καλύπτεσθαι,
822 4273 1167 4345 προλαϐοῦσα
1194 4274 1289 4327 καὶ
1319 4274 1353 4344 ἡ
1385 4272 1549 4342 φύσις
1578 4274 1771 4342 ἐνομοο

191 4358 406 4429 θέτησε.
434 4357 720 4430 Προστίθει
742 4359 918 4411 τοίνυν
943 4359 1037 4411 καὶ
1054 4357 1122 4411 τὰ
1146 4356 1297 4427 παρά
1321 4356 1546 4427 σαυτῆς,
1584 4355 1670 4409 ἴνα
1698 4353 1774 4427 μὴ

189 4441 348 4513 δόξῃς
375 4443 473 4495 καὶ
498 4445 622 4505 τοὺς
647 4441 746 4512 τῆς
776 4440 993 4509 φύσεως
1028 4439 1363 4511 ἀνατρέπειν
1393 4439 1609 4510 νόμους’
1635 4441 1773 4509 ὅπερ

192 4525 392 4595 πολλῆς
439 4526 588 4577 ἐστιν
626 4524 969 4596 ἰταμότητος,
1014 4523 1088 4594 μὴ
1124 4523 1284 4593 μόνον
1307 4523 1461 4594 ἡμῖν,
1502 4523 1639 4576 ἀλλὰ
1680 4523 1776 4576 καὶ

195 4611 261 4680 τῇ
287 4610 448 4679 φύσει
488 4607 799 4665 πυκτεύειν.
828 4610 917 4663 Διὸ
949 4608 1044 4662 καὶ
1084 4606 1359 4671 Ἰουδαίοις
1387 4607 1416 4659 ὁ
1443 4607 1578 4670 Θεὸς
1610 4607 1777 4675 ἐγκα.

200 4691 300 4746 λῶν
325 4693 532 4759 ἔλεγεν,
565 4692 871 4761 Ἕσφαξας
897 4692 1042 4759 τοὺς
1067 4691 1239 4757 υἱούς
1264 4705 1381 4744 σου
1401 4690 1502 4743 καί
1536 4689 1645 4755 τὰς
1672 4692 1774 4743 θυ-

201 4776 445 4847 γατέρας
482 4790 619 4830 σου·
655 4776 830 4831 τοῦτο
865 4776 1025 4845 παρὰ
1052 4775 1252 4830 πάντα
1286 4773 1356 4829 τὰ
1382 4774 1775 4844 βδελὺγματά

209 4877 334 4914 σου.
363 4861 476 4913 Καὶ
504 4862 619 4923 τοῖς
649 4862 800 4931 παρὰ
830 4860 1122 4932 Ῥωμαίοις
1146 4857 1526 4927 ἀσελγαίνουσι
1558 4860 1720 4925 πάλιν
1746 4861 1776 4914 6

218 4942 405 5007 Παῦλος
454 4944 745 5014 ἐπιτιμῶν,
775 4943 945 5008 οὕτως
991 4943 1145 5011 αὔξει
1186 4943 1287 5013 τὴν
1321 4943 1657 5015 κατηγορίαν
1689 4943 1776 4997 λέ-

222 5042 340 5093 γων,
363 5029 443 5080 ὅτι
463 5029 523 5082 06
552 5028 704 5098 παρά
732 5027 894 5097 νόμον
919 5028 1010 5081 τὸν
1034 5027 1130 5081 τοῦ
1152 5025 1288 5081 Θεοῦ
1314 5028 1496 5097 μόνον,
1518 5028 1655 5082 ἀλλά
1680 5028 1775 5084 καὶ

224 5108 359 5178 παρὰ
380 5109 534 5178 φύσιν
572 5112 605 5181 η
632 5110 826 5182 χρῆσις
846 5105 932 5180 ἦν·
970 5110 1347 5177 Ἐνήλλιιξαν
1380 5110 1492 5180 γὰρ
1520 5111 1635 5180 τὴν
1662 5130 1776 5181 φυ-

217 5187 395 5256 σικὴν
422 5191 637 5260 χρῆσιν
675 5195 764 5258 είς
803 5191 918 5260 τὴν
942 5192 1101 5260 παρὰ
1130 5194 1339 5262 φύσιν.
1374 5192 1473 5246 Διὰ
1513 5192 1579 5265 δὴ
1618 5192 1777 5247 τοῦτο

216 5273 309 5328 καὶ
326 5273 544 5329 ἐνταῦθα
565 5274 755 5328 τοῦτον
790 5276 1053 5345 γυμνάζει
1076 5276 1167 5329 τὸν
1200 5276 1381 5345 λόγον,
1414 5276 1575 5331 τοῦτὸ
1597 5295 1657 5331 τε
1686 5279 1778 5331 αύ-

206 5361 267 5423 16
308 5357 535 5424 δεικνὺς,
565 5359 661 5414 καὶ
705 5360 788 5412 ὃτι
838 5360 988 5414 οὐδὲν
1031 5360 1180 5427 ξένον
1213 5361 1513 5430 νομοτεθεϊ,
1550 5362 1645 5416 καὶ
1693 5363 1776 5416 ὅτι

210 5443 329 5515 παρ’
351 5443 581 5515 Ἕλλησι
613 5442 683 5496 τὰ
720 5443 820 5511 τῆς
850 5444 1200 5515 καινοτομίας
1228 5444 1445 5499 ἅπαντα
1490 5445 1592 5515 τῆς
1624 5444 1777 5515 παρὰ

209 5528 569 5599 φύσιν.,ούτω
600 5528 698 5581 καὶ
756 5530 785 5581 6
828 5528 1062 5600 Χριστὸς
1111 5528 1270 5583 τοῦτο
1305 5528 1519 5591 δεικνὺς
1563 5528 1772 5598 ἐλεγενσ

213 5610 354 5666 Ὀσα
390 5609 502 5665 ἐὰν
531 5610 748 5679 θέλητε
776 5611 878 5664 ἵνα
910 5610 1166 5666 ποιῶσιν
1193 5612 1333 5682 ὑμῖν
1369 5615 1421 5666 οι
1452 5611 1773 5682 ἄνθρωποι,

210 5697 295 5750 καί
326 5694 501 5766 ὑμεῖς
532 5694 754 5748 ποιεῖτε
773 5696 998 5763 αὐτοῖς’
1038 5695 1215 5767 δηλῶν
1260 5697 1348 5752 ὅτι
1389 5697 1544 5751 οὐδὲν
1583 5695 1775 5751 καινὸν

209 5780 499 5847 ἐπεισάγει.
525 5780 596 5834 El
622 5777 691 5833 δέ
714 5797 806 5846 τις
831 5779 1004 5834 δοκεῖ
1022 5783 1362 5850 φιλόνεικος
1391 5776 1567 5844 εἶναι,
1600 5780 1773 5851 ἡμεῖς

209 5864 486 5928 τοιαύτην
511 5862 842 5930 συνήθειαν
862 5866 974 5918 οὐκ
1004 5863 1244 5933 ἔχομεν,
1269 5862 1412 5917 οὐδὲ
1434 5867 1494 5919 αι
1525 5865 1774 5930 Ἐκκλη-

203 5950 322 6006 cla:
357 5946 466 6003 τοῦ
496 5947 665 6003 Θεοῦ.
682 5948 841 6042 ςΛρα
864 5949 1191 6019 φιλονεικίας
1216 5948 1275 6004 τὸ
1296 5949 1617 6005 ἀντιτείνειν
1642 5948 1765 6005 τού-

534 6063 619 6076 ,ο-

1146 396 1211 452 IN
1250 393 1468 451 EPIST.
1522 398 1542 452 1
1600 395 1693 449 AD
1729 393 1888 451 COR.
1932 393 2170 449 IIOMIL.
2213 396 2405 453 XXVI.

3345 401 3467 458 290'

1870 527 2003 575 τοις,
2040 511 2134 565 καὶ
2163 512 2225 564 ού
2254 511 2541 583 λογισμοῦ·
2566 513 2707 585 πλὴν
2727 512 2862 566 ἀλλὰ
2891 514 2982 566 καὶ
3004 511 3148 566 οὕτω
3177 530 3453 585 μεμετρηο

1872 594 2043 662 μένην
2078 594 2179 664 τὴν
2215 596 2530 665 ἐπιτίμησιν
2551 596 2793 668 ἐποίησε,
2818 596 3039 651 πλείονα
3061 595 3163 666 τὴν
3188 596 3454 669 ἐντροπὴν

1867 676 2065 740 ἐνθεὶς,
2093 677 2122 729 ὃ
2164 677 2229 749 δὴ
2254 679 2350 732 καὶ⁴
2381 678 2680 751 βαρύτερον
2714 679 2887 732 ἐποίει
2924 678 3016 731 τὸν
3044 679 3224 748 λόγον.
3260 680 3453 752 Ἡμεῖς

1866 761 1996 828 γὰρ,
2049 762 2204 832 φησὶ,
2262 762 2519 831 τοιαύτην
2570 762 2859 831 συνήθειαν
2915 764 3016 816 οὐκ
3057 763 3277 834 ἔχομεν,
3311 762 3454 818 ὥστε

1868 842 2191 911 φιλονεικεῖν
2264 847 2356 900 καὶ
2421 846 2622 916 ἐρίζειν
2685 846 2777 899 καὶ
2836 845 3271 901 ἀντιτάττεσθαι.
3342 847 3457 901 Καὶ

1867 927 1987 980 οὐδὲ
2028 928 2193 1000 μέχρι
2226 930 2418 983 τούτου
2453 930 2603 1000 ἐστη,
2651 930 2787 984 ἀλλὰ
2820 932 2912 985 καὶ
2953 932 3256 1001 ἐπήγαγεν,
3299 930 3457 985 Οὐδὲ

1867 1014 1929 1066 αἱ
1992 1013 2341 1081 Ἐκκλησίαι
2396 1014 2504 1069 τοῦ
2563 1014 2712 1068 Θεοῦ
2744 1030 2756 1042 ·
2788 1014 3002 1079 δεικνὺς
3050 1015 3131 1068 ὅτι
3180 1014 3330 1087 πάσῃ
3386 1018 3455 1085 τῇ

1867 1096 2162 1168 οἰκουμένῃ
2217 1097 2601 1151 ἀντιπίπτουσι
2662 1098 2756 1151 καὶ
2815 1097 3205 1163 ἐναντιοῦνται,
3262 1099 3336 1169 μὴ
3385 1100 3457 1150 εί-

1868 1197 2075 1244 κοντες.
2118 1180 2261 1235 Ἀλλ’
2303 1183 2352 1235 εί
2383 1183 2477 1235 καὶ
2510 1181 2629 1235 τότε
2670 1181 3035 1251 ἐφιλονείκουν
3075 1184 3123 1235 οἱ
3151 1182 3451 1253 Κορίνθιοι,

1867 1262 1965 1317 νῦν
2002 1265 2153 1318 πᾶσα
2203 1267 2236 1335 ἡ
2283 1266 2575 1336 οἰκουμένη
2622 1265 2713 1318 τὸν
2741 1265 2904 1335 νόμον
2956 1265 3144 1320 τοῦτον
3191 1267 3287 1318 καὶ
3324 1282 3456 1319 κατ-

1868 1348 2083 1415 εδέξατο
2128 1349 2219 1402 καὶ
2268 1349 2538 1419 ἐφύλαξεο
2564 1348 2802 1421 τοσαύτη
2844 1348 2940 1403 τοῦ
2976 1349 3387 1419 σταυρωθέντος
3418 1352 3461 1420 ἡ

1866 1431 2116 1503 δύναμις.

1942 1515 2015 1583 ς’.
2036 1518 2194 1573 Ἀλλά
2212 1519 2442 1575 δέδοικα.
2463 1520 2676 1589 μήποτε
2701 1519 2762 1574 τὸ
2783 1520 2969 1591 σχῆμα
2993 1518 3471 1589 καταδεξάμεναιν

1868 1602 1962 1655 ἐπὶ
1990 1600 2100 1654 τῶν
2129 1601 2308 1673 ἔργων
2342 1603 2640 1674 εὑρεθῶσιν
2669 1603 3129 1674 ἀναισχυντοῦσαι
3175 1602 3313 1656 ἔνιαι
3346 1603 3457 1655 τῶν

1867 1685 2165 1754 γυναικῶν,
2209 1688 2304 1739 καὶ
2358 1686 2879 1758 ἀνακεκαλυμμέναι
2914 1687 3138 1756 ἑτέρως.
3188 1687 3289 1739 Διὰ
3347 1688 3457 1756 γὰρ

1866 1770 2026 1823 τοῦτο
2057 1770 2152 1823 καὶ
2183 1769 2434 1840 Τιμοθέῳ
2466 1770 2694 1842 γράφων
2739 1770 2841 1822 οὐκ
2888 1769 3137 1841 ἠρκέσθη
3178 1769 3392 1834 τούτοις
3429 1773 3459 1822 ὁ

1869 1854 2105 1920 Παυλος,
2146 1853 2258 1907 ἀλλ’
2308 1853 2473 1925 ἔτερα
2508 1854 2852 1924 προσέθηκεν
2882 1852 3082 1906 εἰπών·
3146 1853 3249 1907 Ἐν
3276 1870 3457 1906 κατα-

1867 1935 2065 2005 στολῇ
2102 1938 2334 2007 κοσμίῳ
2352 1936 2506 2006 μετὰ
2547 1937 2755 2004 αἰδοῦς
2781 1937 2881 1990 καὶ
2916 1937 3329 2006 σωφροσύνης
3359 1953 3457 1989 κο-

1867 2021 2047 2092 σμεῖν
2068 2022 2316 2089 ἑαυτὰς,
2342 2022 2427 2093 μὴ
2459 2022 2529 2076 ἐν
2561 2022 2906 2092 πλέγμασιν
2937 2021 2976 2089 ἢ
3004 2018 3234 2090 χρυσῷ.
3255 2021 3319 2073 Εἰ
3342 2036 3450 2091 γαρ

1867 2105 2080 2177 γυμνὴν
2104 2106 2163 2159 οὐ
2193 2106 2272 2160 δεῖ
2292 2108 2391 2178 τὴν
2418 2106 2664 2179 κεφαλὴν
2688 2106 2855 2178 ἔχειν,
2881 2106 3017 2160 άλλά
3057 2106 3157 2176 τῆς
3180 2106 3459 2175 ὑποταγῆς

1867 2189 1929 2243 τὺ
1981 2189 2254 2259 σύμϐολον
2313 2191 2592 2262 πανταχοῦ
2628 2191 2975 2261 περιφέρειν,
3024 2188 3207 2261 πολλῷ
3257 2188 3463 2260 μᾶλλον

1868 2276 1955 2328 διὰ
1997 2275 2107 2328 τῶν
2156 2275 2411 2345 πράξεων
2460 2276 2621 2330 τοῦτο
2664 2275 3072 2329 ἐπιδείκνυσθαι
3131 2277 3261 2347 χρή.
3301 2273 3482 2329 Οῦτωι

1868 2358 1999 2426 γοῦν
2030 2360 2123 2413 καὶ
2167 2362 2251 2431 αἱ,
2282 2357 2433 2431 [256]
2484 2360 2749 2431 πρότεραι
2803 2348 3064 2428 γυναῖκες
3098 2359 3191 2412 καὶ
3230 2358 3457 2429 κυρίους

1867 2443 1995 2506 τοὺς
2017 2442 2214 2514 ἄνδρας
2242 2444 2493 2505 ἐκάλουν,
2516 2444 2621 2497 ’καὶ
2650 2442 2760 2495 τῶν
2787 2442 3074 2514 πρωτείων
3100 2442 3285 2505 αὐτοῖς
3312 2460 3458 2512 παρ-

1868 2524 2128 2596 εχώρουν.
2172 2527 2281 2579 Καὶ
2311 2528 2420 2597 γὰρ
2442 2528 2664 2587 ἐκείνοι,
2702 2526 2855 2595 φησὶ,
2884 2524 2982 2587 τὰς
3021 2527 3285 2593 γυναῖκας
3316 2525 3454 2593 ἠγά-

1869 2625 1989 2661 πων
2028 2608 2129 2672 τάς
2178 2610 2410 2663 ἑαυτῶν.
2444 2606 2576 2663 Οἶδα
2623 2609 2801 2676 κάγὼ,
2832 2608 2927 2661 καὶ
2957 2608 3058 2661 οῦκ
3090 2606 3270 2675 ἀγνοῶ
3290 2623 3303 2637 ο
3341 2608 3456 2659 ἀλλ’

1868 2691 1996 2746 ὅταν
2020 2692 2159 2763 ὑπὲρ
2182 2692 2294 2745 τῶν
2329 2710 2412 2746 σοι
2442 2692 2833 2764 προσηκόντων
2864 2682 3246 2761 παραινῶμεν,
3289 2691 3362 2759 μὴ
3390 2691 3477 2743 τά.

1869 2776 2092 2831 ἐκείνων
2130 2778 2346 2832 σκόπει.
2402 2779 2514 2831 Καὶ
2569 2778 2680 2848 γὰρ
2718 2778 2847 2829 ὅταν
2896 2776 3055 2830 παισὶ
3099 2774 3459 2845 παραινῶμεν

1870 2859 2170 2915 ὑπακούειν
2215 2861 2434 2931 γονεῦσι
2483 2860 2759 2930 λέγοντες,
2790 2862 2875 2914 ὅτι
2918 2862 3269 2930 γέγραπται,
3317 2861 3460 2927 Τίμα

1869 2943 1978 2997 τὸν
2028 2943 2254 3013 πατέρα
2292 2960 2411 2999 σου
2460 2945 2562 2998 καὶ
2624 2943 2742 3010 τὴν
2784 2943 3020 3013 μητέρα
3052 2955 3190 3006 σου,
3238 2940 3469 3009 λέγουσι-

1869 3026 2008 3099 πρὸς
2035 3029 2203 3099 ἡμᾶς,
2227 3027 2362 3082 Εἰπὲ
2389 3028 2483 3082 καὶ
2523 3028 2593 3082 τὰ
2623 3028 2773 3099 ἑξῆς,
2815 3029 2896 3081 ὅτι
2923 3027 3031 3082 Καὶ
3068 3026 3256 3096 ὑμεῖς,
3281 3028 3335 3079 οἱ
3358 3043 3458 3094 το-

1870 3110 2016 3177 νεῖς,
2049 3109 2138 3180 μὴ
2188 3109 2569 3181 παροργίζετε
2597 3112 2669 3165 τὰ
2715 3110 2898 3165 τέκνα
2917 3127 2931 3141 ·
2973 3110 3069 3163 καὶ
3109 3112 3222 3172 τοῖς
3252 3107 3461 3170 δούλοις

1871 3195 1999 3249 ὅταν
2025 3195 2290 3267 εἴπωμεν,
2318 3196 2401 3249 ὅτι
2423 3194 2737 3266 γέγραπται
2759 3193 3061 3248 ὑπακούειν
3084 3195 3198 3256 τοῖς
3224 3192 3457 3264 κυρίοις,

1873 3280 1967 3335 καὶ
2013 3279 2089 3351 μὴ
2125 3282 2247 3335 κατ’
2280 3280 2775 3351 ὀφθαλμοδουλείαν
2822 3278 3116 3341 δουλεύειν,
3175 3278 3268 3330 καὶ
3306 3277 3465 3331 αὐτοὶ

1873 3363 2036 3419 πάλιν
2064 3363 2133 3418 τά
2182 3363 2309 3436 ἑξῆς
2342 3365 2492 3435 ἡμᾶς
2515 3360 2833 3427 ἀπαιτοῦσι,
2865 3361 3177 3424 κελεύοντες
3208 3363 3305 3414 καὶ
3345 3365 3460 3422 τοῖς

1872 3447 2161 3511 δεσπόταις
2190 3446 2262 3500 τά
2288 3445 2429 3500 αύτά
2458 3447 2764 3517 παραινεῖν.
2807 3446 2918 3498 Καὶ
2964 3448 3073 3515 γάρ
3104 3445 3197 3497 καὶ
3227 3445 3459 3508 ἐκείνοις

1873 3533 1903 3586 6
1952 3530 2163 3595 Παῦλος
2217 3530 2498 3592 ἐκέλευσε,
2548 3531 2735 3602 φησὶν,
2790 3530 2998 3583 ἀνιέναι
3055 3531 3155 3599 τὴν
3202 3527 3455 3600 ἀπειλήν.

1887 3614 2048 3671 Ἀλλὰ
2080 3614 2154 3686 μὴ
2193 3612 2338 3668 οὕτω
2383 3612 2648 3684 ποιῶμεν,
2689 3613 2821 3685 μηδὲ
2858 3612 2929 3665 τὰ
2960 3612 3168 3684 ἑτέροις
3200 3612 3457 3665 ἐπιτετα-

1872 3699 2052 3772 γμένα
2094 3697 2369 3770 ζητῶμεν,
2415 3697 2544 3752 ὅταν
2585 3696 2725 3768 ὑπὲρ
2751 3696 2859 3750 τῶν
2892 3698 3174 3767 ἡμετέρων
3214 3695 3458 3764 ἐγκαλὼ-

1876 3784 2021 3856 μεθα
2039 3801 2053 3816 ο
2080 3782 2202 3837 οὐδὲ
2229 3784 2360 3853 γὰρ,
2380 3782 2447 3838 ἂν
2471 3783 2728 3837 κοινωνὸν
2747 3781 2918 3853 λάϐῃς
2944 3780 3053 3834 τῶν
3075 3780 3457 3851 ἐγκλημάτων,

1873 3869 2241 3940 ἀπαλλαγήσῃ
2268 3868 2372 3938 τῆς
2402 3867 2580 3931 αἰτίας
2600 3884 2614 3897 ο
2644 3865 2760 3920 ἀλλ’
2786 3866 2844 3918 ἓν
2873 3866 3065 3919 σκόπει
3096 3864 3277 3936 μόνον,
3309 3865 3458 3926 ὅπως

1872 3954 1942 4007 1&
1972 3953 2042 4007 σά
2082 3952 2409 4021 ἐγκλήματα
2455 3950 2722 4020 ἀποδύσῃ.
2770 3950 2926 4003 Ἐπεὶ
2970 3949 3067 4002 καὶ
3093 3950 3122 4002 ὀ
3164 3947 3336 4018 Ἀδὰμ
3367 3949 3461 4000 ἐπὶ

1873 4035 1973 4108 τὴν
2003 4026 2240 4103 γυναῖκα
2267 4034 2367 4105 τὴν
2413 4032 2593 4087 αἰτίαν
2644 4033 2833 4102 ἔφερε,
2870 4031 2967 4085 καὶ
2996 4031 3133 4102 αὕτη
3167 4030 3330 4084 πάλιν
3365 4030 3460 4084 ἐπὶ

1873 4120 1965 4174 τὸν
2009 4119 2154 4188 ὅφιν,
2198 4117 2317 4172 ἀλλ’
2361 4116 2516 4170 οὐδὲν
2563 4116 2762 4179 αὐτοὺς
2817 4114 2977 4169 τοῦτο
3022 4114 3259 4181 ἐξείλετο
3281 4126 3329 4168 ι.
3366 4113 3459 4184 Μὴ

1873 4203 2053 4258 τοίνυν
2086 4201 2221 4273 μηδὲ
2249 4200 2314 4255 σὺ
2356 4199 2517 4253 τοῦτο
2564 4198 2691 4268 λέγε
2728 4215 2820 4268 μοι
2854 4197 2973 4263 νῦν,
3005 4197 3142 4251 ἀλλά
3188 4196 3458 4261 σπούδαζε

1878 4288 2016 4359 μετά
2041 4280 2465 4358 εὐγνωμοσύνης
2484 4283 2705 4353 ἀπάσης
2726 4282 3009 4354 παρέχειν,
3036 4282 3181 4352 ἅπερ
3200 4279 3455 4349 ὀφείλεις,

1873 4372 1952 4443 τῷ
2004 4369 2177 4442 ἀνδρί.
2243 4368 2399 4423 Ἐπεὶ
2443 4368 2541 4423 καὶ
2571 4369 2702 4422 ὅταν
2747 4365 2826 4437 τῷ
2860 4365 3016 4437 ἀνδρὶ
3063 4365 3140 4436 τῷ
3174 4363 3251 4435 σῷ
3279 4363 3458 4417 διαλέ-

1873 4472 2081 4526 γωμαι,
2109 4452 2498 4525 συμϐουλεύων
2529 4469 2589 4507 σε
2613 4452 2838 4522 ἀγαπᾷν
2865 4450 2959 4503 καὶ
2985 4449 3330 4521 θεραπεύειν,
3358 4450 3461 4501 οὐκ

1874 4539 2077 4610 ἀφίημι
2115 4537 2279 4591 αὐτὸν
2312 4539 2666 4608 προενεγκεῖν
2700 4535 2779 4598 είς
2809 4533 2972 4605 μέσον
3000 4533 3091 4585 τὸν
3126 4534 3192 4603 τῇ
3235 4532 3458 4600 γυναικὶ

1875 4623 2130 4693 κείμενον
2154 4621 2343 4692 νόμον,
2368 4620 2502 4674 ἀλλά
2524 4619 2618 4673 τὸν
2639 4617 2789 4688 αὐτῷ
2808 4615 3197 4689 γεγραμμένον
3217 4616 3456 4669 ἀπαιτῶ.

1874 4690 1988 4761 1ιὶαῆ⁹
2022 4690 2086 4759 ἆυ
2119 4690 2301 4759 τοίνυν
2320 4704 2389 4759 τά
2417 4720 2500 4757 σοι
2530 4704 2879 4775 προσήκοντα
2904 4699 3269 4771 περιεργάζου
3300 4699 3457 4769 μόνα.

1876 4791 1973 4845 καὶ
2003 4790 2211 4861 πάρεχε
2243 4789 2448 4857 σαυτὴν
2477 4790 2690 4859 εὐήνιον
2723 4786 2801 4857 τῷ
2830 4784 3184 4839 συνοικοῦντι.
3218 4784 3327 4836 K0:
3348 4782 3459 4852 γὰρ

1874 4875 1925 4927 εί
1968 4874 2058 4928 διά
2089 4873 2180 4927 τὸν
2208 4872 2342 4927 Θεὸν
2371 4870 2535 4944 πείθῃ
2564 4870 2641 4942 τῷ
2673 4871 2847 4941 ἀνδρὶ,
2886 4869 2958 4940 μή
2994 4884 3083 4939 μοι
3115 4866 3361 4944 πρόφερε
3388 4868 3459 4920 τὰ

1874 4958 2158 5029 ὀφείλοντα
2204 4957 2335 5027 παρ’
2375 4941 2541 5009 αὐτοῦ
2574 4954 2845 5024 γίνεσθαι.
2896 4952 3011 5007 ἀλλ’
3047 4945 3123 5006 ὧν
3158 4941 3479 5005 ὑπεύθυνόν.

1877 5058 1938 5095 σε
1988 5042 2244 5110 ἐποίησεν
2292 5041 2321 5093 6
2366 5038 2685 5109 νομοθέτης,
2732 5037 2907 5091 ταῦτα
2939 5035 3070 5090 άνυε
3106 5034 3245 5105 μετά
3296 5031 3460 5106 ἀκρι-

1877 5124 2048 5189 ϐείας.
2096 5124 2267 5177 Τοῦτο
2301 5123 2411 5193 γάρ
2458 5124 2575 5176 ἐστι
2618 5121 2854 5191 μάλιστα
2886 5117 3008 5189 Θεῷ
3056 5117 3365 5180 πείθεσθαι,
3399 5117 3462 5170 16

1876 5207 1971 5262 καὶ
2004 5207 2222 5260 ἐναντία
2271 5207 2586 5276 πάσχουσαν
2623 5205 2698 5275 μὴ
2744 5204 3068 5273 παρακινεῖν
3120 5202 3212 5255 τὸν
3269 5200 3457 5270 νόμον.

1875 5293 1976 5347 Διὰ
2004 5291 2115 5363 γάρ
2136 5289 2294 5344 τοῦτο
2323 5292 2349 5344 6
2381 5290 2480 5361 μὲν
2503 5289 2594 5342 τὸν
2625 5286 2881 5358 φιλοῦντα
2917 5285 3109 5355 φιλῶν,
3135 5284 3288 5339 οὐδὲν
3314 5284 3464 5338 δοκεῖ

1873 5393 1928 5431 1:
1964 5374 2109 5446 μέγα
2139 5376 2312 5428 ποιεῖν
2330 5390 2343 5403 ·
2373 5375 2402 5427 6
2429 5372 2486 5425 δὲ
2515 5372 2607 5425 τὸν
2639 5370 2904 5442 μισοῦντα
2932 5368 3271 5442 θεραπεύων,
3304 5363 3461 5429 οὗτος

1880 5459 2117 5532 μάλιστά
2168 5460 2318 5512 ἐστιν
2356 5459 2385 5511 6
2415 5456 2871 5526 στεφανούμενος.
2900 5455 3022 5513 ,Τὸν
3048 5454 3211 5507 αὐτὸν
3240 5453 3305 5521 δὴ
3333 5450 3460 5522 τρό-

1876 5561 1979 5597 πον
2008 5543 2102 5598 καὶ
2148 5543 2213 5596 σὺ
2259 5540 2499 5609 λογίζου,
2536 5540 2618 5593 ὅτι
2656 5538 2723 5593 ἂν
2764 5539 2864 5608 μὲν
2904 5537 3163 5609 φορτικὸν
3207 5535 3336 5589 ὄντα
3364 5534 3458 5587 τὸν

1876 5627 2044 5698 ἄνδρα
2082 5626 2335 5699 ἐνέγκῃς,
2367 5624 2621 5695 λαμπρὸν
2647 5622 2794 5694 λήψῃ
2829 5621 2922 5674 τὸν
2965 5620 3266 5685 στέφανον’
3300 5613 3458 5699 ἀν-δέ

1874 5696 2084 5783 ἥμερον
2110 5710 2205 5764 καὶ
2246 5696 2442 5780 πρᾶον,
2477 5707 2621 5770 τίνος
2663 5721 2746 5758 σοι
2792 5703 2954 5758 δώσει
2989 5700 3182 5773 μισθὸν
3208 5700 3261 5773 ὁ,
3286 5696 3479 5764 Θεόςλ

1941 5962 1969 5993 ⁸
1996 5960 2142 6023 Reg,
2168 5958 2272 6008 ἀλλ’
2294 5957 2465 6008 οὐδένα
2488 5952 2804 6021 αῦτῶνίτοῦτο
2826 5952 3049 6011 ἐξείλετο.
