3962 6424
549 374 649 429 ﬁl

550 495 664 549 Kal
718 494 895 549 ταῦτα
969 493 1136 562 λέγω,
1190 495 1252 548 ού
1318 495 1683 564 θρασύνεσθαι
1744 498 1873 558 τοὺς
1933 494 2135 565 ἄνδρας

549 585 810 652 κελεύων,
862 585 995 639 ἀλλά
1038 585 1239 638 πείθων
1280 585 1379 647 τάς
1421 591 1689 654 γυναῖκας
1732 587 1827 640 καὶ
1868 587 2133 657 θρασυνοο

552 680 749 750 μένους
795 682 982 751 φέρειν
1028 680 1153 741 τοὺς
1206 678 1422 750 ἄνδρας.
1473 679 1643 734 Ὅταν
1672 680 1782 750 7&9
1812 679 2044 741 ἕκαστος
2072 680 2141 731 τά

548 773 748 827 ἐαυτοῦ
790 772 993 844 σπεύδῃ
1031 772 1294 845 πληροῦν.
1324 776 1535 845 ταχέως
1566 776 1662 829 καὶ
1691 775 1763 827 τά
1786 773 1881 827 τοῦ
1909 772 2139 844 πλησίον

546 864 738 932 ἕψεται
760 880 774 894 °
819 858 952 927 οἷον,
997 865 1125 919 ὅταν
1157 867 1190 939 ἡ
1222 868 1361 940 γυνὴ
1407 870 1501 921 καὶ
1562 866 1967 939 τραχυνόμενον
1997 880 2138 934 παρ-

547 956 926 1028 εσκευασμένη
1072 959 1260 1031 φέρειν
1302 960 1395 1013 τὸν
1424 960 1614 1032 ἀνδρα,
1670 960 1763 1013 καὶ
1803 961 1832 1011 6
1871 946 2019 1027 ἀνὴρ
2042 957 2137 1011 καὶ

544 1047 983 1118 χαλεπαίνουσαν
1014 1050 1189 1122 αὐτὴν
1218 1051 1294 1123 μὴ
1321 1051 1539 1125 ὑϐρίζῃ,
1564 1053 1687 1106 τότε
1714 1053 1893 1106 πάντα
1921 1049 2136 1121 γαλήνη

544 1140 642 1194 καὶ
685 1138 851 1211 λιμὴν
897 1141 1161 1212 κυμάτων
1203 1144 1647 1215 ἀπηλλαγμένος.
1708 1142 1867 1197 Οὕτω
1900 1142 1996 1197 καὶ
2039 1140 2135 1194 ἐπὶ

539 1229 652 1284 τῶν
695 1232 944 1288 παλαιῶν
975 1235 1214 1303 ἐγίνετο·
1244 1237 1315 1290 τά
1345 1236 1544 1290 ἐαυτοῦ
1578 1237 1812 1300 ἕκαστος
1864 1235 2130 1306 ἐπλήρου,

541 1323 604 1377 οὐ
620 1322 691 1377 τά
709 1324 806 1378 τοῦ
823 1324 1051 1396 πλησίον
1067 1325 1286 1397 ἀπῄτει.
1308 1328 1510 1383 Σκόπει
1527 1328 1583 1382 δέ
1602 1345 1613 1357 ·
1644 1329 1845 1383 Ἔλαϐε
1863 1330 1955 1382 τὸν
1974 1328 2132 1382 ἀδελ-

539 1416 725 1486 φιδοῦν
757 1420 786 1470 6
829 1417 1081 1491 Ἀϐραάμ
1101 1436 1116 1451 ·
1141 1422 1243 1475 οὐκ
1283 1422 1605 1475 ἐνεκάλεσεν
1644 1422 1839 1493 ήγυνή
1864 1438 1877 1451 ·
1912 1420 2133 1475 ἐκέλευ-

540 1524 634 1563 σεν
669 1511 841 1579 αὐτὴν
873 1511 993 1565 ὁδὸν
1024 1512 1241 1566 ὁδεῦσαι
1286 1514 1540 1584 μακράνυ
1591 1513 1692 1566 ούκ
1719 1515 1975 1567 ἀντεῖπεν
2009 1512 2130 1566 οὐδὲ

537 1600 677 1669 πρὸς
701 1602 879 1666 τοῦτο,
907 1603 1022 1656 ἀλλ’
1045 1604 1403 1674 ἠκολούθησε.
1434 1605 1605 1658 ΙΙάλιν
1635 1606 1773 1676 μετά
1800 1605 1899 1670 τάς
1927 1605 2129 1668 πολλὰς

534 1692 912 1764 ταλαιπωρίας
932 1696 1148 1761 ἐκείνας
1176 1698 1272 1751 καὶ
1294 1699 1421 1761 τοὺς
1450 1696 1687 1768 μόχθους
1716 1698 1951 1760 καὶτοὺς
1974 1697 2132 1766 ἱδρῶ·

535 1801 639 1849 τας
661 1786 772 1839 τῶν
802 1788 1020 1840 πάντων
1059 1788 1249 1860 κύριος
1279 1789 1595 1859 γενόμενος,
1622 1789 1988 1861 παρεχώρησε
2020 1789 2132 1844 τῶν

535 1881 827 1953 πρωτείων
850 1880 999 1954 [257]
1017 1882 1095 1953 τῷ
1124 1882 1268 1936 Λώτ·
1303 1883 1397 1936 καὶ
1425 1884 1487 1936 οὐ
1519 1884 1682 1953 μόνον
1711 1883 1812 1936 οὐκ
1837 1882 2126 1953 ἐδυσχέρα-

534 1991 626 2028 νεν
661 1977 696 2046 ἡ
724 1975 914 2048 Σάρῤα
943 1976 1083 2048 πρὸς
1123 1975 1306 2040 τοῦτο,
1333 1976 1450 2030 ἀλλ’
1479 1976 1599 2030 οὐδὲ
1634 1976 1694 2029 τὸ
1720 1976 1892 2046 στόμα
1920 1976 2124 2048 διῆρεν,

532 2066 658 2120 οὐδὲ
681 2067 983 2138 ἐφθέγξατό
1002 2086 1053 2122 τι
1079 2068 1341 2133 τοιοῦτον,
1365 2063 1477 2123 οἷον
1505 2068 1701 2122 πολλαὶ⁵
1722 2068 1829 2121 τῶν
1851 2068 2127 2139 γυναικῶν

533 2158 632 2213 νῦν
665 2160 1018 2230 φθέγγονται,
1056 2163 1186 2215 ὅταν
1238 2161 1422 2214 ἴδωσιν
1454 2160 1882 2232 ἐλαττουμένους
1911 2163 1970 2214 ἐν
2007 2163 2126 2225 ταῖς

530 2253 811 2317 τοιαύταις
853 2254 1071 2325 μοίραις
1128 2253 1256 2317 τοὺς
1315 2254 1516 2325 ἄνδρας
1565 2254 1692 2317 τοὺς
1743 2253 1975 2317 ἑαυτῶν,
2033 2255 2125 2307 καὶ

534 2344 776 2415 μάλιστα
829 2344 934 2398 ὑπὸ
985 2346 1307 2408 ἐλαττόνων,
1355 2346 1710 2410 όνειδίζουσαι
1765 2347 1860 2398 καὶ
1909 2347 2127 2416 μωροὺς

530 2436 628 2489 καὶ
656 2437 919 2507 ἀνοήτους
951 2436 1218 2491 καλοῦσαι
1264 2440 1359 2492 καὶ
1391 2438 1691 2508 ἀνάνδρους
1732 2439 1828 2491 καὶ
1860 2437 2126 2507 προδότας

530 2530 628 2584 καὶ
668 2530 882 2595 νωθεῖς.
939 2530 1079 2584 Ἀλλ’
1126 2530 1278 2584 οὐδὲν
1320 2531 1507 2601 ἐκείνη
1542 2529 1787 2584 τοιοῦτον
1820 2530 1943 2583 οὔτε
1970 2528 2126 2584 εἶπεν

527 2621 655 2677 οὔτε
676 2622 981 2695 ἐνενόησεν,
1005 2622 1120 2676 ἀλλ’
1141 2623 1395 2696 ἔστερξεν
1414 2624 1634 2678 ἅπαντα
1652 2622 1722 2677 τά
1740 2622 1872 2695 παρ’
1911 2623 2123 2676 ἐκείνου

526 2716 811 2787 γινόμενα.
850 2714 962 2768 Kal
1007 2715 1070 2769 τὸ
1112 2715 1176 2787 δὴ
1216 2715 1421 2786 μεῖζον⁸
1476 2715 1615 2786 μετὰ
1676 2715 1785 2786 γάρ
1828 2716 1890 2769 τὺ
1932 2715 2124 2787 κύριον

527 2811 737 2863 ἐκεῖνον
761 2808 1015 2876 γενέσθαι
1037 2810 1138 2880 τῆς
1165 2811 1434 2880 αἱρέσεως
1458 2811 1553 2863 καὶ
1574 2810 1644 2863 τὰ
1666 2810 1928 2863 ἐλάττονα
1956 2825 2126 2881 προσ-

530 2906 685 2973 ρῖψαι
738 2902 816 2973 τῷ
856 2902 1008 2974 θείῳ,
1060 2903 1304 2966 κίνδυνος
1350 2905 1515 2958 αὑτὸν
1553 2902 1821 2959 κατέλαϐε
1865 2902 2123 2973 χαλεπός.

527 2995 642 3047 Καὶ
663 2994 902 3058 ἀκούσας
929 2997 958 3047 6
990 2996 1359 3067 πατριάρχης,
1386 2995 1598 3059 πάντας
1635 2994 1953 3049 καθώπλισε
1996 2995 2125 3058 τοὺς

526 3087 719 3149 αὑτοῦ,
748 3089 846 3141 καὶ
875 3088 1009 3158 πρὸς
1035 3088 1155 3141 ὅλον
1185 3088 1244 3142 τὸ
1278 3088 1385 3141 τῶν
1416 3088 1645 3159 Περσῶν
1679 3086 2126 3159 παρεσκευάζετο

530 3179 899 3252 στρατόπεδον
945 3179 1084 3249 μετά
1116 3179 1227 3233 τῶν
1256 3181 1485 3234 οἰκετῶν
1514 3180 1624 3237 τῶν
1677 3180 1872 3234 ἐαυτοῦ
1927 3180 2122 3251 μόνον’

526 3271 624 3325 καὶ
661 3270 783 3323 οὐδὲ
815 3270 937 3323 τότε
978 3270 1140 3324 αὐτὸν
1177 3272 1441 3343 κατέσχεν
1469 3272 1676 3343 ἐκείνη,
1708 3272 1831 3325 ούδέ
1853 3267 2008 3327 εἶπεν
2038 3266 2128 3327 οἶα

526 3364 711 3427 εἰκός·
748 3364 1061 3434 Ἀνθρωπε,
1102 3367 1195 3417 ποῖ
1227 3365 1391 3437 φέρῃ,
1424 3365 1569 3419 κατά
1594 3364 1857 3437 κρημνῶν
1896 3365 2126 3419 σεαυτὸν

525 3456 685 3511 ὠθῶν
708 3457 804 3510 καὶ
825 3458 1104 3521 τοσούτοις
1143 3457 1390 3522 ἐκδιδοὺς
1418 3457 1709 3523 κινδύνοις,
1745 3458 1884 3532 ὑπὲρ
1928 3459 2126 3531 ἀνδρὸς

525 3549 818 3621 ύϐρικότος
848 3566 908 3602 σε
935 3549 1033 3603 καὶ
1066 3550 1132 3603 τά
1164 3551 1232 3603 σά
1259 3550 1574 3621 ἡρπακότος
1608 3548 1848 3614 ἅπαντα,
1886 3551 1949 3605 τὸ
1983 3546 2127 3624 αἷμα

525 3641 767 3712 ἐκχέων;
826 3639 890 3694 Εί
936 3642 1046 3713 γὰρ
1113 3641 1212 3695 καὶ
1271 3641 1470 3694 σαυτοῦ
1538 3644 1940 3714 καταφρονεῖς,
2009 3643 2123 3698 ἀλλ’

524 3734 629 3805 ἐμὲ
672 3735 774 3803 τὴν
831 3733 1240 3789 καταλιποῦσαν
1280 3735 1462 3789 οἰκίαν
1500 3734 1595 3788 καὶ
1641 3734 1876 3805 πατρίδα
1910 3735 2006 3790 καὶ
2037 3735 2125 3806 φί-

525 3826 655 3892 λους
713 3828 809 3881 καὶ
860 3830 1145 3897 συγγενεῖς
1198 3828 1294 3881 καὶ
1345 3826 1616 3898 τοσαύτην
1675 3828 2126 3899 ἀκολουθήσασάν

527 3937 613 3975 σοι
661 3920 970 3992 ἀποδημίαν
1016 3921 1260 3993 ἐλέησον,
1295 3919 1388 3973 καὶ
1437 3920 1513 3992 μὴ
1566 3920 1873 3994 περιϐάλῃς
1925 3922 2126 3993 χηρείᾳ

525 4015 623 4068 καὶ
653 4017 765 4079 τοῖς
811 4015 922 4069 ἀπὸ
948 4016 1047 4086 τῆς
1077 4014 1310 4086 χηρείας
1337 4017 1549 4077 κακοῖς.
1579 4015 1747 4068 Οὐδὲν
1774 4014 1981 4070 τούτων
2022 4016 2125 4070 οὐκ

525 4105 703 4173 εἶπεν,
730 4108 832 4161 οὐκ
872 4109 1178 4177 ἐνενόησεν,
1209 4107 1325 4161 ἀλλ’
1352 4108 1518 4178 ἔφερε
1557 4109 1738 4161 πάντα
1775 4111 1926 4180 σιγῇ.
1963 4108 2123 4163 Μετά

523 4201 701 4256 ταῦτα
751 4202 851 4273 τῆς
888 4201 1130 4273 γαστρὸς
1161 4202 1362 4270 ἀγόνου
1414 4201 1706 4273 μενούσης,
1736 4202 1875 4274 αῦτη
1926 4203 2027 4272 μὲν
2056 4202 2120 4255 ού

525 4297 732 4368 πάσχει
758 4295 830 4351 τά
869 4295 980 4348 τῶν
1015 4296 1316 4365 γυναικῶν,
1344 4294 1466 4348 οὐδὲ
1511 4295 1846 4367 ἀποδύρεται
1869 4312 1880 4323 °
1915 4297 2123 4360 ἐκεῖνος

524 4391 582 4444 δὲ
621 4389 832 4462 θρηνεῖ,
866 4389 983 4443 ἀλλ’
1019 4387 1140 4459 οὐχὶ
1178 4387 1317 4459 πρὸς
1349 4387 1450 4459 τὴν
1496 4391 1753 4456 γυναῖκα.
1798 4388 1937 4443 ἀλλά
1983 4389 2121 4460 πρὸς

522 4486 617 4537 τὸν
650 4483 805 4538 Θεόν.
840 4482 954 4535 Kal
982 4481 1086 4551 δρα
1113 4480 1230 4543 πῶς
1261 4480 1494 4544 ἕκαστος
1520 4479 1582 4533 τὸ
1613 4481 1892 4551 προσῆκον
1923 4480 2119 4551 διαφυ-

523 4573 732 4629 λάττει.
786 4571 925 4628 Οῦτε
976 4573 1086 4643 γὰρ
1115 4572 1278 4634 αὐτὸς
1312 4572 1696 4643 κατεφρόνησε
1757 4572 1852 4642 τῆς
1898 4573 2120 4646 Σάρρας

524 4669 600 4732 ὡς
629 4667 877 4731 ἄπαιδος,
909 4665 1034 4719 οὔτε
1065 4664 1310 4718 ὠνείδισέ
1340 4681 1395 4716 τι
1423 4664 1663 4718 τοιοῦτον
1696 4665 1863 4737 αὐτῇ·
1890 4667 2119 4738 κάκείνη

524 4762 691 4815 πάλιν
730 4759 1034 4814 ἐσπούδασε
1080 4757 1181 4827 τῆς
1220 4756 1473 4821 ἀπαιδίας
1524 4758 1810 4829 ἐπινοῆσαι
1856 4777 2118 4831 παραμυ-

526 4854 650 4908 θίαν
698 4853 849 4922 αὺτῷ
893 4869 1016 4905 τινα
1073 4851 1182 4905 ἀπὸ
1228 4851 1329 4921 τῆς
1393 4851 1723 4922 παιδίσκης·
1760 4852 1977 4907 οὐδέπω
2008 4854 2121 4926 γάρ

525 4946 702 5000 ταῦτα
728 4946 851 4999 τότε
894 4944 1195 5009 κεκώλυτο,
1229 4943 1376 4998 καθά
1409 4945 1530 4999 νῦν.
1573 4945 1689 4998 Νῦν
1729 4946 1837 5018 γὰρ
1865 4946 1990 5000 οὔτε
2020 4963 2120 5016 γυ-

526 5040 672 5105 ναιξὶ
702 5038 931 5093 τοιαῦτα
958 5022 1186 5111 ἀνδράσι
1231 5037 1559 5109 χαρίζεσθαι
1609 5038 1789 5111 θέμις,
1823 5039 1948 5093 οὔτε
1975 5042 2121 5096 ἐκεί-

526 5149 661 5197 νοις,
700 5130 824 5185 οῦτε
867 5130 1081 5185 είδυιῶν
1132 5129 1257 5184 οὔτε
1292 5130 1607 5198 ἀγνοουσῶν
1658 5130 1767 5185 τῶν
1819 5134 2116 5201 γυναικῶν,

524 5225 805 5290 τοιαύταις
858 5226 1069 5298 μίξεσιν
1121 5225 1443 5294 ἐπιχειρεῖν,
1497 5223 1600 5277 κᾶν
1648 5225 1908 5295 μυριάκις
1956 5227 2120 5298 ήτῆς

523 5318 789 5383 ἀπαιδίας
837 5319 1032 5390 ἐνοχλῇ
1064 5317 1243 5387 λύπη·
1286 5318 1410 5370 ἐπεὶ
1450 5316 1772 5370 ἀκούσονται
1803 5318 1897 5370 καὶ
1941 5320 2117 5385 αὐτοὶ,

526 5414 607 5468 ὅτι
652 5413 706 5466 '0
727 5409 977 5479 σκώληξ
1005 5408 1207 5465 αὐτῶν
1238 5411 1310 5464 οὐ
1342 5405 1714 5475 τελευτήσει,
1752 5410 1849 5463 καὶ
1894 5410 1959 5462 τὸ
2000 5411 2121 5478 πῦρ

524 5506 729 5567 αὐτῶν
754 5508 828 5561 οὐ
870 5504 1300 5573 σϐεσθήσεται.
1345 5503 1421 5555 Ού
1456 5502 1568 5574 γὰρ
1596 5504 1809 5572 ἐφεῖται
1843 5502 1960 5566 νῦν,
1996 5504 2121 5557 τότε

526 5602 585 5656 δέ
612 5602 716 5655 οὐκ
752 5597 1138 5671 ἀπηγόρευτοο
1171 5594 1252 5649 διὸ
1285 5594 1381 5648 καὶ
1405 5595 1438 5665 ἡ
1480 5594 1620 5665 γυνὴ
1646 5593 1805 5647 τοῦτο
1832 5595 2118 5657 ἐπέταττε,

529 5691 783 5753 κάκεῖνος
812 5688 1081 5759 ὑπήκουε,
1125 5683 1222 5738 καὶ
1266 5680 1391 5736 οὐδὲ
1424 5680 1569 5735 οὕτω
1606 5682 1674 5736 δι’
1708 5681 1924 5753 ἡδονήν.
1978 5682 2121 5735 Ἀλλ’

530 5783 656 5851 ὅρα,
691 5782 849 5852 φησὶ,
880 5779 1000 5842 πῶς
1020 5778 1190 5848 αὐτὴν
1221 5774 1382 5830 πάλιν
1411 5773 1634 5840 ἐξέϐαλε
1662 5772 1995 5845 κελευούσης
2022 5773 2121 5828 αύ-

531 5871 653 5940 τῆς.
703 5870 816 5923 Kal
862 5869 971 5939 7&9
1011 5865 1125 5936 ἐγὼ
1170 5864 1332 5919 τοῦτο
1361 5863 1627 5934 βούλομαι
1672 5864 1862 5931 δεῖξαι,
1905 5864 1988 5918 ὅτι
2027 5880 2124 5919 κιο..

534 5956 688 6023 οὗτος
715 5958 904 6032 ἐκείνῃ
929 5960 1146 6013 ἅπαντα
1175 5955 1442 6024 ἐπείθετο,
1469 5954 1567 6011 καὶ
1593 5954 1778 6028 ἐκείνη
1810 5953 2007 6027 τούτῳ.

1266 374 1323 430 S.
1363 374 1658 431 JOANNIS
1694 369 2191 431 CHRYSOSTOMI
2229 371 2553 430 AKCHIEP.
2591 373 3147 434 CONSTANTlNOP.

3671 395 3757 454 ne

2314 495 2379 557 ζ’.
2406 494 2553 572 Πλῂν
2601 496 2678 567 μὴ
2726 498 2935 561 τούτοις
2965 499 3199 569 πρόσεχε
3226 500 3399 571 μόνον,
3424 505 3532 560 ἀλλ’
3558 511 3589 578 ἡ
3616 515 3759 572 ταῦτα

2241 587 2474 656 λέγουσα
2505 591 2569 645 σὺ
2598 591 2693 644 καὶ
2714 591 2783 644 τά
2826 592 3071 663 πρότερα
3101 595 3336 660 ἐξέταζε,
3377 599 3455 652 ὅτι
3479 600 3674 673 ὕϐριζεν
3697 611 3760 674 εἰς
3872 661 3876 671 ,

2239 681 2431 751 αὐτὴν,
2462 683 2545 736 ὅτι
2583 682 3049 757 κατηλαζονεύετο
3075 686 3175 757 τῆς
3200 690 3406 761 κυρίας,
3443 688 3499 749 οῦ
3522 696 3571 749 τί
3596 699 3760 765 γένοιτ’

2237 772 2304 826 ἂν
2347 774 2737 848 ὀδυνηρότερον
2782 777 3048 851 ἐλευθέρᾳ
3089 782 3306 848 γυναικὶ
3346 785 3435 838 καὶ
3478 788 3761 862 εὐσχήμονις

2237 863 2331 934 Μὴ
2358 864 2540 917 τοίνυν
2567 865 2662 919 τοῦ
2694 865 2886 936 ἀνδρὸς
2912 867 3012 937 τὴν
3040 869 3239 941 ἀρετὴν
3262 873 3557 942 ἀναμενέτω
3577 880 3607 948 ὴ
3629 883 3761 953 γυνὴ,

2237 956 2333 1009 καὶ
2364 956 2487 1010 τότε
2533 958 2634 1026 τὴν
2681 959 2885 1029 ἑαυτῆς
2927 961 3245 1032 παρεχέτω·
3301 964 3455 1019 τοῦτο
3492 967 3594 1039 γάρ
3636 972 3761 1027 οὐδὲν

2239 1049 2415 1120 μέγα’
2465 1050 2589 1122 μηδ’
2634 1047 2702 1106 αῦ
2737 1051 2899 1105 πάλιν
2930 1054 2960 1105 6
3006 1055 3146 1129 ἀνὴρ
3176 1056 3275 1127 τὴν
3301 1058 3396 1128 τῆς
3439 1062 3675 1127 γυναικὸς
3696 1067 3764 1118 εὑ-

2233 1139 2446 1207 ταξίαν,
2481 1141 2580 1194 καὶ
2598 1141 2724 1194 τότε
2759 1141 3119 1211 φιλοσοφείτω
3138 1162 3151 1174 ·
3178 1144 3299 1199 ούδέ
3320 1146 3426 1217 7&9
3447 1148 3596 1203 τοῦτο
3614 1150 3764 1206 λοιπὸν

2235 1233 2404 1288 αὐτοῦ
2443 1234 2779 1306 κατόρθωμα
2795 1252 2810 1266 ·
2836 1235 2950 1290 ἀλλ’
2978 1236 3225 1303 ἕκαστος,
3255 1240 3388 1311 ὅπερ
3410 1241 3558 1313 έφην,
3585 1245 3646 1298 τά
3664 1248 3763 1318 παρ’

2236 1332 2430 1387 ἑαυτοῦ
2462 1335 2752 1405 παρεχέτω
2797 1334 3083 1405 πρότερος.
3119 1336 3182 1389 El
3209 1336 3317 1409 7&9
3343 1341 3451 1402 τοῖς
3482 1338 3663 1405 ἔξωθεν
3692 1344 3766 1413 ῥα-

2234 1426 2455 1489 πίζουσι
2480 1424 2580 1497 τὴν
2599 1423 2801 1490 δεξιὰν,
2827 1426 2910 1478 δεῖ
2925 1427 3024 1497 τὴν
3053 1428 3248 1499 ἑτέραν
3269 1429 3525 1485 ἐκδιδόναι
3558 1434 3763 1500 σιαγόνα,

2235 1516 2421 1587 πολλῷ
2455 1517 2656 1589 μᾶλλον
2696 1518 2865 1589 ἀνδρα
2918 1518 3321 1592 θρασυνόμενον
3352 1524 3433 1577 δεῖ
3460 1525 3652 1594 φέρειν.
3681 1528 3766 1581 Kal

2233 1609 2296 1663 ού
2351 1609 2513 1664 τοῦτο
2561 1610 2716 1684 [258]
2767 1611 2945 1681 λέγω,
3002 1611 3144 1666 ὥστε
3212 1615 3506 1670 τύπτεσθαι
3550 1623 3764 1686 γυναῖκα,

2233 1701 2416 1769 ἄπαγε
2436 1718 2451 1733 ο
2503 1702 2709 1773 ἐσχάτη
2750 1701 2861 1773 γὰρ
2887 1702 3046 1756 τοῦτο
3085 1704 3265 1775 ὕϐρις,
3299 1707 3360 1760 οὐ
3386 1710 3448 1779 τῇ
3480 1712 3767 1782 τυπτομένῃ,

2235 1791 2371 1845 ἀλλά
2398 1792 2476 1863 τῷ
2506 1792 2763 1847 τύπτοντι
2781 1810 2793 1823 ’
2830 1793 2966 1848 ἀλλά
2995 1794 3099 1848 κᾶν
3130 1797 3240 1850 ἀπὸ
3271 1800 3628 1870 περιστάσεώς
3652 1818 3768 1866 τινος

2237 1883 2548 1956 κληρωθῇς,
2581 1871 2628 1939 ὧ
2657 1885 2838 1954 γύναι,
2864 1888 3097 1957 συνοῖκῳ
3126 1890 3373 1961 τοιούτῳ,
3415 1893 3487 1964 μὴ
3524 1893 3768 1966 δυσχεραί-

2234 1988 2351 2042 νῃς,
2372 1971 2463 2023 τὸν
2480 1972 2840 2042 ἀποκείμενον
2858 1974 2997 2043 ὑπὲρ
3013 1974 3220 2029 τούτων
3236 1978 3490 2034 ἐννοοῦσα
3509 1982 3679 2051 μισθὸν
3697 1983 3771 2036 xal
3884 2040 3885 2049 ξ

2235 2063 2327 2115 τὸν
2347 2064 2404 2115 ἐν
2422 2062 2500 2133 τῷ
2524 2064 2751 2135 παρόντι
2775 2064 2875 2137 βίῳ
2900 2065 3144 2119 ἔπαινον.
3168 2068 3281 2121 Kal
3307 2070 3439 2142 πρὸς
3457 2072 3770 2141 ὑμᾶςδὲτοῦς
3884 2122 3885 2135 η

2231 2154 2430 2226 ἄνδρας
2460 2156 2639 2208 ἐκεῖνό
2662 2173 2804 2226 φημι
2823 2173 2837 2187 ο
2869 2158 3037 2228 μηδὲν
3065 2159 3207 2213 ἑστω
3227 2162 3464 2216 τοιοῦτον
3489 2164 3766 2235 ἁμάρτημα,

2229 2247 2305 2310 ὡς
2343 2249 2425 2309 εἰς
2466 2247 2716 2319 ἀνάγκην
2764 2249 2910 2318 ὑμᾶς
2957 2252 3113 2319 ἀγειν
3163 2253 3260 2306 τοῦ
3304 2256 3539 2322 γυναῖκα
3565 2256 3765 2309 τύπτειν.

2239 2340 2348 2394 Kal
2390 2339 2445 2393 τί
2501 2340 2644 2408 λέγω
2686 2344 2951 2408 γυναῖκα;
2991 2343 3112 2396 οὐδὲ
3166 2346 3523 2415 θεραπαινίδα
3568 2348 3658 2417 μὲν
3699 2343 3764 2401 οὖν

2229 2431 2388 2502 ἀνδρὶ
2415 2430 2643 2484 τύπτειν
2679 2432 2953 2505 ἐλευθέρῳ
2990 2436 3084 2488 καὶ
3115 2439 3307 2508 χεῖρας
3339 2440 3558 2506 ἐπάγειν
3587 2438 3759 2492 ἀνεκτὸν

2229 2522 2295 2577 ἀν
2316 2523 2434 2617 εἴη.
2468 2525 2533 2578 El
2553 2524 2609 2577 δέ
2634 2525 2830 2595 δούλην
2860 2528 3139 2599 τυπτῆσαι
3166 2531 3324 2599 ἀνδρὶ
3347 2533 3481 2587 πολὺ
3511 2534 3569 2587 τὸ
3588 2534 3762 2598 δνειδος,

2229 2616 2413 2687 πολλῷ
2462 2618 2663 2687 μᾶλλον
2717 2620 2861 2673 κατά
2904 2623 3002 2693 τῆς
3045 2622 3342 2695 ἐλευθέρας
3396 2628 3653 2681 ἀνατεῖναι
3691 2626 3765 2694 τὴν

2224 2709 2429 2777 δεξιάν.
2484 2711 2594 2764 Kal
2646 2711 2802 2767 τοῦτο
2832 2715 2925 2767 καὶ
2974 2717 3040 2770 ἐκ
3072 2717 3183 2770 τῶν
3233 2718 3434 2785 ἔξωθεν
3473 2721 3535 2773 ἀν
3574 2737 3648 2782 τις
3691 2718 3765 2771 ίδοι
3874 2768 3877 2775 .

2226 2802 2556 2874 νομοθετῶν,
2584 2804 2632 2858 οἳ
2662 2806 2759 2876 τὴν
2788 2807 2858 2860 τά
2885 2809 3113 2863 τοιαῦτα
3135 2810 3420 2865 παθοῦσαν
3442 2812 3615 2865 οὐκέτι
3637 2812 3768 2877 ἀναγα
3874 2862 3885 2871 ,

2226 2895 2457 2961 κάζουσι
2499 2901 2773 2952 συνοικεῖν
2820 2900 2899 2971 τῷ
2937 2903 3300 2974 τυπτήσαντι,
3341 2905 3438 2960 ἀτε
3471 2905 3659 2977 ἀναξίῳ
3682 2904 3769 2959 ὄντι

2226 2988 2331 3061 τῆς
2372 2989 2509 3061 πρὸς
2538 2991 2710 3062 αὐτὴν
2741 2992 2978 3062 ὁμιλίας.
3023 2994 3135 3047 Kal
3166 2994 3281 3068 7&9
3321 2996 3553 3069 ἐσχάτης
3577 3000 3771 3068 παρανο-
3884 3046 3885 3055 η

2230 3084 2360 3155 μίας
2393 3082 2494 3155 τὴν
2527 3082 2623 3136 τοῦ
2669 3083 2788 3154 βίου
2818 3084 3095 3153 κοινωνὸν,
3138 3087 3243 3158 τὴν
3269 3089 3329 3141 ἐν
3357 3091 3470 3152 τοῖς
3500 3086 3771 3156 ἀναγκαίοις

2226 3177 2324 3231 καὶ
2346 3176 2612 3231 ἀνωτάτω
2635 3192 2719 3229 σοι
2746 3178 3260 3250 συνεφαπτομένην,
3288 3181 3490 3252 ταύτην
3519 3185 3593 3245 ὡς

2227 3268 2389 3323 ποδον
2431 3268 2740 3340 ἀτιμάζειν.
2794 3269 2888 3322 Διὸ
2929 3270 3023 3323 καὶ
3064 3271 3157 3325 τὸν
3184 3272 3430 3327 τοιοῦτον
3448 3250 3639 3345 ἀνδρα,
3665 3273 3771 3339 εἶτε

2226 3360 2396 3433 ἄνδρα
2426 3360 2588 3414 αὐτὸν
2610 3359 2692 3412 δεῖ
2719 3360 2928 3427 καλεῖν,
2954 3361 3072 3415 ἀλλ’
3120 3363 3246 3434 οὐχὶ
3285 3366 3497 3439 θηρίον,
3525 3367 3613 3420 καὶ
3636 3380 3771 3435 πατρ-
3888 3352 3889 3359 “

2226 3453 2412 3507 αλοίου
2441 3453 2536 3507 καὶ
2567 3453 2904 3524 μητραλοίου
2928 3454 3042 3509 ἴσον
3061 3451 3200 3510 εἶναι
3217 3460 3392 3530 φαίην
3405 3459 3490 3515 ἀν.
3505 3459 3565 3513 El
3585 3458 3681 3529 γὰρ
3702 3454 3768 3509 καὶ
3878 3446 3889 3521 ς

2228 3546 2439 3617 πατέρα
2457 3546 2553 3601 καὶ
2574 3547 2790 3618 μητέρα
2805 3547 2894 3600 διά
2910 3548 3118 3620 ταύτην
3135 3551 3359 3619 ἀφεῖναι
3379 3553 3768 3625 προσετάγημεν.

2226 3639 2326 3693 οὐκ
2345 3638 2660 3702 ἀδικοῦντες
2674 3639 2937 3705 ἐκείνους,
2956 3640 3095 3696 ἀλλά
3110 3643 3281 3715 νόμον
3300 3644 3445 3698 θεῖον
3463 3642 3769 3716 πληροῦντες,

2226 3731 2319 3785 καὶ
2345 3733 2462 3796 τοῖς
2489 3731 2876 3802 γεγεννηκόσιν
2899 3734 3083 3800 αὐτοῖς
3104 3735 3251 3791 οὕτω
3270 3738 3519 3792 ποθεινὸν
3534 3736 3692 3797 τοῦτο,
3716 3732 3771 3794 ὡς
3884 3800 3889 3809 _

2225 3829 2320 3882 καὶ
2345 3828 2545 3893 αὐτοὺς
2567 3829 2695 3892 τοὺς
2733 3829 3324 3903 καταλιμπανομένους
3356 3834 3452 3888 καὶ
3484 3834 3635 3904 χάριν
3662 3832 3770 3901 ἔχειν
3886 3884 3889 3913 1

2225 3923 2322 3981 καὶ
2355 3922 2496 3993 μετά
2526 3921 2728 3993 πολλῆς
2748 3921 2935 3976 ἀνύειν
2962 3923 3096 3977 αὐτὸ
3115 3926 3216 3994 τῆς
3261 3927 3503 3996 σπουδῆς
3524 3939 3537 3953 ⁸
3573 3924 3673 3986 πῶς
3696 3921 3771 3974 οὐκ

2225 4013 2463 4083 ἐσχάτης
2490 4012 2690 4083 μανίας
2708 4012 2917 4083 ταύτην
2939 4013 3205 4083 ὑϐρίζειν,
3247 4016 3318 4070 δι’
3348 4018 3418 4090 ἣν
3455 4020 3550 4072 καὶ
3571 4016 3682 4079 τοὺς
3697 4028 3771 4082 γε·
3886 3996 3889 4003 Ι

2224 4105 2558 4176 γεννηκότας
2584 4107 2615 4158 6
2645 4105 2779 4169 Θεὸς
2808 4107 3025 4175 ἀφεῖναι
3052 4107 3379 4175 ἐκέλευσεν;
3418 4108 3506 4183 ἆρ’
3531 4108 3619 4164 οὖν
3640 4105 3770 4179 μανία

2227 4198 2389 4269 μόνον
2432 4197 2626 4263 τοῦτο;
2669 4197 2780 4269 Τὴν
2802 4197 2861 4249 δέ
2900 4197 3187 4270 αἰσχύνην,
3224 4203 3361 4256 είπέ
3387 4220 3499 4273 μοι,
3534 4203 3612 4268 τίς
3635 4202 3769 4260 οίσει;

2225 4294 2377 4357 ποῖος
2413 4292 2471 4346 δέ
2522 4291 2692 4364 αὐτὴν
2741 4293 3092 4363 παραστῆσαι
3134 4292 3428 4366 δυνήσεται
3476 4296 3640 4365 λόγος,
3670 4295 3770 4347 ὅταν

2222 4385 2475 4454 ὀλολυγαὶ
2503 4382 2597 4439 καὶ⁴
2637 4385 2878 4437 κωκυτοὶ
2925 4384 3065 4438 κατὰ
3103 4386 3230 4450 τοὺς
3262 4391 3570 4453 στενωποὺς
3598 4387 3769 4457 φέρωνο

2220 4497 2332 4546 ται,
2377 4480 2473 4533 κα)⁵
2505 4478 2707 4551 δρόμος
2738 4478 2832 4531 ἐπὶ
2863 4477 2963 4549 τὴν
2992 4478 3171 4532 οἰκίαν
3214 4479 3315 4534 τοῦ
3360 4481 3530 4537 ταῦτα
3565 4485 3769 4550 ἀσχημο·

2223 4574 2444 4637 νοῦντος
2473 4572 2568 4626 καὶ
2599 4571 2709 4625 τῶν
2737 4571 3002 4641 γειτόνων
3028 4574 3121 4626 καὶ
3149 4571 3259 4627 τῶν
3289 4575 3612 4648 παριόντων,
3632 4570 3769 4626 καθά-

2224 4682 2331 4737 περ
2369 4664 2514 4727 τινὺς
2551 4662 2740 4735 θηρίου
2783 4663 2853 4717 τά
2899 4662 3047 4717 ἔνδον
3091 4663 3535 4738 λυμαινομένου;
3590 4665 3767 4719 Βέλτιον

2221 4758 2506 4829 διαστῆναι
2531 4756 2631 4828 την
2676 4756 2781 4826 γῆν
2809 4756 2887 4828 τῷ
2925 4756 2993 4810 τά
3021 4757 3245 4812 τοιαῦτα
3272 4759 3634 4831 παροινοῦντι,
3659 4753 3760 4829 ἦκ’

2220 4852 2427 4923 ἀγορᾶς
2457 4849 2622 4904 αὐτὸν
2663 4848 2897 4917 ὀφθῆναι
2925 4848 3133 4903 λοιπόν.
3193 4850 3358 4905 Ἀλλά
3410 4845 3765 4922 θρασύνεταιή

2220 4942 2380 5014 γυνὴ,
2430 4943 2616 5013 φησιν.
2687 4939 2826 4994 Ἀλλ’
2871 4937 3125 5007 ἐννόησον
3168 4940 3249 4993 ὃτι
3290 4941 3451 5011 γυνὴ,
3479 4942 3540 4995 τὸ
3585 4936 3770 4996 ἀσθενὲς

2223 5035 2438 5101 σκεῦος,
2473 5036 2538 5089 σὺ
2569 5035 2625 5088 δὲ
2656 5034 2815 5105 ἀνήρ.
2850 5031 2950 5084 Διά
2994 5032 3104 5102 7&9
3139 5032 3300 5086 τοῦτο
3330 5035 3425 5087 καὶ
3456 5034 3633 5104 άρχων
3657 5034 3770 5100 ἐχει-

2223 5128 2541 5201 ροτονήθης,
2585 5127 2681 5181 καὶ
2730 5127 2788 5178 ἐν
2814 5124 2966 5189 τάξει
3011 5125 3257 5195 κεφαλῆς
3283 5126 3492 5197 ἐδόθης,
3520 5126 3603 5179 ἵνα
3631 5124 3771 5195 φέρῃς

2219 5223 2321 5293 τῆς
2349 5220 2663 5293 ἀρχομένης
2706 5217 2805 5289 τὴν
2834 5217 3143 5275 ἀσθένειαν.
3179 5219 3414 5289 Ποίησον
3451 5219 3623 5272 τοίνυν
3655 5218 3769 5283 λαμ·

2221 5316 2366 5386 πράν
2394 5332 2476 5367 σοι
2508 5313 2607 5384 τὴν
2641 5313 2819 5383 ἀρχήν
2841 5326 2855 5341 ⁸
2887 5311 3042 5363 ἔσται
3080 5309 3139 5362 δέ
3177 5310 3428 5383 λαμπρὰ,
3464 5311 3587 5364 ὅταν
3623 5307 3773 5374 τὸάρ·

2219 5409 2449 5480 χύμενον
2502 5407 2577 5478 μὴ
2605 5404 2901 5476 ἀτιμάζῃς.
2961 5403 3071 5457 Καὶ
3122 5404 3376 5473 καθάπερ
3425 5405 3453 5457 6
3509 5388 3773 5473 paulatim}

2219 5499 2462 5571 τοσούτῳ
2500 5498 2827 5569 σεμνότερος
2872 5498 3144 5565 φανεῖται,
3180 5497 3289 5568 ὅσῳ
3320 5494 3390 5549 ἀν
3436 5494 3527 5548 τὸν
3559 5492 3771 5562 ὕπαρχον

2223 5594 2548 5666 σεμνότερον
2573 5590 2827 5661 ἀποφήνῃ
2849 5604 2862 5618 ·
2885 5587 2953 5643 ἀν
2977 5588 3035 5641 δέ
3055 5589 3299 5659 ἀτιμάσῃ
3344 5586 3441 5642 καὶ
3467 5579 3770 5653 καταισχύνῃ

2220 5664 2321 5758 τῆς
2351 5685 2513 5751 ἀξίας
2545 5682 2761 5753 ἐκείνης
2785 5680 2845 5735 τὸ
2882 5664 3134 5752 μέγεθος,
3169 5682 3263 5734 καὶ
3288 5679 3388 5749 τῆς
3416 5675 3604 5732 ἑαυτοῦ
3637 5670 3769 5736 δόξης

2220 5781 2322 5834 οὐκ
2348 5778 2530 5848 ὀλίγον
2554 5775 2923 5847 ὑποτέμνεται
2954 5772 3149 5845 μέροςο
3182 5772 3322 5831 οὕτω
3355 5771 3449 5825 καὶ
3498 5770 3559 5822 σὺ
3604 5767 3665 5820 ἂν
3688 5763 3771 5829 τὴν

2226 5873 2364 5947 μετά
2395 5873 2456 5926 σέ
2488 5870 2765 5943 ἄρχουσαν
2794 5867 3093 5939 ἀτιμάσῃς,
3120 5867 3222 5937 οὐχ
3251 5865 3326 5927 ὡς
3356 5864 3511 5933 ἔτυχε
3541 5854 3769 5929 λυμανεῖς

2106 5990 2146 6041 .”
2227 5983 2325 6020 σου
2360 5964 2461 6037 τῆς
2489 5961 2666 6035 ἀρχῆς
2701 5960 2800 6034 τὴν
2826 5961 3013 6033 τιμήν.
3039 5957 3227 6012 Ταῦτα
3249 5955 3424 6011 τοίνυν
3461 5951 3767 6022 λογιζόμενος
