3962 6464
168 434 258 493 99;
1140 414 1204 470 IN
1246 411 1458 469 EPIST.
1499 411 1523 467 ῐ
1585 408 1679 465 AD
1715 407 1875 464 COR.
1916 406 2146 464 HOMIL.
2187 407 2376 466 XXVI.

169 547 318 600 virum
344 539 502 605 feras,
530 535 854 608 splendidam
880 532 1113 604 accipies
1139 545 1398 587 coronam
1427 529 1546 584 :sin
1567 542 1719 580 man-

169 647 350 691 suetum
377 642 431 688 et
458 633 662 696 mitem,
692 645 850 699 quam
896 627 988 682 tibi
1020 628 1156 681 Deus
1202 625 1351 680 dabit
1377 619 1720 678 mercedem?

170 729 224 784 Et
240 727 344 781 haec
363 724 485 778 dico
509 737 607 776 non
630 721 824 791 jubens
839 720 1066 774 maritos
1080 732 1199 773 esse
1224 730 1396 770 saevos
1409 724 1463 769 et
1477 726 1717 782 asperos,

172 822 245 877 sed
268 816 587 888 persuadens
612 814 924 868 mulieribus
950 821 1008 867 ιιι
1030 811 1177 865 viros
1206 809 1367 864 etiam
1408 808 1614 867 feroces
1642 803 1722 860 fe-

181 922 283 967 rant.
305 909 438 963 Cum
479 909 619 964 enim
649 907 1014 977 unusquisque
1041 919 1137 958 sua
1168 902 1391 971 implere
1418 898 1684 954 curaverit
1702 938 1718 962 ,

183 1005 315 1058 statim
339 1010 633 1069 sequentur
651 1000 813 1054 etiam
829 1013 890 1052 ea
916 1012 1034 1065 quae
1054 998 1179 1049 sunt
1204 993 1431 1063 proximi
1454 1009 1467 1045 :
1488 988 1720 1057 exempli

178 1107 443 1158 causa,cum
485 1106 619 1146 uxor
648 1098 829 1159 parata
860 1088 1021 1142 fuerit
1048 1086 1115 1141 ad
1163 1086 1336 1139 virum
1365 1098 1614 1153 asperum
1639 1084 1721 1135 fe-

176 1184 384 1247 rendum,
407 1192 464 1237 et
496 1183 576 1236 vir
601 1182 959 1250 importunam
988 1179 1134 1233 illam
1164 1193 1272 1231 non
1300 1174 1620 1231 contumelia
1643 1172 1724 1226 af-

174 1276 345 1339 fecerit,
368 1284 497 1328 tunc
528 1274 706 1329 omnia
747 1271 1013 1327 serenitas
1038 1278 1225 1336 erunt,
1268 1279 1322 1323 et
1351 1278 1536 1338 portus
1561 1285 1591 1321 a
1617 1266 1722 1321 llu-

170 1370 311 1424 ctibus
333 1382 555 1421 vacuus.
588 1367 676 1420 Sic
702 1366 861 1420 etiam
896 1380 991 1418 usu
1020 1363 1268 1417 veniebat
1308 1361 1446 1431 apud
1477 1362 1682 1431 priscos
1707 1378 1721 1418 :

169 1477 243 1515 sua
265 1462 482 1529 quisque
512 1458 789 1528 implebat,
821 1472 919 1512 nec
961 1473 1078 1525 qua:
1108 1455 1339 1525 proximi
1366 1465 1519 1509 erant
1548 1455 1727 1524 exige-

168 1554 257 1607 bat.
297 1551 573 1622 Perpende
612 1560 789 1605 autem
816 1567 829 1602 :
853 1549 1033 1603 fratris
1079 1548 1248 1602 lilium
1287 1561 1471 1603 secum
1520 1548 1726 1616 accepit

168 1645 437 1710 Abraham;
471 1660 581 1698 non
610 1645 661 1698 id
693 1643 1040 1713 reprehendit
1068 1656 1246 1696 uxor:
1272 1641 1570 1711 jussiteam
1604 1641 1723 1694 Ion-

168 1753 268 1809 gum
286 1739 380 1792 iter
406 1738 710 1807 suscipere,
727 1751 899 1806 neque
922 1734 1239 1806 repugnavit
1260 1735 1370 1800 illa,
1391 1734 1485 1789 sed
1502 1744 1725 1804 sequuta

166 1840 247 1884 est.
278 1831 477 1885 Rursus
504 1839 629 1899 post
679 1830 800 1883 illas
831 1832 1025 1883 multas
1070 1842 1372 1893 aerumnas,
1411 1826 1625 1881 labores
1673 1835 1728 1881 et

168 1919 379 1983 sudores,
406 1934 529 1974 cum
558 1920 810 1974 dominus
836 1922 1074 1974 omnium
1103 1926 1265 1983 esset,
1287 1919 1485 1986 primas
1503 1932 1729 1973 conces-

167 2014 219 2066 sit
244 2012 401 2066 Loto:
431 2023 487 2067 et
518 2027 627 2066 non
657 2012 817 2066 modo
862 2012 913 2065 id
945 2025 1052 2065 non
1095 2025 1239 2079 aegre
1274 2011 1391 2064 tulit
1420 2010 1574 2076 Sara,
1631 2009 1724 2064 sed

168 2119 311 2173 neque
345 2119 405 2158 os
434 2105 670 2175 aperuit,
722 2119 822 2158 uec
865 2103 1138 2173 quidpiam
1186 2104 1322 2158 dixit
1357 2118 1565 2168 eorum,
1607 2117 1727 2171 quas

167 2212 286 2252 nunc
323 2198 575 2251 mulieres
628 2198 813 2251 multa:
863 2195 1173 2267 loquuntur,
1227 2212 1349 2250 cum
1378 2195 1561 2250 vident
1585 2196 1727 2250 viros

168 2303 271 2344 suos
310 2289 360 2343 in
388 2289 699 2359 hujnsmodi
743 2290 980 2344 sortibus
1023 2289 1202 2345 minus
1244 2289 1465 2353 habere,
1496 2289 1728 2344 maxime

168 2382 348 2451 quando
366 2397 487 2438 cum
520 2383 865 2438 inferioribus
891 2396 980 2437 res
1003 2390 1108 2447 est,
1126 2382 1517 2452 exprobrantes
1536 2423 1552 2448 ,
1586 2381 1726 2436 stul-

171 2482 252 2538 tos,
271 2475 499 2539 insanos,
526 2476 772 2546 ignavos,
794 2474 1095 2544 proditores
1113 2473 1437 2545 hebetesque
1454 2485 1724 2530 vocantes.

173 2566 393 2622 Seduihil
420 2569 602 2623 simile
632 2569 717 2621 illa
749 2569 834 2622 vel
853 2567 1085 2622 dixitvel
1114 2568 1386 2637 cogitavit,
1410 2566 1503 2623 sed
1534 2582 1730 2638 appro-

172 2660 287 2715 bavit
307 2662 478 2715 omnia
508 2662 581 2715 ab
609 2664 724 2732 ipso
770 2662 927 2716 facta.
957 2661 1221 2730 Quodque
1252 2662 1428 2729 majus
1446 2670 1550 2724 est,
1585 2670 1727 2730 post-

171 2766 299 2820 quam
338 2753 470 2807 Loto
515 2753 640 2807 data
670 2762 753 2807 est
791 2753 1008 2822 Optandi
1058 2753 1283 2807 facultas
1311 2763 1365 2806 et
1400 2755 1604 2807 minora
1638 2754 1727 2808 ille

173 2855 329 2911 patruo
350 2847 640 2905 concessit.
672 2847 724 2898 iu
755 2845 1050 2914 periculqu
1084 2845 1175 2900 ille
1195 2860 1361 2915 grave
1382 2845 1586 2899 incidit.
1611 2844 1727 2911 Quo

172 2935 650 3005 audito,patriarcha
697 2952 886 2991 omnes
916 2951 1043 2992 suos
1066 2938 1315 3000 armavit,
1347 2947 1400 2991 et
1424 2948 1610 2993 contra
1642 2946 1726 2992 to-

174 3035 260 3080 tum
286 3029 560 3083 Persarum
587 3030 887 3083 exercitum
917 3044 1040 3084 sese
1062 3031 1339 3099 apparavit
1364 3045 1483 3084 cum
1507 3031 1727 3086 domes-

175 3118 268 3173 ticis
290 3121 395 3176 suis
442 3132 698 3177 tantum:
744 3137 916 3192 neque
948 3132 1075 3176 tunc
1120 3122 1273 3177 illum
1319 3123 1433 3192 ipsa
1479 3108 1725 3191 retinuit,

175 3226 316 3281 neque
329 3214 476 3280 dixit,
510 3225 569 3269 nt
595 3230 693 3285 par
723 3215 1003 3271 videbatur
1026 3230 1148 3272 esse
1170 3233 1185 3271 :
1204 3215 1321 3284 Quo
1348 3217 1546 3287 pergis,
1575 3233 1608 3271 ο
1632 3218 1726 3273 ho-

176 3316 263 3367 mo,
281 3321 366 3372 per
380 3305 679 3374 prmeipitia
708 3305 1077 3376 teimpellens,
1103 3315 1159 3361 et
1186 3306 1236 3360 in
1261 3314 1406 3360 tanta
1433 3309 1729 3378 conjiciens

179 3384 399 3463 pericula,
438 3414 535 3468 pro
564 3399 687 3453 viro
737 3400 824 3468 qui
857 3408 910 3454 te
934 3400 1257 3454 contumelia
1308 3399 1506 3464 affecit,
1541 3411 1594 3456 et
1640 3413 1728 3457 tua

181 3490 319 3542 omnia
359 3495 553 3561 rapuit,
591 3494 904 3563 sanguinem
947 3492 1218 3548 fundens?
1258 3493 1391 3549 Nam
1422 3496 1466 3550 si
1499 3496 1726 3565 teipsum

181 3577 402 3651 despicis,
444 3600 532 3640 me
585 3584 815 3652 Saltem,
854 3586 944 3654 qui
992 3587 1183 3657 reliqui
1209 3588 1448 3653 domum,
1480 3592 1725 3659 patriam,

183 3675 345 3729 amicos
371 3684 422 3731 et
448 3685 750 3748 cognatos,
796 3688 850 3734 et
900 3680 953 3733 in
1002 3689 1147 3737 tanta
1202 3689 1254 3736 te
1299 3683 1729 3753 peregrinatione

184 3778 273 3818 sum
292 3780 522 3838 sequuta,
558 3770 843 3837 miserare,
877 3786 976 3825 nec
1006 3787 1093 3827 me
1134 3773 1390 3842 conjicias
1421 3775 1472 3827 in
1501 3774 1730 3829 viduita-

185 3863 265 3910 tem
289 3868 337 3913 et
360 3860 408 3914 in
435 3861 719 3916 viduitatis
744 3862 905 3915 mala.
930 3861 1072 3916 Nihil
1111 3862 1302 3917 horum
1333 3863 1416 3918 vel
1447 3864 1597 3929 dixit,
1645 3866 1728 3920 vel

185 3951 426 4022 cogitavit,
448 3955 540 4010 sed
572 3969 703 4010 cum
744 3955 959 4009 silentio
987 3955 1106 4010 tulit
1130 3956 1330 4010 omnia.
1366 3956 1569 4012 Deinde
1597 3972 1727 4012 vero

186 4042 317 4098 sterili
364 4058 619 4102 manente
670 4054 843 4111 utero,
887 4047 1002 4117 ipsa
1045 4046 1259 4117 quidem
1292 4062 1398 4102 non
1436 4046 1636 4118 patitur
1663 4064 1724 4105 ea

188 4146 276 4200 qua:
296 4137 535 4194 mulieres
561 4139 677 4210 pati
705 4138 897 4203 solent,
934 4154 1106 4208 neque
1132 4139 1490 4195 lamentatur:
1518 4140 1609 4197 ille
1634 4158 1729 4197 au-

189 4231 267 4278 tem
285 4227 429 4298 luget,
458 4232 553 4286 sed
585 4246 696 4285 non
717 4230 858 4299 apud
882 4248 1126 4299 uxorem,
1151 4232 1244 4287 sed
1268 4234 1407 4303 apud
1440 4235 1627 4290 Deum.
1662 4236 1729 4292 Et

190 4312 280 4369 vide
301 4321 555 4388 quomodo
591 4321 810 4391 singuli,
831 4322 969 4390 quod
1001 4338 1099 4393 par
1115 4332 1249 4390 erat,
1280 4334 1517 4379 servent.
1542 4326 1727 4397 Neque

189 4405 298 4459 enim
326 4408 406 4465 ille
432 4412 626 4467 Saram
652 4412 895 4482 despexit
924 4423 981 4466 ut
1007 4414 1264 4479 sterilem,
1298 4430 1470 4486 neque
1501 4416 1575 4471 illi
1606 4417 1727 4497 ideo

192 4497 411 4567 quidpiam
435 4504 807 4573 exprobravit.
844 4505 936 4559 llla
981 4521 1111 4561 vero
1136 4506 1370 4562 vicissim
1398 4509 1725 4565 consolatio-

197 4601 287 4645 netu
311 4600 578 4664 quamdam
611 4614 708 4668 pro
734 4599 965 4655 orbitate
1009 4601 1332 4670 excogitavit
1359 4617 1452 4672 per
1477 4603 1723 4658 ancillam

199 4692 606 4747 mmmondnm
645 4692 786 4748 enim
836 4693 922 4748 illa
968 4702 1096 4749 tunc
1144 4694 1405 4763 prohibita
1436 4706 1624 4763 erant,
1670 4708 1729 4752 ιιι

201 4784 307 4829 nunc
328 4793 453 4835 sunt.
480 4784 643 4839 Nunc
667 4783 809 4839 enim
841 4799 1014 4852 neque
1041 4784 1293 4839 uxoribus
1323 4785 1451 4840 licet
1490 4787 1618 4841 viris
1644 4796 1723 4842 ta-

206 4857 282 4915 lem
302 4873 496 4937 gratiam
523 4876 767 4940 referre;
803 4890 976 4945 neque
1000 4875 1125 4940 illis,
1149 4876 1262 4930 sive
1282 4877 1591 4941 scientibus,
1611 4879 1725 4934 sive

216 4952 506 5023 ignei-antibus
554 4968 851 5031 maribus,
906 4969 1040 5023 talcs
1098 4978 1305 5023 tentare
1373 4972 1721 5038 concubitus,

218 5058 426 5113 quantovis
452 5061 699 5117 orbitatis
719 5061 903 5115 dolore
926 5071 1249 5130 premantur.
1290 5059 1424 5115 Nam
1457 5062 1557 5132 ipsi
1593 5078 1728 5132 quo—

219 5149 300 5203 (1³18
317 5147 512 5216 audient,
554 5151 752 5206 Vermis
779 5167 951 5204 eorum
976 5169 1075 5204 non
1101 5152 1361 5217 morietur,
1390 5162 1439 5206 et
1462 5154 1594 5224 ignis
1638 5171 1725 5208 eo-

214 5240 305 5281 rum
320 5248 394 5289 non
408 5242 951 5314 exstinguetur(Mm-c.
976 5242 1026 5297 9.
1053 5242 1165 5313 45).
1194 5242 1309 5297 Νοη
1329 5243 1470 5297 enim
1506 5245 1555 5298 id
1582 5260 1723 5301 nunc

210 5324 493 5398 permittitur,
519 5343 646 5388 tunc
670 5349 798 5388 vero
820 5347 924 5386 non
957 5334 1277 5401 prohibitum
1304 5343 1423 5388 erat
1455 5352 1468 5388 :
1498 5336 1725 5405 ideoque

207 5421 312 5466 uxor
333 5417 419 5476 hoc
449 5424 625 5492 jussit,
671 5433 726 5480 et
774 5425 861 5478 ille
899 5425 1308 5493 obtemperavit,
1337 5441 1510 5495 neque
1543 5435 1719 5482 tamen

207 5514 381 5571 Propter
396 5514 730 5583 voluptatem.
757 5516 862 5571 Sed
885 5516 1023 5579 vide,
1055 5518 1284 5585 inquies.
1314 5518 1587 5587 quomodo
1605 5524 1717 5588 ipsa

201 5593 396 5667 lubente,
422 5608 661 5664 ancillam
688 5609 866 5682 ejecit.
899 5609 1013 5680 Ego
1039 5611 1187 5666 enim
1224 5610 1327 5666 hoc
1365 5613 1491 5667 volo
1538 5624 1721 5669 osten-

208 5681 474 5832 zit'ceglquod
514 5707 568 5753 et
593 5701 680 5758 ille
725 5702 824 5772 ipsi
853 5701 907 5756 in
938 5702 1183 5759 omnibus
1210 5704 1628 5775 obtemperaret,
1662 5717 1721 5765 et

341 5783 390 5832 li.

307 5780 390 5838 illi.

257 5870 305 5926 7.
327 5871 452 5935 Utor
468 5891 512 5938 α
529 5886 604 5941 vir
620 5902 718 5943 non
736 5886 916 5943 debent
933 5886 1062 5945 alter
1078 5888 1287 5945 alterius
1301 5898 1594 5959 exspectare
1611 5894 1714 5950 vir-

3298 425 3404 478 22-3

1828 531 1983 577 tutam
2006 524 2076 577 ad
2113 524 2618 597 philosophandum;
2647 544 2858 586 uxorem
2883 531 3146 590 verberare
3174 536 3414 605 turpissi-

1829 631 1967 667 mum
1994 623 2085 669 est.
2113 646 2186 656 —
2211 615 2477 673 Caeterum
2504 634 2574 675 ne
2606 621 2689 676 his
2714 623 2886 677 solum
2913 627 3164 681 attendas
3183 667 3198 690 ,
3229 628 3323 683 sed
3357 639 3437 685 tn.

1822 722 1942 775 qua:
1972 707 2088 763 ha-c
2114 707 2249 763 dicis
2269 711 2430 765 etiam
2457 714 2632 782 priora
2661 716 2932 782 examina,
2959 717 3101 787 quod
3131 729 3414 777 contume-

1828 799 1950 853 liam
1981 801 2200 856 inferrct
2229 804 2277 858 ei
2298 845 2312 869 ,
2362 805 2503 873 qttnd
2536 821 2593 861 se
2623 820 2940 878 arroganter
2967 812 3255 868 extolleret
3282 829 3417 869 con-

1828 904 1906 947 tra
1935 894 2205 950 dominam
2233 916 2245 950 :
2272 914 2377 968 quo
2407 900 2534 968 qttid
2564 901 2844 956 molestius
2870 920 2988 959 esse
3017 907 3187 974 possit
3229 907 3415 963 libera:

1829 987 2034 1042 mulieri
2067 998 2122 1043 et
2153 989 2432 1045 honestae?
2477 992 2556 1047 Nc
2604 995 2782 1065 itaque
2812 998 2910 1051 viri
2940 1000 3189 1054 virtutem
3222 1017 3417 1071 exspe-

1825 1087 1938 1133 ctet
1979 1095 2150 1144 uxor,
2199 1091 2257 1135 ut
2303 1093 2425 1138 tunc
2470 1085 2557 1139 illa
2588 1102 2740 1141 suam
2785 1089 3070 1155 exhibeat;
3114 1092 3216 1148 hoc
3269 1112 3413 1150 enttu

1829 1171 1957 1226 ttiltil
1986 1188 2231 1243 magnum
2262 1186 2434 1239 es.~et;
2493 1195 2666 1248 ttt‘qtte
2696 1197 2880 1236 rursus
2905 1185 2988 1238 vir
3013 1189 3198 1241 uxoris
3230 1189 3417 1242 mode-

1830 1266 2007 1328 stiam,
2039 1280 2096 1319 ttt
2125 1277 2250 1322 tunc
2278 1269 2718 1341 philoSophetur;
2749 1290 2923 1343 neque
2942 1277 3084 1332 enim
3117 1288 3241 1332 tunc
3269 1291 3417 1336 recte

1832 1362 2025 1413 factum
2055 1361 2183 1415 illud
2204 1363 2375 1432 ipsius
2402 1374 2580 1430 esset;
2619 1366 2713 1421 sed
2745 1372 3146 1440 unusquisque,
3178 1382 3234 1426 ut
3264 1372 3409 1437 dixi,

1829 1466 1947 1522 quas
1975 1468 2070 1507 sua
2101 1465 2225 1509 sunt
2273 1458 2422 1526 prius
2464 1458 2720 1527 praebeat.
2751 1461 2805 1516 Si
2837 1464 2978 1516 enim
3017 1465 3257 1520 externis
3287 1466 3418 1520 dex-

1833 1555 2000 1599 teram
2027 1548 2297 1602 maxillam
2321 1552 2764 1618 percutientihtts,
2784 1565 2995 1623 oportet
3019 1559 3258 1627 prathcre
3282 1567 3417 1616 alte-

1830 1654 1981 1704 ram;
2014 1641 2185 1695 multo
2213 1643 2382 1712 magis
2409 1644 2586 1698 virum
2616 1646 2849 1701 ferocem
2881 1648 3022 1703 ferre
3049 1660 3279 1719 oportet.
3310 1653 3418 1708 Sed

1831 1748 1937 1785 non
1967 1732 2081 1787 lure
2110 1734 2231 1788 dico
2256 1728 2319 1788 ut
2341 1735 2659 1790 verberetur
2688 1739 2900 1804 mulier,
2933 1742 3106 1801 absit;
3146 1758 3269 1797 nam
3298 1743 3415 1801 lure

1831 1832 2070 1878 extrema
2099 1826 2426 1880 contumelia
2450 1837 2564 1894 est,
2597 1844 2703 1883 non
2735 1833 3035 1888 verberata:
3057 1875 3070 1900 ,
3103 1836 3197 1890 sed
3223 1839 3413 1893 verbe-

1832 1916 1968 1969 ranti
1991 1933 2005 1978 ;
2025 1917 2119 1971 sed
2138 1918 2182 1971 si
2201 1932 2329 1973 casu
2350 1920 2530 1990 aliquo
2549 1921 2707 1976 talem
2725 1924 3005 1995 conjugem
3022 1929 3210 1982 sortita
3229 1929 3418 1997 fueris,

1835 2021 1868 2059 ο
1923 2006 2151 2074 mulier,
2208 2025 2278 2064 ne
2322 2010 2540 2082 indigne
2598 2013 2773 2081 feras,
2825 2018 3067 2087 cogitans
3122 2023 3416 2084 repositam

1834 2098 1927 2152 tibi
1971 2100 2311 2168 mercedem,
2341 2111 2395 2156 et
2429 2104 2481 2158 in
2520 2105 2620 2159 hac
2651 2108 2754 2160 vita
2805 2106 3038 2164 laudem.
3075 2111 3239 2168 Vobis
3277 2130 3416 2185 quo-

1832 2205 1940 2258 que
1986 2192 2113 2248 viris
2161 2192 2262 2249 hoc
2313 2194 2475 2249 dico:
2522 2196 2655 2252 nihil
2706 2200 2812 2255 tale
2859 2201 2931 2254 sit
2975 2212 3284 2271 peccatum,
3314 2222 3422 2274 quo

1833 2284 2097 2353 cogamini
2131 2301 2354 2341 uxorem
2383 2288 2692 2345 verberare.
2730 2290 2798 2344 Et
2835 2292 2961 2361 quid
2985 2293 3108 2349 dico
3152 2299 3423 2351 uxorem?

1833 2391 2010 2446 neque
2052 2378 2302 2434 anciz'lam
2333 2381 2619 2437 verberare
2648 2395 2741 2437 aut
2778 2385 2827 2439 ei
2858 2402 3048 2441 manus
3077 2388 3278 2444 inferre
3303 2392 3421 2446 viro

1834 2467 2066 2537 ingenuo
2091 2470 2249 2523 fuerit
2294 2471 2651 2526 tolerandum.
2679 2474 2831 2541 Quod
2869 2477 2913 2529 si
2959 2479 3206 2533 ancillam
3234 2482 3426 2536 verbe-

1832 2572 1955 2612 rare
1983 2574 2231 2628 magnum
2259 2560 2421 2615 infert
2446 2563 2561 2617 viro
2588 2566 2877 2632 probrum;
2910 2568 3076 2622 multo
3101 2571 3267 2639 magis
3289 2586 3422 2625 con-

1834 2658 1913 2703 tra
1964 2649 2191 2704 liberam
2240 2668 2455 2708 manum
2504 2655 2806 2711 intendere.
2856 2657 2922 2711 Et
2950 2658 3051 2713 hoc
3079 2661 3130 2714 in
3185 2663 3425 2718 externis

1832 2743 1995 2798 etiam
2046 2744 2439 2813 legislatoribus
2487 2746 2671 2802 videre
2703 2759 2820 2813 est,
2854 2750 2944 2820 qui
2974 2766 3093 2805 eam
3140 2768 3261 2823 qua:
3295 2755 3419 2809 talia

1834 2851 1990 2903 passa
2050 2835 2148 2891 fuit
2203 2855 2310 2892 non
2364 2850 2561 2909 cogunt
2596 2841 2841 2897 habitare
2886 2858 3009 2899 cum
3052 2861 3416 2915 percussore,

1834 2935 2020 2994 utpote
2047 2928 2137 2997 qui
2179 2928 2323 2985 illius
2363 2933 2639 2986 consortio
2680 2932 2928 3003 indignus
2957 2936 3047 2989 sit.
3082 2937 3291 2992 Etenim
3323 2957 3423 2995 ex-

1832 3024 2020 3073 tremae
2064 3028 2150 3074 est
2189 3019 2485 3091 iniquitatis
2507 3064 2522 3087 ,
2555 3024 2680 3077 vitae
2723 3037 3028 3081 consortem
3050 3071 3064 3093 ,
3101 3045 3220 3099 quae
3248 3033 3340 3087 tibi
3369 3033 3423 3087 in

1833 3109 1994 3163 rebus
2022 3115 2342 3168 necessariis
2360 3114 2567 3183 jamdiu
2598 3131 2817 3184 operam
2844 3120 3166 3189 prmstabat,
3190 3134 3245 3177 ttt
3266 3140 3424 3179 man-

1833 3200 2033 3271 cipium
2066 3203 2354 3273 ignominia
2395 3205 2633 3261 afficere.
2669 3207 2796 3263 Ideo
2824 3211 2985 3265 etiam
3025 3214 3182 3268 talctn
3213 3216 3384 3269 virum
3405 3257 3422 3281 ,

1833 3292 1877 3347 si
1906 3294 2081 3348 virum
2107 3305 2283 3352 tamen
2309 3297 2433 3352 licet
2457 3300 2752 3368 appellare,
2783 3317 2889 3355 non
2921 3302 3109 3371 feram,
3144 3308 3425 3375 parricida:

1834 3394 1891 3440 ct
1936 3387 2233 3444 matricida:
2280 3404 2461 3459 parem
2507 3407 2630 3447 esse
2659 3392 2911 3449 dixerim.
2965 3395 3098 3451 Nam
3127 3398 3173 3452 si
3206 3409 3426 3470 propter

1835 3477 1981 3533 illam
1999 3488 2057 3533 et
2073 3489 2279 3550 patrem
2296 3492 2353 3536 et
2368 3491 2593 3538 matrem
2618 3484 2926 3555 relinquere
2940 3486 3074 3556 jnssi
3089 3504 3293 3557 sumus,
3314 3507 3422 3546 non

1836 3571 1941 3625 illis
1968 3571 2215 3642 injuriam
2234 3571 2515 3642 facientes,
2541 3576 2634 3631 sed
2659 3575 2894 3632 divinam
2919 3579 3090 3651 legem
3116 3582 3420 3652 implentes,

1835 3662 1966 3733 ipsis
2005 3666 2319 3732 parentibus
2359 3666 2495 3722 adeo
2540 3668 2990 3738 desiderabilem,
3019 3682 3076 3727 ut
3107 3682 3160 3728 et
3201 3676 3302 3745 ipsi
3332 3679 3423 3746 qui

1836 3755 2214 3826 relinquuntur
2255 3759 2480 3828 gratiam
2529 3761 2797 3827 habeant,
2829 3774 2884 3818 et
2926 3764 3029 3818 hoc
3076 3781 3197 3820 cum
3248 3769 3425 3822 studio

1833 3865 2030 3920 magno
2062 3851 2337 3907 efficiant:
2411 3855 2683 3924 quomodo
2713 3872 2822 3911 non
2852 3868 3107 3914 extrema:
3137 3861 3425 3918 dementia:

1836 3944 2014 4007 fuerit,
2037 3959 2154 3999 eam
2172 3947 2496 4001 contumelia
2508 3947 2750 4014 afficere,
2772 3961 3157 4020 propterquam
3173 3965 3424 4021 parentes

1839 4034 1987 4089 Deus
2006 4035 2167 4104 jussit
2211 4036 2520 4092 dimittere?
2552 4054 2677 4091 num
2710 4039 2813 4093 hoc
2857 4041 3062 4095 insania
3093 4044 3265 4097 solum
3305 4048 3424 4099 est?

1835 4127 2079 4183 Dedecus
2108 4138 2164 4184 et
2191 4129 2537 4197 ignominiam
2563 4138 2741 4185 autem
2772 4132 3078 4201 hujusmodi
3104 4135 3224 4205 quis
3251 4136 3424 4191 ferat?

1833 4222 1953 4292 quis
1981 4236 2160 4277 sermo
2190 4223 2357 4292 possit
2386 4239 2505 4277 eam
2535 4224 2831 4293 explicare,
2861 4231 3076 4297 quando
3108 4228 3341 4284 ululatus
3369 4240 3425 4287 et

1832 4316 2064 4386 gemitus
2097 4331 2194 4385 per
2237 4317 2471 4385 compita
2519 4315 2766 4372 feruntur
2790 4359 2806 4384 ,
2845 4325 2902 4372 et
2930 4335 3226 4375 concursus
3256 4333 3338 4376 est
3367 4322 3422 4378 in

1834 4408 2052 4463 domum
2098 4407 2251 4476 ejus,
2296 4410 2385 4477 qui
2429 4419 2536 4463 tam
2590 4408 2849 4465 indecore
2899 4425 2959 4466 se
3003 4410 3141 4482 g‘erit
3187 4422 3243 4467 et
3281 4413 3419 4468 vici—

1835 4514 2023 4555 norum
2055 4509 2111 4555 et
2138 4502 2575 4570 praetereuntium
2597 4542 2613 4567 ,
2659 4516 2725 4556 ac
2755 4502 2801 4557 si
2849 4502 2960 4558 fera
3003 4506 3267 4573 quaepiam
3298 4522 3419 4576 qua:

1833 4593 1977 4649 intus
2002 4603 2128 4647 sunt
2158 4592 2440 4649 labcfactet
2472 4603 2525 4649 et
2552 4594 2779 4665 perdat?
2805 4595 3106 4666 Optabilius
3132 4608 3276 4653 esset
3305 4609 3421 4654 ter-

1832 4701 1947 4740 ram
1976 4684 2255 4740 dehiscere
2284 4687 2333 4739 ei
2364 4686 2455 4756 qui
2504 4696 2609 4739 tam
2643 4686 2845 4742 furiose
2869 4702 2927 4742 se
2953 4697 3142 4758 gerat,
3176 4705 3333 4760 quam
3363 4702 3422 4747 ut

1834 4789 2020 4848 postea
2048 4780 2100 4832 in
2128 4780 2246 4833 foro
2267 4788 2544 4848 appareat.
2576 4777 2679 4833 Sed
2711 4779 2934 4847 mulier,
2968 4780 3209 4851 inquiet,
3243 4782 3419 4838 audax

1832 4879 1887 4925 et
1929 4885 2120 4939 aspera
2153 4880 2252 4925 cst.
2304 4868 2411 4926 Sed
2442 4870 2614 4941 cogita
2650 4870 2795 4924 illam
2827 4886 2948 4926 esse
2978 4874 3257 4928 mulierem
3280 4916 3294 4939 ,
3324 4890 3422 4929 νεις

1832 4962 2124 5029 infirmum,
2157 4973 2208 5016 te
2234 4973 2411 5017 autem
2439 4964 2634 5017 virum.
2665 4964 2966 5033 Propterea
2995 4966 3136 5039 enim
3167 4945 3421 5039 princeps

1830 5056 2156 5110 constitutus
2184 5072 2242 5110 es
2262 5096 2279 5121 ,
2318 5066 2372 5110 ct
2418 5055 2588 5110 instar
2613 5057 2730 5127 capi
2747 5058 2812 5111 tis
2841 5056 2997 5111 datus
3043 5073 3135 5126 es,
3184 5070 3240 5113 ut
3272 5059 3411 5116 feras

1833 5149 1949 5219 ejus
2009 5163 2129 5217 quae
2161 5147 2253 5202 tibi
2282 5162 2470 5217 parere
2509 5146 2669 5201 debet
2712 5147 3153 5204 imbecillitatem.
3183 5149 3291 5205 Fac
3320 5151 3410 5205 ita-

1830 5257 1936 5313 que
1963 5252 2023 5297 ut
2065 5242 2350 5311 imperium
2390 5250 2537 5295 tuum
2566 5241 2635 5295 sit
2657 5240 2996 5310 splendidum
3023 5259 3037 5297 :
3070 5242 3410 5311 splendidum

1829 5344 2007 5391 autem
2030 5336 2135 5391 erit
2154 5375 2169 5399 ,
2195 5349 2317 5389 cum
2341 5350 2460 5390 eam
2487 5334 2571 5387 cui
2598 5333 2831 5404 imperas
2856 5349 2963 5388 non
2993 5333 3260 5392 dedecore
3287 5335 3412 5391 affe-

1830 5429 1991 5485 ceris.
2023 5430 2102 5483 Ac
2124 5428 2262 5481 sicut
2286 5428 2333 5481 is
2380 5426 2473 5496 qui
2501 5437 2689 5496 regnat
2734 5433 2860 5480 tunc
2908 5426 3221 5496 prmclarior
3247 5444 3412 5497 appa.

1829 5523 2003 5586 rebit,
2032 5537 2155 5576 cum
2182 5520 2282 5575 sibi
2316 5518 2625 5573 inferiorem
2674 5518 2986 5588 praefectum
3015 5522 3409 5589 prtrelariorcnt

1828 5614 2158 5679 reddiderit;
2186 5611 2231 5666 si
2258 5622 2436 5666 autem
2465 5610 2591 5664 illud
2616 5620 2818 5664 tantum
2848 5626 3041 5665 munus
3068 5610 3332 5666 dedecore
3357 5624 3411 5669 et

1827 5706 2119 5778 ignominia
2141 5702 2402 5765 all'ecerit,
2423 5709 2553 5756 tunc
2582 5718 2610 5753 a
2643 5701 2817 5771 gloria
2841 5717 2936 5757 sua
2968 5718 3073 5755 non
3098 5717 3281 5770 parum
3306 5702 3406 5757 de-

1827 5799 2028 5852 mitur:
2060 5795 2139 5849 sic
2167 5803 2223 5850 et
2262 5802 2349 5861 tu,
2381 5793 2424 5847 si
2455 5807 2575 5847 eam
2602 5807 2720 5862 quae
2748 5800 2877 5862 post
2901 5800 2955 5847 te
2984 5793 3209 5862 imperat
3236 5792 3401 5848 dede-

1829 5907 1955 5950 rore
1997 5890 2271 5957 atl'eceris,
2298 5904 2406 5945 non
2438 5887 2543 5944 levi
2568 5872 2765 5943 damno
2801 5883 3054 5943 effeceris
3080 5884 3408 5961 principatus
