3962 6462
560 395 666 449 2‘23

567 512 642 570 tiri
697 517 977 573 honorem.
1033 518 1159 574 Haec
1210 518 1369 588 igitur
1416 517 1594 572 omnia
1641 527 1814 572 tecum
1858 525 2149 586 reputans,

571 618 937 678 temperanter
962 624 1092 680 age,
1125 619 1324 664 etcum
1355 608 1437 662 his
1467 609 1628 662 etiam
1671 623 1950 678 vesperam
1998 607 2145 660 illam

566 701 772 768 cogita,
799 716 899 770 qua
932 709 982 754 te
1009 701 1273 754 advocato
1305 709 1455 768 pater
1485 700 1647 752 tiliam
1678 714 1828 753 suam
1857 697 2008 768 quasi
2051 697 2145 750 de-

567 793 800 861 positum
848 791 1113 861 quoddam
1148 791 1366 845 tradidit
1387 833 1400 853 .
1433 801 1482 845 et
1517 791 1659 844 illam
1691 790 1758 844 ab
1785 789 2034 843 omnibus
2062 803 2146 842 se-

566 899 764 952 paratis
788 925 803 948 ,
850 899 876 935 a
919 893 1087 936 matre
1108 925 1123 949 ,
1156 883 1223 937 ab
1265 898 1359 948 se,
1389 899 1417 935 a
1449 881 1610 936 domo
1633 925 1650 949 ο
1681 892 1844 935 totam
1877 880 1970 934 ti'bi
2003 878 2146 933 illius

564 990 748 1029 curam
795 975 1014 1028 dextera
1058 990 1153 1029 sua
1201 975 1459 1029 tradidit:
1507 977 1680 1040 cogita
1713 983 1764 1027 te
1801 972 1867 1027 ab
1907 971 1996 1025 illa
2031 978 2148 1039 post

568 1069 732 1122 Deum
764 1067 902 1122 filios
930 1070 1232 1139 suscepisse
1252 1109 1266 1132 ,
1297 1077 1351 1122 et
1382 1078 1582 1138 patrem
1631 1066 1878 1121 effectura
1906 1078 2025 1119 esse
2045 1104 2058 1127 ,
2094 1070 2146 1116 et

565 1159 689 1214 inde
716 1175 841 1230 erga
870 1160 1011 1214 illam
1041 1161 1184 1214 mitis
1209 1168 1345 1214 esto.

635 1254 690 1308 8.
724 1253 837 1308 Non
874 1253 1026 1308 vides
1053 1253 1314 1323 agricolas
1335 1295 1349 1316 ,
1376 1252 1647 1322 quomodo
1690 1259 1888 1306 terram
1919 1265 2036 1320 qum
2064 1263 2150 1301 se-

566 1346 674 1402 mel
715 1347 919 1401 semina
964 1347 1214 1415 excepit,
1248 1347 1423 1400 colant
1472 1346 1616 1400 omni
1659 1345 1883 1404 cultura:
1911 1357 2145 1412 genere,

565 1440 776 1494 etiamsi
822 1440 1099 1494 innmnera
1149 1438 1346 1492 habeat
1388 1438 1764 1504 incommoda,
1820 1437 2030 1493 etiamsi
2075 1437 2146 1489 sit

565 1533 715 1586 arida
737 1573 752 1597 ,
783 1533 826 1585 si
856 1533 1021 1584 malas
1055 1532 1182 1584 ferat
1213 1532 1438 1594 herbas,
1468 1533 1514 1585 si
1544 1547 1607 1585 ex
1635 1532 1770 1584 situs
1809 1531 2019 1584 ratione
2046 1527 2148 1582 im-

567 1628 753 1683 bribus
793 1624 1116 1679 immdetur?
1146 1624 1259 1679 lloc
1304 1637 1358 1679 et
1398 1635 1452 1678 tu
1485 1625 1642 1679 facito
1671 1643 1684 1678 :
1729 1627 1797 1678 ita
1829 1625 1971 1679 enim
2007 1624 2151 1692 prior

569 1717 764 1772 frueris
791 1726 845 1772 et
872 1715 1132 1771 fructibus
1163 1725 1217 1770 et
1244 1716 1628 1786 tranquillitate
1655 1734 1667 1770 :
1703 1732 1822 1770 nam
1855 1725 2042 1786 portus
2069 1723 2152 1770 est

572 1825 708 1863 uxor
727 1849 741 1872 ,
771 1818 824 1862 et
853 1809 1196 1877 pharmaeum
1226 1809 1424 1862 laetitia:
1453 1810 1764 1862 maximum.
1791 1808 1846 1864 Si
1872 1823 2002 1879 ergo
2030 1823 2154 1876 por-

572 1913 684 1956 tmn
715 1917 744 1956 a
776 1903 948 1956 ventis
979 1912 1030 1956 et
1056 1901 1307 1956 fluctibus
1335 1910 1505 1956 tutum
1547 1901 1741 1956 reddas
1761 1941 1778 1968 ,
1810 1902 1978 1955 multa
2010 1901 2154 1955 frue-

571 1997 647 2051 ris
674 1997 996 2061 securitate,
1025 2009 1147 2050 cum
1177 2010 1204 2048 a
1241 1995 1356 2048 foro
1400 1995 1718 2060 reverteris;
1765 1994 1810 2048 si
1848 2005 2027 2048 autem
2071 2002 2153 2047 tu-

571 2089 744 2143 multu
777 2097 829 2142 et
874 2088 1275 2158 perturbatione
1320 2088 1561 2157 replens,
1601 2087 1694 2142 tibi
1722 2089 1937 2158 gravius
1979 2086 2154 2156 paries

573 2179 928 2248 naufragium.
961 2179 1039 2234 Ne
1064 2179 1164 2233 hoc
1195 2194 1322 2250 ergo
1348 2181 1594 2244 eveniat,
1624 2179 1676 2234 id
1703 2180 1843 2249 quod
1871 2179 1992 2234 dico
2018 2179 2110 2232 ﬁat
2135 2193 2150 2230 :

571 2287 694 2327 eum
725 2271 852 2341 quid
884 2271 1170 2326 molestum
1213 2271 1359 2326 domi
1403 2271 1694 2338 acciderit,
1725 2272 1812 2326 illa
1858 2281 2114 2341 peccante
2135 2312 2151 2336 ,

573 2365 854 2420 consolare
885 2365 1030 2419 illam
1057 2375 1113 2420 et
1145 2381 1211 2420 ne
1237 2365 1481 2419 dolorem
1507 2381 1725 2435 augeas.
1760 2364 1978 2419 Etiamsi
2005 2365 2148 2419 enim

573 2458 752 2512 omnia
773 2459 1018 2512 amiseris
1036 2501 1051 2522 ,
1086 2457 1216 2512 nihil
1240 2459 1443 2513 tristius
1469 2470 1551 2513 est
1577 2474 1736 2530 quam
1761 2458 1904 2514 domi
1935 2475 2154 2514 uxorem

576 2548 810 2615 habere,
853 2567 972 2618 quae
1013 2549 1128 2604 sine
1173 2551 1544 2605 benevolentia
1573 2567 1692 2605 cum
1722 2552 1837 2606 viro
1866 2553 2060 2622 degat:
2103 2563 2157 2607 et

572 2639 948 2710 quodcumque
977 2650 1249 2710 peccatum
1274 2643 1495 2704 dixeris.
1529 2643 1731 2697 nullum
1763 2643 1946 2699 dicere
1983 2645 2156 2714 possis

575 2730 718 2801 quod
764 2731 1022 2800 majorem
1073 2729 1266 2786 inferat
1295 2732 1571 2800 dolorem,
1610 2750 1771 2804 quam
1816 2750 1938 2790 cum
1985 2750 2156 2791 uxore

576 2822 810 2892 litigare.
846 2824 1026 2891 Itaque
1057 2836 1275 2894 propter
1304 2828 1417 2880 hare
1442 2829 1620 2882 omnia
1648 2829 1766 2898 ejus
1794 2829 2011 2884 dilectio
2037 2846 2158 2885 om-

575 2916 723 2968 nium
762 2914 852 2967 tibi
886 2916 1267 2984 pretiosissima
1301 2918 1392 2972 sit.
1424 2919 1555 2973 Nam
1587 2921 1635 2975 si
1677 2931 1890 2991 oportet
1930 2925 2159 2980 alterum

577 3008 800 3061 alterius
831 3023 993 3063 onera
1023 3019 1238 3078 portare
1258 3053 1272 3075 ,
1303 3011 1472 3066 multo
1503 3014 1670 3084 magis
1700 3017 1917 3082 uxoris;
1947 3017 2159 3073 etiamsi

581 3117 785 3171 panper
829 3103 932 3166 sit,
988 3117 1060 3158 ne
1123 3103 1174 3157 id
1246 3105 1570 3172 exprobres;
1620 3109 1831 3165 etiamsi
1886 3113 2162 3184 stulta,ne

584 3192 841 3258 insultes,
875 3193 967 3247 sed
992 3194 1169 3264 potius
1197 3195 1339 3249 illam
1364 3198 1648 3254 moderare
1673 3219 1686 3253 :
1719 3217 1840 3256 nam
1865 3205 2162 3261 membrum

583 3296 733 3340 tuum
776 3297 936 3341 estet
967 3302 1094 3342 caro
1142 3304 1245 3343 una
1293 3288 1416 3345 facti
1459 3293 1610 3346 estis.
1642 3293 1747 3348 Scd
1787 3299 1996 3366 garrula
2042 3309 2160 3367 est,

584 3377 796 3431 ebrioSa
825 3389 878 3432 et
909 3378 1182 3433 iracunda.
1209 3383 1278 3434 At
1320 3384 1487 3453 magis
1517 3396 1802 3456 capropter
1842 3389 2032 3446 dolere
2065 3407 2162 3462 po-

585 3469 714 3534 tius,
737 3485 893 3538 quam
927 3470 1085 3526 irasci
1113 3483 1345 3541 oportet,
1371 3476 1642 3546 Deumque
1667 3495 1854 3550 rogare
1873 3523 1887 3546 ,
1915 3483 2167 3554 illamque

585 3560 802 3614 monitis
839 3569 894 3615 ct
932 3563 1160 3617 consilio
1187 3564 1442 3633 adjuvare
1464 3608 1478 3632 ,
1512 3568 1754 3638 nihilque
1786 3589 1890 3627 non
1919 3591 2078 3645 agere
2109 3585 2167 3632 ut

583 3650 769 3704 vitium
797 3661 1061 3722 amputes.
1093 3653 1150 3710 Si
1179 3666 1359 3710 autem
1389 3659 1644 3716 verberes
1677 3673 1733 3718 et
1758 3674 1958 3722 alteras
1977 3711 1989 3735 ,
2020 3686 2166 3724 mor-

589 3743 686 3797 bus
718 3760 824 3798 non
861 3755 1117 3812 curatur;
1183 3747 1366 3804 feritas
1397 3752 1540 3806 enim
1567 3759 1978 3816 mansuetudine
2002 3763 2164 3818 solvi-

588 3845 673 3889 tur
693 3877 708 3902 ,
750 3852 857 3890 non
889 3839 991 3892 alia
1023 3838 1255 3895 feritate.
1307 3844 1438 3898 Cum
1468 3845 1551 3901 his
1581 3859 1634 3904 et
1666 3855 1970 3909 mercedem
1998 3873 2025 3910 a
2059 3859 2168 3915 Deo

582 3936 945 3995 exspectatam
977 3931 1170 3999 cogita.
1200 3932 1426 4000 Quando
1449 3938 1592 3993 enim
1614 3956 1735 3997 cum
1761 3945 1854 3999 tibi
1881 3948 2166 4006 liceateam

581 4017 937 4086 exscindere,
975 4020 1077 4075 hoc
1125 4040 1230 4078 non
1276 4027 1438 4084 facias
1481 4041 1700 4102 propter
1744 4036 1839 4092 Dei
1881 4040 2165 4110 timorem,

582 4110 680 4164 sed
726 4120 803 4164 tot
853 4113 968 4183 ejus
1014 4115 1140 4171 vitia
1188 4115 1365 4183 feras,
1399 4134 1643 4180 metuens
1674 4127 1844 4197 legem
1878 4130 1978 4187 hac
2007 4133 2074 4189 de
2111 4153 2171 4192 re

586 4202 811 4296 positam
836 4244 852 4270 ,
886 4221 1006 4274 qua:
1037 4222 1260 4264 uxorem
1291 4211 1487 4280 ejicere
1519 4217 1801 4284 prohibet;
1835 4239 2170 4296 quocumque

585 4293 798 4348 tandem
822 4301 1011 4353 morbo
1039 4301 1282 4367 laboret,
1319 4304 1640 4364 ineffabilem
1687 4316 1990 4371 mercedem
2033 4293 2171 4375 reici-

583 4386 732 4457 pies;
761 4397 817 4442 et
842 4398 967 4446 ante
1007 4393 1315 4450 mercedem
1358 4400 1589 4455 maxima
1637 4403 1966 4476 lucraberis,
1998 4412 2166 4482 ipsam

1304 399 1359 455 S.
1395 399 1668 455 JOANNIS
1694 399 2162 455 CllliYSOSTOMl
2202 398 2516 454 AliClllEP.
2559 399 3087 456 CONSTANTINOP.
3714 413 3798 469 εει

2263 513 2354 567 tibi
2369 514 2914 584 obtemperantiorem
2935 515 3184 581 reddens,
3201 525 3362 588 teque
3379 534 3501 590 erga
3520 520 3652 576 illaut
3668 542 3794 581 man-

2254 608 2541 661 suctiorem
2572 607 2853 663 exhibens.

2327 701 2631 772 PhilosOplti
2651 703 2842 756 dictum
2870 704 2932 756 de
2956 721 3113 758 uxore
3132 705 3467 760 conviciante.
3492 737 3563 749 —
3581 710 3799 768 Narratur

2254 794 2516 862 quispiam
2566 804 2911 848 externorum
2963 795 3446 865 philosophormn,
3503 802 3587 871 qui
3635 805 3798 858 malam

2256 884 2475 939 haberet
2504 900 2726 938 uxorem
2757 894 2812 938 et
2842 901 3098 955 nugacem
3133 895 3190 941 et
3215 889 3605 945 conviciantem
3627 935 3641 958 ,
3669 895 3801 950 inter-

2256 975 2564 1045 rogantibus
2583 1017 2598 1041 ,
2626 993 2728 1046 qua
2758 976 2826 1031 de
2846 992 3032 1043 causa,
3066 994 3190 1033 cum
3222 980 3386 1034 talem
3419 981 3654 1047 haberet,
3683 986 3798 1040 illam

2256 1066 2462 1133 ferret,
2495 1068 2836 1137 respondisse
2881 1084 2941 1124 se
2987 1071 3138 1139 quasi
3187 1073 3530 1142 gyuinasimn
3579 1084 3629 1129 et
3675 1079 3796 1147 palm»

2256 1170 2421 1214 stram
2456 1159 2807 1229 philosophize
2837 1159 2980 1214 domi
3025 1162 3225 1217 habere
3264 1164 3365 1234 (a).
3403 1166 3507 1218 l-Iro
3536 1170 3686 1233 enim,
3714 1172 3799 1223 aic-

2259 1253 2384 1316 bat,
2433 1254 2556 1308 aliis
2601 1255 2966 1318 mansuetior,
3017 1255 3066 1309 in
3113 1255 3215 1310 hac
3257 1258 3498 1324 quotidie
3546 1261 3798 1316 institutus.

2258 1346 2443 1416 Magna
2469 1361 2597 1400 voce
2620 1346 2994 1401 exclamastis?
3015 1347 3118 1402 Sed
3142 1363 3246 1417 ego
3272 1350 3428 1404 valde
3452 1367 3589 1406 nunc
3609 1353 3798 1422 ἰιιςωηυ,

2256 1455 2376 1494 eum
2406 1439 2613 1493 videam
2643 1439 2861 1494 Gl':l!COS
2907 1440 3074 1509 magis
3125 1441 3484 1510 philosophos
3523 1460 3641 1498 esse
3677 1461 3800 1514 quam

2259 1547 2386 1593 nos,
2418 1531 2508 1601 qui
2534 1532 2784 1600 jllllt'nllll‘
2824 1533 3042 1600 angelos
3072 1533 3270 1587 imitari
3295 1551 3310 1597 ;
3347 1536 3456 1590 imo
3484 1537 3569 1605 qui
3596 1537 3800 1605 jubemur

2260 1625 2431 1691 ipsum
2459 1624 2696 1677 annulari
2733 1624 2895 1678 Deum
2927 1625 2977 1677 in
3007 1627 3439 1682 mansuetudinis
3466 1631 3679 1684 ratione.
3705 1630 3799 1683 Phi-

2263 1717 2522 1786 losophus
2563 1732 2690 1786 ergo
2722 1717 2807 1771 ille
2838 1717 3032 1772 dicitur
3065 1718 3186 1773 ideo
3219 1721 3418 1774 malam
3451 1721 3588 1776 illam
3617 1738 3798 1776 UXOICIII

2261 1825 2366 1864 non
2396 1809 2619 1878 ejecisse
2645 1825 2657 1858 :
2691 1809 2906 1877 quidam
2931 1819 3110 1864 autem
3136 1811 3328 1864 dicunt
3355 1814 3528 1880 ipsmn
3559 1812 3670 1866 ideo
3690 1814 3800 1866 illam

2259 1900 2497 1954 duxisse.
2527 1896 2638 1969 Ego
2667 1916 2796 1954 vero
2823 1903 2946 1970 quia
2990 1901 3140 1955 multi
3184 1903 3436 1959 homines
3466 1915 3643 1959 contra
3676 1921 3798 1973 quam

2261 1993 2397 2046 ratio
2423 1991 2561 2046 ferat
2589 1991 2765 2047 affecti
2795 2003 2954 2058 sunt,
2986 1992 3176 2049 hortor
3206 2005 3264 2048 ut
3287 1995 3358 2050 ab
3387 1995 3539 2050 initio
3565 1997 3683 2051 nihil
3719 2013 3797 2049 non

2261 2095 2418 2154 agant
2447 2086 2542 2140 viri
2569 2128 2583 2149 ,
2614 2095 2670 2139 nt
2701 2086 2835 2139 bene
2867 2095 3127 2141 moratam
3160 2088 3368 2142 ducant
3399 2105 3615 2143 uxorem
3641 2099 3688 2143 et
3711 2106 3800 2141 om-

2264 2179 2315 2231 ni
2346 2177 2556 2246 plenam
2603 2179 2800 2231 virtute
2826 2195 2839 2230 :
2870 2179 2914 2232 si
2958 2193 3088 2234 vero
3114 2180 3402 2250 contigerit
3435 2191 3492 2233 nt
3515 2196 3544 2234 a
3575 2181 3798 2249 proposito

2261 2270 2544 2333 aberrent,
2579 2283 2642 2321 ac
2673 2283 2772 2323 nec
2801 2268 2992 2322 bonam
3025 2285 3124 2325 nec
3152 2271 3493 2326 tolerabilem
3519 2286 3736 2340 sponsam
3758 2272 3794 2324 in

2263 2360 2480 2414 domum
2511 2359 2852 2423 induxerint;
2884 2370 3012 2416 tunc
3043 2361 3431 2430 philosophum
3459 2363 3599 2416 illum
3628 2362 3786 2415 imiten-

2265 2463 2369 2517 tur,
2396 2461 2449 2506 et
2492 2451 2574 2504 his
2605 2451 2732 2504 nihil
2794 2451 3068 2520 adjiciam.
3115 2452 3250 2507 Nam
3278 2463 3549 2508 mercator
3572 2464 3783 2520 antequam

2264 2560 2385 2598 cum
2408 2546 2556 2597 socio
2585 2552 2734 2612 pacta
2765 2543 2926 2607 ineat,
2945 2559 3064 2613 qua:
3086 2544 3302 2615 possint
3325 2559 3513 2614 pacem
3539 2543 3787 2604 conciliare,
3874 2571 3875 2598 ;

2265 2650 2371 2690 non
2406 2635 2551 2704 prius
2593 2634 2769 2687 navim
2798 2634 2849 2687 in
2880 2651 3029 2689 mare
3061 2635 3241 2690 trahet
3262 2677 3276 2699 ,
3309 2651 3486 2704 neque
3512 2635 3656 2689 aliam
3681 2633 3792 2687 attin-

2264 2738 2353 2797 get
2375 2727 2814 2796 negotiationem.
2860 2727 2928 2780 Et
2956 2742 3056 2782 nos
3085 2729 3270 2797 itaque
3301 2727 3437 2782 nihil
3467 2743 3568 2781 non
3585 2738 3792 2795 agamus.
3874 2757 3875 2760 η

2267 2831 2322 2874 ιιι
2353 2819 2734 2889 negotiationis
2760 2827 2958 2874 nostra;
2985 2821 3183 2874 sociam
3213 2822 3266 2874 in
3298 2821 3400 2875 hac
3431 2820 3551 2874 navi
3579 2835 3685 2873 cum
3713 2831 3794 2869 om-

2268 2913 2322 2968 ni
2347 2929 2477 2983 pace
2507 2913 2648 2966 intus
2676 2922 2975 2968 teneamus.
3003 2912 3074 2968 Ita
3097 2913 3242 2968 enim
3275 2922 3332 2968 et
3361 2914 3464 2967 alia
3491 2911 3656 2967 omnia
3680 2907 3795 2963 nobis
3874 2986 3875 2991 γ

2267 3005 2550 3075 tranquilla
2582 3015 2740 3060 erunt
2762 3044 2776 3068 ,
2808 3014 2864 3060 et
2916 3019 3040 3060 cum
3089 3006 3386 3061 securitate
3415 3007 3536 3060 vita:
3575 3001 3798 3074 przesentis

2269 3099 2487 3170 pelagus
2515 3096 2865 3168 trajiciemus.
2891 3097 3004 3153 Hoc
3043 3098 3218 3167 pluris
3248 3098 3540 3161 faciamus,
3570 3109 3707 3166 quam
3729 3091 3798 3145 do-

2269 3205 2438 3258 mum,
2461 3189 2725 3260 mancipia
2747 3229 2761 3253 ,
2789 3190 3064 3260 pecunias,
3093 3205 3256 3259 agros
3279 3200 3334 3246 et
3360 3189 3501 3260 ipsas
3531 3203 3614 3243 res
3638 3185 3795 3242 civiles.
3874 3253 3875 3260 γ

2272 3282 2434 3352 quue
2470 3283 2701 3337 maxime
2747 3283 2988 3338 omnium
3021 3285 3074 3356 in
3119 3285 3297 3353 pretio
3329 3284 3643 3345 habeamus,
3668 3288 3716 3334 ut
3736 3277 3794 3331 illa

2273 3389 2392 3443 qum
2431 3373 2712 3429 nobiscmn
2763 3375 2814 3428 in
2860 3375 3066 3429 :edibus
3120 3376 3361 3442 residet,
3419 3390 3520 3430 non
3571 3371 3790 3428 tumultum
3874 3419 3875 3424 η

2275 3475 2524 3529 moveat,
2559 3481 2692 3520 neve
2717 3481 2746 3519 a
2779 3467 2934 3520 nobis
2978 3467 3258 3522 dissideat.
3289 3469 3366 3524 Ita
3410 3469 3550 3522 enim
3578 3475 3628 3519 et
3651 3469 3787 3517 (κρίθη

2273 3556 2430 3611 nobis
2478 3557 2716 3612 secundo
2761 3573 2924 3612 cursu
2972 3561 3231 3626 venient,
3281 3570 3338 3615 et
3384 3561 3436 3614 in
3489 3551 3791 3627 spiritualibus
3873 3567 3875 3574 ·

2275 3648 2498 3702 multam
2532 3648 2847 3704 habebimus
2873 3649 3208 3719 facilitatem,
3245 3653 3349 3706 hoc
3371 3653 3548 3721 jugum
3573 3661 3679 3702 cum
3699 3656 3788 3696 ωηο
3873 3651 3875 3680 ῖ

2274 3739 2455 3794 cordia
2481 3739 2791 3807 trahentes;
2833 3743 3190 3813 omnibusque
3235 3745 3408 3815 probe
3433 3743 3592 3811 gestis
3616 3733 3791 3807 reposita
3874 3733 3875 3742 ‘

2274 3845 2666 3900 consequemur
2697 3832 2838 3886 bona
2872 3849 3038 3912 aqua:
3064 3848 3165 3888 nos
3191 3850 3387 3890 omnes
3413 3832 3612 3902 assequi
3635 3824 3790 3882 comin-

2275 3932 2366 3991 gat
2383 3964 2402 3988 ,
2423 3924 2589 3993 gratia
2608 3934 2662 3978 et
2687 3923 3012 3995 benignitate
3034 3927 3246 3982 Domini
3276 3927 3446 3982 nostri
3471 3925 3592 3981 Jesu
3611 3913 3788 3976 Christi.

2276 4015 2490 4083 quicum
2520 4013 2662 4069 Patri
2713 4031 2925 4086 unaque
2955 4016 3176 4087 Spiritui
3226 4026 3418 4076 sancto
3455 4016 3646 4088 gloria,
3669 4009 3790 4072 iml’e'

2277 4107 2447 4169 rium,
2477 4104 2685 4174 honor,
2717 4123 2863 4164 nunc
2887 4118 2942 4164 et
2967 4124 3183 4180 semper
3201 4151 3217 4176 ,
3247 4122 3304 4184 et
3325 4111 3379 4167 in
3411 4108 3598 4166 secula
3621 4097 3788 4160 saeculo-

2277 4211 2418 4250 rum.
2457 4200 2648 4253 Amen.

2338 4309 2418 4380 .(a)
2445 4312 2526 4359 Hic
2547 4310 2612 4359 de
2627 4319 2850 4380 Socrate,
2877 4315 2927 4362 ni
2949 4313 3107 4380 fallor,
3130 4318 3252 4378 agit,
3279 4320 3364 4380 qui
3381 4302 3796 4380 frequentibus-Xalt.

2279 4368 2477 4446 thippes
2500 4375 2666 4446 uxoris
2682 4368 2861 4438 jurgiis
2879 4368 3260 4430 exercitabafur'.
3287 4368 3414 4430 Vide
3435 4368 3679 4439 Diogenem
3690 4368 3791 4416 [λα’

2282 4440 2406 4481 tium
2429 4440 2478 4483 in
2500 4441 2712 4485 Socrate.

584 4513 3787 4581 Ὢ

1896 4621 2243 4690 HOMILIA
2286 4632 2550 4701 XXVII.

583 4739 714 4796 Car.
740 4742 827 4796 11.
856 4759 913 4840 v.
938 4745 1026 4799 17.
1061 4745 1173 4840 (loc
1199 4757 1366 4804 autem
1395 4754 1712 4826 prmcipiens,
1741 4777 1841 4816 non
1867 4763 2019 4821 laudo
2038 4771 2176 4840 quod

763 4851 867 4888 non
895 4836 948 4890 in
978 4839 1158 4893 melius
1178 4882 1192 4907 ,
1223 4844 1312 4896 sed
1343 4844 1395 4899 in
1425 4847 1642 4905 deterius
1667 4859 1993 4913 conveniatis.

660 4924 710 4978 1.
741 4925 971 4985 Necesse
1006 4940 1089 4986 est
1117 4935 1275 4988 etiam
1320 4943 1598 5006 praesentis
1624 4945 1864 5003 criminis
1893 4967 1988 5006 seu
2017 4968 2174 5010 accu-

586 5017 811 5072 sationis
844 5023 989 5090 prius
1019 5041 1233 5081 causam
1273 5027 1453 5087 dicere
1486 5052 1498 5087 :
1532 5034 1602 5089 ita
1632 5039 1772 5094 enim
1803 5057 1923 5112 quae
1950 5045 2174 5104 dicenda

585 5117 711 5162 sunt
731 5109 936 5168 facilius
956 5116 1280 5175 ediscentur.
1306 5122 1558 5190 Qumnam
1582 5145 1708 5199 ergo
1730 5109 1960 5190 illa—est?
1985 5136 2175 5204 Quem-

585 5201 871 5260 admodum
905 5210 1002 5262 tria
1031 5212 1119 5266 illa
1151 5215 1311 5270 millia
1334 5258 1347 5279 .
1380 5235 1500 5288 quae
1533 5221 1683 5276 initio
1711 5201 2051 5285 crediderant
2073 5275 2086 5297 ,
2120 5232 2172 5289 in

586 5299 855 5352 communi
901 5315 1084 5357 mensa
1129 5307 1514 5377 comedebant,
1558 5322 1610 5365 et
1649 5321 1951 5374 communia
1995 5324 2172 5378 omnia

587 5386 932 5454 possidebant
961 5409 974 5445 :
1002 5393 1079 5448 sic
1105 5397 1262 5450 etiam
1294 5398 1407 5454 fieri
1435 5403 1642 5458 solebat
1666 5423 1786 5462 cum
1817 5409 1930 5465 hzec
1959 5414 2175 5482 scripsit

585 5477 906 5572 Apostolus;
940 5491 1113 5538 atnon
1138 5501 1261 5541 cum
1288 5499 1430 5545 tanta
1456 5497 1818 5565 accuratione,
1843 5501 1933 5555 sed
1959 5477 2172 5572 quidam

587 5566 748 5622 veluti
779 5567 958 5625 ﬂuxus
980 5572 1119 5663 illius
1145 5578 1302 5645 prisci
1329 5585 1584 5638 consortii
1616 5591 1873 5644 remansit
1897 5600 1954 5645 et
1978 5566 2046 5646 ad
2076 5610 2173 5663 po-

586 5668 759 5714 steros
786 5652 1079 5720 descendit.
1112 5669 1244 5734 Quia
1275 5687 1401 5728 vero
1430 5676 1773 5747 contingebat
1801 5681 1935 5737 alios
1971 5652 2173 5756 paupe-

587 5765 694 5848 res,
717 5752 851 5809 alios
875 5756 1068 5814 divites
1095 5775 1230 5828 esse,
1255 5779 1349 5819 sua
1375 5767 1552 5821 omnia
1580 5785 1686 5824 non
1714 5772 1765 5826 in
1794 5774 2025 5831 medium
2053 5752 2177 5848 pro-

589 5837 866 5915 ferebant;
893 5863 1216 5924 communes,
1231 5863 1408 5912 autem
1429 5863 1754 5930 apparabant
1781 5881 1993 5923 mensas
2019 5837 2172 5928 siatis

2279 4777 2496 4845 diebus,
2528 4783 2602 4836 uti
2637 4801 2732 4854 par
2760 4795 2909 4853 erat,
2937 4797 2992 4845 et
3017 4801 3229 4858 peracta
3261 4791 3475 4865 synaxi.
3508 4792 3616 4858 post
3642 4782 3777 4848 mi“?

2280 4871 2480 4926 riorum
2507 4878 2941 4934 communionem
2967 4881 3019 4934 in
3045 4897 3330 4939 commune
3354 4896 3534 4939 omni”
3553 4867 3785 4931 convivium

2279 4963 2582 5031 veniebant,
2613 4965 2866 5024 divitibus
2895 4971 3043 5026 cibos
3069 4988 3196 5028 suos
3225 4972 3574 5032 offerentibus,
3604 4952 3787 5050 pauperi:

2283 5052 2380 5106 bus
2408 5065 2584 5110 autem
2617 5066 2671 5112 et
2697 5059 2828 5115 nihil
2855 5062 3173 5119 habentibus
3201 5066 3268 5121 ab
3299 5067 3424 5136 ipsis
3450 5058 3675 5117 divitibus
3696 5050 3788 5101 invl-

2280 5147 2435 5210 tatis,
2474 5150 2827 5222 omnibusque
2869 5155 3028 5209 simul
3067 5159 3486 5213 convivantibus.
3525 5147 3618 5205 Sed
3651 5144 3784 5213 Ρ⁰⁵¹⁸²

2281 5235 2366 5290 hic
2392 5253 2508 5293 mos
2537 5241 2820 5298 obsolevit.
2847 5246 3014 5300 Causa
3042 5259 3218 5303 autem
3248 5251 3360 5315 fuit,
3387 5243 3518 5317 quod
3539 5229 3703 5294 divulsi
3725 5239 3786 5277 es-

2279 5336 2420 5393 sent,
2450 5344 2513 5384 ac
2542 5346 2661 5386 sese
2690 5334 3057 5393 adscriberent
3079 5341 3167 5394 alii
3197 5342 3295 5407 his,
3327 5340 3414 5396 alii
3441 5336 3552 5400 illis,
3578 5323 3785 5418 dicerer.“

2279 5434 2383 5488 que
2402 5459 2418 5485 ν
2448 5419 2557 5491 E80
2586 5438 2703 5478 sum
2743 5425 2900 5492 huius
2920 5471 2934 5492 .
2968 5446 3067 5500 ego
3098 5433 3273 5500 illius;
3305 5430 3437 5502 quod
3465 5423 3701 5490 corrigens
3723 5404 3785 5462 ille

2281 5512 2431 5566 initio
2453 5518 2693 5583 epistola:
2718 5519 2928 5576 dicebat
2954 5542 2966 5577 :
3002 5525 3357 5596 Signiﬁcatum
3380 5533 3449 5578 est
3475 5515 3598 5575 milii,
3624 5513 3782 5580 fratres,

2279 5601 2342 5656 de
2367 5603 2503 5658 vobis
2527 5607 2590 5658 ab
2616 5607 2679 5661 iis
2703 5610 2789 5681 qui
2813 5623 2932 5665 sunt
2959 5615 3161 5684 Chloes,
3194 5622 3310 5688 quia
3334 5607 3637 5670 contentiones
3657 5596 3700 5647 in
3721 5600 3781 5640 σθ’

2278 5693 2354 5747 bis
2389 5706 2526 5750 sunt.
2564 5697 2676 5753 lloc
2712 5713 2879 5757 autem
2911 5705 3025 5760 dico
3044 5747 3060 5772 ,
3102 5711 3239 5777 quod
3278 5703 3584 5774 unusquisque
3615 5688 3781 5741 vestrum

2279 5786 2412 5840 dicat
2436 5804 2455 5842 :
2485 5789 2593 5860 Ego
2627 5794 2828 5861 quidem
2860 5813 2970 5851 sum
3004 5797 3190 5866 Pauli,
3219 5819 3307 5874 ego
3331 5808 3482 5853 autem
3509 5781 3689 5874 Ανοίίθς

2278 5894 2391 5934 mo
2431 5881 2614 5951 Cepha.’
2639 5886 2726 5956 (ι.
2755 5886 2873 5944 Cor.
2907 5891 2955 5945 ι.
2991 5892 3076 5947 ιι.
3120 5865 3268 5967 is):
3285 5894 3391 5952 Non
3419 5879 3543 5958 quod
3578 5865 3776 5931 νευιοδο
