3962 6414
128 385 237 442 935

126 506 349 558 ᾶπαντα
378 497 665 569 σωφρόνει,
690 494 785 550 καὶ
815 495 952 566 μετά
979 493 1180 549 τούτων
1209 495 1300 547 καὶ
1334 495 1432 563 τὴν
1464 494 1704 563 ἑσπέραν

132 584 348 650 ἐκείνην
374 582 569 647 ἐννόει,
599 580 720 633 καθ’
750 581 817 650 ἢν
844 578 1080 641 καλέσας
1113 594 1172 631 σε
1221 580 1248 630 ὁ
1290 580 1487 647 πατὴρ,
1518 576 1707 646 ὥσπερ

120 667 245 719 τινά
291 681 381 717 σοι
425 661 896 735 παρακαταθήκην
932 663 1031 732 τὴν
1080 661 1356 732 θυγατέρα
1400 661 1703 732 παρέδωκε,

123 750 217 802 καὶ
256 747 488 801 πάντων
522 746 856 814 ἀποστήσας,
908 746 1002 798 καὶ
1031 744 1237 814 μητρὸς
1280 744 1371 796 καὶ
1404 742 1569 796 αὐτοῦ
1614 743 1707 795 καλ⁸

127 829 326 893 οἰκίας,
368 829 665 898 ὁλόκληρον
716 829 885 897 αὐτῆς
935 829 1033 897 τὴν
1066 827 1366 895 ἐπιτροπὴν
1410 826 1707 895 ἐνεχείρισέ

139 933 226 967 σου
246 916 313 983 τῇ
368 911 552 982 δεξιᾷ·
585 910 835 980 ἐννόησον
862 911 943 962 ὅτι
974 910 1111 978 μετὰ
1147 909 1238 961 τὸν
1281 909 1411 962 Θεὸν
1440 909 1506 961 δι’
1535 909 1707 977 αὐτῆς

141 996 274 1068 [259]
314 995 519 1057 παῖδας
547 993 691 1062 ἔχεις
736 994 831 1047 καὶ
879 992 1060 1063 πατὴρ
1108 993 1358 1061 γέγονας,
1415 992 1510 1045 καὶ
1554 992 1704 1060 γίνου

139 1080 221 1133 καὶ
240 1078 499 1132 ἐντεῦθεν
524 1078 731 1148 ¹ἥμερος
760 1076 896 1147 πρὸς
923 1077 1112 1147 αὐτήν.

194 1224 266 1290 η’.
284 1220 404 1289 Οὐχ
418 1218 553 1290 ὁρᾷς
573 1219 696 1281 τοὺς
711 1219 1008 1288 γεωργοὺς,
1030 1216 1145 1281 πῶς
1162 1215 1260 1287 τὴν
1281 1214 1427 1280 άπαξ
1444 1212 1705 1279 ὑποδεξα-

130 1308 295 1378 μένην
321 1307 393 1360 τά
416 1307 709 1378 σπέρματα
738 1308 841 1378 γῆν
872 1305 1232 1378 θεραπεύουσι
1263 1303 1587 1375 παντοδαπῷ
1617 1304 1706 1357 Oe-

132 1394 367 1464 ραπείας
405 1393 615 1463 τρόπῳ,
658 1393 761 1445 κᾶν
817 1392 984 1462 μυρία
1031 1389 1387 1460 ἐλαττώματα
1432 1389 1551 1461 ἔχῃ,
1595 1384 1706 1442 οἷον

128 1476 228 1529 κᾶν
259 1476 630 1546 λυπρὸγεωςι
656 1472 713 1546 ᾖ,
743 1474 845 1526 κᾶν
881 1473 1106 1544 βοτάνας
1134 1474 1276 1546 φέρῃ
1305 1474 1564 1542 πονηράς,
1600 1471 1705 1524 κᾶν

129 1559 235 1612 ὑπὸ
278 1559 594 1629 ἐπομϐρίας
640 1557 1012 1629 ἐπηρεάζηται
1045 1560 1110 1628 τῇ
1145 1558 1303 1626 φύσει
1346 1557 1444 1621 τῆς
1469 1555 1704 1619 θέσεως;

129 1643 298 1695 Τοῦτο
327 1645 425 1695 καὶ
452 1642 517 1694 σύ
540 1642 703 1695 misr
727 1641 868 1696 οὕτω
890 1641 998 1712 γὰρ
1026 1641 1286 1713 πρότερος
1309 1638 1589 1710 ἀπολαύσῃ
1614 1645 1710 1697 καὶ

130 1726 235 1777 τῶν
264 1726 499 1796 καρπῶν
535 1727 628 1779 καὶ
658 1725 756 1795 τῆς
784 1725 1022 1795 γαλήνης
1043 1742 1055 1754 ·
1091 1725 1185 1778 καὶ
1217 1723 1326 1794 γάρ
1352 1723 1518 1796 λιμήν
1562 1727 1708 1780 ἐστιν

132 1812 163 1878 ἡ
192 1811 359 1880 γυνὴ,
404 1810 498 1862 καὶ
531 1810 822 1880 φάρμακον
846 1809 1112 1879 εὐθυμίας
1161 1809 1436 1877 μέγιστον,
1486 1812 1583 1864 "Av
1613 1812 1710 1881 μὲν

131 1890 218 1946 οὖν
250 1894 347 1946 τὸν
375 1893 569 1963 λιμένα
597 1892 921 1963 πνευμάτων
952 1891 1273 1967 ἀπαλλάξῃς
1300 1896 1393 1949 καὶ
1426 1896 1706 1964 κυμάτων,

129 1975 338 2045 πολὶῆς
365 1974 648 2047 ἀπολαύσῃ
677 1976 776 2045 τῆς
801 1974 985 2034 ἀδείας
1008 1975 1071 2042 ἐξ
1101 1975 1306 2050 ἀγορᾶς
1337 1976 1501 2031 ἀνιών
1518 1994 1531 2009 ο
1560 1977 1626 2030 ἂν
1653 1976 1712 2028 δὲ

127 2060 383 2130 θορύϐων
404 2059 499 2112 καὶ
520 2059 762 2130 ταραχῆς
783 2057 1095 2133 ὲμπλὴσῃς,
1122 2060 1304 2132 σαυτῷ
1332 2060 1711 2132 χαλεπώτερον

128 2141 571 2210 κατασκευάζεις
605 2141 673 2219 τίς
703 2145 980 2213 ναυάγιον.
1021 2144 1118 2198 Ἵν’
1148 2140 1241 2198 οῦν
1268 2144 1426 2197 τοῦτο
1462 2143 1537 2215 μὴ
1563 2144 1713 2214 γίνη-

127 2244 243 2296 ται,
286 2224 454 2283 τοῦτο
481 2228 510 2282 ὁ
537 2229 681 2296 λέγω
706 2228 947 2297 γενέσθω
965 2244 979 2260 ο
1008 2228 1136 2283 ὅταν
1163 2246 1217 2281 τι
1245 2228 1426 2299 συμϐῇ
1466 2228 1710 2300 λυπηρὸν

129 2312 276 2366 κατά
314 2312 421 2384 τὴν
451 2312 647 2376 οἰκίαν,
683 2313 899 2382 ἐκείνης
939 2310 1311 2384 ἁμαρτούσης,
1361 2311 1711 2382 παραμυθοῦ,

129 2400 220 2448 καὶ
253 2396 335 2467 μὴ
368 2397 605 2450 ἐπίτεινε
631 2395 728 2466 τὴν
754 2395 952 2465 λύπην.
981 2395 1099 2449 Κᾶν
1125 2395 1232 2466 γὰρ
1255 2395 1470 2450 ἅπαντα
1501 2396 1711 2450 ἀποϐά-

122 2477 249 2550 λης,
289 2478 451 2532 οὖδέν
500 2479 872 2550 λυπηρότερον
915 2478 1009 2532 τοῦ
1046 2479 1119 2549 μὴ
1151 2480 1267 2549 μετ’
1314 2480 1528 2544 εὐνοίας
1571 2479 1715 2550 ἔχειν

126 2563 377 2627 γυναῖκα
399 2560 546 2614 ἔνδον
578 2561 960 2615 συνοικοῦσαν⁸
1003 2561 1106 2615 κᾶν
1137 2561 1317 2616 ὁτιοῦν
1348 2562 1509 2634 εῖπῃς
1533 2564 1716 2633 ἀμάρ-

122 2659 306 2712 τημα,
347 2643 504 2697 οὐδὲν
532 2642 704 2706 οὓτως
745 2643 1126 2715 ὀδυνηρότερον
1164 2632 1328 2714 ἐρεῖς,
1369 2632 1478 2697 οἷόν
1511 2632 1626 2698 ἐστι
1655 2632 1715 2697 τὸ

124 2726 269 2796 πρὸς
290 2726 517 2797 ἐκείνην
544 2725 868 2791 στασιάζειν.
898 2729 1057 2780 Ὥστε
1082 2729 1175 2781 καὶ
1195 2728 1283 2782 διά
1302 2727 1474 2782 ταῦτα
1499 2729 1715 2781 πάντων

120 2792 272 2861 ἔστω
300 2792 610 2879 τιμῖωτέρα
633 2812 667 2881 ἡ
697 2809 899 2881 ταύτης
919 2811 1127 2881 ἀγάπη.
1157 2811 1220 2864 Εἰ
1246 2808 1356 2881 γὰρ
1381 2810 1628 2881 ἀλλήλων
1650 2809 1718 2863 τά

123 2892 278 2963 βάρη
309 2890 402 2945 δεῖ
446 2890 755 2961 βαστάζειν,
807 2892 988 2963 σπολλῴ
1040 2893 1240 2964 μᾶλλον
1288 2895 1387 2963 τῆς
1436 2892 1712 2962 γυναικός.

126 2976 253 3028 Κᾶν
290 2977 548 3047 πένησσα
595 2973 651 3049 ᾖ,
700 2977 775 3049 μὴ
799 2977 1097 3050 ὀνειδίσῃς’
1147 2977 1251 3032 κᾶν
1296 2977 1520 3049 ἀνόητος
1546 2970 1603 3048 ᾖ,
1638 2975 1714 3047 μὴ

125 3057 473 3126 ὲπέμϐαινε,
518 3058 655 3112 ἀλλά
706 3059 967 3132 ρύθμισον
1005 3060 1206 3132 μᾶλλον
1231 3078 1244 3092 ⁸
1285 3062 1379 3114 καὶ
1421 3060 1527 3131 γάρ
1561 3059 1719 3131 μέλος

126 3141 251 3193 ἐστὶ
277 3141 403 3205 σὸν,
434 3142 529 3196 καὶ
557 3143 692 3213 σὰρξ
713 3144 960 3211 ἐγένεσθε
992 3142 1110 3214 μία.
1152 3143 1311 3196 Ἀλλὰ
1342 3143 1576 3214 φλύαρός
1602 3145 1718 3196 ἐστι

127 3224 229 3275 καὶ
256 3224 503 3291 μέθυσος
532 3227 627 3278 καὶ
660 3225 893 3296 ὀργίλος.
926 3225 1135 3280 Οὐκοῦν
1154 3225 1340 3294 ἀλγεῖν
1366 3228 1457 3281 ἐπί
1486 3226 1716 3292 τούτοις,

130 3309 238 3360 οὐκ
266 3309 591 3378 ὀργίζεσθαι
624 3310 747 3381 χρὴ,
795 3311 889 3364 καί⁸
929 3310 1022 3363 τὸν
1062 3310 1196 3363 Θεὸν
1234 3310 1595 3380 παρακαλεῖν,
1627 3312 1722 3366 καὶ⁵

138 3395 436 3460 παραινεῖν
459 3392 598 3464 αὐτῇ
636 3395 730 3446 καὶ
768 3392 1175 3462 συμϐουλεύειν,
1200 3393 1294 3446 καὶ
1322 3395 1496 3448 πάντα
1525 3396 1715 3458 ποιεῖν,

144 3473 286 3527 ὥστε
322 3476 559 3545 ἐκκόψαι
587 3476 647 3530 τὸ
687 3477 876 3541 πάθος.
914 3478 1012 3530 Ἂν
1039 3477 1094 3530 δὲ
1118 3478 1348 3551 τύπτῃς,
1389 3480 1482 3532 καὶ
1510 3478 1721 3551 ἐπιτρί-

150 3558 246 3630 ϐης
294 3560 359 3614 τὸ
413 3561 656 3631 νόσημα,
711 3562 770 3614 οὐ
818 3560 1212 3632 θεραπεύεται·
1283 3561 1558 3633 θρασύτης
1612 3564 1721 3635 γάρ

155 3644 421 3716 ἐπιεικείᾳ
447 3644 655 3708 λύεται,
684 3645 781 3715 οὐχ
804 3645 966 3717 ἐτέρᾳ
992 3645 1309 3716 θρασύτητι.
1340 3647 1494 3700 Μετὰ
1518 3646 1721 3700 τούτων

156 3729 245 3781 καὶ
290 3729 388 3781 τὸν
431 3728 585 3799 παρά
622 3729 714 3782 τοῦ
763 3728 897 3782 Θεοῦ
944 3729 1133 3800 μισθὸν
1171 3730 1360 3784 ἐννόει.
1391 3731 1560 3783 Ὅταν
1590 3732 1718 3802 γὰρ,

158 3812 268 3877 ἐξόν
301 3829 386 3866 σοι
410 3815 661 3883 ἐκτεμεῖν
691 3812 880 3883 αὐτὴν,
915 3814 989 3884 μὴ
1012 3816 1171 3886 ποιῇς
1198 3813 1355 3866 τοῦτο
1387 3814 1475 3867 διὰ
1505 3814 1596 3868 τὸν
1626 3814 1720 3868 τοῦ

160 3895 283 3949 Θεοῦ
306 3897 494 3966 φόϐον,
521 3895 657 3949 ἀλλά
685 3895 857 3968 φέρῃς
889 3895 1247 3966 ἐλαττώματα
1274 3896 1534 3963 τοσαῦτα,
1564 3898 1723 3951 δεδοι-

165 3980 263 4043 κὼς
289 3981 385 4033 τὸν
416 3979 512 4032 ἐπὶ
539 3978 747 4043 τούτοις
789 3979 1038 4050 κείμενον
1082 3978 1245 4050 νόμον
1298 3979 1391 4032 τὸν
1445 3980 1724 4034 κωλύοντα

167 4061 401 4115 ἐκϐαλεῖν
448 4065 703 4130 γυναῖκα,
753 4062 858 4116 κᾶν
896 4062 1071 4117 ὁτιοῦν
1116 4063 1214 4135 ἔχῃ
1259 4062 1489 4134 νόσημα,
1518 4064 1724 4134 ἄφατον

62 4194 63 4199 η
166 4144 292 4218 λήψῃ
341 4144 571 4217 μισθόν
613 4146 707 4199 καὶ
739 4146 845 4218 πρὸ
869 4145 979 4200 τῶν
1020 4147 1227 4219 μισθῶν
1264 4146 1322 4200 δέ
1366 4148 1436 4203 τά
1492 4148 1726 4220 μέγιστα

222 4280 246 4309 ⁵
270 4279 420 4342 Reg.,
443 4277 744 4340 λεπτόγαιος.

1097 374 1163 429 IN
1201 371 1421 429 EPIST.
1465 371 1485 425 ι
1526 370 1620 425 Al)
1655 338 1817 426 con;
1851 367 2086 427 HOMIL.
2125 366 2342 422 xxvu.

3270 360 3377 415 ἳέί

1810 490 2105 560 κερδανεῖς,
2150 488 2365 556 ἐκείνην
2391 503 2449 538 τε
2490 483 2909 552 εὐπειθεστέραν
2939 480 3381 546 κατασκευάζων,

1809 573 1902 627 καὶ
1934 570 2096 634 αὐτὸς
2129 572 2539 640 ἐπιεικέστερος
2575 568 2745 639 ταύτῃ
2774 567 3077 636 γινόμενος.

1879 655 2108 722 Λέγεται
2142 652 2271 722 γοῦν
2317 669 2400 714 τις
2435 653 2530 705 καὶ
2569 650 2676 704 τῶν
2708 649 2910 716 ἔξωθεν
2949 649 3255 717 φιλοσόφων
3289 664 3386 717 μο-

1807 736 2018 807 χθηρὰν
2061 736 2200 808 έχων
2235 739 2470 804 γυναῖκα
2521 734 2616 787 καὶ
2673 733 2912 803 φλύαρον
2962 733 3055 785 καὶ
3105 732 3382 798 πάροινον,

1808 821 1945 889 πρὸς
1984 820 2110 883 τοὺς
2147 820 2488 888 ἐρωτῶντας,
2530 817 2677 879 τίνος
2721 816 2908 869 ’ἐνεκεν
2951 813 3210 884 τοιαύτην
3244 813 3386 883 ἔχων

1806 903 2075 973 ἀνέχεται,
2128 903 2322 964 εἰπεῖν,
2364 901 2503 953 ὥστε
2555 900 2853 969 γυμνάσιον
2900 899 2994 950 καὶ
3046 896 3386 966 παλαίστραν

1806 985 1949 1054 ἔχειν
1988 984 2305 1053 φιλοσοφίας
2353 984 2444 1036 ἐπὶ
2478 984 2576 1050 τῆς
2625 982 2834 1042 οἰκίας’
2878 982 3111 1049 Ἐσομαι
3136 979 3245 1048 γὰρ
3274 979 3387 1038 τοῖς

1806 1067 2012 1130 λοιποῖς
2064 1067 2387 1139 πραότερος,
2435 1066 2619 1137 φησὶν,
2671 1067 2729 1116 ἐν
2770 1062 2944 1135 ταύτῃ
2984 1062 3104 1115 καθ’
3139 1060 3387 1128 ἑκάστην

1806 1150 2196 1219 παιδευόμενος
2222 1151 2319 1219 τὴν
2354 1149 2587 1220 ἡμέραν.
2632 1147 2926 1217 Ἒϐοήσατε
2958 1145 3206 1215 μεγάλας
3244 1142 3386 1197 Ἀλλ’

1806 1231 1917 1300 ἐγὼ
1952 1231 2048 1284 νῦν
2087 1232 2349 1303 ὀδύρομαι
2390 1232 2550 1302 μέγα,
2601 1231 2725 1283 ὅταν
2778 1228 3038 1299 ’Έλληνες
3084 1228 3240 1297 ἡμῶν
3284 1221 3387 1281 ὦσι

1807 1316 2253 1386 φιλοσοφώτεροι,
2281 1317 2309 1385 ἡ
2319 1315 2434 1383 μῶν
2448 1314 2555 1367 τῶν
2583 1312 2982 1366 κελευσθέντων
3005 1312 3274 1379 ἀγγέλους
3300 1328 3388 1381 μι-

1810 1399 2047 1468 μεῖσθαι,
2078 1399 2275 1469 μᾶλλον
2303 1398 2359 1450 δέ
2388 1398 2494 1451 τῶν
2520 1395 2921 1450 κελευσθέντων
2951 1393 3112 1447 αὐτὸν
3139 1394 3231 1445 τὸν
3254 1392 3387 1446 Θεὸν

1806 1482 2005 1554 ζηλοῦν
2033 1483 2173 1537 κατὰ
2198 1483 2289 1535 τὸν
2307 1483 2407 1554 τῆς
2434 1480 2732 1543 ἐπιεικείας
2754 1479 2932 1546 λόγον.
2970 1480 3027 1532 Ὀ
3053 1478 3149 1547 μὲν
3175 1475 3269 1530 οὖν
3299 1495 3386 1549 φιτ

1808 1567 2036 1636 λόσοφος
2058 1566 2274 1634 λέγεται
2314 1564 2401 1618 διὰ
2428 1564 2584 1618 τοῦτο
2602 1564 2840 1633 πονηρὰν
2870 1561 3009 1631 ἔχων
3043 1564 3278 1629 γυναῖκα
3311 1561 3385 1631 μὴ
3411 1617 3414 1621 ,

1811 1650 2060 1704 ἐκϐαλεῖν
2078 1664 2091 1677 ⁸
2118 1649 2261 1711 τινὲς
2278 1650 2334 1702 δὲ
2357 1649 2451 1702 καὶ⁹
2473 1647 2560 1700 διὰ
2594 1646 2750 1699 τοῦτο
2771 1643 3076 1713 ἀγαγέσθαι
3098 1645 3258 1697 αὐτὸν
3284 1644 3388 1711 αὐτ-

1808 1735 1907 1803 τὴν
1937 1733 2204 1800 λέγουσιν.
2243 1729 2383 1799 Ἐγὼ
2407 1730 2486 1794 δέ,
2517 1727 2704 1799 ἐπειδὴ
2729 1728 2913 1781 πολλοὶ¹
2937 1726 3046 1780 τῶν
3081 1725 3388 1796 ἀνθρώπων

1813 1814 1963 1887 [240]
2017 1814 2354 1885 ἀλογώτερόν
2402 1815 2507 1866 εἰσι
2563 1812 2918 1880 διακείμενοι,
2972 1807 3226 1879 παραινῶ
3291 1809 3390 1879 μὲν

1812 1898 2044 1969 ἐξαρχῆς
2079 1898 2257 1951 πάντα
2287 1898 2459 1949 ποιεῖν
2496 1896 2591 1948 καὶ
2618 1893 2939 1958 σπουδάζειν
2971 1893 3118 1971 ὅπως
3147 1892 3389 1963 εὐάρμο-

1814 1997 1936 2033 στον
1965 1980 2180 2034 λάϐοιεν
2223 1979 2466 2033 σύνοικον
2494 1978 2587 2031 καὶ
2630 1977 2811 2047 πάσης
2850 1976 3126 2045 γέμουσαν
3149 1977 3349 2046 ἀρετῆς
3371 1992 3385 2006 ’

1811 2065 1860 2116 εί
1910 2064 1966 2117 δὲ
2019 2064 2260 2135 συμϐαίη
2316 2063 2659 2131 διαμαρτεῖν,
2705 2061 2798 2113 καὶ
2844 2060 2917 2129 μὴ
2960 2059 3203 2130 χρηστὴν
3255 2054 3390 2129 μηδέ

1811 2146 2042 2218 ἀνεκτὴν
2067 2147 2285 2218 νύμφην
2316 2146 2630 2213 εἰσαγαγεῖν
2671 2145 2750 2206 είς
2770 2143 2868 2212 τὴν
2900 2141 3094 2204 οἰκίαν,
3116 2142 3235 2194 τότε
3259 2140 3390 2210 γοῦν

1812 2231 1902 2284 τὸν
1937 2230 2224 2300 φιλόσοφον
2268 2229 2456 2282 τοῦτον
2498 2226 2716 2298 ζηλοῦν,
2764 2226 2856 2279 καὶ
2893 2224 3174 2297 ῥυθμίζειν
3221 2224 3391 2294 αὐτὴν

1814 2313 2065 2379 πάντοτε,
2104 2313 2198 2367 καὶ
2234 2312 2399 2382 μηδὲν
2436 2311 2639 2363 τούτων
2673 2307 2987 2380 προτιθέναι
3010 2308 3058 2362 ι).
3119 2308 3269 2361 Ἐπεὶ
3298 2308 3391 2360 καὶ

1814 2395 2074 2467 ἔμπορος,
2104 2396 2233 2467 πρὶν
2273 2395 2307 2464 ἦ
2337 2393 2472 2465 πρὸς
2496 2394 2587 2446 τὸν
2613 2392 2869 2446 κοινωνὸν
2901 2390 3171 2460 συνθήκας
3201 2389 3389 2443 θέσθαι

1813 2479 1913 2542 τὰς
1953 2477 2259 2548 δυναμένας
2303 2477 2526 2546 είρήνην
2567 2475 2964 2545 πρυτανεύειν,
3015 2474 3074 2526 οὐ
3126 2473 3392 2542 πρότερον

1814 2568 2062 2632 καθέλξει
2086 2568 2146 2623 τὸ
2182 2567 2366 2621 πλοῖον
2393 2569 2473 2630 είς
2509 2567 2571 2619 τὸ
2601 2566 2856 2635 πέλαγος,
2913 2565 3033 2619 οὐδὲ
3075 2563 3177 2635 τῆς
3224 2564 3392 2635 ἄλλης

1815 2650 2009 2719 ἀψεται
2048 2649 2337 2723 ἐμπορίας.
2386 2650 2494 2702 Καλ⁸
2551 2649 2713 2719 ἡμεῖς
2762 2647 2941 2702 τοίνυν
2992 2647 3170 2701 πάντα
3215 2649 3393 2718 πράτ-

1814 2745 2019 2798 τωμεν,
2052 2728 2191 2782 ὥστε
2218 2729 2317 2801 τὴν
2341 2727 2595 2783 κοινωνὸν
2628 2728 2727 2798 τῆς
2750 2727 2845 2780 τοῦ
2870 2728 2982 2798 βίου
3011 2744 3158 2797 πραγ
3169 2725 3392 2797 μάτείας

1817 2813 1945 2883 ἡμῖν
1971 2814 2065 2867 καὶ
2082 2812 2178 2866 τοῦ
2197 2805 2381 2866 πλοίου
2401 2811 2592 2865 τούτου
2616 2811 2753 2881 μετά
2775 2811 2953 2880 πάσης
2977 2809 3123 2863 ἔνδον
3141 2809 3393 2880 κατέχειν

1815 2896 1916 2964 τῆς
1938 2896 2181 2968 εἰρήνης,
2211 2896 2369 2950 Οὐτω
2386 2894 2495 2966 γὰρ
2518 2895 2613 2949 καὶ
2638 2894 2707 2948 τὰ
2732 2894 2864 2948 ἄλλα
2897 2894 3073 2947 πάντα
3091 2895 3220 2964 ἡμῖν
3243 2893 3394 2946 ἐσται

1819 2980 2050 3051 γαληνὰ,
2091 2982 2185 3035 καὶ
2219 2980 2356 3051 μετά
2400 2979 2581 3042 ἁδείας
2611 2978 2674 3031 τὸ
2711 2978 2947 3046 πέλαγος
2983 2976 3077 3031 τοῦ
3126 2978 3395 3049 παρόντος

1820 3062 2223 3135 διαδραμοῦμεν
2251 3062 2389 3133 βίου.
2418 3061 2587 3116 Τοῦτο
2614 3063 2709 3115 καὶ
2737 3060 2844 3132 πρὸ
2873 3060 3049 3123 οἰκίας
3078 3060 3172 3115 καὶ
3198 3060 3395 3131 ἀνδρα-

1821 3144 1995 3198 πόδων
2015 3145 2109 3199 καὶ⁵
2127 3146 2428 3216 χρημάτων
2449 3145 2545 3198 καὶ
2573 3143 2760 3213 ἀγρῶν
2786 3144 2881 3197 καὶ
2910 3143 3090 3197 αὐτῶν
3113 3141 3222 3195 τῶν
3246 3143 3399 3196 πολι-

1819 3229 1989 3282 τικῶν
2022 3230 2363 3301 πραγμάτων
2397 3231 2618 3298 ἄγωμεν
2638 3243 2653 3259 ·
2699 3227 2795 3282 καὶ
2837 3226 3055 3280 πάντων
3086 3228 3218 3295 ἡμῖν
3260 3242 3398 3297 προ-

1819 3314 2104 3384 τιμότερον
2149 3314 2291 3367 έστω
2338 3315 2397 3366 τὸ
2441 3314 2539 3384 τὴν
2589 3311 2708 3383 μεθ’
2757 3311 2912 3381 ἡμῶν
2951 3310 3185 3364 ἐπὶτῶν
3233 3311 3397 3365 οἴκων

1821 3398 2141 3467 καθημένην
2187 3397 2261 3469 μὴ
2314 3398 2629 3461 στασιάζειν
2691 3395 2825 3466 μηδὲ
2878 3395 3211 3464 διχοστατεῖν
3261 3394 3398 3465 πρὸς

1821 3481 1990 3551 ἡμᾶς.
2017 3480 2174 3534 Οὐτω
2197 3481 2305 3551 γὰρ
2324 3482 2416 3534 καὶ
2438 3479 2506 3533 τὰ
2523 3479 2659 3535 ἄλλα
2682 3480 2815 3550 ἡμῖν
2836 3479 2977 3532 κατά
2997 3477 3122 3549 ροῦν
3144 3477 3284 3546 ἥξει,
3301 3478 3401 3531 καὶ

1822 3565 1881 3617 ἐν
1905 3566 2016 3627 τοῖς
2045 3566 2438 3634 πνευματικοῖς
2467 3564 2525 3617 δὲ
2552 3562 2750 3633 πολλὴν
2783 3562 2976 3632 ἕξομεν
3004 3560 3102 3633 τὴν
3125 3560 3395 3626 εὐκολίαν,

1825 3646 1965 3718 μετά
1992 3648 2249 3718 ὁμονοίας
2272 3648 2364 3701 τὸν
2382 3647 2542 3716 ζυγὸν
2567 3646 2755 3701 τοῦτον
2786 3646 3035 3709 ἐλκοντες
3055 3662 3067 3676 ·
3095 3645 3188 3700 καὶ
3220 3644 3399 3699 πάντα

1823 3729 2286 3801 κατορθώσαντες,
2312 3731 2420 3785 τῶν
2448 3733 2826 3803 ἀποκειμένων
2848 3728 3241 3801 ἐπιτευξόμεθα
3262 3732 3396 3798 ἁγα-

1825 3811 1963 3865 θῶν·
1997 3807 2073 3867 ὧν
2101 3815 2312 3883 γένοιτο
2335 3814 2543 3878 πάντας
2571 3818 2719 3886 ἡμᾶς
2758 3817 3059 3886 ἐπιτυχεῖν,
3088 3815 3271 3887 χάριτι
3304 3815 3400 3867 καὶ

1824 3894 2205 3968 φιλανθρωπίᾳ.
2224 3896 2319 3949 τοῦ
2342 3897 2549 3969 Κυρίου
2599 3897 2756 3968 ήμῶν
2788 3896 2963 3969 Ἰησοῦ
2988 3896 3247 3967 Χριστοῦ,
3279 3895 3399 3965 μεθ’

1824 3971 1885 4034 οὗ
1910 3979 1987 4049 τῷ
2015 3981 2209 4050 Πατρὶ,
2232 3980 2348 4051 ἅμα
2380 3981 2456 4051 τῷ
2483 3980 2622 4051 ἁγίῳ
2654 3980 2961 4050 Πνεύματι,
2996 3980 3142 4044 δόξα,
3173 3978 3396 4048 κράτος,

1824 4064 1981 4134 τιμὴ,
2017 4064 2112 4118 νῦν
2138 4065 2234 4120 καὶ
2265 4067 2373 4132 ἀεὶ,
2410 4068 2502 4119 καὶ
2545 4068 2624 4130 είς
2652 4068 2775 4130 τοὺς
2806 4066 3008 4129 αἰῶνας
3029 4065 3135 4121 τῶν
3164 4063 3396 4119 αἰώνων.

1839 4147 2033 4219 Ἀμήν.

1891 4285 1919 4315 ⁸
1944 4285 2201 4350 Legebalur
2231 4288 2526 4350 προστιθέναι

1571 4560 1810 4615 OMIAIA
1838 4562 1964 4618 KZ'.

177 4721 338 4777 Τοῦτο
356 4721 424 4773 δὲ
449 4720 899 4790 παραγγέλλων,
927 4724 1038 4775 οὐκ
1058 4721 1281 4777 ἐπαινῶ
1302 4722 1389 4777 ὅτι
1413 4726 1524 4778 οὐκ
1549 4725 1635 4791 εἷς
1658 4723 1726 4779 τὸ

282 4804 568 4872 κρεῖττον,
599 4804 735 4858 ἀλλ’
767 4806 854 4871 εὶς
891 4803 956 4858 τὸ
984 4800 1168 4874 ἧττον
1194 4805 1590 4877 συνέρχεσθε.

244 4895 305 4942 α’.
318 4890 631 4957 Ἀναγκαῖον
648 4888 739 4941 καὶ.
758 4887 851 4941 τοῦ
877 4889 1142 4959 παρόντος
1158 4889 1502 4963 ἐγκλήματος
1526 4891 1725 4963 πρότε-

195 4988 273 5041 ρον
292 4973 375 5042 τὴν
404 4972 585 5026 αἰτίαν
612 4974 786 5025 εἰπεῖν
820 4987 834 5000 ·
866 4971 1008 5025 οῦτω
1031 4972 1140 5045 γὰρ
1167 4974 1297 5044 ἡμῖν
1325 4974 1730 5046 εὐμαθέστερος

194 5052 335 5106 πάλιν
347 5053 526 5108 ἐσταιὸ
551 5055 728 5123 λόγος.
748 5054 844 5116 Τίς
857 5050 950 5108 οῦν
971 5057 1118 5109 ἐστιν
1149 5056 1287 5127 αὐτη
1308 5074 1323 5121 ;
1346 5057 1611 5128 Καθάπερ
1637 5058 1729 5111 ἐπὶ

188 5135 291 5189 τῶν
315 5137 604 5206 τρισχιλίων
644 5137 754 5190 τῶν
798 5136 858 5201 ἐξ
899 5139 1072 5209 ἀρχῆς
1117 5140 1525 5194 πιστευσάντων
1574 5143 1727 5212 κοινῇ

189 5222 375 5282 πάντες
400 5222 688 5286 εἱστιῶντο,
724 5220 820 5274 καὶ
849 5222 1001 5275 κοινὰ
1022 5222 1198 5275 πάντα
1223 5222 1519 5295 ἐκέκτηντο
1542 5240 1556 5255 ο
1588 5223 1730 5278 οῦτω

186 5305 270 5360 καὶ
290 5302 402 5356 τότε
418 5304 500 5357 ὅτε
525 5302 700 5357 ταῦτα
721 5302 959 5373 ἔγραψεν
976 5306 1004 5357 ὁ
1034 5304 1355 5368 Ἀπόστολος
1378 5306 1610 5374 ἐγίνετο,
1631 5306 1730 5377 οὐχ

186 5389 307 5445 οὕτω
336 5388 432 5459 μὲν
481 5388 619 5460 μετά
654 5387 957 5460 ἀκριϐείας,
1001 5388 1189 5460 ὥσπερ
1235 5389 1290 5442 δέ
1334 5407 1416 5452 τις
1462 5391 1731 5463 ἀπόρροια

186 5476 268 5545 τῆς
300 5474 576 5537 κοινωνίας
619 5472 835 5545 ἐκείνης
870 5472 1294 5543 ἐναπομείνασα,
1335 5474 1428 5527 καὶ
1482 5476 1563 5536 είς
1603 5473 1731 5534 τούς

195 5556 303 5624 μετά
335 5555 511 5609 ταῦτα
537 5554 765 5626 κατέϐη.
796 5555 907 5609 Καὶ
948 5553 1134 5626 ἐπειδὴ
1168 5554 1445 5608 συνέϐαινε
1474 5556 1599 5619 τοὺς
1630 5557 1729 5628 μὲν

194 5646 394 5712 πένητας
422 5636 583 5703 εἶναι,
611 5640 738 5704 τοὺς
772 5639 829 5693 δέ
857 5638 1168 5703 πλουσίους,
1199 5639 1268 5691 τά
1300 5637 1400 5709 μὲν
1429 5638 1636 5691 ἑαυτῶν
1668 5640 1727 5692 οὐ

196 5720 505 5776 κατετίθεντο
551 5721 726 5774 πάντα
778 5723 858 5783 είς
898 5720 1081 5791 μέσον,
1125 5718 1310 5782 κοινάς
1347 5719 1404 5772 δέ
1452 5719 1732 5773 ἐποιοῦντο

197 5806 265 5869 τὰς
301 5802 585 5874 τραπέζας
625 5805 684 5856 ἐν
726 5802 963 5874 ἡμέραις
991 5803 1424 5873 νενομισμέναις,
1455 5802 1530 5866 ὡς
1561 5802 1728 5867 εἰκὸς,

200 5891 262 5943 καὶ
284 5890 378 5962 τῆς
419 5884 692 5951 συνάξεως
731 5884 1157 5957 ἀπαρτισθείσης
1198 5884 1335 5956 μετὰ
1366 5885 1464 5957 τὴν
1495 5883 1603 5940 τῶν
1632 5901 1732 5956 μυ-

1834 4723 2070 4793 στηρίων
2091 4724 2375 4779 κοινωνίαν
2396 4724 2489 4777 ἐπὶ
2516 4721 2698 4791 κοινὴν
2726 4724 2925 4791 πάντες
2948 4728 3116 4799 ᾔεσαν
3148 4725 3400 4798 εὐωχίαν.

1828 4807 1936 4860 τῶν
1975 4807 2074 4877 μὲν
2111 4808 2481 4862 πλουτούντων
2513 4809 2786 4879 φερόντων
2811 4810 2880 4862 τὰ
2907 4811 3196 4883 ἐδέσματα,
3220 4812 3328 4865 τῶν
3347 4809 3404 4864 δὲ

1830 4889 2142 4960 πενομένων
2170 4891 2263 4944 καὶ
2292 4890 2443 4944 οὐδὲν
2471 4891 2704 4959 ἐχόντων
2724 4892 2815 4944 ὐπ’
2837 4892 3014 4945 αὐτῶν
3034 4893 3404 4966 καλουμένων,

1829 4972 1923 5026 καὶ
1964 4976 2118 5045 κοινῇ
2162 4974 2379 5028 πάντων
2441 4974 2806 5044 ἑστιωμένων.
2857 4975 2999 5029 Ἀλλ’
3046 4975 3277 5049 ὕστερον
3314 4977 3411 5031 καὶ

1827 5054 1987 5108 τοῦτο
2036 5055 2299 5128 διεφθάρη
2349 5057 2410 5109 τὸ
2442 5056 2585 5119 ἔθος.
2628 5056 2701 5109 Τὸ
2765 5057 2823 5110 δέ
2883 5060 3054 5113 αῖτιον
3096 5060 3162 5113 ἐκ
3203 5058 3299 5113 τοῦ
3331 5058 3411 5112 δι-

1829 5138 2097 5203 εσπάσθαι
2124 5141 2218 5193 καὶ
2260 5140 2588 5212 προσνέμειν
2614 5143 2857 5203 ἑαυτοὺς,
2888 5143 3013 5206 τοὺς
3045 5142 3144 5213 μὲν
3176 5143 3406 5206 τούτοις,

1827 5223 1954 5287 τοὺς
1984 5224 2042 5277 δέ
2068 5224 2317 5290 ἐκείνοις,
2357 5226 2453 5279 καὶ
2493 5225 2695 5292 λέγειν’
2738 5224 2879 5294 Ἐγὼ
2910 5228 3008 5296 μέν
3039 5229 3155 5298 είμι
3183 5227 3277 5280 τοῦ
3302 5227 3412 5281 δεῖ·

1829 5323 1938 5370 νος,
1969 5307 2078 5374 ἐγὼ
2107 5307 2162 5360 δὲ
2201 5306 2296 5360 τοῦ
2325 5307 2492 5372 δεῖνος
2512 5324 2525 5335 ·
2560 5310 2697 5379 ὅπερ
2724 5308 2816 5361 καὶ
2849 5310 2908 5360 ἐν
2943 5309 3083 5379 ἀρχῇ
3112 5310 3212 5379 τῆς
3256 5310 3408 5363 Ἐπι-

1830 5388 2026 5458 στολῆς
2039 5388 2415 5459 διορθούμενος
2444 5390 2652 5458 ἔλεγεν·
2695 5389 2998 5458 Ἐδηλώθη
3024 5391 3133 5461 γάρ
3153 5409 3254 5461 μοι
3273 5392 3407 5460 περὶ

1827 5469 1996 5540 ὑμῶν
2030 5469 2202 5543 [9U],
2249 5470 2502 5541 ἀδελφοί
2539 5491 2673 5538 μου,
2715 5473 2835 5527 ὑπὸ
2881 5471 3001 5527 τῶν
3049 5474 3269 5542 Χλόης,
3317 5472 3410 5527 ὅτι

1828 5554 2019 5620 ἔριδες
2041 5554 2111 5606 ἐν
2137 5553 2279 5622 ὑμῖν
2320 5558 2459 5608 εἱσι.
2495 5554 2659 5624 Λέγω
2697 5555 2765 5609 δὲ
2804 5556 3004 5619 τοῦτο,
3038 5556 3127 5609 ὅτι
3151 5555 3406 5620 ἕκαστος

1828 5635 1996 5705 ὑμῶν
2050 5638 2232 5705 λέγει,
2302 5636 2451 5706 Ἐγὼ
2503 5639 2620 5706 μέν
2668 5639 2788 5707 ειμι
2841 5640 3108 5700 Παύλου,
3169 5636 3284 5706 ἐγὼ
3336 5635 3407 5688 δὲ

1845 5716 2139 5782 Ἀπολλῶ,
2160 5717 2275 5788 ἐγὼ
2301 5718 2370 5771 δὲ
2401 5719 2595 5789 Κηφᾶ.
2637 5722 2750 5773 Οὐκ
2772 5721 2958 5791 ἐπειδὴ
3012 5718 3208 5787 Παύλῳ
3237 5733 3404 5789 προσ⁴

1837 5800 2029 5872 ἐνεμον
2051 5800 2277 5863 ἑαυτούς
2315 5815 2328 5828 ·
2367 5802 2487 5855 οὐδὲ
2512 5803 2623 5873 γὰρ
2652 5802 2718 5856 ἂν
2746 5804 3001 5872 ἠνέσχετο
3026 5817 3041 5832 ο
3065 5799 3180 5854 ἀλλ’
3211 5801 3275 5853 ἐκ
3304 5815 3405 5852 me

1840 5884 2083 5958 ριουσίας
2104 5883 2403 5957 πρόρριζον
2444 5886 2506 5940 τὸ
2544 5886 2667 5950 ἐθος
2705 5886 3017 5942 ἀνασπάσαι
3054 5884 3396 5958 βουλόμενος,
