3962 6490
552 352 655 406 2'27

552 469 672 525 haee
714 459 981 521 dissensio
1026 464 1081 512 et
1127 452 1399 510 contentio
1448 444 1760 502 manifestos
1810 440 1928 494 illus
1977 436 2135 501 fecit;

553 554 1004 632 quemadmodum
1026 546 1440 619 gubernatorem
1465 532 2027 632 tempesuis-ost'enoit.
2049 527 2145 584 Ne-

556 622 662 723 que
686 649 840 711 dixit,
867 644 939 699 Ut
962 655 1057 695 vos
1078 635 1285 709 probati
1314 629 1650 703 appareatis;
1680 625 1795 686 sed.
1826 622 2002 723 lit-qui
2025 638 2140 723 pro-

559 714 661 801 fiati
700 749 851 803 sunt,
881 731 1133 802 manifesti
1175 729 1335 798 ﬁant,
1366 723 1456 795 qui
1498 735 1692 789 nempe
1732 719 1784 772 in
1817 716 1968 771 vobis
2011 714 2144 768 tales

559 846 703 894 sunt.
740 833 920 900 Neque
948 826 1088 882 enim
1119 836 1380 877 accusans
1413 815 1726 871 manifestos
1756 809 1962 871 reddit,
1989 815 2048 861 ut
2076 821 2147 860 ne

562 931 706 1000 ipsos
741 899 1163 993 impudentiores
1189 913 1366 977 iaciat,
1398 924 1571 979 neque
1595 906 1840 969 laudans,
1868 918 1935 958 ne
1959 899 2148 955 reddat

560 993 832 1090 segniores
857 1032 872 1078 ;
899 1011 993 1067 sed
1021 1022 1334 1078 suspensam
1363 1003 1564 1075 profert
1589 1000 1908 1061 orationem,
1932 993 2148 1050 ethunc

560 1089 807 1167 etiillnm
852 1104 1179 1174 singulorum
1226 1095 1565 1153 coiiscientia:
1611 1089 1968 1160 adaptandnm
2007 1101 2147 1156 pra!-

563 1206 712 1257 hens.
759 1197 874 1253 Non
922 1192 1078 1248 modo
1121 1200 1298 1243 autem
1337 1186 1465 1241 mihi
1512 1185 1598 1238 hic
1641 1195 1901 1251 pauperes
1940 1178 2150 1232 videtur

561 1290 849 1352 consolari,
877 1285 971 1340 sed
1003 1284 1164 1338 etiam
1193 1296 1287 1336 eos
1317 1279 1403 1348 qui
1437 1291 1615 1331 mores
1645 1291 1748 1329 non
1776 1280 2146 1340 corruperant.

562 1386 695 1441 Nam
720 1378 1013 1438 verisimile
1041 1383 1157 1431 erat
1184 1375 1235 1428 in
1271 1373 1377 1429 illis
1401 1385 1520 1426 esse
1556 1369 1645 1439 qui
1691 1367 1836 1436 ipsos
1875 1370 2151 1419 servarent

564 1478 763 1531 illmsos
793 1490 809 1527 :
841 1472 1067 1539 ideoque
1094 1466 1263 1531 dixit,
1307 1461 1515 1517 Partem
1552 1458 1778 1529 aliquant
1813 1454 1982 1511 credo.
2023 1453 2153 1510 Jure

567 1567 726 1637 igitur
745 1578 841 1619 eos
866 1561 1117 1631 probatos
1141 1557 1292 1622 dicit,
1318 1554 1408 1624 qui
1437 1567 1540 1606 non
1565 1550 1725 1605 modo
1748 1562 1869 1603 cum
1894 1546 2013 1601 aliis
2039 1560 2155 1599 mo-

566 1675 682 1715 rem
714 1660 1093 1718 servaverant,
1126 1648 1219 1706 sed
1258 1647 1417 1703 etiam
1462 1645 1668 1714 absque
1696 1641 1802 1696 illis
1827 1638 2153 1695 immobilem

569 1752 710 1806 hanc
737 1746 1014 1820 pulchram
1045 1739 1332 1797 servabant
1358 1737 1550 1807 legem.
1579 1733 1693 1789 Hoc
1717 1741 1892 1785 autem
1924 1728 2068 1790 facit,
2100 1735 2157 1781 ut

571 1840 672 1895 hos
692 1817 757 1893 et—
772 1837 905 1892 alios
930 1834 1012 1889 bis
1034 1831 1279 1887 laudibus
1303 1827 1588 1881 alacriores
1609 1822 1819 1879 reddat.
1852 1818 2051 1874 Deinde
2075 1817 2158 1871 di-

570 1934 646 1988 cit
667 1929 806 2001 quod
835 1940 1003 1998 genus
1031 1921 1236 1993 peccati
1266 1920 1337 1974 sit
1363 1916 1512 1972 illud.
1536 1914 1673 1983 Quid
1705 1922 1882 1968 autem
1907 1910 2010 1965 hoc
2033 1908 2157 1964 est?

571 2023 662 2079 20.
692 2016 1129 2077 Conuenienlibus,
1162 2012 1353 2081 inquit,
1381 2009 1515 2062 vobis
1540 2010 1594 2061 in
1624 2020 1800 2068 unum,
1819 2005 1933 2071 jant
1962 2018 2062 2055 non
2087 2008 2158 2053 est

575 2113 897 2171 Dominicam
921 2123 1115 2163 coenam
1141 2101 1472 2158 manducare.
1501 2097 1666 2154 Vides
1692 2093 1961 2166 quomodo
1988 2091 2158 2160 pudo—

573 2223 689 2263 rem
722 2203 1008 2265 iueutiens,
1033 2196 1302 2254 narrantis
1328 2208 1498 2256 more,
1520 2192 1630 2261 jam
1654 2188 1935 2246 consilium
1964 2187 2163 2241 instru-

575 2297 690 2353 xit?
729 2295 1040 2350 Conventus
1079 2289 1223 2344 enim
1268 2284 1493 2350 modus,
1535 2281 1734 2352 inquit,
1762 2288 1845 2334 est
1876 2279 2052 2341 alius;
2081 2286 2165 2333 est

576 2387 722 2443 enim
743 2383 981 2441 caritatis
1005 2391 1058 2436 et
1086 2380 1333 2434 fraterna:
1358 2374 1661 2431 dilectionis
1688 2389 1702 2426 :
1730 2386 1864 2425 unus
1890 2381 2036 2424 certe
2069 2384 2165 2424 vos

576 2491 767 2533 omnes
796 2474 993 2544 excipit
1026 2472 1178 2527 locus
1198 2512 1212 2534 ,
1238 2479 1295 2524 et
1323 2467 1477 2523 simul
1509 2462 1902 2536 congregamini
1935 2478 1950 2516 :
1981 2475 2164 2515 mensa

578 2586 709 2624 vero
729 2569 840 2639 jam
869 2582 974 2623 non
1002 2565 1195 2621 similis
1223 2570 1305 2618 est
1335 2560 1640 2616 conventui.
1672 2557 1782 2613 Nec
1815 2556 1985 2622 dixit,
2020 2556 2166 2612 Con-

576 2659 915 2718 venientibus
943 2658 1093 2713 vobis
1136 2672 1242 2711 non
1285 2655 1337 2710 in
1369 2652 1637 2709 communi
1669 2650 2038 2714 manducatis;
2069 2646 2167 2704 sed

578 2757 686 2811 alio
703 2753 861 2809 modo
880 2760 935 2806 et
956 2750 1125 2806 multo
1147 2748 1439 2804 terribilius
1460 2746 1581 2801 illos
1602 2742 1933 2814 perstringit,
1951 2741 2165 2797 dicens:

582 2846 706 2901 Non
727 2856 796 2900 est
824 2841 1143 2897 Dominicam
1171 2855 1362 2894 emtam
1387 2836 1699 2891 manducare
1722 2851 1740 2898 ;
1762 2835 1881 2888 illos
1903 2832 1969 2888 ad
2000 2833 2171 2903 ipsam

581 2937 954 2994 transmittens
982 2947 1261 3000 vesperam
1281 2970 1296 2995 ,
1326 2945 1428 3000 qua
1467 2926 1743 2983 tremenda
1781 2925 2032 2997 mysteria
2058 2931 2170 2978 tra-

581 3030 720 3085 didit
741 3026 1005 3082 Christus.
1038 3024 1163 3079 ldeo
1187 3022 1348 3077 ctiam
1379 3020 1658 3089 prandium
1681 3017 1812 3073 illud
1838 3017 2043 3072 vocavit
2063 3030 2172 3085 qm-

585 3139 713 3180 nam
746 3140 761 3176 :
791 3121 989 3175 etenim
1018 3116 1143 3173 illud
1174 3115 1454 3187 prandium
1484 3126 1674 3168 omnes
1696 3110 2053 3165 communiter
2076 3107 2175 3163 ha—

585 3214 705 3269 buit
732 3209 1127 3266 recumbentes.
1168 3204 1328 3275 Atqui
1366 3219 1471 3257 non
1520 3210 1723 3257 tantum
1760 3201 1981 3256 interest
2016 3200 2173 3271 spatii

587 3306 731 3363 inter
756 3302 953 3356 divites
984 3309 1037 3353 et
1064 3311 1349 3368 pauperes,
1380 3302 1635 3365 quantum
1662 3293 1802 3347 inter
1824 3292 2097 3347 doctorem
2120 3299 2176 3347 et
2196 3276 2215 3293 ’

588 3395 877 3467 discipulos
906 3410 919 3445 :
950 3392 1270 3447 immensum
1297 3388 1493 3459 quippe
1533 3386 1662 3442 illud
1685 3396 1787 3441 est.
1814 3386 1881 3442 Et
1905 3386 2032 3457 quid
2053 3386 2176 3441 dico

588 3491 729 3544 inter
755 3486 1025 3541 ductorem
1047 3497 1096 3537 et
1121 3481 1456 3550 disClp'diUS?
1481 3480 1653 3549 cogita
1676 3478 2011 3535 intervallum
2033 3478 2177 3551 quod

587 3588 674 3636 est
711 3579 849 3634 inter
886 3576 1159 3630 doctorem
1197 3582 1253 3629 ct
1298 3571 1649 3643 proditorem.
1688 3572 1935 3626 Attamen
1969 3579 2025 3626 et
2061 3571 2178 3641 ipse

588 3688 715 3728 cum
740 3670 846 3726 illis
871 3667 1238 3733 recumbebat,
1269 3679 1446 3736 neque
1475 3664 1623 3719 illum
1650 3663 1830 3733 eiecit,
1863 3664 1956 3721 sed
1977 3672 2033 3719 et
2051 3663 2178 3718 salis

590 3776 897 3823 consortem
929 3763 1087 3830 fecit,
1105 3771 1159 3817 et
1186 3762 1561 3833 mysteriorum
1598 3760 1931 3832 participem.

663 3856 718 3912 5.
751 3854 954 3911 Deinde
986 3854 1366 3923 interpretatur
1393 3852 1660 3922 quomodo
1688 3868 1792 3906 non
1821 3862 1903 3907 est
1934 3850 2180 3906 Domini-

596 3964 712 4006 cam
739 3962 947 4003 orenam
987 3945 1335 4000 manducare.
1367 3944 1426 3998 2|
1444 3983 1458 3996 .
1495 3942 1850 4013 Unusquisque
1873 3943 2007 3997 enim
2033 3958 2180 3996 suam

594 4055 788 4094 cernant
815 4038 1075 4109 prwsumit
1096 4077 1110 4098 ,
1145 4036 1350 4106 inquit,
1385 4033 1455 4088 ad
1478 4035 1887 4088 manducandum
1920 4051 1939 4088 :
1973 4042 2021 4088 et
2046 4035 2181 4088 alius

596 4131 797 4201 quidem
822 4128 1007 4192 esurit,
1041 4129 1175 4182 alius
1210 4143 1325 4181 vero
1357 4125 1524 4181 ebrius
1560 4137 1655 4181 est.
1700 4126 1884 4181 Viden’
1912 4126 2183 4197 quomodo

598 4226 722 4279 illos
747 4224 983 4279 ostendit
1013 4235 1134 4277 sese
1177 4220 1343 4291 magis
1374 4221 1642 4276 dedecore
1671 4219 2008 4275 allicientes?
2051 4218 2181 4273 Nam

600 4315 741 4386 quod
772 4313 1102 4368 Dominicum
1133 4323 1247 4367 erat
1270 4352 1284 4375 ,
1329 4312 1601 4380 proprium
1632 4311 1732 4365 sibi
1762 4310 1995 4377 faciunt;
2026 4311 2096 4363 ita
2129 4318 2187 4364 ut

601 4408 675 4462 illi
705 4409 908 4477 priores
937 4406 1044 4459 sint
1070 4405 1159 4474 qui
1190 4403 1456 4458 dedecore
1484 4402 1793 4458 afficiuntur
1814 4446 1828 4469 ,
1862 4407 1952 4474 qui
1984 4420 2186 4459 mensa:

600 4514 712 4553 sua:
732 4514 850 4553 eam
874 4512 992 4566 quin
1021 4495 1249 4549 maxima
1274 4505 1389 4549 erat
1410 4495 1720 4564 dignitatem
1748 4494 2016 4549 auferunt.
2039 4495 2187 4562 Quo-

602 4588 766 4645 modo
793 4599 849 4644 et
873 4603 977 4658 qua
1008 4587 1254 4642 ratione?
1299 4586 1433 4654 Quia
1475 4586 1749 4640 Dominica
1778 4602 1928 4642 coena
1947 4628 1962 4653 ,
1995 4588 2045 4642 id
2073 4598 2185 4653 est,

604 4680 746 4751 quod
785 4679 997 4734 Domini
1037 4687 1159 4745 est,
1199 4693 1484 4732 commune
1526 4677 1686 4733 debet
1724 4694 1862 4734 esse.
1890 4679 2019 4745 Qua:
2046 4669 2188 4734 enim

606 4771 812 4827 domini
841 4777 1007 4833 sunt,
1044 4784 1151 4823 non
1195 4768 1351 4838 hujus
1381 4768 1597 4838 quidem
1637 4768 1816 4823 famuli
1855 4780 2011 4837 Sunt,
2046 4771 2190 4825 illius

606 4877 739 4918 vero
768 4877 875 4917 non
902 4860 1050 4923 item,
1075 4859 1169 4914 sed
1199 4860 1250 4914 in
1278 4860 1548 4914 communi
1569 4862 1827 4914 omnium.
1861 4862 2187 4916 Dominicum

607 4968 739 5023 ergo
764 4952 864 5006 hoc
889 4952 1019 5007 dicit
1044 4950 1187 5021 quod
1214 4965 1499 5006 commune
1527 4960 1629 5007 est.
1662 4951 1790 5005 Nam
1814 4953 1856 5005 si
1881 4953 2087 5007 Domini
2115 4953 2193 5007 tui

608 5055 724 5109 est,
765 5052 822 5098 ut
862 5058 1048 5099 revera
1087 5051 1203 5109 est,
1250 5058 1358 5096 non
1397 5042 1563 5099 debes
1602 5044 1843 5112 quadam
1883 5053 1941 5097 ut
1982 5046 2191 5113 propria

610 5134 860 5199 avellere,
890 5135 986 5188 sed
1017 5150 1136 5203 qua:
1161 5133 1371 5188 Domini
1398 5144 1543 5200 sunt,
1566 5135 1921 5189 communiter
1946 5136 2195 5192 oumibus

606 5240 876 5296 Opponere
904 5243 916 5278 :
941 5224 1042 5278 hoc
1064 5234 1145 5279 est
1165 5225 1307 5278 enim
1335 5224 1689 5278 Dominicum.
1713 5223 1866 5280 Nunc
1886 5235 2064 5281 autem
2087 5242 2194 5281 non

610 5314 745 5370 sinis
776 5315 900 5370 illud
927 5331 1046 5370 esse
1072 5316 1431 5379 Dominicuni,
1460 5330 1582 5369 cum
1610 5330 1715 5368 non
1746 5316 1876 5369 sinis
1901 5331 2020 5371 esse
2044 5332 2196 5372 com-

612 5426 804 5475 mune,
844 5410 938 5464 sed
978 5412 1203 5464 seorsim
1234 5406 1503 5478 _epularis.
1547 5406 1885 5478 Quapropter
1924 5409 2198 5478 subjungit

611 5501 796 5557 dicens
819 5518 831 5552 :
860 5498 1213 5571 Unusquisque
1241 5500 1374 5552 enim
1396 5514 1542 5552 suam
1570 5514 1764 5551 coenant
1787 5500 2064 5568 prwsumit.
2088 5499 2199 5555 Nec

612 5595 766 5656 dixit,
791 5592 1091 5654 Abscindit,
1115 5591 1209 5646 sed
1240 5589 1528 5654 Prwsumit,
1553 5590 1753 5644 sensim
1778 5590 1900 5645 illos
1921 5590 2200 5647 edacitatis

616 5694 668 5737 et
699 5682 1003 5753 petulantia:
1031 5696 1311 5738 accusans.
1344 5682 1457 5737 lloc
1484 5680 1724 5736 declarat
1752 5682 1894 5751 quod
1923 5684 2198 5750 sequitur:
2228 5740 2233 5749 ,

621 5787 739 5826 cum
779 5771 882 5827 huc
910 5772 1052 5827 enim
1082 5771 1338 5840 dixisset,
1371 5786 1581 5827 rursum
1613 5771 1885 5841 subjunxit
1913 5791 1927 5828 :
1959 5772 2026 5828 Et
2067 5776 2198 5831 alius

1320 336 1380 394 S.
1418 331 1695 392 JOANNIS
1730 319 2205 386 CHRYSOSTOMI
2244 318 2559 375 ARCIIIEP.
2601 314 3130 375 CONSTANTINOP.
3684 325 3767 382 233

2246 435 2448 506 quidem
2490 434 2677 503 esurit,
2724 434 2857 488 alius
2900 444 3068 487 autem
3108 435 3273 489 ebrius
3311 446 3423 503 est;
3449 452 3561 509 qua
3585 448 3772 513 utraque.

2247 544 2353 583 non
2403 536 2629 584 servatae
2669 542 2934 583 mensura:
2972 537 3163 593 crant,
3207 528 3490 598 indigentia
3528 547 3699 603 nempe
3732 554 3775 593 et

2247 636 2517 675 excessus.
2542 621 2681 676 Ecce
2697 620 2934 676 secunda
2951 622 3220 675 accusatio
3238 621 3358 676 illos
3378 622 3518 691 ipsos
3531 625 3774 695 impetens.

2249 712 2447 779 Prima,
2465 712 2605 782 quod
2625 728 2772 766 suam
2790 726 2999 768 cumam
3015 711 3276 767 dedecore
3290 712 3544 780 afficiant;
3560 720 3774 784 secunda,

2248 802 2392 872 quod
2418 811 2659 856 ventrem
2692 802 2950 871 impleant
2977 810 3033 857 et
3061 802 3422 869 inebrientur;
3451 809 3656 877 etquod
3681 826 3776 878 gra-

2250 895 2367 947 vius
2390 902 2491 957 est,
2516 894 2873 949 esurientibus
2895 894 3235 963 pauperibus.
3261 895 3392 963 Quae
3410 898 3549 951 enim
3573 904 3777 958 omnibus

2251 986 2303 1040 iu
2329 986 2599 1041 communi
2626 987 2940 1057 opponenda
2967 997 3141 1055 erant,
3165 989 3229 1044 iis
3251 990 3352 1059 ipsi
3376 991 3472 1045 soli
3498 991 3776 1064 ingurgitali,

2250 1087 2305 1131 et
2345 1078 2397 1131 iu
2442 1076 2894 1132 insatiabilitatem
2940 1088 2996 1133 et
3037 1080 3090 1134 iit
3136 1079 3445 1136 ebrietatem
3494 1083 3775 1140 deferebant.

2253 1173 2380 1229 ideo
2409 1190 2513 1228 non
2547 1174 2709 1239 dixit,
2739 1174 2890 1229 Alius
2917 1175 3132 1246 quidem
3163 1177 3365 1242 esurit,
3397 1178 3533 1233 alius
3561 1183 3776 1247 satiatur;

2254 1268 2370 1331 sed,
2395 1268 2580 1325 Ebrius
2599 1278 2691 1323 cst.
2714 1269 2913 1323 Ilorum
2935 1277 3112 1323 autem
3134 1279 3418 1342 utrumque
3433 1288 3525 1342 per
3540 1289 3595 1329 se
3608 1276 3779 1343 dignum

2254 1375 2336 1421 est
2390 1363 2809 1434 reprehensione
2847 1380 2861 1417 :
2905 1378 3028 1417 nam
3082 1364 3380 1428 inebriari,
3428 1370 3583 1422 etiam
3625 1370 3781 1439 absque

2257 1472 2322 1510 eo
2351 1455 2490 1524 quod
2520 1454 2885 1523 deSpiciantur
2922 1468 3184 1525 pauperes
3204 1495 3220 1519 ,
3248 1455 3403 1525 culpa
3430 1467 3541 1523 est;
3574 1474 3782 1529 pauperes

2256 1546 2556 1616 despicere,
2578 1545 2782 1617 absque
2801 1545 3081 1612 ebrietate,
3098 1556 3182 1602 est
3195 1547 3562 1604 criminatione
3579 1550 3780 1622 dignum:

2256 1655 2377 1695 cum
2403 1650 2579 1697 autem
2609 1642 2723 1698 haec
2748 1642 2907 1698 simul
2936 1642 3220 1713 conjuncta
3246 1652 3390 1709 sunt,
3415 1645 3580 1715 cogita
3602 1655 3785 1712 quantus

2257 1732 2328 1786 sit
2348 1733 2638 1802 iniquitatis
2654 1748 2925 1790 excessus.
2948 1734 3146 1790 Deinde
3165 1746 3440 1807 postquam
3459 1739 3783 1795 absurditatem

2268 1823 2522 1889 ostendit,
2554 1841 2674 1879 cum
2702 1840 2890 1893 magna
2916 1827 3170 1897 deinceps
3201 1828 3560 1899 indignatione
3588 1832 3785 1901 increpa-

2264 1915 2461 1969 tionem
2485 1915 2687 1986 adjicit,
2706 1916 2893 1973 dicens
2911 1936 2926 1972 :
2943 1918 3034 1973 22.
3057 1918 3322 1988 Numquid
3340 1923 3512 1976 domos
3532 1941 3621 1977 non
3640 1925 3787 1979 habetis

2262 2010 2330 2060 ad
2358 2010 2771 2064 manducandum
2797 2022 2843 2065 et
2869 2012 3174 2066 bibendum?
3198 2025 3288 2069 aut
3313 2016 3573 2070 ecclesiam
3595 2017 3678 2073 Dei
3699 2035 3787 2072 con-

2264 2102 2503 2169 temnitis,
2521 2114 2568 2157 et
2609 2106 2922 2173 confunditis
2965 2120 3051 2161 eos
3133 2110 3222 2179 qui
3265 2125 3368 2164 non
3414 2109 3623 2166 habent?
3649 2111 3787 2166 Viden’

2263 2193 2533 2260 quomodo
2556 2211 2583 2246 a
2616 2212 2904 2267 pauperum
2930 2200 3254 2256 contumelia
3282 2202 3683 2258 criminationem
3706 2213 3786 2257 tra-

2273 2284 2433 2340 ducat
2448 2285 2515 2341 ad
2534 2286 2846 2352 Ecclesium,
2864 2300 2920 2344 ut
2934 2294 3234 2361 graviorem
3252 2293 3503 2350 redderet
3518 2295 3785 2350 orationem?

2273 2376 2411 2433 Ecce
2436 2377 2595 2448 igitur
2611 2389 2855 2450 quartam
2877 2384 3297 2453 accusationem,
3319 2402 3440 2442 cum
3463 2402 3564 2440 non
3586 2402 3776 2457 pauperes

2274 2469 2458 2536 modo,
2487 2471 2581 2525 sed
2611 2473 2771 2526 etiam
2798 2472 3034 2530 Ecciesia
3073 2479 3398 2533 contumelia
3430 2479 3662 2535 afficitur.
3681 2479 3779 2533 Sicut

2271 2562 2413 2616 enim
2445 2563 2775 2620 Dnmiuicam
2812 2579 3021 2622 cenam
3053 2571 3326 2640 pr0priam
3359 2573 3452 2625 tibi
3493 2571 3648 2637 facis,
3674 2571 3731 2624 sic
3748 2578 3785 2623 et

2272 2651 2448 2706 locum
2485 2654 2647 2709 etiam
2670 2695 2685 2719 ,
2728 2656 2955 2712 ecclesia
2990 2668 3147 2714 utens
3184 2669 3246 2716 ut
3284 2660 3446 2717 domo
3477 2670 3579 2717 tua.
3609 2661 3785 2716 Ecclesia

2273 2742 2416 2797 enim
2443 2743 2581 2799 facta
2608 2754 2711 2813 est,
2738 2762 2844 2802 non
2870 2757 2931 2803 ut
2955 2754 3341 2809 convenientes
3362 2754 3513 2809 divisi
3535 2755 3705 2817 simus;
3724 2752 3789 2806 sed

2273 2841 2334 2887 ut
2380 2834 2471 2905 qui
2514 2834 2671 2892 divisi
2711 2847 2838 2894 sunt
2875 2830 3269 2914 conjungantur
3294 2862 3307 2899 :
3336 2855 3392 2901 et
3436 2845 3535 2901 hoc
3584 2844 3791 2916 signiﬁcat

2273 2934 2588 2981 conventus.
2633 2927 2701 2982 Et
2745 2932 3054 3002 confunditis
3092 2951 3176 2989 eos
3222 2938 3310 3007 qui
3355 2954 3454 2992 non
3493 2938 3674 3007 habent.
3709 2934 3791 2989 Non

2276 3016 2426 3083 dixit,
2459 3027 2514 3073 et
2540 3018 2684 3076 fame
2711 3024 2915 3079 necatis
2938 3039 3034 3081 eos
3061 3014 3152 3097 qui
3182 3006 3290 3084 non
3317 3029 3529 3092 habent.
3556 3006 3792 3095 sed'majo-

2277 3123 2389 3162 rem
2441 3109 2706 3168 incutiens
2752 3112 3044 3184 pudorem,
3091 3116 3450 3191 Confunditis,
3499 3122 3604 3176 sive
3646 3119 3795 3188 pudore

2279 3199 2511 3268 aﬂicitis,
2533 3211 2590 3257 ut
2605 3204 2854 3260 ostendat
2874 3222 2934 3262 se
2957 3223 3063 3262 non
3085 3209 3401 3266 alimentum
3424 3222 3614 3267 tantum
3633 3224 3791 3270 curare,

2278 3302 2536 3359 quantum
2568 3296 2949 3351 contumeliam
2991 3298 3121 3368 ipsis
3154 3300 3434 3358 inflictam.
3464 3302 3594 3356 Ecce
3614 3300 3790 3371 quintam

2279 3384 2698 3453 accusationem,
2716 3386 2858 3457 quod
2878 3403 2981 3444 non
3002 3398 3205 3446 tantum
3229 3394 3525 3449 esurientes
3543 3390 3784 3459 despiciant.

2281 3473 2374 3530 sed
2403 3475 2563 3530 etiam
2597 3476 2720 3533 illos
2744 3477 2950 3549 pudore
2977 3479 3238 3539 afficiant.
3275 3485 3389 3541 Hoc
3416 3496 3585 3539 autem
3611 3481 3789 3537 dicebat.

2281 3566 2439 3621 simul
2479 3576 2534 3623 et
2571 3583 2635 3645 ea
2674 3584 2795 3640 qua:
2835 3586 3096 3642 pauperes
3136 3578 3450 3645 spectabant
3483 3577 3732 3635 lionoraus,
3760 3575 3794 3622 ei

2282 3658 2571 3714 ostendens
2612 3660 2730 3716 illos
2771 3677 2879 3718 non
2923 3671 3125 3720 tantum
3155 3666 3224 3722 de
3258 3679 3474 3731 ventre,
3511 3675 3728 3738 quantum
3751 3661 3794 3713 de

2284 3750 2608 3805 contumelia
2635 3751 2844 3818 dolere,
2875 3754 3032 3810 simul
3059 3767 3238 3813 autem
3271 3758 3561 3814 auditorem
3586 3753 3795 3810 attrahens

2283 3843 2350 3895 ad
2374 3843 2817 3900 misericordiam.
2834 3844 2966 3903 Cum
2989 3864 3118 3920 ergo
3140 3849 3257 3906 haec
3276 3852 3502 3906 absurda
3519 3847 3794 3905 ostendisset.

2285 3935 2670 3990 contumeliam
2701 3937 2753 3992 in
2781 3953 2989 3994 coenam
3014 3982 3029 4006 ,
3059 3945 3436 3999 contumeliam
3465 3944 3515 3997 in
3541 3939 3794 3997 ecclesiam.

2287 4038 2759 4101 contemptumque
2780 4047 3093 4103 pauperum,
3124 4035 3255 4091 lenit
3282 4052 3464 4092 rursus
3492 4025 3797 4102 increpationis

2286 4123 2701 4190 vehementiam,
2722 4125 2911 4182 dicens
2935 4145 2948 4180 :
2973 4126 3216 4183 Laudabo
3237 4145 3325 4184 vos
3342 4130 3368 4183 .9
3386 4130 3438 4184 in
3457 4129 3548 4183 hoc
3564 4143 3653 4181 non
3670 4119 3795 4175 laudo.

2289 4214 2441 4279 Quod
2480 4226 2627 4271 certe
2652 4218 2770 4286 quis
2798 4219 3030 4274 maxime
3065 4222 3325 4287 miretur,
3365 4220 3504 4292 quod
3541 4232 3648 4273 cum
3681 4210 3795 4266 velte-

2292 4308 2523 4362 mentius
2571 4308 2849 4376 increpare
2884 4321 3193 4381 oporteret,
3240 4324 3514 4384 postquam
3545 4320 3615 4365 tot
3638 4311 3795 4377 pemala

2291 4400 2560 4454 recensuit
2587 4409 2643 4454 et
2670 4400 2998 4469 perstrinxit,
3037 4404 3123 4459 hic
3151 4417 3338 4461 contra
3366 4404 3534 4461 lenius
3560 4407 3662 4471 agat
3681 4404 3723 4450 et
3739 4393 3799 4445 det

2293 4492 2590 4560 respirandi
2622 4492 2820 4549 locum.
2860 4496 3101 4562 Quanam
3132 4498 3199 4553 de
3228 4499 3424 4555 causa?
3468 4495 3676 4553 Gravius
3699 4490 3796 4556 iP-‘ns

2293 4583 2683 4651 perstrinxerat
2703 4586 3023 4655 amplificata
3046 4592 3406 4654 accusatione,
3429 4599 3610 4643 etcum
3629 4580 3795 4650 optimus

2294 4672 2364 4726 sit
2385 4673 2645 4742 medicus,
2668 4689 3047 4747 congruentem
3070 4680 3376 4737 vulneribus
3396 4681 3513 4734 fecit
3533 4674 3786 4731 incisione".

2297 4778 2472 4835 neque
2500 4780 2560 4820 ea
2589 4782 2710 4837 Ψηε
2754 4769 3013 4837 Ρτοίυηάθ
3054 4772 3204 4842 plaga
3245 4787 3376 4843 opus
3413 4767 3656 4825 habebant
3682 4763 3787 4813 inst!-

2300 4856 2520 4924 perlicie
2550 4871 2743 4912 secans
2773 4875 2787 4911 :
2816 4858 3007 4914 audisti
3037 4862 3179 4916 enim
3210 4860 3470 4933 quomodo
3499 4855 3797 4911 fornicator?!n

2302 4947 2392 5015 qui
2423 4948 2562 5017 apud
2593 4949 2715 5004 illos
2740 4959 2855 5003 erat
2880 4951 3167 5007 absciderit
3192 4973 3204 5009 :
3228 4970 3398 5024 neque
3419 4968 3497 5011 ea,
3518 4965 3624 5018 qua:
3643 4934 3800 4998 leniori-

2301 5036 2399 5092 bus
2436 5038 2665 5107 egebant
2710 5041 3116 5099 medicamentis
3139 5086 3155 5113 ,
3206 5046 3348 5102 ferro
3390 5042 3609 5098 tradens.
3645 5033 3742 5088 ideo
3768 5031 3803 5075 cl

2262 5176 2269 5187 .
2305 5127 2404 5184 hoc
2432 5130 2549 5184 loco
2572 5134 2934 5190 mansuctiore
2955 5137 3123 5191 utitur
3146 5134 3393 5195 sermone
3416 5158 3429 5192 :
3451 5129 3663 5201 alioquin
3686 5122 3801 5177 etiam

2304 5221 2542 5276 mitiores
2584 5224 2707 5278 illos
2752 5240 2877 5295 erga
2920 5243 3182 5298 pauperes
3221 5230 3441 5287 reddere
3467 5213 3803 5281 conabatnrﬁ?t

2307 5314 2428 5370 ideo
2464 5330 2586 5371 cum
2628 5318 2735 5373 illis
2774 5319 2950 5374 lenius
2992 5322 3246 5392 loquitur.
3279 5320 3505 5383 Deinde,
3547 5326 3653 5369 cum
3689 5299 3805 5356 vellet

2306 5406 2425 5461 illos
2466 5409 2574 5493 alio
2612 5409 2774 5464 modo
2817 5412 3007 5482 majori
3052 5415 3257 5486 pudore
3294 5409 3598 5470 suffundere,
3631 5415 3656 5453 a
3685 5393 3807 5493 reltufi

2308 5487 2592 5569 praecipuis
2634 5516 2937 5557 sermonem
2984 5506 3116 5559 texit
3148 5524 3161 5559 :
3192 5506 3280 5562 25.
3324 5503 3433 5574 Ego
3469 5499 3588 5553 enim
3619 5488 3757 5574 ποιεῖν
3782 5487 3805 5521 ⁰

2310 5588 2549 5655 Domino,
2574 5592 2764 5661 inquit,
2783 5595 2922 5661 quod
2939 5604 2986 5648 et
3007 5596 3195 5651 tradidi
3211 5596 3361 5661 vobis,
3374 5572 3594 5662 quoniam
3613 5572 3807 5634 Domini“

2308 5679 2482 5747 Jcsus,
2512 5688 2565 5738 in
2604 5702 2705 5753 qua
2733 5697 2880 5741 nocte
2914 5689 3236 5757 tradebatur,
3264 5688 3445 5757 accepit
3467 5689 3655 5752 panem,
3680 5664 3751 5717 26·
3776 5664 3808 5706 ⁸⁸

2312 5776 2505 5848 gratias
2533 5793 2689 5847 agens
2718 5777 2869 5850 fregit
2897 5790 2944 5835 et
2972 5780 3101 5835 dixit
3120 5821 3135 5849 ,
3167 5782 3396 5852 Accipite,
3429 5756 3806 5828 manducauth
