3962 6422
148 320 249 372 ρετ

141 438 354 508 δόκιμοι
382 434 613 504 φανῆτε,
641 430 775 495 ἀλλ’,
813 429 945 482 Ἵνα
981 426 1036 480 οι
1065 423 1305 508 δόκιμοιΔ
1336 415 1585 492 φανεροὶ

140 498 465 583 νωνται,ὀί
515 498 572 568 ἐν
619 516 745 585 ὑμῖν
780 508 1029 565 τοιοῦτοι.
1080 506 1219 561 Οθτε
1247 505 1357 579 γάρ
1394 498 1716 572 κατηγορῶν

138 600 334 670 δήλους
369 601 537 659 ποιεῖ,
589 596 729 650 ὥστε
784 595 857 667 μὴ
919 589 1432 663 ἀναισχυντοτέρους
1470 585 1716 653 ποιῆσαι,

135 685 255 738 οὔτε
284 681 676 753 ἐγκωμιάζων,
702 679 837 733 ὥστε
857 676 930 749 μὴ
951 674 1327 748 χαυνοτέρους,
1353 671 1467 725 ἀλλ’
1489 671 1572 753 είς
1588 683 1716 737 μετ-

137 768 307 837 έωρον
331 751 536 835 άφίησι
560 764 649 817 τὸν
672 763 848 829 λόγον,
873 762 966 814 καὶ
989 758 1176 813 τοῦτον
1196 757 1448 810 κάκεῖνον
1482 751 1714 837 ἑκάστου

137 833 223 922 τῷ⁷
234 833 514 903 συνειδότι
542 846 606 901 τά
628 846 892 915 λεγόμενα
915 842 1172 913 ἁρμόζειν
1196 838 1470 922 παρέχων.
1496 835 1570 889 Οὑ
1590 833 1717 922 τοὺς

148 917 381 1005 πένητας
408 932 467 984 δέ
506 929 737 984 ἐνταῦθά
764 945 853 998 μοι
893 927 1039 980 δοκεῖ
1071 921 1511 1005 παραμυθεῖσθαι
1535 917 1715 1005 μόνον,

148 1000 269 1071 ἀλλά
309 1016 412 1069 καὶ
452 1015 579 1077 τοὺς
620 1012 682 1066 τὺ
719 1010 837 1075 έθος
878 1011 952 1081 μὴ
994 1007 1422 1077 διαφθείροντας.
1471 1001 1582 1055 Καὶ
1609 1000 1718 1070 7&9

145 1099 282 1162 είκδς
328 1094 476 1151 εἶναι
524 1099 583 1148 ἐν
644 1095 826 1156 αὑτοῖς
882 1092 979 1146 καὶ
1037 1092 1164 1154 τοὺς
1201 1086 1588 1158 διατηροῦντας
1618 1082 1717 1135 αὑ-

142 1183 196 1235 τό
220 1198 236 1211 ·
263 1180 352 1233 διδ
372 1180 470 1233 καὶ
511 1178 687 1245 ἔλεγε.
718 1176 906 1243 Μέρος
927 1193 981 1228 τι
1020 1172 1300 1227 πιστεύω.
1334 1168 1571 1230 Εἰκότως
1603 1164 1718 1217 τοί-

141 1282 230 1317 νυν
260 1262 493 1326 τούτους
521 1261 774 1330 δοκίμους
808 1260 961 1328 φησὶ,
987 1258 1113 1318 τοὺς
1142 1255 1215 1325 μὴ
1247 1253 1404 1324 μόνον
1440 1249 1577 1321 μετὰ
1608 1246 1716 1300 τῶν

142 1347 312 1401 ἄλλων
352 1346 786 1415 διατηρήσαντας
821 1340 881 1394 τὸ
913 1340 1052 1402 ἔθος,
1092 1338 1226 1391 ἀλλά
1256 1335 1348 1390 καὶ
1380 1334 1546 1406 χωρὶς
1575 1330 1719 1383 ἐκείο

143 1447 245 1483 νων
294 1427 555 1496 ἀκίνητον
585 1425 677 1478 τὸν
723 1422 886 1476 καλὸν
922 1421 1109 1475 τοῦτον
1147 1418 1488 1488 φυλάξαντας
1528 1415 1714 1485 νόμον.

147 1513 296 1565 Ποιεῖ
344 1510 401 1563 δέ
440 1494 598 1562 τοῦτο
640 1507 730 1559 καὶ
768 1505 1028 1574 ἐτέρουςα
1068 1504 1161 1554 καὶ
1205 1500 1426 1563 τούτους
1474 1496 1562 1550 διά
1609 1494 1717 1549 τῶν

146 1592 398 1646 τοιούτων
415 1589 705 1660 ἐγκωμίων
722 1586 1163 1658 προθυμοτέρους
1191 1582 1525 1654 ἐργάσασθαι
1553 1578 1718 1632 σπεύ-

143 1679 264 1731 δων.
303 1672 441 1728 Εἶτα
486 1673 670 1726 λοιπὸν
701 1670 845 1739 λέγει
891 1672 984 1722 καὶ
1015 1667 1146 1721 αὑτὸ
1186 1667 1279 1720 τοῦ
1327 1664 1716 1737 ἁμαρτήματος

147 1760 202 1813 τὸ
239 1756 403 1822 εἶδος.
448 1757 514 1810 Τί
560 1755 617 1808 δὲ
663 1753 821 1808 τοῦτό
870 1755 1022 1816 ἐστι;
1061 1749 1526 1819 Συνερχομένων
1549 1746 1717 1817 ὑμῶν

144 1843 239 1895 ἐπὶ
276 1842 350 1895 τὸ
383 1840 553 1906 αὐτὸ,
589 1839 773 1909 φησὶν,
815 1838 925 1890 οὐκ
969 1833 1102 1888 ἐστι
1133 1833 1435 1902 κυριακὸν
1469 1830 1717 1885 δεῖπνον

144 1925 380 1994 φαγεῖν.
422 1924 586 1995 Ὁρᾷς
628 1920 746 1984 πῶς
780 1917 1166 1990 ἐντρεπτικῶς,
1224 1917 1317 1969 καὶ
1358 1916 1417 1967 ἐν
1451 1912 1601 1978 τάξει
1641 1912 1719 1965 δι-

145 2009 400 2078 ηγήσεως
439 2006 541 2076 ἤδη
581 2003 678 2074 τὴν
711 2001 1019 2072 συμϐουλὴν
1050 1996 1462 2062 κατεσκεύασε;
1513 1995 1587 2048 Τὸ
1621 1995 1718 2065 μὲν

141 2091 250 2160 γάρ
285 2089 477 2159 σχῆμα
508 2089 608 2157 τῆς
638 2086 876 2146 συνόδου.
918 2084 1104 2155 φησιν,
1144 2081 1272 2136 ἄλλο
1311 2096 1324 2109 ·
1362 2078 1583 2149 ἀγάπης
1610 2080 1719 2148 γάρ

137 2174 255 2223 ἐστι
285 2172 386 2223 καὶ
405 2168 755 2239 φιλαδελφίας
773 2185 789 2201 ’
819 2162 898 2230 εἷς
914 2166 1044 2235 γοῦν
1071 2167 1214 2237 ὑμᾶς
1237 2165 1483 2224 ἅπαντας
1508 2162 1719 2231 δέχεται

136 2255 326 2317 τόπος,
356 2254 449 2307 καὶ
468 2252 603 2323 ὁμοῦ
635 2248 1064 2319 συναγελάζεσθε
1083 2259 1097 2280 ⁸
1129 2249 1161 2319 ἡ
1187 2247 1242 2300 δὲ
1268 2245 1515 2318 τράπεζα
1535 2242 1720 2297 λοιπὸν

133 2336 230 2405 οὑχ
262 2335 433 2406 ὁμοία
481 2338 547 2406 τῇ
582 2333 806 2402 συνόδῳ.
852 2333 963 2386 Καὶ
990 2331 1090 2385 οὐκ
1123 2327 1265 2391 εἶπε,
1305 2326 1720 2399 Συνερχομένων

132 2417 293 2487 ὑμῶν
326 2418 431 2470 οὑκ
468 2417 584 2470 ἐστι
618 2420 769 2485 κοινῇ
804 2417 1018 2485 φαγεῖν,
1041 2414 1141 2467 οὑκ
1164 2413 1278 2466 ἐστι
1320 2411 1437 2483 μετ’
1474 2410 1722 2481 ἀλλήλων

129 2500 486 2571 ἐστιαθῆναι,
516 2498 654 2553 ἀλλὰ
700 2498 861 2552 πάλιν
894 2498 1095 2569 ἑτέρως
1140 2498 1234 2549 καὶ
1280 2492 1459 2564 πολλῷ
1489 2489 1725 2563 φοϐερώ-

128 2600 296 2654 τερον
339 2583 523 2638 αὑτῶν
556 2583 915 2647 καθάπτεται,
954 2580 1150 2649 λέγων,
1185 2581 1308 2633 οὐκ
1348 2579 1481 2633 ἔστι
1506 2581 1722 2646 Κυρια-

125 2671 246 2724 x01-
293 2670 552 2726 δεῖπνον
597 2668 829 2740 φαγεῖν,
875 2668 1061 2743 ἐκείνῃ
1095 2665 1484 2737 παραπέμπων
1528 2665 1722 2726 αὑτοὺς

124 2753 398 2808 ἑντεῦθεν
431 2755 533 2826 ήδη
563 2758 627 2824 τῇ
666 2754 896 2825 ἑσπέρα,
923 2753 1046 2809 καθ’
1075 2750 1143 2824 ἢν
1176 2750 1245 2805 τά
1278 2749 1480 2821 φρικτὰ
1516 2749 1723 2820 μυστή-

125 2853 226 2907 ρια
254 2837 583 2908 παρέδωκεν
620 2838 648 2890 ὁ
679 2836 931 2909 Χριστός.
970 2835 1070 2889 Διά
1107 2833 1266 2888 τοῦτο
1298 2834 1393 2888 καὶ
1422 2831 1635 2887 δεῖπνον
1662 2829 1726 2886 τὸ

124 2921 373 2992 ἄριστον
413 2921 677 2975 ἐκάλεσε⁸
716 2922 810 2974 καὶ
848 2920 956 2991 7&9
994 2922 1169 2982 ἐκεῖνο
1206 2920 1267 2972 τὸ
1310 2919 1527 2972 δεῖπνον
1570 2920 1723 2989 κοινῇ

127 3009 357 3070 πάντας
391 3000 503 3077 εἶχε
534 3004 1048 3078 κατακεκλιμένους.
1080 3004 1272 3057 Καίτοι
1300 3019 1364 3073 γε
1388 3003 1447 3056 οὑ
1475 3001 1725 3056 τοσοῦτον

127 3088 191 3141 τὸ
221 3089 402 3159 μέσον
430 3090 539 3142 τῶν
569 3086 938 3141 πλουτούντων
971 3086 1067 3140 καὶ
1093 3086 1202 3139 τῶν
1238 3085 1570 3156 πενομένων,
1601 3085 1725 3139 ὅσον

129 3173 230 3226 τοῦ
292 3173 621 3237 διδασκάλου
674 3173 769 3226 καὶ
817 3170 927 3225 τῶν
993 3170 1281 3242 μαθητῶν⁶
1341 3169 1567 3239 ἄπειρον
1617 3167 1726 3240 γάρ

134 3257 347 3310 ἐκεῖνο.
384 3257 493 3310 Καὶ
542 3256 591 3307 τί
631 3255 774 3323 λέγω
801 3252 892 3307 τοῦ
925 3252 1245 3307 διδασκάλου
1276 3252 1370 3305 καὶ
1404 3251 1513 3304 τῶν
1550 3250 1728 3323 μαθη-

135 3339 292 3405 τῶν;
346 3341 600 3411 ἐννόησον
632 3338 692 3391 τὸ
738 3338 902 3409 μέσον
939 3335 1032 3391 τοῦ
1067 3335 1219 3409 [244]
1258 3333 1578 3388 διδασκάλου
1632 3334 1728 3387 καὶ

142 3422 240 3474 τοῦ
284 3423 574 3494 προδότου.
622 3421 759 3475 Ἀλλ’
810 3420 959 3491 ὅμως
1022 3421 1117 3473 καὶ
1163 3419 1325 3481 αὐτὸς
1379 3420 1497 3491 μετ’
1546 3416 1727 3470 αὐτῶν

147 3506 519 3571 κατεκλίνετο,
583 3506 677 3559 καὶ
732 3503 852 3558 οὑδέ
901 3501 1087 3556 τοῦτον
1130 3501 1402 3569 ἐξέϐαλεν,
1445 3501 1581 3555 ἀλλὰ
1633 3501 1728 3553 καὶ

153 3590 293 3643 ἁλῶν
323 3590 477 3662 αὑτῴ
514 3589 808 3661 μετέδωκε,
848 3587 943 3641 καὶ
982 3585 1091 3639 τῶν
1132 3585 1446 3669 μυστηρίων
1475 3584 1728 3639 κοινωνὸν

159 3674 428 3746 ἐποίησεν.

224 3807 292 3870 γ’.
313 3798 446 3857 Εἶτα
471 3800 764 3874 ἐρμηνεύει
787 3801 905 3865 πῶς
930 3800 1033 3854 οὒκ
1059 3798 1173 3852 ἐστι
1202 3794 1482 3867 Κυριακὺν
1510 3794 1722 3847 δεῖπνον

165 3888 373 3954 φαγεῖν.
398 3886 703 3951 Ἕκαστος
732 3887 843 3954 γὰρ
888 3882 954 3937 τὸ
1005 3882 1163 3936 ἴδιον
1190 3880 1438 3934 δεῖπνον
1467 3882 1730 3946 προλαμ-

166 3966 339 4034 ϐάνει,
375 3968 562 4037 φησὶν,
591 3968 663 4022 ἐν
688 3966 767 4032 τῷ
796 3966 1028 4037 φαγεῖν·
1063 3965 1161 4020 καί
1196 3963 1264 4030 ὃς
1287 3962 1404 4032 μὲν
1427 3959 1627 4028 πεινᾷ,
1658 3960 1729 4026 ὃς

166 4050 226 4104 δὲ
251 4052 482 4123 μεθύει.
518 4047 670 4113 Εἶδες
721 4050 837 4113 πῶς
875 4048 1076 4113 ἔδειξεν
1110 4048 1308 4110 αὐτοὺς
1341 4043 1729 4115 καταισχύνον-

164 4151 250 4198 τας
303 4134 532 4197 ἐαυτοὺς
588 4133 816 4204 μᾶλλον;
861 4133 934 4185 Τὸ
972 4130 1080 4203 γάρ
1113 4130 1412 4201 Κυριακδν,
1462 4127 1727 4181 ίδιωτικὸν

171 4217 421 4282 ποιοῦσιν,
453 4216 595 4270 ὥστε
628 4217 779 4270 αὑτοὶ
821 4215 1026 4286 πρῶτοί
1062 4216 1198 4267 εἰσιν
1241 4214 1290 4266 οἱ
1324 4211 1726 4281 καθυϐριζόμε-

165 4320 256 4366 νοι,
286 4304 336 4357 οί
362 4303 460 4373 τῆς
486 4301 697 4355 ἑαυτῶν
723 4299 1002 4371 τραπέζης
1033 4297 1094 4350 τὸ
1144 4297 1397 4368 μέγιστον
1429 4294 1727 4364 ἀφαιροῦν-

162 4405 244 4451 τες
262 4388 505 4458 ἀξίωμα.
544 4385 667 4448 Πῶς
696 4386 792 4438 καὶ
818 4384 923 4438 τίνι
947 4383 1133 4454 τρόπῳ
1158 4399 1174 4448 ;
1208 4381 1332 4434 Ὅτι
1359 4380 1420 4434 τὸ
1451 4378 1729 4450 Κυριακὸν

160 4472 391 4537 δεῖπνον,
444 4470 716 4533 τουτέστι,
765 4468 827 4520 τὸ
878 4465 1229 4531 Δεσποτικὸν,
1291 4464 1495 4533 ὀφείλει
1552 4462 1728 4515 κοινὸν

165 4550 314 4608 εἶναι.
346 4554 431 4606 Τά
457 4553 569 4623 γὰρ
594 4549 690 4604 τοῦ
733 4549 996 4603 δεσπότου
1025 4547 1145 4618 οὑχὶ
1176 4546 1329 4600 τοῦδε
1358 4547 1456 4617 μέν
1484 4545 1599 4599 ἐστι
1630 4543 1726 4598 τοῦ

171 4638 385 4700 οἰκέτου,
412 4636 571 4689 τοῦδε
597 4635 656 4689 δέ
694 4636 800 4688 ὀὐκ
835 4634 1005 4697 ἐστιν,
1032 4631 1168 4686 ἀλλὰ
1197 4634 1350 4701 κοινῇ
1379 4630 1615 4683 πάντων.
1655 4627 1729 4681 Τὸ

169 4717 254 4776 οὖν
276 4720 549 4792 κυριακὸν
574 4718 729 4772 τοῦτό
758 4734 890 4787 φησι
932 4716 993 4771 τὸ
1030 4714 1229 4769 κοινόν.
1277 4714 1341 4766 Εί
1367 4712 1476 4783 7&9
1505 4712 1599 4764 τοῦ
1627 4714 1728 4763 Δε-

174 4807 358 4860 σπότου
390 4804 486 4858 σοῦ
514 4807 685 4869 ἐστιν,
716 4801 903 4873 ῶσπερ
927 4797 1019 4854 οὖν
1052 4799 1145 4852 καὶ
1172 4796 1341 4862 ἐστιν,
1369 4797 1468 4850 οὑκ
1493 4796 1730 4866 ὀφείλεις

182 4890 247 4951 ὡς
278 4890 376 4941 ῐδια
413 4888 691 4958 ἀποσπᾷν,
723 4884 837 4938 ἀλλ’
869 4884 947 4948 ὡς
974 4882 1069 4935 τοῦ
1108 4881 1315 4952 Κυρίου
1364 4880 1458 4933 καὶ
1501 4880 1593 4933 τοῦ
1628 4884 1728 4933 Δε-

189 4972 356 5024 σπότου
382 4973 532 5037 ὅντα,
565 4971 715 5040 κοινῇ
747 4970 880 5022 πᾶσι
908 4964 1240 5038 προτιθέναι.
1267 4963 1438 5016 Τοῦτο
1468 4963 1577 5032 γάρ
1613 4965 1728 5015 ἐστι

187 5056 453 5126 Κυριακόν.
482 5054 596 5109 Νὖν
622 5052 677 5107 δέ
711 5053 811 5107 οὑκ
834 5052 999 5122 ἀφίης
1014 5049 1147 5104 αὑτὸ
1168 5044 1307 5103 εἷναι
1327 5049 1622 5120 κυριακὸν,
1655 5047 1729 5120 μὴ

184 5140 328 5206 άφεὶς
368 5132 499 5191 εἶναι
559 5137 760 5198 κοινὸν,
815 5134 950 5188 ἀλλά
999 5133 1118 5188 καθ’
1149 5130 1340 5186 ἑαυτὸν
1379 5131 1726 5202 ἑστιώμενος.

182 5223 271 5278 Διὸ
320 5222 409 5275 καὶ
451 5222 645 5290 ἐπάγει
699 5219 875 5287 λέγων
898 5234 913 5250 ·
970 5217 1273 5281 Ἕκαστος
1308 5217 1421 5284 γὰρ
1470 5214 1536 5268 τὸ
1575 5215 1731 5269 ιδιον

179 5307 410 5363 δεῖπνον
430 5303 855 5379 προλαμϐᾴνει.
910 5299 1019 5353 Καὶ
1051 5301 1153 5353 οὑκ
1186 5294 1360 5363 εἶπεν,
1392 5298 1724 5371 Ἀποσχίζει,

178 5390 315 5455 ἀλλὰ,
341 5386 776 5458 Προλαμᾶίνει,
811 5385 995 5454 ἠρέμα
1029 5384 1125 5435 καὶ
1151 5386 1232 5446 εἰς
1265 5383 1605 5454 λαιμαργίαν
1630 5383 1729 5436 αὑ-

179 5477 283 5539 τοὺς
311 5475 404 5527 καί
428 5475 510 5536 είς
552 5470 884 5544 προπέτειαν
908 5466 1229 5522 διαϐάλλων.
1257 5467 1429 5520 Τοῦτο
1463 5466 1595 5535 γοῦν
1629 5467 1725 5520 καὶ

181 5560 228 5611 τὸ
248 5556 364 5627 ἑξῆς
419 5556 574 5626 δηλοῖ
597 5568 612 5586 ·
667 5552 839 5607 εἰπὼν
890 5552 1000 5622 γάρ
1026 5549 1204 5613 τοῦτο,
1248 5550 1494 5622 ἐπήγαγε
1526 5548 1724 5602 πάλιν

183 5643 267 5697 καί
300 5640 366 5707 ὃς
408 5639 529 5709 μὲν
576 5635 774 5703 asini,
811 5635 877 5703 ὃς
916 5635 984 5689 δὲ
1013 5635 1248 5706 μεθύει·
1291 5633 1436 5704 άπερ
1485 5633 1721 5704 ἐκάτερα

223 5849 238 5873 ⁸
256 5849 327 5900 Sic
350 5847 480 5916 Reg.
506 5846 637 5898 Edili
662 5858 797 5907 vero,
821 5844 899 5893 καὶ
921 5844 979 5893 δι’
1005 5843 1201 5907 ἐτέρους.

1139 303 1204 359 IN
1239 296 1458 360 EPIST.
1516 295 1537 350 1
1582 291 1674 349 AD
1704 289 1864 348 60R.
1902 288 2140 347 HOMIL.
2184 286 2398 347 XXVII.

3284 291 3394 349 ΞΞΒ

1823 409 2091 482 ἀμετρίας
2114 404 2205 481 ἦν,
2234 410 2330 465 καὶ
2357 410 2390 481 ή
2417 408 2588 463 ἔνδεια
2622 409 2719 465 καὶ
2739 411 2773 481 ή
2809 409 3108 482 ὑπερϐολή.
3139 410 3271 466 Ἰδοὺ
3299 413 3393 466 καὶ

1825 493 2077 564 δεύτερον
2104 493 2356 564 ἔγκλημα
2392 493 2568 548 -πάλιν
2596 494 2790 558 αὐτοὺς
2834 494 3078 558 ἐκείνους
3116 494 3396 549 καταϐλά-

1828 593 1977 630 πτον.
2042 577 2263 647 Πρῶτον
2297 574 2417 646 μὲν,
2461 576 2542 629 ὅτι
2590 576 2652 628 τὸ
2701 575 2913 629 δεῖπνον
2962 577 3140 630 αὐτῶν
3195 578 3398 648 ἀτιμά-

1824 652 1974 721 ζουσι
2000 676 2013 689 ·
2047 658 2298 728 δεύτερον
2322 659 2401 720 δὲ.
2429 660 2508 712 ὅτι
2537 661 2924 731 γαστρίζονται
2958 663 3053 715 καὶ
3093 660 3355 731 μεθύουσι
3377 677 3393 693 ’

1825 742 1919 795 καὶ
1959 742 2019 795 τὸ
2069 742 2132 813 δὴ
2166 743 2564 813 χαλεπώτερον.
2613 743 2693 797 ὅτι
2726 745 2820 796 καὶ
2844 743 2954 797 τῶν
2999 746 3245 816 πενήτων
3278 762 3399 798 πει-

1824 823 2059 880 νώντων,
2089 826 2155 876 Ἀ
2172 825 2278 897 γάρ
2302 825 2494 895 ἔμελλε
2517 829 2668 896 κοινῇ
2696 828 2827 880 πᾶσι
2858 827 3198 896 προκεῖσθαι,
3222 828 3395 881 ταῦτα

1824 903 1968 963 οὗτοι
2026 908 2176 979 μόνοι
2214 908 2542 979 σιτούμενοι,
2598 910 2694 962 καὶ
2739 912 2819 973 είς
2862 910 3162 981 ἀπληστίαν
3194 913 3287 964 καὶ
3315 913 3397 975 εἰς

1829 992 1999 1063 μέθην
2027 990 2319 1056 ἐξέϐαινον.
2357 993 2448 1046 Διὸ
2483 992 2602 1046 οὑδὲ
2646 988 2821 1057 εἶπεν,
2865 996 2961 1058 Ὃς
3005 994 3102 1064 μὲν
3132 997 3313 1067 πεινᾷ,
3338 995 3398 1059 ὃς

1824 1073 1880 1126 δὲ
1907 1074 2241 1145 κορέννυται,
2266 1074 2423 1139 ἀλλά,
2449 1076 2684 1129 Μεθύει.
2716 1076 2932 1129 Τούτων
2962 1075 3019 1129 δὲ
3046 1076 3274 1131 ἕκαστον
3304 1078 3402 1131 καὶ

1825 1158 1946 1211 καθ’
1976 1156 2141 1210 ἑαυτὸ
2177 1157 2275 1227 μὲν
2307 1158 2637 1228 κατηγορίας
2669 1156 2851 1222 ἄξιον·
2894 1160 2989 1212 καὶ
3025 1160 3132 1229 7&9
3185 1161 3246 1213 τὸ
3301 1176 3399 1230 με·-

1825 1238 1973 1292 θύειν
2008 1239 2174 1309 χωρὶς
2202 1238 2296 1292 τοῦ
2330 1242 2578 1311 παρορᾷν
2608 1241 2844 1309 πένητας
2881 1241 3155 1312 ἔγκλημα,
3204 1244 3298 1295 καὶ
3340 1240 3402 1296 τὸ

1825 1323 2072 1393 παρορᾷν
2096 1321 2330 1393 πένητας
2356 1324 2525 1393 χωρὶς
2552 1322 2644 1376 τοῦ
2677 1323 2894 1395 μεθύειν
2917 1326 3239 1394 κατηγορία·
3272 1327 3400 1379 ὃταν

1824 1406 1879 1458 δὲ
1909 1406 2001 1459 καὶ
2029 1404 2165 1474 ὁμοῦ
2201 1396 2522 1477 συνημμένα
2549 1403 2605 1481 ᾖ,
2634 1407 2885 1478 ἐννόησον
2909 1408 3006 1478 ὅση
3050 1411 3083 1478 ἡ
3127 1408 3400 1481 ὑπερϐολὴ

1823 1488 1923 1557 τῆς
1973 1490 2344 1559 παρανομίας.
2395 1488 2527 1544 Εἶτα
2570 1490 2748 1554 δείξας
2796 1491 2894 1558 τὴν
2943 1492 3193 1556 ἀτοπίαν,
3260 1492 3399 1562 μετὰ

1825 1571 2021 1624 πολλοῦ
2050 1571 2235 1625 λοιπὸν
2263 1571 2357 1626 τοῦ
2398 1572 2572 1643 θυμοῦ
2598 1573 2696 1643 τὴν
2722 1573 3010 1644 ἐπίπληξιν
3041 1574 3256 1642 ἐπάγει,
3313 1575 3400 1629 λέ-

1825 1671 1963 1722 γων·
1990 1653 2089 1723 Μὴ
2123 1654 2234 1724 γὰρ
2274 1655 2467 1721 οἰκίας
2511 1657 2622 1709 οὐκ
2652 1657 2820 1724 ἔχετε
2843 1659 2931 1723 είς
2962 1658 3027 1711 τὸ
3056 1658 3282 1711 ἐσθίειν
3303 1659 3402 1712 καί

1824 1737 2058 1801 πίνειν;
2104 1736 2143 1805 ἢ
2192 1735 2303 1804 τῆς
2348 1736 2714 1804 Ἐκκλησίας
2760 1737 2868 1793 τοῦ
2920 1739 3069 1793 Θεοῦ
3110 1757 3403 1809 καταφρο-

1824 1820 2001 1883 νεῖτε,
2031 1821 2130 1874 καὶ
2168 1822 2605 1890 καταισχύνετε
2635 1822 2777 1888 τοὺς
2806 1822 2893 1892 μὴ
2922 1822 3205 1892 ἔχοντας;
3239 1824 3402 1895 Ὁρᾷς

1826 1903 1944 1968 πῶς
1960 1903 2067 1956 άπὸ
2087 1907 2186 1974 τῆς
2209 1903 2318 1957 τῶν
2347 1905 2594 1975 πενήτων
2622 1903 2831 1976 ὕϐρεως
2853 1905 2944 1958 ἐπὶ
2963 1905 3062 1976 τὴν
3078 1905 3402 1975 Ἐκκλησίαν

1830 1987 2112 2058 μετήγαγε
2162 1986 2222 2039 τὸ
2273 1985 2547 2057 ἔγκλημα,
2599 1987 2686 2041 ἵνα
2732 1992 3135 2059 φορτικώτερον
3194 1990 3399 2062 ποιήσῃ

1826 2070 1918 2123 τὸν
1949 2070 2104 2139 λόγον
2129 2088 2144 2137 ;
2183 2070 2312 2123 Ἰδοὺ
2339 2069 2516 2122 τοίνυν
2542 2070 2637 2124 καὶ
2661 2072 2896 2141 τετάρτη
2927 2072 3247 2142 κατηγορία,
3272 2073 3402 2126 ὅταν

1832 2153 1906 2225 μή
1940 2154 2169 2224 πένητες
2196 2155 2376 2223 μόνον.
2411 2153 2545 2206 άλλά
2573 2155 2667 2207 καὶ
2700 2156 2732 2225 ή
2763 2154 3059 2226 Ἐκκλησία
3092 2155 3403 2227 ὑϐρίζηται.

1830 2238 2041 2309 Ὥσπερ
2086 2237 2194 2308 7&9
2251 2237 2310 2290 τὸ
2348 2237 2623 2308 Κυριακὺν
2655 2238 2867 2291 δεῖπνον
2899 2238 3163 2292 ίδιωτικὸν
3205 2241 3400 2303 ποιεῖς,

1828 2321 1971 2374 οὕτω
1999 2321 2093 2374 καλ⁵
2124 2321 2214 2373 τὸν
2248 2319 2411 2372 τόπον
2447 2319 2630 2384 πάλιν,
2655 2320 2730 2383 ὡς
2755 2321 2901 2391 οίκίᾳ
2935 2318 3091 2392 [245]
3112 2322 3178 2392 τῇ
3207 2320 3404 2393 ἐκκλη-

1833 2404 1924 2474 σίᾳ
1967 2402 2328 2474 κεχρημένος.
2382 2402 2680 2471 Ἐκκλησία
2731 2403 2841 2474 γὰρ
2884 2406 3130 2471 γέγονεν,
3175 2404 3273 2473 οὐχ
3316 2404 3404 2458 ἵνα

1829 2485 2153 2558 διῃρημένοι
2199 2481 2349 2555 ὦμεν
2378 2486 2426 2537 οἱ
2460 2483 2827 2549 συνελθόντες,
2857 2485 2971 2538 ἀλλ’
3009 2486 3095 2538 ἵνα
3125 2487 3174 2539 οῖ
3211 2487 3402 2557 διῃρη-

1835 2568 1984 2637 μένοι
2036 2566 2409 2638 συνημμένοι⁸
2467 2567 2563 2621 καὶ
2605 2568 2767 2621 τοῦτο
2805 2569 2838 2638 ή
2874 2567 3091 2633 σύνοδος
3139 2568 3403 2624 δείκνυσι.

1830 2651 1941 2704 Καὶ
1998 2651 2435 2719 καταισχύνετε
2484 2650 2627 2719 τοὺς
2672 2651 2758 2723 μὴ
2796 2652 3069 2722 ἔχοντας.
3117 2654 3229 2707 Οὐκ
3260 2651 3403 2719 εἷπε,

1832 2733 1943 2786 Καὶ
2000 2731 2369 2802 λιμοκτονεῖτε
2407 2733 2534 2799 τοὺς
2573 2737 2648 2807 μὴ
2689 2737 2933 2807 ἔχοντας,
2970 2735 3107 2789 ἀλλὰ
3151 2734 3287 2790 πολὺ
3316 2736 3407 2790 ἐν-

1831 2813 2291 2888 τρεπτικώτερον,
2342 2820 2812 2888 Καταισχύνετε,
2871 2819 2961 2872 ἵνα
3007 2819 3156 2892 δείξῃ
3211 2821 3295 2873 δτι
3345 2820 3407 2873 οὑ

1830 2901 2040 2974 τροφῆς
2082 2900 2232 2970 αὑτῷ
2261 2901 2516 2954 τοσοῦτον
2557 2902 2728 2972 μέλει,
2769 2902 2892 2955 ὅσον
2926 2902 3024 2973 τῆς
3069 2901 3283 2973 ὕϐρεως
3308 2903 3410 2974 τῆς

1833 2983 1915 3047 είς
1946 2984 2143 3046 αὑτοὺς
2173 2984 2484 3054 γινομένης.
2519 2985 2648 3038 Ἰδοὺ
2683 2985 2777 3038 καὶ
2821 2985 2973 3055 πέμκ
3005 2987 3408 3058 πτηατηγορία,

1831 3067 1894 3121 τὸ
1925 3066 1999 3139 μὴ
2033 3067 2193 3136 μόνον
2228 3066 2530 3131 πεινῶντας
2582 3069 2864 3139 περιορᾷν,
2913 3068 3051 3122 ἀλλά
3092 3069 3186 3122 καὶ
3218 3087 3413 3124 καταιοι

1835 3152 2052 3223 σχύνειν
2082 3149 2297 3213 αὑτούς.
2350 3148 2521 3203 Τοῦτο
2551 3150 2607 3203 δὲ
2638 3149 2844 3219 ἔλεγεν,
2886 3151 3020 3220 ὁμοῦ
3077 3154 3175 3223 μὲν
3219 3152 3414 3225 σεμνο-

1835 3234 2006 3287 ποιῶν
2039 3233 2110 3287 τὰ
2159 3233 2298 3286 κατά
2326 3234 2453 3296 τοὺς
2486 3233 2746 3304 πένητας,
2776 3234 2872 3287 καλ⁸
2922 3234 3138 3298 δεικνὺς
3183 3236 3266 3290 δτι
3314 3238 3414 3309 οὑχ

1834 3317 2006 3381 οὑτως
2031 3316 2173 3389 ὑπὲρ
2203 3317 2303 3387 τῆς
2329 3316 2587 3387 γαστρὸς,
2622 3317 2698 3380 ὼς
2727 3318 2869 3388 ὑπὲρ
2898 3318 2997 3389 τῆς
3026 3320 3293 3391 αἰσχύνης
3320 3322 3415 3376 ἀλ-

1834 3400 2045 3471 γοῦσιν,
2097 3402 2235 3471 ὁμοῦ
2290 3398 2348 3452 δέ
2399 3400 2492 3453 καὶ
2552 3401 2631 3463 είς
2686 3400 2835 3455 ἔλεον
2887 3402 3270 3472 ἐπισπώμενος
3320 3404 3413 3459 τὸν

1834 3484 2133 3555 ἀκροατήν.
2167 3481 2416 3536 Τοσαῦτα
2466 3483 2645 3537 τοίνυν
2682 3484 2860 3549 δείξας
2906 3484 2974 3538 τά
3017 3487 3214 3548 ἄτοπα,
3252 3484 3413 3560 ὕϐριν

1834 3568 1917 3632 είς
1960 3567 2021 3621 τὺ
2064 3567 2300 3628 δεῖπνον,
2357 3566 2514 3638 ὕϐριν
2566 3569 2646 3630 είς
2692 3568 2792 3637 τὴν
2843 3568 3163 3639 ἐκκλησίαν,
3195 3570 3294 3640 τὴν
3334 3572 3415 3636 είς

1834 3651 1961 3713 τοὺς
1999 3649 2240 3722 πένητας
2265 3649 2558 3721 γινομένην
2591 3649 2912 3722 ὑπεροψίαν,
2947 3651 3087 3723 χαλᾷ
3128 3653 3289 3705 πάλιν
3315 3655 3415 3726 τῆς

1835 3735 2206 3805 ἐπιτιμήσεως
2254 3733 2346 3787 τὸν
2378 3736 2531 3787 τόνον
2581 3733 2776 3807 ἀθρόον
2825 3735 2998 3805 λέγων
3023 3751 3037 3765 °
3085 3738 3416 3793 Ἐπαινέσω

1833 3815 2030 3885 ὐμᾶς;
2084 3816 2155 3869 ἐν
2183 3817 2371 3879 τούτῳ
2421 3818 2534 3870 οὐκ
2582 3817 2825 3873 ἐπαινῶ.
2855 3821 2920 3872 Ὃ
2963 3819 3054 3872 καὶ
3091 3820 3327 3889 μάλιστα
3349 3823 3415 3877 ἄν

1836 3917 1920 3963 τις
1951 3898 2118 3953 αὑτοῦ
2144 3899 2495 3968 θαυμάσειεν,
2521 3900 2603 3953 ὅτι
2631 3902 2928 3972 ἐπιπλῆξαι
2968 3902 3087 3955 δέον
3120 3905 3412 3973 σφοδρότε-

1839 4000 1932 4056 ρον
1963 3985 2102 4054 μετὰ
2131 3983 2230 4054 τὴν
2253 3983 2528 4048 ἀπόδειξιν
2557 3984 2663 4037 τῶν
2697 3985 2979 4039 τοσούτων·
2996 3988 3413 4058 ἁμαρτημάτων

1835 4069 1931 4123 καὶ
1960 4067 2329 4138 καθάψασθαι,
2353 4069 2380 4120 ό
2402 4068 2459 4120 δὲ
2480 4069 2789 4122 τούναντίον
2814 4070 2958 4122 ποιεῖ
2980 4070 3202 4138 μᾶλλον,
3231 4071 3414 4141 ἀνίησι

1836 4152 1932 4204 καὶ
1964 4149 2302 4204 ἀναπνεῦσαι
2337 4149 2541 4203 δίδωσι.
2576 4151 2642 4203 Τί
2686 4151 2803 4203 ποτ’
2846 4148 2940 4207 οὖν
2972 4154 3088 4205 ἐστι
3118 4153 3177 4205 τὸ
3205 4155 3412 4216 αίτιονς

1837 4234 2239 4306 Φορτικὼτερον
2271 4234 2451 4287 αὑτῶν
2483 4234 2765 4305 καθήψατο
2813 4238 2909 4305 τὴν
2945 4239 3280 4308 κατηγορίαν
3312 4239 3411 4292 αὑ-

1840 4319 2029 4391 ξήσας,
2062 4318 2158 4372 καὶ
2188 4318 2367 4388 ἰατρὸς
2399 4317 2474 4370 ὣν
2502 4320 2723 4391 ἄριστος
2752 4319 3102 4389 καταλλήλως
3124 4325 3234 4384 τοῖς
3254 4322 3418 4393 τραύ-

1840 4419 1974 4472 μασι
2026 4401 2126 4473 τὴν
2173 4403 2347 4471 τομὴν
2378 4402 2597 4469 ἐπάγει,
2630 4400 2754 4455 οὔτε
2803 4403 2873 4457 τά
2924 4402 3147 4471 βαθείας
3185 4403 3416 4473 δεόμενα

1838 4486 2054 4557 πληγῆς
2087 4485 2147 4552 ἐξ
2193 4484 2461 4553 ἐπιπολῆς
2508 4486 2760 4556 τέμνων’
2800 4485 3065 4557 (ἤκουσας
3107 4486 3216 4558 7&9
3248 4487 3414 4539 αὑτοῦ

1837 4570 1956 4633 πῶς
1985 4569 2076 4622 τὸν
2111 4568 2525 4639 πεπορνευκότα
2564 4570 2695 4638 παρ’
2743 4569 2925 4633 αὐτοῖς
2961 4569 3168 4634 τούτοις
3204 4572 3413 4625 ἀπέκο-

1835 4654 1956 4725 ψεν)
1980 4694 1994 4719 ,
2022 4652 2147 4729 οὔτε
2172 4654 2242 4706 τά
2274 4668 2509 4723 προσηνε
2520 4652 2728 4722 στέρων
2757 4652 3027 4723 χρῄζοντα
3053 4653 3161 4706 τῶν
3190 4658 3415 4726 φαρμά-

1839 4753 1951 4790 κων
1985 4736 2192 4807 σιδήρῳ
2223 4733 2569 4805 παραδιδούς.
2614 4735 2713 4789 Διά
2758 4735 2822 4807 δὴ
2849 4734 3007 4789 τοῦτο
3044 4737 3140 4789 καὶ
3177 4737 3415 4791 ἐνταῦθα

1836 4820 2142 4891 πραότερον
2165 4819 2244 4889 τῷ
2270 4818 2413 4888 λόγῳ
2437 4817 2699 4888 κέχρηται
2719 4834 2734 4850 ο
2774 4818 2869 4872 καὶ
2893 4819 3067 4882 ἄλλως
3095 4819 3150 4871 δὲ
3175 4821 3415 4891 ἡμέρους

1839 4904 2043 4966 αὐτοὺς
2076 4902 2312 4973 μάλιστα
2343 4900 2645 4954 ἐσπούδακε
2677 4902 3018 4972 καταστῆσαι
3049 4904 3162 4967 τοῖς
3198 4905 3411 4974 πένησν

1836 4985 1917 5039 διὸ
1967 4985 2061 5038 καὶ
2106 4984 2411 5055 ὑφειμένως
2458 4983 2768 5052 διαλέγεται
2805 4984 3005 5054 μᾶλλον
3039 4986 3244 5049 αὑτοῖς.
3281 4982 3417 5041 Εἶτα

1839 5070 2006 5123 θέλων
2031 5069 2227 5131 αὐτοὺς
2265 5068 2358 5121 καὶ
2390 5066 2658 5139 ἑτέρωθεν
2691 5067 2947 5137 ἐπιτρέψαι
2987 5069 3266 5137 μειζόνως,
3307 5070 3416 5123 άπὸ

1836 5153 1943 5206 τῶν
1975 5154 2324 5224 κυριωτέρων
2353 5155 2444 5205 τὸν
2477 5153 2632 5221 λόγον
2662 5151 2878 5219 ὑφαίνει
2913 5152 3074 5205 πάλιν
3096 5168 3109 5181 ·
3131 5151 3276 5221 Ἐγὼ
3304 5153 3416 5223 τὰρ

1837 5238 2180 5305 παρέλαϐον
2219 5235 2339 5289 ἀπὸ
2378 5234 2486 5289 τοῦ
2546 5236 2794 5303 Κυρίου,
2836 5236 3026 5303 φησὶν,
3053 5234 3084 5289 ὃ
3132 5237 3233 5289 καί
3263 5252 3417 5305 παρ.

1836 5320 2027 5374 έδωκα
2060 5318 2235 5388 ὑμῖν*
2278 5318 2364 5371 ὅτι
2396 5321 2429 5371 ό
2463 5318 2675 5386 Κύριος
2722 5319 2952 5386 Ἰησοῦς
2993 5318 3065 5372 ἐν
3105 5318 3179 5387 τῇ
3215 5321 3415 5383 νυκτὶ,

1836 5400 1875 5476 ᾖ
1907 5401 2282 5471 παρεδίδοτο,
2330 5400 2549 5456 ἔλαϐεν
2591 5402 2797 5470 ἄρτον,
2829 5403 2931 5456 καὶ
2960 5405 3418 5471 εὐχαριστήσας

1836 5489 2063 5543 ἕκλασε
2089 5488 2187 5541 καί
2216 5483 2369 5551 εἷπε,
2392 5484 2631 5547 Λάϐετε,
2653 5485 2872 5555 φάγετε
2893 5503 2907 5518 ο
2940 5489 3120 5543 τοῦτό
3144 5489 3263 5558 μού
3284 5488 3417 5542 ἐστι

1834 5571 1903 5625 τὸ
1928 5571 2099 5640 σῶμα
2125 5569 2191 5623 τὸ
2225 5572 2376 5635 ὑπὲρ
2421 5567 2587 5638 ὑμῶν
2619 5568 2952 5639 κλώμενον’
2988 5572 3167 5626 τοῦτο
3193 5569 3415 5623 ποιεῖτε

1835 5657 1923 5720 είς
1954 5654 2069 5722 τὴν
2115 5652 2270 5723 ἐμὴν
2300 5649 2668 5720 ἀνάμνησιν.
2731 5653 2887 5717 Τίνος
2941 5655 3128 5708 ἕνεκεν
3180 5651 3415 5707 ἐνταῦθα

1835 5739 1943 5791 τῶν
1978 5736 2293 5807 μυστηρίων
2342 5735 2655 5806 μέμνηται;
2690 5736 2813 5789 Ὅτι
2860 5737 3065 5808 σφόδρα
3112 5737 3415 5806 ἀναγκαῖος

1838 5821 1918 5883 είς
1945 5820 2043 5889 τήν
2100 5816 2377 5891 παροῦσαν
2411 5818 2669 5873 ὑπόθεσιν
2700 5823 2728 5872 ό
2764 5819 2920 5889 λόγος
2968 5814 3034 5891 ἦν
3062 5814 3215 5884 οὗτος
3240 5816 3412 5891 αὑτῷ.
