3962 6412
601 316 710 372 2‘89

603 436 720 491 Καὶ
759 433 864 507 γὰρ
892 436 922 489 6
950 435 1228 502 Δεσπότης
1261 447 1377 495 σου,
1415 425 1571 496 φησὶ,
1598 425 1698 494 τῆς
1736 424 1911 493 αὐτῆς
1935 422 2183 507 ἅπαντας

603 519 807 589 ἠξίωσε
834 503 1138 590 τραπέζης,
1173 515 1348 568 καίτοι
1384 511 1592 582 σφόδρα
1621 507 2077 590 φρικωδεστάτης
2096 503 2185 556 06-

607 588 730 672 σης,
779 588 885 656 καὶ⁷
908 602 1042 654 πολὺ
1089 599 1187 668 τὴν
1214 598 1471 650 ἁπάντων
1514 590 1957 663 ὑπερϐαινούσης
1990 588 2183 654 ἀξίαν·

608 669 674 739 σύ
707 686 764 739 δέ
792 686 991 747 αὐτοὺς
1027 684 1120 735 καὶ
1170 682 1269 748 τῆς
1304 680 1401 748 σῆς
1435 675 1689 740 ἀναξίους
1730 669 1870 726 εἶναι
1910 674 2040 743 ήγῇ,
2086 670 2187 739 τῆς

611 766 816 844 ρῖικρᾶς
839 770 1044 839 ταύτης
1070 769 1163 821 καὶ
1197 763 1468 828 εὐτελοῦς,
1498 763 1593 815 καὶ
1631 763 1688 813 ἐν
1729 762 1843 822 τοῖς
1889 772 2188 827 πνευματι-

607 841 727 919 κοῖς
748 856 901 908 οὐδὲν
933 850 1112 905 αὐτῶν
1139 867 1234 903 σου
1271 844 1757 903 πλεονεκτούντων,
1794 841 2061 911 ἀρπάζεις
2089 841 2189 893 αὐ-

561 946 580 963 ⁹
606 940 731 1000 τοὺς
772 938 830 989 ἐν
867 939 981 998 τοῖς
1016 933 1331 1005 αἰσθητοῖςν·
1387 929 1511 983 οὐδὲ
1555 928 1665 997 γὰρ
1711 924 1884 979 ταῦτα
1917 925 2003 977 σά.
2046 922 2185 975 Ἀλλ’

605 1021 750 1075 οὕτω
790 1020 889 1090 μὲν
922 1021 984 1073 οὐ
1015 1019 1187 1086 λέγει,
1233 1015 1374 1069 ὥστε
1434 1012 1509 1083 μὴ
1543 1010 1796 1079 γενέσθαι
1848 1008 2053 1079 τραχὺν
2095 1007 2187 1061 τὸν

605 1104 790 1172 λόγον·
842 1102 1197 1173 ἡμερώτερον
1245 1098 1302 1152 δέ
1344 1097 1505 1150 αὐτὸν
1545 1090 1949 1173 κατασκευάζει
1981 1091 2184 1157 λέγων·

606 1170 726 1241 Ὀτι
765 1190 797 1240 ό
830 1170 1045 1252 Κύριος
1074 1170 1305 1247 Ἰησοῦς
1325 1180 1395 1232 ἐν
1418 1177 1497 1247 τῇ
1522 1177 1718 1238 νυκτὶ,
1749 1170 1788 1246 ᾖ
1813 1173 2185 1242 παρεδίδοτο,

604 1269 826 1324 ἐλαϐεν
867 1268 1066 1335 ἄρτον.
1124 1265 1234 1319 Καὶ
1267 1263 1411 1325 τίνος
1439 1261 1625 1313 ἕνεκεν
1668 1259 1763 1311 τοῦ
1808 1256 2000 1328 καιροῦ
2041 1258 2189 1327 ἡμᾶς

605 1352 1040 1421 ἀναμιμνήσκει,
1062 1348 1158 1402 καὶ
1180 1347 1277 1416 τῆς
1300 1345 1538 1416 ἑσπέρας
1572 1342 1786 1411 ἐκείνης
1817 1342 1910 1394 καὶ
1934 1340 2036 1409 τῆς
2061 1356 2191 1421 προ-

605 1420 825 1498 δοσίαςς
867 1434 977 1501 Οὐχ
1009 1429 1196 1493 ἁπλῶς
1244 1429 1363 1482 οὐδέ
1393 1427 1521 1480 ἄνευ
1564 1426 1725 1493 λόγου
1760 1423 1925 1487 τινὸς,
1957 1420 2075 1476 ἀλλ’
2102 1423 2190 1475 ἵνα

611 1517 729 1587 μεθ’
761 1514 1067 1586 ὑπερϐολῆς
1097 1511 1372 1584 κατανύξῃ
1421 1511 1515 1562 καὶ
1554 1509 1661 1561 ἀπὸ
1689 1506 1783 1560 τοῦ
1810 1506 2025 1575 καιροῦ.
2070 1505 2188 1558 Κᾶν

607 1604 715 1674 γὰρ
752 1599 1036 1662 αὐτό>.ιθος
1136 1614 1242 1661 τις,
1278 1598 1540 1663 ἐννοήσας
1584 1593 1802 1663 ἐκείνην
1849 1591 1946 1661 τὴν
1992 1590 2186 1650 νύκτα,

610 1685 730 1747 πῶς
752 1680 820 1754 ἦν
853 1682 989 1753 μετά
1018 1682 1128 1733 τῶν
1158 1678 1413 1750 μαθητῶν
1435 1676 1739 1747 ἀδημονῶν,
1760 1674 1878 1739 πῶς
1896 1674 2187 1746 παρεδόθη,

609 1767 727 1830 πῶς
760 1766 936 1837 ἐδέθη,
968 1763 1084 1827 πῶς
1117 1762 1359 1833 ἀπήχθη,
1389 1760 1505 1823 πῶς
1551 1758 1829 1828 ἐδικάσθη,
1859 1756 1976 1819 πῶς
2005 1758 2099 1810 καὶ
2123 1757 2192 1810 τά

609 1851 736 1923 ἑξῆς
764 1851 965 1903 ἔπαθεν
1012 1848 1251 1910 ἅπαντα,
1292 1844 1465 1917 κηροῦ
1508 1843 1721 1913 γίνεται
1773 1839 1926 1913 [246]
1969 1839 2191 1923 ἁπαλώ-

606 1951 786 2005 τερος,
819 1935 912 1986 καὶ
956 1931 1058 2001 τῆς
1104 1930 1209 1999 γῆς
1255 1927 1660 1981 ἀπαλλάττεται
1692 1925 1785 1978 καὶ
1816 1924 1914 1994 τῆς
1958 1922 2191 1977 ἐνταῦθα

610 2017 913 2088 φαντασίας
955 2016 1192 2084 ἀπάσης.
1235 2012 1335 2065 Διά
1385 2012 1540 2064 τοῦτο
1594 2009 1811 2062 πάντων
1848 2008 2073 2061 ἐκείνων
2113 2009 2192 2069 είς

614 2104 836 2173 μνήμην
869 2101 1017 2169 ἡμᾶς
1062 2098 1208 2165 ἄγει,
1238 2096 1327 2149 διὰ
1349 2094 1443 2148 τοῦ
1489 2092 1683 2164 καιροῦ
1717 2094 1813 2146 καὶ
1851 2090 1952 2160 τῆς
1982 2090 2191 2161 τραπέ-

610 2188 711 2256 ζης
744 2186 841 2239 καὶ
874 2184 974 2254 τῆς
1017 2180 1307 2253 προδοσίας
1357 2178 1633 2250 ἐντρέπων
1661 2177 1757 2231 καὶ
1782 2176 1976 2241 λέγων,
2005 2176 2086 2229 ὅτι
2132 2174 2193 2229 ’0

612 2271 713 2342 μὲν
737 2268 1012 2336 Δεσπότης
1042 2282 1134 2318 σου
1167 2266 1260 2317 καὶ
1301 2264 1494 2317 ἐαυτὸν
1522 2261 1846 2333 παρέδωκεν
1878 2261 2019 2331 ὑπὲρ
2054 2258 2148 2313 σοῦ
2175 2273 2189 2289 ⁸

611 2360 677 2409 συ
710 2354 767 2408 δὲ
798 2352 876 2424 τῷ
906 2349 1121 2420 ἀδελφῷ
1152 2347 1274 2400 οὐδὲ
1307 2347 1494 2400 σιτίων
1529 2345 1826 2417 μεταδίδως
1873 2345 2016 2412 ὑπὲρ
2064 2361 2195 2396 σαυ-

606 2455 745 2503 τους

677 2522 742 2576 δ’.
779 2519 903 2583 Πῶς
931 2518 988 2573 δέ
1023 2535 1156 2588 φησι
1198 2515 1349 2588 παρά
1380 2514 1476 2567 τοῦ
1512 2512 1715 2584 Κυρίου
1766 2508 2189 2581 παρειληφέναις

606 2606 729 2661 οὐδέ
767 2606 876 2675 γὰρ
909 2604 1089 2674 παρῆν
1123 2601 1269 2662 τότε,
1310 2600 1447 2653 ἀλλὰ
1480 2597 1588 2651 τῶν
1633 2596 1937 2650 διωκόντων
1961 2590 2047 2665 ῆν.
2076 2594 2194 2646 Ἵνα

612 2687 792 2760 μάθῃς
821 2688 903 2740 ὅτι
932 2686 1085 2739 οὐδὲν
1134 2685 1297 2737 πλέον
1345 2682 1458 2752 ἔχει
1503 2680 1688 2750 ἐκείνη
1725 2681 1759 2750 ή
1812 2676 2064 2748 τράπεζα
2095 2675 2195 2745 τῆς

612 2773 752 2844 μετά
803 2769 998 2823 ταῦτα.
1037 2769 1149 2824 Καὶ
1202 2767 1310 2836 γάρ
1354 2766 1451 2819 καὶ
1499 2766 1740 2835 σήμερον
1790 2763 1953 2825 αὐτός
1991 2763 2137 2814 ἐστιν
2167 2761 2196 2814 6

609 2855 792 2909 πάντα
817 2852 1183 2924 ἐργαζόμενος
1219 2851 1312 2905 καί⁵
1343 2848 1694 2918 παραδιδοὺς,
1726 2845 1913 2915 ὥσπερ
1937 2845 2032 2898 καὶ
2048 2844 2189 2898 τότε.

610 2937 687 2993 Οὐ
714 2936 803 2989 διὰ
836 2935 994 2988 τοῦτο
1018 2934 1075 2988 δὲ
1100 2935 1259 3004 μόνον
1281 2932 1381 3002 τῆς
1397 2931 1589 2993 νυκτὸς
1612 2929 2017 2999 ἀναμιμνήσκει
2048 2925 2193 2979 ἐκεί-

610 3037 731 3090 νης,
766 3017 881 3072 ἀλλ’
921 3018 1009 3071 ἵνα
1052 3017 1146 3070 καὶ
1199 3015 1399 3086 ἐτέρως
1444 3013 1593 3083 ἡμᾶς
1638 3009 1936 3081 κατανύξῃ.
1982 3008 2194 3090 Ὠσπερ

612 3085 723 3174 γάρ
751 3102 977 3154 ἐκείνων
1010 3098 1247 3170 μάλιστα
1288 3085 1619 3167 μεμνήμεθα
1650 3095 1760 3148 τῶν
1802 3092 2088 3164 ῥημάτων,
2119 3085 2195 3144 ὧν

614 3187 681 3240 ἂν
710 3185 1019 3238 τελευταῖον
1052 3182 1205 3253 παρά
1254 3180 1364 3233 τῶν
1409 3178 1681 3233 ἀπιόντων
1722 3176 2066 3247 ἀκούσωμεν,
2100 3175 2196 3228 καὶ

617 3270 758 3339 πρὸς
778 3271 905 3331 τοὺς
939 3266 1310 3337 κληρονόμους
1348 3264 1478 3327 τοὺς
1513 3262 1761 3326 ἐκείνων,
1791 3263 1840 3314 εί
1866 3261 2197 3333 τολμήσαιεν

615 3352 799 3407 αὐτῶν
843 3350 1161 3421 παραϐῆναι
1192 3349 1290 3413 τὰς
1326 3346 1569 3410 ἐντολάς,
1596 3345 1951 3415 ἐντρέποντες
1997 3347 2197 3411 αὐτοὺς

617 3437 870 3506 λέγομεν,
909 3434 1228 3505 Ἐννοήσατε
1252 3432 1333 3485 ὅτι
1357 3430 1562 3501 ταύτην
1588 3429 1826 3500 ὑστέραν
1847 3429 2030 3498 ἀφῆκε
2060 3429 2198 3501 πρὸς

614 3521 759 3591 ὑμᾶς
791 3519 891 3589 τὴν
921 3517 1107 3586 φωνὴν
1126 3517 1156 3567 6
1187 3513 1509 3586 πατὴρ,.καὶ
1542 3512 1705 3583 μέχρι
1735 3512 1833 3582 τῆς
1864 3514 2101 3584 ἑσπέρας
2130 3507 2195 3584 ἧς

613 3602 839 3675 ἔμελλεν
869 3602 1091 3653 ἐκπνεῖν
1118 3598 1289 3651 ταῦτα
1316 3597 1683 3665 ἐπέσκηπτεν’
1705 3595 1847 3648 οὕτω
1878 3597 1971 3648 καὶ
2000 3599 2028 3650 6
2060 3595 2200 3649 Παῦ-

613 3686 706 3750 λος
758 3686 852 3738 καὶ
896 3681 1146 3737 ἐντεῦθεν
1189 3681 1416 3752 φρικτὸν
1450 3679 1675 3749 ποιῆσαι
1698 3678 1789 3731 τὸν
1821 3679 1977 3748 λόγον
2012 3679 2197 3749 βουλό.

617 3784 799 3841 μενος,
856 3765 1292 3836 Ἀναμνήσθητε,
1344 3763 1527 3834 φησὶν,
1579 3764 1661 3815 δτι
1710 3761 1914 3831 ταύτην
1963 3760 2199 3831 ἐσχάτην

614 3851 746 3921 ὑμῖν
779 3850 977 3903 δέδωκε
1006 3848 1104 3917 τὴν
1130 3845 1542 3917 μυσταγωγίαν,
1566 3846 1659 3898 καὶ
1687 3846 1744 3897 ἐν
1770 3846 1908 3915 αὐτῇ
1932 3846 1994 3915 τῇ
2020 3846 2196 3907 νυκτὶ,

614 3926 649 4008 ᾖ
680 3933 776 3986 καὶ
800 3932 1133 3999 σφάττεσθαι
1165 3930 1306 4000 ὑπὲρ
1342 3929 1496 3999 ὐμῶν
1526 3927 1742 3997 ἔμελλε,
1776 3927 1953 3980 ταῦτα
1982 3926 2197 3979 ἐνετέλ-

613 4017 758 4080 λετο,
790 4016 886 4069 καὶ
917 4015 1245 4087 παραδιδοὺς
1299 4014 1429 4083 ὑμῖν
1457 4011 1518 4064 τὸ
1561 4010 1775 4064 δεῖπνον
1820 4011 2018 4075 ἐκεῖνο,
2080 4012 2198 4081 μετ’

613 4100 792 4152 ἐκεῖνο
840 4098 1023 4151 οὐκέτι
1077 4097 1420 4167 προσέθηκεν
1473 4094 1681 4165 ἕτερον.
1735 4089 1869 4147 Εἶτα
1916 4093 2013 4146 καί¹
2059 4093 2201 4147 αὐτά

613 4181 800 4234 λοιπὸν
822 4181 1090 4251 διηγεῖται
1119 4182 1189 4235 τὰ
1216 4178 1561 4249 γεγενημένα
1602 4176 1777 4243 λέγων
1804 4177 1909 4240 ὅτι,
1939 4178 2201 4230 Ἔλαϐεν
2222 4213 2235 4228 .

614 4263 822 4332 ἄρτον,
851 4263 950 4316 καί
976 4262 1427 4332 εὐχαριστήσας
1464 4261 1712 4325 ἐκλασε,
1743 4259 1843 4313 καὶ
1871 4255 2034 4313 εἶπε·
2085 4259 2188 4313 Λά-

616 4348 766 4411 ϐετε,
818 4346 1041 4416 φάγετε
1063 4363 1077 4377 ³
1125 4346 1302 4399 τοῦτό
1332 4346 1451 4413 μού
1478 4345 1611 4396 ἐστι
1642 4343 1709 4395 τὸ
1744 4343 1916 4411 σῶμα
1949 4345 2014 4397 τὸ
2047 4342 2200 4411 ὑπὲρ

615 4430 785 4501 ὑμῶν
829 4432 1159 4499 κλώμενον.
1213 4431 1277 4483 Et
1320 4430 1500 4482 τοίνυν
1547 4429 1633 4481 ἐπ’
1678 4428 1998 4499 εὐχαριστίᾳ
2026 4446 2200 4499 προσ·-

618 4514 773 4586 έρχῃ,
795 4516 908 4567 ’καὶ
943 4515 1007 4567 σὺ
1056 4513 1223 4584 μηδὲν
1257 4512 1475 4577 ἀνάξιον
1510 4511 1654 4564 ποίει
1692 4512 1791 4578 τῆς
1824 4511 2195 4581 εὐχαριστίας,

619 4597 759 4667 μηδέ
791 4596 1120 4665 καταίσχυνε
1172 4594 1264 4647 τὸν
1298 4593 1544 4665 ἀδελφὸν,
1602 4594 1737 4664 μηδὲ
1795 4594 2024 4665 περιόρα
2076 4612 2198 4649 πει-

617 4679 814 4741 νῶντα,
849 4681 924 4748 μὴ
960 4677 1148 4747 μέθυε,
1180 4676 1255 4747 μὴ
1287 4675 1477 4747 ὐϐριζε
1508 4674 1607 4745 τὴν
1640 4676 1989 4745 Ἐκκλησίαν.
2017 4678 2197 4748 Προσσο

619 4760 755 4832 έρχῃ
784 4760 893 4831 γὰρ
925 4758 1265 4829 εὐχαριστῶν
1307 4759 1448 4831 ὑπὲρ
1496 4751 1570 4813 ὧν
1614 4758 1950 4822 ἀπέλαυσας.
1985 4758 2197 4814 Οὐκοῦν

620 4845 716 4898 καὶ
753 4844 913 4906 αὐτὸς
941 4841 1175 4913 ἀμοιϐὴν
1206 4841 1479 4909 ἀποδίδου,
1521 4841 1615 4896 καὶ
1646 4843 1720 4913 μὴ
1745 4842 2007 4913 ἀπόσχιξε
2039 4859 2199 4896 σεαυ-

619 4926 712 4980 τδν
743 4924 839 4978 τοῦ
886 4925 1135 4996 πλησίον.
1184 4925 1296 4978 Καὶ
1330 4926 1438 4996 γὰρ
1480 4926 1509 4977 6
1552 4924 1785 4998 Χριστὸς
1814 4926 1979 4978 πᾶσιν
2011 4924 2198 4997 ἐξίσης

619 5010 788 5063 ἔδωκε
836 5009 1034 5078 λέγων,
1081 5007 1323 5071 Λάϐετε,
1379 5009 1617 5079 φάγετε.
1658 5009 1895 5073 Ἐκεῖνος
1931 5008 1994 5062 τὸ
2037 5007 2198 5079 σῶμα

620 5094 806 5164 ἐξίσης
851 5093 1041 5156 ἔδωκε,
1071 5092 1135 5144 σὺ
1168 5091 1225 5144 δέ
1252 5092 1372 5145 οὐδέ
1405 5092 1496 5145 τὸν
1525 5091 1700 5146 κοινδν
1726 5091 1892 5163 ἀρτον
1921 5090 2077 5155 δίδως
2105 5089 2197 5156 ἐξ-

623 5176 778 5245 ίσης;
815 5177 910 5229 καὶ
937 5175 1048 5247 γὰρ
1077 5175 1217 5246 ὑπὲρ
1247 5176 1500 5229 ἀπάντων
1526 5175 1729 5246 ὁμοίως
1781 5173 2047 5245 ἐκλάσθη,
2101 5175 2198 5227 καὶ

621 5260 781 5331 σῶμα
808 5261 1029 5330 γέγονεν
1060 5260 1198 5330 ὑπὲρ
1255 5260 1510 5313 ἁπάντων
1561 5258 1766 5328 ἐξίσης.
1821 5258 2062 5326 Ὁμοίως
2095 5258 2195 5311 καί

617 5344 683 5399 τὸ
714 5343 1004 5411 ποτήριον
1029 5344 1179 5413 μετὰ
1203 5342 1270 5396 τὸ
1298 5341 1643 5411 δειπνῆσαι,
1673 5342 1888 5409 λέγων,
1921 5338 2104 5394 Τοῦτο
2130 5342 2196 5393 τὸ

618 5426 907 5494 ποτήριον
946 5427 986 5495 ἠ
1037 5427 1215 5493 καινὴ
1245 5424 1500 5493 διαθήκη
1529 5423 1704 5479 ἐστίν
1740 5423 1810 5476 ὲν
1846 5421 1925 5488 τῷ
1952 5420 2072 5492 ἐμῷ
2101 5424 2197 5477 αῖ-

612 5527 754 5580 ματι
778 5527 792 5540 ·
838 5509 1013 5564 τοῦτο
1036 5507 1283 5571 ποιεῖτε,
1308 5507 1524 5574 ὁσάκις
1555 5504 1633 5561 ἂν
1676 5507 1915 5574 πίνητε,
1954 5509 2044 5571 εις
2076 5506 2193 5574 τὴν

617 5593 774 5663 ἐμὴν
811 5592 1177 5661 ἀνάμνησιν.
1228 5591 1293 5643 Τί
1323 5590 1541 5660 λέγεις;
1598 5590 1902 5659 ἀνάμνησιν
1935 5587 2028 5641 τοῦ
2063 5590 2199 5659 Χρι-

621 5674 746 5729 στοῦ
775 5678 968 5740 ποιεῖς,
1011 5675 1105 5728 καὶ
1140 5673 1378 5744 πένητας
1405 5674 1672 5744 παρορᾷς,
1697 5672 1791 5724 καὶ
1817 5670 1878 5722 οὐ
1916 5670 2195 5739 φρίττειςς

632 5758 772 5811 Ἀλλ’
798 5759 847 5810 εἰ
880 5758 980 5827 μὲν
1008 5756 1124 5812 υίοῦ
1148 5757 1181 5828 ἦ
1208 5756 1437 5826 ἀδελφοῦ
1459 5753 1908 5824 τετελευτηκότος
1945 5754 2196 5825 ἀνάμνη-

622 5855 708 5894 σιν
742 5841 966 5908 ἐποίεις,
1001 5840 1244 5912 ἐπλήγης
1283 5840 1349 5896 ἂν
1400 5839 1505 5893 ὐπδ
1532 5837 1627 5891 τοῦ
1673 5835 1992 5904 συνειδότος,
2029 5838 2076 5890 εί
2114 5835 2190 5908 μή

1384 309 1442 365 S.
1480 305 1767 363 JOANNIS
1802 303 2193 363 CHRYSOSTC

2322 303 2641 361 ARCHIEP.
2673 304 3227 364 CONSTANTINOP.
3694 319 3773 375 230

2287 434 2347 487 τὸ
2374 432 2496 498 ἔθος
2543 436 2891 507 ἐπλήρωσας,
2931 436 3026 489 καὶ
3068 436 3303 507 πένητας
3344 437 3597 507 ἐκάλεσαςσ
3631 448 3710 517 τὴν
3734 455 3777 507 δι

2289 517 2383 601 τοῦ
2416 518 2687 571 Δεσπότου
2738 537 2831 573 σου
2868 520 3039 573 ποιῶν
3068 521 3385 591 ἀνάμνησιν,
3414 524 3524 576 οὐδέ
3554 532 3778 601 τραπέζης

2284 600 2472 663 ἁπλῶς
2509 600 2842 670 μεταδίδως;
2893 603 2957 655 Τί
2986 602 3044 656 δέ
3092 605 3238 655 ἐστιν
3270 604 3296 656 ὃ
3323 621 3495 673 φησιν,
3527 607 3616 671 ὅτι,
3637 600 3781 668 Τοῦτο

2285 683 2348 736 τὸ
2378 684 2670 751 ποτήριον
2696 686 2734 751 ἡ
2769 687 2947 755 καινὴ
2976 686 3230 754 διαθήκη
3262 688 3425 741 ἐστίν
3442 706 3458 752 ;
3480 688 3578 743 Ἦν
3602 694 3693 763 γὰρ
3713 702 3784 752 καὶ

2283 767 2384 837 τῆς
2436 768 2674 831 παλαιᾶς
2728 770 2994 841 διαθήκης
3029 772 3302 842 ποτήριον,
3330 774 3381 824 αἱ
3413 775 3615 827 σπονδαὶ
3638 779 3715 830 καὶ
3741 796 3786 833 τι

2286 845 2427 919 αἷμα
2454 850 2564 903 τῶν
2600 851 2810 920 ἀλόγων
2835 868 2845 881 ·
2893 856 2986 907 καὶ
3016 853 3126 923 γάρ
3156 855 3290 924 μετὰ
3319 855 3376 907 τὸ
3418 855 3565 910 θῦσαι
3595 862 3784 930 ποτηρίῳ

2288 932 2442 1006 [24η
2475 936 2571 988 καὶ
2612 937 2777 1008 φιάλῃ
2802 935 2863 989 τὸ
2906 930 3045 1007 αἷμα
3072 938 3345 1006 δεχόμενοι
3366 939 3526 1003 οὕτως
3565 941 3785 998 ἔσπενδον.

2300 1016 2455 1070 Ἐπεὶ
2483 1015 2576 1071 οὖν
2607 1019 2729 1072 ἀντὶ
2781 1019 3016 1088 αἵματος
3070 1021 3281 1087 ἀλόγων
3327 1017 3461 1090 αἷμα
3504 1023 3785 1093 είσήγαγετδ

2288 1100 2477 1163 αὐτοῦ,
2505 1101 2591 1154 ἴνα
2626 1103 2699 1173 μή
2729 1120 2813 1166 τις
2838 1102 3116 1174 θορυϐηθῇ
3141 1104 3298 1156 τοῦτο
3321 1102 3539 1169 ἀκούων,
3571 1105 3784 1174 ἀνέμνησε

2285 1183 2386 1252 τῆς
2418 1184 2656 1249 παλαιᾶς
2706 1186 2896 1248 θυσίας
2949 1187 3188 1256 ἐκείνης.
3243 1184 3374 1239 Εἶτα
3402 1184 3559 1237 εἰπὼν
3585 1186 3693 1255 περὶ
3721 1187 3787 1239 τοῦ

2287 1266 2505 1319 δείπνου
2537 1268 2767 1328 ἐκείνου,
2790 1268 3052 1321 συνάπτει
3081 1271 3150 1322 τά
3174 1268 3410 1337 παρόντα
3434 1270 3538 1329 τοῖς
3565 1268 3686 1332 τότε,
3712 1269 3788 1331 ἵνα,

2286 1347 2362 1411 ὡς
2398 1351 2454 1403 ἐν
2489 1352 2624 1420 αὐτῇ
2655 1350 2839 1421 ἐκείνῃ
2873 1353 2939 1421 τῇ
2975 1351 3205 1421 ἑσπέρᾳ,
3233 1352 3324 1403 καὶ
3352 1352 3435 1401 ἐπ’
3474 1350 3627 1419 αὐτῆς
3651 1352 3790 1419 κείρει

2287 1449 2368 1485 νοι
2410 1433 2678 1497 στιϐάδος,
2705 1434 2798 1486 καὶ
2817 1434 2951 1502 παρ’
2978 1432 3145 1485 αὐτού
3172 1432 3264 1485 τοῦ
3297 1433 3521 1504 Χριστοῦ
3546 1432 3791 1500 λαμϐάνονο

2286 1533 2379 1580 τες
2426 1517 2526 1585 τὴν
2572 1516 2762 1569 θυσίαν
2790 1516 3017 1586 ταύτην,
3065 1517 3207 1569 οὕτω
3246 1519 3338 1569 καὶ.
3377 1516 3469 1568 νῦν
3505 1516 3790 1577 διακέωνται,

2289 1600 2383 1653 καί
2435 1616 2634 1668 φησιν·
2672 1599 2917 1664 Ὁσάκις
2972 1598 3085 1668 γὰρ
3134 1600 3211 1652 ἂν
3254 1599 3490 1665 ἐσθίητε
3534 1599 3632 1651 τὸν
3657 1598 3794 1666 ἄρτον

2289 1682 2527 1745 τοῦτον,
2565 1683 2661 1735 καί
2693 1683 2759 1735 τὸ
2792 1682 3083 1749 ποτήριον
3131 1682 3307 1736 τοῦτο
3348 1683 3569 1748 πίνητε,
3598 1682 3690 1734 τὸν
3722 1680 3795 1735 θά-

2287 1783 2474 1819 νατον
2505 1764 2615 1819 τοῦ
2652 1767 2875 1834 Κυρίου
2931 1768 3390 1834 καταγγέλλετε,
3444 1765 3604 1832 ἄχρις
3651 1758 3709 1818 οὗ
3740 1762 3796 1816 ἂν

2288 1851 2457 1916 ἔλθῃ.
2483 1849 2697 1918 Ὠσπερ
2723 1850 2831 1919 γάρ
2859 1852 2887 1902 6
2920 1850 3156 1919 Χριστὸς
3193 1851 3287 1902 καὶ
3326 1850 3418 1901 ἐπὶ
3445 1848 3532 1901 τοῦ
3560 1850 3702 1915 ἄρτου
3729 1851 3797 1899 καὶ

2289 1933 2382 1985 ἐπὶ
2450 1932 2543 1985 τοῦ
2618 1934 2903 2004 ποτηρίου,
2979 1935 3084 1999 Είς
3137 1930 3254 1999 τὴν
3316 1931 3468 2001 ἐμὴν
3518 1931 3801 1999 ἀνάμνησιν

2289 2015 2510 2070 ποιεῖτε
2552 2016 2749 2078 τοῦτο,
2802 2016 2927 2085 ἔφη,
2975 2017 3075 2086 τὴν
3108 2017 3286 2069 αἰτίαν
3332 2014 3666 2069 ἐκκαλύπτιυν
3702 2015 3800 2083 ἡμῖν

2287 2100 2389 2170 τῆς
2412 2099 2507 2151 τοῦ
2541 2099 2845 2169 μυστηρίου
2877 2100 3097 2163 δόσεως,
3128 2100 3224 2152 καὶ
3259 2099 3396 2169 μετά
3436 2098 3538 2152 τῶν
3566 2098 3714 2152 ἄλλων
3734 2097 3801 2148 καὶ

2288 2182 2491 2253 ταύτην
2517 2178 2656 2235 εἶναι
2678 2181 2854 2251 λέγων
2879 2182 3154 2254 ἀρκοῦσαν
3176 2185 3308 2254 ἡμῖν
3330 2184 3409 2245 εἰς
3430 2180 3689 2243 εὐλαϐείας
3709 2178 3800 2231 ὑπό-

2290 2268 2438 2321 θεσιν
2462 2285 2474 2298 ο
2516 2268 2644 2320 ὅταν
2671 2268 2779 2337 γὰρ
2813 2269 3079 2337 ἐννοήσῃς
3110 2267 3164 2320 τί
3209 2266 3476 2320 πέπονθεν
3526 2267 3553 2318 6
3590 2263 3801 2331 Δεσπότης

2292 2367 2384 2403 σου
2417 2349 2508 2403 διὰ
2555 2350 2637 2412 σέ,
2670 2349 3106 2420 φιλοσοφώτερος
3133 2349 3264 2421 ἔσῃ’
3302 2350 3444 2403 οὓτω
3476 2347 3563 2401 καὶ
3587 2349 3613 2399 6
3647 2344 3796 2403 Παῦλος

2289 2434 2528 2488 ἐνταῦθά
2554 2451 2718 2503 φησιν
2739 2451 2750 2463 ⁸
2796 2433 3040 2498 Ὁσάκις
3069 2432 3147 2488 ἂν
3179 2434 3444 2499 ἐσθίητε,
3471 2432 3574 2484 τὸν
3605 2429 3792 2483 θάνατον

2289 2519 2475 2573 αὑτοῦ
2514 2519 2966 2589 καταγγέλλετε.
3019 2519 3128 2571 Καὶ
3167 2518 3326 2572 τοῦτο
3353 2520 3525 2571 ἐκεῖνο
3562 2516 3618 2569 τδ
3646 2510 3795 2566 δεῖπνόν

2291 2606 2458 2658 ἐστιν.
2521 2600 2653 2657 Εἶτα
2708 2604 2921 2667 δεικνὺς
2975 2604 3057 2657 ὅτι
3092 2604 3196 2667 ἕως
3231 2605 3331 2675 τῆς
3385 2602 3674 2660 συντελείας
3710 2595 3798 2647 αὐτὸ

2293 2690 2465 2760 μένει,
2507 2689 2691 2760 φησίνο
2727 2689 2874 2754 Ἕως
2919 2688 2997 2742 ἂν
3033 2687 3204 2756 ἔλθῃ.
3230 2689 3414 2741 Ὥστε
3460 2685 3526 2750 ὃς
3575 2684 3644 2737 ἂν
3679 2678 3803 2743 ἐσθίῃ

2289 2773 2399 2827 τὸν
2436 2772 2619 2841 ἄρτον
2666 2771 2905 2837 τοῦτον,
2941 2773 2979 2841 ἢ
3015 2774 3160 2840 πίνῃ
3195 2772 3265 2825 τὸ
3308 2772 3591 2840 ποτήριον
3616 2766 3705 2821 τοῦ
3728 2767 3807 2817 Κιν-

2283 2858 2421 2925 ρίου
2454 2855 2732 2921 ἀναξίως,
2764 2855 2983 2924 ἔνοχος
3006 2856 3178 2909 ἔσται
3209 2856 3318 2909 τοῦ
3344 2856 3608 2924 σώματος
3634 2849 3713 2903 καὶ
3734 2845 3809 2899 τοῦ

2290 2940 2537 3009 αἵματος
2573 2938 2680 2992 τοῦ
2714 2939 2958 3007 Κυρίου;
2992 2938 3057 2992 Τί
3095 2939 3335 3009 δήποτες
3379 2941 3499 2992 Ὅτι
3537 2937 3721 3005 ἐξέχεεν
3739 2930 3810 2982 αὐ-

2288 3022 2375 3085 τὸ,
2408 3023 2501 3075 καὶ
2526 3020 2740 3092 σφαγὴν
2765 3022 2826 3074 τὸ
2860 3024 3096 3093 πρᾶγμα
3119 3024 3424 3094 ἀπέφηνεν,
3451 3021 3625 3075 οὐκέτι
3650 3016 3811 3071 θυσίαν.

2293 3105 2507 3176 Ὠσπερ
2534 3101 2627 3158 οὖν
2658 3105 2753 3157 καὶ
2784 3105 2903 3157 τότε
2929 3106 2978 3158 οἱ
3005 3106 3372 3174 κεντήσαντες
3406 3105 3503 3176 οὐχ
3535 3106 3617 3158 ἵνα
3663 3099 3814 3153 πίωσιν

2292 3188 2612 3258 ἐκέντησαν,
2648 3187 2765 3241 ἀλλ’
2796 3187 2884 3242 ἵνα
2914 3188 3212 3258 ἐκχέωσινο
3258 3189 3404 3243 οὕτω
3448 3188 3541 3243 καὶ
3574 3188 3600 3240 6
3636 3182 3814 3245 ἀναξίως

2296 3270 2517 3342 μετιὼν,
2547 3271 2639 3325 καὶ
2672 3270 2839 3341 μηδὲν
2868 3271 3117 3325 ἐντεῦθεν
3146 3272 3551 3342 καρπούμενος.
3583 3264 3714 3330 Εἶδες
3734 3261 3815 3322 πῶς

2294 3354 2522 3426 φοϐερὸν
2554 3354 2644 3408 τὸν
2680 3353 2839 3421 λόγον
2868 3356 3114 3424 ἐποίησε,
3148 3355 3245 3408 καὶ
3280 3356 3401 3427 μεθ’
3441 3351 3726 3425 ὑπερϐολῆς
3748 3345 3812 3399 αὖ·

2291 3438 2400 3492 τῶν
2430 3438 2717 3511 καθήψατο
2742 3438 2945 3509 πάσης,
2992 3437 3205 3502 δεικνὺς
3244 3441 3329 3493 ὅτι
3364 3442 3413 3492 εί
3457 3438 3595 3492 οὓτω
3628 3432 3809 3506 μέλλοιεν

2294 3521 2494 3588 πίνειν,
2544 3521 2779 3587 ἀναξίως
2815 3526 3104 3593 μετέχουσι
3152 3520 3263 3576 τῶν
3318 3519 3702 3594 προκειμένων.
3729 3511 3812 3572 Πῶς

2294 3606 2404 3677 γὰρ
2436 3607 2537 3660 οὐκ
2567 3604 2819 3671 ἀναξίως,
2861 3607 2889 3657 ὁ
2927 3604 3201 3676 περιορῶν
3233 3606 3545 3669 πεινῶντα;
3606 3605 3633 3656 6
3674 3613 3815 3654 καται-

2297 3690 2506 3759 σχύνων
2537 3690 2674 3760 πρὸς
2725 3686 2804 3759 τῷ
2852 3689 3157 3760 περιιδεῖν;
3212 3690 3275 3744 Εἰ
3333 3691 3445 3761 γὰρ
3480 3688 3540 3741 τὸ
3575 3686 3644 3756 μὴ
3685 3679 3816 3735 δοῦναι

2295 3774 2524 3843 πένησιν
2554 3772 2807 3825 ἐκϐάλλει
2828 3774 2927 3844 τῆς
2953 3772 3253 3842 βασιλείας,
3284 3775 3392 3828 κᾶν
3424 3771 3678 3843 παρθένος
3746 3777 3818 3823 τις.

2300 3858 2500 3928 μᾶλλον
2549 3857 2606 3910 δὲ
2658 3857 2720 3910 τὸ
2775 3857 2850 3926 μὴ
2903 3856 3142 3926 δαψιλῶς
3186 3857 3407 3911 δοῦναιο
3483 3854 3575 3910 καὶ
3617 3851 3709 3921 γὰρ

2295 3925 2500 3996 ἐκεῖναι
2556 3941 2734 3993 ἔλαιον
2779 3925 2949 4009 εἶχον,
2988 3925 3141 3993 γάλλά
3188 3940 3417 4010 δαψιλὲς
3453 3940 3552 3992 οὐκ
3589 3933 3745 4007 εἷχον”
3777 3925 3820 3977 τὺ

2297 4025 2393 4078 καὶ
2443 4023 2686 4077 τοσαῦτα
2736 4020 2915 4074 ἄτοπα
2970 4022 3338 4093 ἐργάσασθαι,
3379 4024 3631 4094 ἐννόησον
3682 4014 3821 4087 ἡλίκον

2297 4108 2450 4161 ἔσται
2484 4107 2672 4160 κακόν.

2368 4258 2430 4314 ε’.
2451 4260 2587 4313 Ποῖα
2604 4259 2777 4313 ἄτοπα
2799 4276 2814 4325 ;
2844 4259 2997 4328 φησί.
3023 4260 3088 4313 Τί
3118 4260 3318 4328 λέγεις,
3352 4266 3484 4316 ποῖα
3503 4262 3667 4317 ἄτοπα
3684 4274 3697 4321 ;
3717 4255 3821 4323 Τρα-

2297 4342 2471 4412 πέζης
2515 4342 2777 4412 μετέσχες
2804 4342 3078 4412 τοιαύτης,
3110 4345 3205 4397 καὶ
3234 4346 3458 4398 πάντων
3489 4342 3705 4410 ὀφείλων
3723 4339 3823 4406 iw:-

2298 4424 2534 4496 ρώτερος
2569 4420 2705 4476 εἶναι
2747 4426 2841 4476 καὶ
2885 4426 2995 4477 τῶν
3028 4427 3281 4494 ἀγγέλων
3307 4429 3446 4490 ἴσος,
3481 4428 3687 4481 πάντων
3710 4416 3822 4487 ὠμό-

2294 4507 3010 4605 ἷγέγοναςχιαῖμσίος
3039 4511 3250 4578 ἐγεύσω
3281 4508 3639 4571 Δεσποτικοῦ,
3661 4499 3822 4605 καὶτὸν

2296 4590 2524 4660 ἀδελφὸν
2555 4591 2676 4644 οὐδέ
2723 4590 2899 4654 οὕτως
2916 4584 3350 4660 ’ἐπιγινώσκεις
3387 4596 3484 4649 καὶ
3527 4594 3677 4655 ποίας
3718 4584 3824 4648 ἄξιος

2296 4671 2347 4726 εἷ
2377 4673 2744 4743 συγγνώμης;
2804 4676 2996 4729 Καίτοι
3049 4678 3097 4729 εί
3132 4678 3228 4729 καὶ
3276 4677 3387 4746 πρὸ
3416 4677 3608 4730 τούτου
3633 4669 3813 4746 ἠγνόειὶο

2296 4755 2407 4809 ἀπὸ
2434 4756 2537 4825 τῆς
2562 4756 2845 4827 τραπέζης
2892 4758 3065 4811 αὐτὸν
3096 4745 3400 4827 ἐπιγνῶναι
3452 4759 3651 4831 ἐχρῆν·
3694 4745 3813 4809 νῦνδδυ

2296 4839 2393 4893 καὶ
2445 4839 2615 4909 αὐτὴν
2662 4839 2952 4910 ἀτιμάζεις
3005 4840 3104 4913 τὴν
3152 4842 3458 4911 τράπεζαν,
3516 4842 3610 4896 τὸν
3658 4834 3820 4895 ἐκείνης

2297 4922 2712 4988 καταξιωθέντα
2748 4924 2976 4993 μέτοχον
3001 4920 3142 4977 εἶναι
3167 4924 3281 4979 τῶν
3316 4925 3427 4978 σῶν
3451 4925 3549 4996 οὐχ
3575 4921 3824 4996 ἡγούμενος

2297 5004 2449 5069 ἀξιον
2475 5000 2615 5059 εἶναι
2668 5006 2874 5059 σιτίων.
2924 5007 3028 5060 Οὐ)
3070 5007 3311 5079 ῆκουσας
3346 5009 3492 5061 πόσα
3515 4994 3707 5060 ἔπαθεν
3737 4994 3829 5051 ὁτά

2297 5089 2492 5143 ἑκατὸν
2517 5089 2750 5162 δηνάρια
2777 5089 3021 5144 ἀπαιτῶν
3050 5106 3067 5155 ;
3117 5090 3238 5156 πῶς
3262 5092 3471 5162 δωρεὰν
3508 5085 3829 5157 ἐξενεχθεῖσα)

2296 5175 2500 5234 ἄκυρον
2548 5174 2835 5242 ἐποίησεν;
2888 5176 2990 5228 οὐκ
3031 5177 3232 5240 ἐννοεῖς
3266 5177 3350 5240 τίς
3392 5176 3469 5230 ῶν
3493 5176 3577 5237 τίς
3606 5173 3830 5242 γέγοναςξ

2295 5260 2397 5312 οὐκ
2422 5258 2863 5329 ἀναμιμνήσκεις
2891 5258 3106 5323 σαυτὸν,
3137 5259 3223 5312 ὅτι
3274 5258 3467 5312 τούτου
3500 5256 3593 5311 τοῦ
3642 5251 3831 5317 πένητος

2297 5342 2354 5393 ἐν
2383 5342 2631 5412 χρήμασι
2683 5342 2821 5395 πολὺ
2867 5340 3217 5413 πτωχότερος
3261 5338 3328 5414 ἧς
3373 5343 3435 5396 ἐν
3463 5335 3831 5410 κατορθώμασι,

2301 5424 2508 5495 μυρίων
2560 5422 2750 5495 γέμων
2797 5425 3251 5494 ἁμαρτημάτων;
3294 5424 3439 5478 Ἀλλ’
3470 5425 3619 5493 ὅμως
3653 5418 3835 5471 πάντων

2297 5526 2359 5562 σε
2386 5508 2609 5561 ἐκείνων
2646 5506 2961 5577 ἀπήλλαξεν
2982 5511 3011 5562 6
3034 5508 3188 5574 Θεὸς,
3224 5508 3318 5563 καὶ
3351 5508 3632 5580 τραπέζης
3666 5498 3834 5572 ﬁlum

2296 5590 2590 5662 τοιαύτης”
2622 5590 2688 5643 σύ
2714 5590 2773 5644 δέ
2813 5592 2935 5645 οὐδέ
2976 5591 3121 5646 οὕτω
3171 5591 3677 5664 φιλανθρωπότερος
3709 5582 3835 5664 τίῗῐῑο

2296 5659 2684 5727 Οὐκοῦνήοὐδέν
2719 5673 2909 5744 ἕτερον
2940 5659 3211 5737 λείπεταί,
3243 5676 3277 5745 ἢ
3310 5659 3405 5727 καὶ
3447 5674 3508 5727 τό
3543 5659 3601 5725 σε
3632 5659 3834 5745 παραδῐξο

2297 5755 2457 5824 θῆναι
2502 5758 2614 5819 τοῖς
2674 5742 3047 5825 βασανισταῖς.
3096 5742 3510 5830 [ΞιὸνΙὝΤθύτων
3565 5752 3653 5806 κεεί
3697 5742 3833 5830 ἧμῖῖς

2297 5835 2622 5912 ἀκούσωμεν
2647 5839 2759 5894 τῶν
2792 5841 3054 5912 ῥημάτων
3080 5826 3303 5910 πάντες,
3340 5840 3454 5893 ὅσοι
3506 5831 3724 5891 ἐνταῦθα
3749 5826 3831 5900 μὲν
