3962 6412
191 315 276 372 2‘29
1164 311 1232 370 ΙΝ
1273 311 1486 371 EPIST.
1528 312 1548 366 l
1614 311 1706 366 AD
1745 309 1900 367 COR.
1944 311 2178 368 HOMIL.
2225 315 2436 372 XXVII.

181 441 245 486 est
263 445 448 500 corpus
477 444 661 494 meum,
689 428 824 500 quod
861 443 954 498 pro
982 427 1121 484 vobis
1145 429 1398 500 frangitur
1422 447 1440 484 :
1462 430 1556 483 hoc
1593 429 1749 500 facite

178 519 224 573 iu
249 537 405 574 meam
433 519 972 574 commemorationem.
995 519 1105 574 Cur
1127 519 1214 575 hic
1235 521 1611 592 mysteriorum
1636 538 1754 576 me-

175 610 352 667 minii?
379 611 513 677 Quia
544 610 698 666 valde
726 611 1087 666 necessarium
1109 620 1224 666 erat
1250 613 1314 666 ad
1340 628 1576 682 prrcsens
1593 629 1753 684 argu-

173 713 401 758 mentum
426 704 515 758 tali
541 703 615 757 uti
641 717 909 758 sermone.
935 701 1065 757 Nam
1093 703 1347 758 Dominus
1371 714 1521 771 tuus,
1553 705 1745 775 inquit,

169 795 344 851 eadem
374 809 568 851 onmes
591 811 772 850 mensa
799 795 1046 866 dignatus
1070 806 1184 863 est;
1217 799 1315 852 etsi
1347 799 1433 852 illa
1459 798 1747 854 admodum

171 887 436 942 tremenda
465 897 602 952 erat,
634 888 980 957 omniumque
1004 889 1316 959 dignitatem
1345 891 1500 946 valde
1528 907 1750 962 supera-

173 979 277 1033 bat:
303 988 361 1033 tu
383 994 516 1034 vero
543 981 663 1035 illos
688 989 775 1034 tua
808 981 1054 1052 indignos
1072 997 1192 1037 esse
1213 992 1391 1053 putas,
1417 984 1504 1039 illa
1530 985 1744 1054 inquam

167 1086 313 1140 parva
362 1081 418 1124 et
459 1071 581 1136 vili;
625 1080 678 1126 et
716 1087 836 1126 cum
871 1072 922 1125 in
955 1075 1318 1143 spiritualihus
1345 1075 1476 1130 nihil
1505 1076 1622 1144 plus
1652 1077 1746 1130 ha.

164 1163 316 1217 beant
344 1178 504 1233 quam
534 1172 590 1217 tu
611 1205 626 1230 ,
668 1164 724 1217 in
767 1164 1113 1219 sensibilibus
1144 1166 1265 1220 illos
1304 1166 1504 1235 Spolias
1529 1185 1542 1220 :
1571 1182 1744 1238 neque

161 1254 297 1308 enim
333 1254 452 1308 haec
492 1263 578 1307 tua
625 1263 769 1308 sunt.
813 1253 920 1309 Sed
967 1270 1071 1309 non
1105 1255 1207 1311 hoc
1236 1258 1450 1325 quidem
1481 1257 1644 1324 dicit,
1679 1273 1745 1313 ne

157 1349 394 1414 θερετίοΓ
419 1354 564 1400 esset
588 1361 787 1411 sermo,
810 1347 958 1400 illum
979 1363 1104 1401 vero
1132 1350 1548 1403 mansuetiorem
1579 1349 1745 1404 efﬁcit

154 1438 336 1494 dicens
359 1454 373 1491 :
400 1438 651 1504 Quoniam
683 1439 928 1494 Dominus
948 1439 980 1493 ,Ι
987 1458 1120 1506 esus,
1143 1442 1195 1494 in
1217 1459 1314 1511 qua
1339 1452 1483 1496 nocte
1503 1444 1742 1498 tradeba-

151 1538 262 1595 tur,
303 1530 496 1598 accepit
543 1546 742 1599 panem.
779 1529 844 1584 Et
884 1545 986 1598 qua
1025 1531 1094 1585 de
1135 1546 1294 1586 causa
1340 1543 1548 1603 tempus
1589 1534 1742 1588 nobis

151 1627 578 1686 commemorat,
625 1631 680 1675 et
727 1635 1004 1690 vesperam
1057 1622 1197 1676 illam
1243 1633 1299 1676 et
1345 1624 1740 1692 proditionem?

151 1710 262 1766 Non
290 1711 408 1766 sine
434 1726 596 1767 causa
621 1721 676 1767 et
703 1713 931 1778 ratione,
953 1713 1048 1768 sed
1081 1725 1133 1766 ut
1156 1729 1315 1784 supra
1343 1715 1562 1769 modum
1588 1731 1739 1769 com-

152 1815 411 1874 pungeret
437 1805 597 1860 etiam
629 1821 658 1860 a
689 1815 946 1875 tempore.
978 1805 1202 1861 Etiamsi
1232 1807 1372 1861 enim
1397 1807 1530 1877 lapis
1552 1807 1741 1863 sitali-

150 1897 285 1964 quis,
316 1896 362 1950 si
391 1897 587 1966 cogitet
617 1897 759 1951 illam
781 1906 1014 1964 noctem,
1041 1897 1308 1968 quomodo
1326 1913 1446 1953 cum
1465 1899 1740 1969 discipulis

147 1995 263 2040 erat
292 1987 465 2043 tristis
489 2027 503 2051 ,
536 1987 807 2057 quomodo
838 1989 1067 2043 traditus
1092 1999 1172 2044 est
1201 2031 1216 2057 ,
1250 1992 1518 2061 quomodo
1548 1993 1738 2062 ligatus

143 2086 199 2131 et
240 2077 527 2143 abductus,
574 2079 843 2149 quomodo
886 2079 1156 2149 judicatus
1196 2093 1299 2146 est,
1342 2093 1396 2136 et
1437 2099 1542 2153 quo
1581 2095 1737 2155 pacto

140 2177 340 2223 extera
369 2170 551 2224 omnia
590 2170 864 2239 sequentia
896 2171 1150 2240 pertulit,
1181 2187 1303 2228 cera
1333 2175 1546 2229 mollior
1570 2176 1738 2231 effici-

139 2267 246 2323 tur,
280 2274 312 2315 a
346 2271 486 2315 terra
511 2260 839 2317 abstrahitur
860 2263 998 2317 etab
1020 2265 1162 2318 omni
1191 2265 1347 2335 hujus
1368 2265 1550 2320 surculi
1575 2266 1730 2322 fastu.

135 2350 264 2406 ldeo
292 2353 477 2407 omnia
506 2354 592 2408 illa
617 2354 770 2409 nobis
797 2355 848 2409 itt
877 2358 1188 2412 memoriam
1214 2369 1448 2426 revocat,
1476 2376 1572 2431 per
1597 2370 1734 2416 tem-

133 2457 236 2510 pus
279 2453 338 2498 et
370 2459 608 2498 mensam
639 2456 692 2500 et
721 2447 1076 2516 proditionem
1108 2447 1315 2519 pudore
1342 2450 1657 2507 suﬂ‘undcns
1682 2462 1734 2508 et

131 2535 326 2591 dicens
349 2556 362 2590 :
388 2537 643 2594 Dominus
665 2549 785 2595 tuus
808 2541 1044 2611 seipsum
1063 2557 1160 2612 pro
1181 2556 1231 2599 te
1252 2545 1500 2611 tradidit;
1528 2557 1584 2600 tu
1607 2561 1736 2602 vero

124 2624 286 2680 fratri
322 2643 501 2697 neque
529 2629 706 2684 cibqu
737 2630 832 2684 das
863 2647 960 2700 pro
988 2632 1198 2703 tcipso?

194 2719 256 2772 4.
288 2717 579 2785 Quomodo
619 2731 796 2778 autem
832 2722 963 2778 dicit
1000 2739 1060 2780 se
1100 2727 1374 2797 accepisse
1397 2743 1427 2783 a
1462 2729 1734 2786 Domino?

119 2822 314 2880 neque
342 2812 489 2866 enim
521 2822 644 2868 tunc
671 2815 890 2882 aderat,
925 2817 1018 2872 sed
1054 2833 1120 2874 ex
1151 2835 1376 2876 numero
1405 2837 1734 2895 persequen-

118 2901 264 2956 tium
295 2915 439 2958 crat.
473 2904 539 2961 Ut
566 2906 739 2962 discas
766 2910 896 2964 nihil
928 2912 1044 2981 plus
1073 2913 1268 2970 habere
1295 2916 1439 2972 illam
1468 2935 1728 2986 mensam,

119 3008 299 3063 quam
348 2996 440 3052 illa
467 3014 585 3069 qua:
625 3009 806 3069 postea
842 3003 955 3058 fuit.
988 3004 1120 3058 Nam
1149 3017 1197 3060 et
1233 3006 1392 3062 hodie
1419 3009 1507 3065 ille
1537 3019 1619 3066 est
1641 3013 1729 3082 qui

120 3091 315 3143 omnia
352 3089 518 3145 efficit
548 3100 602 3146 et
642 3093 821 3157 tradit,
869 3105 925 3150 ut
965 3107 1016 3151 et
1046 3107 1191 3153 tunc.
1225 3100 1338 3155 Non
1379 3102 1501 3158 ideo
1529 3113 1730 3160 tantum

122 3178 278 3233 illam
313 3192 529 3237 noctem
559 3198 945 3242 commemorat
965 3230 980 3256 ,
1010 3190 1104 3244 sed
1141 3200 1194 3245 et
1235 3201 1289 3246 ut
1314 3193 1420 3248 alio
1451 3195 1609 3251 modo
1636 3213 1733 3253 nos

120 3281 486 3342 compmtgat.
528 3273 598 3329 Ut
636 3277 779 3330 enim
826 3277 1038 3333 illorum
1072 3284 1302 3337 maxime
1332 3285 1619 3342 verborum
1649 3304 1734 3344 t'e-

127 3364 431 3420 col-damur
456 3409 470 3432 ,
515 3383 634 3438 qua:
666 3370 845 3423 ultima
891 3372 1138 3430 audimus
1170 3391 1198 3430 a
1228 3377 1643 3449 decedentibus;
1678 3393 1733 3440 et

135 3453 433 3513 heredibus
455 3474 665 3526 eorum,
691 3463 734 3516 si
759 3463 988 3520 audeant
1015 3466 1226 3522 illorum
1261 3484 1526 3543 prmeepta
1559 3485 1734 3533 trans-

139 3545 311 3612 gredi,
339 3557 398 3602 ut
418 3550 621 3617 pudore
641 3551 955 3618 afﬁciamus,
979 3556 1207 3612 dicimus
1228 3577 1240 3613 :
1260 3560 1501 3632 Cogitate
1523 3575 1730 3634 patrem

145 3648 383 3695 vestrum
412 3641 551 3697 banc
584 3644 819 3700 ultimam
859 3649 1106 3705 emisisse
1135 3667 1320 3707 vocem
1347 3696 1362 3721 ,
1389 3665 1442 3710 et
1471 3673 1636 3731 usque
1661 3661 1730 3716 ad

147 3727 307 3798 diem,
337 3749 441 3802 qua
469 3738 836 3805 exspiraturus
861 3751 995 3804 erat,
1029 3744 1143 3799 lure
1173 3747 1511 3806 mandavisse
1535 3769 1547 3804 :
1573 3753 1651 3808 sic
1677 3764 1731 3811 et

149 3820 338 3879 Paulus
367 3826 490 3881 inde
513 3830 693 3886 Volens
718 3831 916 3887 dictum
945 3835 1074 3890 illud
1105 3841 1436 3895 tremendum
1467 3843 1692 3901 reddere
1710 3881 1727 3909 ,

153 3912 522 3974 Recordamini
548 3962 564 3988 ,
597 3923 804 3994 inquit,
849 3927 990 3997 quod
1025 3930 1158 3985 hanc
1191 3934 1428 3989 ultimam
1458 3937 1610 3992 vobis
1637 3938 1732 3994 de-

155 4006 281 4063 derit
308 4014 548 4082 mysterii
579 4015 984 4086 institutionem,
1009 4033 1062 4076 et
1089 4025 1138 4077 in
1167 4025 1279 4095 ipsa
1305 4040 1478 4095 nocte,
1505 4046 1606 4100 qua
1636 4048 1732 4102 pro

158 4102 298 4158 vobis
325 4105 652 4163 occidendus
686 4121 801 4165 erat
825 4154 840 4178 ,
876 4113 990 4169 inec
1020 4121 1336 4188 prmceperit
1359 4162 1371 4184 ,
1421 4134 1474 4177 et
1515 4126 1731 4182 tradens

156 4194 298 4249 nobis
328 4196 472 4251 illam
502 4213 710 4254 cmnam
737 4243 751 4264 ,
801 4213 920 4272 post
953 4206 1094 4259 illam
1128 4225 1232 4263 non
1279 4212 1420 4267 aliud
1450 4215 1726 4286 adjecerit.

154 4285 351 4343 Deinde
381 4291 473 4343 illa
503 4307 624 4361 que
652 4304 777 4348 tunc
804 4296 936 4350 facta
971 4298 1119 4355 fuere
1151 4315 1330 4357 narrat
1363 4326 1376 4359 :
1409 4307 1611 4376 Accepit
1639 4327 1730 4379 pa-

150 4399 288 4447 nem,
323 4393 512 4437 etcum
537 4389 726 4455 gratias
751 4390 964 4460 egisset,
1009 4396 1158 4466 fregit
1194 4407 1243 4450 et
1282 4399 1408 4454 dixit
1432 4417 1449 4454 :
1469 4399 1726 4471 Accipite,

149 4473 481 4538 manducata;
507 4477 602 4530 hoc
631 4489 702 4532 est
727 4496 910 4550 corpus
945 4499 1107 4537 meum
1135 4488 1269 4556 quod
1297 4506 1390 4559 pro
1416 4492 1553 4546 vobis
1580 4497 1728 4563 fran-

151 4567 297 4636 gitur.
330 4566 386 4620 Si
421 4582 552 4637 ergo
581 4581 796 4638 prapter
820 4574 1196 4629 euchariStiaot
1239 4583 1449 4635 accedis
1469 4622 1483 4646 ,
1520 4593 1570 4638 tu
1601 4586 1729 4642 nihil

156 4656 484 4713 cucharistia:
529 4661 803 4730 indignum
852 4666 1028 4728 facito.
1078 4685 1250 4738 neque
1299 4673 1500 4739 pudore
1529 4677 1731 4734 afﬁcias

158 4749 358 4805 fratrem
381 4792 397 4816 ,
429 4768 528 4807 nec
560 4757 881 4810 esurientem
913 4759 1208 4829 despicias,
1240 4779 1306 4818 ne
1335 4764 1632 4835 inebriet-is,
1665 4786 1731 4826 ne

163 4842 441 4899 Ecclesium
473 4849 792 4901 contumelia
826 4849 1046 4904 afficias.
1083 4855 1307 4909 Accedis
1341 4859 1538 4925 gratias
1569 4877 1731 4931 agens

173 4948 258 5002 pro
279 4935 337 4987 iis
362 4953 482 5004 qua:
511 4940 762 5008 accepisti
794 4959 805 4993 :
831 4957 957 5011 ergo
985 4954 1037 4997 et
1072 4957 1124 4998 tu
1155 4947 1322 5000 vicem
1351 4953 1603 5020 repende,
1638 4969 1734 5009 uc-

174 5041 268 5094 quc
297 5035 340 5079 te
367 5029 649 5084 abscindas
678 5048 704 5083 a
738 5035 999 5101 proximo.
1033 5037 1238 5092 Etenim
1269 5042 1514 5099 Christus
1551 5050 1727 5102 omni-

170 5117 266 5170 bus
307 5121 568 5186 :equaliter
609 5122 754 5177 dedit
800 5125 1003 5194 dicens,
1051 5132 1292 5202 Accipite,
1335 5141 1594 5194 comeditc.
1640 5143 1732 5198 llle

165 5223 353 5277 corpus
379 5214 648 5280 :equalitcr
675 5215 819 5269 dedit
847 5235 860 5283 ;
909 5228 960 5274 tu
993 5237 1120 5277 vero
1148 5241 1214 5278 ne
1245 5241 1582 5286 comuntnem
1611 5237 1732 5304 qni-

162 5302 275 5356 dem
295 5317 479 5372 panem
505 5308 786 5376 aequaliter
803 5310 930 5364 das?
954 5331 1074 5370 nam
1099 5333 1194 5386 pro
1217 5323 1463 5378 omnibus
1487 5302 1733 5387 similiter

165 5397 370 5450 fractum
401 5406 504 5462 est,
535 5409 588 5453 et
612 5415 676 5453 ex
701 5417 853 5473 atquo
878 5403 974 5460 fuit
999 5422 1188 5478 corpus
1219 5428 1314 5482 pro
1342 5418 1612 5476 onmibus.
1635 5424 1726 5479 25.

165 5487 392 5544 Similiter
430 5500 478 5543 et
509 5493 749 5558 calicem,
785 5507 1044 5570 postquam
1085 5507 1295 5558 cteuavit
1319 5547 1333 5571 ,
1385 5510 1556 5566 dicens
1585 5529 1604 5566 :
1633 5515 1731 5570 llic

165 5584 279 5635 calix
301 5599 487 5636 novum
517 5596 870 5643 testamentum
894 5601 964 5646 est
997 5594 1051 5647 in
1077 5612 1184 5649 meo
1217 5601 1460 5670 sanguine
1482 5621 1500 5657 :
1523 5605 1617 5659 hoc
1643 5612 1729 5678 fa-

163 5673 253 5738 cite,
289 5676 704 5748 quotiescumque
728 5678 976 5752 biberitis,
1012 5685 1064 5739 in
1100 5704 1262 5743 meam
1291 5702 1728 5754 commemoratio-

165 5781 268 5824 nem.
296 5768 438 5837 Quid
470 5770 647 5824 dicis?
675 5780 1238 5835 commemorationem
1267 5781 1462 5841 Christi
1492 5786 1636 5862 facis.
1667 5801 1724 5848 et

467 5881 739 5944 Possm.
788 5887 902 5947 Gn.
952 5890 1106 5953 LXI.

3342 326 3450 385 250

1872 442 2138 499 pauperes
2166 432 2396 502 despicis
2417 476 2429 499 ,
2465 449 2563 490 nec
2592 436 2969 497 exhorrescis?
3013 443 3118 500 Sed
3160 447 3202 499 si
3235 446 3330 504 filii
3364 461 3460 506 aut

1866 517 2048 576 fratris
2097 529 2292 579 mortui
2339 532 2904 588 commemorationem
2959 535 3164 594 faceres
3192 582 3207 605 ,
3252 557 3284 596 a
3333 555 3461 596 con-

1859 613 2084 668 scientia
2113 621 2425 684 pungercris
2449 662 2463 684 ,
2492 620 2536 674 si
2567 636 2668 675 non
2703 639 2906 680 morem
2939 639 3198 699 sequutus
3227 647 3376 688 esses
3408 642 3460 687 et

1859 718 2124 775 pauperes
2148 711 2451 766 vocavisses
2478 731 2489 764 :
2514 728 2632 768 cum
2660 727 2836 772 autem
2867 719 3073 776 Domini
3106 725 3175 779 tui
3208 738 3458 780 comme-

1856 797 2215 852 morationem
2257 801 2386 856 facis
2407 845 2421 866 ,
2456 818 2630 874 neque
2675 824 2873 862 mensa:
2901 812 3092 868 saltem
3121 822 3450 875 consortium

1854 884 1974 940 das.
2004 887 2140 954 Quid
2170 905 2296 944 vero
2327 892 2426 946 sibi
2453 895 2560 948 vult
2590 896 2718 951 illud
2746 915 2758 950 :
2789 898 2888 953 llic
2918 902 3054 956 calix
3083 922 3267 961 natum
3298 918 3458 963 testac

1853 990 2076 1033 mentum
2123 983 2254 1036 est?
2299 983 2510 1040 Veteris
2567 989 2708 1043 enim
2760 995 3066 1049 testamenti
3110 998 3246 1053 calix
3293 1013 3443 1057 erant

1853 1070 2106 1127 libamina
2132 1085 2184 1128 ct
2212 1078 2429 1146 sanguis
2457 1078 2733 1135 brutorum
2762 1102 2774 1136 :
2803 1094 3083 1154 postquam
3107 1090 3248 1143 enim
3278 1095 3447 1148 sacri-

1851 1162 2158 1228 licaverant,
2183 1166 2233 1219 in
2262 1167 2426 1222 calice
2455 1178 2509 1224 et
2539 1170 2714 1239 phiala
2739 1176 3052 1244 sanguinem
3086 1182 3443 1251 excipientes,

1849 1255 1928 1309 sic
1981 1256 2238 1312 libabant.
2290 1259 2424 1327 Quia
2480 1261 2641 1332 igitur
2687 1281 2782 1334 pro
2850 1271 3107 1337 sanguine
3158 1272 3444 1332 brutorum

1848 1349 2160 1416 sanguinem
2199 1365 2356 1405 suum
2412 1353 2655 1420 induxit;
2705 1373 2771 1412 ne
2822 1361 2943 1428 quis
2985 1363 3290 1420 turbaretur
3342 1368 3444 1425 hoc

1847 1437 2091 1505 audiens,
2111 1440 2162 1494 in
2179 1443 2491 1498 memoriam
2506 1447 2934 1504 revocavitvetus
2949 1452 3074 1507 illud
3095 1456 3440 1513 sacriﬁcium.

1847 1527 2052 1583 Deinde
2079 1530 2146 1585 de
2171 1547 2324 1587 omna
2349 1534 2432 1588 illa
2464 1535 2737 1606 loquutus,
2761 1543 3047 1608 prtesenlia
3079 1546 3141 1601 iis
3170 1563 3290 1616 qua:
3315 1559 3443 1606 tunc

1845 1629 2000 1674 erant
2028 1622 2305 1693 conjungit
2331 1642 2342 1678 :
2370 1638 2429 1680 ut
2460 1629 2609 1697 quasi
2643 1630 2694 1682 in
2732 1631 2822 1685 illa
2853 1649 3108 1703 vespera,
3147 1636 3197 1690 in
3226 1639 3444 1695 eodem.

1845 1725 1951 1779 que
1978 1722 2148 1767 strato
2179 1717 2575 1784 recumbentes,
2598 1722 2741 1776 etab
2765 1723 2882 1793 ipso
2909 1725 3123 1782 Christo
3149 1729 3251 1785 hoc
3277 1734 3444 1788 sacri—

1847 1803 2027 1857 ficium
2070 1807 2432 1875 accipientes,
2480 1811 2547 1865 ita
2595 1821 2653 1868 et
2702 1829 2844 1870 nunc
2874 1816 3206 1884 afficiantur;
3240 1833 3293 1876 et
3323 1824 3437 1879 ait:

1843 1892 1934 1949 26.
1972 1895 2393 1970 Quotiescumque
2421 1903 2555 1956 enim
2595 1906 2966 1963 monducabitis
2995 1926 3177 1979 panem
3209 1913 3362 1982 hunc,
3392 1929 3441 1972 et

1842 1986 2050 2041 calicem
2084 1989 2294 2056 bibctis,
2343 2003 2551 2047 mortem
2600 1995 2811 2051 Domini
2847 2003 3244 2070 annuutiabitis,
3283 2008 3441 2063 donec

1842 2078 2029 2131 veniat.
2059 2079 2208 2134 Sicut
2233 2084 2374 2137 enim
2402 2085 2454 2138 in
2487 2101 2624 2156 pane
2652 2099 2707 2142 et
2733 2089 2786 2143 in
2814 2092 2982 2147 calice
3009 2093 3142 2150 dixit
3169 2097 3436 2167 Christus,

1845 2169 1958 2224 Hoc
1983 2171 2138 2240 facile
2175 2173 2226 2228 in
2268 2194 2428 2230 nteant
2459 2185 3007 2254 commemorationem,
3041 2204 3254 2245 causam
3286 2193 3439 2250 nobis

1839 2261 2089 2328 aperiens
2110 2263 2219 2318 dati
2245 2269 2510 2337 mysterii,
2538 2280 2590 2323 et
2615 2287 2735 2325 cum
2765 2274 2883 2329 aliis
2911 2275 3013 2330 hoc
3041 2279 3200 2334 etiam
3229 2281 3434 2352 dicens,

1846 2351 2014 2421 ipsam
2049 2355 2201 2408 nobis
2231 2362 2360 2412 satis
2387 2375 2507 2415 esse
2537 2361 2602 2415 ad
2632 2363 2845 2431 pietatis
2874 2380 3246 2437 argumentum
3275 2389 3434 2430 :cum

1839 2443 1981 2496 enim
2029 2447 2350 2514 cogitaveris
2395 2450 2523 2520 quid
2567 2452 2822 2510 Dominus
2863 2466 2986 2512 tuus
3029 2461 3098 2515 sit
3147 2478 3435 2538 perpessus

1839 2541 2059 2602 propter
2085 2545 2158 2598 te,
2190 2539 2360 2608 magis
2389 2540 2739 2611 philosotihus
2765 2547 2874 2601 eris
2900 2565 2913 2602 :
2937 2549 3015 2604 sic
3040 2561 3094 2606 et
3125 2552 3320 2610 Paulus
3349 2556 3436 2614 hic

1840 2623 1936 2691 ait,
1968 2627 2391 2700 Quotiescumque
2418 2633 2826 2704 manducabitis,
2857 2650 3070 2695 mortem
3097 2644 3208 2714 ejus
3235 2662 3436 2702 annun-

1839 2715 2048 2770 tiabitis.
2076 2717 2142 2772 Et
2166 2719 2279 2774 haec
2301 2730 2384 2776 est
2409 2722 2496 2776 illa
2518 2738 2691 2778 coma.
2718 2727 2920 2785 Deinde
2937 2746 3060 2786 cum
3087 2737 3431 2808 ostendisset,

1837 2807 1980 2874 quod
2025 2823 2192 2878 usque
2233 2810 2299 2864 ad
2341 2817 2860 2874 consummationem
2907 2821 2995 2875 illa
3038 2837 3282 2886 maneat.
3327 2807 3429 2899 ait,

1836 2894 2014 2952 Donec
2039 2901 2224 2956 veniat.
2257 2901 2348 2956 27.
2381 2902 2564 2971 Itaque
2593 2910 2900 2981 quicumque
2929 2917 3308 2975 manducauerit
3343 2894 3433 2993 pa;

1837 3003 1955 3045 item
1976 2991 2112 3045 hunc
2139 2993 2216 3046 vel
2243 2995 2420 3049 biberit
2445 2996 2655 3052 calicem
2684 3000 2889 3056 Domini
2928 3007 3164 3078 indigne,
3194 3029 3310 3066 reus
3337 3015 3432 3068 erit

1834 3083 2064 3152 corporis
2090 3093 2137 3136 et
2166 3087 2431 3156 sanguinis
2459 3087 2687 3145 Domini.
2721 3093 2944 3161 Quare?
2975 3101 3108 3164 Quia
3153 3103 3338 3160 effudit
3366 3107 3432 3161 il-

1835 3173 1968 3239 lum,
1996 3184 2052 3229 et
2077 3191 2141 3230 ea
2171 3191 2260 3232 res
2287 3182 2666 3237 mactationem
2695 3186 2954 3254 exhibuit,
2990 3207 3094 3246 non
3120 3194 3231 3263 jam
3260 3200 3431 3254 sacri-

1837 3262 2034 3318 ficium.
2071 3265 2143 3321 Ut
2167 3283 2296 3338 ergo
2329 3278 2456 3325 tunc
2493 3273 2582 3342 qui
2617 3275 3028 3349 transfixorum,
3063 3262 3168 3339 non
3203 3296 3257 3341 ut
3283 3289 3432 3348 hibe-

1837 3365 1956 3410 reut
1986 3357 2370 3415 transﬁxorum
2390 3403 2404 3429 ,
2436 3363 2531 3417 sed
2557 3374 2615 3419 ut
2655 3366 3028 3427 effunderent:
3056 3375 3126 3430 ita
3155 3379 3313 3434 etiam
3341 3384 3431 3452 qui

1836 3446 2055 3518 indigne
2084 3452 2401 3522 participat,
2431 3466 2486 3510 et
2516 3457 2650 3512 nihil
2676 3459 2803 3517 hinc
2829 3463 3034 3522 fructus
3063 3472 3310 3542 percipit.
3343 3446 3432 3530 θὶ-

1835 3538 1957 3594 den‘
2002 3557 2162 3612 quam
2214 3547 2509 3602 terribilem
2557 3567 2865 3611 sermonem
2911 3557 3118 3629 fecerit,
3169 3577 3225 3620 et
3272 3584 3430 3638 quam

1835 3632 2013 3687 valide
2042 3634 2163 3688 illos
2195 3639 2586 3708 perstrinxerit,
2621 3647 2912 3704 ostendens
2943 3654 3084 3722 quod
3115 3657 3157 3711 si
3188 3659 3267 3714 sic
3289 3632 3430 3718 bibi-

1839 3723 1945 3776 turi
1973 3723 2098 3788 sint,
2132 3726 2348 3798 indigne
2375 3732 2483 3786 sint
2509 3739 2905 3806 propositorum
2935 3748 3262 3819 participes?
3287 3754 3431 3822 Quo-

1841 3813 2003 3867 modo
2027 3815 2170 3870 euim
2203 3833 2309 3872 non
2338 3821 2554 3892 indigne
2580 3829 2668 3895 qui
2697 3828 3301 3910 despicitcsurientem,
3335 3849 3425 3916 qui

1835 3901 2187 3972 despiciendo
2215 3909 2422 3980 pudore
2452 3915 2744 3973 suffundit?
2776 3923 2902 3977 Nam
2934 3927 2976 3980 si
3005 3946 3109 3983 non
3140 3933 3268 3989 dare
3289 3901 3430 4006 palu-

1837 3995 2056 4063 poribus
2087 3998 2233 4066 ejicit
2273 4015 2339 4055 ex
2385 4019 2550 4073 regno
2591 4011 2844 4065 caelorum
2869 4055 2882 4077 ,
2929 4019 3089 4073 etiam
3137 4025 3178 4076 si
3219 3995 3320 4094 qua
3363 4033 3432 4083 sit

1840 4085 2030 4156 virgo;
2064 4087 2173 4142 imo
2198 4091 2360 4145 etiam
2386 4094 2431 4148 si
2461 4111 2570 4150 non
2597 4097 2816 4170 largiter
2836 4103 3022 4171 detur;
3054 4127 3173 4164 nam
3201 4115 3302 4168 illa‘
3328 4121 3429 4173 vir.

1836 4179 1988 4248 gines
2017 4181 2195 4236 oleum
2241 4182 2551 4254 habebant,
2584 4190 2677 4244 sed
2709 4208 2812 4247 non
2859 4195 3078 4268 largiter
3117 4202 3383 4263 habebant
3412 4231 3425 4267 :

1838 4281 1946 4325 tam
1980 4273 2146 4328 multa
2177 4274 2407 4332 absurda
2439 4279 2666 4347 fecisse,
2697 4287 2867 4356 cogita
2901 4304 3156 4359 quantum
3187 4301 3289 4353 erit
3319 4319 3429 4355 ma-

1837 4362 1969 4417 lum.

1907 4454 1961 4508 5.
1999 4454 2130 4520 Quae
2174 4443 2674 4532 absurdafinquit?
2715 4465 2850 4534 Quid
2897 4471 3065 4540 dicis,
3109 4480 3285 4548 qualia
3326 4485 3425 4537 ah-

1835 4545 2036 4599 surda?
2063 4547 2208 4602 Talis
2235 4565 2435 4606 mensae
2464 4555 2729 4627 particeps
2757 4560 2930 4630 fuisti,
2962 4575 3015 4621 et
3039 4545 3158 4624 cum
3185 4577 3421 4632 omnium

1835 4637 2153 4700 mitissimus
2193 4655 2313 4694 esse
2354 4642 2630 4701 debuisses
2673 4661 2726 4702 et
2770 4667 2866 4721 par
2907 4660 3144 4727 angelis,
3184 4668 3422 4724 omnium

1836 4727 2237 4786 crudelissimus
2275 4732 2494 4791 effectus
2524 4752 2604 4792 es.
2634 4739 2868 4797 Gustasti
2900 4753 3210 4818 sanguinem
3244 4757 3424 4814 Domi-

1837 4821 2016 4875 nicum
2041 4862 2054 4884 ,
2083 4831 2136 4876 et
2165 4839 2338 4893 neque
2370 4827 2585 4882 fratrem
2618 4832 2688 4885 ita
2718 4839 2996 4904 agnoscis;
3027 4852 3082 4896 et
3108 4861 3207 4915 qoa
3235 4849 3424 4920 dignus

1828 4908 1990 4966 venia
2037 4911 2243 4966 fueris?
2289 4914 2618 4988 Quamquam
2668 4927 2766 4977 etsi
2820 4940 2974 4984 antea
3030 4908 3346 5006 ignorabas,
3392 4960 3420 5001 a

1835 5015 2021 5055 mensa
2054 5002 2199 5055 illum
2228 5019 2523 5074 agnoscere
2548 5015 2785 5080 oportuit
2817 5034 2828 5069 :
2864 5033 3004 5075 nunc
3042 5002 3219 5080 autem
3254 5002 3419 5098 ipsam

1837 5094 1996 5147 etiam
2026 5109 2264 5149 mensam
2294 5097 2606 5167 dedecoras,
2638 5104 2762 5158 dum
2794 5107 2939 5163 illum
2962 5114 3052 5181 qui
3074 5094 3318 5186 dignatus
3345 5133 3428 5177 cst

1838 5184 1978 5239 illius
2024 5188 2289 5257 particeps
2329 5189 2465 5256 fieri,
2510 5209 2576 5248 ne
2626 5197 2757 5252 cibis
2802 5203 3014 5269 quidem
3061 5184 3164 5263 tuis
3205 5212 3423 5283 dignum

1838 5276 2135 5331 existimas.
2169 5279 2284 5334 Non
2313 5283 2506 5338 audisti
2534 5297 2727 5356 quanta
2753 5307 2937 5360 passus
2968 5308 3050 5352 est
3077 5301 3166 5358 ille
3190 5276 3427 5374 quicen-

1839 5375 1949 5420 tum
1977 5367 2228 5425 denarios
2264 5373 2548 5444 exigebat?
2577 5383 2846 5447 quomodo
2887 5387 2989 5442 sibi
3031 5367 3285 5453 collatum
3325 5402 3426 5454 do-

1838 5471 1964 5510 num
1997 5457 2205 5514 irritum
2236 5461 2457 5518 fecerit?
2486 5483 2592 5522 non
2614 5473 2814 5541 cogitas
2834 5478 2953 5546 quis
2973 5495 3094 5536 cum
3117 5501 3285 5554 esses,
3308 5493 3427 5562 quis

1838 5547 2057 5602 effectus
2099 5549 2305 5606 fueris?
2348 5570 2454 5611 non
2501 5560 2801 5619 recordaris
2841 5575 2895 5622 te
2940 5568 3045 5626 hoc
3071 5576 3139 5644 .in
3187 5547 3425 5646 pecuniis

1837 5651 2070 5710 paupere
2097 5643 2252 5714 longe
2280 5643 2444 5702 fuisse
2471 5655 2842 5720 pauperiorem
2875 5659 2926 5714 in
2956 5643 3109 5718 bonis
3136 5643 3422 5742 operibus,

1839 5744 1964 5786 cum
1987 5733 2132 5789 mille
2154 5738 2386 5806 peccatis
2417 5741 2608 5810 plenus
2636 5747 2823 5801 esses?
2851 5749 3098 5810 Attamen
3120 5733 3187 5810 ah
3209 5757 3289 5812 his
3311 5733 3424 5816 om;

1847 5823 2000 5881 uibus
2043 5835 2092 5882 te
2128 5826 2374 5884 liberavit
2417 5832 2576 5903 Deus,
2617 5847 2776 5908 teque
2822 5841 2909 5899 tali
2952 5859 3137 5900 mensa
3181 5848 3424 5920 dignatus

3022 5937 3092 5998 15
