3962 6418
592 290 716 346 .25!

591 400 815 447 -est:tu
859 403 988 446 vero
1035 404 1102 445 ne
1153 389 1229 443 sic
1273 390 1488 458 quidem
1544 389 1824 458 benignior
1873 392 2099 446 eil'ectus
2125 409 2204 448 es.

598 482 800 555 Itaque
831 483 962 538 nihil
1011 483 1154 537 aliud
1208 491 1396 548 restat,
1427 497 1589 551 quam
1624 493 1680 536 ut
1710 484 1937 539 tradaris
1984 489 2198 540 tortori-

613 575 738 631 bus.
770 575 909 631 'lltec
936 577 1096 630 verba
1124 588 1221 628 nos
1253 587 1466 642 quoque
1498 587 1689 628 omnes
1718 576 2022 641 audiamus,
2048 587 2206 646 quot-

615 678 746 740 quot
773 685 895 725 cum
924 666 1248 739 pauperibus
1275 665 1340 719 ad
1375 679 1582 719 sacram
1618 666 1757 721 hanc
1789 682 2026 722 mensam
2057 684 2210 724 acce-

612 762 815 824 (limus.
843 759 1161 815 Hincautem
1185 758 1414 828 egressi,
1430 773 1498 812 ne
1523 757 1646 812 illos
1667 758 1882 828 quidem
1909 761 2212 829 respexisse

612 855 874 912 videmur.
904 853 998 908 sed
1029 862 1083 906 et
1107 851 1242 906 ebrii
1268 866 1456 906 sumus
1479 859 1536 906 et
1562 851 1864 906 esurientes
1891 864 2211 920 praetercur-

582 927 786 1002 '.rimus
812 963 824 1000 :
847 961 952 1016 qua
988 945 1056 1000 de
1098 960 1154 999 re
1185 954 1322 1000 tunc
1359 943 1628 999 Corinthii
1668 945 2083 1000 accnsabantur.
2143 947 2211 1002 Et

613 1039 978 1110 quandonam,
1006 1037 1234 1108 inquies,
1268 1037 1370 1092 hoc
1417 1037 1512 1092 fit?
1543 1039 1773 1108 Semper
1801 1037 2040 1108 quidem,
2072 1053 2212 1108 prato

604 1132 772 1202 mipue
812 1145 942 1186 vero
987 1129 1040 1184 in
1086 1129 1276 1184 diebus
1324 1128 1496 1194 feStis;
1526 1144 1648 1184 cum
1694 1131 1934 1187 maxime
1965 1131 2076 1186 fieri
2104 1147 2209 1187 non

613 1240 911 1302 oporteret.
939 1231 1092 1285 Tunc
1114 1230 1260 1284 enim
1293 1237 1413 1298 post
1437 1229 1873 1284 communionem
1901 1229 2083 1284 statim
2111 1216 2211 1288 ex-

611 1325 745 1395 cipit
769 1325 1005 1380 ebrietas
1035 1332 1089 1377 et
1121 1337 1414 1392 pauperum
1447 1329 1791 1391 contemptus
1818 1332 1903 1377 :et
1929 1332 2211 1393 postquam

611 1417 928 1488 sanguinem
962 1415 1235 1485 recepisti,
1265 1429 1388 1469 cum
1431 1413 1624 1485 jejunii
1666 1415 1757 1469 tibi
1811 1423 2020 1485 tempus
2047 1402 2132 1472 est
2159 1424 2216 1473 et

617 1510 954 1575 sobrietatis,
985 1506 1343 1562 debaccharis
1385 1516 1440 1562 et
1489 1506 1831 1562 comessaris.
1883 1507 1948 1560 Et
1994 1507 2040 1562 si
2086 1506 2212 1578 quid

618 1601 743 1658 boni
774 1600 1080 1672 perceperis
1108 1600 1161 1654 in
1187 1598 1436 1669 prandio,
1468 1613 1628 1653 caves
1666 1612 1732 1653 ne
1761 1597 1872 1654 alio
1899 1613 2063 1668 pravo
2093 1598 2214 1654 cibo

620 1694 850 1759 priorem
892 1691 1179 1746 labefactes
1209 1708 1221 1744 :
1255 1705 1378 1746 cum
1423 1699 1603 1744 autem
1653 1689 1993 1758 spiritualem
2034 1691 2212 1746 cibum

618 1787 911 1854 acceperis,
937 1787 1203 1840 satanicas
1224 1785 1433 1840 inducis
1456 1785 1699 1840 delicias.
1725 1784 1908 1855 Cogita
1933 1787 2057 1857 quid
2078 1801 2210 1856 apo-

618 1877 741 1932 stoli
773 1877 1016 1942 fecerint,
1050 1893 1171 1931 cum
1208 1875 1326 1930 illas
1372 1891 1555 1931 sacras
1589 1877 1961 1945 percepissent
1989 1892 2209 1932 coenas:

619 1987 800 2026 nonne
838 1972 903 2026 ad
947 1970 1246 2026 orationem
1293 1967 1750 2025 convertebautur
1793 1981 1848 2026 et
1878 1969 1943 2024 ad
1987 1970 2214 2044 hymnos

617 2069 1010 2125 celebrandos?
1043 2082 1220 2122 none
1255 2067 1324 2121 ad
1373 2081 1523 2122 sacra
1568 2066 1889 2137 pervigilia?
1937 2082 2116 2123 nonne
2145 2067 2212 2121 ad

617 2162 917 2216 doctrinam
952 2163 1184 2230 longam.
1221 2177 1338 2230 qua:
1369 2176 1559 2229 magna
1611 2161 1764 2230 plena
1811 2172 1926 2216 erat
1976 2161 2214 2231 philoso-

617 2256 780 2326 phia?
816 2271 1004 2325 magna
1037 2256 1236 2325 quippe
1263 2264 1319 2308 ct
1349 2253 1614 2307 mirabilia
1647 2261 1773 2308 tunc
1810 2254 1888 2308 illi
1925 2255 2216 2311 enarrabat

613 2357 670 2401 et
701 2347 1072 2416 praecipiebat,
1101 2345 1424 2400 abscedente
1467 2343 1630 2410 Iuda,
1657 2344 1722 2398 ad
1771 2345 2046 2401 vocandos
2093 2347 2214 2404 Illos

613 2441 704 2508 qui
734 2441 907 2508 ipsum
940 2439 992 2493 in
1024 2453 1237 2493 crucem
1285 2438 1456 2492 acturi
1488 2445 1665 2492 erant.
1707 2437 1823 2492 Non
1855 2439 2049 2493 audisti
2079 2455 2214 2511 quo-

599 2513 776 2586 .modo
797 2530 886 2585 illa
911 2531 1011 2585 tria
1037 2529 1207 2584 millia
1236 2527 1536 2594 hominum,
1562 2529 1652 2598 qui
1677 2529 2073 2586 communionis
2095 2545 2214 2602 par-

615 2622 803 2693 ticipes
849 2630 1026 2688 erant,
1060 2636 1276 2690 semper
1323 2621 1744 2690 perseverabant
1790 2622 1840 2676 in
1885 2624 2130 2680 oratione
2158 2633 2213 2680 et

614 2715 668 2768 in
697 2714 963 2782 doctrina,
984 2729 1089 2768 non
1115 2713 1169 2768 in
1192 2713 1565 2772 ebrietatibus.
1593 2729 1699 2768 non
1730 2713 1781 2768 in
1804 2717 2215 2773 comessatioui-

614 2807 750 2862 bus?
778 2808 856 2862 Tu
883 2823 1010 2862 vero
1029 2817 1314 2878 antequam
1343 2807 1606 2878 percipias
1629 2808 1872 2877 quidem,
1898 2809 2132 2877 ieiunas,
2160 2819 2216 2866 nt

614 2899 1119 2970 quomodocumque
1149 2901 1343 2970 dignus
1393 2901 1778 2956 communione
1828 2900 2088 2967 videaris,
2122 2901 2210 2956 ubi

617 2999 799 3044 autem
824 2991 1131 3058 percepisti.
1156 3006 1276 3044 cum
1305 3000 1579 3060 oporteret
1602 3000 1652 3046 te
1676 2991 2084 3061 temperantiam
2115 3007 2206 3046 ai:-

615 3094 766 3150 gere,
791 3080 968 3135 omnia
999 3080 1200 3150 perdis.
1235 3083 1392 3150 Atqui
1423 3096 1526 3135 non
1558 3096 1653 3147 par
1681 3097 1770 3137 res
1791 3091 1874 3136 est
1895 3091 2051 3138 antea
2073 3085 2199 3153 jeju-

617 3185 770 3236 nare,
803 3180 859 3225 et
885 3182 1068 3241 postea
1097 3189 1110 3226 :
1137 3172 1189 3226 in
1217 3181 1444 3242 utroque
1472 3173 1614 3227 enim
1642 3183 1884 3241 tempore
1908 3184 2213 3245 temperan-

616 3272 727 3316 tem
756 3278 879 3319 esse
904 3271 1139 3332 oportet,
1172 3264 1405 3320 maxime
1453 3280 1581 3319 vero
1629 3277 1908 3334 postquam
1954 3283 2211 3336 sponsum

613 3355 872 3424 excepisti
902 3363 1088 3408 :antea
1133 3354 1346 3421 quidem
1367 3397 1380 3417 ,
1411 3364 1470 3408 ut
1493 3356 1686 3425 dignus
1717 3356 1793 3410 sis
1821 3359 1906 3425 qui
1938 3356 2207 3425 accipias;

609 3445 797 3504 postea
832 3449 980 3501 vero,
1009 3449 1079 3488 ne
1106 3436 1355 3505 indignus
1382 3434 1616 3488 videaris
1655 3434 1724 3490 iis
1761 3448 1884 3504 quae
1921 3437 2197 3506 accepisti.

608 3527 746 3595 Quid
777 3541 927 3598 ergo,
957 3523 1379 3597 jejunandutnne
1416 3535 1498 3580 est
1538 3533 1822 3596 postquam
1867 3525 2201 3594 acceperim?

609 3618 726 3672 Non
757 3617 861 3672 hoc
888 3618 1046 3684 dico,
1077 3630 1253 3687 neque
1294 3624 1345 3671 te
1385 3629 1539 3685 cogo.
1588 3615 1793 3671 Bonum
1835 3614 2050 3684 quidem
2099 3614 2201 3670 hoc

609 3725 821 3781 quoque
842 3719 1016 3774 esset;
1050 3724 1233 3764 verum
1259 3723 1363 3763 non
1388 3709 1492 3762 vim
1517 3707 1708 3770 infero,
1739 3705 1834 3763 sed
1857 3705 2113 3763 adhortor
2134 3723 2202 3764 ne

612 3813 662 3856 te
681 3799 887 3856 deliciis
911 3799 1131 3871 impleas
1151 3808 1299 3854 extra
1325 3813 1650 3853 mensuram.
1673 3798 1727 3852 Si
1749 3797 1889 3854 enim
1913 3815 2201 3869 numquam

608 3899 854 3962 Oporteat
875 3889 1111 3946 deliciari
1130 3906 1144 3956 ;
1169 3888 1274 3945 hoc
1293 3889 1436 3944 enim
1459 3889 1747 3944 declaravit
1777 3888 1975 3946 Paulus
1993 3890 2198 3960 dicens,

766 3990 936 4037 autem
956 3981 1007 4034 in
1029 3980 1222 4035 deliciis
1249 3990 1346 4046 est,
1386 3981 1552 4034 vivens
1596 3991 1795 4035 mortua
1833 3991 1903 4036 est
1944 3981 2019 4050 (1.
2065 3981 2196 4036 Tim.

609 4077 662 4130 5.
695 4071 784 4143 6);
814 4073 983 4129 multo
1010 4072 1179 4142 magis
1207 4083 1332 4126 tunc
1363 4073 1640 4127 morietur.
1675 4071 1734 4128 Si
1779 4083 1958 4129 autem
1993 4073 2200 4131 delicia:

611 4180 756 4221 mors
778 4173 904 4220 sunt
933 4163 1168 4227 mulieri,
1196 4163 1366 4218 multo
1395 4164 1566 4234 magis
1594 4163 1745 4230 viro;
1774 4174 1829 4220 et
1857 4165 1900 4220 si
1927 4165 2032 4220 alio
2063 4176 2198 4222 tem-

608 4270 740 4327 pore
777 4254 986 4310 delicia:
1029 4253 1276 4324 perdunt,
1307 4255 1478 4309 multo
1519 4255 1688 4326 magis
1731 4263 1850 4324 post
1892 4265 2196 4326 perceptam

608 4345 990 4416 mysteriorum
1044 4343 1499 4399 communionem.
1553 4343 1634 4398 'lu
1675 4352 1857 4400 autem
1901 4360 2038 4414 pane
2075 4347 2198 4401 vita:

607 4444 851 4506 accepto,
883 4450 998 4490 rem
1023 4443 1196 4489 morte
1220 4434 1433 4504 dignam
1468 4433 1618 4499 facis,
1649 4443 1705 4490 et
1745 4450 1850 4490 non
1891 4434 2198 4492 horrescis?

609 4530 790 4584 nescis
815 4543 972 4599 quam
1001 4526 1166 4581 multa
1193 4525 1331 4580 mala
1356 4540 1422 4581 ex
1444 4525 1653 4581 deliciis
1674 4524 2030 4581 inducantur?
2061 4527 2200 4583 risus

612 4618 1021 4688 intempestivus
1045 4657 1059 4681 ,
1103 4617 1372 4671 incondita
1401 4616 1586 4684 verba,
1619 4617 1914 4672 scurrilitas
1943 4620 2199 4690 perniciei

612 4712 794 4781 plena,
830 4724 985 4781 nuga:
1024 4707 1241 4764 inutiles
1284 4718 1339 4764 et
1381 4708 1483 4764 alia
1521 4724 1639 4780 quae
1668 4726 1738 4767 ne
1769 4710 1850 4768 fas
1877 4713 2090 4784 quidem
2120 4725 2204 4771 est

613 4801 817 4856 dicere.
861 4801 928 4855 Et
959 4797 1076 4854 haec
1112 4796 1245 4853 facis
1287 4807 1568 4870 postquam
1608 4800 1674 4856 ad
1715 4800 1914 4858 Christi
1956 4818 2198 4860 mensam

613 4903 876 4962 exceptus
917 4889 1094 4956 fuisti,
1137 4889 1232 4945 illo
1258 4889 1346 4946 die
1385 4907 1491 4960 quo
1526 4891 1776 4962 dignatus
1822 4893 1968 4950 fuisti
2010 4911 2202 4954 carnes

613 4983 729 5053 ejus
760 4983 934 5054 lingua
964 4991 1198 5054 tangere.
1228 4979 1480 5052 Quisquis
1504 4997 1633 5054 ergo
1661 4983 1756 5052 sis,
1789 5000 1857 5042 ne
1883 4984 2000 5042 haec
2029 4986 2156 5042 liant
2180 5025 2197 5055 ,

1302 281 1359 334 S.
1405 283 1687 334 .IUANMS
1724 278 2207 337 CIIRYSOSTOMI
2249 280 2560 343 AttCIIlEP.
2600 287 3130 348 CONS'IANTINOP.

3725 328 3802 387 23?.

2311 422 2542 480 expurga
2573 409 2848 466 dexteram
2877 422 3042 480 tuam,
3069 413 3320 486 linguam,
3349 417 3496 484 labia.
3525 439 3628 495 quze
3650 428 3804 500 ingres-

2311 500 2391 553 sni
2417 501 2614 556 Christi
2647 504 2906 559 vestibula
2934 506 3111 572 fuere;
3145 516 3197 562 et
3223 513 3451 580 apposita
3486 531 3648 573 mensa
3669 526 3803 580 sensi-

2313 588 2422 654 bih,
2455 591 2519 645 ad
2561 593 2704 647 illam
2746 609 2986 650 mensam
3025 607 3260 654 tuentem
3288 601 3523 673 intende,
3557 608 3616 662 ad
3653 627 3811 672 cenam

2313 681 2664 752 Dominicam,
2688 687 2753 740 ad
2777 688 2982 758 vigilias
3005 689 3386 762 discipulorum
3413 695 3492 750 illa
3513 712 3646 756 sacra
3668 717 3811 773 nocte;

2309 777 2419 828 imo
2446 789 2576 830 vero
2595 815 2611 840 ,
2649 777 2693 830 si
2723 779 2844 848 quis
2872 790 3122 837 accurate
3160 785 3556 856 examinaverit,
3591 801 3814 860 praesentit

2308 880 2414 920 nox
2433 876 2580 922 sunt.
2605 867 2898 938 Vigilemus
2915 886 3044 942 ergo
3061 889 3184 929 cum
3209 875 3445 946 Domino,
3467 895 3815 956 contpuugamut

2306 969 2428 1011 cum
2473 957 2772 1030 discipulis.
2815 961 3042 1019 Prccum
3081 975 3292 1038 tempus
3317 978 3428 1035 est,
3457 987 3555 1028 non
3581 975 3814 1046 ebrietatis,

2307 1063 2520 1120 semper
2543 1051 2778 1121 quidem,
2808 1056 3044 1111 maxime
3071 1066 3250 1114 autem
3283 1059 3333 1115 itt
3355 1060 3439 1117 die
3467 1061 3610 1120 festo.
3640 1066 3740 1123 Dies
3759 1070 3813 1125 fe-

2306 1148 2421 1194 stus
2445 1141 2587 1196 enim
2619 1143 2739 1199 ideo
2763 1144 3035 1203 institutus
3060 1157 3162 1217 est,
3187 1165 3293 1207 non
3316 1161 3372 1208 ut
3401 1155 3610 1225 turpiter
3632 1173 3813 1228 agamus.

2309 1248 2416 1287 non
2450 1244 2508 1289 ut
2539 1245 2757 1304 peccata
2795 1241 3225 1308 accumulemus,
3267 1244 3362 1301 sed
3400 1255 3456 1301 ut
3496 1262 3604 1317 qua:
3641 1250 3816 1308 admissa

2308 1323 2458 1381 fuere
2474 1325 2542 1382 de
2562 1327 2740 1384 medio
2761 1329 3026 1387 tollamus.
3061 1332 3128 1388 Et
3149 1335 3259 1390 scio
3274 1334 3482 1406 quidem
3501 1353 3582 1394 me
3597 1339 3642 1394 in
3660 1354 3818 1398 cassum

2313 1415 2430 1472 haec
2453 1415 2635 1475 dicere
2659 1460 2675 1487 ,
2719 1419 2814 1476 sed
2845 1437 2951 1476 nou
2982 1422 3142 1478 finem
3172 1424 3386 1482 dicendi
3424 1427 3618 1483 faciam.
3659 1430 3818 1488 Etiamsi

2307 1507 2451 1563 enim
2497 1523 2686 1565 omnes
2729 1526 2836 1567 non
2880 1513 3180 1584 audieritis,
3222 1517 3317 1574 sed
3359 1533 3462 1576 non
3510 1535 3679 1578 omnes
3709 1539 3821 1595 repu-

2305 1601 2564 1671 gnabitis;
2595 1604 2704 1660 imo
2725 1621 2854 1662 vero
2879 1608 2926 1662 si
2957 1623 3145 1666 omnes
3171 1615 3500 1685 repugnetis,
3524 1615 3822 1689 mihiquidem

2305 1693 2479 1763 major
2507 1710 2737 1767 merces,
2761 1698 2914 1755 vobis
2939 1711 3117 1758 autem
3146 1706 3364 1774 gravius
3386 1706 3650 1777 judicium.
3673 1709 3736 1767 Ne
3757 1713 3822 1781 igi-

2308 1795 2395 1841 tur
2423 1789 2637 1856 gravius
2666 1791 2909 1859 eveniat,
2943 1793 3064 1850 ideo
3089 1796 3249 1851 linem
3277 1798 3488 1855 dicendi
3517 1815 3618 1856 non
3641 1801 3820 1858 faciam:

2306 1879 2550 1937 fortassis
2574 1885 2718 1938 enim
2745 1926 2759 1949 ,
2799 1884 3045 1943 fortassis
3066 1903 3131 1944 ex
3165 1889 3430 1962 frequenti
3459 1895 3720 1951 monitione
3741 1911 3824 1952 sco-

2308 1988 2432 2042 pum
2454 1978 2735 2049 attingam.
2761 1978 2888 2036 Ideo
2909 1981 3160 2052 obsecro,
3186 1991 3247 2039 ut
3276 2001 3346 2042 ne
3372 1987 3422 2041 in
3444 1987 3682 2058 judicium
3699 1998 3741 2044 et
3757 1989 3825 2043 da-

2307 2083 2489 2122 mnum
2519 2068 2620 2125 hoc
2643 2070 2918 2140 faciamus,
2944 2074 3241 2130 nutriamus
3268 2075 3562 2145 Christum,
3580 2089 3735 2149 potum
3757 2080 3826 2148 ipsi

2305 2159 2515 2224 demus,
2540 2159 2823 2218 induamus
2846 2161 2995 2218 illum
3031 2183 3044 2219 :
3074 2165 3193 2222 haec
3222 2167 3313 2222 illa
3345 2184 3526 2226 mensa
3553 2171 3694 2241 digna
3720 2182 3824 2226 sunt.

2305 2249 2514 2304 Audisti
2552 2265 2736 2308 sacros
2776 2252 3047 2325 hymnos?
3074 2258 3256 2314 vidisti
3309 2261 3519 2330 nuptias
3555 2262 3827 2332 spirituales?

2305 2351 2566 2412 exceptus
2587 2343 2730 2398 fuisti
2753 2344 2819 2400 ad
2843 2359 3085 2402 mensam
3107 2349 3347 2418 regiam?
3371 2351 3665 2421 repletuses
3684 2353 3823 2423 Spiritu

2304 2434 2523 2488 saneto?
2555 2434 2752 2490 choros
2792 2436 2950 2508 egisti
2995 2453 3118 2492 cum
3163 2437 3512 2511 Seraphinis?
3550 2443 3705 2497 socius
3723 2441 3819 2496 luisti

2307 2541 2663 2596 snpernarum
2695 2531 3052 2598 potestatum?
3077 2531 3154 2588 Ne
3177 2542 3377 2589 tantam
3400 2536 3630 2591 iustitiam
3648 2535 3824 2606 abjicite.

2306 2633 2374 2674 ne
2400 2618 2645 2675 enndas
2671 2620 2987 2677 thesaurum
3008 2664 3024 2690 ,
3056 2639 3124 2678 ne
3154 2625 3380 2682 inducas
3406 2628 3700 2683 ebrietatem
3731 2641 3825 2681 tate-

2307 2712 2444 2766 rnris
2485 2721 2746 2780 matrem,
2777 2713 2976 2770 diaboli
3013 2716 3264 2786 gaudium
3289 2761 3306 2783 ,
3340 2720 3490 2776 mille
3515 2721 3646 2776 mala
3671 2721 3830 2791 parien-

2307 2809 2438 2856 tem.
2468 2801 2604 2856 llinc
2628 2802 2770 2858 enim
2799 2814 2877 2860 est
2909 2820 3132 2862 somnus
3157 2809 3318 2864 morti
3346 2810 3555 2877 similis,
3583 2810 3695 2866 hinc
3717 2823 3831 2879 sepo-

2305 2905 2416 2958 res,
2454 2893 2649 2960 morbi,
2681 2893 2913 2962 oblivio,
2943 2897 3134 2952 mortis
3163 2899 3363 2970 imago.
3403 2901 3544 2959 Sane
3573 2905 3685 2958 vino
3707 2903 3836 2972 ingur-

2305 2983 2503 3053 gitatus
2544 2985 2784 3042 nolueris
2822 3002 2944 3042 cum
2993 2991 3168 3045 amico
3205 2995 3502 3064 congredi;
3547 3003 3599 3051 et
3630 2993 3834 3051 Christum

2309 3073 2452 3130 intus
2479 3075 2702 3143 habens,
2728 3093 2911 3149 quaeso
2936 3089 3010 3145 te,
3034 3090 3236 3138 tantam
3257 3085 3464 3142 audeas
3489 3087 3694 3158 injicere
3713 3095 3836 3141 temu-

2309 3163 2563 3221 lentiam?
2593 3169 2661 3223 At
2686 3167 2905 3224 delicias
2933 3171 3122 3226 amas?
3152 3173 3296 3246 Ergo
3327 3175 3452 3232 ideo
3472 3178 3699 3234 ebrietati
3723 3176 3833 3230 nem

2309 3257 2545 3329 impone.
2591 3259 2723 3315 Nam
2765 3276 2868 3332 ego
2911 3271 2963 3319 te
3006 3264 3058 3319 in
3095 3267 3238 3320 veris
3280 3268 3494 3326 deliciis
3530 3271 3712 3326 versari
3737 3269 3834 3329 vuln.

2307 3363 2428 3420 qua:
2455 3367 2744 3422 numquam
2776 3366 3129 3411 marcescant.
3162 3357 3424 3425 Quzenam
3453 3377 3580 3432 ergo
3608 3371 3716 3416 sunt
3739 3373 3832 3413 vera

2307 3443 2533 3508 delicim,
2574 3462 2692 3516 quae
2734 3449 2950 3518 semper
2985 3448 3253 3510 oreant?
3291 3453 3381 3508 Ad
3421 3455 3690 3526 prandium
3725 3452 3830 3509 invii:

2307 3533 2603 3604 Christum,
2635 3547 2720 3592 tua
2747 3537 2820 3593 illi
2854 3540 3086 3610 imperti,
3117 3542 3200 3597 vel
3230 3546 3415 3615 potius
3442 3563 3538 3602 sua
3567 3565 3580 3602 :
3607 3548 3697 3603 hoc
3719 3547 3833 3600 inter-

2309 3629 2616 3684 minabilem
2641 3628 2801 3686 habet
2829 3640 2884 3687 et
2905 3647 3120 3704 semper
3139 3634 3430 3694 florentem
3451 3640 3768 3712 voluptatem.
3791 3638 3834 3691 At

2309 3733 2414 3773 non
2442 3717 2558 3774 haec
2581 3721 2797 3776 sensilia
2825 3740 2838 3775 :
2861 3724 3042 3778 statim
3065 3725 3209 3781 enim
3229 3742 3357 3783 cum
3388 3745 3678 3802 apparuere
3699 3742 3837 3784 evane-

2307 3818 2500 3890 scunt;
2529 3820 2584 3866 et
2605 3812 2694 3882 qui
2716 3811 2925 3869 deliciis
2945 3829 3164 3886 operam
3186 3817 3362 3888 dedit,
3397 3837 3506 3878 non
3533 3823 3736 3880 meliore
3757 3834 3838 3873 con

2308 3900 2513 3958 ditione
2537 3903 2659 3970 erit,
2691 3919 2848 3974 quam
2875 3905 2965 3976 qui
2997 3922 3102 3964 non
3128 3908 3418 3970 deliciatus
3445 3924 3555 3981 est;
3589 3916 3686 3970 imo
3708 3912 3838 3984 peiore

2308 3994 2431 4050 erit.
2461 3993 2594 4049 Nam
2628 3995 2722 4051 ille
2749 3996 2963 4068 quidem
2994 4001 3148 4070 quasi
3177 4002 3230 4056 in
3262 4014 3428 4074 portu
3454 4008 3635 4075 sedet;
3660 4007 3732 4062 hic
3751 4017 3838 4058 vero

2307 4098 2407 4138 ceu
2450 4093 2747 4140 torrentem
2791 4089 3075 4158 quemdam
3117 4101 3172 4146 et
3213 4097 3536 4154 morborum
3570 4097 3837 4155 obsidionem

2239 4219 2248 4224 .
2307 4177 2537 4245 excepit,
2567 4185 2621 4231 et
2647 4192 2714 4232 ne
2736 4177 2874 4233 hanc
2894 4179 3108 4250 quidem
3132 4181 3274 4240 ferre
3293 4198 3484 4259 potest
3510 4197 3836 4261 tempestatem.

2307 4265 2384 4320 Ne
2415 4266 2530 4322 haec
2557 4267 2737 4338 itaque
2761 4271 3111 4343 contingant,
3145 4275 3581 4338 moderationem
3611 4289 3836 4337 sectemur.

2307 4356 2383 4412 Ita
2429 4359 2570 4414 enim
2612 4370 2667 4415 et
2710 4375 2936 4433 corpore
2975 4364 3114 4420 bene
3142 4368 3467 4442 valebimus,
3493 4383 3550 4430 et
3584 4367 3839 4430 auimamiu

2310 4459 2422 4507 tuto
2449 4453 2854 4524 collocabimus,
2883 4466 2938 4512 et
2963 4471 2992 4512 a
3020 4460 3382 4528 praesentibus
3421 4466 3710 4538 futurisque
3731 4459 3840 4519 malis

2309 4549 2688 4606 liberabimur:
2719 4565 2753 4607 a
2776 4551 2971 4622 quibus
2996 4553 3199 4610 utinam
3242 4571 3442 4615 omnes
3483 4562 3642 4629 eruti,
3675 4569 3837 4629 regnum

2310 4655 2726 4712 consequamur,
2769 4643 2939 4713 gratia
2984 4653 3040 4699 et
3088 4645 3427 4718 benignitate
3477 4652 3682 4708 Domini
3721 4643 3836 4704 nostn'

2308 4734 2434 4790 Jesu
2461 4734 2682 4802 Christi,
2706 4735 2923 4805 quicum
2947 4737 3088 4793 Patri
3115 4748 3170 4795 et
3198 4756 3302 4796 una
3334 4742 3563 4814 Spiritui
3588 4752 3746 4802 sancto

2309 4827 2407 4891 ria,
2437 4825 2742 4897 imperium,
2776 4827 2970 4895 honor,
3001 4843 3145 4886 nunc
3172 4840 3227 4886 et
3255 4846 3478 4905 semper
3500 4877 3516 4904 ,
3547 4846 3600 4892 et
3629 4835 3678 4890 in
3702 4825 3836 4888 saeui-1

2308 4919 2649 4975 saeculorum.
2674 4919 2866 4974 Amen.

625 5118 3845 5144 me

1933 5197 2280 5260 HOMILIA
2323 5198 2620 5262 XXVIII.

617 5346 706 5399 23.
740 5342 924 5397 Probet
946 5351 1112 5396 autent
1136 5348 1355 5409 seipsttm
1383 5340 1553 5406 homo,
1576 5350 1622 5394 et
1649 5341 1719 5394 sic
1740 5341 1803 5395 de
1825 5358 1954 5412 pane
1975 5343 2066 5397 illo
2088 5342 2202 5396 edat

1167 5443 1214 5488 et
1240 5434 1302 5487 de
1320 5432 1474 5486 culice
1501 5434 1651 5486 bibat.

695 5529 743 5584 1.
774 5526 910 5597 Quid
948 5527 1049 5582 sibi
1078 5525 1264 5580 volunt
1291 5523 1407 5578 haec
1439 5523 1619 5587 verba,
1648 5539 1768 5591 cum
1809 5524 1952 5579 aliud
1991 5527 2061 5580 sit
2100 5527 2204 5583 huc

619 5617 947 5690 propositum
974 5612 1384 5686 argumentum?
1412 5611 1509 5667 Hic
1540 5627 1656 5668 mos
1686 5622 1769 5667 est
1797 5614 1980 5679 Paulo,
2015 5624 2072 5669 ut
2093 5615 2201 5684 jam

624 5708 771 5778 prius
800 5706 929 5776 dixi,
955 5725 1060 5763 non
1086 5705 1258 5763 solum
1289 5705 1376 5760 illa
1407 5712 1632 5761 tractare
1653 5719 1772 5774 qure
1801 5705 1898 5761 sibi
1933 5708 2200 5778 proposita

2313 5352 2457 5407 sunt,
2483 5343 2576 5398 scd
2608 5343 2651 5397 si
2675 5343 2800 5413 quid
2822 5345 2964 5399 aliud
2989 5345 3101 5401 haec
3125 5350 3372 5404 tractanti
3399 5349 3666 5413 inciderit,
3693 5345 3736 5402 id
3757 5356 3854 5414 quo;

2310 5452 2416 5506 que
2449 5451 2642 5506 magno
2671 5436 2850 5490 studio
2880 5441 3121 5509 persequi
3155 5461 3169 5509 ;
3199 5442 3437 5499 maxime
3471 5459 3592 5498 cum
3633 5440 3697 5495 de
3731 5435 3854 5491 rebus

2310 5527 2598 5582 admodum
2637 5531 2954 5583 necessariis
2996 5539 3052 5584 et
3095 5530 3408 5602 urgentibus
3439 5533 3632 5603 agitur.
3679 5525 3854 5586 Etenim

2310 5634 2431 5672 cum
2459 5617 2525 5672 de
2553 5618 2616 5674 iis
2639 5618 2727 5688 qui
2761 5621 2970 5689 nuptias
2998 5629 3315 5677 contraxere
3345 5633 3600 5694 ageretur
3621 5664 3634 5686 ,
3675 5630 3726 5676 et
3749 5615 3856 5671 inci.

2313 5708 2389 5764 dit
2432 5708 2483 5763 in
2525 5723 2830 5764 sermonem
2873 5709 2942 5767 de
2985 5713 3177 5777 servis,
3206 5711 3414 5769 fortiter
3452 5725 3506 5770 et
3542 5711 3714 5770 multis
3749 5706 3861 5763 hanc
