3962 6422
175 349 261 407 231
1178 344 1246 401 IN
1282 341 1504 401 EPIST.
1546 343 1564 398 1
1601 344 1694 399 AD

1831 344 1890 401 ll.
1927 344 2165 403 ΙΙΟΜΙΙ..
2203 346 2443 403 XXVIII.

168 462 294 535 μεσά
320 461 429 515 τῶν
460 460 708 531 πενήτων
749 457 1169 531 προσερχόμεθα
1204 461 1271 531 τῇ
1307 460 1431 533 ἱερᾷ
1480 459 1727 532 τραπέζῃ

166 552 349 625 ταύτῃ·
385 551 697 618 ἐξελθόντες
730 549 787 604 δὲ
823 550 946 616 ἔξω,
979 550 1102 604 ούδέ
1130 551 1438 622 ἑωρακέναι
1462 550 1729 621 δοκοῦμεν

157 646 365 711 αὐτοὺς,
395 643 536 699 ἀλλά
572 643 668 697 καὶ
698 641 971 714 μεθύομεν
1004 642 1100 696 καὶ
1124 641 1430 707 πεινῶντας
1457 641 1729 714 παρατρέ-

154 752 330 808 χομεν’
360 735 400 791 ἃ
429 735 526 789 καὶ
566 718 840 805 Κορίνθιοι
866 732 990 786 τότε
1032 731 1424 798 ἐνεκαλοῦντος
1459 733 1572 786 Καὶ
1595 731 1727 785 πότε

150 822 299 877 τοῦτο
328 824 579 892 γίνεται;
616 823 800 895 φησίν.
841 822 956 877 Ἀεὶ
1010 823 1132 894 μὲν,
1170 822 1409 893 μάλιστα
1428 822 1485 876 δὲ
1520 823 1579 874 ἐν
1606 824 1728 885 ταῖς

154 916 377 985 ἐορταῖς,
404 915 498 968 ὅτε
531 915 767 986 μάλιστα
795 913 1045 983 γίνεσθαι
1085 913 1188 967 οὐκ
1227 913 1419 985 ἐχρῆν.
1469 914 1579 967 Καὶ
1617 911 1728 983 γὰρ

154 1010 253 1062 τότε
304 1009 453 1080 μετά
497 1009 597 1080 τὴν
642 1008 934 1063 κοινωνίαν
969 1007 1175 1072 εὐθέως
1227 1007 1367 1078 μέθη
1395 1006 1725 1078 διαδέχεται,

150 1101 231 1155 καὶ
256 1102 512 1172 πενήτων
536 1099 806 1172 ὑπεροψία
830 1115 844 1129 ·
875 1099 971 1152 καὶ
999 1097 1094 1153 τοῦ
1116 1098 1348 1169 αἵματος
1379 1096 1722 1170 μεταλαϐὼν,

148 1194 228 1246 ὅτε
255 1194 518 1263 νηστείας
565 1210 647 1246 σοι
695 1192 887 1264 καιρὸς
916 1191 1013 1245 καὶ
1037 1191 1275 1264 νήψεως,
1323 1194 1605 1263 παροινεῖς
1631 1192 1727 1244 καὶ

150 1282 447 1354 κωμάζεις.
484 1284 605 1339 Κάν
657 1284 757 1355 μέν
784 1300 839 1337 τι
886 1281 1125 1356 χρηστὸν
1174 1282 1344 1355 τύχῃς
1385 1282 1724 1355 ήριστηκὼς,

146 1375 433 1445 φυλάττεις
461 1376 679 1442 σαυτὸν,
705 1375 848 1430 ὥστε
885 1374 961 1447 μὴ
997 1375 1172 1447 ἐτέρῳ
1209 1375 1470 1446 ἐδέσματι
1500 1376 1726 1448 πονηρῷ

144 1468 486 1541 λυμήνασθαι
535 1468 598 1523 :0
630 1468 918 1541 πρότερον·
956 1468 1175 1539 πνεῦμα
1200 1468 1257 1522 δὲ
1304 1467 1596 1534 ἑστιαθεὶς,
1626 1485 1722 1521 σα-

141 1563 367 1635 τανικὴν
391 1561 713 1632 ἐπεισάγεις
756 1561 990 1634 τρυφήν.
1024 1560 1335 1631 Ἐννόησον,
1366 1561 1457 1615 ὅτε
1491 1561 1722 1632 μετέλα-

142 1654 231 1710 ϐον
281 1657 333 1709 οἱ
385 1653 675 1709 ἀπόστολοι
717 1655 829 1708 τῶν
879 1655 1042 1727 ίερῶν
1095 1654 1333 1707 δείπνων
1387 1653 1636 1718 ἐκείνων,
1671 1652 1724 1706 τί

144 1747 434 1820 ἐποίησαν·
468 1746 705 1819 ούχὶέίς
736 1745 905 1819 εὐχὰς
939 1746 1259 1817 ἐτράπησαν
1286 1744 1381 1799 καὶ
1414 1743 1721 1816 ύμνῳδίαςς

143 1841 257 1911 οὐχὶ
288 1842 372 1904 εἰς
396 1838 726 1911 παννυχίδας
759 1839 945 1910 ίεράς;
981 1836 1101 1908 οὐχὶ
1127 1839 1208 1901 είς
1240 1834 1595 1891 διδασκαλίαν
1621 1835 1723 1905 τὴν

146 1931 361 2002 μακρὰν
412 1931 631 2002 ἐκείνην
662 1931 759 1984 καὶ
806 1930 1006 2002 πολλῆς
1051 1932 1330 2002 γέμουσαν
1365 1930 1719 2001 φιλοσοφίας;

140 2026 207 2078 τά
231 2025 345 2096 γάρ
379 2023 596 2094 μεγάλα
640 2024 735 2077 καὶ
776 2023 1062 2095 παράδοξα
1097 2023 1220 2077 τότε
1270 2024 1454 2087 αὐτοῖς
1480 2023 1723 2093 διηγεῖτο

138 2118 233 2173 καὶ
290 2116 700 2191 παρήγγελλεν,
757 2116 1093 2180 ἀπελθόντος
1147 2115 1243 2170 τοῦ
1283 2115 1460 2171 Ἰούδα
1493 2115 1721 2169 καλέσαι

132 2211 256 2277 τοὺς
313 2210 612 2281 μέλλοντας
642 2207 806 2262 αὑτὸν
854 2207 1148 2280 σταυροῦν.
1179 2208 1294 2262 Οὐκ
1329 2209 1571 2280 ἡκούσας
1603 2208 1723 2272 πῶς

130 2303 224 2358 καὶ
250 2303 307 2358 οἱ
338 2303 630 2375 τρισχίλιοι
659 2305 709 2357 οί
741 2304 842 2375 τῆς
870 2303 1158 2367 κοινωνίας
1188 2302 1559 2367 ἀπολαύοντες
1606 2302 1723 2357 δια·

129 2396 337 2461 παντὸς
367 2393 511 2467 ἦσαν
539 2394 1082 2468 προσκαρτεροῦντες
1113 2397 1182 2466 τῇ
1218 2397 1497 2466 προσευχῇ
1531 2395 1629 2448 καὶ
1654 2397 1720 2467 τῇ

124 2488 475 2560 διδασκαλίᾳ,
499 2489 560 2542 οὐ
591 2487 783 2560 μέθαις
817 2489 910 2541 καὶ
941 2486 1181 2558 κώμοις;
1220 2487 1292 2540 Σὺ
1316 2486 1375 2540 δὲ
1402 2486 1588 2559 πρὶνῆ
1622 2486 1721 2558 μὲν

124 2582 466 2653 μεταλαϐεῖν
489 2581 795 2654 νηστεύεις,
830 2582 919 2637 ἵνα
951 2581 1310 2653 ὁπωσδήποτε
1342 2580 1494 2647 ἄξιος
1546 2583 1723 2652 φανῇς

118 2674 225 2745 τῆς
244 2672 570 2739 κοινωνίας⁸
607 2674 735 2728 ὅταν
762 2674 818 2727 δὲ
852 2672 1189 2745 μεταλάϐῃς,
1222 2672 1341 2727 δέον
1369 2689 1429 2726 σε
1456 2674 1723 2726 ἐπιτεῖναι

117 2766 219 2838 τὴν
256 2766 647 2838 σωφροσύνην,
702 2765 881 2820 πάντα
923 2763 1232 2829 ἀπολλύεις.
1280 2765 1475 2818 Καίτοι
1518 2780 1581 2832 γε
1621 2763 1723 2818 ούκ

115 2859 273 2913 ἐστιν
308 2858 430 2913 ἴσον
462 2858 568 2932 πρὸ
610 2858 803 2913 τούτου
850 2859 1068 2930 νήφειν,
1099 2857 1194 2913 καὶ
1228 2856 1369 2929 μετά
1399 2856 1574 2911 ταῦτα
1595 2873 1609 2887 ⁸
1643 2857 1726 2911 δεῖ

119 2952 225 3022 μὲν
253 2952 377 3024 γάρ
408 2953 471 3008 ἐν
498 2951 745 3023 ἐκατέρῳ
779 2952 1117 3022 σωφρονεῖν,’
1138 2949 1376 3020 μάλιστα
1403 2948 1461 3002 δέ
1492 2947 1631 3018 μετά
1663 2946 1724 3000 τὸ

115 3040 393 3109 δέξασθαι
437 3043 526 3098 τὸν
559 3043 823 3113 νυμφίον’
883 3041 992 3114 πρὸ
1035 3039 1227 3094 τούτου
1272 3039 1396 3110 μὲν,
1445 3039 1532 3093 ἵνα
1574 3038 1724 3103 ἄξιος

114 3135 255 3212 γένῃ
320 3134 423 3190 τοῦ
462 3135 668 3203 λαϐεῖν,
723 3133 864 3206 μετά
906 3134 962 3188 δὲ
997 3133 1193 3198 ταῦτα,
1246 3133 1335 3187 ἵνα
1380 3132 1456 3205 μὴ
1503 3130 1725 3196 ἀνάξιος

118 3232 306 3301 φανῇς
336 3222 413 3283 ὧν
439 3227 651 3292 ἔλαϐες.
682 3227 748 3280 Τί
790 3223 906 3291 οὖν,
939 3225 1222 3298 νηστεύειν
1248 3225 1330 3279 δεῖ
1373 3223 1512 3296 μετά
1536 3224 1599 3278 :0
1630 3224 1727 3277 λαι-

117 3323 277 3389 ϐεῖνς
309 3323 392 3376 Οὐ
424 3321 571 3390 λέγω
605 3318 795 3383 τοῦτο,
814 3318 936 3372 οὐδὲ
960 3316 1386 3386 καταναγκάζω.
1418 3316 1598 3370 Καλὸν
1625 3315 1726 3387 μὲν

119 3416 236 3488 γὰρ
262 3416 370 3471 καὶ
394 3413 557 3469 τοῦτο
577 3428 593 3458 9
647 3412 785 3486 πλὴν
811 3411 873 3466 ού
909 3410 1169 3483 βιάζομαι
1198 3410 1380 3474 τοῦτο,
1415 3409 1553 3464 ἀλλά
1585 3427 1728 3482 παρ-

125 3509 262 3563 αινῶ
295 3507 381 3582 μὴ
402 3507 615 3580 τρυφᾷν
645 3507 724 3570 είς
753 3504 1081 3575 ἀπληστίαν.
1105 3505 1168 3557 El
1195 3502 1305 3576 γὰρ
1334 3503 1590 3558 οὐδέποτε
1622 3501 1728 3574 χρὴ

128 3602 374 3674 τρυφᾷν,
404 3600 501 3654 καὶ
531 3598 688 3653 τοῦτο
715 3598 744 3651 ό
776 3596 990 3660 Παῦλος
1022 3594 1294 3667 ἐδήλωσεν
1325 3594 1521 3657 εἰπὼν,
1546 3593 1629 3646 ὅτι
1669 3591 1730 3648 Ἠ

127 3691 198 3746 δὲ
227 3690 616 3747 σπαταλῶσα
649 3690 807 3752 ζῶσα
845 3687 1120 3757 τέθνηκε,
1159 3686 1342 3757 πολλῷ
1382 3686 1582 3759 μᾶλλον
1605 3685 1727 3740 τότε

130 3785 483 3857 τεθνήξεται.
526 3785 590 3839 El
624 3783 681 3837 δέ
709 3784 936 3853 γυναικὶ
971 3783 1005 3853 ή
1050 3782 1233 3852 τρυφὴ
1263 3780 1516 3844 θάνατος,
1551 3777 1730 3849 πολλῷ

136 3879 342 3949 μᾶλλον
373 3877 563 3949 ἀνδρί’
594 3879 690 3931 καὶ
723 3875 772 3929 εί
806 3876 865 3929 ἐν
911 3874 1058 3946 ἄλλῳ
1088 3873 1269 3945 καιρῷ
1309 3872 1471 3925 τοῦτο
1503 3871 1729 3941 γινόμε-

132 3988 223 4026 νον
249 3969 550 4036 ἀπόλλυσι,
604 3967 782 4040 πολλῷ
814 3966 1015 4039 μᾶλλον
1057 3965 1197 4037 μετά
1237 3967 1336 4036 τὴν
1369 3964 1478 4019 τῶν
1515 3980 1729 4034 μυστη-

139 4066 273 4137 ρίων
302 4060 616 4119 κοινωνίαν.
648 4060 720 4113 Σὺ
750 4058 824 4112 -δὲ
863 4057 1025 4127 ἄρτον
1053 4056 1199 4129 ζωῆς
1248 4056 1451 4124 λαϐὼν,
1494 4059 1733 4129 πρᾶγμα

137 4157 373 4213 θανάτου
401 4155 598 4218 ποιεῖς,
636 4152 732 4206 καὶ
758 4151 820 4205 οὐ
847 4150 1091 4223 φορίττεις
1114 4165 1128 4211 ;
1176 4148 1276 4202 οὐκ
1303 4145 1461 4202 οἶσθα
1495 4150 1596 4202 ὃσα
1623 4149 1733 4203 ἀπὺ

135 4251 354 4324 τρυφῆς
400 4246 782 4318 ἐπεισέρχεται
815 4241 1198 4310 κακά;γέλως
1221 4243 1472 4314 ἄκαιρος,
1509 4243 1731 4314 ῥήματα
1774 4239 1785 4247 ’

132 4346 372 4411 ἄτακτα,
406 4337 740 4413 εὐτραπελία
772 4337 995 4407 ὀλέθρου
1039 4335 1309 4407 γέμουσα,
1359 4335 1598 4407 φλυαρία
1632 4336 1727 4389 ἀν-

129 4438 354 4510 όνητος,
383 4433 455 4487 τὰ
494 4430 630 4487 ἀλλα
678 4429 714 4486 ἀ
767 4428 902 4502 μηδέ
955 4429 1131 4482 εἰπεῖν
1171 4427 1354 4482 καλόν.
1401 4428 1512 4481 Καὶ
1548 4427 1726 4507 ταῦτα

129 4531 309 4593 ποιεῖς
341 4525 621 4598 τραπέζης
655 4523 969 4588 ἀπολαύσας
990 4520 1253 4593 Χριστοῦ,
1286 4520 1428 4576 κατὰ
1452 4521 1551 4594 τὴν
1580 4522 1721 4594 ήμέ-

141 4636 241 4691 ραν
258 4618 502 4688 ἐκείνην,
530 4615 653 4670 καθ’
682 4617 748 4686 ἦν
774 4614 1017 4685 ἅψασθαι
1044 4613 1134 4668 διά
1180 4612 1427 4683 γλώττης
1454 4614 1565 4667 τῶν
1593 4630 1726 4684 σαρ-

142 4708 256 4766 κῶν
288 4706 461 4764 αὐτοῦ
492 4704 869 4778 κατηξιώθης.
906 4707 1023 4771 Πᾶς
1051 4700 1167 4769 οὖν,
1198 4705 1285 4759 ἵνα
1321 4704 1497 4760 ταῦτα
1541 4705 1616 4777 μὴ
1639 4706 1726 4774 γί-

138 4820 322 4876 vlt-00:,
355 4799 657 4869 καθάγνιζέ
699 4816 794 4853 σου
828 4799 928 4872 τὴν
959 4799 1163 4865 δεξιὰν,
1194 4796 1293 4869 τὴν
1335 4797 1603 4867 γλῶτταν,
1656 4798 1728 4852 τά

149 4895 323 4966 χείλη,
351 4895 497 4965 άπερ
524 4893 742 4964 ἐγένετο
780 4891 1028 4966 πρόθυρα
1059 4894 1128 4963 τῇ
1174 4891 1427 4946 ἐπιϐάσει
1466 4891 1560 4945 τοῦ
1596 4893 1728 4963 Χρι-

158 4983 317 5038 στοῦ·
345 4987 436 5040 καὶ
464 4984 743 5055 τράπεζαν
777 4986 1047 5053 παραθεὶς
1081 4983 1370 5057 αἰσθητήν,
1400 4983 1538 5056 1:90;
1577 4985 1726 5038 ἐκεί-

3312 352 3422 410 932

1841 477 1939 529 νην
1962 460 2062 531 τὴν
2087 459 2368 531 τράπεζαν
2393 459 2485 512 τὸν
2512 457 2636 512 νοῦν
2686 459 2987 526 ἀνάτεινον,
3025 460 3162 534 πρὸς
3213 462 3274 516 :0
3313 465 3420 519 δεῖ·

1838 567 1970 605 πνον
1995 552 2058 604 τὸ
2073 551 2373 622 κυριακὸν,
2399 551 2537 622 πρὸς
2566 551 2667 621 τὴν
2683 551 2996 622 ἀγρυπνίαν
3023 553 3133 606 τῶν
3166 553 3426 626 μαθητῶν

1834 641 1935 713 τὴν
1964 641 2107 695 κατά
2134 641 2233 712 τὴν
2259 640 2431 695 νύκτα
2460 641 2678 711 ἐκείνην
2700 640 2797 712 τὴν
2819 640 2968 715 [249]
3005 644 3186 715 ίιεράν⁸
3225 643 3425 714 μᾶλλον

1834 734 1915 799 δὲ,
1950 734 2003 787 εῐ
2038 752 2123 798 τις
2158 734 2403 806 ἀκριϐῶς
2450 734 2753 799 ἐξετάσειε,
2781 734 2875 787 καὶ
2907 735 2977 788 τά
3020 734 3265 806 παρόντα
3304 735 3422 803 νύξ.

1836 826 2210 898 Γρηγορῶμεν
2247 826 2430 881 τοίνυν
2474 825 2613 898 μετά
2641 826 2738 879 τοῦ
2772 826 3069 892 Δεσπότου,
3104 818 3421 897 κατανυγῶ-

1839 935 1939 989 μεν
1966 918 2106 989 μετὰ
2129 918 2239 973 τῶν
2267 919 2548 991 μαθητῶν.
2587 918 2782 989 Εύχῶν
2811 920 2839 973 ὁ
2872 918 3088 990 καιρὸς,
3118 920 3178 973 ού
3227 921 3422 992 μέθης,

1834 1010 1923 1064 ἀεὶ
1951 1011 2069 1082 μὲν,
2119 1011 2355 1082 μάλιστα
2381 1012 2438 1065 δὲ
2464 1013 2523 1064 ἐν
2549 1012 2732 1083 ἑορτῇ.
2759 1012 2956 1083 Ἐορτὴ
2999 1012 3111 1084 γὰρ
3134 1012 3225 1065 διά
3265 1011 3425 1066 τοῦτο

1833 1102 2068 1172 γίνεται,
2108 1106 2206 1175 ούχ
2232 1104 2319 1158 ἵνα
2346 1084 2773 1175 ἀσχημονῶμεν,
2803 1103 2903 1173 ούχ
2933 1104 3023 1157 ἵνα
3045 1104 3424 1175 ἁμαρτήματα

1836 1195 2181 1265 συνάγωμεν,
2214 1193 2329 1248 ἀλλ’
2349 1195 2438 1248 ἵνα
2467 1194 2563 1248 καὶ
2589 1193 2659 1248 τά
2689 1192 2819 1247 ὄντα
2847 1193 3148 1264 ἀνέλωμεν.
3174 1194 3283 1248 Καὶ
3303 1189 3422 1248 οῖδα

1836 1287 1936 1358 μὲν
1962 1289 2045 1340 ὅτι
2076 1286 2199 1357 εἰκῆ
2231 1285 2403 1341 ταῦτα
2446 1276 2620 1355 λέγω,
2663 1286 2779 1341 ἀλλ’
2814 1287 2874 1340 ού
2912 1287 3193 1357 παύσομαι
3221 1286 3420 1355 λέγων.

1833 1377 1954 1431 Κάν
1978 1378 2088 1449 γὰρ
2137 1378 2210 1450 μὴ
2245 1377 2445 1441 πάντες
2474 1376 2848 1447 ύπακούσητε,
2892 1375 3009 1431 ἀλλ’
3047 1376 3170 1429 οὐδὲ
3218 1376 3421 1438 πάντες

1833 1469 2270 1540 παρακούσεσθε,
2301 1469 2502 1542 μᾶλλον
2527 1470 2604 1532 δὲ,
2643 1470 2746 1523 κᾶν
2774 1470 2975 1533 πάντες
3009 1468 3419 1542 παρακούσητε,

1833 1559 1961 1629 ἐμοὶ
1988 1560 2086 1629 μὲν
2113 1558 2315 1631 μείζων
2356 1562 2385 1614 ὁ
2417 1559 2636 1630 μισθὸς,
2662 1560 2792 1628 ύμῖν
2835 1559 2892 1613 δὲ
2928 1559 3090 1613 πλέον
3119 1558 3179 1612 τὸ
3222 1563 3418 1631 κρῖμα.

1836 1650 1933 1704 Ἴν’
1959 1649 2053 1706 οὖν
2089 1651 2165 1724 μὴ
2196 1653 2424 1724 γένηται
2467 1652 2653 1716 πλέον,
2699 1652 2789 1706 διὰ
2829 1652 2988 1706 τοῦτο
3028 1654 3087 1706 ού
3138 1654 3423 1724 παύσομαι

1832 1746 2005 1815 λέγων
2026 1763 2040 1777 ’
2083 1746 2211 1811 ίσως
2237 1747 2367 1819 γὰρ,
2406 1748 2536 1811 ἴσως
2564 1749 2631 1818 τῇ
2659 1747 2912 1818 συνεχείᾳ
2939 1745 3281 1817 καθάψομαι.
3332 1747 3425 1801 Διὸ

1828 1838 2154 1909 παρακαλῶ,
2181 1840 2269 1893 ἵνα
2306 1839 2380 1910 μὴ
2412 1841 2490 1903 εἰς
2518 1843 2693 1910 κρῖμα
2721 1838 2881 1892 τοῦτο
2920 1837 3184 1909 ποιῶμεν,
3217 1838 3427 1910 θρέψω-

1829 1946 1930 2000 μεν
1959 1933 2049 1985 τὸν
2080 1930 2346 2002 Χριστὸν,
2379 1931 2714 2002 ποτίσωμεν,
2753 1928 3061 2004 ἐνδύσωμεν
3082 1945 3095 1959 ο
3126 1928 3301 1983 ταῦτα
3325 1932 3427 2002 τῆς

1825 2022 2109 2095 τραπέζης
2167 2023 2389 2096 ἐκείνης
2445 2023 2593 2089 ἄξια.
2643 2023 2924 2085 Ἤκουσας
2984 2022 3171 2093 ὓμνων
3229 2022 3426 2094 ἱερῶν;

1825 2109 1965 2181 εἶδες
1990 2117 2166 2187 γάμον
2201 2114 2603 2188 πνευματικόν;
2654 2113 2974 2178 ἀπέλαυσας
3018 2113 3305 2186 τραπέζης
3335 2114 3427 2184 βα-

1827 2210 2077 2282 σιλικῆς;
2117 2210 2461 2284 ἐνεπλήσοης
2508 2213 2827 2284 Πνεύματος
2857 2214 3052 2283 ἁγίου;
3103 2212 3426 2283 συνεχόρευ-

1827 2319 1926 2367 σας
1951 2306 2064 2368 τοῖς
2092 2305 2365 2377 Σεραφὶμ,
2412 2307 2670 2372 κοινωνὸς
2721 2308 2911 2376 ἐγένου
2950 2308 3059 2361 τῶν
3109 2307 3223 2362 ἀνω
3267 2305 3426 2360 δυνάο

1828 2410 2005 2465 μεων;
2044 2393 2130 2467 Μὴ
2184 2396 2349 2470 ῥίψῃς
2400 2397 2578 2469 χαρὰν
2615 2396 2914 2469 τοσαύτην,
2953 2396 3031 2468 μὴ
3082 2395 3282 2468 ἐκχέῃς
3331 2394 3426 2446 :0v

1825 2486 2121 2561 θησαυρὸν,
2164 2489 2241 2562 μὴ
2270 2490 2649 2562 ἐπεισαγάγῃς
2696 2490 2871 2564 μέθην
2903 2491 3004 2563 τήν
3036 2490 3138 2561 τῆς
3176 2488 3421 2560 ἀθυμίας

1829 2580 2062 2651 μητέρα,
2089 2581 2189 2652 τὴν
2219 2582 2314 2637 τοῦ
2353 2583 2602 2636 διαϐόλου
2630 2582 2828 2654 χαρὰν,
2861 2583 2962 2654 τὴν
3000 2582 3173 2653 μυρία
3205 2582 3423 2635 τίκτου-

1828 2690 1928 2727 σαν
1960 2674 2127 2728 κακά.
2178 2675 2291 2728 Καὶ
2328 2674 2438 2746 γὰρ
2466 2674 2633 2737 ὕπνος
2661 2673 2879 2746 θανάτῳ
2928 2672 3122 2737 ἐοικὼς
3165 2671 3418 2725 ἐντεῦθεν

1826 2768 1921 2821 καὶ
1950 2767 2291 2840 καρηϐαρίαι
2322 2769 2416 2822 καὶ
2461 2769 2609 2823 νόσοι
2648 2770 2743 2822 καὶ
2779 2768 2922 2842 λήθη
2967 2768 3062 2821 καὶ
3097 2766 3424 2839 νεκρότητος

1828 2858 2016 2913 εἰκών.
2059 2855 2195 2913 Εἶτα
2243 2860 2384 2933 φίλῳ
2415 2861 2514 2933 μὲν
2536 2862 2638 2916 ούκ
2683 2862 2749 2916 ἂν
2778 2862 2921 2916 ἐλοιο
2952 2862 3235 2930 συντυχεῖν
3268 2859 3425 2912 οἰνω-

1831 2952 2012 3023 μένος,
2044 2953 2137 3007 τὸν
2167 2953 2225 3007 δὲ
2255 2954 2491 3025 Χριστὸν
2522 2953 2670 3007 ἔνδον
2693 2954 2833 3025 ἔχων
2858 2953 3087 3025 τολμᾷς,
3133 2950 3257 3005 εἰπέ
3306 2967 3421 3021 μοι,

1826 3045 2097 3117 τοσαύτην
2144 3046 2476 3116 ἐπεμϐαλεῖν
2539 3047 2743 3118 μέθην;
2799 3045 2961 3099 Ἀλλά
2998 3046 3209 3117 τρυφῆς
3255 3044 3418 3115 ἐρᾷς;

1826 3139 2038 3193 Οὐκοῦν
2073 3139 2161 3194 διά
2193 3139 2352 3193 τοῦτο
2389 3139 2596 3193 παῦσαι
2631 3140 2869 3212 μεθύων.
2918 3139 3030 3193 Καὶ
3063 3137 3172 3210 γὰρ
3205 3135 3317 3205 ἐγώ
3354 3152 3417 3189 σε

1828 3231 2090 3305 βούλομαι
2122 3234 2357 3305 τρυφᾷν,
2409 3230 2547 3286 ἀλλά
2577 3231 2678 3304 τὴν
2702 3233 2894 3296 ’ὅντως
2935 3231 3169 3305 τρυφὴν,
3196 3230 3295 3302 τὴν
3325 3230 3421 3282 ού-

1827 3324 2022 3379 δέποτε
2066 3327 2501 3398 μαραινομένην.
2535 3325 2633 3390 Τίς
2683 3323 2840 3397 οῦνή
2877 3326 3048 3390 ὅντως
3098 3323 3281 3397 τρυφὴ
3327 3324 3426 3377 καὶ

1830 3414 2100 3485 διηνεκῶς
2128 3416 2401 3484 ἀνθοῦσα;
2426 3418 2672 3472 Κάλεσον
2689 3418 2774 3471 ἐπ’
2803 3417 3025 3487 ἄριστον
3052 3417 3144 3470 τὸν
3164 3414 3422 3487 Χριστὸν,

1832 3508 2067 3581 μετάδος
2098 3508 2247 3580 αὐτῷ
2275 3511 2385 3564 τῶν
2417 3510 2546 3576 σῶν,
2584 3510 2785 3582 μᾶλλον
2811 3510 2866 3563 δέ
2894 3509 3000 3562 τῶν
3032 3507 3199 3562 αὑτοῦ
3218 3525 3234 3540 ο
3264 3506 3425 3562 τοῦτο

1829 3601 1929 3670 τὴν
1971 3601 2166 3673 ἡδονὴν
2206 3602 2511 3675 ἀπέραντον
2544 3603 2657 3673 ἔχει
2705 3602 2799 3656 καὶ
2838 3600 3195 3672 ἀκμάζουσαν
3242 3601 3423 3672 διηνε-

1830 3693 1963 3757 κῶς.
2018 3693 2158 3747 Ἀλλ’
2208 3696 2272 3748 ού
2321 3695 2388 3749 τὰ
2437 3695 2676 3765 αἰσθητά
2726 3695 2970 3759 τοιαῦτα,
3021 3693 3136 3747 ἀλλ’
3192 3692 3329 3764 ὁμοῦ
3361 3710 3423 3748 τε

1832 3786 2007 3857 ἐφάνη
2042 3787 2138 3840 καὶ
2175 3788 2477 3860 ἠφανίσθη,
2500 3788 2595 3841 καὶ
2623 3791 2651 3843 ό
2683 3788 2968 3860 τρυφήσας
3006 3788 3160 3841 οὐδὲν
3200 3788 3423 3858 ἄμεινον

1831 3878 2165 3933 διακείσεται
2196 3880 2293 3934 τοῦ
2345 3881 2420 3952 μὴ
2451 3884 2853 3954 τρυφήσαντος,
2896 3882 3097 3954 μᾶλλον
3123 3882 3181 3936 δέ
3213 3884 3417 3953 χεῖρον.

1843 3969 1903 4021 '0
1934 3968 2033 4040 μὲν
2065 3969 2176 4041 γὰρ
2205 3970 2395 4042 ὥσπερ
2427 3974 2484 4025 ἐν
2508 3972 2687 4043 λιμένι
2723 3972 2983 4043 κάθηται,
3030 3964 3186 4035 οὗτος
3217 3971 3272 4025 δὲ
3303 3988 3420 4041 χει-

1837 4066 2084 4138 μάρρουν
2121 4066 2245 4121 τινὰ
2301 4068 2397 4120 καὶ
2447 4067 2766 4139 πολιορκίαν
2802 4068 3129 4140 νοσημάτων
3180 4068 3420 4135 ἐδέξατο,

1834 4158 1930 4212 καὶ
1979 4157 2101 4212 ούδέ
2157 4159 2405 4228 ἐνεγκεῖν
2433 4160 2534 4231 τήν
2568 4158 2738 4233 ζάλην
2785 4159 2991 4232 ταύτην
3033 4160 3277 4215 δύναται.
3325 4160 3422 4216 Ἵν⁹

1833 4246 1928 4305 οὖν
1964 4250 2040 4324 μὴ
2063 4249 2239 4305 ταῦτα
2291 4254 2538 4323 γένηται,
2582 4251 2681 4324 τὴν
2738 4253 3083 4323 συμμετρίαν
3106 4251 3418 4323 διώκωμεν.

1837 4342 1994 4398 Οὕτω
2027 4343 2138 4416 γάρ
2190 4345 2284 4413 καὶ
2321 4343 2382 4397 τὸ
2425 4343 2588 4417 σῶμα
2632 4341 2692 4399 εὖ
2735 4344 3148 4417 διακεισόμεθα,
3199 4346 3293 4398 καὶ
3321 4346 3421 4415 τὴν

1832 4437 2014 4509 ψυχὴν
2062 4439 2120 4492 ἐν
2172 4437 2444 4510 ἀσφαλείᾳ
2472 4439 2913 4509 καταστήσομεν,
2952 4438 3048 4492 καὶ
3073 4437 3184 4491 τῶν
3218 4437 3422 4509 παρόν-

1828 4546 1937 4583 των
1970 4528 2063 4582 καὶ
2090 4527 2200 4581 τῶν
2228 4527 2535 4598 μελλόντων
2565 4525 3069 4599 ἀπαλλαγησόμεθα
3097 4525 3305 4579 κακῶψ
3346 4517 3422 4580 ὧν

1830 4622 2039 4691 γένοιτο
2089 4620 2300 4684 πάντας
2336 4622 2484 4692 ἡμᾶς
2530 4619 2967 4689 ἀπαλλαγέντας,
3010 4619 3110 4691 τῆς
3146 4618 3423 4690 βασιλείας

1838 4713 2137 4783 ἐπιτυχεῖν,
2213 4712 2399 4784 χάριτι
2458 4711 2554 4765 καὶ
2619 4710 3002 4782 φιλανθρωπίᾳ
3054 4708 3151 4764 τοῦ
3211 4708 3423 4780 Κυρίου

1834 4802 1996 4875 ήμῶν
2028 4802 2207 4874 Ἰησοῦ
2263 4801 2526 4874 Χριστοῦ,
2579 4801 2699 4874 μεθ’
2745 4797 2822 4857 οἶν
2846 4800 2926 4872 τῷ
2958 4788 3136 4873 Πατρὶ
3183 4802 3302 4872 ἅμα
3344 4800 3423 4872 τῷ

1837 4895 1977 4967 ἀγίῳ
2020 4895 2301 4965 Πνεύματι
2346 4894 2497 4963 δόξα,
2551 4896 2773 4966 κράτος,
2823 4894 2980 4965 τιμὴ,
3023 4893 3119 4947 νῦν
3171 4893 3268 4947 καὶ
3311 4893 3422 4959 ἀεὶ,

1836 4986 1933 5041 καὶ
1964 4989 2045 5051 είς
2077 4988 2205 5052 τοὺς
2241 4987 2445 5051 αίῶνας
2468 4986 2579 5041 τῶν
2608 4986 2842 5041 αίὼνων.
2875 4986 3070 5057 Ἀμήν.

1514 5324 1667 5399 [250]
1701 5322 1943 5380 OMIAIA
1987 5325 2121 5379 ιςιιν.

152 5508 502 5585 Λοκιμαζέτω
556 5495 627 5564 δὲ
676 5509 1028 5585 -ἇῂθρωπος-
1058 5510 1300 5585 ἑαυτὸτ,
1373 5510 1472 5565 καί
1511 5512 1720 5585 ὀὕτως

208 5579 290 5670 ἐπί
304 5582 414 5639 τοῦ
452 5579 636 5650 ἄρτου
664 5580 912 5636 ἐσθιέτω
933 5580 1034 5636 καὶ
1065 5581 1133 5636 ἐκ
1168 5580 1275 5637 τοῦ
1304 5580 1597 5650 ποτηρίου
1622 5596 1722 5636 πι-

210 5671 373 5710 meo.

211 5765 274 5821 α’.
290 5763 357 5817 Τί
371 5760 628 5833 βούλεται
648 5757 824 5816 ταῦτα
843 5759 911 5815 τὰ
933 5762 1172 5834 ῥήματα,
1204 5762 1395 5836 ἐτέρας
1424 5762 1731 5826 ὑποθέσεως

160 5847 236 5914 εἰς
293 5844 673 5919 προκειμένης
738 5842 938 5937 οὔσης;
986 5845 1149 5912 Ἐθος
1203 5847 1363 5903 τοῦτο
1390 5846 1469 5919 τῷ
1500 5847 1728 5926 Παύλῳ,

1827 5510 2023 5584 ὥσπερ
2051 5510 2149 5566 καὶ
2181 5509 2495 5583 ἔμπροσθεν
2523 5508 2695 5581 ἔφθην
2730 5507 2920 5577 εἰπὼν,
2945 5509 3023 5579 μὴ
3050 5508 3211 5580 μόνον
3241 5509 3425 5565 ἐκεῖνα

1830 5593 2185 5668 ἐργάζεσθαι,
2212 5595 2358 5666 ἀπερ
2383 5592 2531 5665 αύτῷ
2569 5590 2909 5666 προκείμενά
2937 5594 3110 5662 ἐστιν,
3156 5591 3295 5646 ἀλλά
3316 5594 3424 5646 κᾶν

1831 5677 2019 5751 ῑτερος
2065 5681 2402 5751 παρεμπέσῃ
2458 5677 2617 5744 λόγος
2672 5680 2739 5749 τῇ
2798 5677 3075 5742 ὑποθέσει,
3122 5676 3218 5730 καὶ
3246 5674 3424 5746 τούτῳ

1838 5762 1977 5834 μετά
2012 5763 2213 5834 πολλῆς
2274 5762 2552 5829 ἐπεξιέναι
2596 5761 2698 5831 τῆς
2749 5762 3006 5834 σπουδῆς,
3041 5763 3135 5817 καὶ
3184 5758 3423 5832 μάλιστα

1836 5847 1964 5903 ὅταν
2001 5849 2128 5921 περὶ
2164 5847 2369 5919 σφόδρα
2408 5847 2726 5915 ἀναγκαίων
2765 5848 2861 5901 καὶ
2888 5844 3328 5913 κατεπειγόντων
3360 5837 3418 5918 ᾗ.
