3962 6466
186 480 269 539 ω
1184 466 1244 520 lN
1286 464 1505 521 El‘lST.
1548 462 1588 517 1.
1633 436 1726 516 An
1765 458 1923 517 con.
1968 457 2196 515 1103111..
2230 458 2470 519 xxvm.

191 612 285 656 rem
309 589 681 665 pertractavit
708 604 725 642 :
758 593 958 641 etcum
983 582 1276 638 dissereret
1304 588 1358 635 et
1387 576 1636 651 probaret
1664 588 1769 665 non

188 664 423 759 oportere
448 683 507 737 in
530 679 754 753 judiciis
774 676 1006 747 litigare,
1031 683 1156 728 tunc
1184 670 1426 729 incidens
1450 671 1501 724 in
1529 664 1771 723 admoni-

192 781 375 835 tionem
406 775 557 831 circa
579 769 881 829 avaritiam.
915 766 1077 821 multa
1104 763 1170 819 de
1191 761 1293 818 hoc
1315 766 1631 832 argumento
1654 770 1778 827 pro-

190 870 293 925 tulit
325 886 339 920 :
373 865 428 921 id
458 862 608 935 quod
635 861 800 918 etiam
829 858 914 915 hic
944 856 1083 915 facit.
1115 854 1247 924 Quia
1274 853 1416 911 enim
1446 850 1612 909 semel
1641 864 1777 918 opus

187 962 371 1022 fuerat,
400 968 464 1012 ut
489 956 558 1012 de
583 951 855 1026 mysteriis
884 947 1246 1010 meminisset,
1278 942 1647 1000 necessarium
1674 954 1777 1009 pu-

186 1053 309 1111 tarit
333 1066 463 1108 esse
482 1049 587 1104 hoc
606 1044 855 1118 persequi
871 1049 1265 1113 argumentum;
1286 1051 1459 1106 neque
1480 1034 1623 1091 enim
1646 1031 1780 1087 levis

182 1144 444 1205 ammenti
493 1151 614 1208 est;
641 1138 869 1209 ideoque
896 1133 1184 1191 admodum
1215 1128 1531 1187 terribiliter
1570 1125 1639 1181 de
1684 1123 1779 1181 illo

182 1237 461 1301 disseruit,
483 1234 747 1290 bonorum
776 1236 937 1299 caput
966 1241 1087 1282 esse
1134 1223 1368 1295 probans
1389 1263 1405 1288 ,
1438 1219 1505 1276 ad
1550 1234 1611 1275 ea
1656 1231 1779 1273 cum

181 1346 312 1403 pura
335 1325 672 1386 conscientia
684 1321 960 1381 accedere.
978 1317 1131 1377 Unde
1153 1332 1258 1371 non
1278 1322 1562 1403 cmitentus
1585 1311 1781 1383 iisquae

179 1402 333 1496 prius
348 1419 584 1485 dixerat,
608 1416 724 1470 haec
738 1425 950 1485 quoque
970 1407 1153 1478 adjicit
1173 1406 1377 1470 dicens,
1408 1402 1592 1496 Probet
1612 1408 1783 1496 autem

180 1494 411 1585 aequum
432 1511 610 1576 homo;
630 1508 682 1564 id
699 1504 841 1578 quod
860 1504 1023 1561 etiam
1041 1503 1099 1557 in
1121 1499 1355 1557 secunda
1374 1495 1604 1571 epistola
1622 1494 1779 1549 dicit:

191 1605 293 1661 Vos
316 1606 461 1676 ipsos
474 1609 680 1664 tentate,
697 1614 783 1653 eos
804 1597 946 1669 ipsos
967 1593 1198 1666 probate;
1218 1606 1324 1647 non
1353 1590 1489 1646 sicut
1514 1604 1614 1643 nos
1641 1600 1785 1643 nunc

178 1698 438 1761 facimus,
456 1704 699 1764 tempore
719 1689 1038 1749 cnnditionis
1055 1688 1231 1761 potius
1251 1683 1401 1747 moti,
1427 1696 1586 1755 quam
1606 1678 1785 1736 studio

180 1788 373 1846 animi.
394 1787 512 1841 Non
535 1782 745 1841 enimid
767 1796 1037 1845 curamus,
1058 1789 1114 1833 ut
1137 1777 1327 1848 parati,
1348 1791 1376 1828 a
1399 1774 1553 1830 malis
1575 1771 1784 1847 purgati

181 1893 239 1943 et
257 1879 683 1955 compunctione
715 1875 856 1947 pleni
882 1873 1201 1931 accedamus
1223 1911 1237 1935 ,
1262 1868 1358 1924 sed
1403 1876 1460 1923 ut
1502 1867 1555 1922 in
1596 1864 1787 1922 diebus

184 1974 343 2032 festis
361 1982 419 2028 et
440 1986 567 2027 cum
595 1983 785 2026 omnes
813 1964 1097 2023 accedunt.

260 2064 602 2123 Conscientia:
629 2062 827 2134 paritas
852 2057 1247 2115 communicanti
1272 2054 1576 2110 necessaria.
1599 2081 1670 2091 —-
1692 2050 1789 2107 Ve-

188 2175 311 2217 rum
338 2174 448 2213 non
477 2160 548 2211 ita
569 2154 728 2226 jussit
752 2153 984 2217 Paulus;
1013 2150 1107 2206 sed
1134 2165 1296 2204 unum
1328 2148 1475 2202 novit
1500 2144 1789 2201 accedendi

192 2262 249 2308 et
286 2245 719 2309 communirandi
752 2253 1112 2315 opportunum
1157 2249 1400 2310 tempus,
1445 2237 1790 2294 conscientiae

198 2356 391 2412 nempe
424 2337 731 2412 puritatem.
777 2334 908 2391 Nam
948 2335 994 2388 si
1038 2332 1139 2387 hac
1177 2331 1365 2388 sensili
1407 2344 1589 2384 mensa
1632 2345 1790 2383 1111m-

200 2449 357 2506 quatn
388 2431 617 2488 fruimur
647 2428 781 2485 febri
812 2426 1120 2483 laborantes
1148 2434 1239 2479 aut
1261 2421 1577 2478 humoribus
1609 2420 1788 2491 pleni,

204 2538 261 2585 ut
290 2543 357 2582 ne
387 2538 701 2598 pereamus;
732 2521 904 2576 multo
924 2519 1102 2574 minus
1130 2516 1269 2573 hanc
1297 2525 1517 2586 tangere
1547 2512 1701 2569 nobis
1732 2513 1793 2566 li.

205 2632 291 2678 cet
314 2635 435 2675 cum
465 2617 644 2689 pravis
672 2611 1126 2685 concupiscentiis
1152 2651 1165 2675 ,
1195 2624 1318 2682 qua:
1359 2607 1495 2664 febri
1522 2614 1647 2662 sunt
1673 2619 1795 2676 gra-

208 2714 401 2770 viores.
445 2710 579 2766 Cum
618 2712 807 2763 autem‘
836 2717 1029 2777 pravas
1071 2701 1194 2758 dico
1231 2698 1715 2771 concupiscentias,
1738 2706 1795 2751 et

207 2818 491 2875 corporum
525 2800 650 2857 dico
688 2797 1005 2869 cupiditates
1030 2804 1086 2853 et
1122 2794 1469 2868 pecuniarum
1511 2800 1568 2846 et
1611 2790 1705 2845 irae
1743 2798 1797 2845 et

207 2896 518 2967 injuriurum
548 2891 954 2957 recordationis,
985 2898 1042 2946 et
1066 2902 1281 2955 omnes,
1307 2895 1366 2944 ut
1390 2900 1498 2942 uno
1520 2884 1685 2941 verbo
1715 2882 1798 2938 di-

204 3005 355 3059 cam,
390 2986 512 3060 qua:
552 3001 729 3058 prava:
757 2983 1111 3054 absurdazmte
1153 2989 1296 3037 sunt.
1348 2979 1572 3048 Oportet
1613 2985 1796 3033 autem

203 3081 550 3139 accedentem
572 3118 588 3145 ,
619 3077 704 3133 bis
726 3076 976 3132 omnibus
999 3073 1277 3131 exhaustis
1302 3086 1367 3127 ac
1392 3070 1671 3140 depositis.
1698 3084 1798 3139 p11-

198 3189 322 3233 rlun
346 3171 480 3227 illud
506 3170 769 3242 attingere
793 3168 1146 3231 sacrilicium;
1177 3179 1353 3235 neque
1377 3163 1611 3233 segniter
1628 3170 1682 3217 et
1700 3161 1798 3217 mi-

198 3280 325 3322 sere
372 3263 622 3320 alIcctum
669 3269 889 3334 propter
928 3259 1122 3317 festum
1159 3256 1279 3328 cogi
1304 3256 1372 3313 ad
1399 3255 1796 3318 accedendum;

198 3371 387 3427 neque
423 3367 615 3410 rursus
639 3360 1022 3422 compunctum
1046 3360 1096 3405 et
1124 3357 1368 3421 paratum
1397 3347 1704 3419 prohiberi,
1736 3361 1802 3403 eo

201 3448 356 3522 quod
388 3463 495 3503 non
525 3446 595 3503 sit
624 3445 740 3503 dies
762 3445 954 3502 festus.
1003 3443 1128 3500 Dies
1154 3442 1299 3511 enim
1328 3442 1497 3497 festus
1522 3449 1603 3496 est
1630 3441 1802 3499 bono-

199 3558 327 3601 rum
352 3555 577 3612 operum
600 3537 834 3594 exhibita
855 3536 1034 3607 copia,
1066 3535 1231 3590 animi
1259 3535 1430 3605 pietas
1449 3575 1465 3599 ,
1490 3543 1797 3588 accuratum

199 3637 330 3691 vite
381 3632 683 3689 institutum
717 3648 730 3685 :
760 3630 805 3684 si
857 3629 972 3686 hcce
1018 3627 1217 3685 habeas
1242 3668 1256 3693 ,
1303 3634 1563 3697 perpetuo
1607 3625 1802 3682 festum

201 3743 372 3799 agere
410 3724 632 3796 poteris.
666 3731 721 3778 et
745 3736 963 3793 semper
997 3719 1275 3777 accedere.
1311 3718 1438 3775 ideo
1465 3718 1541 3775 ait
1571 3734 1585 3771 :
1613 3716 1804 3772 Probet

202 3832 383 3879 autem
404 3820 624 3889 seipsum
652 3816 1012 3886 unusquisque,
1035 3822 1090 3869 et
1114 3823 1245 3869 tunc
1271 3811 1514 3869 accedat.
1536 3809 1649 3866 Nec
1670 3826 1805 3880 pra:-

200 3917 339 3987 cipit
364 3922 427 3969 ut
446 3913 586 3968 alter
606 3911 837 3967 alterum
860 3907 1074 3979 probet,
1099 3905 1195 3963 sed
1220 3914 1277 3961 ut
1295 3905 1520 3975 quisque
1544 3905 1803 3973 seipsum,

200 4007 473 4082 judicium
505 4013 745 4061 statuens
770 3999 911 4073 quod
940 4016 1047 4055 non
1076 4001 1145 4057 sit
1168 3998 1445 4070 publicum
1467 4038 1480 4063 ,
1514 4005 1566 4053 et
1608 3996 1806 4067 proha-

206 4100 417 4156 tionem
446 4095 566 4152 sine
597 4094 844 4150 testibus.
879 4092 970 4147 29.
1011 4090 1110 4158 Qui
1142 4091 1278 4146 enim
1314 4090 1586 4144 manducat
1614 4098 1662 4143 et
1690 4089 1807 4142 bibit

207 4191 444 4262 indigne,
465 4187 724 4259 judicium
754 4184 962 4240 Domini
989 4184 1082 4239 sibi
1104 4183 1376 4238 manducet
1405 4192 1451 4237 et
1476 4181 1617 4236 bibit.
1646 4181 1804 4249 Quid,

209 4298 422 4357 qnzeso,
449 4279 625 4338 dicis?
658 4288 734 4334 tot
761 4279 1026 4334 bonorum
1051 4291 1211 4333 causa
1235 4318 1250 4343 ,
1283 4277 1557 4348 vitamque
1585 4276 1806 4347 profun-

210 4380 358 4434 dens
398 4388 608 4439 mensa,
639 4373 753 4443 ipsa
773 4371 1035 4443 judicium
1072 4370 1342 4427 efﬁcitur?
1380 4369 1495 4426 Non
1523 4387 1590 4426 ex
1622 4379 1809 4424 natura

210 4484 339 4534 sua,
377 4465 567 4536 inquit,
598 4464 694 4521 sed
734 4478 798 4519 ex
840 4464 958 4535 ejus
999 4463 1087 4534 qui
1126 4462 1331 4523 accedit
1370 4462 1615 4519 arbitrio.
1661 4463 1812 4518 Sicut

212 4558 374 4615 enim
401 4556 676 4625 praesentia
714 4554 863 4625 ejus.
900 4570 1019 4624 qua:
1064 4569 1257 4625 magna
1301 4553 1392 4608 illa
1430 4563 1485 4610 et
1524 4553 1811 4609 ineffabilia

218 4647 390 4704 nobis
417 4647 616 4703 confert
643 4647 805 4714 bona,
831 4660 926 4702 eos
954 4645 1043 4716 qui
1073 4659 1177 4700 non
1205 4644 1472 4714 accipiunt
1496 4644 1664 4716 magis
1684 4659 1814 4700 con-

220 4740 449 4794 demnat
476 4755 491 4793 :
514 4738 592 4792 sic
619 4744 674 4792 et
700 4735 954 4808 mysteria
978 4734 1048 4790 ad
1076 4735 1249 4803 majus
1273 4734 1594 4805 supplicium
1623 4734 1813 4788 viatica

215 4841 353 4888 sunt
382 4830 447 4887 iis
476 4829 564 4901 qui
596 4829 811 4900 indigne
835 4827 1175 4898 participant.
1204 4825 1315 4881 Cur
1343 4835 1520 4881 autem
1551 4826 1814 4898 judicium

220 4922 330 4978 sibi
361 4919 682 4976 manducat?
712 4919 836 4975 Non
854 4919 1141 4992 dijudicans
1159 4935 1344 4990 corpus
1370 4917 1599 4974 Domini.
1630 4920 1684 4975 Id
1710 4927 1813 4985 est,

225 5028 335 5069 non
364 5013 703 5079 examinans,
736 5027 842 5066 non
871 5011 1136 5083 cogitans,
1164 5018 1222 5066 ut
1240 5018 1539 5082 oporteret,
1565 5011 1813 5082 proposi-

222 5118 406 5162 torum
451 5105 869 5178 magnitudinem
915 5113 970 5160 et
1015 5104 1141 5160 doni
1183 5103 1583 5160 excellentiam.
1612 5102 1745 5158 Nam
1773 5104 1819 5158 si

220 5205 480 5254 accurate
506 5196 781 5262 didiceris,
810 5196 930 5267 quis
968 5196 1040 5250 sit
1086 5194 1175 5250 ille
1220 5193 1311 5267 qui
1355 5204 1582 5266 prostat,
1616 5206 1671 5251 et
1700 5194 1820 5266 quis

221 5304 353 5346 cum
400 5288 493 5355 sit,
544 5289 629 5343 cui
669 5287 762 5343 dat
801 5288 1057 5358 seipsum,
1098 5286 1246 5341 nullo
1274 5286 1382 5341 alio
1417 5301 1553 5357 opus
1594 5285 1822 5343 habebis

224 5393 521 5447 sermone;
549 5379 643 5434 sed
683 5379 785 5434 hoc
814 5377 907 5433 tibi
936 5378 1067 5432 satis
1094 5376 1199 5433 erit
1225 5376 1294 5433 ad
1322 5377 1646 5449 vigilantiam
1665 5418 1680 5444 ,
1712 5376 1822 5432 nisi

225 5470 389 5527 valde
413 5469 593 5540 lapsus
622 5469 810 5526 fueris.
843 5467 932 5525 30.
959 5466 1090 5524 Ideo
1117 5468 1247 5523 inter
1270 5484 1358 5523 vos
1383 5468 1532 5523 multi
1554 5468 1748 5538 inﬁrmi
1775 5477 1823 5522 ct

226 5561 523 5629 imbecilles,
546 5570 593 5618 et
614 5560 875 5616 dormiunt
900 5560 1069 5616 multi.
1098 5559 1195 5616 Hic
1215 5558 1325 5631 jam
1353 5575 1459 5616 non
1487 5559 1556 5615 ab
1578 5560 1698 5616 aliis
1718 5559 1824 5616 fert

228 5652 478 5725 exempla
503 5695 518 5721 ,
550 5662 608 5709 ut
635 5652 766 5708 fecit
793 5651 936 5707 circa
963 5666 1050 5717 ea,
1077 5666 1197 5724 qua:
1227 5650 1497 5706 immolata
1527 5660 1682 5707 erant
1704 5650 1822 5709 ido-

228 5745 319 5813 lis,
350 5755 554 5805 veteres
592 5758 828 5802 narrans
853 5744 1127 5809 historias,
1158 5754 1213 5800 et
1242 5744 1424 5816 plagas
1454 5744 1506 5798 in
1535 5744 1825 5801 solitudine

235 5851 490 5912 acceptas,
518 5838 616 5896 sed
645 5838 716 5893 ab
747 5836 877 5907 ipsis
898 5835 1209 5902 Corinthiis,
1238 5835 1289 5892 id
1314 5835 1462 5906 quod
1487 5837 1647 5891 etiam
1671 5836 1823 5892 vehe-

242 5934 547 5991 mentiorem
590 5927 855 5987 reddebat
882 5941 1205 5984 sermonem.
1249 5928 1381 5996 Quia
1409 5928 1552 5984 enim
1585 5928 1825 5986 dicebat:

3365 459 3475 516 23.3

1878 569 2144 627 Judxcium
2172 573 2268 629 sibi
2294 575 2603 641 manducet;
2653 583 2724 641 et,
2746 574 2883 632 Reus
2912 586 2985 633 est
3001 594 3019 642 ;
3061 593 3130 633 ne
3153 577 3313 635 verba
3347 594 3472 651 pro-

1883 663 2021 719 ferre
2043 663 2305 733 videatur,
2338 665 2473 721 facta
2504 664 2710 735 adjicit,
2735 676 2791 722 et
2812 675 2978 722 testes
3002 668 3120 725 illos
3150 669 3397 733 advocat,
3425 671 3474 727 id

1883 754 2027 826 quod
2081 757 2249 826 magis
2298 772 2457 827 quam
2506 758 2850 812 comminatio
2903 761 3252 830 perstringit,
3304 763 3478 815 minas

1889 846 2166 916 proferens
2210 848 2261 902 in
2295 862 2429 914 npus
2452 859 2730 904 exeuntes.
2772 849 2955 921 Neque
2988 849 3073 907 his
3104 862 3309 906 tantum
3342 868 3477 907 cnn-

1884 946 2086 1007 tentus,
2114 940 2237 996 hinc
2268 957 2574 998 sermonem
2604 943 2672 999 de
2702 944 2944 1015 gehenna
2977 945 3177 1001 inducit
3206 947 3479 1019 ﬁdemque

1889 1032 2049 1097 facit;
2083 1033 2349 1104 utrimque
2374 1046 2602 1113 terrens.
2633 1045 2687 1091 et
2715 1037 3065 1106 quaestionem
3090 1040 3324 1107 solvens,
3358 1058 3481 1114 qua:

1889 1122 2083 1196 ubique
2128 1123 2600 1182 circumferebatur
2669 1126 2801 1196 Quia
2846 1132 2989 1186 enim
3038 1133 3192 1189 multi
3236 1135 3379 1192 inter
3420 1153 3481 1192 se

1887 1226 2157 1285 qurcruut,
2189 1219 2452 1273 undenam
2487 1220 2785 1277 immatura:
2812 1232 3041 1292 mortes,
3070 1227 3210 1283 unde
3240 1229 3480 1287 diuturni

1890 1306 2083 1373 morbi,
2103 1308 2233 1362 dicit
2259 1309 2353 1364 illo
2376 1310 2539 1366 multa
2571 1313 2932 1382 inesspectata
2955 1329 3295 1386 peccatorum
3318 1337 3479 1380 causa

1889 1399 2151 1455 accidere.

1961 1492 2016 1547 ‘2.
2050 1494 2186 1563 Quid
2218 1509 2367 1567 ergo,
2396 1496 2629 1569 inquies,
2663 1499 2734 1552 illi
2768 1501 2857 1570 qui
2905 1514 3167 1575 perpetuo
3202 1506 3339 1564 bene
3388 1528 3477 1564 va-

1893 1585 2023 1652 lent,
2053 1596 2107 1641 et
2131 1585 2198 1641 ad
2234 1596 2479 1660 vegetam
2526 1592 2848 1667 perveniant
2897 1607 3233 1655 senectutem
3260 1643 3274 1664 ,
3298 1619 3476 1658 annon

1893 1679 1992 1749 ipsi
2042 1679 2309 1749 peccant?
2340 1679 2535 1751 Ecquis
2578 1682 2680 1738 hoc
2724 1682 2965 1741 dixerit?
2991 1690 3270 1755 Quomodo
3315 1710 3482 1764 ergo,

1893 1770 2123 1840 inquies,
2153 1786 2257 1825 non
2290 1770 2419 1826 dant
2450 1775 2676 1845 ptnnas?
2708 1776 2842 1843 Quia
2876 1779 2987 1833 illic
3006 1783 3285 1851 graviores
3307 1785 3486 1842 daturi

1893 1871 2038 1916 sunt.
2072 1862 2181 1917 Nos
2211 1873 2391 1919 autem
2420 1865 2463 1918 si
2497 1866 2760 1932 velimus,
2810 1886 2985 1939 neque
3021 1872 3110 1929 hic
3157 1891 3332 1947 neque
3378 1878 3486 1935 illic

1801 2002 1811 2014 ,
1893 1953 2068 2008 daturi
2116 1969 2325 2010 sumus.
2369 1956 2460 2011 5|.
2501 1956 2563 2013 Si
2603 1961 2738 2013 enim
2786 1978 2878 2018 nos
2919 1963 3059 2032 ipsos
3096 1967 3485 2038 judicarcmus,

1894 2045 2101 2116 inquit,
2152 2062 2256 2100 non
2302 2048 2478 2118 utique
2512 2049 2889 2122 judicaremur.
2926 2054 3036 2111 Nec
3080 2057 3250 2126 dixit,
3283 2060 3339 2117 Si
3388 2077 3487 2119 nos

1895 2134 2042 2208 ipsos
2083 2138 2481 2210 corriperemus
2519 2150 2574 2197 et
2613 2146 3032 2216 castigarcmus;
3055 2150 3150 2206 scd
3202 2159 3407 2209 tantum
3444 2157 3490 2210 si

1896 2242 2116 2305 peccata
2164 2249 2461 2305 agnoscere
2502 2238 2763 2297 vellemus
2789 2282 2803 2307 ,
2832 2245 3006 2300 sinos
3047 2244 3195 2317 ipsos
3235 2248 3493 2308 damnare

1896 2331 1950 2377 et
1979 2323 2285 2394 improbare
2312 2329 2450 2383 mala
2480 2345 2666 2400 opera,
2691 2332 3050 2393 liberaremur
3090 2349 3145 2393 et
3173 2354 3201 2392 a
3237 2344 3492 2410 praesenti

1898 2421 1954 2469 et
2001 2430 2032 2469 a
2079 2414 2261 2471 futuro
2305 2420 2593 2489 supplicio.
2628 2422 2758 2478 Nam
2811 2426 2902 2495 qui
2944 2428 3181 2499 seipsum
3232 2432 3487 2495 damnat.

1897 2504 2183 2577 dupliciter
2228 2510 2395 2566 Deum
2453 2513 2662 2587 placat,
2696 2523 2751 2571 ct
2803 2518 2945 2588 quod
2981 2530 3195 2589 peccata
3241 2534 3495 2593 agnoscat

1900 2605 1957 2652 et
1995 2599 2138 2667 quod
2188 2601 2240 2655 in
2286 2601 2467 2659 futuro
2506 2606 2577 2659 sit
2624 2607 2691 2661 ad
2742 2610 3075 2678 peccandum
3110 2614 3331 2670 tardior.
3357 2616 3491 2683 Quia

1901 2703 2031 2744 vero
2074 2706 2141 2746 ne
2185 2693 2289 2748 hoc
2334 2694 2549 2764 quidem
2601 2698 2670 2753 ita
2720 2698 2839 2757 leve
2892 2702 3067 2758 facere
3107 2704 3386 2772 volumus,
3436 2721 3494 2765 ut

1902 2783 2076 2840 facere
2114 2795 2426 2857 Oporteret;
2458 2805 2526 2845 ne
2553 2790 2633 2846 sic
2666 2792 2882 2863 quidem
2916 2810 3014 2851 nos
3059 2797 3171 2852 vult
3196 2814 3319 2853 cum
3362 2802 3496 2858 orbe

1903 2886 2167 2933 terrarum
2189 2881 2399 2949 punire,
2428 2883 2523 2938 sed
2540 2884 2616 2938 sic
2631 2900 2847 2955 quoque
2875 2889 3065 2955 parcit,
3096 2889 3183 2945 hic
3203 2906 3388 2960 pteaas
3408 2910 3498 2948 re-

1905 2982 2131 3041 petens,
2162 2973 2252 3030 ubi
2296 2976 2627 3046 supplicium
2646 2990 2727 3034 εει
2773 2989 3181 3050 temporaneum
3222 2995 3277 3039 et
3305 3000 3499 3056 magna

1902 3065 2207 3121 consolatio
2238 3082 2253 3119 :
2288 3082 2410 3122 nam
2438 3084 2470 3124 a
2509 3071 2743 3140 peccatis
2793 3072 3042 3129 liberatio
3093 3084 3177 3131 est
3207 3118 3222 3143 ,
3261 3085 3318 3132 ct
3359 3078 3500 3134 bona

1906 3155 2211 3212 futurorum
2265 3174 2393 3229 spes
2436 3177 2556 3232 quae
2604 3166 2889 3232 praesentia
2938 3165 3124 3223 leniat.
3159 3167 3287 3224 llaec
3337 3184 3500 3241 porro

1904 3249 2075 3318 dicit,
2108 3251 2267 3306 simul
2301 3253 2544 3310 inﬁrmos
2583 3257 2905 3327 consolans,
2936 3269 2991 3315 et
3037 3260 3173 3316 alios
3195 3262 3499 3334 diligentio-

1908 3358 1995 3398 res
2023 3343 2274 3400 reddens.
2307 3344 2432 3403 Ideo
2458 3349 2530 3403 ait
2561 3368 2574 3404 :
2605 3351 2694 3405 32!.
2724 3350 2877 3406 Nunc
2917 3364 3086 3409 autem
3131 3372 3247 3410 cum
3284 3359 3501 3428 judica-

1909 3453 2023 3492 mur
2047 3479 2061 3503 ,
2112 3454 2143 3491 a
2176 3438 2395 3495 Domino
2441 3443 2758 3513 corripiatur.
2785 3445 2901 3502 Non
2933 3447 3068 3504 dixit
3091 3491 3106 3516 ,
3130 3449 3501 3522 Castigamur,

1913 3545 2018 3584 non
2049 3529 2203 3601 dixit,
2234 3532 2510 3604 Supplicio
2533 3536 2961 3611 afﬁcimur,sed,
2987 3540 3307 3613 Corripimur
3334 3562 3353 3601 :
3379 3564 3501 3604 nam

1909 3624 2051 3694 quod
2082 3626 2140 3679 ﬁt
2166 3628 2335 3697 magis
2374 3638 2456 3684 est
2485 3630 2869 3688 admonitionis
2918 3633 3078 3707 qu‘am
3100 3637 3461 3696 danmationis
3484 3683 3502 3710 ,

1911 3715 2191 3773 medicinae
2221 3733 2380 3788 quam
2412 3722 2684 3793 supplicii,
2709 3728 3061 3784 correctionis
3089 3745 3249 3800 quam
3276 3734 3507 3804 castiga-

1912 3807 2096 3861 tionis.
2123 3808 2238 3863 Non
2274 3810 2376 3866 hoc
2402 3822 2580 3869 autem
2611 3821 3015 3886 tantummodo,
3063 3822 3155 3875 sed
3183 3832 3238 3879 ct
3281 3828 3507 3880 commi-

1914 3901 2131 3956 natione
2163 3902 2384 3969 majoris
2413 3919 2588 3974 ptena:
2614 3908 2730 3963 leve
2759 3909 2934 3965 reddit
2961 3913 3085 3968 illud
3110 3957 3124 3978 ,
3158 3916 3344 3972 dicens
3372 3936 3384 3969 :
3436 3917 3505 3975 Ut

1913 4006 2014 4044 non
2059 4007 2175 4046 cum
2219 3994 2412 4049 mundo
2459 3997 2776 4052 damnentur.
2818 4001 3006 4056 Vitlen’
3025 4007 3298 4075 quomodo
3327 4018 3504 4081 ειεοέ

1915 4083 2149 4139 bennam
2191 4085 2499 4156 induxerit,
2547 4099 2603 4145 et
2631 4089 2892 4147 horribile
2941 4094 3071 4149 illud
3127 4098 3398 4167 tribunal,
3451 4111 3507 4155 et

1916 4177 2227 4231 necessario
2255 4176 2488 4234 futuram
2523 4182 2823 4238 ostenderit
2870 4185 3012 4239 illam
3064 4192 3507 4260 perquisitionctn

1916 4275 1970 4320 et
2002 4267 2334 4335 punitionetn
2357 4270 2381 4323 ?
2403 4269 2534 4324 Nam
2565 4273 2608 4327 si
2645 4272 2833 4330 ﬁdeles
2871 4286 2924 4331 ct
2945 4278 3031 4347 qui
3060 4278 3169 4333 Deo
3195 4295 3337 4336 curm
3359 4298 3505 4351 sunt,

1919 4374 2023 4412 non
2056 4358 2276 4430 impune
2303 4361 2506 4434 fugient
2536 4374 2879 4433 peccatorum
2906 4383 3093 4437 pcnnas
3120 4412 3133 4434 ,
3185 4381 3241 4426 ut
3269 4389 3335 4428 ex
3366 4392 3509 4444 prae.

1919 4450 2163 4507 sentibus
2210 4452 2383 4522 palam
2415 4465 2538 4521 est,
2591 4457 2760 4511 multo
2810 4462 2985 4516 minus
3035 4464 3275 4520 inﬁdeles
3320 4479 3373 4521 et
3419 4470 3514 4540 qui

1919 4544 2099 4613 gravia
2132 4544 2558 4618 insanabiliaque
2603 4549 2807 4606 scelera
2857 4551 3163 4609 admittunt.
3192 4557 3512 4631 53.1mqur,

1921 4655 2038 4692 cum
2079 4640 2355 4695 convenitis
2384 4641 2453 4695 ad
2493 4644 2907 4699 manducandum
2927 4687 2941 4711 ,
2966 4647 3179 4703 inuicem
3206 4663 3512 4723 exspectate.

1922 4731 2055 4786 Nam
2089 4732 2215 4789 dum
2249 4736 2391 4805 viget
2431 4737 2589 4790 timor
2616 4746 2671 4793 et
2713 4741 2977 4808 gehennm
3021 4751 3225 4800 tremor
3263 4761 3518 4816 persevc-

1924 4835 2044 4893 rat,
2079 4826 2191 4881 vult
2222 4827 2415 4883 iterum
2464 4844 2561 4900 pro
2601 4832 2922 4901 pauperibus
2965 4834 3385 4895 admonitionem
3429 4840 3518 4895 in-

1925 4917 2158 4985 ducere,
2204 4918 2357 4990 cujus
2404 4935 2563 4976 causa
2606 4921 2726 4977 haec
2769 4925 2949 4981 omnia
2992 4925 3170 4997 dixit,
3226 4931 3519 4989 ostendens

1927 5011 2072 5079 illos,
2104 5012 2148 5067 si
2172 5013 2229 5069 id
2261 5030 2367 5069 non
2394 5024 2635 5081 servent,
2670 5016 2917 5089 indignos
2942 5035 3067 5077 esse
3096 5022 3186 5093 qui
3218 5028 3519 5083 communi-

1927 5113 2072 5161 cent.
2098 5103 2251 5172 Quod
2299 5106 2344 5161 si
2375 5105 2443 5161 de
2491 5106 2836 5164 facultatibus
2887 5127 2994 5165 non
3025 5112 3280 5184 elargiri,
3310 5116 3380 5171 ab
3430 5117 3519 5174 illa

1928 5212 2115 5253 mensa
2139 5208 2324 5262 arcet;
2356 5199 2528 5255 multo
2555 5201 2728 5272 magis
2758 5217 2953 5272 rapere
2972 5217 3178 5263 arceat.
3208 5208 3317 5267 Nec
3341 5208 3509 5281 dixit,

1929 5287 2115 5359 itaque
2135 5290 2520 5347 convenientes
2536 5289 2661 5347 date
2676 5293 2864 5363 egenis
2889 5311 2906 5361 ;
2945 5296 3041 5351 sed
3068 5298 3217 5368 quod
3242 5299 3526 5358 honestius

1931 5391 2072 5450 erat,
2100 5380 2250 5438 Alter
2274 5384 2497 5439 alterum
2518 5396 2828 5456 exspectate.
2852 5387 2964 5445 lloc
2983 5391 3127 5446 enim
3157 5393 3288 5449 illud
3313 5410 3528 5468 quoque

1934 5474 2234 5544 apparabat
2262 5484 2315 5535 et
2342 5477 2720 5535 subindicabat
2738 5521 2754 5547 ,
2781 5496 2849 5539 ac
2891 5490 3208 5556 congruenti
3234 5489 3404 5547 modo
3432 5492 3528 5546 ad—

1936 5567 2289 5624 monitionem
2310 5568 2540 5627 induxit.
2562 5572 2768 5630 Deinde
2783 5590 2969 5631 rursus
2984 5578 3247 5657 pudorem
3268 5581 3527 5639 inferens:

1933 5657 2023 5715 54.
2051 5657 2114 5714 Si
2143 5660 2256 5729 quis
2273 5671 2446 5718 autem
2466 5666 2648 5733 esurit,
2679 5665 2819 5722 datori
2849 5672 3136 5728 manducet.
3160 5672 3536 5731 Permittenth

1935 5747 2217 5819 impedivit
2245 5752 2410 5809 etiam
2442 5754 2819 5815 vehementius
2839 5800 2853 5821 ,
2878 5775 3043 5831 quam
3073 5763 3118 5817 si
3145 5762 3510 5835 prohibuisset

1936 5838 2017 5897 Ex
2048 5841 2280 5901 ecclesia
2322 5846 2469 5903 enim
2501 5847 2661 5906 illum
2698 5851 2888 5908 eduxit
2911 5895 2927 5923 ,
2956 5862 3012 5909 et
3038 5855 3091 5910 in
3118 5854 3340 5919 donum
3366 5859 3524 5917 remi-

1940 5932 2042 6004 sit;
2067 5935 2163 5993 hoc
2188 5937 2292 5995 ritu
2318 5939 2437 5999 illos
2464 5941 2818 6001 vehementer
2842 5947 3209 6018 perstringens
3234 5961 3392 6023 atque
3420 5959 3533 6003 tra-
