3962 6450
591 483 700 538 255

592 595 818 660 ducens,
845 588 997 662 quasi
1014 584 1216 643 ventris
1237 597 1444 650 servos,
1463 581 1554 652 qui
1576 595 1676 636 nec
1700 577 1916 634 differre
1939 583 2182 648 possent.

593 687 779 758 Neque
817 684 961 740 enim
988 680 1141 747 dixit,
1168 676 1224 734 Si
1245 676 1367 748 quis
1391 687 1657 747 pauperes
1683 669 1944 741 despicit;
1975 668 2092 733 scd,
2121 667 2186 722 Si

586 780 699 851 quis
715 775 888 840 esurit,
913 773 1065 845 quasi
1085 783 1280 842 pueros
1298 766 1493 823 famem
1508 780 1615 820 non
1635 764 1868 819 ferentes
1883 762 2181 832 alloquens,

587 883 859 942 tamquam
909 869 1066 921 bruta
1118 861 1292 919 ventri
1346 859 1660 915 servientia.
1692 855 1994 911 Ridiculum
2037 853 2180 908 enim

587 965 813 1029 fuisset,
843 961 889 1018 si
937 959 1007 1014 ob
1037 957 1274 1014 esuriem
1321 953 1467 1010 domi
1510 950 1947 1007 manducassent.
1977 946 2086 1003 Sed
2126 953 2183 1002 et

581 1054 728 1110 aliud
769 1051 1062 1108 terribilius
1111 1047 1384 1118 subjunin
1408 1088 1422 1112 ,
1451 1045 1638 1101 dicens
1673 1061 1686 1098 :
1720 1041 1788 1098 Ut
1828 1057 1930 1096 non
1955 1041 2009 1094 in
2026 1039 2179 1110 judi-

584 1149 717 1200 cium
748 1143 1097 1206 conveniatis;
1125 1150 1182 1196 ut
1210 1154 1319 1194 non
1347 1137 1400 1193 in
1427 1134 1833 1207 castigationem
1857 1175 1873 1198 ,
1906 1141 2092 1186 utnon
2123 1131 2175 1185 in

579 1238 905 1311 supplicium
926 1279 940 1302 ,
971 1235 1100 1290 dum
1140 1231 1428 1288 ecclesiam
1473 1226 1799 1286 contumelia
1840 1223 2052 1280 allicitis
2074 1264 2090 1290 ,
2120 1232 2178 1279 et

580 1333 801 1388 fratrem
834 1329 889 1384 iu
922 1326 1187 1398 pudorem
1208 1322 1498 1393 conjicitis.
1529 1319 1664 1376 Nam
1697 1318 1818 1374 ideo
1844 1315 2172 1383 convenitis,

581 1423 790 1494 inquit,
819 1430 875 1475 ut
904 1433 1002 1475 vos
1031 1424 1219 1472 mutuo
1254 1413 1522 1485 diligatis,
1564 1421 1623 1466 ut
1647 1409 1910 1481 juvemini
1941 1416 1996 1463 et
2017 1407 2174 1478 juve-

579 1519 686 1572 tis:
718 1516 763 1572 si
811 1529 941 1569 vero
979 1509 1309 1566 contrarium
1350 1507 1475 1573 fiat,
1524 1505 1718 1560 melius
1765 1512 1910 1558 esset
1949 1502 1995 1557 si
2025 1499 2172 1556 domi

578 1607 957 1666 eomederctis.
983 1605 1096 1660 lloc
1120 1612 1299 1659 autem
1345 1599 1598 1666 dicebat,
1653 1607 1712 1653 ut
1737 1597 1861 1653 illos
1889 1595 2058 1666 magis
2083 1604 2172 1649 at-

579 1700 840 1758 traherct.
863 1697 988 1754 ldeo
1013 1697 1158 1753 enim
1181 1694 1434 1750 damnum
1458 1691 1581 1748 inde
1606 1703 1889 1759 emergens
1913 1687 2169 1756 ostendit,

579 1805 636 1850 ct
663 1795 875 1864 culpam
905 1791 1040 1846 dixit
1081 1804 1202 1845 esse
1243 1803 1350 1842 non
1394 1800 1656 1855 parvam;
1698 1791 1860 1854 atque
1905 1781 2052 1837 omni
2095 1796 2168 1836 ex

578 1897 730 1959 parte
755 1883 1013 1941 deterruit
1046 1925 1061 1950 ,
1093 1896 1122 1935 a
1155 1879 1455 1952 mysteriis,
1480 1878 1547 1933 ab
1578 1875 1824 1943 infirmis,
1851 1889 1878 1928 a
1907 1873 2130 1929 mortuis
2151 1913 2167 1940 ,

577 1979 647 2033 ab
676 1978 794 2033 aliis
821 1990 983 2045 supra
1010 1973 1186 2030 dictis.
1222 1971 1422 2027 Deinde
1438 1969 1543 2024 alio
1563 1980 1778 2040 quoque
1804 1965 1964 2022 modo
1983 1974 2164 2032 terret,

575 2074 760 2128 dicens
792 2091 804 2124 :
834 2069 1027 2125 Caetera
1051 2078 1223 2121 autem
1271 2082 1384 2119 cum
1414 2079 1596 2118 venero
1627 2063 1940 2134 disponam;
1968 2069 2060 2115 aut
2100 2059 2167 2114 ad

577 2161 822 2235 qnzedam
853 2160 956 2215 alia
977 2199 993 2225 ,
1022 2167 1114 2213 aut
1142 2157 1208 2211 ad
1248 2155 1349 2210 hoc
1393 2156 1590 2239 ipsum.
1617 2152 1752 2222 Quia
1783 2152 1927 2208 enim
1977 2151 2168 2207 verisi-

576 2255 706 2310 mile
737 2261 820 2308 cst
866 2252 1012 2322 ipsos
1041 2249 1241 2305 dixisse
1284 2246 1418 2301 alias
1458 2260 1672 2316 quoque
1707 2260 1932 2311 causas,
1961 2253 2017 2299 et
2058 2259 2165 2298 non

573 2346 816 2418 potuisse
862 2343 1040 2397 omnia
1064 2356 1160 2411 per
1185 2339 1387 2393 litteras
1415 2337 1612 2407 corrigi
1647 2354 1662 2392 :
1690 2335 1822 2404 Quae
1869 2334 2164 2402 admonui,

572 2436 746 2508 inquit
767 2477 781 2500 ,
813 2435 1028 2489 interim
1078 2437 1374 2487 serventur
1406 2447 1420 2484 :
1452 2429 1496 2483 si
1526 2427 1656 2500 quid
1700 2436 1880 2483 autem
1907 2427 2050 2482 aliud
2079 2427 2164 2482 di-

570 2528 801 2584 cendum
853 2523 1181 2590 habueritis,
1226 2521 1279 2576 id
1322 2535 1492 2591 usque
1535 2519 1602 2574 ad
1646 2519 1937 2574 adventum
1986 2534 2164 2574 meum

573 2629 858 2685 servetur;
882 2627 973 2672 aut
999 2617 1064 2672 de
1095 2615 1194 2670 hac
1223 2630 1281 2670 re
1309 2615 1557 2683 loquens,
1592 2621 1650 2667 ut
1678 2613 1808 2672 dixi.
1835 2623 1928 2667 aut
1949 2612 2016 2668 de
2044 2612 2165 2667 aliis

567 2710 910 2781 quibusdam,
944 2724 1064 2778 qua:
1092 2723 1197 2762 non
1224 2705 1512 2760 admodum
1542 2704 1823 2773 urgebant.
1845 2703 1959 2759 lloc
1984 2713 2160 2758 autem

567 2803 714 2866 facit,
746 2812 802 2856 ut
831 2801 954 2855 illos
977 2799 1100 2854 inde
1125 2796 1479 2853 studiosiores
1509 2795 1700 2851 reddat
1732 2813 1744 2847 :
1778 2811 1898 2850 nam
1919 2795 1986 2849 de
2015 2795 2160 2849 illius

566 2896 799 2951 adventu
832 2893 1044 2948 solliciti
1070 2933 1085 2960 ,
1119 2903 1339 2962 peccata
1385 2888 1723 2945 emendaturi
1773 2897 1946 2943 erant.
1981 2887 2162 2958 Neque

566 2989 709 3043 enim
741 2987 875 3041 levis
903 3000 989 3040 res
1015 2993 1165 3051 erat,
1197 2983 1339 3054 quod
1373 2975 1570 3037 Paulus
1601 2996 1667 3036 eo
1689 2991 1948 3037 venturus
1973 2991 2118 3036 esset
2144 2997 2159 3046 ;

565 3079 726 3148 idque
753 3077 1042 3132 ostendens
1066 3075 1280 3131 dicebat
1310 3093 1323 3132 :
1361 3077 1432 3128 Ac
1458 3076 1502 3128 si
1541 3091 1642 3129 non
1685 3084 1923 3128 venturus
1966 3075 2063 3128 sim
2093 3075 2161 3128 ad

563 3187 671 3235 vos,
700 3171 774 3224 sic.
799 3170 986 3238 'inﬂati
1019 3177 1136 3222 sunt
1178 3166 1385 3236 quidam
1432 3167 1507 3236 (l.
1536 3165 1657 3220 Cor.
1691 3167 1741 3221 4.
1777 3167 1862 3236 18)
1889 3183 1902 3231 ;
1933 3176 1986 3220 ct
2029 3167 2156 3222 alibi

565 3278 802 3327 rursum,
836 3260 956 3314 Non
987 3273 1244 3330 tamquam
1285 3261 1337 3314 in
1366 3260 1633 3330 prwscntia
1657 3276 1767 3313 mea
1805 3268 2004 3314 tantum
2025 3302 2038 3325 ,
2068 3261 2161 3314 sed

563 3354 725 3407 multo
756 3352 919 3424 magis
942 3353 996 3406 in
1025 3352 1274 3418 absentia,
1295 3369 1409 3404 cum
1435 3352 1612 3405 timore
1639 3362 1685 3406 et
1712 3362 1926 3405 tremore
1947 3366 2158 3408 vestram

563 3445 778 3499 salutem
810 3445 1086 3516 cperemini
1111 3442 1372 3514 (Philipp.
1404 3443 1458 3496 2.
1489 3443 1604 3512 12).
1659 3441 1784 3498 ldco
1831 3459 1935 3498 non
1983 3444 2156 3499 solum

563 3539 814 3609 promisit
845 3554 904 3594 se
931 3547 1218 3594 venturum
1250 3552 1371 3592 esse
1398 3581 1414 3604 ,
1445 3552 1512 3592 ne
1539 3551 1642 3592 non
1671 3537 1957 3593 crederent
1983 3548 2037 3593 et
2066 3554 2159 3593 nc-

561 3632 913 3700 gligentiores
965 3631 1300 3695 evaderent;
1347 3630 1441 3683 sed
1493 3639 1548 3684 et
1598 3632 1961 3685 necessariam
2007 3632 2156 3688 addit

560 3725 830 3780 adventus
862 3738 1082 3777 causam
1123 3721 1336 3787 dicens,
1369 3720 1562 3776 Cretera
1608 3739 1722 3776 cum
1767 3740 1948 3778 venero
1979 3726 2156 3795 dispo-

562 3835 721 3883 nam;
761 3815 1054 3871 ostcndens
1107 3822 1427 3868 camerarum
1477 3817 1869 3870 correctionem
1897 3859 1911 3884 ,
1946 3817 2154 3872 etiamsi

563 3928 671 3968 non
725 3909 947 3965 omnino
1011 3907 1322 3974 festinaret,
1377 3909 1548 3981 ipsum
1619 3908 1754 3964 istuc
1806 3919 2154 3965 atlracturam

559 4005 745 4060 fuisse.

633 4099 688 4153 '5.
721 4095 938 4151 Moralis
976 4095 1283 4149 exhortatio.
1335 4092 1526 4147 Luctus
1575 4095 1939 4151 immoderatus
1981 4099 2154 4151 vitan-

564 4191 682 4244 dus.
705 4188 823 4242 Jobi
848 4187 1094 4258 patientia
1123 4186 1444 4240 describitur.
1473 4216 1543 4225 —
1571 4185 1696 4242 Haec
1718 4202 1848 4258 ergo
1877 4187 2156 4244 audientes

561 4281 776 4345 omnia,
821 4291 873 4334 et
924 4292 1220 4348 pauperum
1268 4292 1513 4346 magnam
1558 4291 1740 4331 curam
1788 4291 2070 4348 geramus,
2104 4288 2158 4332 ct

560 4383 804 4430 ventrem
843 4371 1189 4426 moderemur
1211 4411 1226 4435 ,
1259 4377 1420 4439 atque
1441 4369 1506 4423 ab
1532 4368 1794 4424 ebrietate
1837 4369 2151 4437 liberemur,

562 4475 618 4522 et
668 4463 939 4537 mysteriis
990 4461 1153 4532 digne
1201 4460 1525 4530 participare
1567 4461 1914 4525 Studeamus;
1945 4477 2006 4516 ea
2036 4477 2156 4531 qua:

564 4555 708 4627 passi
736 4553 995 4608 fuerimus
1019 4594 1032 4617 ,
1061 4567 1166 4606 non
1198 4567 1341 4621 agre
1371 4550 1604 4606 feramus
1625 4593 1638 4616 ,
1671 4567 1848 4621 neque
1879 4553 1930 4606 in
1959 4554 2113 4607 nobis
2137 4594 2152 4618 ,

565 4662 740 4718 neque
784 4646 837 4700 in
864 4645 984 4699 aliis
1013 4662 1028 4698 :
1057 4643 1204 4698 verbi
1235 4644 1404 4713 gratia
1449 4660 1572 4699 cum
1603 4647 1903 4701 immatura:
1952 4656 2154 4703 mortes

564 4738 847 4802 accidunt,
881 4750 1002 4790 cum
1054 4735 1292 4789 diuturni
1341 4735 1534 4789 morbi.
1570 4736 1682 4790 lloc
1713 4736 1854 4790 enim
1894 4746 1976 4792 est
2017 4738 2156 4793 libe-

559 4830 702 4886 ratio
725 4843 756 4882 a
777 4826 1074 4898 supplicio,
1109 4826 1209 4881 hoc
1235 4827 1534 4891 correctio,
1568 4826 1672 4881 hoc
1715 4826 2009 4883 admonitio
2053 4844 2154 4899 op-

564 4923 714 4975 tima.
746 4918 875 4987 Quis
906 4918 1025 4972 lucc
1047 4917 1211 4972 dicit?
1237 4917 1338 4984 Qui
1369 4916 1643 4973 Christum
1669 4917 1721 4971 in
1753 4933 1810 4974 se
1843 4919 2152 4989 loquentem

566 5012 816 5068 habebat.
850 5013 1098 5066 Attamen
1147 5011 1310 5065 etiam
1360 5021 1480 5080 post
1511 5011 1627 5067 hzec
1675 5011 1929 5068 mulieres
1973 5015 2157 5071 multa:

563 5105 639 5158 ita
671 5117 834 5157 sensu
862 5101 1133 5157 destituta:
1173 5111 1336 5168 sunt,
1373 5111 1431 5156 ut
1459 5102 1513 5156 in
1561 5101 1736 5158 luctus
1779 5106 2156 5174 exsuperanti‘a

563 5195 713 5266 ipsos
761 5195 923 5250 etiam
973 5193 1214 5249 infideles
1258 5203 1521 5264 superent
1564 5211 1579 5250 :
1621 5203 1675 5250 ct
1721 5196 1840 5252 alia:
1879 5199 2095 5267 quidem
2124 5217 2155 5255 a

548 5287 711 5342 luctu
750 5287 901 5357 quasi
935 5286 1171 5342 tenebris
1219 5285 1427 5341 obruta:
1471 5285 1575 5342 hoc
1606 5286 1845 5343 faciunt:
1875 5291 1994 5346 aliae
2023 5307 2153 5347 vero

565 5379 634 5435 ad
661 5381 1078 5437 ostentationem
1103 5419 1118 5442 ,
1150 5387 1205 5432 et
1250 5386 1308 5433 ut
1332 5387 1680 5436 externorum
1727 5383 2156 5439 criminationem

563 5475 775 5540 vitent,
825 5487 959 5544 quas
999 5473 1145 5527 omni
1195 5472 1349 5527 venia
1399 5474 1629 5542 privatas
1676 5472 1816 5529 dico.
1842 5474 1912 5531 Ut
1953 5490 2021 5531 ne
2067 5476 2158 5532 ille

561 5570 689 5625 talis
717 5568 949 5632 incuset,
976 5565 1247 5635 inquiunt,
1269 5565 1480 5621 incuset
1507 5563 1651 5620 Deus
1675 5582 1690 5633 ;
1721 5575 1783 5621 ut
1812 5582 1881 5622 ne
1910 5567 2157 5624 homines

563 5661 735 5716 hrutis
760 5657 1086 5714 amentiores
1114 5671 1214 5712 nos
1241 5656 1520 5721 damnent,
1553 5656 1639 5712 lex
1665 5657 1827 5728 Regis
1873 5658 2156 5714 universo-

565 5766 687 5807 rum
736 5751 1104 5807 conculcetur.
1129 5750 1196 5804 Et
1227 5757 1357 5820 quot
1377 5748 1698 5807 fulminibus
1722 5750 1840 5806 hinc
1865 5752 2024 5824 digna
2048 5768 2154 5809 non

569 5842 803 5898 fuerint?
829 5843 884 5899 Si
907 5851 1029 5914 post
1051 5843 1252 5900 luctum
1285 5853 1336 5901 te
1363 5845 1627 5916 quispiam
1655 5846 1722 5902 ad
1742 5862 1950 5903 canam
1978 5859 2154 5917 vocet,

559 5947 728 5991 nemo
756 5942 838 5988 est
865 5935 957 6006 qui
988 5947 1201 6005 renuat,
1234 5938 1355 6008 quia
1382 5937 1467 5994 lex
1488 5937 1719 5995 humana
1747 5940 1848 5997 hoc
1877 5940 2150 6013 praecipit;

1309 473 1369 529 S.
1406 467 1685 528 JOANNIS
1718 461 2199 523 CHRYSOSTOMI
2240 463 2558 522 ARCHIEP.
2585 464 3116 524 CONSTANTiNOP.
3723 483 3809 541 εδδ

2300 576 2409 632 Deo
2447 587 2624 634 autem
2653 579 2720 634 de
2750 593 2856 634 non
2887 579 3119 649 lugendo
3145 578 3314 652 legem
3335 579 3548 646 ferente,
3575 592 3641 638 tta
3659 601 3809 646 omnes

2293 669 2686 725 contradicunt.
2725 669 2840 725 Non
2885 671 3087 742 cogitas
3132 670 3360 738 Jobum,
3400 687 3432 728 ο
3477 675 3689 731 mulier?
3725 697 3808 740 non

2292 761 2595 817 recordaris
2616 777 2806 818 vocum
2834 763 2951 834 ejus
2979 763 3030 818 in
3059 764 3359 821 calamitate
3383 767 3679 824 amissorum
3703 771 3811 828 filio-

2291 867 2432 918 rum,
2455 853 2580 923 qua!
2602 855 2872 909 sexcentis
2899 855 3116 910 coronis
3145 869 3354 910 sacrum
3383 856 3508 912 illud
3533 868 3677 928 caput
3694 862 3810 917 redi-

2292 943 2543 1011 mierunt,
2572 953 2627 1000 ct
2652 945 2982 1015 splendidius
3009 961 3169 1016 quam
3214 946 3351 1001 tuba:
3377 947 3549 1003 multa:
3589 950 3813 1021 deperdi-

2288 1035 2520 1110 carupt?
2545 1053 2650 1090 non
2679 1035 2882 1108 cogitas
2909 1038 3234 1092 calamitatis
3275 1039 3669 1110 magnitudinem
3689 1083 3704 1109 ,
3740 1061 3812 1099 no-

2288 1142 2412 1182 vum
2444 1127 2574 1183 illud
2605 1129 2939 1201 naufragium
2966 1171 2981 1196 ,
3012 1145 3077 1186 ac
3106 1146 3295 1185 novam
3333 1133 3620 1204 miramque
3653 1143 3811 1205 traga-

2285 1217 2475 1273 diam?
2504 1217 2637 1274 Nam
2667 1228 2723 1274 tu
2751 1219 2966 1291 quidem
2989 1236 3152 1276 unum
3179 1221 3472 1292 perdidisti,
3494 1232 3580 1278 aut
3603 1225 3810 1289 alterum.

2283 1319 2378 1364 aut
2409 1311 2657 1373 tertium;
2692 1312 2782 1367 ille
2808 1323 2990 1367 autem
3019 1322 3126 1368 tam
3155 1316 3350 1370 multos
3396 1325 3449 1372 et
3494 1327 3593 1371 tam
3637 1319 3810 1373 multas.

2284 1400 2353 1456 Et
2380 1402 2472 1472 qui
2501 1402 2699 1458 multos
2724 1402 2954 1459 habebat
2997 1403 3199 1460 liberos
3217 1446 3232 1472 ,
3260 1416 3481 1477 repente
3508 1408 3660 1463 orbus
3701 1408 3811 1475 fuit;

2282 1511 2456 1567 neque
2496 1496 2748 1567 paulatim
2788 1496 2994 1553 viscera
3049 1499 3166 1570 ejus
3207 1500 3679 1565 consumebantur,
3720 1503 3811 1568 sed,

2281 1587 2574 1659 derepente
2632 1586 2837 1646 fructus
2909 1599 3048 1647 totus
3121 1591 3517 1663 abripiebatur;
3564 1608 3719 1664 neque
3765 1610 3813 1648 cx

2281 1680 2553 1736 communi
2599 1679 2717 1753 lege
2759 1692 3001 1751 naturae,
3045 1700 3219 1754 neque
3262 1699 3385 1739 cum
3415 1684 3482 1740 ad
3526 1695 3811 1742 senectutem

2281 1771 2672 1841 pervenissent,
2703 1773 2798 1829 sed
2824 1774 3110 1830 immatura
3136 1787 3190 1830 ct
3211 1776 3442 1832 violenta
3463 1787 3645 1844 morte,
3664 1792 3814 1831 omnes

2278 1863 2476 1930 simul;
2508 1879 2682 1936 neque
2726 1875 2992 1936 prmsente
3027 1866 3118 1922 illo
3142 1910 3156 1934 ,
3192 1881 3292 1924 nec
3344 1867 3610 1923 assidente
3633 1910 3647 1936 ,
3675 1877 3724 1922 ut
3747 1868 3812 1923 vel

2278 1965 2551 2013 extremas
2595 1973 2756 2014 voces
2781 1959 3004 2014 audiens
3032 1959 3264 2031 aliquam
3311 1961 3710 2016 consolationem
3742 1960 3816 2015 ha-

2277 2049 2429 2105 beret
2473 2049 2542 2106 de
2591 2060 2698 2106 tam
2747 2050 2940 2106 acerba
2992 2061 3203 2118 morte;
3261 2052 3358 2108 sed
3404 2061 3596 2124 praeter
3638 2067 3817 2108 omnem

2275 2157 2448 2214 spem,
2491 2158 2612 2199 cum
2639 2144 2772 2200 nihil
2814 2154 3088 2216 gestorum
3115 2146 3230 2217 ipse
3261 2148 3425 2202 sciret
3448 2189 3462 2214 ,
3491 2147 3639 2202 simul
3664 2160 3815 2202 omnes

2275 2248 2400 2292 sunt
2451 2238 2664 2305 obruti,
2716 2239 2919 2306 fuitque
2969 2238 3074 2294 illis
3119 2238 3312 2295 domus
3351 2249 3407 2295 et
3452 2241 3729 2311 sepulcrum
3774 2249 3814 2293 et

2276 2329 2518 2398 laqueus.
2547 2329 2732 2400 Neque
2764 2330 3048 2384 immatura
3080 2344 3228 2385 mors
3261 2340 3468 2386 tantum
3495 2373 3510 2398 ,
3557 2330 3644 2387 sed
3686 2331 3813 2386 etiam

2275 2421 2440 2474 multa
2471 2436 2593 2475 cum
2616 2421 2702 2476 illa
2715 2430 2871 2476 erant
2899 2437 3020 2492 qua:
3041 2422 3284 2479 dolorem
3317 2421 3603 2478 afferrent:
3630 2431 3682 2477 ut
3703 2421 3812 2492 quod

2273 2527 2462 2568 omnes
2501 2514 2552 2568 in
2583 2514 2715 2570 ﬂore
2740 2514 3042 2586 juventutis
3071 2527 3256 2572 essent
3278 2557 3296 2584 ,
3322 2520 3468 2588 quod
3499 2517 3680 2572 virtute
3706 2531 3815 2586 prte-

2273 2602 2367 2657 diti
2395 2639 2415 2671 ,
2483 2605 2624 2674 quod
2670 2606 2930 2662 amabiles
2950 2649 2964 2672 ,
2995 2607 3145 2677 quod
3167 2623 3363 2664 omnes
3388 2608 3577 2675 simul,
3619 2608 3741 2678 quod
3768 2622 3816 2660 ex

2274 2704 2501 2766 utroque
2552 2711 2686 2752 sexu
2734 2713 2804 2753 ne
2852 2712 2987 2753 unus
3029 2698 3245 2769 quidem
3293 2699 3536 2770 reliquus
3572 2699 3663 2765 sit;
3709 2697 3819 2768 quod

2271 2808 2376 2846 non
2407 2795 2678 2848 communi
2730 2795 2847 2865 lege
2897 2803 3126 2861 naturas,
3159 2794 3313 2866 quod
3359 2803 3483 2866 post
3527 2804 3714 2850 tantum
3747 2792 3819 2845 da-

2270 2903 2453 2940 nmum
2477 2926 2493 2949 ,
2524 2887 2668 2957 quod
2715 2903 2837 2942 cum
2871 2888 3069 2943 nullius
3105 2890 3230 2944 mali
3263 2890 3372 2945 sibi
3408 2889 3650 2945 conscius
3675 2895 3816 2948 esset.

2269 2995 2370 3034 nec
2420 2981 2492 3034 illi
2535 2982 2767 3050 peccatis
2815 2989 2996 3037 essent
3041 2981 3303 3050 obnoxii,
3352 2983 3468 3040 hate
3498 2994 3664 3038 tamen
3701 2989 3820 3051 pate-

2270 3083 2478 3127 rentur.
2516 3074 2716 3128 llorum
2749 3075 2957 3145 singula
2994 3090 3088 3145 per
3118 3090 3177 3131 se
3204 3087 3442 3146 possunt
3467 3077 3703 3142 turbare;
3727 3088 3820 3129 cum

2267 3175 2444 3218 autem
2468 3181 2572 3220 una
2590 3168 2770 3221 omnia
2796 3176 3149 3234 concurrunt,
3174 3170 3356 3239 cogita
3384 3180 3590 3241 quanta.
3609 3168 3819 3223 lhtctuum

2266 3255 2533 3322 altitudo,
2593 3274 2750 3328 quam
2812 3259 3000 3330 ingens
3046 3268 3347 3331 tempestas
3389 3272 3555 3318 esset.
3607 3257 3822 3330 Quodque

2267 3348 2439 3419 majus
2479 3359 2563 3405 est
2587 3359 2642 3405 et
2667 3350 2784 3420 ipso
2809 3351 2950 3406 luctu
2976 3351 3214 3408 deterius
3238 3394 3252 3417 ,
3281 3354 3429 3423 quod
3459 3353 3684 3410 nesciret
3711 3349 3819 3404 unde

2269 3441 2390 3496 talia
2419 3441 2758 3499 obvenirent.
2785 3443 2927 3508 ideo,
2958 3460 3081 3499 cum
3111 3445 3318 3500 nullam
3353 3445 3551 3502 afferre
3573 3452 3738 3516 posset
3758 3456 3821 3493 ca-

2266 3535 2521 3591 lamitatis
2563 3551 2779 3592 causam
2805 3579 2819 3605 ,
2852 3537 2919 3592 ad
2952 3538 3042 3594 Dei
3073 3539 3333 3609 placitum
3360 3541 3632 3606 ascendit,
3659 3550 3705 3594 et
3729 3539 3819 3591 ait:

2266 3627 2518 3684 Dominus
2561 3630 2697 3683 dedit
2741 3670 2755 3693 ,
2830 3628 3080 3685 Dominus
3121 3630 3339 3700 abstulit
3392 3650 3407 3687 :
3458 3635 3587 3689 sicut
3646 3631 3822 3685 Domino

2266 3724 2459 3794 placuit
2484 3767 2496 3785 ,
2531 3723 2603 3777 ita
2629 3724 2823 3793 factum
2851 3735 2958 3786 cst;
2985 3723 3048 3778 sit
3079 3739 3260 3778 nomen
3299 3722 3516 3780 Domini
3557 3724 3822 3780 benedictum

2263 3816 2316 3870 in
2352 3816 2541 3872 stecula
2561 3815 2682 3886 (Job
2705 3816 2756 3871 1.
2784 3815 2901 3887 21).
2933 3815 3001 3870 Ει
3045 3815 3160 3871 haec
3207 3817 3387 3886 dixit,
3417 3834 3541 3874 cum
3586 3832 3642 3874 se
3679 3816 3726 3871 in
3749 3828 3821 3868 ex-

2265 3910 2452 3964 tremis
2485 3909 2715 3979 positum
2740 3907 2966 3974 videret,
2993 3909 3084 3979 qui
3107 3909 3373 3966 virtutem
3392 3925 3608 3966 omnem
3633 3915 3828 3964 seetatus

2265 4002 2478 4069 fuerat;
2516 4002 2779 4058 scelestos
2816 4012 2995 4057 autem
3037 4003 3290 4059 homines
3341 4014 3400 4061 et
3445 4005 3826 4076 praestigiatores

2265 4111 2525 4167 prospere
2566 4105 2818 4166 agentes,
2849 4095 3164 4151 deliciantes
3195 4105 3250 4151 et
3279 4097 3676 4169 gloriabundos
3702 4091 3827 4148 undi-

2261 4204 2386 4260 que.
2411 4189 2596 4259 Neque
2620 4188 2754 4243 dixit
2771 4187 3042 4258 quidpiam
3063 4203 3271 4254 eorum,
3307 4206 3434 4262 quae
3461 4191 3635 4246 solent
3652 4184 3828 4259 quidam

2263 4281 2596 4348 inﬁrmiores
2633 4280 2853 4337 dicere:
2885 4281 2964 4335 Ad
3013 4280 3224 4336 hancne
3259 4297 3386 4338 rem
3418 4283 3563 4338 filios
3602 4277 3832 4340 enutriri,

2261 4383 2316 4429 et
2359 4389 2479 4428 cum
2523 4374 2871 4429 accuratione
2911 4373 3058 4429 omni
3104 4373 3479 4432 educavi?ad
3517 4389 3699 4433 eamne
3741 4382 3834 4426 rent

2260 4465 2480 4520 domum
2513 4466 2700 4535 aperui
2750 4466 3226 4537 prattereuntibus,
3258 4479 3320 4524 ut
3351 4479 3481 4541 post
3522 4470 3713 4526 multos
3738 4464 3832 4519 illos

2261 4573 2452 4613 cursus
2475 4573 2572 4628 pro
2598 4558 2803 4628 egenis,
2839 4573 2936 4628 pro
2963 4558 3122 4614 nudis
3142 4601 3156 4623 ,
3188 4574 3284 4628 pro
3309 4563 3538 4632 pupillis
3563 4566 3828 4628 susceptos,

2262 4648 2401 4704 hanc
2449 4649 2754 4704 mercedem
2811 4651 3127 4720 excipiam?
3177 4651 3284 4707 Sed
3351 4655 3552 4709 horum
3609 4655 3720 4708 loco
3764 4645 3828 4700 illa

2261 4741 2423 4797 verba
2459 4743 2708 4810 protulit,
2743 4743 2890 4797 omni
2914 4743 3184 4797 sacrificio
3207 4747 3620 4813 praestantiora,
3649 4744 3820 4798 dicens:

2264 4833 2453 4888 Nudus
2500 4851 2730 4905 egressus
2757 4851 2872 4888 sum
2912 4834 2976 4887 de
3002 4844 3144 4888 utero
3184 4839 3370 4892 matris
3413 4855 3544 4894 mea:
3567 4881 3580 4906 ,
3616 4847 3661 4891 et
3700 4832 3826 4888 nudus

2260 4935 2502 4980 revertar.
2529 4924 2681 4994 Quod
2729 4925 2775 4980 si
2819 4926 3137 4981 vestimenta
3185 4927 3513 4994 disciderit,
3556 4939 3611 4982 et
3658 4934 3835 4983 comam

2264 5017 2595 5085 totondcrit,
2640 5033 2710 5073 ne
2757 5019 3009 5074 mireris:
3045 5027 3196 5089 pater
3237 5022 3388 5076 enim
3435 5033 3595 5084 erat,
3625 5031 3679 5077 et
3718 5027 3840 5088 pater

2263 5110 2430 5181 prolis
2452 5125 2657 5176 amans,
2681 5111 3070 5182 oportebatque
3091 5122 3294 5168 natura:
3327 5113 3835 5170 commiserationcm

2263 5200 2526 5267 exhiberi,
2561 5203 2866 5273 mentisque
2887 5202 3304 5276 philosophiam.
3339 5205 3506 5275 Quod
3537 5207 3584 5261 si
3633 5207 3729 5259 hoc
3755 5213 3838 5255 non

2263 5292 2520 5360 fecisset,
2573 5294 2710 5349 forte
2755 5296 3022 5367 quispiam
3083 5297 3392 5366 putavisset
3439 5299 3586 5355 hanc
3634 5295 3838 5368 philoso-

2271 5385 2453 5455 phiam
2481 5401 2549 5441 ex
2575 5395 2795 5456 stupore
2825 5387 3110 5457 proficisci.
3136 5388 3261 5446 Ideo
3281 5400 3338 5443 et
3366 5406 3585 5446 Viscera
3614 5384 3839 5445 05tcndit,

2265 5486 2320 5532 et
2369 5477 2582 5548 pietatis
2633 5481 3073 5547 accurationem,
3123 5492 3179 5536 et
3231 5481 3434 5537 dolens
3487 5499 3600 5539 non
3648 5486 3842 5536 eversus

2263 5576 2380 5633 est;
2410 5567 2504 5623 sed
2528 5569 2689 5623 etiam
2715 5584 2836 5625 cum
2867 5571 3092 5628 ulterius
3121 5572 3239 5642 ejus
3268 5583 3560 5629 certamen
3605 5567 3843 5643 proccdc-
3879 5585 3882 5593 ν

2265 5669 2383 5727 ret,
2417 5676 2606 5716 rursus
2647 5661 2769 5716 aliis
2807 5663 3104 5718 redimitur
3155 5665 3376 5720 coronis
3420 5680 3490 5721 ex
3536 5663 3714 5720 verbis
3742 5670 3845 5728 qua?

2265 5752 2416 5806 uxori
2438 5751 2573 5806 dixit
2601 5771 2613 5806 :
2639 5752 2700 5808 Si
2721 5753 2854 5808 bona
2875 5757 3185 5826 suscepimus
3226 5773 3255 5808 a
3282 5755 3521 5811 Domino
3542 5801 3557 5824 ,
3587 5756 3718 5809 mala
3761 5765 3845 5802 non

2263 5847 2618 5904 sustinebimus
2646 5848 2766 5923 (Job
2787 5850 2841 5904 9..
2873 5849 2956 5919 10)
2987 5850 3011 5903 ’ἒ
3041 5850 3172 5908 Nam
3202 5865 3338 5906 uxor
3367 5851 3491 5904 sola
3537 5849 3638 5919 ipsi
3677 5843 3848 5900 relicta

2271 5954 2385 6015 est,
2420 5944 2647 6000 sublatis
2673 5943 2946 6014 omnibus,
2969 5952 3023 6001 et
3049 5943 3172 6002 ﬁliis
3193 5953 3246 6000 et
3272 5944 3500 6014 praediis
3527 5952 3580 6000 et
3608 5940 3721 6034 ipso
3743 5949 3846 5990 cor-
