3962 6418
172 398 267 463 ⁸ὦῖ
1237 402 1302 457 IN
1348 402 1568 460 EPIST.
1612 405 1632 459 1
1673 402 1762 459 AD
1801 400 1961 458 COR.
2007 400 2241 459 IIOMIL.
2288 401 2527 460 XXVIII.

176 526 531 598 σφοδρότερον
573 525 608 596 ἢ
651 524 702 579 εί
751 524 1115 597 ἀπηγόρευσε.
1150 523 1263 594 Τῆς
1311 527 1417 593 γὰρ
1453 521 1747 593 ἐκκλησίας

174 609 328 664 αὑτὸν
356 608 621 681 ἐξήγαγε,
644 609 740 663 καί
768 610 847 674 είς
876 610 974 682 τήν
1001 608 1181 663 οἰκίαν
1202 612 1549 680 παρέπεμψε,
1575 605 1748 677 ταύτῃ

175 692 585 764 καθαπτόμενος
610 692 874 764 σφοδρῶς,
897 693 989 746 καὶ
1010 693 1290 763 κωμῳδῶν
1314 693 1509 755 αὑτοὺς
1532 691 1608 755 ώς
1627 690 1747 743 δού-

174 775 289 841 λους
326 776 570 849 γαστρὸς
606 777 702 831 καὶ
760 777 1185 848 ἀκαρτερήτους.
1236 776 1372 829 Οὐδὲ
1413 775 1522 845 γάρ
1569 770 1745 835 εἶπεν,

177 858 235 911 Εἴ
258 876 342 922 τις
383 860 631 931 ὑπερορᾷ
666 858 777 914 τῶν
817 860 1082 930 πενήτων,
1120 859 1257 926 ἀλλ’,
1298 860 1371 912 El
1408 877 1498 925 τις
1544 856 1743 924 πεινᾷ,

176 941 239 1005 ὡς
276 942 415 1014 πρδς
459 942 648 996 παιδία
679 942 1184 1013 δυσανασχετοῦντα
1227 941 1629 1013 διαλεγόμενος.
1670 939 1746 1002 ὡς

174 1027 300 1098 πρὸς
342 1027 517 1096 ἀλογα
556 1027 757 1098 γαστρὶ
790 1026 1126 1081 δουλεύοντα.
1178 1027 1289 1081 Καὶ
1338 1026 1447 1098 7&9
1501 1024 1667 1088 πολὺς
1717 1024 1747 1076 ὁ

172 1110 356 1177 γέλως,
394 1112 446 1164 εί
477 1110 567 1164 διὰ
602 1110 667 1164 τὸ
700 1113 893 1181 πεινῇν
924 1109 1147 1182 ἔμελλον
1179 1110 1316 1164 οἴκοι
1339 1108 1558 1163 ἐσθίειν.
1605 1106 1746 1160 Ἀλλ’

171 1194 261 1246 οὐκ
286 1192 538 1263 ἠρκέσθη
562 1194 759 1261 τούτῳ,
785 1192 923 1246 άλλά
946 1193 1043 1248 καὶ
1072 1194 1353 1263 ἐπήγαγεν
1371 1192 1558 1263 ἕτερον
1584 1190 1745 1259 φοϐε-

175 1273 425 1348 ρώτερον,
456 1274 653 1343 λέγων·
700 1275 834 1329 "Ira
875 1273 963 1343 μὴ
1007 1277 1095 1342 είς
1135 1275 1313 1346 κρῖμα
1341 1274 1744 1343 συνέρχησθε·

175 1358 253 1411 ἴνα
278 1356 357 1428 μὴ
376 1358 459 1421 είς
480 1356 721 1423 κόλασιν,
738 1358 825 1412 ἴνα
858 1357 934 1429 μὴ
959 1359 1039 1422 είς
1061 1359 1355 1431 τιμωρίαν,
1378 1358 1477 1431 τήν
1508 1358 1746 1429 ,Ἐκκλη-

174 1442 284 1495 σίαν
327 1440 679 1514 ὑϐρίζοντες,
718 1442 808 1496 τὸν
850 1442 1081 1513 ἀδελφὺν
1131 1442 1601 1514 καταισχύνοντες.
1639 1441 1746 1495 Καὶ

172 1526 273 1598 7&9
298 1525 388 1579 διά
407 1524 567 1579 τοῦτο
595 1525 944 1596 συνέρχεσθε,
968 1527 1154 1599 φησὶν,
1180 1527 1268 1581 ἵνα
1294 1526 1560 1597 στέργητε
1583 1524 1746 1595 ἀλλή-

171 1603 307 1671 λους,
357 1605 448 1658 ἵνα
475 1602 766 1674 ώφελῆσθε
786 1647 803 1671 ,
834 1606 924 1659 ἵνα
950 1604 1199 1676 ώφελῆτε
1217 1620 1231 1634 ·
1267 1606 1317 1659 εί
1344 1605 1401 1658 δὲ
1434 1605 1745 1658 τούναντίον

172 1688 388 1757 γίνεται,
411 1688 619 1759 βέλτιον
636 1690 779 1758 ὑμᾶς
797 1690 935 1744 οἴκοι
955 1691 1242 1744 σιτεῖσθαι.
1263 1689 1437 1745 Τοῦτο
1451 1690 1509 1743 δὲ
1534 1689 1742 1759 ἔλεγεν,

177 1771 254 1826 ἵνα
279 1770 649 1844 ὲφελκὺσηται
680 1772 863 1828 πλέον.
889 1774 988 1828 Διά
1016 1773 1125 1846 7&9
1153 1774 1313 1829 τοῦτο
1337 1776 1432 1828 καὶ
1454 1774 1517 1828 τὸ
1546 1773 1745 1845 βλάϐος

179 1856 329 1924 ἔδειξε
350 1857 413 1910 τὸ
432 1854 702 1922 ἐντεῦθεν,
731 1858 826 1911 καὶ
847 1861 1020 1929 κρῖμα
1044 1859 1246 1930 ἔφησεν
1269 1855 1410 1914 εἶναι
1433 1860 1494 1913 οὑ
1522 1858 1742 1930 μικρὸν,

180 1940 261 1992 καὶ
286 1939 626 2011 πανταχόθεν
657 1940 946 2011 ἐφόϐησεν,
981 1943 1090 1996 ἀπὸ
1117 1943 1224 1997 τῶν
1262 1943 1601 2015 μυστηρίων,
1636 1943 1745 1997 ἀπὸ

177 2022 272 2075 τῶν
301 2023 631 2095 ἀρρώστων,
670 2024 780 2076 ἀπὸ
809 2024 913 2078 τῶν
951 2025 1420 2097 τετελευτηκέτων
1440 2065 1456 2092 ,
1496 2024 1607 2079 ἀπὸ
1637 2024 1744 2080 τῶν

178 2106 337 2160 ἄλλων
375 2108 487 2161 τῶν
530 2107 847 2179 ἔμπροσθεν
877 2110 1205 2180 εἰρημένων.
1245 2104 1379 2164 Εἶτα
1412 2111 1506 2163 καὶ
1539 2108 1743 2180 έτέρως

179 2190 326 2245 πάλιν
354 2193 531 2262 φοϐεῖ,
557 2193 751 2262 λέγων·
787 2193 863 2248 Τὰ
885 2192 954 2247 δὲ
978 2194 1183 2260 λοιπὰ,
1209 2194 1290 2261 ὡς
1312 2194 1390 2249 ἂν
1415 2194 1590 2257 ἔλθω,
1617 2193 1743 2250 δια·

179 2276 430 2347 τάξομαι·
453 2278 486 2349 ἢ
520 2278 601 2342 είς
623 2278 785 2351 ἕτερά
809 2296 953 2344 τινα,
976 2278 1009 2350 ἢ
1036 2281 1116 2342 εἰς
1142 2279 1278 2332 αὑτὸ
1304 2278 1482 2333 τοῦτο.
1525 2277 1742 2347 Ἐπειδὴ

178 2357 273 2429 γὰρ
295 2358 442 2423 εἰκὸς
467 2354 537 2431 ἦν
563 2360 761 2426 αὐτοὺς
790 2361 970 2430 λέγειν
998 2364 1092 2416 καὶ
1116 2363 1297 2426 αἰτίας
1319 2362 1493 2426 τινὰς,
1526 2365 1621 2415 καὶ
1642 2363 1742 2416 οὑκ

178 2442 290 2513 ἐνῆν
317 2442 493 2496 πάντα
528 2442 616 2496 διά
644 2444 991 2516 γραμμάτων
1030 2444 1332 2516 κατορθοῦν
1352 2485 1366 2510 ,
1396 2445 1433 2500 ἀ
1459 2446 1559 2517 μὲν
1595 2462 1740 2517 παρ-

176 2526 347 2596 ῄνεσα,
392 2526 748 2596 φυλαττέσθω
790 2528 952 2593 τέως,
1005 2529 1206 2599 φησίν·
1258 2530 1308 2583 εί
1347 2528 1406 2582 δέ
1452 2546 1505 2582 τι
1555 2529 1743 2601 ἕτερον

170 2607 334 2679 ἔχοιτε
365 2608 569 2677 λέγειν,
598 2611 773 2664 ἐκεῖνο
803 2613 870 2683 τῇ
907 2612 1180 2684 παρουσίᾳ
1209 2611 1485 2683 τηρείσθω
1511 2614 1579 2682 τῇ
1608 2612 1738 2682 ἐμῇ·

170 2692 202 2762 ὴ
234 2691 357 2764 περὶ
404 2692 595 2747 τούτου
639 2692 734 2748 τοὺ
773 2695 1100 2766 πράγματος
1150 2695 1346 2763 λέγων,
1390 2694 1465 2757 ὡς
1499 2693 1669 2765 ἔφην,
1706 2693 1739 2765 ἢ

170 2776 287 2848 περὶ
317 2777 523 2848 ἐτέρων
559 2776 710 2850 [255]
743 2779 905 2832 τινῶν
940 2778 1000 2831 οὑ
1039 2779 1247 2850 σφόδρα
1282 2779 1736 2847 κατεπειγόντων.

168 2859 313 2914 nm:
338 2859 397 2914 δὲ
420 2860 598 2924 τοῦτο,
632 2860 717 2914 ἵνα
751 2860 1046 2915 κάντεῦθεν
1088 2860 1540 2933 σπουδαιοτέρους
1571 2860 1740 2932 ἐργά-

163 2958 340 3015 σηται·
369 2942 746 3014 μεριμνῶντες
769 2941 879 3014 γάρ
907 2942 1077 2997 αὑτοῦ
1100 2940 1199 3014 τήν
1231 2943 1556 3014 παρουσίαν,
1587 2943 1742 3014 ἐμελ-

158 3023 244 3078 λον
267 3024 521 3097 διορθοῦν
553 3025 613 3079 τὸ
637 3027 1052 3099 ήμαρτημένον.
1084 3027 1220 3081 Οὑδέ
1249 3027 1360 3099 γάρ
1394 3028 1455 3081 τὸ
1483 3028 1644 3100 τυχὸν
1672 3024 1741 3099 ἦν

154 3108 187 3178 ή
221 3108 440 3163 Παύλου
474 3109 771 3180 ἐπιδημία·
803 3112 896 3163 καὶ
924 3109 1085 3164 τοῦτο
1122 3110 1337 3175 δεικνὺς
1379 3111 1587 3181 ἔλεγεν.
1645 3113 1741 3179 Ὠς

144 3189 227 3260 μὴ
250 3190 585 3260 ἐρχομένου
610 3191 678 3246 δέ
694 3211 815 3262 μου
838 3192 990 3262 πρὸς
1010 3192 1186 3263 ὑμᾶς,
1205 3194 1638 3264 ἐφυσιώθησάν
1661 3212 1740 3249 τι·

144 3291 271 3343 νες·
322 3277 420 3328 καὶ
465 3275 700 3347 ἀλλαχοῦ
738 3276 922 3340 πάλιν,
956 3276 1052 3346 Μὴ
1096 3278 1177 3344 ὡς
1209 3278 1280 3331 ἐν
1316 3276 1393 3346 τῇ
1434 3280 1741 3348 παρουσίᾳ

137 3376 260 3428 μου
296 3360 516 3428 μόνον,
550 3360 712 3414 ἀλλὰ
750 3358 960 3426 πολλῷ
999 3358 1242 3430 μᾶλλον
1269 3361 1339 3414 ἐν
1368 3359 1443 3430 τῇ
1475 3362 1742 3431 ἀπουσίᾳ

136 3458 282 3509 μου,
300 3442 459 3511 μετὰ
482 3443 670 3510 φόϐου
691 3443 789 3496 καὶ
805 3444 1024 3513 τρόμου
1047 3443 1162 3511 τὴν
1187 3443 1419 3498 ἑαυτῶν
1439 3445 1741 3511 σωτηρίαν

138 3523 599 3596 κατεργάζεσθε.
641 3526 739 3579 Διά
770 3525 928 3580 τοῦτο
974 3525 1098 3579 οὑδέ
1148 3526 1337 3591 ἁπλῶς
1376 3527 1741 3597 ἐπηγγείλατο

138 3608 323 3678 ήξειν,
352 3608 446 3661 ἵνα
473 3607 550 3678 μή
570 3609 915 3681 ἀπιστήσωσι
941 3610 1035 3662 καὶ
1059 3609 1425 3682 ῥαθυμότεροι
1451 3611 1736 3678 γένωνται,

135 3690 285 3744 ἀλλὰ
322 3691 421 3745 καὶ
459 3690 642 3744 αἰτίαν
678 3690 860 3762 τίθησι
893 3693 959 3762 τῇ
1000 3691 1269 3764 ἐπιδημίᾳ
1298 3689 1622 3761 ἀναγκαίαν,
1659 3692 1739 3745 λέ·

133 3791 277 3842 των,
303 3775 391 3827 ὅτι
423 3774 501 3829 Τὰ
524 3774 727 3840 λοιπὰ,
744 3776 824 3840 ὡς
840 3774 916 3828 ἂν
939 3776 1114 3841 ἔλθω,
1140 3775 1739 3845 διατάξομαι·δεεκνὺς

133 3837 218 3915 δτι
323 3857 436 3912 τῶν
463 3837 730 3911 λιπόντων
759 3837 1067 3929 διόρθωσις,
1092 3837 1143 3912 εί
1174 3859 1268 3912 καὶ
1303 3837 1737 3929 μὴ’ἐσπουδάκει

135 3944 395 4010 πάντως,
422 3940 587 3996 αὑτὸν
618 3934 800 3995 εἷλκεν
829 3943 1031 3995 ἐκεῖσε.

206 4112 284 4176 τ.
306 4104 498 4161 Ταῦτα
513 4103 691 4157 τοίνυν
706 4101 995 4166 ἀκούοντες
1012 4101 1246 4167 ἅπαντα,
1261 4101 1476 4155 καὶτῶν
1495 4104 1738 4174 πενήτων

136 4192 356 4262 πολλὴν
390 4186 676 4259 ποιώμεθα
708 4186 964 4259 σπουδήν,
992 4187 1090 4240 καὶ
1116 4186 1353 4255 γαστρὸς
1393 4186 1735 4257 κατέχωμεν,

137 4277 243 4331 καὶ
268 4274 447 4347 μέθης
469 4270 965 4343 ἀπαλλαττώμεθα,
988 4272 1084 4325 καὶ⁹
1101 4270 1215 4324 τῶν
1239 4272 1554 4342 μυστηρίων
1572 4270 1739 4337 ἀξίως

136 4359 549 4429 σπουδάζωμεν
572 4354 1030 4429 μεταλαμϐάνειν,
1053 4355 1148 4408 καὶ
1167 4354 1252 4424 ἐφ’
1275 4349 1356 4417 οἷς
1372 4355 1439 4408 ἀν
1452 4355 1735 4427 πάθωμεν,

140 4440 228 4513 μὴ
284 4436 565 4509 ἀλγῶμεν,
622 4436 760 4507 μήτε
798 4435 883 4504 ἐφ’
928 4436 1161 4499 ἑαυτοῖς,
1209 4435 1346 4504 μήτε
1390 4435 1475 4502 ἐφ’
1505 4436 1736 4508 ἑτέροις·

138 4512 272 4571 οἷον
305 4515 433 4569 ὅταν
452 4517 501 4568 οἱ
529 4514 698 4586 ἀωρόι
729 4514 988 4583 γίνωνται
1019 4512 1262 4577 θάνατοι,
1285 4513 1412 4567 ὅταν
1435 4514 1737 4586 ἀρρωστίαι

148 4598 393 4672 μακραί.
422 4599 587 4653 Τοῦτο
616 4597 725 4668 7&9
753 4597 1045 4668 ἀπαλλαγὴ
1080 4596 1374 4660 κολάσεως,
1406 4596 1569 4651 τοῦτο
1597 4598 1738 4669 διόρ-

149 4684 343 4746 θωσις,
375 4682 531 4736 τοῦτο
559 4680 809 4736 νουθεσία
837 4680 1058 4753 ἀρίστη.
1090 4681 1188 4743 Τίς
1216 4679 1388 4734 ταῦτά
1419 4697 1585 4751 φησιν
1610 4700 1624 4748 ;
1678 4684 1736 4735 '0

142 4766 245 4821 τὸν
284 4766 518 4839 Χριστὸν
560 4765 700 4836 έχων
745 4765 803 4819 ἐν
840 4762 1020 4834 ἐαυτῷ
1068 4761 1355 4819 λαλοῦντα.
1409 4763 1549 4816 Ἀλλ’
1586 4766 1737 4835 ὅμως

145 4853 246 4905 καὶ
281 4849 422 4921 μετά
445 4847 622 4903 ταῦτα
645 4846 789 4902 οὑτω
817 4846 1010 4902 πολλαὶ
1033 4846 1144 4900 τῶν
1173 4844 1449 4915 γυναικῶν
1472 4847 1735 4918 ἀναισθή-

147 4952 258 4998 τως
295 4933 629 4996 διάκεινται,
662 4931 738 4996 ὡς
767 4932 862 4985 καὶ
892 4932 1020 4995 τοὺς
1064 4930 1329 4994 ἀπίστους
1367 4930 1737 5003 παρατρέχειν

146 5020 217 5088 τῇ
240 5015 340 5070 τοῦ
366 5014 597 5077 πένθους
626 5013 920 5085 ὑπερϐολῇ·
944 5013 1041 5069 καὶ
1065 5013 1124 5068 αί
1154 5013 1253 5085 μὲν
1280 5012 1387 5067 ὑπὸ
1411 5012 1506 5067 τοῦ
1530 5013 1736 5077 πάθους

143 5097 531 5169 ἐσκοτωμέναι
574 5096 733 5151 τοῦτο
785 5095 1068 5160 ποιοῦσιν,
1103 5098 1159 5151 al
1206 5096 1263 5151 δὲ
1309 5096 1446 5168 πρὸς
1477 5096 1738 5163 ἐπίδειξιν

147 5184 247 5239 καὶ
285 5183 433 5255 ὑπὲρ
462 5180 557 5237 τοῦ
588 5182 659 5238 τά
684 5181 792 5236 τῶν
814 5179 1013 5246 ἔξωθεν
1035 5181 1349 5251 διαφεύγειν
1377 5181 1701 5252 ἐγκλήματα
1718 5220 1734 5244 ,

148 5270 216 5332 ἃς
254 5268 497 5338 μάλιστα
540 5266 722 5339 πάσης
766 5264 1097 5338 συγγνώμης
1124 5263 1536 5336 ἀπεστερῆσθαί
1570 5282 1735 5336 φημι.

152 5352 275 5407 Ἵνα
309 5350 420 5423 γάρ
451 5350 526 5422 μὴ
568 5349 597 5403 6
623 5349 771 5402 δεῖνα
811 5347 1109 5421 ἐγκαλέσῃ,
1145 5348 1332 5419 φησὶν,
1367 5348 1672 5416 ἐγκαλείτω
1711 5349 1739 5401 6

149 5435 309 5500 θεός·
366 5434 455 5488 ἵνα
516 5432 593 5504 μὴ
643 5430 919 5504 ἄνθρωποι
977 5431 1089 5486 τῶν
1136 5431 1348 5499 ἀλόγων
1393 5431 1738 5503 ἀνοητότεροι

152 5518 499 5588 καταγνῶσιν
520 5557 536 5581 ,
578 5519 609 5571 6
662 5517 755 5571 τοὺ
810 5515 1074 5588 βασιλέως
1121 5514 1231 5568 τῶν
1274 5515 1413 5569 ὅλων
1461 5514 1739 5568 πατείσθω

149 5604 339 5675 νόμος.
390 5602 501 5655 Καὶ
536 5601 717 5655 πόσων
757 5601 857 5653 οὑκ
900 5599 1028 5664 ἀξια
1066 5597 1243 5652 ταῦτα
1285 5595 1577 5669 σκηπτῶν;
1618 5596 1738 5650 Κάν

151 5687 259 5763 μὲν
285 5688 366 5750 είς
393 5683 737 5755 περίδειπνόν
774 5682 833 5735 σέ
877 5699 960 5746 τις
996 5681 1201 5753 καλέσῃ
1240 5680 1380 5763 μετὰ
1412 5680 1474 5733 τὸ
1518 5679 1735 5743 πένθος,

150 5762 329 5836 056:1;
366 5772 398 5825 6
430 5766 698 5839 ἀντερῶν,
730 5765 919 5836 ἐπειδὴ
959 5765 1124 5837 νόμος
1162 5762 1466 5835 ἀνθρώπων
1515 5765 1664 5818 ἐστὶν
1709 5766 1738 5818 ὁ

155 5855 323 5909 ταῦτα
367 5852 628 5908 κελεύων·
659 5849 795 5904 Θεοὺ
836 5850 895 5904 δὲ
923 5847 1339 5920 νομοθετοῦντος
1381 5847 1457 5918 μὴ
1498 5848 1734 5913 πενθεῖν,
1778 5832 1805 5867 ⁸

3330 413 3436 468 936

1854 514 1899 573 ὧ
1927 519 2126 589 γύναις
2154 521 2253 576 οὑκ
2285 522 2681 595 ἀναμιμνήσκῃ
2710 521 2814 576 τῶν
2840 524 3100 596 ῥημάτων
3128 523 3294 581 αὑτοῦ
3329 530 3437 583 τῶν

1857 604 1953 656 ἐπὶ
1996 606 2065 674 τῇ
2117 608 2373 678 συμφορᾷ
2422 605 2529 660 τῶν
2568 607 2793 670 παίδων,
2825 607 2862 662 ἀ
2895 609 3104 681 μυρίων
3154 612 3443 681 στεφάνων

1860 685 2064 755 μᾶλλον
2094 687 2322 757 ἀνέδησε
2350 689 2448 760 τὴν
2464 688 2626 758 ἁγίαν
2649 690 2891 762 κεφαλὴν
2912 692 3151 761 ἐκείνην,
3181 694 3277 748 καὶ
3311 696 3442 749 σαλ-

1855 769 2071 838 πίγγων
2099 771 2312 825 πολλῶν
2338 773 2720 845 λαμπρότερον
2748 775 3116 847 ἀνεκήρυξεν;
3152 778 3212 831 οὑ
3246 779 3437 849 λογίζῃ

1853 851 1916 905 τὸ
1945 853 2177 923 μέγεθος
2204 857 2305 925 τῆς
2331 857 2640 928 συμφορᾶς,
2670 857 2766 911 καὶ
2792 858 2854 911 τὸ
2891 860 3080 914 καινὸν
3107 862 3286 915 έκεῖνο
3319 881 3439 915 ναυ-

1854 934 2031 1004 άγιον,
2062 938 2155 991 καὶ
2182 938 2280 1009 τὴν
2312 937 2469 1010 ξένην
2508 940 2603 994 καὶ
2639 940 2944 1012 παράδοξον
2972 944 3321 1015 τραγῳδίανς
3363 946 3437 998 Σὺ

1859 1017 1959 1087 μὲν
1996 1019 2105 1090 7&9
2147 1021 2276 1085 ἴσως
2309 1021 2408 1074 ἕνα
2448 1020 2758 1087 ἀπώλεσας,
2801 1022 2833 1093 ἢ
2864 1024 3136 1095 δεύτερον,
3169 1025 3202 1096 ἢ
3231 1027 3432 1097 τρίτον·

1855 1101 2061 1167 ἐκεῖνος
2098 1102 2155 1156 δὲ
2192 1105 2478 1170 τοσούτους
2511 1109 2607 1160 καὶ
2648 1106 2942 1171 τοσαύτας·
2975 1109 3071 1162 καὶ
3106 1110 3135 1163 6
3166 1109 3437 1174 πολύπαις

1854 1183 2113 1258 ἐξαίφνης
2139 1186 2307 1252 ἄπαις
2337 1190 2575 1257 ἐγένετο,
2604 1190 2700 1245 καὶ
2726 1190 2849 1245 οὐδὲ
2878 1192 3020 1245 κατὰ
3051 1193 3247 1265 μικρὸν
3283 1195 3437 1265 αὑτῷ

1852 1269 1924 1320 τά
1948 1267 2234 1341 σπλάγχνα
2262 1271 2606 1349 ἀνηλίσκετο.
2634 1273 2751 1327 ἀλλ’
2773 1275 2969 1345 ἀθρόον
2996 1274 3141 1341 ἀπας
3164 1276 3194 1329 6
3223 1278 3438 1349 καρπὸς

1853 1350 2221 1423 ἀνηρπάζετο·
2267 1355 2361 1409 καὶ
2402 1347 2534 1410 οὑδέ
2561 1357 2641 1427 τῷ
2682 1356 2845 1428 κοινῷ
2890 1359 2989 1429 τῆς
3022 1357 3238 1427 φύσεως
3286 1347 3437 1429 νόμῳ

1853 1433 1976 1487 οὑδὲ
2001 1436 2081 1500 είς
2114 1435 2293 1507 γῆρας
2325 1436 2591 1505 ἐλθόντες,
2631 1439 2770 1495 άλλά
2810 1440 2906 1493 καὶ
2935 1441 3100 1512 ἀώρῳ
3142 1442 3236 1495 καὶ
3274 1441 3437 1513 βιαίῳ

1854 1515 2071 1590 θανάτῳ
2091 1557 2106 1583 ,
2136 1520 2231 1574 καὶ
2259 1520 2463 1585 πάντες
2486 1521 2624 1593 ὁμοῦ
2647 1563 2660 1584 ,
2703 1524 2798 1576 καὶ
2848 1522 2969 1576 οὑδὲ
2999 1523 3269 1595 παρόντος
3315 1526 3436 1578 οὐδὲ

1855 1600 2152 1672 παρακαθή
2159 1601 2325 1672 μένου
2350 1647 2365 1670 ,
2388 1603 2476 1657 ἵνα
2508 1604 2611 1659 κᾶν
2637 1606 2880 1675 ἐσχάτων
2905 1605 3146 1671 ἀκούσας
3175 1609 3437 1678 ῥημάτων

1853 1681 1952 1755 ἔχῃ
1968 1683 2094 1739 τινὰ
2109 1686 2467 1756 παραμυθίαν
2490 1688 2593 1759 τῆς
2613 1688 2757 1743 οὑτω
2778 1692 2983 1760 πικρᾶς
3003 1690 3282 1761 τελευτῆς,
3300 1692 3438 1745 ἀλλὰ

1855 1767 1985 1836 παρ’
2031 1765 2225 1822 ἐλπίδα
2270 1771 2470 1834 πᾶσαν,
2508 1772 2604 1826 καὶ
2656 1772 2824 1845 μηδὲν
2862 1772 2977 1826 τῶν
3017 1773 3319 1845 γινομένων
3359 1777 3438 1827 εί-

1853 1847 2004 1913 δότος
2024 1887 2040 1915 ,
2079 1849 2277 1921 ἀθρόον
2324 1852 2563 1917 ἅπαντες
2592 1853 3017 1925 κατεχώννυντο,
3070 1857 3165 1910 καὶ
3207 1858 3241 1928 ἡ
3289 1857 3436 1911 οἰκία

1851 1930 2022 2000 τάφος
2048 1933 2230 1995 αὑτοῖς
2255 1935 2462 2004 ἐγίνετο
2492 1937 2584 1990 καὶ
2608 1937 2793 2005 παγίς.
2819 1938 2928 1992 Καὶ
2952 1938 3053 1991 οὑκ
3257 1939 3437 2012 ἀωρος

1856 2014 2015 2084 μόνον
2068 2015 2316 2083 θάνατος,
2372 2019 2510 2073 ἀλλά
2554 2022 2651 2074 καλ⁸
2704 2020 2874 2075 πολλά
2929 2022 3067 2092 μετά
3118 2021 3310 2076 τούτου
3368 2023 3441 2076 τά

1851 2096 2127 2152 λυποῦντα
2156 2094 2246 2170 ἦν,
2291 2095 2403 2155 οἷον
2430 2103 2491 2157 τὸ
2528 2105 2586 2157 ἐν
2624 2104 2777 2176 ἀκμῇ
2817 2106 3025 2169 πάντας
3054 2103 3214 2171 εἶναι,
3247 2107 3310 2160 τὸ
3351 2109 3439 2160 ἐν·

1850 2181 2079 2251 αρέτους
2134 2183 2363 2249 πάντας,
2403 2186 2464 2239 τὸ
2506 2187 2781 2257 φιλικοὺς,
2828 2188 2890 2242 τὸ
2919 2189 3127 2255 πάντας
3166 2190 3325 2261 ὁμοῦ,
3375 2191 3439 2243 τὸ

1850 2262 1950 2334 τῆς
2000 2264 2215 2334 φύσεως
2253 2267 2518 2340 ἑκατέρας
2556 2269 2680 2340 μηδ’
2727 2269 2822 2324 Eva
2862 2271 3337 2343 παραλειφθῆναι,
3375 2274 3438 2326 τὸ

1855 2346 1931 2417 μὴ
1961 2346 2037 2417 τῷ
2090 2347 2256 2420 κοινῷ
2294 2351 2444 2422 νόμῳ
2481 2354 2579 2423 τῆς
2627 2351 2861 2421 φύσεως,
2906 2355 2967 2409 τὸ
2997 2355 3137 2425 μετά
3168 2357 3438 2426 τοσαύτην

1852 2428 2090 2500 ζημίαν,
2138 2431 2201 2486 τὸ
2240 2433 2407 2505 μηδὲν
2456 2434 2636 2505 ἐαυτῷ
2680 2437 2962 2493 συνειδότα
3005 2438 3242 2510 πονηρὸν
3302 2441 3437 2511 μηδέ

1852 2513 2083 2578 ἐκείνοις
2112 2515 2287 2570 ταῦτα
2327 2518 2541 2573 παθεῖν.
2584 2520 2804 2575 Τούτων
2841 2522 2950 2593 7&9
2978 2522 3210 2578 ἕκαστον
3254 2524 3438 2578 ἱκανὸν

1854 2594 1955 2665 μὲν
2002 2597 2095 2652 καὶ
2136 2598 2259 2653 καθ’
2301 2601 2462 2654 ἑαυτὸ
2504 2602 2838 2673 θορυϐῆσαι·
2892 2605 3020 2660 ὅταν
3060 2606 3116 2660 δὲ
3169 2607 3261 2661 καὶ
3296 2607 3436 2678 ὁμοῦ

1852 2681 2110 2753 φαίνηται
2171 2685 2553 2757 συντρέχοντα,
2606 2688 2859 2760 ἐννόησον
2913 2690 3022 2743 τῶν
3061 2691 3323 2761 κυμάτων
3375 2694 3437 2745 τὸ

1852 2763 2007 2834 ὕψος,
2030 2766 2129 2839 ὅση
2151 2768 2246 2821 τοῦ
2274 2770 2542 2840 χειμῶνος
2562 2771 2596 2842 ή
2619 2771 2915 2843 ὑπερϐολή.
2945 2775 3056 2829 Καὶ
3079 2775 3138 2828 τὸ
3156 2775 3221 2848 δὴ
3249 2777 3439 2847 μεῖζον

1851 2848 1947 2903 καὶ
1993 2851 2087 2904 τοῦ
2125 2852 2355 2917 πένθους
2382 2856 2585 2925 χεῖρον,
2616 2856 2698 2909 ὅτι
2747 2856 2870 2911 οὑδὲ
2903 2857 3019 2928 ⁴ᾔδει
3065 2858 3206 2923 τίνος
3249 2861 3437 2915 ἕνεκεν

1850 2932 2023 2988 ταῦτα
2054 2933 2285 3003 ἐγίνετο.
2316 2937 2414 2991 Διά
2445 2937 2509 3009 δὴ
2540 2937 2721 3007 τοῦτο,
2750 2940 2852 2993 οὑκ
2883 2939 3025 3011 έχων
3054 2942 3312 3004 οὐδεμίαν
3345 2946 3434 2997 al-

1850 3017 1972 3071 τίαν
1999 3018 2267 3074 ἐπιθεῖναι
2311 3025 2380 3095 τῇ
2413 3025 2704 3096 συμφορᾷ,
2748 3024 2842 3077 ἐπὶ
2869 3024 2931 3078 τὺ
2961 3025 3038 3096 τῷ
3083 3025 3202 3096 Θεῷ
3243 3027 3437 3082 δοκοῦν

1849 3099 2151 3167 ἀναϐαίνει,
2185 3102 2279 3157 καί
2308 3121 2493 3175 φησιν·
2532 3106 2596 3160 '0
2627 3107 2839 3176 Κύριος
2871 3107 3114 3174 ἔδωκεν,
3149 3112 3183 3163 ό
3221 3111 3438 3179 Κύριοςι

1849 3184 2153 3254 ἀφείλετο·
2182 3187 2263 3254 ὠς
2289 3186 2367 3253 τῷ
2396 3189 2588 3259 Κυρίῳ
2615 3188 2849 3255 ἔδοξεν,
2873 3190 3028 3245 οὕτω
3048 3192 3146 3245 καί
3173 3192 3433 3263 ἐγένετο·

1848 3267 1942 3335 εἴη
1970 3269 2033 3321 τὸ
2056 3268 2243 3338 ὄνομα
2267 3270 2485 3337 Κυρίου
2500 3271 2910 3343 εὐλογημένοι·
2926 3275 3015 3338 είς
3035 3275 3176 3341 τοὺς
3194 3275 3433 3342 αἰῶνας.

1848 3351 1962 3403 Καὶ
1987 3350 2163 3406 ταῦτα
2191 3351 2396 3421 ἔλεγεν,
2428 3354 2620 3408 ἑαυτὸν
2652 3355 2750 3426 μὲν
2784 3357 2842 3408 ἐν
2869 3358 2983 3421 τοῖς
3023 3356 3273 3428 ἐσχάτοις
3305 3359 3438 3415 ὄντα

1848 3433 1991 3502 ὁρῶν
2020 3434 2111 3488 τὸν
2152 3437 2333 3490 πᾶσαν
2372 3437 2667 3493 ἐπελθόντα
2701 3439 2924 3512 ἀρετήν,
2956 3441 3227 3513 πονηροὺς
3253 3441 3312 3494 δὲ
3342 3443 3437 3496 ἀν-

1852 3516 2106 3588 θρώπους
2156 3519 2251 3573 καὶ
2319 3519 2522 3589 γόητας
2590 3521 3028 3594 εὑημεροῦντας,
3087 3524 3434 3594 τρυφῶντας.

1852 3600 2140 3670 κομῶντας
2182 3603 2466 3657 πάντοθεν.
2515 3605 2624 3659 Καὶ
2666 3605 2767 3658 οὐκ
2800 3599 2955 3659 εἶπεν
2986 3605 3136 3659 οὐδὲν
3171 3608 3435 3675 τοιοῦτον,

1849 3675 1962 3736 οἷον
1990 3684 2139 3748 εἰκός
2169 3702 2321 3750 τινας
2345 3687 2453 3740 τῶν
2481 3687 2889 3760 ἀσθενεστέρων
2912 3690 3107 3742 εἰπεῖν·
3157 3690 3279 3744 Ἐπὶ
3307 3691 3436 3745 τοὺ-

1847 3783 1961 3830 τοις
1985 3768 2192 3840 ἔθρεψα
2218 3772 2343 3834 τοὺς
2372 3771 2587 3835 παῖδας,
2618 3774 2710 3826 καὶ
2738 3772 2878 3842 μετά
2906 3774 3193 3845 ἀκριϐείας
3217 3775 3437 3846 ήσκησα

1849 3851 2103 3921 ἀπάσης;
2134 3853 2227 3906 ἐπὶ
2252 3854 2461 3919 τούτοις
2492 3855 2702 3925 ἠνέῳξα
2731 3856 2829 3928 την
2851 3855 3028 3910 οἰκίαν
3052 3861 3165 3920 τοῖς
3198 3859 3434 3929 παριοῦο

1850 3951 1957 3999 σιν,
1996 3936 2082 3989 ἵνα
2125 3936 2266 4006 μετά
2296 3939 2422 4001 τοὺς
2457 3938 2685 4003 πολλοὺς
2730 3939 2965 4009 δρόμους
3015 3940 3257 4005 ἐκείνους
3306 3943 3435 4006 τοὺς

1849 4017 1988 4087 ὑπὲρ
2025 4019 2133 4071 τῶν
2173 4018 2465 4092 δεομένων,
2500 4022 2627 4086 τοὺς
2673 4023 2813 4092 ὑπὲρ
2856 4021 2965 4076 τῶν
3011 4023 3256 4093 γυμνῶν,
3305 4026 3431 4091 τοὺς

1849 4100 1992 4172 ὑπὲρ
2025 4102 2133 4155 τῶν
2160 4104 2434 4175 ὀρφανῶν,
2473 4104 2677 4169 ταύτας
2713 4105 2972 4161 ἀπολάϐω
3006 4107 3105 4169 τὰς
3156 4107 3432 4177 ἀμοιϐάς;

1862 4184 2001 4237 Ἀλλ’
2039 4186 2159 4239 ἀντὶ
2202 4186 2411 4242 τούτων
2456 4188 2525 4242 τά
2560 4189 2742 4260 πάσης
2782 4189 2970 4253 θυσίας
3013 4187 3298 4258 κρεῖττονα
3338 4194 3434 4261 ρή-

1851 4285 2002 4336 ματα
2024 4269 2321 4341 ἀνήνεγκεν
2342 4272 2548 4338 ἐκεῖνα,
2583 4271 2777 4341 λέγων·
2811 4274 3052 4342 Γυμνὸς
3074 4271 3340 4340 ἐξῆλθον
3362 4275 3433 4327 ἐκ

1849 4353 2083 4418 κοιλίας
2131 4354 2361 4422 μητρός
2389 4372 2510 4424 μου
2533 4395 2548 4419 ,
2584 4354 2809 4424 γυμνὸς
2851 4353 2947 4409 καί
2995 4356 3428 4426 ἀπελεύσομαι.

1850 4436 1911 4489 Εἰ
1939 4435 1996 4489 δὲ
2024 4436 2274 4509 διέρρηξε
2301 4437 2368 4491 τὰ
2396 4439 2607 4508 ἱμάτια,
2639 4438 2731 4491 καὶ
2757 4438 2855 4511 τὴν
2880 4438 3054 4511 κόμην
3075 4441 3430 4511 ἀπεκείρατο,

1851 4519 1927 4590 μὴ
1957 4519 2243 4591 θαυμάσῃς
2264 4538 2278 4551 ·
2306 4522 2489 4593 πατὴρ
2528 4522 2636 4594 γάρ
2670 4518 2736 4593 ἦν
2755 4564 2769 4588 ,
2803 4524 2898 4576 καὶ
2927 4522 3110 4596 πατὴρ
3144 4523 3429 4595 φιλόστορ-

1847 4617 1965 4670 γος,
2009 4604 2104 4656 καὶ
2128 4603 2236 4657 ἔδει
2271 4605 2363 4658 καὶ
2388 4604 2486 4675 τὴν
2518 4605 2618 4674 τῆς
2650 4604 2865 4675 φύσεως
2905 4604 3185 4676 δειχθῆναι
3214 4607 3432 4677 συμπά-

1848 4686 2036 4753 θειαν,
2063 4687 2158 4741 καὶ
2188 4687 2288 4760 τὴν
2319 4689 2417 4759 τῆς
2447 4688 2672 4759 γνώμης
2698 4689 3037 4758 φιλοσοφίαν.
3060 4689 3124 4743 Εἰ
3154 4690 3263 4760 γάρ
3296 4690 3430 4762 μηδὲ

1846 4769 2006 4823 τοῦτο
2052 4770 2300 4843 ἐποίησε,
2346 4773 2489 4843 τάχα
2537 4773 2633 4825 καὶ
2668 4772 3025 4844 ἀναισθησίας
3067 4774 3319 4846 ἐνόμιζεν
3364 4775 3429 4828 ἄν

1846 4858 1932 4915 τις
1970 4849 2109 4906 εἶναι
2142 4853 2240 4925 τὴν
2276 4853 2598 4924 φιλοσοφίαν
2634 4855 2861 4927 ταύτην.
2897 4855 2998 4909 Διά
3035 4856 3195 4910 τοῦτο
3228 4859 3318 4910 καὶ
3362 4858 3431 4912 τά

1849 4934 2139 5006 σπλάγχνα
2164 4935 2403 4990 δείκνυσι
2432 4938 2527 4990 καὶ
2551 4937 2652 5007 τῆς
2686 4938 2969 5001 εὐσεϐείας
2995 4938 3093 5009 τὴν
3117 4940 3428 5010 ἀκρίϐειαν,

1849 5019 1945 5073 καὶ
1985 5018 2231 5091 ἀλγήσας
2268 5020 2330 5073 οὑ
2376 5022 2753 5092 περιετράπη·
2799 5020 2939 5074 ἀλλά
2981 5023 3076 5075 καὶ
3120 5023 3431 5094 περαιτέρω

1849 5103 2131 5171 προϊόντος
2154 5102 2304 5173 αὑτῷ
2328 5104 2421 5156 τού
2453 5104 2683 5173 ἀγῶνος,
2711 5104 2874 5157 πάλιν
2907 5105 3128 5175 ἐτέρους
3158 5106 3431 5161 ἀναδεῖται

1850 5185 2151 5253 στεφάνους
2195 5189 2258 5240 ἐκ
2297 5188 2406 5240 τῶν
2448 5186 2581 5258 πρὸς
2617 5188 2716 5259 τὴν
2753 5189 2985 5255 γυναῖκα
3019 5190 3303 5259 ῥημάτων,
3346 5190 3433 5243 λέπ-

1848 5284 1992 5337 γων·
2038 5270 2107 5322 El
2155 5270 2226 5324 τὰ
2254 5269 2445 5339 ἀγαθὰ
2481 5270 2811 5339 ἐδεξάμεθα
2860 5273 3020 5340 ,παρὰ
3053 5272 3298 5339 Κυρίου,
3360 5275 3437 5330 τὰ

1849 5351 2006 5406 κακὰ
2028 5354 2141 5421 οὐχ
2176 5355 2542 5424 ὑποίσομενς
2566 5355 2677 5408 Καὶ
2709 5354 2876 5426 γάρή
2910 5354 3047 5425 γυνὴ
3077 5353 3212 5426 μόνη
3246 5354 3433 5411 λοιπὸν

1849 5435 2181 5505 ὑπελείφθη,
2229 5436 2447 5491 πάντων
2489 5438 2897 5508 ἀφανισθέντων
2952 5436 3136 5508 αὑτῷ,
3174 5440 3267 5492 καὶ
3322 5439 3433 5492 τῶν

1851 5517 2056 5573 παίδων
2087 5519 2181 5572 καὶ¹
2210 5519 2320 5573 τῶν
2367 5520 2664 5593 κτημάτων
2702 5520 2797 5574 καὶ¹
2823 5519 2987 5574 αὑτοῦ
3024 5519 3119 5576 τοῦ
3156 5519 3429 5591 σώματος,

1849 5602 1946 5656 καὶ
1970 5601 2109 5675 αὑτη
2138 5603 2274 5677 πρὸς
2312 5607 2509 5675 πεῖραν
2542 5605 2636 5659 καὶ
2660 5603 2977 5676 ἐπιϐουλήν.
3012 5604 3112 5657 Διά
3149 5603 3307 5658 τοῦτο
3334 5605 3432 5656 καὶ

1849 5686 2020 5757 αὑτήν
2068 5687 2208 5757 μετά
2253 5687 2362 5742 τῶν
2409 5688 2616 5743 τέκνων
2652 5689 2754 5743 οὑκ
2791 5690 3056 5758 ἠφάνισεν
3101 5689 3129 5742 6
3162 5685 3428 5751 διάϐολος,

1848 5767 1969 5822 οὑδὲ
1998 5768 2200 5840 ⁴ᾔτησεν
2224 5771 2398 5840 αὑτῆς
2427 5769 2525 5842 τὴν
2550 5771 2787 5841 σφαγὴν,
2816 5770 3003 5841 ἐπειδὴ
3033 5767 3429 5841 προσεδόκησεν

1852 5851 2064 5922 μεγάλα
2087 5852 2234 5924 αὑτῷ
2258 5853 2531 5907 συντελεῖν
2559 5854 2697 5924 πρὸς
2720 5854 2818 5925 τὴν
2840 5852 3134 5922 ἐπιϐουλὴν
3156 5849 3246 5904 τοὺ
3274 5849 3429 5917 ἁγίου

154 5937 293 5995 οὕτω
330 5939 533 6001 πάντες
561 5931 1032 6006 ἀντιφθέγγονται.
1058 5930 1423 6025 ρὺκᾲέννοεῖς
1457 5931 1548 5985 τὸν
1591 5929 1734 6001 Ἰὼϐ,
1776 5926 1809 6000 ξ,
1848 5934 2059 5991 τούτου.
2110 5935 2209 5991 Διά
2251 5936 2408 5991 τοῦτο
2448 5936 2638 6007 ὥσπερ
2681 5953 2733 5991 τι
2777 5936 3034 6006 μέγιστον
3061 5935 3223 5991 ὅπλον
3262 5931 3429 6003 αὐτὴν
