3962 6404
266 364 406 420 237

272 496 491 552 pos-eL
515 489 572 537 et
610 481 724 551 ipsa
769 479 819 536 ei
861 478 927 534 ad
954 477 1298 534 tentationem
1344 485 1402 533 et
1442 475 1665 532 insidias
1707 473 1896 531 relicta

268 583 404 629 est.
433 571 675 643 Ideoque
713 571 861 627 illam
906 586 1009 626 non
1046 585 1169 626 cum
1204 569 1325 625 liliis
1364 569 1581 625 sustulit
1612 567 1862 624 diabolus
1887 608 1902 635 ,

271 680 487 736 neque
540 666 711 737 ipsius
750 664 955 721 cuidem
989 663 1246 734 expetiit,
1293 662 1418 734 quia
1449 661 1707 732 sperabat
1756 660 1902 715 illam

275 774 565 830 magnam
608 757 710 815 sibi
752 773 911 829 opem
938 772 1059 813 esse
1092 757 1321 811 laturam
1346 755 1415 811 ad
1461 755 1684 810 insidias
1713 760 1903 809 sancto

278 852 434 907 huic
459 852 581 907 viro
616 850 898 920 parandas.
934 849 1165 921 Ideoque
1192 850 1360 920 ipsam
1385 890 1399 914 ,
1430 861 1704 919 tamquam
1734 847 1903 902 maxi-

279 960 459 999 mum
515 942 680 998 telum
734 942 834 998 sibi
911 950 1275 1013 opportunum
1327 940 1564 1011 reliquit.
1615 940 1672 995 Si
1715 939 1905 1006 enim,

281 1037 523 1107 inquit,
553 1035 826 1091 hominem
854 1050 953 1106 per
981 1036 1125 1090 illam
1165 1050 1236 1091 ex
1264 1034 1514 1105 paradiso
1540 1033 1705 1106 ejeci,
1738 1032 1907 1089 multo

282 1129 483 1200 nugis
513 1130 567 1184 in
598 1128 942 1198 sterquilinio
967 1136 1156 1199 potero
1181 1127 1548 1198 supplantare.

371 1224 433 1279 4.
478 1223 548 1278 Ει
571 1220 1083 1281 videcalliditatem.
1112 1219 1295 1292 Neque
1327 1220 1784 1301 enimpostquam
1811 1218 1908 1274 bo-

285 1330 402 1372 ves
428 1315 738 1387 perierant,
767 1313 908 1370 hanc
936 1313 1240 1370 machinam
1269 1312 1535 1380 adhibuit,
1565 1326 1741 1382 neque
1784 1319 1909 1381 post

286 1409 556 1465 sublatos
582 1409 764 1465 asinos
792 1408 879 1464 vel
923 1407 1159 1463 camelos
1182 1447 1199 1474 ,
1231 1421 1333 1463 nec
1362 1413 1486 1476 post
1511 1405 1775 1474 dejectam
1803 1402 1908 1459 do-

289 1517 456 1557 mum
484 1543 503 1568 ,
533 1516 709 1573 neque
752 1508 874 1570 post
900 1499 1123 1555 obrutos
1152 1497 1331 1565 ﬁlios;
1376 1496 1473 1553 sed
1503 1496 1717 1552 interim
1743 1495 1908 1551 silere

290 1605 356 1652 et
402 1596 644 1666 quietem
689 1609 848 1666 agere
883 1595 1009 1650 sivit
1032 1593 1289 1649 athletam
1334 1592 1559 1658 videns;
1591 1591 1681 1647 ubi
1724 1600 1904 1644 autem

246 1748 251 1751 _
292 1688 575 1745 vermium
617 1686 738 1743 fons
762 1687 1060 1754 scaturivit,
1100 1701 1224 1741 cum
1275 1693 1589 1756 putrescens
1616 1682 1771 1752 pellis
1800 1680 1907 1737 dif-

296 1780 507 1836 ﬂueret
526 1822 544 1847 ,
570 1792 634 1836 et
660 1789 994 1851 consumpta:
1020 1793 1216 1835 carnes
1237 1779 1440 1833 saniem
1464 1777 1814 1844 emitterent,
1842 1788 1907 1830 ac

297 1873 677 1943 sartaginibns
706 1871 1123 1943 fornaeibusque
1149 1880 1208 1927 et
1230 1870 1422 1942 quavis
1451 1871 1667 1925 ﬂamma
1691 1869 1908 1940 gravior

301 1965 489 2035 ipsum
520 1964 718 2020 diaboli
753 1979 943 2019 manus
970 1971 1353 2030 consumeret,
1398 1963 1589 2034 quavis
1617 1961 1729 2018 fera
1770 1961 1907 2018 eﬁ‘e-

302 2057 485 2113 ratior
516 2057 615 2126 ipsi
659 2070 855 2127 corpus
902 2055 1138 2126 undique
1163 2069 1491 2111 consumens
1510 2061 1569 2110 et
1595 2054 1861 2110 devorans
1887 2090 1904 2120 ,

303 2165 433 2206 cum
483 2151 536 2205 in
564 2149 664 2205 hac
687 2149 993 2205 calamitate
1021 2148 1249 2204 multum
1281 2148 1539 2219 temporis
1579 2148 1906 2217 insumptum

305 2243 541 2307 fuisset,
568 2252 699 2299 tunc
728 2258 953 2299 uxorem
982 2243 1046 2298 ad
1088 2241 1239 2298 illum
1269 2242 1489 2299 adducit
1528 2243 1638 2314 jam
1669 2242 1910 2299 exsicca-

308 2344 425 2390 tum
447 2345 503 2390 et
522 2334 844 2391 confectum.
869 2335 926 2392 Si
956 2335 1099 2391 enim
1131 2335 1284 2391 initio
1304 2335 1627 2391 calamitatis
1649 2335 1908 2391 accessis-

307 2436 426 2494 set,
461 2442 637 2495 neque
676 2427 745 2482 ita
793 2428 943 2482 illum
989 2438 1305 2483 enervatum
1355 2427 1684 2499 reperisset,
1734 2441 1909 2498 neque

307 2520 674 2577 calamitatem
706 2520 846 2576 adeo
876 2519 1140 2590 potuisset
1165 2534 1494 2592 exaggerare
1516 2535 1581 2576 ac
1609 2520 1788 2576 verbis
1811 2535 1907 2575 cx—

309 2613 507 2669 tollere
547 2629 738 2669 :nune
789 2621 967 2668 autem
1017 2613 1110 2669 ubi
1158 2613 1291 2669 vidit
1336 2614 1604 2693 illum’ob
1652 2615 1909 2684 temporis

309 2704 725 2761 diuturnitatem
754 2705 1128 2762 liberationem
1159 2706 1313 2761 sitire
1355 2714 1411 2760 et
1438 2706 1705 2761 malorum
1744 2706 1909 2761 ﬁnem

307 2799 661 2870 desiderare,
690 2808 816 2856 tunc
839 2799 1132 2857 vehemens
1170 2799 1397 2857 accedit.
1424 2798 1557 2867 Quia
1583 2800 1728 2855 enim
1754 2799 1912 2856 valde

305 2890 595 2947 coercetus
623 2901 773 2957 erat,
820 2907 995 2962 neque
1037 2892 1308 2962 reSpirare
1349 2891 1489 2946 ultra
1535 2900 1782 2961 poterat,
1815 2891 1911 2948 sed

307 2990 369 3039 et
396 2982 538 3038 mori
564 2982 832 3053 cupiebat.
862 2983 984 3038 andi
1015 2982 1141 3054 quid
1173 2982 1317 3039 dicat
1336 2982 1513 3058 :[Nam
1542 2983 1588 3038 si
1620 2984 1749 3039 mihi
1781 2999 1910 3055 pos-

305 3089 430 3131 sem
481 3090 698 3130 manum
747 3074 983 3141 inferre,
1016 3083 1111 3130 aut
1149 3076 1312 3131 alium
1360 3090 1586 3147 rogare,
1617 3076 1779 3131 etiam
1808 3074 1913 3133 hoc

306 3165 555 3222 facerem
590 3162 789 3237 (a).]Et
815 3166 935 3222 vide
960 3166 1093 3221 mihi
1139 3166 1430 3237 nequitiam
1454 3168 1741 3237 mulieris,
1769 3167 1913 3225 unde

308 3258 502 3334 statim
553 3257 793 3313 ordiatur
833 3275 848 3311 :
880 3272 910 3312 a
954 3257 1306 3313 diuturnitate
1355 3258 1611 3328 temporis
1636 3301 1651 3325 ,
1681 3258 1868 3315 dicens
1891 3284 1908 3317 .

313 3345 598 3419 Quousque
619 3348 854 3403 tolerabis
879 3346 999 3418 (Job
1022 3348 1077 3402 2.
1109 3348 1207 3420 9)?
1227 3350 1282 3405 Si
1309 3365 1539 3421 namque
1563 3365 1729 3422 Str-pe,
1751 3352 1912 3407 etiam

307 3455 441 3495 cum
465 3439 645 3510 gravia
668 3454 774 3493 non
804 3441 1066 3496 instarent
1089 3441 1327 3512 negotia,
1358 3442 1521 3498 verba
1549 3443 1722 3498 solum
1747 3442 1916 3499 emol-

310 3533 418 3587 lire
449 3540 774 3603 potuerunt;
817 3534 990 3603 cegita
1039 3534 1169 3604 quid
1213 3534 1578 3591 verisimiliter
1620 3537 1736 3607 ipse
1787 3545 1916 3593 tunc

312 3626 662 3700 patiebatur,
706 3642 825 3681 eum
854 3634 910 3681 et
952 3623 1067 3682 hazc
1105 3626 1269 3683 verba
1300 3639 1354 3683 et
1383 3643 1471 3684 res
1517 3629 1633 3700 ipse
1670 3629 1915 3686 dolorem

311 3720 424 3790 ipsi
472 3718 751 3775 inferrent.
804 3718 1069 3789 Quodque
1098 3719 1337 3774 omnium
1382 3720 1715 3775 teterrimum
1759 3730 1915 3791 erat,

314 3810 466 3882 quod
488 3821 543 3866 et
572 3825 706 3865 uxor
734 3809 850 3881 ejus
877 3810 995 3866 hcce
1026 3810 1357 3881 loqueretur,
1391 3821 1445 3867 et
1473 3828 1608 3867 uxor
1635 3828 1755 3882 qua:
1787 3828 1921 3869 con-

317 3904 533 3960 ciderat
573 3911 632 3959 et
672 3904 909 3958 animum
953 3904 1358 3973 despondebat;
1393 3903 1621 3975 ideoque
1668 3906 1920 3962 studebat

318 4005 378 4053 et
432 3996 606 4067 ipsum
653 3995 705 4049 in
750 3994 1181 4065 desperationem
1233 3996 1525 4065 conjicere.
1558 3997 1827 4054 Caeterum
1860 4008 1920 4056 ut

323 4097 516 4158 aperte
544 4085 819 4142 videmnus
840 4087 1143 4142 machinam
1171 4087 1223 4141 in
1258 4087 1400 4143 hunc
1423 4104 1637 4143 murum
1661 4090 1920 4147 adaman-

326 4182 498 4237 tinum
531 4181 800 4237 admotam
823 4221 840 4249 ,
871 4181 985 4251 ipsa
1017 4182 1175 4237 verba
1208 4182 1511 4237 audiamus.
1538 4183 1800 4250 Quaenam
1827 4185 1919 4240 illa

327 4274 495 4329 sunt?
542 4273 815 4344 Quousque
857 4274 1095 4331 tolerabis
1124 4276 1302 4334 dicens
1320 4318 1335 4341 ,
1369 4276 1502 4332 Ecce
1529 4279 1797 4349 prtcstol0r
1816 4280 1919 4334 ad-

332 4367 432 4424 huc
457 4366 712 4422 modicum
742 4368 984 4438 temporis
1023 4384 1164 4437 spent
1206 4369 1387 4423 solutis
1417 4370 1607 4426 habens
1650 4370 1814 4442 (Ibid.
1863 4374 1919 4428 in

340 4457 566 4531 Greco)?
593 4458 741 4525 Tua,
788 4460 993 4531 inquit,
1045 4460 1210 4516 verba
1255 4460 1453 4516 refellit
1500 4470 1745 4534 tempus,
1775 4464 1920 4535 quod

341 4549 632 4605 diuturnius
670 4551 866 4606 factum
887 4592 903 4617 ,
934 4551 1139 4606 nullam
1172 4552 1392 4607 exhibet
1417 4554 1761 4611 solutionem.
1792 4556 1919 4613 Hace

337 4651 509 4696 autem
542 4640 787 4708 dicebat,
815 4656 921 4697 non
970 4642 1132 4697 tnodo
1178 4643 1228 4697 in
1261 4642 1694 4714 desperationem
1743 4647 1918 4717 ipsum

337 4733 660 4802 conjiciens,
708 4733 804 4789 sed
835 4735 1175 4804 exprobrans
1216 4738 1267 4792 ei
1312 4747 1372 4791 et
1415 4739 1698 4796 traducens
1747 4741 1917 4796 illum.

344 4825 548 4880 Etenim
579 4825 669 4880 ille
693 4826 992 4881 molestiam
1022 4836 1297 4883 creantetn
1328 4828 1497 4899 ipsam
1527 4832 1836 4899 consolans,
1864 4842 1921 4890 et

336 4916 444 4987 eius
472 4917 631 4973 verba
655 4916 930 4991 depellens
948 4961 963 4986 ,
992 4919 1116 4974 talia
1145 4919 1501 4992 loquebatur:
1530 4922 1794 4994 Exspecta
1819 4924 1920 4981 ad-

340 5008 437 5066 huc
482 5009 780 5079 paululum,
825 5020 882 5066 et
927 5011 1035 5066 cito
1060 5011 1184 5067 ﬁnis
1213 5012 1404 5067 horum
1432 5015 1632 5071 veniet.
1680 5017 1761 5071 llli
1791 5033 1921 5089 ergo

341 5102 664 5172 exprobrans
682 5102 820 5159 dicit
845 5103 961 5175 ipsa
993 5122 1005 5158 :
1036 5106 1119 5160 An
1148 5120 1291 5161 nunc
1327 5120 1541 5178 quoque
1568 5108 1799 5178 idipsum
1826 5111 1918 5165 di-

343 5194 463 5249 ces?
484 5195 707 5249 multum
737 5196 878 5250 enim
910 5197 1167 5268 temporis
1196 5197 1307 5268 jam
1332 5201 1619 5269 prmteriit,
1649 5210 1703 5257 et
1732 5202 1920 5258 nullus

344 5288 523 5344 hurttm
557 5291 678 5345 ﬁnis
712 5289 858 5346 visus
883 5300 985 5346 est.
1015 5291 1084 5346 Et
1109 5292 1230 5348 vide
1256 5293 1546 5364 nequitiam
1574 5314 1588 5351 :
1622 5310 1729 5350 non
1754 5296 1917 5352 boum

343 5382 621 5448 meminit,
674 5398 783 5439 non
832 5384 1011 5440 ovium
1039 5425 1055 5451 ,
1107 5399 1217 5442 non
1272 5386 1604 5444 camelorum
1643 5405 1658 5455 ;
1716 5389 1921 5446 sciebat

344 5475 470 5530 enim
501 5476 653 5531 illuni
680 5492 787 5532 non
817 5476 1106 5535 admodum
1133 5477 1282 5536 hisce
1308 5478 1577 5547 morderi;
1610 5479 1713 5538 sed
1737 5482 1918 5538 statim

409 5661 477 5724 (α)
496 5659 666 5724 verba
685 5657 879 5724 uncinis
908 5660 1109 5724 clausa,
1127 5671 1241 5721 quae
1263 5656 1580 5724 desperantis
1606 5668 1724 5724 e_ssc
1750 5653 1924 5724 viden-

354 5717 444 5785 tur,
461 5717 798 5791 inhodieruis
816 5717 1196 5791 exemplaribus
1216 5733 1314 5769 non
1340 5717 1922 5791 liabe‘nturJfossunt‘ta:

354 5780 456 5849 mea
474 5784 575 5835 alio
591 5796 740 5849 sensu
765 5781 960 5834 mitiore
976 5780 1218 5844 intelligi,
1241 5793 1445 5849 nempe:
1463 5780 1582 5829 Nam
1604 5780 1644 5846 si
1658 5780 1920 5849 μεωειεεὶ

356 5848 421 5899 fas
438 5854 591 5911 esset,
604 5847 645 5898 si
669 5844 776 5897 sine
798 5851 1003 5910 peccato
1024 5840 1217 5908 possem
1239 5840 1374 5892 mihi'
1384 5855 1578 5892 manum
1603 5840 1805 5903 inferre,
1821 5846 1917 5891 ctu.

1286 361 1354 418 IN
1391 359 1658 420 EPISTJ
1719 357 1813 414 AD
1849 354 2009 414 (ΞΟΠ.
2049 356 2285 416 HOMIL.
2325 361 2569 424 XXVIII.

3499 380 3610 438 $58

2011 475 2157 530 venit
2187 476 2253 533 ad
2302 488 2584 549 naturam,
2618 491 2674 538 et
2713 483 2851 541 ﬁlios
2877 484 2934 541 in
2977 488 3294 547 memoriam
3337 505 3556 551 revocat
3614 515 3625 547 :

2008 566 2215 624 viderat
2238 571 2383 626 enim
2410 572 2583 643 ipsum
2607 575 2821 633 amissis
2846 575 2974 634 ﬁliis
3015 590 3223 638 vestem
3266 583 3550 642 discidisse
3607 629 3621 650 ,

2009 665 2065 711 et
2088 671 2298 716 comam
2327 664 2644 721 totondisse.
2674 666 2859 737 Neque
2906 668 3063 737 dixit,
3093 670 3217 728 Filii
3254 675 3332 730 tui
3366 677 3599 748 periere,

1962 784 1965 787 -
2009 750 2105 805 sed
2136 751 2300 808 modo
2337 754 2404 810 ad
2434 758 2961 817 commiserationem
2989 767 3288 835 composito
3316 786 3330 822 :
3367 767 3600 825 Deletum

2010 852 2084 897 est
2123 846 2417 902 memoriale
2443 857 2587 902 tuum
2614 849 2677 905 de
2704 860 2874 919 terra,
2907 865 3132 927 propter
3162 859 3303 928 quod
3333 859 3429 915 lilii
3455 861 3606 918 desi-

2009 934 2281 992 derabiles
2308 947 2452 993 sunt.
2486 938 2702 996 Etenim
2724 943 2771 997 si
2801 945 2962 1000 etiam
2992 963 3133 1003 nunc
3157 990 3170 1013 ,
3201 965 3325 1005 cum
3355 966 3603 1008 resurre-

2009 1031 2121 1084 ctio
2152 1029 2326 1085 futura
2366 1033 2643 1100 creditur,
2687 1036 2813 1092 hinc
2864 1037 2959 1094 lilii
3005 1040 3391 1101 desiderabiles
3439 1056 3603 1114 sunt,

2010 1120 2157 1190 quod
2213 1138 2402 1179 eorum
2448 1126 2536 1196 qui
2585 1126 2938 1184 decesserunt
2980 1134 3297 1190 memoriam
3343 1146 3605 1205 servent,

2010 1212 2183 1267 multo
2211 1216 2380 1287 magis
2413 1225 2557 1272 tunc.
2591 1217 2719 1274 Ideo
2747 1219 2873 1276 hinc
2905 1222 3214 1278 maledictio
3243 1227 3494 1282 acerbior
3520 1227 3608 1284 ef-

2011 1304 2209 1361 ﬁcitur.
2240 1307 2424 1378 Neque
2448 1311 2592 1364 enim
2620 1311 2709 1381 qui
2737 1311 2848 1367 illic
2868 1324 3181 1370 exsecratur
3206 1315 3335 1372 dicit
3359 1336 3373 1371 :
3412 1320 3610 1376 Exter-

2012 1398 2285 1454 minentur
2307 1399 2442 1467 ﬁlii,
2469 1402 2567 1457 sed
2585 1442 2602 1470 ,
2636 1402 2935 1460 Memoriale
2982 1406 3093 1477 ejus
3121 1417 3310 1462 eterra
3344 1408 3469 1478 (Job
3494 1412 3563 1467 18
3587 1453 3605 1470 .

2011 1492 2103 1561 17)
2125 1535 2140 1559 ,
2175 1509 2369 1565 nempe
2400 1495 2496 1550 ﬁlii
2527 1497 2600 1551 tni
2624 1505 2685 1552 et
2708 1497 2831 1553 illita
2861 1507 2988 1553 tum.
3014 1498 3146 1555 Cum
3182 1500 3408 1558 dixisset
3437 1504 3608 1570 enim,

2014 1583 2316 1641 Memoriale
2339 1629 2355 1654 ,
2383 1598 2632 1645 accurate
2654 1605 2844 1646 rursus
2866 1598 3152 1663 utrumque
3179 1608 3367 1649 sexum
3399 1611 3606 1650 memo-

2010 1688 2133 1733 rat:
2163 1678 2219 1733 Si
2247 1689 2425 1736 autetn
2460 1681 2579 1737 hare
2599 1722 2615 1747 ,
2642 1683 2854 1753 inquit,
2887 1699 2994 1739 non
3025 1685 3118 1739 tibi
3144 1700 3291 1740 cura:
3321 1698 3445 1741 sunt
3470 1729 3485 1752 ,
3520 1704 3606 1742 tne

2011 1771 2200 1826 saltem
2238 1781 2494 1843 spectes:
2542 1773 2691 1829 Uteri
2734 1776 2832 1830 mei
2875 1776 3076 1831 dolores
3111 1777 3436 1850 laboresque,
3482 1797 3609 1851 quos

2012 1867 2207 1939 frustra
2233 1884 2345 1921 sunt
2373 1885 2639 1939 perpessa.
2674 1869 2728 1924 Id
2758 1878 2842 1925 est
2867 1910 2885 1938 ,
2926 1886 3046 1941 quae
3091 1872 3350 1944 majorem
3385 1873 3478 1927 tuli
3508 1874 3607 1926 do-

2012 1957 2207 2026 lorem,
2237 1959 2431 2030 injuria
2464 1971 2686 2031 propter
2714 1973 2763 2018 te
2791 1961 2982 2018 affecta
3011 1978 3131 2018 sum
3156 1982 3169 2017 :
3200 1964 3419 2020 dolores
3445 1966 3605 2032 subii,

2012 2056 2069 2104 ct
2096 2048 2356 2106 fructibus
2390 2065 2508 2106 sum
2536 2054 2766 2124 privata.
2800 2052 2867 2109 Et
2895 2054 3015 2110 vide
3040 2054 3313 2125 quomodo
3337 2054 3604 2126 iacturam

2013 2142 2363 2211 pecuniarum
2393 2161 2570 2216 neque
2598 2148 2907 2215 memoret,
2945 2163 3119 2219 neque
3148 2158 3324 2205 taceat
3347 2150 3432 2205 vel
3476 2167 3611 2221 prai-

2014 2241 2309 2303 tercnrrat,
2339 2237 2434 2293 sed
2463 2249 2523 2292 ut
2549 2238 2747 2294 licebat
2785 2240 2929 2296 illam
2956 2242 3337 2298 miserabiliter
3368 2252 3609 2313 tangere,

2014 2326 2183 2398 ipsam
2214 2329 2542 2386 subindicet.
2594 2330 2726 2387 Cum
2759 2333 2914 2410 enim
2935 2332 3064 2388 dicit
3086 2376 3103 2400 ,
3136 2332 3203 2387 Et
3233 2350 3324 2404 ego
3364 2334 3612 2388 errabun-

2015 2421 2083 2473 da
2133 2429 2180 2474 et
2223 2438 2402 2489 serva,
2446 2439 2479 2476 a
2517 2422 2630 2477 loco
2659 2424 2712 2477 in
2743 2423 2909 2478 locum
2935 2466 2949 2490 ,
2986 2435 3028 2479 et
3068 2442 3100 2479 a
3141 2424 3292 2479 domo
3320 2425 3609 2478 inuentum

2013 2512 2449 2581 circumcursans,
2484 2523 2538 2568 et
2579 2514 2844 2584 jacturam
2891 2514 3196 2570 subindicat
3222 2557 3236 2580 ,
3265 2525 3318 2570 et
3360 2531 3609 2587 magnam

2015 2600 2233 2657 exhibet
2273 2603 2793 2660 commiserationem
2824 2623 2838 2659 ε
2872 2622 2994 2660 nam
3025 2607 3138 2676 ipsa
3190 2606 3352 2662 verba
3382 2616 3610 2677 possunt

2015 2694 2375 2750 calamitatem
2406 2696 2738 2768 ampliﬁcare
2768 2718 2782 2754 :
2814 2699 2894 2754 Ad
2928 2700 3156 2755 aliorum
3176 2742 3191 2766 ,
3226 2700 3441 2771 inquit,
3474 2701 3611 2756 ostia

2016 2788 2195 2843 venio.
2243 2787 2430 2859 Neque
2460 2789 2603 2844 enim
2634 2789 2811 2845 solum
2845 2790 3094 2847 mendico
3118 2833 3137 2859 ,
3169 2790 3264 2846 sed
3293 2792 3456 2846 etiam
3487 2806 3613 2846 erro

2017 2886 2071 2934 et
2102 2878 2414 2934 servitutem
2456 2881 2625 2937 subeo
2655 2897 2761 2936 non
2789 2892 3154 2952 exspectatam
3185 2891 3244 2939 et
3272 2897 3484 2947 novam,
3514 2898 3613 2936 un-

2015 2971 2177 3042 dique
2203 2973 2532 3030 circumiens
2557 2984 2611 3030 et
2639 2975 2962 3031 calamitatis
2988 2976 3138 3046 signa
3182 2974 3569 3031 circmnl‘erens
3592 3016 3609 3042 ,

2016 3078 2313 3135 omnesque
2341 3065 2479 3119 mala
2526 3080 2647 3122 mea
2677 3065 2915 3133 docens;
2947 3066 3093 3138 quod
3133 3067 3374 3122 omnium
3417 3067 3611 3122 miser-

2017 3157 2212 3212 rimum
2255 3167 2375 3226 est,
2406 3158 2626 3215 domum
2674 3158 2988 3231 frequenter
3033 3171 3261 3216 mutare.
3318 3160 3502 3232 Neque
3533 3161 3616 3216 hic

2018 3250 2343 3307 lamentandi
2376 3252 2534 3309 linem
2584 3252 2745 3318 fecit,
2776 3254 2871 3311 sed
2899 3254 3179 3323 subjunxit
3216 3254 3402 3310 dicens
3443 3273 3457 3309 :
3505 3254 3615 3309 Ex-

2017 3351 2251 3413 spcclans
2278 3344 2436 3400 solem
2465 3345 2671 3415 quando
2712 3347 2924 3414 occidet,
2950 3356 2998 3401 et
3027 3347 3339 3416 requiescant
3365 3364 3396 3401 a
3426 3348 3618 3401 labori-

2019 3433 2113 3490 bus
2140 3437 2262 3491 meis
2287 3447 2335 3492 et
2363 3455 2395 3491 a
2422 3432 2685 3495 doloribus
2725 3441 2811 3510 qui
2836 3457 2913 3495 me
2942 3434 3259 3494 circumdant
3288 3450 3334 3495 et
3371 3440 3616 3494 detinent.

2020 3527 2175 3595 Quod
2203 3530 2346 3583 enim
2374 3530 2497 3585 aliis
2526 3546 2693 3586 suave
2721 3540 2806 3587 est
2831 3572 2847 3597 ,
2889 3532 3104 3602 inquit,
3147 3531 3356 3586 radium
3387 3530 3571 3585 videre
3601 3569 3618 3592 ,

2022 3619 2129 3675 hoc
2155 3620 2284 3674 mihi
2316 3636 2518 3690 grave;
2547 3621 2935 3678 desiderabiles
2962 3631 3139 3678 autem
3171 3622 3301 3677 mihi
3340 3631 3468 3677 sunt
3513 3636 3620 3677 nox

2022 3722 2079 3768 et
2105 3714 2384 3774 tenebrae;
2426 3713 2510 3769 lite
2541 3715 2670 3770 mihi
2701 3731 2730 3770 a
2767 3715 3058 3772 sudoribus
3085 3716 3321 3788 quietem
3362 3717 3579 3787 pariunt
3603 3756 3619 3779 ,

2024 3805 2110 3861 lite
2138 3806 2272 3862 mihi
2325 3817 2454 3862 sunt
2497 3808 2550 3863 in
2595 3810 2751 3864 malis
2781 3810 3100 3867 consolatio.
3145 3810 3254 3867 Sed
3298 3811 3380 3865 dic
3420 3808 3624 3865 verbum

2023 3909 2203 3953 contra
2239 3898 2514 3954 Dominum
2538 3943 2550 3965 ,
2585 3910 2632 3955 et
2664 3918 2880 3957 morere.

2068 4032 2073 4039 -
2120 3992 2173 4048 5.
2216 3992 2462 4049 Vidistin’
2513 3996 2602 4049 hic
2651 4012 2863 4067 quoque
2913 3996 3246 4067 nequitiam?
3301 4012 3410 4067 quo
3463 4003 3623 4066 pacto

2026 4083 2079 4138 in
2126 4084 2354 4139 consilio
2394 4102 2495 4141 suo
2543 4102 2649 4141 non
2701 4089 2882 4142 statim
2941 4088 3216 4143 induxerit
3260 4088 3624 4159 perniciosam

2024 4175 2487 4241 adhortationem,
2536 4178 2631 4235 sed
2688 4194 2807 4234 cum
2861 4181 3011 4251 prius
3066 4180 3402 4236 calamitates
3459 4179 3623 4234 mise-

2024 4266 2267 4323 rabiliter
2333 4277 2687 4336 enarrasset,
2747 4280 2798 4325 et
2864 4269 3177 4341 tragmdiam
3242 4269 3628 4338 cxtendisset,

2024 4359 2211 4431 paucis
2238 4359 2423 4416 verbis
2471 4361 2905 4417 adhortationem
2951 4363 3138 4432 ponit,
3174 4378 3346 4432 neque
3374 4361 3519 4417 clare
3565 4360 3630 4415 il-

2025 4453 2129 4507 lam
2158 4452 2385 4519 indicat,
2417 4451 2512 4509 sed
2539 4454 2886 4511 subindieans
2921 4456 3068 4511 illam
3094 4497 3113 4525 ,
3143 4457 3380 4512 maxime
3407 4456 3628 4510 deside-

2024 4547 2249 4603 rabilem
2292 4548 2391 4619 ipsi
2434 4549 2685 4619 preponit
2720 4549 3092 4607 liberationem
3120 4592 3136 4618 ,
3168 4560 3223 4605 et
3262 4560 3488 4605 mortem
3522 4549 3628 4604 de-

2029 4639 2277 4705 nuntiat,
2309 4656 2469 4711 quant
2497 4657 2844 4713 summopere
2868 4644 3130 4714 optabat?
3160 4641 3227 4698 Et
3259 4644 3384 4699 hinc
3409 4658 3631 4714 quoque

2024 4730 2252 4787 observa
2299 4732 2498 4787 diaboli
2548 4733 2814 4789 vafritiem
2863 4745 2918 4790 et
2962 4735 3244 4791 malitiam.
3296 4735 3428 4805 Quia
3477 4736 3629 4791 enim

2026 4822 2230 4878 sciebat
2258 4821 2378 4878 Johi
2405 4840 2646 4881 amorem
2674 4842 2798 4895 erga
2825 4827 3012 4892 Deum,
3041 4845 3146 4884 non
3173 4829 3300 4885 sinit
3340 4828 3630 4884 mulierem

2028 4913 2195 4969 Deum
2239 4930 2530 4984 accusare,
2580 4933 2646 4972 ne
2688 4918 2776 4973 ille
2808 4927 2864 4972 ut
2913 4919 3183 4975 inimicam
3230 4920 3399 4989 ipsam
3442 4922 3630 4974 statim

2026 5018 2390 5064 aversaretur.
2428 5008 2551 5066 Ideo
2594 5011 2712 5081 ejus
2742 5028 3002 5083 nusquam
3051 5015 3327 5083 meminit,
3361 5014 3456 5071 sed
3500 5031 3627 5087 qua:

2026 5102 2336 5157 acciderant
2380 5119 2473 5159 sus
2518 5103 2695 5176 deque
2740 5115 2939 5162 versat.
2994 5107 3075 5163 Tu
3122 5119 3340 5176 autem,
3385 5125 3508 5165 cum
3553 5110 3623 5164 iis

2025 5210 2145 5264 quae
2167 5194 2305 5250 dicta
2338 5207 2463 5251 sunt
2489 5238 2503 5263 ,
2527 5197 2665 5253 adde
2691 5199 2973 5256 mulierem
2999 5200 3161 5258 fuisse
3192 5218 3315 5274 qua:
3336 5202 3438 5258 hoc
3462 5202 3624 5257 dabat

2024 5288 2315 5344 consilium
2341 5330 2357 5353 ,
2389 5290 2767 5348 vehementem
2817 5303 3089 5351 oratorem
3118 5295 3185 5351 ad
3216 5311 3312 5353 eos
3342 5296 3620 5367 pellicien—

2025 5376 2124 5433 dos
2150 5380 2240 5450 qui
2269 5396 2374 5435 non
2402 5382 2709 5438 attendunt.
2740 5383 2888 5440 Multi
2915 5395 3064 5442 certe
3105 5387 3268 5442 etiam
3295 5390 3497 5459 absque
3526 5402 3621 5442 ea—

2024 5470 2353 5528 lamitatibns
2383 5489 2411 5527 a
2440 5476 2557 5530 solo
2585 5476 2869 5533 mulierum
2901 5479 3133 5535 consilio
3156 5479 3348 5551 deiecti
3383 5480 3622 5534 fuerunt.

2023 5561 2161 5631 Quid
2188 5564 2347 5635 igitur
2373 5565 2461 5621 hic
2487 5567 2568 5623 vir
2602 5568 2814 5637 beatus,
2843 5578 2897 5626 et
2917 5569 3201 5627 adamante
3220 5569 3446 5626 fortior?
3471 5569 3627 5624 Acri-

2026 5664 2111 5711 ter
2140 5656 2283 5711 illam
2312 5657 2569 5726 intuitus,
2615 5674 2646 5715 a
2686 5660 2806 5716 solo
2834 5670 3051 5733 aspectu
3072 5703 3088 5729 ,
3119 5671 3401 5732 antequam
3433 5674 3627 5715 vocem

2024 5747 2328 5815 emitteret,
2361 5749 2640 5806 machinas
2683 5750 2911 5822 depulit.
2960 5752 3050 5808 llla
3084 5753 3227 5810 enim
3258 5752 3511 5821 sperabat
3557 5763 3625 5805 se

2026 5841 2388 5917 lacrymarum
2418 5843 2592 5903 fontes
2620 5853 2890 5902 moturam
2933 5860 3053 5904 esse
3098 5863 3116 5902 ι
3162 5844 3250 5902 hic
3289 5859 3417 5902 vero
3464 5843 3626 5900 leum!
