3962 6466
495 413 562 466 39

464 517 840 573 vehementior
867 513 988 581 fuit,
1017 515 1093 570 ira
1139 521 1193 568 et
1254 511 1621 582 indignatione
1663 512 1854 581 plenus
1881 554 1897 574 .
1945 527 2051 566 non

465 624 565 678 pro
607 608 674 663 iis
715 623 835 678 qua:
884 607 1220 678 patiebatur,
1269 603 1364 659 sed
1413 612 1632 673 propter
1675 604 1897 658 consilia
1935 619 2055 672 qua:

462 699 730 754 diabolica
756 699 823 753 ab
851 699 941 752 illa
972 698 1095 751 data
1122 706 1281 761 sunt;
1315 705 1370 752 et
1399 697 1514 766 ipso
1542 704 1762 766 aspectu
1810 696 2054 765 indigna-

465 791 668 846 tionem
695 787 956 845 exhibens
975 828 991 853 ,
1032 786 1308 842 moderata
1341 787 1507 840 utitur
1538 786 1904 856 increpatione
1929 803 1942 838 :
1972 796 2046 840 et-

463 883 609 937 enim
635 883 799 937 etiam
827 881 877 934 in
905 879 1300 934 calamitatibus
1326 878 1636 933 moderatus
1663 889 1797 933 erat.
1829 878 1897 932 Et
1926 879 2050 948 quid

461 975 580 1028 ait?
607 973 712 1030 Cur
754 974 881 1027 sicut
910 990 1011 1026 una
1038 988 1100 1027 ea:
1126 973 1480 1039 insipientibus
1523 971 1817 1025 mulieribus
1844 973 2054 1039 loquuta

461 1082 516 1120 es
561 1064 681 1136 (Job
717 1063 772 1117 2.
809 1064 940 1132 10)?
984 1063 1099 1118 Non
1129 1065 1207 1118 sic
1237 1073 1287 1118 te
1317 1062 1523 1117 erudiri
1551 1103 1566 1127 ,
1599 1061 1806 1132 inquit,
1841 1079 1945 1115 non
1977 1063 2053 1115 sic

462 1167 514 1210 te
558 1155 778 1211 educavi
821 1172 836 1208 :
889 1155 1028 1209 unde
1080 1169 1178 1209 nec
1223 1164 1529 1208 consortem
1575 1167 1748 1206 meam
1795 1166 2048 1221 agnosco.

460 1247 588 1302 ilice
628 1247 824 1316 quippe
851 1246 992 1300 dicta
1029 1255 1154 1299 sunt
1200 1246 1399 1299 insana:
1430 1243 1710 1307 mulieris,
1742 1250 1797 1297 et
1826 1241 2050 1296 furentis

457 1340 742 1395 consilium
785 1348 888 1395 est.
921 1338 1112 1394 Viden‘
1139 1339 1432 1392 sectionem
1462 1336 1815 1399 moderatam,
1840 1336 2048 1406 plagam

459 1448 579 1501 qua:
607 1441 787 1502 posset
818 1431 1065 1485 morbum
1091 1445 1301 1485 curare.
1344 1428 1546 1484 Deinde
1575 1437 1694 1498 post
1719 1427 2048 1496 increpatio-

458 1536 582 1576 nem
624 1521 906 1577 consilium
936 1535 1122 1574 rursus
1152 1519 1340 1587 affert,
1367 1517 1511 1590 quod
1543 1519 1710 1590 possit
1741 1517 1883 1570 illam
1912 1531 2046 1572 con-

455 1614 648 1676 solari,
679 1622 733 1668 et
778 1613 971 1668 rationi
1001 1612 1156 1668 valde
1205 1621 1628 1667 consentaneum
1654 1652 1668 1676 ,
1696 1609 1882 1664 dicens
1929 1625 1942 1661 :
1985 1607 2056 1660 Si

454 1705 589 1759 bona
614 1706 929 1775 suscepimus
967 1704 1031 1758 de
1054 1720 1209 1758 manu
1247 1702 1460 1758 Domini
1483 1744 1498 1768 ,
1528 1703 1665 1756 mala
1695 1719 1795 1755 non
1822 1700 2043 1754 sustine-

453 1798 663 1851 bimus?
707 1795 1013 1852 Recordare
1037 1797 1214 1861 enim,
1245 1795 1451 1865 inquit,
1501 1795 1740 1864 priorum
1787 1792 2044 1856 illorum,

457 1901 514 1943 et
567 1899 742 1944 tecum
794 1897 981 1958 reputa
1030 1896 1338 1953 auctorem,
1379 1896 1434 1942 et
1463 1886 1580 1941 hare
1627 1884 1836 1940 fortiter
1881 1882 2042 1937 feres.

461 1979 702 2033 \‘idistiu‘
730 1979 1155 2034 moderationem
1205 1977 1343 2031 viri?
1392 1976 1502 2031 Nec
1545 1975 1692 2031 enim
1739 1971 2041 2028 fortitudini

451 2086 564 2124 sua:
592 2070 903 2140 patientiam
931 2085 1084 2124 suam
1109 2068 1388 2136 adscribit,
1424 2067 1520 2123 sed
1552 2083 1617 2122 ex
1646 2081 1824 2121 rerum
1847 2079 2043 2119 cense.

452 2163 672 2231 quentia
705 2162 870 2219 fuisse
900 2163 1045 2217 illam
1075 2163 1224 2218 dicit.
1272 2162 1380 2218 Pro
1409 2161 1726 2231 quibusnam
1771 2158 1915 2213 enim
1949 2157 2039 2211 illa

1211 395 1268 452 S.
1305 394 1582 452 JOANNIS
1617 393 2084 452 Clllll'SOSTOBll
2123 397 2437 456 AliClllliI’.
2479 403 3008 469 CONSTAN'l'lNOP.

3667 425 3763 482 Ωιο

2165 514 2318 568 nobis
2341 515 2488 572 dedit
2519 518 2695 576 Deus?
2717 540 2876 594 quam
2899 529 3198 598 rependens
3216 527 3764 599 remunerationem?

2162 606 2400 675 Nullam;
2434 611 2527 667 sed
2567 629 2633 668 ex
2665 617 2777 670 sola
2826 617 3152 692 benignitate
3177 639 3277 680 sua
3324 645 3337 680 :
3391 628 3598 686 donum
3627 636 3761 691 enim

2161 707 2429 792 erat,~non
2459 705 2778 773 retributio;
2810 712 3001 779 gratia,
3047 730 3152 770 non
3181 723 3586 776 remuneratio.
3621 724 3762 792 Ergo

2161 787 2278 842 lucc
2306 789 2516 848 fortiter
2543 793 2798 852 feramus.
2831 799 2944 856 lloc
2974 813 3025 858 ct
3055 806 3153 860 viri
3184 816 3241 861 et
3269 809 3540 866 mulieres
3571 787 3762 870 inscri-

2161 889 2307 949 ptum
2335 882 2536 940 dictum
2569 887 2896 958 habeamus;
2930 894 3045 948 hrcc
3073 898 3233 953 verba
3263 900 3318 954 in
3347 915 3536 957 mente
3567 906 3762 962 inscul-

2160 985 2346 1040 patnus
2365 1014 2381 1037 ,
2407 983 2463 1029 et
2494 976 2608 1032 haec
2635 989 2686 1034 et
2714 996 2776 1035 ea
2806 999 2925 1051 quae
2953 989 3268 1055 praecedunt
3316 1009 3330 1046 :
3382 1004 3441 1048 et
3484 994 3760 1054 historiam

2159 1063 2420 1120 malorum
2461 1067 2612 1138 ejus,
2644 1072 2790 1127 velut
2821 1074 3108 1146 imaginem
3142 1081 3193 1134 in
3236 1093 3490 1138 mentem
3525 1097 3759 1144 nostram

2159 1154 2543 1229 inscribcntes,
2587 1163 2850 1233 jacturam
2895 1168 3014 1224 dico
3057 1175 3454 1243 pecuniarum,
3480 1175 3624 1232 lilios
3640 1180 3761 1235 sub-

2151 1244 2295 1303 latos
2331 1291 2348 1318 ,
2423 1256 2667 1322 corporis
2717 1257 2967 1328 plagam,
3017 1265 3311 1333 opprobria
3349 1308 3367 1333 ,
3419 1269 3701 1326 irrisioncs
3741 1316 3753 1338 ,

2157 1341 2339 1394 uxoris
2369 1341 2679 1413 machinas,
2711 1348 2906 1404 diaboli
2941 1352 3192 1419 insidias,
3221 1371 3426 1412 omnes
3460 1375 3570 1416 uno
3599 1364 3756 1419 verbo

2149 1429 2278 1498 justi
2309 1433 2639 1492 calamitates
2663 1480 2678 1505 ,
2711 1439 2864 1494 nobis
2906 1443 2957 1496 in
2990 1454 3202 1513 portum
3251 1450 3563 1505 maximum
3595 1468 3752 1524 appa-

2156 1537 2333 1579 rcmus
2361 1542 2372 1578 :
2411 1537 2469 1580 ut
2513 1530 2690 1584 omnia
2721 1530 2933 1588 fortiter
2957 1545 3012 1590 et
3057 1554 3178 1592 cum
3205 1541 3519 1610 gratiarum
3549 1548 3750 1603 actione

2154 1613 2386 1671 ferentes
2407 1659 2421 1680 ,
2452 1626 2509 1672 et
2548 1620 2599 1674 iu
2649 1626 2895 1690 praesenti
2929 1627 3035 1681 vita
3065 1644 3364 1687 manerem
3414 1649 3636 1691 onmem
3665 1638 3752 1692 de-

2154 1708 2413 1777 pellamus
2437 1751 2451 1776 ,
2479 1723 2533 1766 et
2564 1713 2630 1768 de
2659 1714 2759 1770 hac
2782 1717 3160 1777 benedictione
3191 1725 3516 1781 mercedem
3555 1728 3748 1784 refera-

2150 1814 2292 1864 mus,
2310 1803 2478 1870 gratia
2499 1813 2553 1858 et
2577 1805 2906 1877 benignitate
2936 1811 3147 1868 Domini
3172 1818 3352 1871 nostri
3374 1817 3510 1874 Jesu
3533 1819 3746 1889 Christi,

2149 1891 2364 1959 quicum
2409 1892 2552 1948 Patri
2583 1905 2638 1951 et
2669 1913 2771 1954 una
2819 1900 3040 1970 Spiritui
3087 1917 3280 1961 sancto
3325 1907 3547 1978 gloria,
3589 1911 3746 1980 impe-

2149 1981 2289 2036 rium
2313 2024 2328 2048 ,
2361 1983 2564 2052 honor,
2604 2004 2745 2045 nunc
2769 2001 2823 2046 et
2861 2008 3110 2064 semper,
3150 2005 3207 2052 et
3248 1997 3306 2054 in
3349 2001 3554 2056 Siccula
3580 2018 3746 2057 sazcu-

2149 2073 2344 2130 lorum.
2376 2078 2570 2134 Amen.

1789 2340 2138 2403 HOMILIA
2186 2342 2427 2408 XXIX.

445 2491 574 2548 CAP.
617 2492 703 2547 l2.
745 2509 795 2548 ν.
841 2495 891 2549 1.
932 2493 1011 2547 De
1036 2493 1384 2562 spiritualibus
1412 2501 1578 2545 autem
1605 2530 1620 2554 ,
1651 2491 1836 2560 fratres
1859 2527 1873 2550 ,
1915 2485 2032 2539 nolo

516 2602 602 2641 vos
627 2587 878 2657 ignorare.
909 2585 962 2638 2.
994 2585 1151 2640 Scitis
1171 2594 1338 2638 autem
1364 2583 1499 2654 quod
1518 2598 1630 2635 cum
1653 2589 1821 2650 gentes
1841 2577 2032 2642 essetis,

513 2681 584 2733 ad
609 2680 882 2734 simulacra
909 2688 1046 2732 muta
1076 2686 1223 2748 prout
1253 2676 1569 2730 ducebamini
1597 2684 1790 2727 euntes.

518 2773 567 2826 l.
613 2771 709 2825 llic
737 2781 880 2825 totus
905 2771 1052 2824 locus
1083 2770 1238 2824 valde
1282 2768 1546 2822 obscurus
1574 2776 1658 2820 est
1689 2782 1700 2818 :
1733 2762 2033 2818 obscurita-

443 2874 550 2918 tctn
578 2880 704 2918 rem
737 2864 874 2932 parit
924 2861 1185 2932 ignoratio
1215 2876 1398 2915 eorum
1433 2876 1550 2930 qua:
1589 2868 1714 2912 tunc
1755 2857 2030 2925 continge-

443 2957 602 3020 bant,
638 2971 778 3008 nune
807 2965 983 3009 autem
1013 2970 1118 3008 non
1153 2955 1305 3007 fiunt.
1340 2951 1407 3006 Et
1432 2967 1527 3005 cur
1549 2965 1692 3004 nunc
1723 2964 1827 3001 non
1857 2946 2032 3000 fiunt?

442 3046 585 3101 Ecce
616 3059 844 3114 namque
883 3043 1226 3098 obscuritatis
1270 3059 1429 3098 causa
1460 3041 1624 3096 aliam
1666 3039 1818 3093 nobis
1881 3051 2034 3106 qua:-

435 3136 671 3192 stionem
694 3136 918 3207 peperit.
961 3135 1068 3190 Cur
1111 3136 1254 3190 enim
1288 3143 1410 3188 tunc
1441 3133 1676 3199 fiebant,
1720 3145 1861 3185 nunc
1900 3143 2032 3184 vero

439 3229 638 3285 secus?
668 3229 773 3284 Sed
801 3228 903 3282 hoc
931 3237 1114 3298 postea
1145 3226 1430 3282 dicendum
1459 3226 1734 3280 mittamus
1762 3241 1775 3276 :
1812 3222 2027 3278 interim

440 3339 570 3378 vero
595 3338 713 3392 quae
745 3329 871 3374 tunc
905 3322 1100 3376 ﬁebant
1131 3333 1530 3376 recenseamus.
1569 3317 1705 3383 Quid
1732 3331 1860 3385 ergo
1904 3326 2028 3369 tunc

437 3414 825 3485 contingebat?
871 3413 926 3469 Si
987 3413 1104 3483 quis
1161 3412 1559 3487 baptizaretur,
1611 3409 1804 3478 linguis
1847 3408 2024 3462 statim

439 3507 756 3577 loquebatur
782 3548 796 3570 ,
825 3515 880 3562 et
911 3521 1016 3559 non
1048 3505 1243 3574 linguis
1271 3513 1474 3558 tantum
1503 3545 1516 3567 ,
1561 3503 1653 3558 sed
1686 3502 1844 3557 etiam
1874 3499 2024 3555 multi

437 3598 848 3670 proplictabant,
877 3598 1091 3668 quidam
1119 3613 1246 3652 vero
1271 3598 1401 3651 alias
1421 3597 1597 3666 plures
1620 3596 1844 3650 virtutes
1874 3592 2026 3648 exhi-

435 3690 649 3745 bebant.
693 3689 826 3756 Quia
869 3690 1010 3744 enim
1053 3689 1121 3743 ab
1159 3688 1314 3743 idolis
1344 3687 1696 3752 accedentes,
1739 3702 1860 3740 cum
1894 3685 2022 3738 nihil

433 3781 578 3837 clare
620 3783 856 3848 scirent,
892 3798 1064 3851 neque
1097 3781 1146 3834 in
1177 3781 1408 3851 antiquis
1439 3780 1624 3834 Bibliis
1666 3788 1849 3834 essent
1886 3778 1990 3832 cdu

432 3874 534 3928 cati
562 3916 577 3939 ,
609 3873 855 3942 haptizati
887 3875 1064 3927 statim
1095 3873 1352 3942 Spiritum
1373 3873 1734 3941 accipiebant,
1765 3871 2021 3940 Spiritum

431 3983 563 4023 vero
591 3985 694 4022 non
725 3967 1014 4031 videbant,
1058 3968 1340 4021 invisibilis
1370 3981 1492 4020 cum
1523 3967 1626 4029 sit;
1666 3965 1826 4019 dabat
1851 3966 2021 4034 gratia

431 4059 628 4115 sensile
686 4058 955 4128 quoddam
1013 4069 1386 4130 argumentum
1445 4060 1588 4114 illius
1650 4058 2018 4127 operationis;

430 4151 674 4220 aliusque
699 4151 912 4207 Persica
944 4196 957 4217 ,
986 4152 1123 4206 alius
1151 4151 1391 4207 Romana
1418 4194 1432 4217 ,
1461 4152 1597 4205 alius
1637 4150 1813 4205 Indica
1838 4192 1852 4215 ,
1886 4149 2022 4203 alius

429 4246 531 4299 alia
564 4245 739 4315 lingua
785 4245 962 4300 statim
1011 4245 1323 4315 loquebatur
1364 4267 1376 4300 :
1410 4255 1464 4301 et
1510 4245 1611 4299 hoc
1639 4245 1876 4300 externis
1921 4257 2020 4296 no-

431 4347 544 4392 tmn
567 4336 812 4402 faciebat,
836 4338 1090 4406 Spiritum
1113 4349 1354 4393 sanctum
1380 4338 1430 4393 in
1454 4339 1570 4408 ipso
1599 4338 1848 4407 loquente
1877 4350 2018 4391 esse.

431 4430 557 4484 Ideo
604 4431 681 4485 sic
729 4430 899 4499 ipsum
949 4431 1182 4500 appellat
1227 4430 1415 4484 dicens
1460 4447 1473 4483 :
1525 4428 1808 4496 Unicuique
1853 4439 2022 4482 autent

429 4525 770 4596 manifestatio
803 4525 1030 4594 Spiritus
1058 4525 1210 4576 datur
1238 4525 1305 4576 ad
1334 4522 1603 4575 utilitatem
1627 4563 1643 4588 ,
1697 4521 2018 4577 charismata

430 4633 525 4670 seu
552 4615 692 4670 dena
715 4632 910 4671 vocans
934 4614 1417 4670 manifestationem
1439 4612 1690 4683 Spiritus.
1716 4611 1849 4680 Quia
1877 4611 2021 4664 enim

429 4709 660 4780 apostoli
715 4709 816 4762 hoc
868 4709 1100 4778 primum
1151 4708 1772 4776 signumacceperunt,
1835 4703 2020 4759 fideles

432 4814 646 4870 quoque
694 4808 1023 4869 acceperunt
1067 4799 1365 4868 linguarum
1415 4798 1649 4862 donum;
1701 4812 1874 4868 neque
1914 4795 2015 4851 hoc

431 4897 605 4947 solum
633 4933 648 4956 ,
698 4891 792 4946 sed
821 4902 875 4947 et
903 4891 1006 4945 alia
1039 4892 1284 4961 plurima.
1327 4891 1457 4945 Nam
1499 4899 1555 4946 et
1584 4901 1822 4944 mortuos
1863 4889 2015 4944 multi

431 4983 798 5051 suscitahant,
841 4991 895 5037 et
936 4982 1210 5037 daemonas
1260 4981 1562 5052 pellebant,
1609 4991 1666 5037 et
1710 4982 1814 5036 alia
1847 4980 2014 5034 multa

431 5076 627 5131 similia
674 5077 990 5132 mirabiliter
1026 5077 1387 5148 operabantur
1419 5093 1434 5133 :
1465 5076 1712 5145 donaque
1745 5075 2020 5130 habebant

431 5171 520 5223 alii
551 5169 766 5237 quidem
799 5171 1044 5238 pauciora
1067 5210 1081 5232 ,
1126 5169 1216 5224 alii
1256 5183 1386 5224 vero
1414 5169 1586 5239 plura.
1631 5169 1797 5238 Magis
1840 5177 2018 5222 autem

431 5281 588 5338 quam
617 5265 719 5318 alia
752 5266 931 5320 omnia
963 5263 1102 5334 apud
1132 5263 1252 5318 illos
1289 5271 1409 5319 erat
1455 5261 1654 5316 donum
1684 5262 2018 5332 linguarum.

504 5359 732 5428 Spiritus
775 5358 937 5412 sancti
980 5359 1114 5411 dona
1161 5373 1317 5410 causa
1358 5357 1663 5410 schismatis.
1704 5383 1773 5393 —
1808 5354 1875 5408 Et
1905 5354 2021 5409 haec

430 5465 592 5506 causa
622 5450 926 5505 schismatis
969 5449 1074 5503 illis
1102 5447 1230 5512 fuit,
1284 5463 1390 5502 non
1419 5462 1486 5502 ex
1518 5456 1704 5501 natura
1747 5460 1839 5500 sua
1863 5486 1877 5507 ,
1925 5445 2020 5500 sed

430 5557 497 5597 ex
547 5540 756 5610 ingrato
802 5540 1176 5610 accipientium
1225 5539 1427 5592 animo.
1487 5537 1621 5592 Nam
1669 5537 1758 5607 qui
1816 5537 2019 5604 majora

434 5633 742 5697 habebant,
807 5631 1174 5688 efferebantur
1223 5630 1482 5686 adversus
1528 5646 1622 5684 eos
1669 5629 1759 5698 qui
1811 5628 2018 5683 minora

417 5725 780 5794 possidebant
807 5740 822 5781 ε
851 5725 905 5780 hi
933 5739 1058 5780 vero
1088 5739 1272 5780 rursus
1294 5723 1584 5791 dolebant,
1613 5730 1669 5778 et
1699 5721 1764 5776 iis
1784 5721 1872 5791 qui
1906 5736 2018 5776 ma-

438 5816 555 5870 iora
605 5816 863 5876 haberent
904 5817 1212 5876 invidebant
1242 5834 1253 5874 :
1285 5817 1444 5877 Mque
1473 5817 1524 5874 in
1553 5813 1899 5886 sequentibus
1925 5810 2029 5873 os?

2149 2486 2317 2541 tendit
2342 2488 2456 2557 ipse
2483 2490 2692 2547 Paulus.
2738 2494 2869 2563 Quia
2905 2497 3062 2568 igitur
3090 2498 3213 2555 hinc
3247 2501 3476 2558 letalem
3506 2503 3731 2572 accipie-

2148 2577 2275 2632 bant
2323 2580 2574 2652 plagam,
2623 2584 2752 2641 dum
2807 2589 2857 2641 in
2912 2590 2992 2642 eis
3044 2592 3243 2646 caritas
3301 2593 3732 2656 dissolveretur,

2146 2673 2370 2728 multum
2415 2675 2650 2732 studium
2682 2681 2831 2748 ponit
2863 2668 2932 2735 ἰιι
2978 2683 3027 2736 id
3069 2684 3330 2754 corrigat.
3374 2686 3613 2756 COntigit
3640 2687 3732 2742 hoc

2143 2763 2304 2818 etiam
2333 2764 2547 2832 Romae,
2581 2768 2674 2822 sed
2715 2786 2819 2824 non
2852 2770 2953 2825 hoc
2983 2775 3160 2827 modo.
3204 2775 3556 2846 Quapropter
3580 2778 3729 2831 etiam

2144 2857 2195 2910 in
2231 2859 2462 2928 Epistola
2514 2861 2581 2915 ad
2629 2862 2902 2918 Romanos
2945 2866 3074 2920 illud
3119 2877 3306 2924 movet
3337 2871 3598 2939 quidem,
3643 2869 3727 2924 sed

2140 2949 2457 3007 adumbrate
2483 2962 2536 3006 et
2566 2953 2819 3019 breviter,
2851 2957 2930 3010 sic
2954 2957 3138 3013 dicens
3171 2978 3183 3012 :
3222 2961 3380 3014 Sicut
3403 2963 3536 3014 enim
3565 2963 3616 3014 in
3639 2977 3729 3014 uno

2139 3057 2350 3112 corpore
2377 3044 2538 3097 multa
2564 3047 2783 3099 membra
2812 3048 3052 3102 habemus
3075 3090 3090 3114 ,
3121 3051 3350 3104 membra
3377 3063 3547 3105 autem
3571 3051 3727 3105 omnia

2138 3150 2239 3188 non
2261 3136 2486 3189 eamdem
2503 3137 2684 3192 habent
2699 3141 3038 3208 operationem
3063 3160 3081 3194 :
3100 3142 3170 3196 sic
3197 3145 3351 3198 multi
3375 3160 3534 3196 unum
3555 3159 3726 3213 corpus

2136 3244 2312 3282 sumus
2365 3230 2418 3282 in
2469 3229 2673 3285 Christo
2702 3273 2717 3296 ,
2771 3234 2958 3304 singuli
3003 3245 3170 3288 autem
3224 3237 3446 3291 invicem
3493 3237 3720 3290 membra.

2140 3317 2398 3373 Habentes
2433 3331 2604 3373 autem
2634 3321 2771 3376 dona
2795 3324 3069 3377 secundant
3101 3327 3326 3395 gratiam
3367 3343 3484 3397 qua:
3511 3327 3630 3380 data
3657 3333 3722 3378 est

2135 3411 2278 3464 nobis
2307 3411 2503 3464 diversa
2526 3428 2546 3475 ;
2575 3413 2677 3468 sive
2706 3415 3018 3484 praplietiam
3048 3458 3063 3483 ,
3111 3419 3403 3473 secundum
3443 3418 3718 3489 proportio-

2135 3519 2246 3556 nem
2273 3503 2394 3572 [ἱαεί
2417 3547 2431 3572 ,
2463 3507 2567 3561 sive
2602 3509 2935 3563 ministerium
2961 3553 2974 3576 ,
3023 3513 3075 3565 in
3102 3514 3449 3568 ministrando
3469 3557 3484 3582 ,
3516 3517 3616 3568 sive
3641 3513 3717 3581 qui

2135 3596 2306 3663 docet,
2341 3595 2390 3651 in
2423 3599 2653 3655 doctrina
2680 3603 2698 3673 (
2725 3603 2870 3658 Rom.
2907 3605 2992 3660 li.
3025 3607 3079 3661 4.
3111 3607 3200 3674 7).
3245 3609 3404 3676 Quod
3439 3618 3614 3663 autem
3647 3609 3712 3662 illi

2133 3685 2256 3743 inde
2279 3691 2329 3741 in
2357 3695 2717 3762 arrogantiam
2746 3695 3060 3763 inciderent,
3089 3699 3139 3753 id
3164 3700 3215 3753 in
3247 3701 3518 3770 principio
3541 3699 3712 3755 subin-

2130 3778 2325 3834 dicavit
2359 3782 2425 3836 ita
2453 3783 2638 3840 dicens
2671 3803 2683 3839 :
2719 3785 2847 3841 Dico
2877 3799 3042 3842 autem
3073 3791 3211 3844 vobis
3239 3808 3333 3861 per
3374 3792 3588 3862 gratiam
3612 3803 3712 3856 qua:

2131 3871 2254 3924 data
2295 3883 2366 3927 est
2411 3875 2534 3929 mihi
2555 3917 2568 3939 ,
2601 3878 2832 3932 omnibus
2870 3880 2956 3948 qui
2991 3890 3107 3933 sunt
3151 3883 3202 3935 in
3247 3883 3392 3937 vobis
3418 3925 3434 3949 ,
3479 3898 3576 3936 non
3607 3881 3708 3949 plus

2130 3979 2308 4032 sapere
2334 3980 2483 4032 quam
2513 3979 2706 4036 oportet
2735 3986 2933 4038 sapere,
2962 3971 3051 4024 sed
3077 3988 3260 4038 sapere
3285 3974 3357 4026 ad
3377 3973 3702 4030 sobrietatem,

2100 4057 2400 4122 unicuique
2452 4068 2508 4112 ut
2560 4059 2699 4114 Deus
2743 4062 2998 4116 distribuit
3047 4081 3339 4119 mensuram
3389 4067 3510 4134 ﬁdei
3537 4062 3700 4134 (Ibid.

2129 4162 2183 4200 ν.
2225 4149 2323 4216 3).
2364 4149 2546 4220 Itaque
2590 4168 2711 4206 eum
2760 4154 2913 4223 illis(
2947 4171 3118 4225 neque
3161 4157 3308 4212 enim
3358 4171 3579 4228 magnus
3603 4159 3704 4208 erat

2130 4237 2352 4294 morbus
2377 4240 2579 4296 dissidii
2604 4252 2658 4297 et
2677 4247 2994 4315 arrogantia:
3014 4248 3033 4318 )
3057 4247 3134 4302 sic
3153 4248 3414 4306 disseruit
3440 4267 3453 4302 :
3483 4248 3566 4302 hic
3589 4257 3701 4300 vero

2128 4343 2249 4383 cum
2279 4332 2448 4402 multo
2477 4333 2694 4400 studio;
2728 4351 2851 4390 nam
2884 4339 3104 4394 morbus
3131 4341 3290 4396 valde
3337 4337 3698 4394 inralescebat.

2130 4422 2200 4476 At
2222 4437 2326 4476 non
2347 4424 2447 4478 hoc
2475 4433 2680 4479 tantum
2705 4426 2824 4481 illos
2854 4431 3230 4498 contnrbahat,
3262 4432 3359 4488 sed
3386 4431 3534 4486 multi
3561 4432 3693 4482 erant

2129 4512 2249 4568 istic
2289 4513 2589 4571 divinantes
2611 4557 2627 4584 ,
2658 4518 2798 4587 quod
2827 4519 2956 4574 urbs
3000 4522 3087 4575 illa
3118 4521 3436 4578 Grareorum
3465 4518 3689 4575 moribus

2126 4604 2336 4661 addicta
2363 4617 2524 4673 esset,
2555 4619 2609 4663 et
2636 4625 2758 4664 cum
2781 4611 2901 4666 aliis
2931 4611 3032 4667 hoc
3057 4629 3275 4684 quoque
3303 4615 3424 4669 illos
3453 4609 3689 4681 supplan-

2129 4699 2276 4753 tabat
2301 4709 2351 4755 et
2384 4701 2649 4757 turbabat.
2691 4702 3026 4774 Quapropter
3053 4706 3265 4761 orditur
3305 4714 3543 4762 statuens
3579 4695 3693 4767 quid

2127 4793 2412 4847 interesset
2436 4793 2763 4850 discriminis
2791 4796 3172 4852 divinationem
3205 4799 3348 4853 inter
3383 4805 3438 4850 et
3469 4791 3688 4864 ριόριιε·

2129 4887 2277 4939 tiam.
2321 4886 2608 4956 Propterea
2637 4889 2798 4943 etiam
2837 4889 3191 4946 discretiones
3233 4891 3514 4961 spirituum
3549 4895 3689 4936 accc-

2128 4987 2354 5046 perunt,
2388 4987 2446 5030 ut
2473 4977 2844 5034 discernerent
2881 4987 2936 5034 et
2981 4981 3181 5037 scirent
3204 5022 3219 5046 ,
3254 4981 3374 5050 quis
3399 4979 3688 5045 loqueretur

2127 5083 2225 5139 per
2253 5069 2508 5125 mundum
2553 5071 2796 5141 spiritum
2827 5115 2844 5140 ,
2890 5074 3008 5144 quis
3037 5089 3132 5143 per
3182 5070 3528 5128 immundum.
3568 5061 3686 5130 Quia

2126 5163 2268 5218 enim
2300 5180 2364 5217 ex
2396 5165 2509 5234 ipsa
2553 5180 2614 5220 re
2655 5180 2761 5219 non
2793 5175 3002 5235 poterat
3030 5167 3294 5222 dictorum
3321 5153 3685 5221 demonstratio

2127 5256 2352 5325 praeberi
2384 5257 2402 5326 (
2429 5257 2705 5327 prophetia
2735 5260 2878 5314 enim
2929 5275 3032 5313 non
3065 5261 3119 5314 in
3161 5269 3405 5331 tempore
3444 5269 3548 5326 quo
3571 5262 3682 5321 P"°'

2127 5345 2330 5411 fertur,
2381 5348 2475 5403 sed
2524 5347 2580 5403 in
2627 5359 2871 5420 tempore
2913 5360 3136 5405 eventus
3185 5349 3532 5420 pronuntiata:
3575 5337 3680 5394 rei.

2127 5439 2368 5494 veritatis
2415 5454 2525 5494 suae
2573 5452 2946 5511 argumentum
3002 5443 3285 5514 prmbet);
3332 5452 3501 5509 neque
3542 5428 3680 5486 facile

2125 5540 2242 5584 erat
2282 5531 2426 5586 illam
2473 5532 2882 5601 internoscere,
2923 5536 3210 5606 dicereque
3245 5537 3361 5608 quis
3404 5526 3675 5602 propheta.

2126 5621 2246 5690 quis
2285 5623 2511 5679 mendax
2553 5635 2697 5681 esset
2741 5627 2981 5698 (etenim
3029 5644 3150 5684 eum
3201 5629 3454 5683 scelestus
3497 5626 3548 5672 et
3587 5613 3676 5666 im-

2128 5714 2356 5770 mundus
2385 5717 2453 5771 sit
2479 5717 2762 5789 diabolus,
2812 5723 2866 5776 ln
2905 5717 3193 5792 prophetas
3236 5732 3352 5775 sese
3394 5705 3673 5780 injiciebat.

2127 5809 2288 5866 falsos
2346 5812 2610 5870 inducens
2653 5811 2989 5897 prOphetas,
3039 5815 3231 5897 i_i_t_qui
3283 5823 3334 5870 et
3383 5804 3474 5878 ipsi
3521 5798 3673 5853 [αωη
