3962 6506
304 393 423 453 239

309 513 572 587 νόσημα;
609 506 744 570 Εἶτα
774 514 915 588 μετά
966 514 1064 586 τὴν
1108 512 1399 585 ἐπίπληξιν
1455 513 1552 568 καὶ
1598 509 1909 584 συμϐουλὴν

307 607 534 677 εἰσάγει
562 606 730 663 πάλιν
761 606 1037 681 ἀρκοῦσαν
1066 606 1237 677 αὐτὴν
1272 603 1780 680 παραμυθήσασθαι
1815 603 1912 657 καὶ

310 700 456 754 πολὺ
523 700 587 754 τὸ
640 698 864 769 εὔλογον
917 699 1165 772 ἔχουσαν,
1225 699 1401 768 λέγων
1421 714 1438 730 ο
1493 700 1566 752 Εἰ
1617 696 1691 751 τὰ
1719 696 1912 767 ἀγαθὰ

309 790 651 861 ἐδεξάμεθα
697 790 857 860 παρά
893 791 1136 860 Κυρίου,
1184 789 1258 845 τὰ
1301 789 1459 846 κακὰ
1510 791 1625 858 οὐχ
1657 789 1913 844 ὐποίσο-

307 899 431 954 μεν
449 900 470 949 ;
513 883 919 955 Ἀναμνήσθητι
948 884 1079 955 γὰρ,
1115 882 1272 954 φησὶ,
1301 880 1411 936 τῶν
1443 880 1728 954 προτέρων
1761 877 1911 933 ἐκεί·-

310 992 444 1039 νων,
494 976 592 1029 καὶ
625 975 844 1045 λογίζου
887 975 980 1030 τὸν
1025 975 1218 1041 αίτιον,
1252 975 1350 1029 καὶ
1395 975 1564 1045 οίσεις
1601 973 1697 1029 καὶ
1733 971 1910 1026 ταῦτα

312 1067 605 1136 γενναίως.
648 1063 805 1129 Εἶδες
859 1060 1331 1139 μετριοφροσύνην
1362 1064 1590 1135 ἀνδρός;
1638 1062 1775 1117 Οὐδὲ
1803 1062 1911 1133 γὰρ

310 1161 382 1230 τῇ
410 1159 637 1233 ἀνδρείᾳ
664 1159 831 1215 αὑτοῦ
871 1156 1149 1228 λογίζεται
1180 1157 1281 1230 τὴν
1312 1157 1613 1229 ὑπομονὴν,
1643 1156 1782 1212 ἀλλὰ
1811 1154 1913 1228 τῆς

313 1247 423 1303 τῶν
450 1250 800 1322 πραγμάτων
823 1248 1148 1314 ἀκολουθίας
1169 1247 1341 1320 αὐτὴν
1362 1242 1505 1301 εἷναί
1526 1262 1712 1319 φησιν.
1761 1244 1912 1300 Ἀντὶ

313 1341 481 1395 τίνων
506 1342 619 1414 7&9
645 1343 828 1396 ἐκεῖνα
873 1344 907 1414 ἡ
917 1341 1009 1415 μίν
1040 1340 1242 1396 ἔδωκεν
1275 1343 1303 1396 6
1340 1339 1505 1407 Θεός;
1539 1338 1700 1393 ποίαν
1731 1338 1912 1391 ἐκτιν-

318 1435 414 1499 νῦς
438 1434 717 1506 ἀμοιϐήν;
749 1435 1056 1507 Οὐδεμίανο
1086 1434 1203 1489 ἀλλ’
1230 1432 1292 1501 ἐξ
1323 1433 1664 1504 ἀγαθότητος
1702 1430 1872 1502 μόνης
1892 1449 1906 1463 ⁸

315 1527 496 1599 δωρεά
521 1528 634 1600 7&9
656 1523 751 1602 ἦν,
769 1528 872 1582 οὐκ
896 1525 1124 1600 ἀμοιϐὴ,
1154 1527 1253 1582 καὶ
1272 1526 1455 1597 χάρις,
1487 1524 1590 1578 οὐκ
1613 1522 1906 1586 ἀντίδοσις.

318 1620 533 1675 Οὐκοῦν
584 1620 681 1674 καὶ⁴
728 1617 900 1674 ταῦτα
933 1619 1193 1691 φέρωμεν
1239 1617 1525 1690 γενναίως.
1562 1614 1766 1670 Τοῦτον
1814 1614 1913 1668 καὶ

315 1713 509 1786 ἀνδρες
535 1715 635 1769 καὶ
664 1716 925 1784 γυναῖκες
951 1712 1043 1768 τὸν
1072 1711 1235 1783 λόγον
1289 1711 1640 1782 ἀνάγραπτον
1671 1708 1911 1780 ἔχωμεν,

318 1805 414 1861 καὶ
444 1805 515 1860 τὰ
543 1807 770 1878 ῥήματα
809 1803 983 1860 ταῦτα
1011 1802 1409 1875 ἐγκολάψωμεν
1439 1804 1510 1874 τῇ
1549 1799 1781 1872 διανοίᾳ,
1811 1797 1908 1852 καὶ

317 1896 495 1953 ταῦτα
529 1899 629 1953 καλ⁵
654 1897 726 1952 τὰ
771 1897 879 1968 πρὸ
918 1895 1126 1952 τούτων
1148 1910 1163 1926 '
1212 1895 1310 1950 καὶ
1336 1892 1436 1966 τὴν
1468 1891 1712 1965 ἱστορίαν
1739 1888 1909 1946 αὐτοῦ

1292 395 1362 453 ΙΝ
1401 395 1625 454 EPIST.
1667 395 1684 453 l
1729 394 1822 451 AD
1857 394 2017 454 COR.
2047 394 2286 456 HOMIL;
2327 397 2523 457 XXIX.

3502 403 3611 462 240

2012 505 2122 570 τών
2170 514 2550 588 παθημάτων⁶
2600 515 2856 590 καθάπερ
2887 515 3073 571 εἰκόνα
3104 515 3201 570 ἐπὶ
3241 514 3340 588 τῆς
3368 515 3611 580 διανοίας

2014 603 2458 675 ὑπογράψαντες,
2489 605 2589 677 τὴν
2615 606 2821 678 ζημίαν
2851 605 2996 677 λέγω
3023 607 3136 661 τῶν
3160 607 3483 678 χρημάτων,
3508 605 3611 676 τὴν

2012 689 2306 761 ἀφαίρεσιν
2334 692 2444 748 τῶν
2474 693 2709 760 παίδων,
2730 694 2832 768 τὴν
2863 695 3083 768 πληγὴν
3111 694 3208 748 τοῦ
3240 694 3512 766 σώματος,
3538 695 3611 749 τά

2011 782 2190 855 ὀνείδη
2209 822 2226 846 ,
2256 783 2356 847 τὰς
2405 785 2728 856 χλευασίας,
2759 787 2859 851 τὰς
2899 787 3003 859 τῆς
3035 786 3295 857 γυναικὸς
3336 786 3605 857 μηχανάς,

2010 874 2110 947 τὴν
2161 876 2257 930 τοῦ
2310 876 2561 935 διαϐόλου
2617 877 2935 950 ἐπιϐουλὴν,
2993 879 3173 953 πάντα
3226 877 3417 942 ἀπλῶς
3467 877 3609 947 μετὰ

2013 968 2305 1041 ἀκριϐείας
2341 970 2409 1024 τά
2438 971 2589 1043 πάθη
2616 970 2713 1025 τοῦ
2750 970 2988 1038 δικαίου,
3032 970 3227 1042 λιμένα
3258 971 3606 1025 κατασκευά-

2016 1079 2201 1135 σωμεν
2254 1064 2510 1134 μέγιστον
2541 1067 2677 1136 ἡμῖν
2696 1081 2712 1094 ·
2756 1065 2845 1119 ἵνα
2880 1065 3060 1120 πάντα
3089 1064 3356 1134 γενναίως
3401 1065 3497 1119 καὶ
3519 1065 3610 1119 εὕ-

2013 1155 2290 1227 χαρίστως
2320 1156 2601 1229 φέροντες,
2637 1158 2733 1211 καί
2780 1160 2839 1212 ἐν
2879 1156 2959 1229 τῷ
3003 1157 3232 1229 παρόντι
3273 1155 3375 1227 βίῳ
3423 1157 3609 1211 πᾶσαν

2012 1246 2488 1321 ἀποκρουσιῖψεθα
2509 1249 2770 1322 ἀθυμίαν,
2792 1250 2888 1306 καί¹
2907 1250 3035 1315 τοὺς
3056 1249 3185 1320 περὶ
3207 1250 3304 1320 τῆς
3329 1248 3607 1320 εὐφημίας

2011 1340 2220 1415 ταύτης
2235 1342 2601 1413 ἀπολάϐωμεν
2627 1342 2875 1416 μισθοὺς,
2901 1342 3086 1414 χάριτι
3106 1342 3203 1395 καὶ
3223 1340 3607 1412 φιλανθρωπίᾳ

2010 1432 2108 1487 τοῦ
2141 1432 2350 1505 Κυρίου
2381 1434 2541 1505 ⁴ἡμῶν
2578 1434 2756 1506 Ἰησοῦ
2787 1431 3050 1506 Χριστοῦ,
3085 1432 3204 1505 μεθ’
3237 1427 3299 1488 οὗ
3324 1432 3404 1504 τῷ
3429 1432 3607 1504 Πατρὶ

2013 1526 2133 1600 ἅμα
2165 1526 2244 1600 τῷ
2270 1528 2411 1600 ἁγίῳ
2438 1527 2721 1600 Πνεῦματι
2756 1528 2906 1595 δόξα,
2946 1527 3173 1598 κράτος,
3204 1526 3363 1598 τιμὴ,
3384 1530 3480 1581 νῦν
3508 1524 3606 1580 καὶ

2012 1622 2122 1687 ἀεὶ,
2153 1621 2249 1675 καὶ
2272 1622 2351 1685 εἰς
2376 1622 2504 1685 τοὺς
2530 1620 2734 1686 αἰῶνας
2756 1620 2866 1675 τῶν
2887 1618 3119 1678 αἰώνων.
3159 1620 3355 1693 Ἀμήν.

2080 1898 2105 1926 ³
2129 1894 2396 1959 Legebalur
2420 1895 2661 1959 μαθητῶν,
2684 1891 2913 1947 ridicule.

1818 2122 2070 2179 ΟΜῙΛΙᾹ
2108 2120 2245 2180 ΚΘ⁹.

319 2253 460 2326 Περί
484 2325 488 2326 ί
509 2252 609 2326 δέ,
631 2245 1243 2326 τῶνῌπνευματικῶν,
1277 2244 1573 2326 ρδελςροὶ,
1613 2245 1688 2326 ρῦ
1753 2242 1907 2326 θέλω

386 2311 1091 2395 ὖμᾶςίάτνοεῒνκοίδατε
1122 2311 1243 2395 -δτέ
1280 2317 1381 2395 ὅτε
1409 2311 1555 2395 ἔθνη
1601 2311 1730 2395 ἦτε,
1755 2313 1908 2395 πρὸς

383 2386 461 2450 τά
486 2386 710 2450 εἴδωλα
736 2392 811 2448 τὰ
831 2391 1067 2463 ἄφωνα,
1104 2388 1187 2457 ὠς
1213 2387 1290 2445 ἂν
1313 2386 1562 2459 ἤγεσθε,
1601 2386 1905 2456 ἀπαγόμε-

383 2483 506 2522 νοι.

384 2672 459 2721 α’.
487 2663 662 2719 Τοῦτο
676 2662 823 2719 ἅπαν
840 2662 901 2715 τὸ
915 2659 1115 2733 χωρίον
1139 2657 1347 2731 σφόδρα
1367 2655 1515 2712 ἐστίν
1539 2653 1750 2726 ἀσαφές
1770 2669 1785 2684 ο
1807 2652 1912 2724 τὴν

314 2760 371 2814 δέ
399 2758 673 2828 ἀσάφειαν
703 2757 739 2827 ἡ
770 2753 882 2810 τῶν
911 2751 1257 2825 πραγμάτων
1286 2749 1483 2820 ἀγνοιά
1513 2764 1575 2801 τε
1606 2746 1704 2800 καὶ
1734 2743 1910 2798 ἐλλει-

312 2857 407 2929 ψις
442 2851 591 2904 ποιεῖ
617 2848 730 2903 τῶν
772 2848 898 2903 τότε
927 2843 1028 2918 μὲν
1057 2842 1495 2917 συμϐαινόντων,
1523 2839 1619 2895 νῦν
1639 2838 1696 2892 δέ
1729 2837 1791 2890 οὐ
1824 2854 1912 2906 γι-

308 2943 581 3023 ⁸νομένων.
607 2941 721 2996 Καὶ
747 2940 892 3005 τίνος
911 2940 1100 2994 ἐνεκεν
1133 2936 1197 2992 οὐ
1226 2935 1442 3007 γίνεται
1467 2933 1598 3001 νῦν;
1641 2930 1777 2985 Ἰδοὺ
1801 2930 1910 3003 7&9

310 3039 411 3091 καὶ
444 3036 480 3109 ὴ
513 3035 664 3090 αἰτία
698 3033 864 3089 πάλιν
890 3032 990 3105 τῆς
1021 3029 1294 3101 ἀσαφείας
1322 3027 1512 3099 ἕτερον
1532 3026 1669 3097 ἡμῖν
1689 3022 1914 3095 ζήτημα

312 3132 496 3188 ἔτεκε.
528 3128 596 3181 Τί
632 3126 836 3199 δήποτε
868 3124 980 3196 γὰρ
1010 3124 1135 3178 τότε
1168 3120 1269 3194 μὲν
1300 3119 1535 3189 ἐγίνετο,
1561 3116 1657 3172 νῦν
1691 3116 1749 3169 δέ
1781 3115 1911 3169 οὐκ·

314 3224 429 3290 ἐτις
474 3218 637 3275 Ἀλλά
684 3217 845 3273 τοῦτο
904 3216 1005 3288 μὲν
1054 3216 1136 3279 εἰς
1191 3210 1349 3277 αὖθις
1393 3207 1829 3280 ἀναϐαλλώμεθα
1858 3219 1909 3272 ι,

310 3315 456 3378 τέως
485 3312 545 3366 δέ
573 3311 645 3365 τά
678 3308 1052 3382 συμϐαίνοντα
1081 3307 1205 3360 τότε
1252 3305 1527 3374 λέγωμεν.
1572 3302 1639 3356 Τί
1670 3296 1764 3356 οῦν
1788 3300 1911 3354 τότε

316 3403 665 3469 συνέϐαινεν;
722 3400 794 3456 Εἴ
840 3417 926 3465 τις
971 3382 1331 3463 ἐϐαπτίσατο,
1386 3395 1665 3466 γλώσσαις
1707 3391 1912 3458 εὐθέως

315 3497 523 3563 ἐλάλει,
563 3495 659 3550 καὶ
711 3493 773 3548 οὐ
827 3491 1105 3563 γλώσσαις
1146 3490 1333 3563 μόνον,
1382 3487 1523 3543 ἀλλά
1574 3485 1763 3541 πολλοὶ
1816 3484 1913 3538 καὶ

314 3591 718 3666 προεφήτευον,
755 3585 906 3661 [Ξ58]
941 3584 1088 3648 τινὲς
1114 3583 1173 3638 δέ
1212 3582 1309 3638 καὶ
1334 3580 1531 3649 ἐτέρας
1561 3578 1782 3643 πλείους
1817 3577 1912 3631 δυ-

313 3683 518 3755 νάμεις
553 3679 953 3733 ἐπεδείκνυντο.
1007 3674 1231 3748 Ἐπειδὴ
1255 3674 1364 3746 γὰρ
1389 3674 1498 3728 ἀπὸ
1534 3670 1647 3727 τῶν
1676 3670 1914 3725 εἰδώλων

315 3773 664 3847 προσιόντες,
697 3770 853 3825 οὐδὲν
886 3769 1091 3834 εἰδότες
1119 3767 1330 3838 σαφῶς,
1353 3766 1477 3822 οὐδέ
1504 3767 1627 3828 ταῖς
1650 3763 1915 3827 παλαιαῖς

316 3864 695 3939 ἐντραφέντες
721 3863 947 3935 βίϐλοις,
1004 3860 1399 3934 βαπτισθέντες
1441 3858 1645 3922 εὐθέως
1687 3856 1915 3928 Πνεῦμα

316 3957 654 4029 ἐλάμϐανον,
685 3955 748 4010 τὸ
772 3955 829 4010 δὲ
861 3953 1088 4025 Πνεῦμα
1113 3953 1213 4023 οὐχ
1242 3949 1430 4023 ἐώρων
1453 3966 1468 3981 ο
1523 3949 1758 4021 ἀόρατον
1804 3948 1916 4021 γάρ

315 4054 506 4106 ἐστιν·
546 4047 806 4121 αἰσθητόν
834 4063 958 4101 τινα
1011 4045 1235 4117 ἔλεγχον
1278 4043 1451 4098 ἐδίδου
1481 4042 1584 4114 τῆς
1630 4041 1917 4113 ἐνεργείας

316 4143 543 4214 ἐκείνης
569 4144 604 4213 ἡ
630 4142 789 4213 χάρις
807 4156 822 4172 ’
854 4139 952 4193 καὶ
979 4139 1009 4193 6
1037 4139 1135 4210 μὲν
1159 4140 1225 4210 τῇ
1258 4136 1510 4209 Περσῶν,
1540 4135 1569 4189 6
1595 4134 1653 4189 δέ
1683 4137 1752 4207 τῇ
1785 4135 1919 4189 Ῥω·-

319 4234 529 4309 μαίων,
552 4234 582 4286 6
608 4231 667 4285 δὲ
695 4234 762 4301 τῇ
797 4227 997 4292 Ἰνδῶν,
1033 4230 1062 4282 6
1100 4227 1159 4279 δέ
1201 4225 1367 4297 ἑτέρᾳ
1414 4224 1522 4279 τινὶ
1558 4222 1787 4295 τοιαύτῃ
1827 4222 1920 4275 εὐ-

319 4325 465 4388 θέως
506 4320 812 4392 ἐφθέγγετο
861 4315 1105 4389 γλώσσῃ*
1147 4318 1243 4370 καὶ
1295 4313 1457 4368 τοῦτο
1505 4312 1774 4385 ἐφανέρου
1803 4313 1919 4375 τοῖς

322 4416 550 4486 ἔξωθεν,
593 4417 679 4470 ὅτι
725 4411 954 4483 Πνεῦμά
989 4411 1137 4464 ἐστιν
1164 4408 1222 4462 ἐν
1254 4406 1403 4479 αὐτῷ
1429 4406 1505 4478 τῷ
1534 4405 1915 4478 φθεγγομένῳ.

330 4509 425 4562 Διδ
444 4507 543 4562 καὶ
568 4503 741 4568 οὕτως
768 4505 901 4559 αὐτὸ
929 4502 1085 4556 καλεῖ
1111 4500 1308 4571 λέγων’
1346 4498 1619 4567 Ἐκάστῳ
1643 4499 1713 4552 δὲ
1740 4499 1779 4568 ἠ
1806 4514 1919 4568 ερα-

330 4603 584 4672 νέρωσις
610 4597 718 4654 τοῦ
761 4597 1109 4666 Πνεύματος
1140 4593 1370 4649 δίδοται
1404 4591 1557 4660 πρὸς
1590 4592 1657 4646 τὸ
1682 4590 1919 4662 συμφέ·

324 4710 440 4764 ρον
456 4709 473 4725 ·
500 4691 569 4746 τά
593 4690 909 4762 χαρίσματα
934 4687 1245 4758 φανέρωσιν
1265 4685 1583 4754 Πνεύματος
1612 4681 1917 4755 ὀνομάζων.

341 4783 565 4854 Ἐπειδὴ
591 4782 702 4853 7&9
731 4781 827 4836 καὶ
859 4783 907 4835 οί
931 4777 1222 4834 ἀπόστολοι
1250 4776 1409 4830 τοῦτο
1439 4777 1658 4847 πρῶτον
1692 4777 1919 4847 σημεῖον

328 4874 548 4943 ἐλαϐον,
578 4873 676 4929 καὶ
707 4873 759 4926 οἰ
788 4871 972 4925 πιστοί
1007 4868 1169 4924 τοῦτο
1203 4865 1512 4937 ἐλάμϐανον
1531 4866 1592 4920 τὸ
1617 4865 1729 4921 τῶν
1748 4866 1920 4937 γλωσ-

331 4969 469 5035 σῶν,
522 4968 619 5022 καὶ
650 4965 775 5037 οὐχὶ
806 4963 966 5018 τοῦτο
1000 4962 1182 5035 μόνον,
1235 4960 1371 5015 ἀλλά
1403 4960 1499 5013 καὶ
1529 4958 1696 5031 ἕτερα
1724 4958 1915 5014 πλείω.

328 5063 449 5119 Καὶ
499 5060 610 5132 7&9
640 5060 737 5114 καὶ
779 5057 1009 5128 νεκροὺς
1069 5055 1290 5126 ὴγειρον
1345 5051 1553 5120 πολλοὶ,
1600 5051 1697 5104 καὶ
1733 5050 1928 5122 δαίμο-

333 5172 435 5219 νας
466 5153 720 5226 ἧλαυνον,
774 5149 873 5205 καὶ
899 5148 1037 5203 ἀλλα
1083 5146 1255 5201 πολλά
1277 5145 1506 5200 τοιαῦτα
1539 5143 1927 5215 ἐθαυματούρ-

334 5260 492 5317 γουνσ
530 5243 624 5297 καὶ
645 5241 962 5313 χαρίσματα
989 5238 1047 5291 δέ
1074 5233 1242 5309 εἰχον,
1269 5237 1319 5290 οἰ
1351 5236 1449 5308 μὲν
1474 5234 1757 5301 ἐλάττονα,
1788 5235 1838 5288 οἰ
1866 5233 1925 5287 δὲ

338 5336 534 5394 πλείω.
568 5335 739 5388 Πλέον
775 5333 833 5388 δὲ
881 5331 1098 5387 πάντων
1144 5330 1208 5386 τὸ
1249 5330 1360 5384 τῶν
1391 5328 1654 5402 γλωσσῶν
1684 5324 1753 5401 ἦν
1790 5326 1926 5399 παρ’

340 5431 529 5497 αὐτοῖς
560 5427 831 5501 χάρισμα.

412 5577 528 5635 Καὶ
566 5575 726 5630 τοῦτο
762 5572 953 5628 ιαῐτιον
1006 5570 1304 5643 σχίσματος
1367 5568 1546 5632 αὐτοῖς
1589 5566 1827 5638 ἐγένετο,
1858 5566 1921 5620 οὐ

410 5820 439 5852 ⁸
467 5818 588 5881 ιω,
612 5816 967 5881 ἀναϐαλόμεοα.

2009 2241 2164 2315 παρὰ
2184 2241 2281 2314 τὴν
2306 2240 2517 2296 οἰκείαν
2539 2239 2723 2312 φύσιν,
2747 2238 2885 2294 ἀλλά
2909 2238 3056 2312 παρά
3084 2237 3184 2310 τὴν
3207 2239 3607 2314 ἀγνωμοσύνην

1982 2333 2118 2393 κτῶν
2151 2332 2477 2404 εἰληφότων.
2527 2332 2597 2387 Ol
2620 2348 2681 2384 τε
2728 2330 2841 2402 γὰρ
2878 2330 2948 2385 τά
2989 2331 3215 2403 μείζονα
3248 2331 3465 2402 ἔχοντες
3503 2334 3606 2388 ἐπ-

2009 2425 2205 2498 ῄροντο
2238 2424 2380 2480 κατὰ
2412 2423 2523 2479 τῶν
2554 2424 2624 2478 τά
2649 2421 2910 2477 ἐλάττονα
2938 2423 3293 2494 κεκτημένων
3312 2439 3326 2453 ο
3369 2415 3518 2480 οὗτοι
3557 2423 3606 2477 δ’

2012 2515 2080 2574 αὗ
2112 2517 2275 2574 πάλιν
2297 2519 2519 2590 ἧλγουν,
2564 2516 2660 2572 καί
2687 2517 2803 2580 τοῖς
2831 2514 2900 2569 τὰ
2931 2514 3152 2587 μείζονα
3194 2515 3411 2586 ἔχουσιν
3443 2516 3608 2587 ἐφθό-

2013 2628 2160 2665 νουν.
2203 2610 2318 2664 Καὶ
2341 2610 2503 2664 τοῦτο
2527 2606 2736 2680 προῖὼν
2758 2606 3039 2661 δείκνυσιν
3069 2606 3233 2671 αὐτὸς
3284 2608 3314 2661 6
3369 2606 3605 2673 Παῦλος.

2025 2699 2182 2754 Ἐπεὶ
2209 2694 2303 2754 οῦν
2337 2696 2589 2753 ἐντεῦθεν
2618 2693 2841 2768 καιρίαν
2878 2692 3187 2765 ἐλάμϐανον
3211 2693 3447 2765 πληγὴν,
3492 2693 3609 2747 δια-

2010 2792 2283 2865 λυομένης
2320 2792 2507 2854 αὑτοῖς
2539 2789 2642 2860 τῆς
2686 2788 2934 2859 ἀγάπης,
2975 2784 3179 2857 πολλὴν
3213 2784 3448 2857 σπουδὴν
3486 2802 3609 2841 ποι-

2012 2888 2176 2953 εἷται,
2216 2883 2359 2938 ὥστε
2401 2882 2537 2938 αὐτὸ
2574 2880 2893 2952 διορθῶσαι.
2922 2877 3131 2948 Συνέϐη
3168 2876 3267 2949 μὲν
3304 2877 3416 2949 7&9
3448 2874 3612 2932 τοῦτο

2012 2978 2111 3033 καὶ
2143 2977 2201 3031 ἐν
2235 2979 2303 3048 τῇ
2336 2973 2552 3047 Ῥώμῃ,
2585 2973 2703 3028 ἀλλ’
2729 2972 2829 3044 οὐχ
2855 2970 3035 3026 οὕτωσ
3095 2969 3288 3041 διόπερ
3316 2969 3413 3024 καὶ
3445 2970 3504 3024 ἐν
3540 2971 3609 3043 τῇ

2013 3069 2153 3143 πρὸς
2179 3067 2491 3140 Ῥωμαίους
2524 3063 2817 3136 Ἐπιστολῇ
2850 3065 2993 3117 κινεῖ
3025 3062 3123 3134 μὲν
3153 3062 3309 3127 αὐτὸ,
3334 3077 3613 3115 συνεσκια·

2016 3162 2231 3234 σμένως
2262 3158 2320 3213 δέ
2364 3158 2460 3213 καὶ
2508 3158 2567 3211 ἐν
2609 3155 2827 3228 βραχεῖ,
2875 3154 3052 3225 λέγων
3095 3154 3275 3208 οὓτω·
3328 3154 3612 3224 Καθάπερ

2013 3254 2127 3325 γὰρ
2156 3252 2227 3307 ἐν
2270 3251 2363 3306 ἐνὶ
2422 3248 2654 3320 σώματι
2687 3247 2848 3318 μέλη
2882 3247 3087 3302 πολλὰ
3116 3246 3359 3318 ἔχομεν,
3417 3248 3490 3303 τὰ
3535 3247 3607 3302 δὲ

2009 3342 2169 3414 μέλη
2203 3341 2402 3396 πάντα
2460 3342 2532 3395 οὺ
2580 3338 2699 3406 τὴν
2740 3335 2939 3405 αὐτὴν
2974 3336 3101 3406 ἔχει
3132 3336 3389 3405 πρᾶξιν·
3420 3336 3613 3402 οὕτως

2015 3437 2070 3489 οὶ
2099 3433 2322 3489 πολλοὶ
2373 3432 2445 3488 ἐν
2489 3430 2665 3502 σῶμά
2710 3430 2903 3499 ἐσμεν
2934 3429 2996 3482 ἐν
3033 3427 3291 3496 Χριστῷ,
3319 3431 3353 3485 ὁ
3384 3429 3453 3483 δὲ
3477 3427 3611 3484 καθ’

2012 3522 2122 3595 εἷς,
2158 3526 2451 3593 ἀλλήλων
2474 3524 2654 3594 μέλη.
2677 3524 2971 3591 Ἔχοντες
3006 3519 3076 3575 δέ
3100 3522 3441 3591 χαρίσματα
3459 3521 3613 3577 κατὰ

2013 3621 2131 3691 τὴν
2158 3619 2339 3692 χάριν
2362 3619 2481 3687 τὴν
2516 3616 2805 3673 δοθεῖσαν
2834 3613 2982 3684 ἡμῖν
3007 3612 3284 3683 διάφορα,
3318 3614 3441 3667 εἴτε
3475 3631 3616 3684 προ-

2013 3714 2289 3784 φητείαν,
2317 3711 2471 3766 κατά
2497 3709 2615 3778 τὴν
2637 3706 2977 3775 ἀναλογίαν
3022 3705 3134 3774 τῆς
3175 3707 3457 3773 πίστεως,
3490 3707 3616 3761 εἴτε

2014 3803 2346 3869 διακονίαν,
2370 3803 2440 3857 ἐν
2466 3802 2543 3872 τῇ
2570 3800 2867 3867 διακονίᾳ,
2892 3800 3015 3854 εἴτε
3036 3802 3069 3853 ὀ
3091 3797 3416 3866 διδάσκων,
3441 3797 3513 3853 ἐν
3537 3796 3616 3868 τῇ

2016 3897 2406 3964 διδασκαλίᾳ.
2424 3896 2548 3950 Ὅτι
2577 3894 2635 3948 δέ
2662 3894 2758 3948 καὶ
2785 3895 2987 3947 ἐκείνοι
3017 3894 3097 3956 εἰς
3129 3892 3392 3945 ἀπόνοιαν
3425 3890 3614 3959 ἐντεῦ-

2019 3990 2112 4045 θεν
2135 3988 2454 4055 ἐνέπιπτον,
2486 3986 2793 4057 ἀρχόμενος
2842 3982 3066 4055 ᾐνίξατο
3103 3981 3284 4043 τοῦτο,
3317 3980 3491 4045 οὕτως
3536 3982 3616 4035 εἰ·

2018 4082 2166 4138 πών·
2218 4080 2383 4152 Λέγω
2430 4078 2543 4149 γὰρ
2575 4075 2676 4131 διὰ
2732 4074 2845 4145 τῆς
2895 4074 3143 4145 χάριτος
3193 4073 3303 4143 τῆς
3331 4073 3617 4144 δοθείσης

2011 4191 2113 4246 μοι
2153 4172 2334 4227 παντὶ
2375 4170 2455 4238 τῷ
2494 4170 2621 4223 ὄντι
2648 4167 2719 4222 ἐν
2747 4167 2890 4238 ὑμῖν
2912 4167 3001 4237 μὴ
3031 4167 3437 4236 ὑπερφρονεῖν
3474 4167 3614 4236 παρ’

2019 4266 2051 4319 ὃ
2077 4263 2174 4319 δεῖ
2199 4261 2469 4333 φρονεῖν,
2515 4260 2679 4315 ἀλλὰ
2731 4257 2981 4329 φρονεῖν
3024 4259 3113 4325 εἰς
3155 4259 3219 4313 τὸ
3252 4257 3613 4328 σωφρονεῖν,

2019 4355 2256 4424 ἑκάστῳ
2276 4354 2358 4420 ὡς
2381 4355 2413 4407 ό
2438 4352 2584 4416 Θεὸς
2607 4349 2850 4419 ἐμέρισε
2870 4347 3094 4419 μέτρον
3115 4349 3396 4414 πίστεως.
3435 4347 3614 4403 Ἐκεί-

2020 4467 2134 4515 νοις
2166 4449 2270 4522 μὲν
2294 4442 2390 4501 οὖν
2431 4443 2575 4518 (οὐδὲ
2599 4444 2710 4514 7&9
2746 4440 2886 4495 πολὺ
2929 4439 2993 4494 τὸ
3025 4439 3241 4512 νόσημα
3266 4436 3335 4513 ἦν
3368 4440 3469 4509 τῆς
3497 4440 3617 4495 δια-

2025 4542 2272 4606 στάσεως
2320 4540 2414 4594 καὶ
2445 4536 2728 4607 ἀπονοίας)
2770 4535 2914 4590 οὕτω
2943 4534 3259 4588 διείλεκταιο
3288 4532 3526 4589 ἐνταῦθα
3556 4532 3615 4588 δὲ

2025 4635 2165 4710 μετά
2191 4632 2396 4703 πολλῆς
2426 4634 2526 4703 τῆς
2563 4628 2803 4699 σπουδῆς
2822 4644 2838 4659 ο
2878 4628 2974 4682 καὶ
3000 4625 3111 4698 7&9
3145 4626 3353 4697 σφοδρά
3386 4626 3481 4680 τοῦ
3505 4625 3615 4681 πά·-

2026 4729 2151 4793 θους
2180 4722 2247 4799 ἦν
2271 4728 2306 4797 ὴ
2337 4725 2499 4797 νομή.
2531 4723 2643 4777 Καὶ
2667 4719 2969 4776 οὐδὲτοῦτο
3004 4719 3163 4791 μόνον
3195 4718 3397 4782 αὐτοὺς
3433 4717 3618 4790 £0096-

2029 4820 2136 4888 ϐει,
2168 4818 2305 4873 ἀλλὰ
2334 4818 2430 4872 καὶ
2480 4815 2706 4887 μάντεις
2732 4808 2876 4885 ἦσαν
2905 4811 3096 4867 αὐτόθι
3127 4810 3332 4877 πολλοὶ,
3368 4810 3465 4865 ἆτε
3498 4811 3618 4864 Ἑλ-

2026 4910 2391 4984 ληνικώτερον
2414 4909 2516 4978 τῆς
2551 4906 2764 4971 πόλεως
2791 4905 3170 4976 διακειμένης,
3202 4904 3299 4958 καί
3335 4903 3476 4975 μετά
3507 4902 3616 4958 τῶν

2024 5004 2199 5060 ἄλλων
2249 5002 2345 5057 καὶ
2385 5000 2544 5055 τοῦτο
2573 4998 2775 5062 αὐτοὺς
2811 4996 3138 5061 ὑπεσκέλιςε
3193 4995 3290 5049 καὶ
3326 4996 3613 5069 ἐτάραττε.

2031 5095 2124 5149 Διὸ
2176 5094 2272 5150 καὶ
2324 5093 2649 5164 ἀρχόμενος,
2680 5089 2898 5162 πρῶτον
2927 5087 2989 5141 τὺ
3019 5087 3191 5159 μέσον
3226 5086 3489 5158 μαντείας
3522 5087 3619 5142 καὶ

2025 5189 2361 5261 προφητείας
2400 5186 2606 5257 τίθησι.
2650 5182 2755 5237 Διά
2781 5179 2942 5235 τοῦτο
2970 5179 3069 5235 καὶ
3095 5179 3397 5250 διακρίσεις
3424 5179 3618 5234 ἔλαϐον

2024 5281 2378 5352 πνευμάτων,
2413 5278 2556 5332 ὥστε
2589 5273 2892 5345 διακρίνειν
2931 5271 3027 5327 καὶ
3061 5272 3284 5339 εἰδέναι,
3333 5272 3421 5338 τίς
3452 5273 3551 5344 μὲν
3588 5272 3619 5327 6

2033 5372 2186 5447 [259]
2215 5370 2489 5442 πνεύματι
2524 5365 2901 5438 φθεγγόμενος
2922 5363 3170 5437 καθαρῷ,
3210 5364 3295 5430 τίς
3338 5365 3396 5419 δέ
3425 5367 3453 5419 6
3476 5366 3617 5420 ἀκα-

2031 5460 2237 5533 θάρτῳ.
2280 5456 2502 5528 Ἐπειδὴ
2526 5455 2637 5527 7&9
2661 5454 2890 5510 αὐτόθεν
2917 5455 3021 5509 οὐκ
3062 5451 3131 5527 ἦν
3170 5458 3476 5527 παρασχεῖν
3507 5455 3618 5511 τῶν

2031 5551 2343 5625 λεγομένων
2385 5549 2483 5619 τὴν
2505 5546 2784 5615 ἀπόδειξιν
2808 5547 3145 5620 (προφητεία
3172 5547 3283 5619 7&9
3311 5548 3411 5601 οὐκ
3434 5549 3497 5602 ἐν
3536 5547 3620 5619 τῷ

2038 5644 2237 5718 καιρῷ,
2267 5636 2312 5714 ᾧ
2343 5641 2584 5712 λέγεται,
2625 5641 2745 5695 ἀλλ’
2785 5641 2845 5694 ἐν
2894 5639 2973 5711 τῷ
3003 5638 3182 5712 καιρῷ
3207 5640 3307 5710 τῆς
3335 5640 3621 5705 ἐκϐάσεως

2034 5737 2336 5812 παρέχεται
2388 5734 2489 5805 τῆς
2531 5732 2741 5797 οἰκείας
2780 5731 3041 5804 ἀληθείας
3087 5732 3178 5785 τὸν
3225 5731 3490 5804 ἕ>.εγχον)ο
3522 5732 3619 5786 καὶ

2037 5829 2137 5884 οὐκ
2165 5822 2233 5900 ἦν
2254 5824 2475 5882 εὔκολον
2507 5824 2681 5902 αὐτὴν
2707 5822 3029 5894 διαγνῶναι,
3057 5824 3149 5879 καὶ
3187 5823 3271 5889 τίς
3314 5823 3412 5896 μὲν
3441 5826 3470 5881 6
3492 5841 3618 5898 προ-
