3962 6436
491 363 592 419 241

487 477 765 552 φητεύων,
798 477 880 542 τίς
916 476 972 531 δὲ
996 477 1026 530 ό
1051 475 1380 547 ψευδόμενος
1413 476 1531 547 (καὶ
1569 477 1678 548 γὰρ
1709 477 1906 548 μιαρὸς
1933 476 2010 530 ὢν
2038 477 2066 530 ό

485 562 736 626 διάϐολος
777 559 1020 630 ἐπεισῄει
1058 561 1174 622 τοῖς
1220 558 1649 630 προφητεύουσι,
1684 559 2068 631 ψευδοπροφή-

486 665 587 710 τας
610 648 849 714 εἰσάγων
876 643 958 708 ὡς
983 641 1144 713 δῆθεν
1166 641 1237 695 τὰ
1266 642 1533 712 μέλλοντα
1561 643 1928 714 προλέγοντας
1975 645 2070 697 καὶ

487 731 730 798 αὑτούς)·
758 725 881 783 εἶτα
911 727 1099 798 ἐπειδὴ
1126 726 1264 790 τέως
1295 727 1563 781 ἀνεύθυνα
1590 724 1658 799 ἦν
1681 727 1748 782 τὰ
1776 727 2065 798 λεγόμενα,

486 813 642 867 εῦπω
666 813 776 866 τῶν
800 810 1140 883 πραγμάτων
1156 810 1435 864 ἐκϐάντων
1461 811 1589 883 περὶ
1619 806 1694 864 ῶν
1717 811 2065 882 προελέγετο,

488 895 585 949 καὶ
607 893 805 965 ῥαδίως
837 891 1210 962 παρεκρούετο
1230 893 1339 961 (τὸν
1363 893 1472 964 γὰρ
1499 892 1829 963 ψευδόμενον
1859 895 1954 948 καὶ
1977 894 2068 946 τὸν

486 976 820 1048 ἀληθεύοντα
850 975 912 1028 τὸ
932 975 1086 1040 τέλος
1117 977 1406 1048 ῆλεγχεν)’
1441 978 1528 1031 ἵνα
1554 977 1619 1048 δὴ
1661 977 1796 1048 μηδὲ
1836 976 1943 1046 πρὸ
1969 975 2064 1029 τοῦ

485 1059 673 1123 τέλους
701 1057 1026 1112 ἀπατῶνται
1057 1061 1107 1112 οἰ
1143 1060 1433 1130 ἀκροαταὶ,
1479 1060 1703 1114 δίδωσιν
1731 1059 1915 1122 αὐτοῖς
1968 1075 2067 1131 ση-

489 1145 660 1215 μεῖον,
690 1141 720 1195 δ
741 1145 836 1197 καί
856 1142 962 1214 πρὸ
991 1143 1090 1214 τῆς
1119 1142 1400 1206 ἐκϐάσεως
1432 1144 1642 1196 ἐδείκνυ
1677 1142 1864 1197 τοῦτον
1886 1143 2069 1196 κάκεῖ·

485 1243 594 1281 νον·
630 1226 726 1280 καὶ
749 1225 998 1279 ἐντεῦθεν
1027 1225 1208 1279 λαϐὼν
1229 1225 1554 1280 ἀκολουθίαν
1575 1226 1670 1279 καὶ
1687 1225 1886 1296 ἀρχὴν,
1922 1223 2067 1278 οὕτω

485 1312 582 1365 καὶ
611 1312 690 1375 εἰς
729 1311 822 1364 τὸν
872 1309 1140 1380 περὶτῶν
1189 1311 1546 1381 χαρισμάτων
1588 1309 1832 1364 ἐκϐαίνει
1883 1309 2065 1378 λόγον,

486 1395 582 1449 καὶ
628 1394 729 1466 τὴν
777 1393 1110 1463 φιλονεικίαν
1154 1393 1464 1465 διορθοῦται
1508 1393 1608 1465 τὴν
1659 1393 1756 1448 καὶ
1811 1392 2066 1447 ἐντεῦθεν

484 1479 799 1550 γινομένην.
827 1477 975 1541 Τέως
1007 1477 1193 1548 μέντοι
1211 1475 1305 1530 τοῦ
1334 1478 1462 1548 περὶ
1491 1479 1600 1532 τῶν
1632 1477 1878 1548 μάντεων
1906 1477 2068 1548 ἀρχε-

486 1580 576 1618 ται
603 1563 765 1630 λόγου
818 1559 962 1614 οὕτω
998 1560 1192 1630 λέγων·
1229 1561 1370 1628 Περί
1401 1560 1472 1614 δὲ
1502 1559 1616 1616 τῶν
1645 1560 2068 1632 πνευματικῶν

484 1647 562 1701 οὐ
604 1645 758 1700 θέλω
793 1642 951 1712 ὑμᾶς
977 1645 1239 1713 ἀγνοεῖν,
1291 1645 1564 1714 ἀδελφοίο
1617 1644 1967 1716 πνευματικά
1997 1645 2066 1698 τὰ

487 1729 692 1798 σημεῖα
725 1724 928 1792 καλῶν,
956 1727 1037 1780 ὅτι
1081 1726 1255 1781 ταῦτα
1299 1727 1438 1799 ἔργα
1478 1727 1574 1781 τοῦ
1608 1727 1929 1799 Πνεύματος
1967 1727 2064 1798 μό-

484 1826 604 1874 νου,
654 1809 806 1863 οὐδὲν
849 1808 1198 1880 ἀνθρωπίνης
1235 1810 1668 1882 ἐπεισφερούσης
1719 1810 1955 1880 σπουδῆς
1989 1811 2068 1873 εἰς

483 1891 548 1946 τὸ
575 1891 646 1945 τά
670 1892 895 1946 τοιαῦτα
925 1882 1385 1963 θαυματουργεῖν.
1415 1893 1527 1948 Καὶ
1568 1893 1780 1965 μέλλων
1804 1894 1934 1965 περὶ
1964 1893 2065 1946 αύ-

483 1975 594 2028 τῶν
623 1973 988 2043 διαλέγεσθαι,
1020 1975 1306 2046 πρότερον,
1333 1976 1469 2046 ὅπερ
1494 1975 1653 2048 ἔφην,
1687 1976 1784 2047 τῆς
1808 1975 2068 2046 μαντείας

483 2055 584 2130 τὴν
611 2055 876 2128 διαφορὰν
908 2057 1001 2110 καὶ
1045 2059 1146 2128 τῆς
1174 2058 1514 2129 προφητείας
1544 2059 1781 2130 τίθησιν,
1811 2058 1954 2112 οὕτω
1980 2057 2069 2110 λέ-

483 2157 619 2210 γωνο
658 2140 870 2194 Οιδατε
898 2139 988 2194 ὅτι
1013 2139 1112 2194 ὅτε
1141 2140 1288 2210 ἔθνη
1319 2137 1444 2212 ἦτε,
1477 2142 1628 2210 πρὸς
1651 2141 1724 2196 τὰ
1751 2141 1969 2196 ειδωλα
1994 2139 2068 2194 τὰ

481 2224 716 2294 ἄφωνα,
745 2225 826 2290 ὡς
866 2225 942 2279 ἂν
991 2224 1230 2294 ἤγεσθε,
1276 2227 1663 2296 ἀπαγόμενοι.
1702 2227 1768 2279 '0
1797 2224 1857 2278 δέ
1889 2224 2064 2293 λέγει,

483 2307 644 2362 τοῦτό
671 2309 840 2362 ἐστιν·
877 2309 966 2362 Ἐν
995 2311 1109 2372 τοῖς
1139 2308 1374 2373 εἰδώλοις
1407 2323 1458 2374 ι,
1491 2311 1677 2381 φησὶν,
1710 2308 1895 2362 είποτε
1928 2324 2066 2361 κατ·

485 2392 682 2464 εσχέθη
733 2409 816 2456 τις
873 2392 979 2446 ὑπὸ
1029 2391 1342 2463 πνεύματος
1391 2392 1706 2464 ἀκαθάρτου
1751 2392 1849 2446 καὶ
1893 2393 2066 2464 ἐμαν-

483 2475 696 2540 τεύετο,
725 2476 913 2547 ὥσπερ
965 2476 1334 2547 ἀπαγόμενος,
1383 2476 1557 2540 οὕτως
1594 2477 1810 2530 εἵλκετο
1835 2475 1942 2529 ὑπὸ
1967 2473 2063 2529 τοῦ

484 2558 798 2629 πνεύματος
843 2558 1147 2629 δεδεμένος,
1195 2559 1346 2612 οὐδὲν
1379 2558 1539 2624 εἰδὼς
1575 2553 1651 2613 ὧν
1677 2559 1847 2628 λέγει.
1895 2556 2067 2612 Τοῦτο

483 2643 596 2714 γάρ
623 2644 869 2714 μάντεως
896 2644 1044 2707 ῖδιον,
1075 2643 1136 2694 τὸ
1159 2643 1530 2713 ἐξεστηκέναι,
1569 2643 1628 2698 τὸ
1661 2645 1907 2716 ἀνάγκην
1933 2644 2066 2698 ύπο-

488 2727 691 2798 μένειν,
719 2725 779 2780 τὸ
806 2724 1086 2791 ὠθεῖσθαι,
1119 2725 1180 2779 τὸ
1207 2727 1484 2792 ἕλκεσθαι,
1511 2728 1570 2783 τὸ
1594 2727 1852 2800 σύρεσθαι
1877 2727 2067 2798 ῶσπερ

489 2809 836 2880 μαινόμενον.
886 2809 943 2862 Ὀ
985 2808 1044 2862 δέ
1081 2810 1368 2882 προφήτης
1395 2810 1496 2880 οὐχ
1525 2810 1720 2874 οὕτως,
1752 2811 1890 2864 άλλά
1925 2811 2067 2881 μετά

483 2893 724 2955 διανοίας
762 2890 1060 2962 νηφούσης,
1092 2893 1188 2945 καὶ
1221 2893 1610 2965 σωφρονούσης
1652 2895 2064 2958 καταστάσεως,

486 2977 584 3030 καὶ
618 2975 773 3038 εἰδὼς
823 2975 857 3028 ἃ.
906 2975 1226 3044 φθέγγεται,
1281 2978 1446 3048 φησὶν
1480 2978 1718 3032 ἅπαντα.
1761 2979 1925 3033 Ὥστε
1972 2977 2069 3031 καὶ

489 3058 596 3130 πρὸ
620 3061 719 3128 τῆς
745 3057 1020 3119 ἐκϐάσεως
1046 3058 1342 3112 κάντεῦθεν
1373 3060 1608 3130 γνὼριζε
1634 3062 1724 3113 τὸν
1757 3063 1950 3130 μάντιν
1973 3060 2068 3114 καὶ

486 3141 580 3194 τὸν
615 3143 919 3210 προφήτην.
961 3141 1071 3192 Καὶ
1106 3141 1296 3194 σκόπει
1320 3142 1437 3205 πῶς
1467 3141 1778 3196 ἀνύποπτον
1809 3147 1954 3197 ποιεῖ
1979 3145 2068 3196 τὸν

487 3224 665 3292 λόγον’
704 3224 900 3284 αὐτοὺς
933 3225 1216 3294 μάρτυρας
1265 3225 1420 3278 καλεῖ
1449 3228 1576 3291 τοὺς
1606 3228 1663 3280 ἐν
1687 3230 1753 3298 τῇ
1786 3231 1873 3280 πεί
1885 3245 1952 3299 ρᾳ
1974 3229 2068 3280 τοῦ

487 3307 818 3379 πράγματος
872 3307 1217 3376 γενομένους.
1243 3307 1368 3361 Ὅτι
1398 3309 1507 3380 γάρ
1539 3311 1601 3362 ού
1639 3311 1927 3381 ψεύδομαι,
1963 3329 2068 3383 φη-

491 3398 599 3461 σὶν,
625 3395 747 3450 ούδέ
799 3394 988 3458 ἀπλῶς
1033 3394 1275 3465 διασύρω
1306 3395 1374 3448 τὰ
1403 3395 1511 3449 τῶν
1549 3396 1741 3460 ἐθνῶν,
1771 3395 1847 3459 ὼς
1877 3395 2068 3467 ἐχθρὸς

491 3480 760 3540 πλάττων,
808 3477 962 3531 αὐτοὶ
1009 3477 1169 3547 ὑμεῖς
1224 3495 1314 3548 μοι
1365 3481 1777 3549 μαρτυρήσατε·
1828 3478 2069 3549 καὶγὰρ

487 3562 671 3616 οῖδατε
721 3561 812 3614 ὅτε
839 3561 1099 3631 ’Έλληνες
1141 3556 1262 3631 ἦτε,
1298 3560 1414 3626 πῶς
1465 3563 1748 3634 ἀπήγεσθε
1784 3562 2069 3631 ἑλκόμενοι

489 3646 632 3699 τότε.
678 3643 741 3697 Εἰ
781 3643 837 3697 δέ
885 3660 968 3706 τις
1020 3644 1114 3696 καὶ
1147 3643 1368 3706 τούτους
1400 3643 1478 3708 ὡς
1522 3645 1750 3706 πιστοὺς
1792 3645 2070 3709 ὑπόπτους

487 3723 806 3797 εἷναιφαίη,
827 3726 959 3795 φέρε
991 3727 1084 3778 καὶ
1112 3728 1177 3778 ἐκ
1205 3726 1311 3779 τῶν
1339 3725 1538 3793 ἔξωθεν
1568 3725 1727 3779 τοῦτο
1757 3727 1884 3797 ὑμῖν
1914 3727 2071 3798 ποιή-

489 3829 572 3866 σω
615 3810 871 3880 φανερόν.
908 3811 1172 3863 Ἄκουσον
1211 3810 1342 3878 γοῦν
1386 3811 1669 3874 Πλάτωνος
1696 3811 1946 3879 λέγοντος
1974 3809 2063 3863 οῦ-

487 3912 598 3958 τως
619 3911 633 3924 '
665 3894 873 3964 Ὥσπερ
898 3895 944 3946 οἱ
977 3893 1292 3963 χρησμῳδεῖ
1324 3894 1416 3946 καὶ
1435 3894 1483 3944 οἰ
1513 3892 1832 3964 θεομάντεις
1852 3893 2071 3962 λέγουσι

491 3978 594 4048 μὲν
612 3975 780 4030 πολλὰ
802 3977 895 4029 καὶ
913 3976 1074 4038 καλά,
1098 3978 1246 4029 ῖσασι
1267 3976 1323 4028 δέ
1337 3976 1488 4028 οὐδὲν
1505 3973 1578 4029 ὧν
1593 3977 1752 4045 λέγου
1761 3978 2072 4030 σιν.¹Ἀκου-

490 4077 585 4113 σον
613 4059 744 4129 γοῦν
772 4059 865 4111 καλ.
889 4058 1076 4129 ἐτέρου
1113 4059 1338 4130 ποιητοῦ
1367 4060 1435 4112 τά
1464 4059 1604 4112 αὐτὰ
1634 4061 2068 4131 ἐνδεικνυμένου.

501 4144 724 4214 Ἐπειδὴ
746 4143 855 4212 γάρ
880 4140 1126 4204 τελεταῖς
1147 4159 1254 4195 τισι
1284 4143 1378 4196 καὶ
1411 4145 1774 4212 μαγγανείαις
1806 4146 2072 4216 κατέδησε

482 4227 722 4299 δαίμονά
764 4243 846 4288 τις
887 4226 968 4286 εἰς
1011 4224 1320 4295 ἄνθρωπον,
1353 4227 1448 4278 καί⁸
1479 4227 1810 4297 ἐμαντεύετο
1839 4230 2070 4292 ἐκεῖνος,

490 4314 588 4366 καὶ
621 4309 1021 4382 μαντευόμενος
1052 4308 1367 4379 ἐῤῥιπτεῖτο
1412 4311 1507 4363 καὶ
1535 4313 1934 4381 ἐσπαράττετο,
1977 4318 2072 4366 καὶ

491 4396 738 4462 ἐνεγκεῖν
761 4391 855 4446 τοῦ
893 4391 1144 4460 δαίμονος
1197 4392 1296 4460 τὴν
1329 4393 1505 4463 όρμὴν
1533 4395 1632 4447 οὐκ
1671 4395 1924 4464 ἠδύνατο,
1953 4396 2070 4449 ἀλλ’

492 4476 645 4551 [ἰῧο]
670 4475 859 4546 ἔμελλε
881 4473 1258 4543 διασπώμενος
1284 4473 1457 4539 οὕτως
1483 4477 1839 4543 ἀπόλλυσθαι,
1867 4483 1980 4544 τοῖς
2002 4479 2072 4533 τὰ

490 4560 712 4616 τοιαῦτα
742 4556 1150 4629 μαγγανεύουσί
1177 4573 1312 4625 φησι
1337 4571 1352 4586 ο

491 4726 732 4784 Λύσατε
757 4719 995 4784 λοιπὸν,
1038 4719 1264 4773 ἄνακτα
1284 4720 1505 4790 βροτὸς
1539 4722 1680 4776 θεὸν
1719 4724 1919 4780 οὐκέτι
1957 4746 2072 4798 χω-

1936 4811 2070 4884 [μεθ

477 4957 590 5012 καὶ
620 4957 802 5022 πάλιν,

493 5103 732 5162 Λύσατέ
776 5121 882 5175 μοι
931 5105 1299 5176 στεφάνους.
1347 5107 1451 5160 καί
1487 5126 1606 5179 μευ
1659 5109 1851 5176 πόδας
1900 5111 2072 5165 ὕδατι

1843 5192 2072 5264 [λευκῷ

505 5270 766 5338 ἰ’ἁνατε,
801 5271 898 5326 καί
948 5273 1217 5344 way;qu
1253 5274 1653 5342 ἀπαλείψατε,
1704 5278 1808 5329 καί
1857 5296 1923 5347 γε
1962 5296 2072 5347 μο-

1863 5361 2068 5432 ίλοῖμι.

491 5505 676 5561 Ταῦτα
708 5506 816 5578 γὰρ
863 5507 958 5560 καὶ
993 5508 1064 5562 τὰ
1111 5507 1338 5560 τοιαῦτα
1391 5505 1513 5579 (καὶ
1561 5509 1670 5579 γάρ
1713 5508 1833 5562 ἔστι
1886 5511 2069 5581 πολλῷ

553 5731 578 5757 ⁸
601 5729 752 5780 Sam.
779 5737 918 5794 putat
961 5729 1228 5794 legendum
1268 5733 1540 5792 εἰδωλείοις.

1210 361 1268 416 S.
1305 359 1598 416 'JOANNIS
1626 356 2124 418 CHRYSOSTOMI
2162 358 2481 417 ARCIIIEP.
2523 361 3082 421 CONSTANTINOP.
3597 374 3683 429 ΞΩ

2175 475 2396 532 πλείονα
2445 479 2666 549 εἰπεῖν),
2700 479 2986 550 ἀμφότερα
3026 479 3198 532 ταῦτα
3227 477 3350 550 ἡμῖν
3376 482 3683 553 ἐνδείκνυται,

2179 560 2271 612 καὶ
2306 562 2404 632 τὴν
2447 563 2693 632 ἀνάγκην
2787 563 3139 633 κατεχόμενοι
3170 563 3492 620 δουλεύουσιν
3518 571 3562 622 οἰ
3593 571 3689 624 δαί-

2173 660 2352 712 μονες,
2388 645 2483 700 καὶ
2511 645 2612 716 τὴν
2634 645 2754 716 βίαν
2778 647 2845 717 ἦν
2871 647 3230 715 ὑπομένοντες
3257 649 3305 699 οἰ
3334 647 3568 715 καθάπαξ
3589 653 3691 706 ἐαυ-

2169 728 2294 792 τοὺς
2324 727 2572 792 ἐκδόντες
2596 729 2802 794 αὐτοῖς,
2828 730 2919 782 καὶ
2944 729 3052 782 τῶν
3081 728 3224 783 κατὰ
3251 729 3402 798 φύσιν
3425 731 3694 796 ἐξίστανται

2169 809 2402 880 φρενῶν,
2440 812 2551 866 Καὶ
2579 813 2612 882 ἡ
2646 811 2821 866 Πυθία
2841 811 2921 865 δέ’
2949 812 3331 882 ἀναγκάζομαι
3363 813 3466 884 γὰρ
3496 816 3581 867 καί
3601 817 3696 870 ἐτέ-

2174 911 2271 965 ραν
2303 895 2484 948 αὐτῶν
2513 895 2902 967 ἀσχημοσύνην
2944 895 3324 966 ἐκπομπεῦσαι
3343 896 3450 961 νῦν,
3474 898 3536 968 ἣν
3559 900 3697 954 καλὸν

2172 977 2272 1047 μὲν
2311 971 2379 1047 ἧν
2413 978 2702 1048 παρελθεῖν
2727 978 2814 1032 διὰ
2839 979 2900 1032 τὸ
2930 981 3062 1049 ἡμῖν
3096 978 3338 1051 ἀπρεπὲς
3362 975 3493 1032 εἰναι
3518 980 3580 1032 τὰ
3604 998 3698 1034 τοι-

2171 1059 2311 1112 αῦτα
2342 1059 2524 1128 λέγειν
2547 1077 2561 1091 ⁸
2597 1059 2738 1113 ῶστε
2767 1061 2824 1114 δέ
2860 1061 3196 1134 σαφέστερον
3221 1061 3394 1116 αὐτῶν
3420 1063 3597 1132 μαθεῖν
3618 1065 3699 1135 τὴν

2168 1141 2431 1213 αἰσχύνην
2453 1141 2504 1208 ι’,
2532 1144 2826 1212 ἀναγκαῖον
2857 1145 3056 1208 εἰπεῖν,
3099 1143 3186 1198 ἵνα
3215 1143 3498 1198 κάντεῦθεν
3523 1146 3701 1217 μάθητε

2166 1225 2266 1296 τὴν
2296 1226 2616 1296 παράνοιαν,
2643 1227 2851 1280 καὶτὸν
2877 1226 3046 1280 πολὺν
3075 1225 3286 1294 γέλωτα
3313 1225 3420 1278 τῶν
3449 1229 3554 1290 τοῖς
3591 1228 3702 1298 μάν-

2165 1325 2283 1362 τεσι
2313 1310 2668 1381 κεχρημένων
2686 1325 2701 1340 ’
2737 1309 2957 1378 λέγεται
2985 1310 3165 1363 τοίνυν
3186 1309 3324 1381 αῦτη
3347 1313 3380 1380 ὴ
3404 1309 3570 1364 Πυθία
3587 1314 3702 1383 γυνή

2167 1409 2252 1456 τις
2275 1388 2414 1447 οὖσα
2445 1392 2816 1464 ἐπικαθῆσθαι
2837 1392 2914 1464 τῷ
2939 1393 3152 1464 τρίποδί
3190 1409 3320 1446 ποτε
3353 1393 3442 1447 τοῦ
3470 1393 3703 1448 Ἀπόλλω-

2165 1491 2278 1540 νος,
2312 1474 2596 1547 διαιροῦσα
2626 1476 2695 1530 τά
2729 1475 2895 1548 σκέλη
2919 1491 2931 1504 ·
2968 1471 3068 1529 εἷθ’
3091 1475 3234 1531 οὕτω
3261 1475 3473 1546 πνεῦμα
3502 1475 3706 1545 πονηρὸν

2168 1557 2412 1613 κάτωθεν
2442 1558 2841 1630 ἀναδιδόμενον,
2869 1559 2966 1613 καὶ
2987 1558 3076 1613 διὰ
3097 1559 3204 1612 τῶν
3224 1556 3547 1628 γεννητικῶν
3562 1557 3706 1626 αὐτῆς

2167 1640 2512 1712 διαδυόμενον
2537 1642 2742 1714 μορίων
2759 1641 3000 1714 πληροῦν
3016 1643 3114 1715 τὴν
3137 1646 3372 1712 γυναῖκα
3394 1643 3488 1710 τῆς
3516 1640 3706 1712 μανίας,

2168 1725 2264 1778 καὶ
2289 1725 2496 1797 ταύτην
2518 1725 2617 1788 τὰς
2633 1724 2828 1798 τρίχας
2852 1725 3086 1779 λύουσαν
3109 1724 3296 1778 λοιπὸν
3313 1721 3709 1793 ἐκϐακχεύεσθαί

2166 1822 2250 1873 τε,
2306 1808 2402 1860 καὶ
2444 1809 2618 1880 ἀφρὸν
2651 1808 2716 1861 ἐκ
2745 1807 2839 1861 τοῦ
2879 1808 3148 1879 στόματος
3183 1807 3420 1876 ἀφιέναι,
3448 1807 3537 1861 καὶ
3563 1804 3711 1867 οὕτως

2169 1890 2228 1944 ἐν
2255 1891 2514 1964 παροινίᾳ
2537 1892 2836 1963 γενομένην
2862 1890 2933 1945 τὰ
2947 1891 3050 1962 τῆς
3081 1891 3278 1962 μανίας
3293 1889 3609 1960 φθέγγεσθαι
3633 1888 3713 1958 ῥή-

2172 1991 2341 2045 ματα.
2377 1971 2511 2030 Οἶδα
2562 1977 2646 2029 ὅτι
2689 1974 2996 2047 ῂσχύνθητε
3043 1976 3139 2030 καλ⁸
3179 1974 3544 2046 ἠρυθριάσατε
3565 1971 3714 2025 ταῦτα

2169 2057 2520 2122 ἀκούσαντεςο
2555 2059 2672 2112 ἀλλ’
2698 2060 2897 2112 ἐκεῖνοι
2924 2059 3021 2112 καὶ
3053 2058 3198 2128 μέγα
3243 2054 3498 2130 φρονοῦσι
3534 2055 3620 2108 καὶ
3639 2052 3716 2106 διὰ

2169 2144 2265 2215 τὴν
2289 2141 2679 2216 ἀσχημοσύνην
2705 2144 2802 2198 καὶ
2826 2143 2916 2198 διά
2945 2143 3045 2214 τὴν
3069 2142 3273 2214 μανίαν
3301 2139 3522 2211 ταύτην.

2238 2308 2304 2380 β’.
2321 2307 2512 2365 Ταῦτα
2526 2303 2618 2365 οῦν
2634 2308 2728 2366 καί
2747 2309 2817 2365 τά
2828 2307 3051 2364 τοιαῦτα
3066 2311 3094 2362 ό
3108 2307 3319 2372 Παῦλος
3339 2307 3543 2362 ἅπαντα
3556 2303 3719 2357 ἀνακι-

2167 2392 2274 2446 νῶν
2299 2391 2508 2460 ἔλεγεν⁹
2546 2393 2779 2459 Οιδατε,
2807 2391 2896 2448 ὅτι
2927 2392 3025 2446 ὅτε
3051 2395 3196 2460 ἔθνη
3221 2387 3349 2462 ἦτε,
3372 2389 3519 2458 πρὸς
3547 2386 3613 2442 τὰ
3645 2386 3716 2439 εί-

2168 2473 2330 2529 δωλα
2350 2478 2422 2531 τὰ
2442 2477 2671 2545 ἄφωνα,
2701 2477 2784 2543 ὡς
2821 2475 2899 2531 ἂν
2935 2475 3175 2545 ἤγεσθε,
3207 2475 3584 2544 ἀπαγόμενοι.
3625 2469 3719 2524 Καὶ

2168 2559 2356 2631 ἐπειδὴ
2393 2560 2530 2630 πρὸς
2559 2560 2767 2624 εἰδότας
2793 2561 3083 2628 διελέγετο,
3115 2560 3176 2613 οὐ
3198 2559 3381 2629 τίθησι
3406 2559 3575 2612 πάντα
3602 2552 3719 2624 μετὰ

2168 2642 2475 2713 ἀκριϐείας,
2514 2642 2588 2714 μὴ
2613 2642 2934 2713 βουλόμενος
2967 2644 3152 2705 αὐτοῖς
3180 2642 3440 2711 ἐνοχλεῖν,
3480 2637 3587 2692 ἀλλ’
3610 2637 3720 2689 ἀνα-

2171 2729 2381 2801 μνήσας
2413 2728 2574 2798 μόνον
2602 2728 2696 2781 καὶ
2725 2729 2803 2791 εἰς
2829 2727 3034 2780 ἔννοιαν
3059 2728 3318 2780 ἁπάντων
3367 2725 3560 2787 αὐτοὺς
3600 2723 3722 2788 ἁγα-

2167 2809 2301 2880 γὼν,
2349 2810 2754 2864 ἀπαλλάττεται
2803 2810 3038 2880 ταχέως,
3085 2810 3223 2880 προς
3270 2809 3332 2861 τὸ
3387 2805 3724 2879 προκείμενον

2170 2894 2545 2962 ἐπειγόμενος.
2570 2895 2634 2947 Τί
2658 2895 2718 2947 δέ
2743 2895 2882 2957 ἐστι,
2902 2894 3060 2961 Πρὸς
3080 2893 3153 2946 τὰ
3181 2892 3405 2946 εἴδωλα
3429 2889 3499 2944 τὰ
3518 2889 3724 2956 ἄφωνα

2171 2972 2330 3032 Οὗτοι
2362 2979 2411 3030 οἰ
2458 2979 2681 3048 μάντεις
2715 2979 2852 3048 πρὸς
2890 2979 3076 3032 ἐκεῖνα
3124 2979 3324 3048 ἤγοντο
3354 2974 3645 3043 ἑλκόμενοι.
3672 2969 3726 3021 Εἰ

2167 3060 2226 3114 δὲ
2257 3061 2398 3114 αύτά
2427 3061 2640 3130 ἄφωνα,
2684 3060 2803 3124 πῶς
2829 3060 3059 3122 ἐκείνοις
3083 3060 3390 3130 ἐκέχρηντο
3424 3069 3445 3096 ο
3477 3075 3491 3123 ;
3519 3054 3653 3116 τίνος
3679 3051 3728 3105 δὲ

2167 3143 2357 3196 ἕνεκεν
2383 3141 2496 3208 τοῖς
2531 3144 2746 3211 ξοάνοις
2799 3143 3001 3206 αὐτοὺς
3051 3144 3334 3214 προσῆγεν
3363 3145 3391 3196 ὁ
3432 3140 3637 3210 δαίμων
3663 3135 3726 3197 ὡς

2169 3226 2551 3298 αἰχμαλώτους
2577 3229 2670 3281 καὶ
2697 3227 2951 3298 δεσμίους
2976 3243 2990 3292 ;
3022 3226 3192 3296 Ὁμοῦ
3219 3227 3278 3279 δὲ
3308 3227 3402 3279 καὶ
3420 3225 3518 3295 τὴν
3547 3221 3732 3286 πλάνην

2172 3312 2402 3382 πιθανὴν
2431 3313 2819 3384 ἐργαζόμενος.
2842 3312 2956 3365 Ἵνα
2980 3310 3089 3381 γὰρ
3113 3310 3187 3382 μὴ
3218 3311 3350 3382 δόξῃ
3374 3313 3402 3363 ὁ
3431 3308 3574 3368 λίθος
3602 3305 3734 3371 ἀφω⁰

2171 3413 2260 3457 νος
2295 3391 2454 3462 εἶναι,
2487 3395 2818 3460 ἐσπούδαζεν
2860 3397 2972 3458 τοῖς
3015 3394 3259 3457 εἰδώλοις
3291 3391 3595 3465 προσηλοῦν
3625 3388 3734 3448 τοὺς

2173 3478 2516 3547 ἀνθρώπους,
2563 3479 2650 3532 ἵνα
2710 3480 2776 3532 τὰ
2836 3479 3020 3532 αὐτῶν
3072 3479 3306 3541 ἐκείνοις
3357 3475 3732 3545 ἐπιγράφηται.

2185 3562 2324 3614 Ἀλλ’
2355 3563 2415 3615 ού
2456 3563 2522 3616 τά
2571 3563 2817 3633 ἡμέτερα
2870 3561 3119 3616 τοιαῦτα.
3169 3561 3315 3614 Ἀλλ’
3355 3562 3457 3614 οὐκ
3495 3558 3648 3628 ἔθηκε
3678 3552 3735 3605 τά

2172 3645 2440 3716 ἡμέτερα,
2467 3645 2539 3698 τὰ
2563 3645 2674 3699 τῶν
2685 3645 2838 3717 [ἳϐἰ]
2858 3645 3154 3715 προφητῶν
3178 3644 3346 3712 λέγω·
3377 3645 3472 3698 καὶ
3495 3643 3598 3710 γὰρ
3617 3636 3737 3707 δῆλα

2171 3724 2239 3798 ἦν
2267 3730 2452 3792 αὐτοῖς
2498 3727 2738 3793 ἅπαντα,
2788 3731 2881 3783 καὶ
2913 3730 2976 3781 ἐν
3016 3729 3199 3790 αὐτοῖς
3232 3728 3623 3799 προεφήτευον,
3671 3719 3735 3782 ὡς

2172 3812 2360 3875 αὐτοῖς
2397 3811 2606 3881 πρέπον
2650 3806 2740 3883 ἦν,
2793 3811 2934 3881 μετά
2985 3810 3256 3872 συνέσεως
3299 3811 3396 3864 καὶ
3444 3804 3736 3875 ἐλευθερίας

2174 3894 2416 3963 ἀπάσης.
2463 3895 2562 3948 Διά
2613 3912 2696 3948 τοι
2748 3895 2909 3948 τοῦτο
2938 3895 3032 3948 καὶ
3082 3893 3176 3946 τοῦ
3207 3895 3386 3947 εἰπεῖν
3431 3888 3644 3946 καὶτοῦ
3672 3885 3736 3956 μὴ

2176 3979 2350 4030 εἰπεῖν
2377 3974 2516 4049 ἦσαν
2549 3977 2729 4047 κύριοι
2749 3993 2763 4007 ο
2799 3978 2860 4031 ού
2891 3976 3001 4050 γὰρ
3025 3978 3240 4046 ἀνάγκῃ
3276 3977 3610 4046 κατείχοντο,
3639 3968 3736 4025 ἀλλ’

2176 4061 2393 4132 ἐξουσίᾳ
2438 4057 2576 4132 ἦσαν
2623 4061 2998 4132 τετιμημένοι.
3057 4060 3155 4112 Διὰ
3207 4060 3374 4112 τοῦτο
3427 4058 3523 4112 καὶ
3574 4053 3738 4112 Ἰωνᾶς

2173 4143 2366 4212 ἔφυγε,
2397 4143 2486 4196 διὰ
2516 4142 2672 4198 τοῦτο
2701 4144 2797 4196 καὶ
2832 4141 3090 4214 Ἱεζεκιὴλ
3121 4141 3472 4205 ἀνεϐάλλετο,
3493 4139 3578 4192 διὰ
3603 4135 3739 4192 τοῦτο

2177 4228 2272 4280 καὶ
2303 4227 2569 4297 Ἱερεμίας
2601 4229 2916 4298 παρῃτεῖτο.
2963 4227 3019 4278 '0
3062 4226 3117 4279 δὲ
3164 4226 3299 4290 Θεὸς
3329 4227 3390 4279 ού
3422 4225 3560 4296 μετὰ
3590 4221 3740 4286 ἀνάτ-

2177 4328 2280 4380 κης
2304 4311 2498 4373 αὐτοὺς
2520 4309 2670 4376 ὤθει,
2694 4309 2830 4364 ἀλλὰ
2852 4310 3257 4381 συμϐουλεύων,
3287 4309 3589 4382 παραινῶν,
3609 4308 3740 4360 ἀπει-

2175 4393 2304 4455 λῶν,
2321 4395 2382 4446 ού
2411 4394 2617 4446 σκοτῶν
2641 4395 2738 4465 τὴν
2770 4393 3027 4448 διάνοιαν.
3050 4393 3318 4462 Δαίμονος
3345 4395 3445 4463 μὲν
3472 4391 3579 4462 γὰρ
3605 4388 3738 4450 ἴδιον,

2176 4478 2236 4532 τὸ
2265 4477 2494 4549 θόρυϐον
2524 4478 2619 4532 καὶ
2653 4478 2850 4548 μανίαν
2903 4481 3078 4530 ποιεῖν
3120 4477 3213 4530 καὶ
3251 4478 3427 4530 πολὺν
3450 4477 3541 4528 τὸν
3571 4474 3736 4540 ζόφονν

2173 4561 2312 4616 Θεοῦ
2340 4561 2420 4626 δὲ,
2443 4562 2508 4615 τὸ
2531 4561 2787 4632 φωτίζειν
2809 4561 2903 4614 καὶ
2931 4561 3069 4631 μετά
3087 4560 3362 4623 συνέσεως
3390 4559 3657 4613 διδάσκειν
3682 4551 3740 4605 τὰ

2175 4646 2379 4699 δέοντα.
2413 4645 2611 4717 Πρώτη
2658 4645 2758 4715 μὲν
2782 4641 2876 4699 οὖν
2909 4643 3143 4714 διαφορά
3181 4643 3323 4715 αῦτη
3369 4645 3616 4715 μάντεως
3659 4637 3742 4692 καὶ

2175 4728 2458 4799 προφήτου
2486 4744 2499 4758 ⁸
2536 4728 2770 4799 δευτέρα
2795 4727 2852 4780 δὲ
2875 4726 3067 4797 ἑτέρα,
3096 4727 3165 4798 ῆν
3196 4727 3400 4796 ἐφεξῆς
3428 4726 3628 4796 τίθησι,
3663 4720 3744 4773 λέ-

2173 4830 2321 4882 γων’
2383 4813 2479 4866 Διὸ
2529 4809 2783 4882 γνωρίζω
2833 4811 2999 4880 ὑμῖν,
3053 4811 3142 4864 ὅτι
3195 4811 3400 4877 οὐδεὶς
3462 4810 3742 4877 Πνεύματι

2177 4897 2325 4951 Θεοῦ
2361 4895 2588 4960 λαλῶν,
2631 4893 2794 4964 λέγει
2842 4893 3112 4964 ἀνάθεμα
3166 4895 3426 4963 Ἰησοῦν.
3479 4889 3609 4946 Εἶτα
3657 4885 3742 4942 καὶ

2175 4980 2358 5049 ἐτέραο
2385 4979 2490 5033 Καὶ
2515 4978 2714 5043 οὐδεὶς
2728 4977 2978 5032 δύναται
3006 4977 3198 5032 εἰπεῖν
3237 4979 3461 5046 Κύριον
3494 4973 3740 5041 Ἰησοῦν,

2174 5067 2223 5117 εὶ
2250 5063 2338 5132 μὴ
2363 5063 2434 5117 ἐν
2449 5063 2744 5131 Πνεύματι
2770 5062 2936 5130 ἁγίῳ.
2963 5063 3134 5115 Ὅταν
3157 5063 3292 5134 ἴδῃς,
3321 5062 3507 5132 φησὶν,
3536 5057 3651 5110 τινὰ
3676 5053 3740 5127 μὴ

2176 5147 2549 5217 φθεγγόμενον
2579 5146 2640 5198 τὸ
2664 5145 2836 5215 ὄνομα
2865 5143 3050 5209 αὑτοῦ,
3082 5145 3114 5216 ἦ
3148 5147 3239 5198 καὶ
3268 5141 3739 5214 ἀναθεματίζοντα,

2179 5231 2370 5302 μάντις
2412 5229 2546 5282 ἐστί.
2581 5228 2770 5294 Πάλιν,
2804 5229 2933 5281 ὅταν
2963 5228 3080 5298 ἴδῃς
3113 5227 3302 5298 ἕτερον
3351 5228 3490 5297 μετά
3519 5223 3609 5276 τοῦ
3640 5220 3744 5273 ὀνό-

2179 5330 2349 5383 ματος
2379 5311 2544 5366 αὑτοῦ
2595 5311 2776 5365 πάντα
2822 5311 3218 5380 φθεγγόμενον,
3258 5310 3456 5379 νόησον
3484 5312 3564 5362 ὅτι
3592 5321 3743 5358 πνευ-

2180 5395 2404 5466 ματικός
2441 5398 2577 5451 ἐστι.
2606 5396 2671 5448 Τί
2698 5391 2810 5458 οῦν,
2849 5395 3002 5465 φησὶ,
3035 5394 3167 5466 περὶ
3191 5394 3298 5448 τῶν
3329 5392 3740 5464 κατηχουμένων

2257 5616 2289 5680 ιι,
2305 5617 2542 5680 8ω·ἱ1.ιι(1
2575 5618 2843 5680 marginem
2879 5617 3030 5667 habet
3069 5617 3430 5680 ἀσχημοσύνην,
3463 5607 3741 5680 quaeJccliq

2178 5679 2355 5726 melior
2400 5679 2613 5727 videtur.
2684 5675 2705 5708 δ
2745 5678 3020 5741 Ἐκέχρητο.
3055 5675 3379 5732 Εὐίίίίδεινίἰ.
3424 5675 3534 5728 cuin
3571 5675 3742 5726 Dum

2178 5745 2315 5800 putat
2343 5741 2606 5804 legendum
2629 5741 2903 5803 ἐκέχρηντο.
3607 5781 3622 5791 .
