3962 6448
195 348 301 402 2H

197 466 608 540 prae-dicerent)
641 485 654 521 :
686 466 881 524 deinde
907 467 1025 537 quia
1055 465 1123 521 de
1154 465 1218 520 tis
1242 506 1257 533 ,
1289 479 1408 535 qute
1439 462 1756 518 dicebantur
1783 501 1798 524 .

200 574 314 614 non
366 567 583 628 poterat
631 559 767 614 ratio
819 558 1002 622 reddi,
1059 571 1180 612 cum
1219 571 1308 611 res
1360 571 1478 624 qum
1532 553 1804 620 praedictae

205 651 425 706 fuerattt
472 649 711 705 nondum
757 651 1101 716 evenissent,
1143 658 1198 703 et
1230 646 1384 704 facile
1424 645 1804 700 confutabatur

208 739 228 809 (
254 739 572 796 mendacem
618 741 760 795 enim
815 751 868 796 et
917 754 1158 795 veracem
1225 738 1347 793 linis
1397 735 1801 808 comprobat):

210 846 280 886 ne
295 839 424 885 ante
449 831 612 886 linem
633 831 904 887 auditores
920 832 1316 903 deciperentur,
1340 831 1432 886 dat
1448 830 1551 885 illis
1567 830 1802 900 signum,

212 921 354 990 quod
382 924 548 978 etiam
589 933 712 978 ante
751 935 1000 978 eventum
1041 924 1182 978 hunc
1220 933 1275 979 et
1306 924 1455 978 illum
1499 921 1802 978 indicaret:

215 1022 264 1068 et
293 1013 419 1068 hinc
451 1023 672 1084 accepta
701 1016 1083 1085 consequentia
1107 1025 1161 1068 et
1193 1015 1478 1085 principio,
1508 1013 1660 1068 sicin
1692 1029 1808 1067 st-r-

218 1119 429 1159 monem
457 1105 528 1160 de
571 1105 984 1161 charismatibus
1025 1106 1254 1171 transit,
1302 1114 1359 1161 et
1404 1105 1805 1160 contentionem

219 1196 338 1250 inde
359 1197 642 1251 subortam
675 1198 911 1268 c0rrigit.
943 1197 1155 1251 Interim
1179 1212 1306 1251 vero
1331 1196 1398 1252 de
1421 1195 1807 1250 divinatoribus

219 1289 440 1358 loquens
469 1289 548 1343 sic
578 1288 787 1345 orditur
819 1309 831 1344 :
870 1288 949 1344 De
977 1289 1327 1359 spiritualibus
1367 1299 1535 1343 autem
1568 1286 1685 1342 nolo
1720 1302 1805 1340 vos

221 1384 486 1450 ignorare,
521 1385 742 1452 fratres;
772 1382 1066 1452 spiritualia
1095 1396 1292 1438 vocans
1317 1383 1465 1451 signa
1493 1421 1508 1448 ,
1560 1381 1681 1452 quia
1718 1381 1804 1434 illa

222 1475 444 1543 Spiritus
472 1477 639 1530 solius
667 1485 790 1531 sunt
818 1491 1002 1547 opera,
1032 1476 1268 1531 humano
1299 1476 1478 1532 studio
1506 1475 1637 1530 nihil
1666 1475 1801 1531 all‘e-

223 1578 369 1623 rente
394 1569 460 1622 ad
497 1569 622 1624 talia
649 1570 904 1626 miracula
952 1571 1233 1642 patranda.
1277 1571 1347 1626 Et
1373 1571 1439 1625 de
1480 1571 1587 1625 illis
1616 1570 1802 1640 dispu-

226 1667 424 1713 taturus
445 1701 459 1726 ,
496 1661 642 1727 prius
665 1702 680 1725 ,
724 1670 779 1716 ttt
809 1661 917 1716 dixi
939 1703 955 1729 ,
997 1661 1381 1716 divinationem
1412 1661 1553 1717 inter
1591 1670 1648 1716 et
1680 1677 1807 1730 pro-

227 1751 451 1820 phetiam
482 1750 843 1808 differentiam
885 1754 1068 1823 ponit,
1117 1755 1197 1810 sic
1221 1754 1407 1810 dicens
1435 1770 1448 1808 :
1482 1754 1640 1809 Scitis
1669 1754 1808 1822 quod

227 1860 333 1898 nun
358 1855 533 1916 gentes
576 1846 779 1911 essetis,
823 1847 890 1900 ad
931 1847 1205 1901 simulacra
1242 1857 1381 1900 mnta
1409 1855 1557 1915 prout
1587 1845 1808 1900 duceba-

227 1937 341 1990 ntini
359 1948 553 1992 euntes.
584 1936 636 1992 Id
662 1947 744 1992 est
771 1957 784 1992 :
817 1938 872 1992 In
903 1938 1082 2005 idolis,
1114 1938 1306 2009 inquit,
1333 1939 1378 1993 si
1405 1939 1526 2008 quis
1552 1939 1808 2007 abreptus

226 2039 362 2084 esset
401 2045 431 2084 a
477 2031 670 2100 spiritu
725 2029 1038 2098 immundo,
1085 2041 1141 2087 et
1183 2033 1601 2097 vaticinaretur,
1653 2032 1807 2102 quasi

228 2124 478 2179 abductus
510 2125 590 2180 sic
635 2126 722 2180 ille
763 2126 1077 2180 trahebatur
1101 2141 1130 2178 a
1157 2126 1350 2195 spiritu
1383 2125 1591 2180 vinctus
1617 2165 1630 2189 ,
1676 2124 1807 2179 nihil

227 2216 393 2270 sciens
418 2229 606 2270 eorum
638 2232 756 2286 qua:
784 2216 1015 2271 dicebat.
1060 2216 1172 2272 Hoc
1199 2217 1340 2272 enim
1371 2216 1653 2272 divinatort
1683 2231 1808 2286 pro-

229 2309 390 2377 prium
423 2318 528 2374 est,
559 2319 616 2364 ut
641 2317 820 2366 mente
849 2310 1093 2372 excedat.
1126 2312 1233 2366 vim
1267 2312 1517 2381 patiatur,
1548 2312 1802 2382 pellatur,

229 2400 458 2455 trahatur
481 2441 499 2467 ,
531 2402 680 2468 quasi
711 2401 909 2457 furens.
953 2402 1218 2473 Propheta
1253 2419 1382 2459 vero
1410 2420 1514 2458 non
1547 2404 1625 2458 sic
1652 2447 1664 2467 ,
1710 2404 1806 2460 sed

228 2511 339 2548 cum
370 2496 516 2564 vigili
547 2507 724 2552 mente
745 2537 758 2562 ,
787 2513 907 2552 cum
937 2499 1255 2568 temperanti
1282 2501 1687 2564 constitutione,
1716 2501 1806 2556 illa

225 2589 394 2643 sciens
419 2605 542 2659 qtue
568 2590 736 2654 dicit,
769 2591 946 2645 omnia
981 2591 1237 2662 lotluilur.
1274 2592 1456 2663 Itaque
1484 2593 1646 2648 etiam
1680 2603 1806 2648 ante

225 2690 469 2734 eventum
491 2680 617 2734 hinc
639 2681 942 2737 internosce
968 2693 1144 2737 vatem
1162 2689 1215 2737 et
1237 2683 1574 2754 prophetam.
1599 2683 1665 2738 Et
1687 2684 1809 2739 vide

222 2785 374 2839 quam
397 2785 506 2826 non
529 2781 833 2842 suspectum
863 2772 1096 2842 proferat
1119 2789 1423 2830 sermonem
1449 2795 1462 2828 :
1488 2775 1634 2845 ipsos
1655 2783 1812 2829 vocat

225 2871 405 2926 testes,
439 2863 528 2932 qui
557 2864 631 2918 rei
654 2864 1046 2933 experientiam
1073 2864 1320 2920 fecerint.
1352 2865 1504 2932 Quod
1535 2867 1676 2921 enim
1704 2881 1808 2920 non

222 2953 476 3018 mentiar,
507 2953 707 3022 inquit,
740 2970 913 3026 neque
941 2965 1144 3012 temere
1171 2972 1231 3012 ea
1265 2972 1383 3027 qua:
1405 2957 1647 3028 gentium
1681 2966 1809 3012 sunt

223 3043 495 3098 traducam
519 3085 535 3111 ,
567 3044 772 3116 [ingens
801 3055 1071 3118 tamquam
1101 3047 1350 3102 inimicus
1375 3089 1390 3113 ,
1421 3063 1515 3104 vos
1545 3049 1643 3118 ipsi
1678 3049 1808 3103 mihi

221 3136 405 3192 feratis
454 3139 816 3195 testimonium
863 3158 876 3194 :
924 3142 1122 3196 etenim
1163 3142 1261 3212 ipsi
1307 3143 1456 3228 scitis
1500 3144 1808 3214 quomodo,

219 3245 336 3284 eum
359 3231 554 3286 essetis
574 3230 767 3296 Graeci,
801 3234 952 3288 tracti
982 3232 1403 3290 abduceremini.
1436 3233 1588 3304 Quod
1619 3237 1662 3290 si
1689 3237 1811 3306 quis

221 3320 357 3387 hos,
411 3331 598 3390 utpote
641 3322 865 3391 ﬁdeles,
916 3334 1197 3393 suspectos
1239 3339 1359 3382 esse
1405 3325 1639 3393 dixerit;
1675 3342 1808 3398 age,

219 3412 379 3465 etiam
431 3412 498 3468 ab
541 3414 780 3470 externis
830 3413 931 3471 hoc
977 3415 1128 3471 vobis
1178 3415 1518 3472 manifestum
1565 3418 1808 3474 reddam.

218 3503 352 3557 Audi
383 3519 518 3573 ergo
548 3503 821 3560 Platonem
854 3507 931 3561 sic
957 3507 1264 3576 loquentem
1301 3527 1316 3563 :
1348 3509 1811 3577 Quemadmodum

217 3594 550 3650 divinatures
576 3608 626 3651 et
652 3607 798 3653 vates
827 3599 992 3653 multa
1023 3599 1238 3670 quidem
1263 3610 1317 3655 et
1343 3601 1562 3670 pulchra
1589 3603 1810 3668 dicunt;

217 3703 407 3742 eorum
455 3703 582 3742 vero
628 3705 744 3758 quae
791 3689 1069 3759 proferunt
1123 3691 1257 3745 nihil
1304 3693 1482 3748 sciunt
1529 3692 1625 3765 (a).
1671 3694 1812 3749 Audi

215 3780 379 3834 alium
414 3795 627 3849 quoque
658 3792 864 3850 poetam
891 3783 1077 3837 eadem
1110 3783 1222 3853 ipsa
1254 3783 1604 3839 indicantem.
1651 3784 1810 3840 Post-

214 3887 376 3941 quam
411 3871 728 3940 quihusdum
761 3872 1147 3930 initiationibus
1187 3884 1242 3930 et
1284 3877 1564 3946 praestigiis
1603 3877 1808 3932 daemo-

213 3978 340 4018 nem
374 3963 502 4031 quis
530 3963 727 4018 hnmini
754 3965 1096 4035 alligaverat,
1127 3968 1216 4023 ille
1243 3983 1370 4022 vero
1398 3969 1809 4036 vaticinabatur,

212 4057 457 4124 dumque
489 4055 866 4110 vaticinaretur
892 4057 980 4112 ille
1002 4099 1016 4122 ,
1049 4059 1360 4127 raptabatur
1389 4068 1444 4114 et
1473 4059 1810 4130 discerpcba-

211 4156 299 4200 tur
326 4188 343 4214 ,
380 4162 447 4201 ac
469 4147 730 4203 ὡιιιηοιιίδ
758 4149 1010 4220 impetum
1038 4150 1179 4205 ferre
1203 4165 1309 4206 non
1345 4161 1583 4222 poterat,
1613 4154 1708 4209 sed
1734 4155 1812 4210 sic

207 4248 462 4306 raptatus
508 4240 774 4310 periturus
817 4253 969 4308 erat;
1026 4243 1089 4299 iis
1141 4244 1230 4314 qui
1279 4245 1474 4313 talibus
1525 4248 1813 4319 praestigiis

204 4333 420 4387 dabant
450 4349 669 4403 operam
700 4335 829 4390 dicit
857 4351 872 4390 :

207 4443 416 4499 Solvite
443 4446 644 4499 demunt
669 4464 688 4501 :
718 4463 880 4518 regem
912 4452 1058 4503 deum
1089 4452 1316 4505 mortalis
1346 4469 1446 4506 non
1474 4455 1608 4508 ultra
1637 4455 1808 4524 capit;

212 4569 273 4612 Cl
301 4575 510 4615 l‘llfSUll]
543 4579 556 4616 Ξ

212 4674 415 4730 Solvite
434 4689 567 4730 serta
590 4681 733 4745 mihi,
758 4690 907 4741 atque
927 4681 1075 4748 pedes
1095 4683 1347 4752 aspergite
1367 4684 1574 4753 lympha
1597 4686 1806 4751 munda,

204 4766 278 4819 Et
306 4781 670 4839 expungantur
698 4771 822 4822 nti/ti
847 4771 994 4824 linea:
1012 4811 1027 4838 ,
1063 4782 1112 4825 ut
1139 4771 1314 4826 adesse
1341 4775 1528 4844 possint
1553 4775 1649 4846 (ὁ).

269 4900 350 4968 (rt)
365 4906 479 4950 ttae
501 4899 880 4968 platanisverba
901 4902 1142 4968 habentur
1157 4905 1206 4953 in
1219 4903 1454 4968 Apologia
1472 4909 1682 4968 socratis
1700 4910 1808 4959 edi-

205 4962 362 5028 tionis
377 4964 586 5028 _He_nrici
604 4965 766 5028 Steph.
785 4976 912 5028 anno
939 4966 1077 5028 1578,
1103 4962 1321 5028 Temo],
1348 4962 1402 5028 p7
1429 4967 1505 5017 22.

272 5022 347 5082 (ὁ)
377 5021 434 5072 In
459 5023 565 5073 haec
587 5021 795 5075 carmina
821 5025 923 5076 haec
944 5021 1086 5076 docte
1110 5021 1560 5079 disserit'Halesius
1595 5032 1640 5080 in
1679 5034 1808 5083 notis

206 5083 485 5158 Savilianis,
508 5098 559 5156 ρἶ
578 5086 672 5158 276
688 5100 700 5136 :
719 5095 893 5158 Versus
912 5087 1024 5138 istos
1047 5090 1180 5158 apud
1199 5097 1446 5153 poetarum
1474 5093 1683 5158 aliquem
1707 5096 1810 5158 frn-

207 5155 311 5194 stra
323 5149 603 5216 quaesieris.
625 5149 938 5216 Quamobrem
955 5163 1066 5216 cum
1078 5149 1467 5216 'C‘ltrysostomum
1486 5149 1662 5206 audias
1687 5149 1810 5207 tam-

207 5219 358 5283 qftam
379 5221 407 5258 e
435 5213 579 5283 poeta
609 5211 929 5283 pro/“creatam
947 5247 962 5269 ,
1006 5211 1218 5276 itttellig'e
1256 5215 1548 5283 Plitebatlem
1593 5231 1690 5283 seu
1710 5229 1806 5283 Py-

425 5267 542 5320 Sunt
581 5267 708 5322 enini
752 5267 1098 5336 Delphicorum
1136 5267 1445 5327 oraculorum
1477 5267 1806 5332 conclusioni”

211 5333 464 5408 quendam,
491 5333 1088 5408 tocesqua'dwtuonissibi
1107 5336 1316 5408 abeundi
1340 5339 1550 5408 gratiam
1569 5340 1684 5406 ﬁeri
1721 5356 1806 5408 po-

210 5393 455 5466 stulantis.
480 5393 697 5466 Primum
713 5394 886 5466 horum
909 5397 1053 5466 haqes
1073 5399 1206 5466 apud
1236 5393 1581 5466 Thetidorettmi
1602 5393 1802 5466 cap.'de

213 5455 456 5526 oraculis,
470 5461 526 5528 net
547 5457 680 5528 apud
706 5457 960 5528 Eusebium
982 5455 1156 5528 librati
1171 5456 1471 5528 Evangelicw
1485 5455 1805 5528 praeparat-'04

338 5517 728 5589 apud
759 5519 926 5589 etiam_
942 5522 1216 5589 Eusebium
1232 5517 1377 5576 habes
1400 5517 1636 5589 posiertt'ts
1658 5527 1804 5578 dista-

215 5576 505 5654 ςῃυωρυω
529 5581 753 5654 quoniam
788 5589 858 5632 est
879 5582 1145 5654 obscurius,
1171 5586 1325 5636 risum
1351 5576 1544 5654 paucis
1556 5576 1800 5654 interpre-

215 5641 323 5691 tari.
355 5641 673 5714 Usurpa'bant.
683 5641 799 5694 olim
816 5641 1176 5714 superstitiones
1205 5641 1442 5710 quasdam
1465 5641 1797 5714 ridiculusque

213 5704 511 5774 crrentans'as
528 5741 543 5760 .
563 5704 1046 5774 “quianam-edebant
1063 5704 1313 5774 (lanienas
1334 5711 1544 5774 enecari,
1566 5719 1612 5762 et
1634 5704 1796 5762 net'att

214 5767 396 5838 tri—{rata
416 5765 673 5838 colloquia,
701 5766 771 5838 vel
791 5768 856 5816 ad
879 5767 1076 5838 oracula
1099 5771 1290 5830 edenda
1307 5772 1485 5838 pellict.
1503 5765 1796 5838 tierentonit's

216 5831 314 5879 totis
333 5835 517 5879 tantum
536 5831 690 5880 utesse
710 5831 823 5892 vim,
843 5843 927 5882 seu
950 5831 1123 5895 potius,
1149 5840 1197 5884 ut
1221 5831 1414 5888 mollius
1437 5836 1646 5903 loquitur
1662 5837 1803 5890 Por-

1237 342 1306 398 ΙΝ
1345 339 1609 397 EPISTJ
1673 339 1765 394 AD
1803 337 1959 394 COR.
2003 337 2230 394 ll0.\llL.
2273 338 2468 396 XXIX.

3405 345 3512 402 ⁸242

1916 457 2042 514 Haec
2067 458 2211 514 enim
2243 469 2299 515 et
2325 459 2518 515 similia
2541 458 2560 528 (
2585 474 2708 514 nam
2736 458 2892 532 longe
2921 459 3070 531 plura
3104 460 3211 518 dici
3247 475 3464 532 possent
3492 467 3512 535 )

1913 563 2138 623 utraque
2164 553 2319 609 nobis
2341 552 2633 609 ostendunt
2656 562 2712 610 et
2736 555 3110 636 necessitatem
3137 570 3240 626 qua
3267 557 3513 612 serviunt

1913 645 2003 715 qtti
2030 645 2338 701 detinentur
2361 645 2638 701 daemones
2663 685 2679 712 ,
2711 654 2766 701 et
2791 647 2896 701 vim
2925 662 3083 716 quam
3113 647 3444 704 sustinentes
3475 649 3511 703 it

1913 737 2002 808 qtti
2023 737 2191 792 semel
2218 752 2277 792 se
2305 738 2434 807 ipsis
2459 737 2802 805 dediderunt,
2821 748 2874 794 et
2898 753 2925 790 a
2952 739 3177 794 naturali
3209 755 3302 793 sua
3331 749 3512 795 mente

1913 828 2198 884 excedunt.
2235 829 2420 900 Pythia
2449 845 2578 884 vero
2609 829 2794 900 (cogor
2817 830 2961 886 enim
2988 830 3150 885 aliam
3179 845 3391 901 quoque
3419 845 3512 885 eo-

1914 937 2033 975 rum
2078 920 2460 989 tnrpi.udinem
2506 920 2788 976 traducere
2812 963 2826 983 .
2854 936 3014 990 quam
3059 921 3256 975 bonum
3292 921 3508 991 quidem

1913 1021 2058 1066 esset
2103 1013 2514 1082 praetermittere
2539 1053 2554 1077 ,
2582 1012 2724 1082 quod
2757 1012 3071 1066 indecorum
3101 1013 3257 1068 nobis
3285 1012 3353 1066 sit
3386 1014 3508 1067 talia

1913 1103 2156 1172 proferre
2181 1119 2196 1168 ;
2244 1112 2303 1157 ut
2332 1112 2508 1158 autrm
2541 1103 2752 1158 illorqu
2784 1102 3020 1158 dedecus
3048 1103 3246 1158 clarius
3274 1105 3508 1171 evadat,

1914 1195 2277 1249 necessarium
2317 1205 2400 1250 est
2431 1194 2648 1261 dicere;
2681 1204 2740 1248 ut
2779 1193 2903 1249 hinc
2933 1195 3150 1251 discatis
3175 1196 3462 1251 amentiam
3491 1236 3509 1262 ,

1912 1293 1966 1340 et
1993 1286 2213 1340 ridicula
2242 1294 2386 1357 gesta
2414 1300 2600 1340 eorum
2627 1286 2717 1356 qui
2744 1287 2950 1340 vatibus
2978 1287 3084 1340 illis
3108 1287 3366 1357 utuntur)
3391 1305 3404 1340 :
3431 1287 3512 1341 di-

1912 1379 2051 1432 citur
2073 1395 2199 1447 ergo
2223 1379 2408 1450 Pythia
2438 1380 2629 1434 mulier
2652 1379 2885 1434 insidere
2908 1380 3100 1452 tripodi
3126 1381 3390 1450 Apollinis
3411 1381 3508 1453 (α),

1913 1471 2220 1526 divaricatis
2265 1471 2511 1526 cruribus
2545 1489 2556 1524 :
2591 1471 2786 1526 deinde
2837 1473 3033 1526 malum
3085 1472 3293 1528 inferne
3339 1471 3508 1528 emitti

1913 1563 2178 1633 spiritum,
2211 1571 2263 1616 ct
2293 1579 2387 1632 per
2411 1562 2672 1632 genitales
2700 1563 2815 1630 ejus
2839 1574 3018 1633 partes
3047 1570 3388 1627 subeuntem,
3423 1563 3510 1616 fu-

1913 1671 2036 1709 rore
2058 1655 2334 1711 mulierem
2359 1655 2588 1725 replere,
2607 1665 2661 1710 et
2687 1654 2825 1710 hanc
2845 1657 3096 1724 deinceps
3119 1657 3285 1724 passis
3303 1657 3510 1724 capi'lis

1912 1747 2231 1802 debaccltari
2258 1757 2312 1801 et
2351 1762 2594 1817 spumam
2624 1763 2686 1801 es
2719 1761 2814 1802 ore
2841 1748 3118 1812 emittere;
3148 1757 3202 1800 et
3231 1748 3308 1801 sic
3341 1757 3512 1801 temu-

1913 1840 2112 1894 lentam
2145 1839 2288 1894 illam
2321 1839 2517 1896 furoris
2548 1841 2707 1894 verba
2739 1840 2997 1910 proferre.
3033 1840 3158 1895 Scio
3185 1856 3278 1895 vos
3309 1841 3511 1908 pudore

1913 1931 2132 1985 allectos
2163 1931 2484 1986 erubescere
2517 1932 2631 1986 ha-c
2661 1932 2941 1986 audientes
2969 1950 2982 1985 :
3010 1947 3193 1986 verum
3231 1931 3305 1986 illi
3343 1932 3508 1986 altum

1913 2023 2126 2092 sapiunt
2153 2023 2222 2078 ob
2251 2024 2629 2092 turpitudinem
2661 2034 2714 2079 et
2743 2025 3000 2078 insaniam
3033 2034 3252 2078 tantam.

1983 2113 2041 2168 2.
2086 2113 2211 2168 llaec
2255 2115 2416 2184 igitur
2451 2125 2505 2170 et
2546 2115 2738 2168 similia
2776 2116 2953 2169 omnia
2997 2115 3190 2170 Paulus
3227 2115 3512 2184 exagitans

1913 2204 2126 2260 dicebat
2155 2222 2168 2258 :
2209 2206 2364 2261 Scitis
2403 2207 2538 2276 quod
2565 2222 2680 2260 cum
2707 2217 2877 2278 gentes
2904 2208 3074 2262 essetis
3099 2249 3114 2275 ,
3143 2207 3211 2260 ad
3236 2208 3512 2262 simulacra

1913 2306 2056 2349 muta
2099 2296 2472 2350 inducebamini
2511 2297 2736 2352 abducti.
2777 2297 2840 2352 Et
2877 2299 2998 2368 quia
3026 2313 3148 2354 cum
3178 2299 3241 2352 iis
3271 2299 3360 2369 qtti
3396 2315 3510 2353 rem

1915 2386 2083 2456 probe
2106 2396 2366 2442 noverant
2392 2387 2708 2453 disserebat,
2735 2403 2839 2442 non
2863 2390 3040 2442 omnia
3063 2399 3310 2444 accurate
3339 2390 3508 2459 ponit,

1913 2493 1982 2532 ne
2019 2477 2126 2533 illis
2164 2477 2462 2533 molestiam
2493 2488 2680 2546 creet;
2721 2480 2815 2534 sed
2861 2480 2914 2534 in
2962 2481 3271 2534 menmriam
3304 2490 3506 2536 tantum

1915 2584 2175 2625 revocans
2201 2571 2379 2624 omnia
2406 2612 2421 2636 ,
2454 2571 2562 2626 cito
2608 2571 2854 2636 recedit,
2887 2573 2950 2625 ad
2982 2575 3312 2643 propositqu
3355 2573 3510 2629 festi-

1915 2675 2070 2714 nans.
2099 2660 2236 2726 Quid
2265 2669 2350 2716 est
2373 2671 2574 2723 autem,
2600 2661 2680 2715 Ad
2704 2663 2980 2716 simulacra
3007 2665 3186 2718 muta?
3222 2665 3308 2718 Isti
3357 2675 3505 2722 vates

1915 2752 1980 2805 ad
2029 2751 2115 2806 illa
2167 2753 2318 2807 tracti
2366 2752 2718 2808 ducebantur.
2745 2753 2799 2809 Si
2850 2770 2980 2810 vero
3030 2765 3176 2810 muta
3221 2757 3506 2827 sint,quo-

1916 2845 2074 2900 modo
2109 2846 2214 2900 illis
2256 2847 2579 2901 utebantur?
2611 2863 2710 2916 qua
2751 2848 2818 2901 de
2848 2863 3008 2902 causa
3048 2847 3113 2902 ad
3151 2856 3351 2902 statuas
3389 2848 3510 2903 illos

1914 2937 2123 2991 dtemon
2156 2936 2453 2991 adducebat
2497 2947 2763 3007 tamquam
2797 2938 3038 3007 captivos
3068 2947 3120 2991 et
3146 2938 3390 2993 vinctos?
3420 2939 3506 2992 Si-

1916 3030 2024 3084 mul
2053 3044 2292 3084 errorem
2326 3029 2556 3084 reddens
2582 3029 2936 3101 probabilem.
2971 3029 3044 3084 Ne
3073 3029 3340 3083 videretur
3361 3045 3508 3085 enim

1916 3123 2049 3192 lapis
2078 3136 2197 3177 esse
2225 3131 2402 3176 mutus
2426 3163 2440 3186 ,
2469 3123 2762 3176 conabatur
2794 3121 3038 3176 homines
3068 3122 3221 3175 idolis
3246 3121 3464 3192 afﬁgere
3489 3165 3505 3188 ,

1915 3225 1974 3270 ut
1997 3231 2114 3285 qua:
2143 3214 2379 3285 ipsorum
2410 3224 2563 3271 erant
2589 3217 2694 3272 illis
2718 3216 3170 3272 adscriberentur.
3196 3215 3298 3272 Sed
3325 3225 3508 3273 nostra

1917 3325 2022 3364 non
2054 3318 2179 3364 sunt
2220 3309 2547 3378 huiusmodi.
2588 3309 2778 3364 Nostra
2809 3319 2988 3366 autem
3025 3326 3130 3364 non
3173 3311 3348 3380 posuit
3379 3311 3468 3366 ille
3489 3352 3507 3378 ,

1916 3419 2037 3472 qua:
2068 3401 2453 3473 prophetarum
2483 3412 2609 3458 sunt
2635 3403 2757 3458 dico
2785 3422 2798 3456 :
2829 3403 2934 3459 illis
2964 3405 3106 3460 enim
3133 3406 3309 3460 omnia
3342 3405 3511 3460 mani-

1917 3497 2052 3552 festa
2083 3507 2257 3559 erant,
2285 3507 2336 3552 et
2369 3497 2420 3550 in
2450 3498 2553 3551 illis
2585 3499 2976 3567 prophetabant
3002 3506 3061 3551 ut
3091 3499 3234 3568 ipsos
3261 3497 3506 3563 decebat,

1915 3606 2038 3643 cum
2087 3589 2432 3658 intelligentia
2471 3599 2526 3644 et
2563 3589 2812 3644 libertate
2841 3591 3010 3646 omni.
3041 3590 3165 3645 Ideo
3195 3605 3357 3660 penes
3388 3590 3508 3644 illos

1915 3689 2032 3736 erat
2067 3691 2121 3736 et
2161 3681 2304 3751 loqui
2346 3690 2398 3735 et
2446 3696 2553 3737 non
2595 3682 2740 3752 loqui
2771 3700 2785 3736 :
2815 3698 2989 3753 neque
3019 3683 3160 3737 cnim
3189 3682 3510 3737 necessitate

1919 3772 2273 3837 tenebantur,
2302 3772 2397 3827 sed
2429 3774 2706 3842 potestatis
2733 3773 2939 3829 honore
2967 3774 3150 3828 donati
3178 3785 3351 3829 erant.
3385 3773 3508 3828 ideo

1915 3863 2082 3918 Jonas
2109 3863 2266 3931 fugit,
2302 3863 2424 3918 ideo
2453 3863 2699 3919 Ezechiel
2727 3865 2952 3929 distulit,
2987 3866 3108 3920 ideo
3133 3865 3394 3921 Jeremias
3425 3882 3511 3921 re-

1916 3954 2156 4009 cusabat.
2179 3954 2321 4009 Deus
2339 3970 2464 4008 vero
2482 3969 2586 4009 non
2608 3969 2731 4010 cum
2754 3957 3072 4011 necchitate
3096 3956 3318 4025 impellit
3340 3956 3510 4025 ipsos,

1917 4044 2010 4100 sed
2029 4045 2291 4111 consiliis,
2312 4043 2705 4099 hortationibus
2721 4055 2775 4100 et
2794 4047 3297 4100 comminationibus
3322 4048 3510 4112 utitur,

1917 4147 2152 4192 mentem
2184 4137 2417 4192 tenebris
2447 4154 2551 4190 non
2579 4136 2879 4192 oll‘undens.
2912 4137 3181 4192 Daemonis
3207 4139 3348 4194 enim
3381 4155 3510 4208 pro-

1915 4230 2090 4301 prium
2117 4241 2200 4285 cst
2227 4239 2280 4284 et
2307 4230 2590 4285 tumultum
2623 4238 2676 4284 et
2706 4227 2941 4285 furorem
2972 4240 3028 4286 et
3055 4231 3274 4285 multant
3306 4232 3509 4285 immit-

1917 4329 2030 4375 tere
2059 4320 2376 4390 caliginem;
2412 4320 2505 4375 Dei
2537 4335 2663 4375 vero
2693 4330 2774 4375 est
2801 4321 3121 4386 illuminare,
3148 4329 3203 4376 et
3229 4337 3348 4391 qua:
3375 4337 3511 4391 opus

1916 4421 1997 4466 est
2033 4426 2152 4466 cum
2193 4411 2540 4480 intelligentia
2573 4410 2792 4466 docere.
2827 4410 3002 4465 Prima
3039 4426 3166 4481 ergo
3195 4411 3511 4467 divinatnris

1914 4511 1968 4557 et
2007 4500 2286 4573 propheta:
2323 4501 2622 4556 dill‘erentia
2665 4501 2782 4556 ba’c
2818 4511 2900 4556 est
2930 4520 2942 4555 :
2979 4501 3214 4557 secunda
3258 4518 3388 4556 vero
3426 4513 3514 4558 est

1914 4594 2037 4659 alia,
2061 4609 2219 4663 quam
2250 4593 2503 4662 deinceps
2530 4593 2680 4662 ponit
2706 4593 2890 4648 dicens
2915 4611 2929 4648 :
2953 4594 3006 4648 5.
3033 4592 3158 4647 Ideo
3181 4604 3352 4646 notum
3377 4595 3515 4649 vobis

1913 4683 2047 4752 facio
2072 4723 2086 4746 ,
2115 4683 2250 4752 quod
2288 4699 2433 4737 nemo
2459 4683 2511 4737 in
2537 4684 2720 4752 spiritu
2752 4683 2846 4737 Dei
2875 4684 3081 4754 loquens
3101 4727 3116 4752 ,
3147 4684 3266 4738 dicit
3293 4685 3512 4739 anathe-

1915 4791 1999 4827 ma
2039 4773 2235 4828 Jesttnt.
2270 4775 2471 4830 Deinde
2499 4776 2658 4830 etiam
2688 4776 2790 4830 alia
2817 4819 2832 4841 ,
2862 4775 2929 4829 Et
2975 4795 3120 4832 nemo
3150 4788 3311 4848 potest
3347 4779 3514 4834 dicere

1915 4865 2194 4920 Dominum
2220 4866 2420 4934 Jesum,
2453 4869 2552 4922 nisi
2578 4870 2632 4922 in
2664 4869 2868 4940 Spiritu
2898 4881 3092 4925 sancto.
3122 4871 3256 4926 Cum
3293 4872 3508 4941 videris,

1915 4965 2088 5036 inquit
2106 5005 2121 5031 ,
2149 4965 2452 5036 quempiam
2483 4981 2587 5020 non
2617 4966 2978 5036 prol'erentem
3001 4981 3194 5023 nomen
3223 4967 3342 5038 ejus
3362 5010 3375 5034 ,
3403 4969 3511 5023 into

1911 5157 2132 5230 pltgritts,
2158 5171 2392 5222 ςιιοινάγιην
2411 5159 2761 5230 _opinab_tm_tnr,
2811 5170 2861 5212 nt
2894 5176 2988 5214 non
3019 5174 3271 5230 uocarent
3288 5172 3510 5230 tamam,

1910 5223 1996 5271 Sed
2021 5223 2164 5292 etiam
2179 5231 2368 5292 evocata
2387 5223 2628 5292 dajmonia
2643 5224 2927 5292 (letinerent,
2946 5226 3181 5292 quamdiu
3202 5228 3295 5278 vati
3309 5223 3504 5292 "tuguri

1910 5290 2032 5354 esset
2053 5281 2258 5354 libitum.
2284 5283 2360 5333 sic
2395 5285 2524 5333 enim
2547 5288 2681 5348 apud
2711 5281 3037 5351 Porphyrium
3063 5288 3364 5354 Pythagoras
3389 5281 3510 5342 ’ᾗΙιοο

1911 5346 2112 5408 ἀίειδςοὺχ
2120 5353 2316 5404 {demitti
2327 5357 2552 5413 ιληιζὸεξινοι
2563 5346 2620 5397 tia
2630 5363 2710 5408 vel;
2735 5346 2901 5407 hcine—0
2907 5363 2970 5408 ιθὶ,
3147 5359 3189 5404 δι
3205 5346 3276 5402 vivi
3295 5364 3495 5402 ὼιολθυοίιι
3506 5381 3521 5406 ς

1911 5420 2098 5476 συρόμκὲ
2138 5420 2392 5478 παρτὶνῡνται
2409 5445 2437 5478 ’4
2469 5409 2559 5457 hoc
2594 5417 2708 5478 εει)
2737 5418 2842 5478 1V0)!-
2883 5415 2996 5461 (1605
3176 5413 3226 5463 in
3249 5414 3511 5478 διιεῖ

1909 5471 2117 5536 evocari.
2136 5475 2222 5518 sea
2239 5471 2538 5536 necessitate
2563 5471 2774 5531 quatiunt
2796 5471 3087 5536 obsequendi
3127 5475 3273 5526 tracti
3298 5471 3507 5524 veniunt.

1910 5529 2076 5602 Apollo
2098 5529 2200 5602 ipse
2222 5532 2356 5592 apud
2387 5529 2746 5595 'Ilteodoretnm,
2789 5542 2886 5584 etc.
2919 5529 3043 5599 'quze
3067 5539 3314 5588 t‘usissitne
3338 5550 3514 5599 perse-

1909 5599 2076 5655 quitur
2099 5599 2355 5655 Dounzeus.

1971 5655 2048 5716 ta)
2083 5654 2340 5722 pe’t’ytbia
2361 5660 2414 5704 et
2428 5653 2499 5722 de
2513 5655 2704 5722 tripode
2724 5656 2836 5722 vide
2848 5661 3132 5722 Strabonem
3158 5658 3241 5722 lib.
3260 5657 3310 5718 9,
3325 5673 3375 5722 p.
3396 5659 3508 5708 119.

1908 5714 2124 5784 κειται.
2150 5714 2354 5784 (Essent).
2377 5751 2391 5776 ,
2420 5720 2504 5778 qui
2526 5714 2912 5784 descriptionem
2937 5721 3144 5784 tripodis
3166 5714 3310 5784 atlert
3328 5714 3387 5770 et
3415 5735 3502 5770 an-

1908 5779 1969 5827 tri
1988 5779 2055 5827 in
2087 5791 2186 5841 quo
2228 5779 2416 5845 positus
2452 5785 2576 5845 erat.
2621 5779 2712 5829 sed
2744 5794 2855 5845 quae
2879 5779 3094 5845 turpiora
3119 5783 3200 5833 hic
3221 5783 3508 5833 referuntur

1911 5839 2145 5904 nusquam
2170 5841 2371 5891 memini
2394 5852 2472 5890 me
2493 5839 2688 5904 legere.
