3962 6420
523 343 622 398 21νό

523 471 694 527 ipsum
740 449 1320 512 anathematizantem,
1365 445 1410 500 is
1456 451 1538 498 cst
1579 440 1862 496 divinator.
1899 437 2112 492 Rursus

519 566 640 605 cum
664 547 860 601 videris
881 545 1042 608 alium
1064 554 1184 598 cum
1209 535 1423 592 nomine
1440 534 1558 604 ejus
1580 531 1758 586 omnia
1779 531 2109 601 loquentem,

519 644 693 712 cogita
728 640 874 694 illum
907 650 1027 692 esse
1053 628 1404 704 spiritualem.
1436 624 1573 694 Quid
1599 637 1747 693 ergo,
1783 621 2012 712 inquies,
2043 619 2110 675 de

517 711 919 786 catechumenis
943 721 1278 780 dixerimus?
1303 718 1348 773 si
1373 717 1515 772 enim
1544 729 1703 770 nemo
1730 721 1905 784 potest
1929 711 2110 767 dicere

522 823 802 878 Dominum
827 819 1029 880 losum,
1054 814 1155 869 nisi
1183 813 1236 868 in
1262 810 1464 880 Spiritu
1489 817 1694 869 sancto,
1721 805 1846 877 quid
1869 804 2109 859 dicemus

517 915 587 970 de
613 914 715 978 his,
743 913 830 983 qui
859 911 974 980 ejos
1001 906 1214 978 quidem
1243 917 1438 958 nomen
1468 900 1763 972 proferunt,
1789 896 1989 967 Spiritu
2017 911 2111 950 an-

518 1018 625 1061 tem
657 1003 967 1076 privantur?
993 1000 1101 1057 Sed
1131 999 1200 1054 de
1230 997 1315 1052 his
1345 1009 1486 1050 nunc
1515 994 1605 1049 illc
1632 1007 1737 1048 non
1764 990 1908 1061 agit:
1935 1003 2108 1058 neque

521 1100 661 1152 enim
709 1107 832 1151 tunc
874 1092 1245 1150 catechumeni
1289 1099 1483 1145 erant:
1526 1086 1619 1142 sed
1665 1085 1734 1140 de
1772 1083 2014 1138 fidelibus
2053 1091 2108 1136 ct

519 1189 844 1244 inﬁdelibus.
871 1185 1010 1252 Quid
1037 1183 1198 1254 ergo?
1227 1180 1472 1236 nullusne
1502 1178 1711 1232 tltemon
1740 1175 1907 1231 Deum
1935 1174 2110 1228 nomi-

518 1281 650 1335 nat?
678 1295 857 1333 annon
887 1276 1136 1331 dicebant
1162 1271 1475 1328 dmtttoniaci
1504 1287 1516 1322 :
1547 1267 1795 1322 Nouimus
1823 1275 1870 1320 te
1893 1265 2004 1336 quis
2029 1281 2103 1328 es,

516 1373 687 1428 Filius
713 1371 810 1426 Dei
830 1369 1022 1442 (Marc.
1050 1370 1097 1422 1.
1125 1365 1265 1435 24)?
1297 1380 1473 1419 annon
1503 1361 1666 1417 Paulo
1693 1359 1943 1415 dicebant
1970 1379 1982 1413 :
2011 1357 2108 1412 Isti

516 1464 744 1518 homines
790 1461 916 1516 servi
964 1457 1057 1512 Dei
1098 1455 1330 1510 altissimi
1372 1461 1486 1508 sunt
1516 1452 1534 1519 (
1567 1451 1676 1505 Act.
1712 1450 1796 1505 16.
1832 1449 1895 1504 17
1931 1452 1968 1519 ).
1998 1447 2103 1504 Sed

514 1555 766 1626 ﬁagellati
792 1597 806 1618 ,
836 1551 932 1607 sed
973 1550 1180 1613 coacti;
1213 1555 1404 1619 sponte
1443 1555 1621 1600 autem
1661 1552 1714 1599 et
1757 1559 1862 1597 non
1891 1541 2103 1607 coacti,

518 1661 827 1716 numquam.
861 1643 958 1697 llic
994 1642 1103 1712 jam
1143 1637 1386 1710 apposite
1425 1646 1724 1707 quaeratur,
1757 1649 1854 1688 cur
1892 1633 2102 1688 daemon

515 1738 631 1794 lucc
653 1738 981 1808 loqueretur,
1007 1744 1059 1788 et
1080 1747 1176 1788 cur
1200 1729 1398 1786 Paulus
1420 1729 1793 1798 increpaverit.
1821 1727 2100 1780 Ductorem

512 1848 708 1902 nempe
746 1845 900 1884 suum
943 1827 1198 1883 imitatus.
1239 1821 1374 1878 Nam
1401 1831 1454 1878 et
1479 1821 1726 1877 Christus
1767 1818 2054 1887 increpavit
2086 1835 2100 1870 :

1227 331 1286 388 S.
1323 326 1600 388 JOANNIS
1635 319 2107 382 CHRYSOSTUMI
2147 319 2460 380 ARCIIIEP.
2504 321 3038 384 CONSTANTINOP.
3676 335 3764 393 εει

2225 436 2278 491 in
2323 435 2573 492 omnibus.
2626 439 2679 492 7.
2732 435 3016 508 Unicuique
3059 448 3223 493 autem
3272 441 3419 496 datur
3463 436 3763 518 manifistutio

2224 526 2452 598 Spiritus
2480 531 2550 583 ad
2575 531 2860 584 utilitatem.
2895 531 2959 586 Et
2987 531 3114 601 quid
3145 540 3228 586 est
3256 535 3523 604 operatio?
3545 539 3658 607 quid
3683 540 3762 595 do-

2221 621 2390 676 num?
2421 621 2662 691 inquies;
2705 622 2832 692 quid
2874 623 3234 678 ministratio?
3276 625 3548 682 Nominum
3590 640 3764 689 tantum

2219 721 2344 766 sunt
2369 710 2706 779 dilferentite,
2729 714 2852 782 quia
2878 727 2968 769 res
2986 713 3191 769 eadem
3217 724 3360 770 sunt.
3384 715 3529 782 Quod
3549 720 3678 773 enim
3697 730 3767 778 cst

2219 803 2418 858 donum
2447 845 2462 870 ,
2498 803 2624 860 illud
2655 805 2828 875 ipsum
2859 814 2943 861 est
2973 807 3323 875 ministratio;
3363 809 3464 866 hoc
3487 813 3634 866 etiam
3657 813 3770 870 dicit

2219 895 2585 964 operationem
2616 913 2632 950 :
2663 910 2784 951 nam
2823 897 2896 952 ait
2928 915 2942 952 :
2971 896 3313 954 Ministeriunt
3341 909 3477 954 tuum
3517 903 3660 974 imple
3684 905 3766 974 (2.

2221 986 2355 1041 Tim.
2384 989 2437 1043 4.
2469 989 2556 1059 5);
2582 998 2656 1056 et,
2689 989 3030 1045 Ministerium
3056 1009 3223 1048 meum
3251 994 3476 1064 gloriﬁco
3502 996 3666 1065 (ltont.
3693 1001 3767 1055 11.

2219 1080 2334 1150 15).
2366 1080 2431 1135 Et
2462 1081 2745 1138 Timotheo
2774 1083 3020 1140 scribens
3048 1085 3213 1151 dicit,
3245 1086 3460 1158 Propter
3482 1106 3624 1160 quam
3657 1108 3764 1146 cau-

2215 1187 2324 1223 sam
2350 1173 2597 1227 admoneo
2625 1184 2673 1228 te
2693 1215 2708 1240 ,
2737 1187 2791 1228 ut
2827 1177 3034 1230 suscites
3061 1180 3276 1247 gratiam
3311 1176 3408 1232 Dei
3440 1197 3547 1250 quis
3572 1191 3636 1236 est
3661 1183 3769 1238 inte

2217 1261 2296 1332 (2.
2321 1261 2456 1316 Tim.
2482 1264 2533 1319 1.
2559 1263 2640 1336 6);
2669 1275 2722 1320 et
2746 1266 2813 1321 ad
2840 1265 3054 1323 Galatas
3081 1284 3266 1324 rursus
3292 1271 3526 1327 scribens
3549 1271 3763 1329 dicebat:

2219 1356 2319 1422 Qui
2349 1358 2480 1412 enim
2515 1370 2754 1428 operatus
2781 1370 2855 1415 est
2885 1359 3040 1417 Petro
3075 1364 3127 1417 in
3162 1366 3532 1434 apostolatum,
3563 1378 3767 1436 operatus

2213 1458 2289 1502 est
2315 1459 2360 1502 et
2390 1451 2515 1504 milii
2542 1452 2672 1506 inter
2689 1461 2860 1524 gentes
2883 1453 3025 1522 (Gal.
3046 1454 3102 1509 2.
3126 1455 3203 1526 8).
3233 1456 3416 1513 Viden‘
3440 1457 3575 1528 quod
3597 1459 3764 1515 nullam

2210 1541 2568 1600 differentiam
2594 1546 2840 1602 ostendat
2866 1547 2918 1602 in
2948 1547 3104 1604 donis
3131 1547 3306 1604 Patris
3332 1559 3384 1605 et
3409 1550 3526 1605 Filii
3551 1561 3602 1606 et
3623 1551 3767 1622 Spiri-

2215 1644 2300 1690 tus
2334 1638 2539 1692 sancti?
2577 1653 2682 1692 non
2723 1637 3038 1708 hypostases
3077 1639 3412 1696 confundens
3436 1683 3451 1709 ,
3492 1643 3650 1708 absit,
3687 1643 3764 1698 sed

2211 1726 2525 1783 substantiae
2574 1743 2754 1798 parem
2809 1731 3070 1786 honorem
3117 1732 3427 1788 ostendens.
3478 1732 3603 1788 Nam
3645 1735 3764 1805 quod

2211 1819 2441 1889 Spiritus
2489 1820 2748 1891 largitur,
2784 1823 2885 1877 hoc
2920 1831 2976 1878 et
3015 1822 3183 1878 Deum
3227 1826 3479 1894 operari,
3515 1836 3567 1880 et
3600 1825 3764 1881 Filium

2211 1912 2462 1968 ordinare
2487 1928 2551 1967 ac
2580 1913 2818 1983 prmbere
2843 1914 2991 1970 dicit.
3025 1917 3182 1986 Atqui
3209 1917 3255 1972 si
3287 1917 3388 1972 hoc
3411 1926 3550 1973 esset
3578 1919 3660 1973 illo
3685 1919 3766 1972 tui-

2211 2017 2310 2057 nus
2331 2044 2347 2069 ,
2377 2012 2432 2058 et
2458 2003 2587 2058 illud
2613 2003 2715 2059 isto
2734 2045 2750 2070 ,
2781 2021 2886 2060 non
2915 2007 2994 2060 sic
3022 2006 3149 2062 illud
3179 2009 3466 2077 posuisset,
3496 2024 3657 2080 neque
3682 2009 3765 2064 hac

2209 2095 2416 2149 ratione
2456 2093 2725 2151 dolentem
2767 2097 3079 2153 consolatus
3107 2109 3271 2154 esset.
3314 2099 3441 2156 Post
3483 2099 3590 2156 lucc
3613 2111 3762 2156 autem

2207 2185 2316 2240 alio
2355 2201 2568 2257 quoque
2612 2187 2771 2243 modo
2814 2188 2987 2259 ipsum
3033 2191 3380 2258 consolatur;
3425 2192 3562 2263 quod
3601 2208 3766 2263 nempe

2207 2277 2331 2332 data
2369 2293 2615 2334 mensura
2660 2281 2758 2350 ipsi
2788 2280 3060 2348 conterat,
3089 2283 3299 2337 etiamsi
3342 2285 3513 2339 minor
3537 2285 3620 2340 sit.
3652 2283 3763 2339 Cum

2206 2369 2436 2425 dixisset
2473 2372 2617 2427 enim
2643 2415 2656 2440 ,
2686 2372 2834 2428 Idem
2867 2375 3094 2446 Spiritus
3115 2417 3131 2444 ,
3174 2377 3308 2432 idem
3351 2377 3590 2433 Dominus
3611 2421 3626 2446 ,
3651 2379 3762 2432 idem

2207 2461 2378 2530 Deus,
2409 2471 2463 2517 et
2495 2463 2593 2518 hac
2621 2465 2827 2520 ratione
2855 2466 3028 2535 ipsum
3057 2479 3390 2533 recreasset;
3425 2470 3577 2524 aliam
3607 2485 3766 2525 rursus

2204 2554 2475 2624 SUiijllllgil
2502 2556 2922 2612 consolationem
2951 2559 3028 2614 sic
3060 2559 3246 2615 dicens
3275 2577 3288 2614 :
3322 2560 3600 2630 Unicuique
3622 2574 3764 2615 niuem

2205 2647 2546 2718 manifestatio
2575 2647 2804 2716 Spiritus
2830 2649 2984 2703 datur
3003 2651 3071 2704 ad
3095 2650 3389 2708 utilitatem.
3417 2652 3493 2709 Ne
3515 2653 3626 2724 quis
3643 2653 3763 2708 enim

2205 2738 2409 2794 diceret
2435 2782 2449 2804 ,
2479 2739 2617 2808 Quid
2643 2741 2785 2796 enim
2806 2782 2822 2807 ,
2853 2743 2896 2798 si
2927 2742 3066 2798 idem
3101 2744 3359 2802 Dominus
3384 2755 3440 2802 et
3466 2745 3766 2816 idemSpiri-

2204 2839 2290 2886 tus
2314 2842 2367 2886 et
2394 2831 2534 2888 idem
2558 2833 2732 2888 Deus?
2758 2843 2812 2888 at
2837 2849 2938 2904 ego
2957 2835 3136 2890 minus
3158 2839 3343 2908 accepi
3366 2854 3381 2902 ;
3402 2838 3477 2893 ait
3498 2839 3624 2909 ipse,
3645 2837 3764 2909 quod

2203 2924 2275 2978 ita
2318 2925 2607 2981 conferret.
2661 2927 3142 2984 Manifestationem
3187 2945 3321 2986 vero
3371 2931 3598 3002 Spiritus
3639 2932 3766 3001 signa

2202 3027 2390 3083 vocat;
2438 3026 2492 3072 et
2534 3019 2747 3074 merito.
2786 3018 2912 3074 Mihi
2943 3021 3086 3075 enim
3128 3021 3270 3076 ﬁdeli
3305 3022 3613 3078 manifestus
3636 3023 3766 3078 estis

2200 3111 2290 3180 qui
2321 3109 2481 3166 habet
2506 3109 2761 3180 Spiritum
2786 3152 2802 3178 ,
2833 3127 2899 3167 eo
2927 3113 3070 3183 quod
3111 3113 3181 3169 sit
3222 3114 3558 3186 baptizatus;
3591 3115 3765 3171 inﬁdeli

2201 3214 2379 3260 autem
2407 3221 2474 3261 ex
2505 3207 2649 3261 nulla
2680 3221 2737 3262 re
2765 3206 2866 3262 hoc
2894 3208 2997 3263 erit
3024 3208 3397 3278 conspicuum,
3430 3211 3530 3266 nisi
3552 3226 3580 3264 a
3604 3210 3765 3280 signis.

2201 3294 2384 3368 Itaque
2429 3296 2551 3353 inde
2585 3298 2746 3353 etiam
2786 3314 2892 3353 non
2923 3313 3082 3368 parva
3111 3301 3413 3358 consolatio
3443 3311 3543 3358 est.
3573 3301 3766 3357 Etiamsi

2200 3390 2341 3446 enim
2368 3391 2507 3447 dona
2534 3391 2642 3447 sint
2666 3391 2898 3459 diversa,
2923 3408 3026 3448 una
3055 3402 3233 3449 tamen
3261 3402 3344 3449 cst
3367 3393 3764 3451 demonstratio:

2199 3501 2322 3541 nam
2361 3487 2474 3542 sive
2513 3488 2739 3542 multum
2778 3489 2892 3543 sive
2933 3504 3154 3557 parvum
3200 3489 3406 3546 habeas
3430 3533 3444 3556 ,
3486 3489 3766 3561 perindees

2199 3579 2532 3636 manifestus.
2579 3580 2762 3650 Itaque
2802 3581 2848 3635 si
2889 3581 3018 3637 illud
3063 3582 3354 3639 ostendere
3389 3584 3616 3655 satagis.
3645 3578 3764 3652 quod

2199 3670 2458 3742 Spiritum
2508 3672 2705 3728 habeas
2729 3715 2744 3739 ,
2776 3673 3126 3730 sufﬁcientem
3165 3675 3334 3732 habes
3375 3675 3762 3732 demonstratio-

2199 3779 2343 3819 nem.
2371 3763 2504 3818 Cum
2533 3779 2662 3834 ergo
2685 3775 2740 3819 et
2763 3780 2902 3819 unus
2930 3765 3000 3820 sit
3023 3766 3113 3837 qui
3135 3765 3309 3832 dedit,
3334 3781 3388 3822 et
3415 3768 3685 3839 gratuitum
3708 3766 3765 3818 sit

2198 3855 2398 3910 donum
2425 3897 2439 3920 ,
2469 3864 2524 3910 et
2563 3857 2927 3912 manifestatio
2957 3857 3082 3912 hinc
3119 3859 3246 3922 ﬁat,
3283 3868 3338 3914 ct
3371 3860 3472 3915 hoc
3509 3859 3595 3915 tibi
3623 3857 3764 3927 magis

2197 3950 2472 4014 conferat;
2524 3965 2593 4006 ne
2620 3948 2805 4005 doleas
2832 3951 2982 4021 quasi
3014 3950 3325 4021 despectus.
3357 3953 3539 4023 Neque
3567 3951 3694 4006 enim
3721 3957 3763 4001 te

2197 4042 2463 4098 dedecore
2487 4041 2727 4098 afﬁciens
2749 4043 2911 4109 Deus,
2939 4058 3116 4111 neque
3137 4044 3315 4099 altero
3340 4046 3598 4100 minorem
3621 4039 3764 4097 decla-

2196 4149 2321 4190 rans
2357 4134 2462 4190 hoc
2488 4133 2636 4201 facit,
2665 4133 2758 4190 sed
2791 4135 2885 4189 tibi
2919 4150 3171 4204 parcens,
3197 4144 3254 4190 et
3287 4135 3342 4192 id
3374 4147 3617 4207 spectans
3642 4129 3759 4205 quod

2197 4227 2292 4282 tibi
2338 4227 2470 4282 utile
2501 4237 2664 4284 esset.
2704 4226 2836 4282 Nam
2879 4227 3052 4296 majus
3080 4228 3356 4298 quidpiam
3400 4231 3633 4301 accipere
3659 4239 3759 4282 eum

2195 4317 2288 4388 qui
2315 4316 2459 4374 ferre
2487 4333 2590 4372 non
2620 4317 2806 4388 possit,
2825 4317 2926 4372 hoc
2950 4327 3095 4373 esset
3123 4318 3333 4388 inutile,
3354 4321 3569 4375 noxium
3588 4327 3639 4373 et
3656 4328 3760 4370 mar

2195 4424 2321 4466 rore
2346 4408 2582 4481 dignum.
2615 4409 2670 4466 8.
2717 4407 2856 4463 Nam
2885 4409 2976 4463 alii
3003 4411 3204 4481 quidem
3233 4429 3324 4482 per
3356 4413 3606 4484 Spiritum
3630 4408 3762 4463 datur

2195 4519 2359 4559 sermo
2395 4504 2661 4574 sapientia
2681 4543 2697 4569 ,
2727 4503 2817 4557 alii
2857 4511 3022 4557 autem
3063 4521 3227 4558 sermo
3267 4506 3490 4560 scientiae
3515 4499 3760 4559 secundum

2197 4595 2427 4650 eumdem
2451 4595 2740 4666 Spiritum;
2767 4593 2819 4650 9.
2851 4596 3000 4649 alteri
3024 4596 3150 4666 ﬁdes
3177 4597 3228 4650 in
3251 4597 3427 4652 eodem
3456 4595 3665 4666 Spiritu,
3687 4589 3762 4645 alii

2196 4696 2363 4740 autent
2388 4687 2554 4758 gratia
2577 4688 2898 4741 curationum
2921 4688 2975 4741 in
3000 4687 3176 4740 eodem
3205 4686 3432 4756 Spiritu.
3455 4685 3635 4741 Viden’
3653 4695 3762 4754 quo-

2197 4777 2359 4833 ntodo
2409 4777 2605 4848 ubique
2647 4777 2751 4834 hoc
2794 4777 3216 4833 additamentum
3261 4778 3459 4848 faciat,
3509 4776 3574 4832 In
3613 4775 3758 4830 eodem

2198 4869 2398 4941 Spiritu
2426 4868 2633 4937 dicens,
2666 4879 2721 4924 et
2739 4911 2756 4936 ,
2787 4867 3081 4924 Secundum
3111 4871 3342 4925 eumdem
3374 4865 3654 4941 Spiritum?
3672 4861 3758 4917 scit

2196 4963 2341 5018 cnim
2373 4961 2498 5016 hinc
2534 4976 2781 5031 magnam
2811 4961 2938 5016 oriri
2967 4961 3414 5016 consolationem.
3444 4961 3532 5017 1ο.
3562 4956 3656 5013 Alii
3681 4966 3758 5006 att-

2197 5064 2294 5110 tem
2320 5056 2636 5125 aperationes
2665 5055 2926 5122 virtutum,
2955 5055 3045 5109 alii
3076 5055 3376 5124 praphetiw,
3406 5054 3496 5108 alii
3524 5045 3759 5106 discretio-

2197 5165 2284 5203 nes
2314 5149 2611 5218 spirituum,
2643 5147 2732 5201 alii
2761 5164 2947 5219 genera
2975 5147 3296 5217 linguarum,
3329 5148 3419 5202 alii
3446 5137 3760 5215 interpretatio

2197 5258 2505 5296 sermonum.
2535 5240 2667 5307 Quia
2696 5240 2838 5295 enim
2869 5240 2920 5294 in
2950 5239 3053 5295 hoc
3077 5239 3242 5294 altum
3269 5238 3563 5308 sapiebant,
3584 5233 3694 5290 ideo
3715 5225 3756 5282 id

2197 5343 2526 5405 postremum
2557 5332 2756 5403 posuit,
2786 5339 2841 5386 et
2871 5332 3144 5399 subjunxit
3174 5348 3186 5384 :
3220 5331 3305 5385 11.
3338 5329 3464 5385 Hinc
3492 5337 3649 5383 autem
3674 5334 3755 5375 out-

2198 5425 2283 5478 nia
2321 5434 2560 5494 operatur
2599 5440 2728 5478 unus
2769 5433 2814 5476 et
2859 5423 2992 5476 idem
3034 5422 3284 5491 Spiritus.
3331 5421 3666 5474 Pharmacum
3699 5407 3753 5462 ad

2199 5531 2411 5570 omnem
2433 5515 2856 5570 consolationem
2879 5523 3060 5582 aptum
3088 5530 3100 5565 :
3122 5512 3264 5583 quod
3286 5527 3352 5566 ex
3374 5509 3556 5565 eadem
3578 5503 3752 5560 radice.

2199 5623 2264 5662 ex
2289 5606 2475 5662 iisdem
2501 5604 2786 5669 thesauris,
2804 5620 2872 5660 ex
2893 5603 3084 5660 iisdem
3107 5604 3318 5660 liuentis
3338 5615 3522 5658 omnes
3539 5595 3752 5663 accipere

2201 5698 2425 5770 possint.
2449 5696 2573 5752 Ideo
2597 5695 2905 5766 lreqnenter
2926 5696 3198 5762 hauriens,
3224 5695 3324 5750 hoc
3348 5691 3510 5747 verbo
3524 5700 3634 5745 eant
3651 5692 3753 5753 qua!

2205 5789 2484 5848 videbatur
2507 5802 2629 5846 esse
2657 5787 3074 5860 mtequalitatetn
3104 5792 3353 5858 exaequat
3376 5791 3430 5840 et
3454 5775 3748 5838 consolatur.

512 1925 727 1980 nolebat
776 1924 918 1978 enim
961 1920 1028 1974 ab
1065 1919 1168 1974 illis
1212 1915 1410 1974 habere
1457 1915 1837 1971 testimonium.
1888 1911 2102 1976 Quare?

511 2020 730 2074 Daemon
795 2016 895 2071 hoc
968 2013 1189 2084 agebat,
1239 2025 1420 2067 rerum
1477 2008 1719 2064 ordinem
1776 2005 2104 2060 confundere

507 2113 727 2175 volens,
759 2117 814 2163 ct
838 2107 1203 2177 apostolorum
1233 2104 1480 2172 abripere
1520 2100 1890 2154 auctoritatem
1916 2137 1932 2162 ,
1961 2096 2101 2151 mul-

509 2205 683 2273 tisque
711 2199 1032 2272 persuadere
1058 2208 1114 2253 ut
1139 2197 1238 2252 sibi
1261 2195 1600 2252 attenderent
1625 2191 1798 2262 :quod
1828 2191 1874 2247 si
1905 2191 2098 2245 factum

506 2304 650 2350 esset
678 2335 690 2358 ,
720 2308 841 2348 cum
871 2290 975 2346 ﬁde
999 2290 1142 2360 digiti
1171 2288 1544 2358 apparuissent
1569 2328 1584 2352 ,
1617 2285 1773 2340 facile
1801 2299 1895 2339 sua
1926 2283 2098 2338 intro-

506 2387 805 2442 duxissent.
835 2383 913 2439 Ne
941 2383 1042 2438 hoc
1067 2396 1197 2452 ergo
1229 2379 1376 2436 ﬁeret
1405 2421 1420 2445 ,
1453 2393 1626 2448 neque
1656 2376 1860 2432 fallacia
1891 2376 2096 2430 initium

504 2479 726 2531 duceret
749 2516 765 2540 ,
794 2477 954 2530 etiam
991 2489 1111 2528 cum
1141 2486 1266 2528 vera
1303 2470 1650 2540 loquerentur
1674 2511 1688 2536 ,
1719 2484 1810 2523 ora
1844 2468 1971 2537 ipsis
1997 2467 2098 2522 ob-

505 2569 695 2632 struit,
727 2576 784 2622 ut
834 2568 886 2621 in
933 2565 1077 2620 falsis
1116 2579 1278 2619 nemo
1323 2563 1451 2633 ipsis
1496 2562 1733 2615 animum
1778 2560 2094 2628 adhiberet,

505 2660 601 2714 sed
645 2659 708 2713 ad
749 2675 809 2714 ea
843 2673 962 2728 quae
990 2657 1057 2710 ab
1087 2657 1214 2726 ipsis
1244 2654 1548 2710 dicerentur
1587 2668 1743 2708 aures
1770 2653 2094 2707 obstruerct.

503 2752 792 2822 Postquam
830 2765 960 2820 ergo
987 2759 1137 2804 vates
1177 2756 1228 2802 et
1268 2745 1556 2818 prophetas
1600 2745 1916 2800 distinxerat
1947 2753 2001 2798 et
2029 2759 2093 2798 ex

503 2845 681 2912 priore
721 2853 771 2896 ct
818 2857 880 2897 ex
928 2839 1164 2896 secundo
1210 2838 1396 2908 signo,
1441 2837 1656 2892 demum
1705 2836 1774 2891 de
1825 2836 2096 2890 miraculis

500 2935 750 2998 disserit;
786 2948 885 2988 nec
914 2932 1029 2987 sine
1055 2945 1214 2986 causa
1246 2929 1312 2985 ad
1343 2930 1444 2984 hoc
1473 2937 1848 2999 argumentum
1883 2927 2092 2995 transit,

498 3026 593 3080 sed
626 3033 685 3079 nt
711 3024 1103 3080 dissensionem
1134 3022 1259 3078 inde
1288 3021 1559 3076 subortam
1589 3020 1758 3088 tollat,
1787 3027 1842 3074 ct
1869 3034 2094 3090 persua-

497 3119 624 3172 deat
664 3118 727 3172 iis
768 3117 857 3186 qui
904 3115 1079 3170 minus
1122 3113 1358 3177 habent,
1405 3128 1473 3168 ne
1516 3112 1772 3175 doleant,
1803 3121 1858 3167 et
1899 3112 1966 3167 iis
2004 3112 2095 3183 qui

497 3209 700 3279 majora
731 3207 1034 3276 possident,
1068 3221 1136 3261 ne
1165 3205 1474 3261 eﬁ‘crantur.
1511 3203 1633 3259 Ideo
1662 3203 1738 3257 sic
1769 3204 1966 3273 incepit
1995 3221 2008 3258 :
2036 3205 2090 3259 4.

497 3302 782 3357 Diuisiones
811 3317 928 3355 vero
955 3301 1238 3369 gratiarum
1267 3309 1385 3353 sunt
1410 3338 1425 3364 ,
1459 3298 1592 3350 idem
1623 3307 1789 3350 autem
1823 3297 2093 3368 Spiritus;

495 3395 776 3463 primoque
801 3399 951 3446 curat
979 3391 1127 3446 illurn
1159 3389 1248 3461 qui
1276 3390 1456 3445 minus
1482 3388 1641 3444 habet
1666 3389 1866 3444 donum
1891 3429 1906 3456 ,
1942 3389 2092 3445 ideo-

495 3503 604 3558 que
629 3487 791 3542 dolet.
825 3485 932 3540 (Zur
959 3486 1101 3540 enim
1124 3527 1139 3553 ,
1170 3485 1373 3556 inquit,
1403 3486 1656 3555 angoris?
1680 3485 1803 3554 quia
1835 3500 1940 3540 non
1972 3494 2093 3540 tan-

497 3592 607 3634 tum
655 3597 794 3651 accc;
819 3581 902 3636 isti
944 3569 1200 3652 quantum
1243 3581 1416 3636 alius?
1454 3581 1548 3635 sed
1595 3581 1766 3652 cogita
1811 3579 1938 3634 illud
1972 3593 2094 3636 esse

494 3674 716 3742 donum,
743 3691 850 3730 non
875 3674 1139 3740 debitum,
1163 3683 1218 3729 et
1236 3673 1664 3729 consolationem
1690 3673 1940 3740 accipies.
1968 3672 2092 3728 Ideo

493 3768 673 3822 statim
719 3767 798 3822 sic
840 3767 1075 3837 loquitur
1102 3784 1118 3821 :
1144 3765 1431 3821 Divisiones
1477 3782 1593 3820 rero
1634 3767 1914 3836 gratiarum
1951 3777 2088 3820 sunt.

493 3858 678 3926 Neque
721 3857 856 3913 dixit
903 3859 1176 3928 signorum
1203 3899 1220 3924 ,
1271 3873 1444 3928 neque
1486 3857 1866 3912 miraculorum
1891 3899 1907 3923 ,
1954 3857 2048 3912 sed
2073 3899 2088 3924 ,

496 3947 829 4013 Gratiarum;
857 3949 1075 4005 nomine
1097 3950 1222 4004 doni
1252 3948 1582 4019 persuadens
1610 3947 1684 4002 illi
1715 3957 1768 4003 ut
1797 3963 1901 4004 non
1932 3949 2092 4004 modo

494 4057 600 4095 non
623 4041 822 4105 doleat.
844 4042 938 4098 sed
958 4051 1012 4099 et
1032 4043 1254 4115 gratiam
1279 4043 1490 4099 habeat.
1518 4043 1584 4098 Et
1603 4058 1724 4099 cum
1750 4044 1868 4109 hoc,
1895 4043 2087 4114 inquit,

494 4133 624 4188 illud
656 4151 868 4206 quoque
901 4146 1075 4191 tecum
1106 4143 1329 4206 reputa,
1359 4135 1498 4206 quod
1527 4135 1736 4191 etiamsi
1763 4137 1814 4190 in
1839 4150 2089 4191 mensura

494 4225 619 4280 doni
649 4227 826 4280 minus
857 4226 1091 4294 habeas;
1125 4231 1179 4282 in
1210 4242 1275 4283 eo
1304 4227 1445 4297 quod
1473 4227 1718 4299 dignatus
1747 4229 1822 4282 sis
1849 4228 1973 4283 inde
2000 4242 2088 4284 ac-

492 4319 706 4388 cipere,
737 4318 878 4374 unde
906 4321 950 4375 is
974 4320 1179 4389 accepit
1210 4321 1300 4390 qui
1330 4319 1448 4391 plus
1476 4319 1637 4374 habet
1663 4362 1676 4385 ,
1708 4334 1890 4389 parem
1923 4319 2090 4376 habes

493 4396 777 4466 honorem.
824 4410 1011 4481 Neque
1053 4411 1197 4467 enim
1241 4410 1423 4467 dicere
1463 4410 1671 4481 possis,
1718 4410 1792 4463 illi
1832 4410 2089 4480 Spiritum

493 4501 726 4569 dedisse,
753 4502 844 4557 tibi
867 4518 998 4558 vero
1019 4504 1268 4574 angelum
1294 4521 1306 4555 :
1329 4518 1450 4558 nam
1478 4511 1532 4558 et
1559 4501 1648 4558 tibi
1678 4511 1732 4558 et
1757 4502 1834 4556 illi
1859 4501 2090 4572 Spiritus

493 4594 664 4649 dedit.
696 4593 820 4650 Ideo
848 4595 1140 4666 subjunsit,
1179 4594 1325 4648 Idem
1351 4604 1516 4648 autem
1549 4592 1798 4664 Spiritus.

568 4687 621 4740 3.
667 4687 844 4757 Itaque
872 4687 1081 4742 etiamsi
1114 4686 1166 4741 in
1192 4685 1334 4741 dono
1361 4684 1661 4740 diﬁ‘erentia
1688 4685 1792 4751 sit,
1820 4692 1876 4739 at
1900 4698 2006 4740 non
2035 4684 2089 4739 in

493 4792 558 4831 eo
587 4778 675 4849 qui
705 4777 850 4832 dedit
883 4796 896 4831 :
929 4793 994 4832 ex
1038 4778 1229 4833 eodem
1275 4791 1505 4847 namque
1534 4775 1680 4832 fonte
1714 4782 1770 4830 et
1815 4783 1868 4829 tu
1905 4785 1960 4831 et
1999 4775 2090 4832 ille

495 4869 767 4923 hansistis.
799 4869 850 4924 5.
888 4867 954 4922 Et
997 4868 1266 4922 divisiones
1312 4866 1736 4922 ministrationum
1773 4874 1923 4932 sunt,
1955 4866 2090 4920 idem

493 4972 660 5015 autem
707 4959 978 5015 Dominus.
1024 4959 1158 5016 Nam
1198 4959 1620 5016 consolationem
1666 4957 1841 5014 adhuc
1883 4957 2090 5028 placide

495 5067 696 5122 angens
723 5093 739 5118 ,
767 5061 821 5105 et
851 5052 1040 5106 Filium
1069 5062 1124 5107 et
1163 5051 1378 5107 Patrem
1403 5050 1608 5120 adjicit.
1641 5049 1871 5120 Alioque
1899 5064 2088 5105 rursus

496 5145 712 5199 nomine
740 5143 854 5198 hare
878 5144 1018 5200 dona
1045 5153 1222 5212 vocat,
1254 5144 1511 5213 majorem
1539 5143 1699 5198 etiam
1726 5142 1850 5198 inde
1875 5144 2090 5214 excogi-

498 5247 619 5292 tans
643 5237 1065 5293 consolationem
1095 5255 1107 5291 :
1140 5236 1261 5294 ideo
1308 5237 1387 5293 sic
1431 5236 1591 5304 dicit,
1623 5235 1906 5291 Diuisiones
1933 5236 2089 5290 mini-

500 5329 794 5382 strationum
815 5340 954 5394 sunt,
978 5331 1111 5384 idem
1133 5341 1301 5384 autent
1324 5329 1593 5384 Dominus.
1620 5328 1751 5384 Nam
1774 5330 1863 5400 qui
1886 5329 2085 5384 donum

495 5419 640 5476 audit
664 5459 680 5483 ,
710 5427 764 5474 ct
789 5421 968 5476 minus
993 5423 1233 5492 accepit,
1267 5421 1498 5477 fortasse
1529 5421 1796 5486 doluerit;
1835 5422 1924 5491 qui
1954 5436 2087 5475 vero

493 5512 944 5568 ministrationem
973 5517 1197 5584 accepit,
1228 5527 1334 5569 non
1364 5515 1490 5569 item
1521 5533 1534 5569 :
1565 5527 1652 5569 res
1678 5514 1818 5569 enim
1848 5513 2088 5569 laborem

495 5604 695 5660 indicat
720 5613 774 5659 et
800 5605 1072 5660 sudorem.
1105 5605 1242 5674 Quid
1267 5620 1399 5675 ergo
1423 5604 1596 5670 doles,
1622 5605 1822 5676 inquit,
1850 5604 1895 5659 si
1923 5603 2088 5658 alium

495 5697 616 5766 plus
656 5697 899 5754 laborare
941 5699 1142 5769 jussit,
1185 5698 1278 5753 tibi
1320 5699 1587 5769 parcens?
1626 5698 1682 5755 6.
1723 5696 1791 5753 Et
1821 5697 2088 5752 divisiones

499 5789 851 5858 Operationum
880 5800 994 5847 sunt
1013 5834 1028 5860 ,
1069 5792 1202 5846 idem
1229 5808 1342 5849 vero
1372 5791 1505 5848 Deus
1529 5795 1616 5865 qui
1653 5805 1892 5870 aperatur
1916 5794 2087 5851 omnia
