3962 6412
210 308 309 365 2ίὸ

1183 301 1250 356 ΙΝ
1290 299 1503 357 ΕΡῘΞΤ.
1548 300 1568 354 1
1605 298 1695 354 AD
1731 297 1891 353 C08.
1933 297 2167 357 IIOMIL.
2198 302 2389 362 XXIX.

3369 308 3475 362 ΞΗ

212 428 274 483 ἂν
298 426 584 496 chroma;
637 425 687 478 εἰ
727 423 835 495 7&9
879 421 1055 487 οὐδεὶς
1090 419 1310 476 δύναται
1360 420 1533 472 εἰπεῖν
1572 414 1779 487 Κύριον
1884 415 2019 470 τίδὲ
2048 419 2326 493 χάρισμα;
2357 423 2512 495 φησί’
2545 423 2679 478 τίδὲ
2711 423 2991 492 διακονία;
3031 423 3340 495 Ὀνομάτων
3365 424 3479 479 διαο

224 508 454 581 Ἰησοῦν,
494 510 546 563 εἰ
581 509 656 580 μὴ
689 508 748 560 ἐν
794 506 1072 578 Πνεύματι
1109 507 1268 576 ἁγίῳ,
1313 504 1367 557 τί
1422 504 1490 556 ἂν
1533 501 1786 570 εἴποιμεν

213 593 338 664 περὶ⁵
384 591 622 654 τούτων,
685 590 1061 662 ὀνομαζόντων
1116 589 1216 662 μὲν
1262 586 1430 642 αὐτοῦ
1475 586 1538 639 τὸ
1590 584 1787 653 δνομα,

214 674 531 746 Πνεύματος
563 674 623 729 δὲ
657 673 1150 746 ἀπεστερημένων;
1189 670 1330 725 Ἀλλ’
1368 670 1431 723 οὐ
1476 670 1609 740 περὶ
1662 665 1789 719 τού-

215 779 315 814 των
338 760 370 812 6
413 760 577 828 λόγος
618 757 766 828 αὐτῷ
819 756 935 812 νῦν*
973 758 1035 810 οὐ
1068 756 1178 827 γὰρ
1206 751 1346 826 ἦσαν
1388 750 1792 823 κατηχούμενοι

212 843 349 897 τότεσ
386 841 530 896 ἀλλά
563 841 691 913 περὶ
718 840 926 894 πιστῶν
963 840 1057 893 καὶ
1090 838 1354 893 ἀπίστων.
1390 836 1456 890 Τί
1485 831 1580 889 οὖν
1617 832 1793 897 οὐδεὶς

218 926 420 997 δαίμων
444 926 703 997 όνομάζει
732 924 823 978 τὸν
851 924 1020 990 Θεόν;
1051 923 1175 994 οὐχὶ
1199 922 1249 977 οί
1278 919 1641 992 δαιμονῶντες
1676 916 1794 971 ἔλε-

219 1028 323 1080 γον,
380 1009 634 1080 Οτδαμέν
683 1026 759 1065 σε
797 1010 885 1077 τίς
912 1005 986 1073 εἴ,
1030 1011 1064 1063 ό
1095 1007 1231 1072 Υἱὸς
1267 1005 1376 1060 τοῦ
1424 1001 1617 1066 Θεοῦ;
1673 1001 1796 1071 οὐχὶ

223 1094 408 1164 Παύλῳ
472 1093 681 1163 ἔλεγον,
730 1088 906 1149 Οὗτοι
959 1094 1014 1146 οἱ
1059 1090 1358 1157 ἄνθρωποι
1412 1086 1624 1143 δοῦλοι
1687 1085 1794 1140 τοῦ

224 1177 357 1232 Θεοῦ
412 1175 523 1231 τοῦ
575 1177 842 1245 ὑψίστου
895 1174 1095 1238 εἰσίν;
1152 1172 1315 1227 Ἀλλά
1378 1169 1792 1242 μαστιζόμενοι,

225 1260 324 1315 ἀλλ’
349 1258 811 1329 ἀναγκαζόμενοι·
838 1258 1058 1321 ἑκόντες
1086 1256 1144 1310 δὲ
1179 1258 1277 1311 καὶ
1307 1256 1382 1328 μὴ
1422 1251 1795 1326 μαστιγούμε-

226 1360 315 1407 νοι,
339 1342 606 1414 οὐδαμοῦ.
635 1340 820 1407 ’Ἄξιον
848 1342 905 1395 δὲ
932 1339 1169 1396 ἐνταῦθα
1198 1339 1455 1410 ζητῆσαι,
1486 1336 1575 1392 διὰ
1604 1336 1658 1391 τί
1701 1336 1798 1391 καὶ

225 1430 251 1481 6
278 1428 486 1498 δαίμων
523 1425 701 1482 ταῦτα
749 1425 1071 1496 ἐφθέγγετο,
1103 1426 1201 1480 καὶ
1228 1423 1441 1487 Παῦλος
1469 1421 1793 1492 ἐπετίμησε.

226 1512 316 1564 Τδν
335 1510 664 1565 διδάσκαλον
687 1509 779 1565 τὸν
811 1509 1006 1564 ἑαυτοῦ
1045 1509 1382 1581 μιμούμενος
1402 1525 1417 1540 σ
1454 1508 1551 1562 καὶ
1570 1506 1679 1577 7&9
1701 1505 1799 1560 καὶ

226 1595 503 1666 όΧριστδς
528 1593 879 1665 ἐπετίμησεψ
920 1593 1039 1647 οὐδὲ
1069 1592 1177 1665 γὰρ
1209 1592 1461 1646 ἐϐούλετο
1490 1590 1621 1661 παρ’
1650 1588 1798 1643 ὲκεί-

229 1695 320 1731 νων
344 1677 444 1747 τὴν
480 1677 788 1750 μαρτυρίαν
820 1676 986 1747 ἐχειν.
1022 1676 1179 1741 Τίνος
1206 1675 1265 1730 δὲ
1289 1676 1479 1731 ἕνεκεν
1500 1675 1595 1729 καὶ
1626 1674 1656 1727 6
1678 1671 1798 1727 δαί-

232 1778 333 1831 μων
354 1761 534 1816 ἐποίει
559 1760 749 1825 τοῦτος
794 1759 1126 1831 Βουλόμενος
1152 1761 1374 1832 συγχεῖν
1399 1758 1509 1814 τῶν
1534 1756 1799 1830 πραγμά-

229 1861 322 1898 των
344 1844 445 1916 τὴν
469 1843 648 1909 τάξιν,
672 1844 768 1899 καὶ
790 1844 1036 1916 ἁρπάσαι
1057 1841 1168 1898 τῶν
1189 1843 1506 1899 ἀποστόλων
1538 1843 1600 1897 τὸ
1627 1840 1797 1907 ἀξίω-

233 1944 320 1997 μα,
344 1928 441 1982 καὶ
470 1930 660 1982 πεῖσαι
683 1927 909 1991 πολλοὺς
931 1926 1221 1998 προσέχειν
1244 1926 1415 1998 αὐτῷ’
1445 1927 1585 1998 ὅπερ
1614 1926 1662 1980 εί
1684 1927 1800 1994 ἐγεο

232 2011 385 2078 γόνει,
414 2010 616 2082 ῥᾳδίως
651 2010 720 2066 ἂν
747 2010 999 2065 ἐντεῦθεν
1044 2009 1348 2075 ἀξιόπιστοι
1381 2009 1664 2080 φανέντες,
1705 2011 1800 2063 καὶ¹

230 2093 293 2148 τά
319 2093 448 2165 παρ’
477 2093 692 2148 ἑαυτῶν
733 2095 1103 2165 ἐπεισήγαγον
1148 2093 1236 2149 ἄν.
1279 2094 1375 2149 Ἵν’
1409 2089 1504 2148 οὖν
1532 2093 1607 2167 μὴ
1640 2092 1801 2147 τοῦτο

231 2176 445 2247 γένηται
486 2176 625 2249 μηδὲ
653 2176 830 2248 ἀρχὴν
869 2179 904 2248 ἡ
961 2176 1148 2248 ἀπάτη
1190 2177 1353 2251 λάϐῃ,
1387 2178 1484 2232 καὶ
1512 2178 1581 2234 τά
1621 2176 1801 2247 ἀληθῆ

229 2259 473 2329 λέγοντας
520 2258 885 2331 ἐπιστομίζει,
939 2259 1083 2315 ὥστε
1129 2262 1190 2315 ἐν
1234 2265 1347 2325 τοῖς
1398 2261 1623 2332 ψεύδεσι
1675 2258 1801 2331 μηδ’

228 2342 354 2407 ὅλως
388 2341 517 2397 τινὰ
554 2343 738 2407 αὐτοῖς
771 2344 1084 2415 προσέχειν,
1125 2343 1263 2400 ἀλλά
1291 2344 1524 2399 καθόλου
1561 2343 1701 2416 πρὸς
1732 2344 1801 2397 τὰ

228 2427 484 2499 λεγόμενα
514 2428 645 2498 παρ’
679 2426 858 2482 αὐτῶν
885 2428 1256 2497 ἀποφράττειν
1274 2429 1372 2492 τὰς
1393 2428 1581 2492 ἀκοάς.
1600 2426 1804 2500 Δήλους

228 2511 396 2565 τοίνυν
431 2513 663 2583 ποιήσας
699 2510 826 2575 τοὺς
860 2511 1082 2581 μάντεις
1111 2510 1204 2586 καὶ
1232 2511 1359 2575 τούς
1383 2514 1672 2585 προφήτας
1694 2509 1804 2564 ἀπό

225 2610 281 2646 τε
314 2594 409 2648 τοῦ
451 2594 720 2666 προτέρου
772 2593 989 2647 καὶτοῦ
1020 2593 1275 2663 δευτέρου
1322 2594 1573 2664 σημείου,
1614 2593 1802 2647 λοιπὸν

229 2676 348 2748 περὶ
373 2676 483 2730 τῶν
513 2676 809 2748 θαυμάτων
843 2675 1175 2745 διαλέγεται,
1219 2677 1318 2748 οὐχ
1356 2676 1542 2740 άπλῶς
1567 2676 1648 2741 είς
1674 2675 1804 2730 τοῦ-

224 2776 310 2813 τον
334 2758 626 2832 παρελθὼν
653 2760 747 2814 τὸν
778 2759 960 2830 λόγον,
992 2760 1109 2814 ἀλλ’
1135 2759 1276 2814 ὥστε
1304 2759 1403 2832 τὴν
1425 2760 1676 2815 ἐντεῦθεν
1713 2777 1805 2830 γε·
1846 2798 1856 2815 ι

224 2844 455 2916 νομένην
486 2845 769 2900 διάστασιν
807 2845 1039 2911 ἀνελεῖν,
1082 2845 1179 2899 καὶ
1226 2846 1409 2898 πεῖσαι
1458 2844 1553 2897 καὶ
1589 2844 1715 2907 τοὺς
1742 2843 1803 2897 τὸ

221 2926 444 2982 ἔλαττον
473 2927 695 3001 ἔχοντας
726 2927 802 3001 μὴ
824 2929 1038 2997 ἀλγεῖν,
1068 2929 1162 2983 καὶ
1191 2929 1317 2992 τούς
1354 2927 1424 2981 τά
1456 2927 1683 2999 μείζονα
1711 2944 1804 2981 κε-

222 3011 529 3091 κτημένους
575 3011 652 3091 μὴ
701 3010 1049 3082 ἐπαίρεσθαι.
1096 3011 1188 3065 Διὸ
1217 3011 1310 3065 καὶ
1349 3010 1522 3074 οὕτως
1562 3010 1801 3082 ἤρξατο·

221 3084 548 3164 Διαιρέσεις
574 3084 650 3155 ,δὲ
691 3094 1077 3166 χαρισμάτων
1092 3095 1235 3159 εἰσί,
1257 3094 1325 3148 τὸ
1348 3092 1417 3148 δὲ
1434 3095 1582 3150 αὐτὸ
1612 3095 1804 3151 Πνεῦ-

214 3193 332 3244 μα·
378 3178 476 3232 καὶ
526 3177 821 3250 θεραπεύει
854 3177 1074 3251 πρῶτον
1102 3178 1194 3233 τὸν
1226 3177 1287 3231 τὺ
1333 3177 1555 3231 ἔλαττον
1609 3178 1804 3250 ἔχοντα

219 3260 489 3331 χάρισμα,
537 3263 634 3317 καὶ
677 3260 767 3317 διά
816 3259 967 3334 [2621
996 3260 1156 3316 τοῦτο
1189 3259 1482 3331 ἀλγοῦντα.
1508 3261 1667 3326 Τίνος
1694 3262 1805 3334 7&9

220 3343 428 3409 ἕνεκεν,
453 3345 638 3416 φησὶν,
667 3345 930 3416 ἀθυμεῖς;
965 3347 1049 3400 ὅτι
1076 3346 1178 3400 οὐκ
1216 3344 1408 3409 ἔλαϐες
1436 3344 1559 3399 ὅσον
1594 3345 1803 3416 ἕτερος

221 3429 337 3482 ἀλλ’
376 3430 635 3499 ἐννόησον
661 3431 745 3486 ὅτι
764 3430 1013 3501 χάρισμά
1036 3430 1174 3494 ἐστι,
1211 3429 1305 3483 καὶ
1335 3429 1434 3483 οὐκ
1467 3429 1681 3499 όφειλὴ,
1710 3428 1806 3483 καὶ

217 3513 594 3586 παραμυθήση
635 3513 733 3585 τὴν
782 3512 992 3585 όδύνην.
1050 3512 1152 3566 Διά
1196 3510 1355 3566 τοῦτο
1403 3512 1607 3576 εὐθέως
1650 3506 1807 3567 εἶπεν

213 3595 383 3651 οὕτω
425 3597 754 3666 Διαιρέσεις
807 3596 877 3651 δὲ
920 3595 1309 3668 χαρισμάτων
1353 3597 1495 3652 εἰσί.
1547 3598 1659 3653 Καὶ
1704 3597 1807 3652 οὐκ

212 3676 360 3747 εἷπε,
396 3680 666 3752 σημείων,
693 3681 837 3745 οὐδὲ,
859 3680 1174 3751 θαυμάτων,
1205 3678 1360 3745 ἀλλά,
1393 3680 1803 3751 χαρισμάτων,

212 3762 293 3834 τῷ
320 3764 552 3834 ὀνόματι
586 3764 687 3836 τῆς
709 3765 915 3837 δωρεᾶς
953 3765 1157 3819 πείθων
1195 3765 1273 3836 μὴ
1304 3763 1464 3836 μόνον
1496 3763 1571 3836 μὴ
1594 3764 1802 3832 ἀλγεῖν,

212 3848 352 3903 ἁλλά
394 3848 493 3903 καὶ
546 3849 706 3921 χάριν
734 3849 954 3904 εἰδέναι.
985 3849 1097 3904 Καὶ
1151 3852 1291 3920 μετά
1341 3846 1534 3901 τούτου
1581 3849 1806 3903 κάκεῖνο

208 3931 463 4002 λογίζου,
506 3932 693 4003 φησιν,
740 3932 823 3986 ὅτι
846 3933 895 3987 εί
929 3932 1024 3986 καὶ
1053 3931 1132 4003 τῷ
1158 3932 1343 4003 μέτρῳ
1363 3930 1675 4001 ἠλάττωσαι
1708 3930 1804 3985 τοῦ

205 4015 496 4080 δοθέντος,
519 4014 598 4087 τῷ
632 4014 1033 4086 καταξιωθῆναι
1068 4015 1254 4069 λαϐεῖν
1296 4013 1527 4080 ἐκεῖθεν,
1560 4013 1682 4069 ὅθεν
1711 4013 1805 4069 καὶ

204 4100 237 4153 6
270 4100 338 4154 τὸ
366 4099 537 4153 πλέον
558 4098 764 4163 λαϐὼν,
794 4099 894 4169 τὴν
919 4099 1041 4170 ἴσην
1061 4097 1208 4169 ἔχεις
1239 4099 1427 4170 τιμήν.
1468 4098 1544 4153 Οὐ
1582 4097 1694 4169 7&9
1734 4097 1801 4169 δή

204 4201 320 4237 που
360 4181 526 4265 ’ἔχοις
567 4182 877 4265 ἀνειπεῖν,
906 4181 990 4235 ὅτι
1028 4182 1223 4254 ἐκείνῳ
1268 4182 1366 4254 μὲν
1401 4182 1700 4254 ἐχαρίσατο
1743 4183 1805 4237 τὸ

202 4264 473 4337 Πνεῦμα,
509 4265 595 4319 σοὶ
644 4264 701 4317 δὲ
742 4265 974 4335 ἄγγελος
996 4281 1013 4298 ο
1058 4265 1152 4320 καὶ
1178 4265 1287 4337 7&9
1337 4265 1419 4319 σοὶ
1454 4266 1696 4335 κάκείνῳ
1744 4265 1804 4320 τὸ

204 4348 474 4422 Πνεῦμα.
506 4348 600 4403 Διὸ
626 4349 895 4420 ἐπήγαγε,
936 4348 1008 4404 Τὸ
1039 4348 1109 4402 δὲ
1148 4350 1295 4404 αὐτὸ
1334 4350 1597 4421 Πνεῦμα.

294 4554 371 4617 γ’.
406 4550 567 4606 Ὥστε
597 4552 758 4607 είκαὶ
779 4553 837 4607 ὲν
850 4554 916 4625 τῇ
935 4553 1079 4609 δόσει
1098 4554 1350 4626 διαφορά,
1368 4554 1484 4610 ἀλλ’
1508 4557 1610 4611 οὐκ
1637 4558 1696 4611 ἐν
1727 4557 1806 4628 τῷ

208 4632 475 4689 δεδωκότι
500 4635 740 4708 διαφορά
758 4652 773 4668 ⁸
802 4636 911 4690 ἀπὸ
935 4636 1046 4710 7&9
1072 4637 1175 4708 τῆς
1203 4638 1376 4709 αὐτῆς
1411 4640 1597 4712 πηγῆς
1622 4641 1718 4695 καὶ
1738 4642 1804 4695 σύ

202 4716 473 4780 κάκεῖνος
501 4716 756 4789 ἀρύεσθε.
786 4718 896 4775 Καὶ
924 4719 1244 4789 διαιρέσεις
1276 4720 1595 4777 διακονιῶν
1622 4724 1802 4789 εἰσιν,

196 4803 240 4855 d
276 4801 352 4855 δὲ
378 4801 566 4868 αὐτὸς
592 4803 823 4870 Κύριος.
861 4803 1139 4859 Λιπαίνων
1164 4805 1274 4876 γὰρ
1302 4805 1400 4877 τὴν
1428 4808 1803 4878 παραμυθίαν,

198 4884 315 4939 καὶ
336 4885 439 4938 τὸν
462 4884 594 4939 Υίδν
617 4886 823 4940 καὶτὸν
845 4887 1065 4960 Πατέρα
1098 4889 1449 4962 προστίθησι.
1477 4890 1587 4945 Καὶ
1630 4890 1805 4964 ἐτέρῳ

200 4969 386 5024 πάλιν
424 4970 668 5041 ὀνόματι
712 4971 868 5025 καλεῖ
913 4972 1013 5036 τὰς
1058 4971 1270 5042 δωρεάς
1313 4972 1539 5038 ταύτας,
1583 4974 1806 5032 πλείονα

201 5052 523 5107 κάντεῦθεν
548 5054 901 5125 παραμυθίαν
929 5055 1180 5109 ἐπινοῶν·
1212 5055 1294 5109 διὸ
1323 5057 1417 5111 καὶ
1454 5056 1629 5121 οὕτως
1658 5055 1802 5124 εἷπε,

206 5134 559 5205 Διαιρέσεις
599 5136 919 5192 διακονιῶν
946 5140 1125 5203 εἰσιν,
1172 5141 1205 5193 ό
1240 5137 1310 5192 δὲ
1351 5139 1533 5207 αὐτὸς
1565 5140 1801 5209 Κύριος.

220 5218 289 5273 '0
332 5218 442 5290 μὲν
467 5218 579 5290 γάρ
617 5220 863 5293 χάρισμα
896 5219 1157 5288 ἀκούσας,
1208 5222 1305 5275 καὶ
1356 5221 1580 5277 ἔλαττον
1600 5222 1802 5291 λαϐὼν,

213 5300 355 5365 tam;
375 5300 448 5354 ἂν
464 5301 680 5374 ἀλγήσῃ
700 5318 715 5334 ·
759 5306 787 5358 6
829 5302 887 5357 δὲ
915 5303 1212 5369 διακονίαν,
1250 5304 1349 5375 οὐχ
1372 5303 1607 5375 ὁμοίωςο
1639 5305 1809 5360 πόνου

210 5385 331 5457 7&9
359 5384 696 5440 ἐνδεικτικὸν
722 5386 785 5440 τὸ
821 5388 1055 5460 πρᾶγμα
1086 5387 1182 5440 καὶ
1235 5386 1479 5459 ἱδρῶτος.
1523 5388 1590 5442 Τί
1620 5387 1805 5444 τοίνυν

214 5467 436 5536 ἀλγεῖς,
468 5469 657 5538 φησὶν,
696 5471 745 5523 εί
780 5469 969 5540 ἕτερον
1002 5469 1223 5523 πλείονα
1261 5470 1493 5540 πονῆσαι
1529 5471 1804 5541 ἐκέλευσε,

217 5549 319 5603 σοῦ
348 5550 722 5619 φεισάμενος;
770 5552 877 5606 Καὶ
906 5551 1231 5620 διαιρέσεις
1257 5551 1676 5622 ἐνεργημάτων
1720 5556 1804 5607 εί-

218 5633 348 5696 alr,
381 5634 418 5686 ό
445 5630 517 5685 δὲ
547 5634 730 5701 αὐτὸς
757 5636 901 5702 Θεὸς
938 5638 971 5690 ό
1006 5633 1265 5706 ἐνεργῶν
1285 5636 1358 5689 τὰ
1383 5635 1580 5689 πάντα
1604 5635 1675 5688 ἐν
1700 5636 1806 5691 πᾶ-

121 5776 125 5782 ,
217 5734 349 5773 σιν.
385 5718 655 5786 Έκάστῳ
681 5719 751 5774 δὲ
783 5720 1009 5776 δίδοται
1032 5720 1071 5789 ὴ
1104 5718 1445 5790 φανέρωσις
1469 5719 1576 5774 τοῦ
1613 5722 1802 5776 Πνεύ-

214 5818 416 5869 ματος
452 5801 605 5870 πρὸς
630 5802 700 5858 τὸ
728 5802 1055 5875 συμφέρον.
1087 5803 1196 5861 Καὶ
1227 5803 1282 5859 τί
1308 5803 1455 5856 ἐστιν
1482 5805 1796 5876 ὲνέργημας

1890 504 2055 573 φοραὶ
2089 506 2275 575 μόνον,
2322 507 2445 561 ἐπεὶ
2477 508 2786 581 πράγματα
2816 510 2885 562 τά
2916 509 3078 563 αὐτά.
3105 510 3172 562 '0
3205 508 3314 579 γάρ
3357 509 3478 561 ἐστι

1887 585 2157 657 χάρισμα,
2180 589 2344 643 τοῦτο
2361 589 2633 654 διακονία,
2669 591 2830 645 τοῦτο
2850 591 2948 646 καὶ
2972 592 3256 665 ἐνέργειαν
3303 590 3475 658 λέγει⁹

1893 667 2015 737 Τὴν
2072 670 2183 743 7&9
2220 672 2536 728 διακονίαν
2570 691 2711 741 σου,
2759 674 2915 747 φησὶ,
2964 674 3473 744 ,τιπληροςρόρησον⁸

1889 752 2005 820 καὶ,
2061 754 2181 824 Τὴν
2230 756 2551 812 διακονίαν
2597 776 2718 828 μου
2771 757 3016 823 δοξάζω.
3059 759 3175 812 Καὶ
3223 756 3478 828 Τιμοθέῳ

1891 836 2123 906 γράφων
2184 840 2349 910 φησί·
2409 841 2490 896 Δι’
2542 839 2624 908 ἢν
2674 842 2875 897 αἰτίαν
2912 840 3352 911 ἀναμιμνήσκω
3402 855 3479 892 σε

1891 920 2299 992 ἀναζωπυρεῖν
2325 924 2390 978 τὸ
2426 925 2693 995 χάρισμα
2750 925 2858 979 τοῦ
2916 924 3085 988 Θεοῦ,
3134 923 3168 977 ὅ
3203 923 3377 978 ἐστιν
3406 922 3479 976 ἐν

1892 1006 2030 1058 σοι’
2079 1006 2175 1059 καὶ
2209 1007 2485 1073 Γαλάταις
2535 1009 2700 1064 πάλιν
2751 1008 3085 1063 ἐπιστέλλων
3129 1008 3350 1076 ἔλεγεν·
3412 1007 3478 1059 '0

1894 1089 2006 1159 γὰρ
2031 1090 2371 1160 ἐνεργήσας
2405 1093 2611 1161 Πέτρῳ
2650 1095 2739 1159 εις
2766 1091 3145 1159 ἀποστολὴν,
3172 1090 3479 1160 ἐνήργησε

1894 1174 2069 1243 κάμοὶ
2086 1177 2175 1241 είς
2205 1175 2278 1229 τὰ
2297 1175 2465 1244 ἔθνη.
2483 1176 2646 1247 ὐρᾷς
2674 1176 2755 1230 ὅτι
2783 1175 3038 1247 οὐδεμίαν
3057 1174 3321 1247 διαφοράν
3372 1173 3467 1227 δεί-

1895 1275 2089 1312 κνυσιν
2114 1260 2172 1313 ἐν
2192 1261 2312 1323 ταῖς
2331 1260 2564 1328 δωρεαῖς
2584 1258 2797 1330 Πατρὸς
2819 1260 2915 1313 καὶ
2948 1258 3089 1313 Πνεύ
3099 1275 3269 1329 ματος
3288 1256 3477 1326 ἀγξους

1895 1340 1957 1394 οὐ
1984 1340 2081 1405 τὰς
2104 1341 2433 1407 ὑποστάσεις
2462 1342 2823 1412 συναλείφων,
2860 1342 2936 1413 μὴ
2967 1340 3197 1410 γένοιτο,
3218 1341 3357 1395 ἀλλά
3378 1338 3481 1409 τῆς

1896 1425 2086 1489 οὐσίας
2117 1426 2217 1499 τὴν
2239 1426 2529 1499 όμοτιμίαν
2553 1426 2855 1498 ἐμφαίνων.
2883 1425 3063 1497 Ὅπερ
3090 1424 3201 1495 7&9
3223 1423 3284 1477 τὸ
3309 1421 3482 1477 Πνεῦ-

1901 1527 1977 1581 μα
2030 1509 2334 1580 χαρίζεται,
2377 1509 2537 1564 τοῦτο
2585 1510 2680 1564 καὶ
2720 1511 2814 1563 τὸν
2850 1507 2982 1562 Θεὸν
3027 1509 3291 1577 ἐνεργεῖν,
3324 1504 3484 1559 τοῦτο

1899 1593 1994 1648 καὶ
2022 1594 2111 1647 τὸν
2139 1593 2268 1648 Υἱδν
2315 1594 2623 1649 διατάττειν
2661 1592 2758 1648 καὶ
2798 1593 3061 1664 παρέχειν
3093 1591 3248 1661 φησί.
3289 1590 3483 1644 Καίτοι

1897 1694 1962 1747 γε
1990 1679 2038 1731 εἰ
2069 1676 2290 1731 ἔλαττον
2317 1674 2386 1750 ἦν
2415 1677 2575 1732 τοῦτο
2608 1676 2842 1739 ἐκείνου,
2872 1677 2905 1748 ἢ
2930 1677 3109 1729 ἐκεῖνο
3136 1674 3348 1739 τούτου,
3382 1673 3485 1726 οὐκ

1897 1760 1965 1817 ἂν
2010 1761 2186 1826 οὕτως
2218 1762 2352 1817 αὐτὸ
2399 1762 2666 1825 τέθεικεν,
2701 1761 2810 1816 οὐδ’
2840 1761 2907 1815 ἂν
2944 1759 3118 1830 ταύτῃ
3161 1756 3488 1828 παρεμυθή-

1901 1863 2032 1900 σατο
2056 1847 2148 1900 τὸν
2189 1846 2479 1916 ἀλγοῦντα.
2524 1845 2679 1900 Μετά
2727 1845 2803 1899 δὲκ
2827 1843 3002 1898 ταῦτα
3043 1843 3138 1897 καὶ
3175 1841 3348 1912 ἑτέρῳ
3378 1840 3486 1893 τινὶ

1898 1931 2085 2002 τρόπῳ
2121 1931 2284 1985 αὐτὸν
2315 1930 2646 2002 παρακαλεῖ,
2675 1927 2756 1999 τῷ
2795 1929 2891 1982 καὶ
2923 1925 3223 1998 συμφέρειν
3251 1923 3401 1995 αὐτῷ
3424 1923 3488 1977 τδ

1899 2016 2051 2070 δοθὲν
2080 2016 2296 2086 μέτρον,
2329 2019 2374 2070 εί
2404 2017 2496 2070 καὶ
2521 2015 2739 2069 ἔλαττον
2769 2013 2877 2082 εἴη.
2910 2010 3096 2066 Εἰπὼν
3128 2012 3260 2081 7&9,
3296 2010 3378 2063 ὅτι
3409 2007 3489 2063 Τὸ

1900 2099 2048 2154 αὐτὸ
2073 2099 2340 2171 Πνεῦμα,
2376 2099 2477 2154 και
2528 2101 2562 2153 ό
2600 2098 2785 2164 αὐτὸς
2813 2097 3050 2165 Κύριος,
3096 2095 3194 2149 καί
3237 2096 3269 2148 ό
3301 2091 3490 2158 αὐτὸς

1905 2183 2069 2249 Θεὸς,
2097 2185 2193 2238 καὶ
2220 2183 2392 2255 ταύτῃ
2421 2183 2585 2237 αὐτὸν
2609 2181 3081 2252 ἀνακτησάμενος,
3107 2177 3304 2246 ἐπάγει
3324 2175 3490 2233 πάλιν

1903 2270 2097 2341 ἑτέραν
2123 2268 2491 2340 παράκλησιν,
2528 2264 2671 2321 οὕτω
2695 2264 2892 2332 λέγων,
2935 2260 3202 2330 Ἑκάστῳ
3225 2261 3294 2315 δὲ
3317 2263 3356 2329 ἡ
3375 2277 3490 2330 50a-

1900 2354 2154 2422 νέρωσις
2184 2354 2291 2408 τοῦ
2321 2352 2665 2419 Πνεύματος
2712 2348 2940 2403 δίδοται
2971 2346 3120 2415 πρὸς
3149 2346 3214 2400 τὸ
3254 2343 3490 2415 συμφό-

1894 2453 2028 2505 ρον.
2058 2436 2176 2491 Ἵνα
2209 2437 2316 2507 7&9
2347 2434 2421 2507 μὴ
2456 2434 2589 2507 λέγῃ
2622 2427 2733 2497 τιςξ
2770 2431 2835 2485 Τί
2873 2430 3016 2501 7&9,
3044 2431 3093 2484 εί
3129 2429 3225 2484 καὶ
3261 2430 3289 2482 ό
3326 2426 3491 2492 αὐτὸς

1902 2518 2127 2589 Κύριος,
2169 2520 2264 2574 καὶ
2303 2519 2364 2572 τὸ
2408 2516 2541 2570 αὐτὸ
2595 2514 2842 2586 Πνεῦμα,
2894 2514 2990 2569 καὶ
3037 2516 3065 2567 ὁ
3113 2512 3275 2575 αὐτὸς
3319 2510 3488 2576 Θεός;

1903 2602 2017 2656 ἀλλ’
2047 2601 2159 2671 ἐγὼ
2189 2601 2411 2655 ἔλαττον
2436 2599 2628 2654 ἔλαϐον
2647 2615 2660 2629 ·
2691 2600 2875 2669 φησὶν,
2909 2600 2991 2652 ὅτι
3025 2595 3168 2649 οὓτω
3199 2593 3487 2666 συνέφερε.

1901 2684 2211 2755 Φανέρωσιν
2242 2683 2394 2756 [265]
2429 2684 2487 2737 δὲ
2516 2681 2833 2754 Πνεύματος
2862 2681 2932 2735 τά
2963 2682 3166 2751 σημεῖα
3203 2678 3379 2740 καλεῖ,
3410 2678 3492 2730 εί-

1903 2769 2096 2831 κότως.
2154 2767 2309 2837 Ἐμοὶ
2357 2767 2456 2837 μὲν
2494 2764 2604 2836 7&9
2643 2764 2723 2836 τῷ
2772 2764 2950 2836 πιστῷ
2988 2763 3147 2834 δῆλος
3191 2764 3220 2816 6
3265 2759 3491 2830 Πνεῦμα

1902 2850 2042 2921 έχων
2070 2849 2179 2904 ἀπὸ
2196 2848 2291 2903 τοῦ
2323 2848 2718 2920 βαπτισθῆναι*
2747 2845 2911 2918 τῷιδὲ
2944 2847 3161 2917 ἀπίστῳ
3190 2841 3491 2914 οὐδαμόθεν

1904 2932 2056 2988 ἔσται
2095 2931 2254 2987 τοῦτο
2297 2930 2631 3001 καταφανὲς,
2665 2930 2782 2985 ἀλλ’
2831 2931 2865 3002 ἢ
2913 2928 3023 2984 ἀπὸ
3050 2929 3159 2983 τῶν
3204 2926 3449 2998 σημείων
3470 2939 3489 2957 ⁸

1903 3015 2044 3071 ὥστε
2078 3015 2372 3070 κάντεῦθεν
2410 3014 2573 3069 πάλιν
2598 3014 2659 3069 οὐ
2697 3013 2871 3085 μικρά
2910 3011 3255 3083 παραμυθία.
3298 3009 3492 3082 Είγὰρ

1904 3098 2090 3155 καὶτὰ
2117 3098 2435 3171 χαρίσματα
2470 3098 2724 3170 διάφορα,
2761 3096 2875 3151 ἀλλ’
2902 3097 2937 3167 ἡ
2971 3094 3197 3162 ἔνδειξις
3229 3092 3361 3165 μίαο
3388 3092 3493 3147 κάν

1903 3182 2014 3256 7&9
2048 3184 2185 3239 πολὺ
2229 3182 2378 3254 ἔχῃς,
2421 3183 2523 3238 κᾶν
2561 3181 2762 3251 ὀλίγον,
2798 3181 3001 3251 ὁμοίως
3033 3177 3084 3235 εἷ
3110 3179 3291 3251 δῆλος.
3325 3178 3491 3231 ’Ὥστε

1905 3268 1955 3322 εἰ
1983 3266 2141 3321 τοῦτο
2171 3265 2494 3332 σπουδάζεις
2528 3265 2925 3332 ἐπιδείξασθαι,
2959 3265 3042 3319 ὃτι
3070 3262 3296 3334 Πνεῦμα
3324 3261 3491 3333 ἔχεις,

1904 3349 2183 3423 ἀρκοῦσαν
2211 3349 2356 3421 ἔχεις
2399 3350 2497 3421 τὴν
2526 3350 2824 3417 ἀπόδειξιν.
2862 3349 3032 3403 Ὅταν
3069 3344 3164 3401 οὖν
3203 3346 3298 3401 καὶ
3343 3340 3424 3409 είς
3464 3346 3494 3398 6

1903 3433 2152 3499 δεδωκὼς
2258 3435 2352 3488 καὶ
2393 3434 2642 3506 χάρισμα
2670 3433 2731 3487 τὸ
2759 3432 2936 3492 δοθὲν.
2970 3432 3066 3485 καὶ
3098 3431 3132 3501 ὴ
3184 3429 3495 3500 φανέρωσις

1906 3516 2202 3573 κάντεῦθεν
2224 3517 2441 3589 γίνηται
2460 3528 2503 3581 ⁸,
2532 3517 2627 3572 καὶ
2656 3515 2816 3570 τοῦτο
2842 3513 3044 3586 μᾶλλόν
3075 3529 3156 3566 σοι
3210 3512 3491 3584 συμφέρῃ,

1909 3603 1984 3675 μὴ
2011 3603 2165 3671 ἀλγει
2196 3602 2273 3666 ὡς
2305 3601 2761 3674 καταφρονηθείς.
2803 3599 2879 3654 υύ
2910 3600 3023 3670 γὰρ
3055 3596 3339 3668 ἀτιμάζων
3380 3613 3439 3649 σε
3463 3597 3495 3649 6

1905 3686 2058 3752 Θεὸς,
2091 3686 2212 3739 οὐδὲ
2242 3685 2667 3755 καταδεέστερον
2706 3683 2896 3754 ἐτέρου
2944 3680 3265 3751 ἀποφαίνων
3301 3678 3492 3750 ἐποίη-

1908 3788 2021 3835 σεν,
2047 3769 2187 3824 ἀλλά
2212 3769 2528 3841 φειδόμενός
2564 3786 2681 3832 σου,
2719 3768 2815 3822 καὶ
2838 3766 2900 3821 τὸ
2929 3764 3212 3828 λυσιτελές
3241 3781 3323 3817 σοι
3363 3779 3493 3816 σκο-

1906 3855 2044 3910 πῶν,
2072 3853 2147 3908 T6
2180 3854 2291 3927 7&9
2319 3853 2503 3924 μεῖζον
2530 3852 2713 3907 λαϐεῖν
2765 3852 2857 3906 τὸν
2888 3852 2949 3906 οὔ
2988 3852 3286 3920 δυνάμενον
3337 3849 3491 3915 ἐνεγ-

1906 3943 2045 4004 κεῖν,
2073 3938 2235 3992 τοῦτο
2254 3939 2350 3992 καὶ
2370 3936 2691 4008 ἀσύμφορον
2716 3935 2813 3990 καὶ
2848 3934 3053 4005 βλάϐην
3084 3933 3208 4005 ἔχον
3238 3932 3334 3986 καὶ
3360 3931 3494 3985 ἀθυ-

1910 4024 2036 4095 μίας
2058 4019 2227 4087 ἀξιον,
2260 4014 2334 4091 ᾮ
2358 4019 2475 4091 μὲν
2495 4020 2605 4089 γὰρ
2633 4018 2732 4073 διὰ
2763 4017 2874 4074 τοῦ
2898 4018 3243 4086 Πνεύματος
3262 4014 3492 4068 δίδοται

1904 4108 2089 4176 λόγος
2118 4106 2361 4175 σοφίας,
2395 4103 2564 4172 ἄλλῳ
2599 4101 2669 4156 δὲ
2695 4104 2882 4172 λόγος
2905 4099 3205 4171 γνώσεως,
3239 4099 3393 4154 κατὰ
3423 4097 3493 4154 τό

1904 4189 2052 4245 αὐτὸ
2105 4189 2348 4258 Πνεῦμα
2371 4203 2385 4218 ·
2437 4187 2616 4254 ἑτέρῳ
2668 4185 2739 4240 δὲ
2788 4186 2993 4251 πίστις
3020 4222 3035 4248 ,
3088 4184 3159 4237 ἐν
3198 4181 3279 4249 τῷ
3332 4182 3495 4249 αὐτῷ

1904 4274 2203 4343 Πνεύματι
2246 4287 2261 4301 °
2308 4270 2478 4338 ἄλλῳ
2509 4270 2578 4324 δὲ
2605 4270 2947 4340 χαρίσματα
2989 4267 3273 4338 ίαμάτων,
3298 4267 3369 4321 ἐν
3410 4264 3493 4331 τῷ

1904 4356 2065 4422 αὐτῷ
2091 4357 2409 4425 Πνεύματι.
2452 4354 2615 4425 Ὁρᾷς
2642 4353 2762 4417 πῶς
2783 4351 3062 4422 πανταχοῦ
3088 4349 3293 4420 ταύτην
3315 4352 3493 4404 ποιεῖ-

1904 4459 1994 4495 ται
2022 4439 2120 4511 τὴν
2145 4438 2486 4510 προσθήκην,
2521 4438 2618 4490 Ἐν
2650 4434 2731 4502 τῷ
2749 4434 2912 4503 αὐτῷ
2938 4436 3260 4504 Πνεύματι,
3291 4433 3491 4501 λέγων,

1906 4524 2021 4589 καὶ,
2053 4524 2214 4579 Κατὰ
2241 4522 2307 4577 τὸ
2345 4521 2492 4577 αὐτὸ
2519 4520 2802 4590 Πνεῦμα;
2834 4515 2946 4574 οἶδε
2975 4519 3085 4590 7&9
3116 4518 3359 4589 μεγάλην
3397 4513 3492 4571 οὖ-

1909 4625 2007 4663 σαν
2030 4608 2129 4678 τὴν
2152 4606 2399 4661 ἐντεῦθεν
2418 4605 2783 4678 παράκλησιν.
2812 4605 3016 4669 Ἄλλῳ
3030 4601 3100 4656 δὲ
3117 4600 3490 4670 ἐνεργήματα

1905 4690 2235 4761 δυνάμεων,
2266 4689 2435 4755 ἄλλῳ
2458 4688 2527 4743 δὲ
2557 4687 2928 4758 προφητεῖαι,
2959 4685 3128 4752 ἄλλῳ
3165 4685 3235 4740 δὲ
3264 4685 3489 4754 διακρί-

1903 4789 2036 4839 σεις
2065 4772 2440 4842 πνευμάτων,
2473 4771 2651 4841 ἑτέρῳ
2687 4770 2758 4825 δὲ
2792 4769 2939 4841 γένη
2971 4767 3290 4840 γλωσσῶν,
3319 4768 3490 4835 ἄλλῳ

1904 4858 1973 4912 δὲ
1999 4857 2281 4927 ἑρμηνεία
2310 4853 2623 4927 γλωσσῶν.
2672 4852 2890 4924 Ἐπειδὴ
2912 4853 3022 4923 7&9
3045 4855 3102 4906 ἐν
3138 4851 3312 4923 τούτῳ
3343 4851 3489 4923 μέγα

1905 4942 2184 5011 ἐφρόνουν,
2217 4941 2305 4995 διά
2341 4938 2501 4994 τοῦτο
2534 4937 2667 4992 αὐτὸ
2701 4936 2929 5009 ὕστερον
2963 4933 3194 5000 τέθεικε,
3223 4936 3319 4989 καὶ
3345 4936 3488 5007 ἐπή-

1905 5042 2043 5094 γαγε
2068 5042 2082 5057 ·
2125 5023 2330 5078 Πάντα
2380 5022 2452 5077 δὲ
2502 5020 2691 5076 ταῦτα
2726 5018 2962 5089 ἐνεργεῖ
2995 5018 3065 5073 ἓν
3102 5019 3199 5073 καὶ
3237 5018 3307 5072 τὸ
3342 5021 3490 5076 αὐτὸ

1905 5106 2169 5177 Πνεῦμα.
2191 5106 2266 5159 T6
2288 5106 2579 5177 φάρμακον
2594 5103 2654 5157 τὸ
2674 5101 2962 5157 καθολικὸν
2983 5102 3084 5172 τῆς
3112 5102 3488 5173 παραμυθίας,

1904 5190 1965 5245 τὸ
1991 5192 2054 5244 ἐκ
2077 5190 2177 5261 τῆς
2199 5189 2369 5259 αὐτῆς
2403 5186 2580 5259 ῥίζης,
2608 5188 2673 5241 ἐκ
2699 5185 2810 5240 τῶν
2849 5186 3029 5240 αὐτῶν
3069 5185 3385 5258 θησαυρῶν,
3424 5187 3488 5240 ἐκ

1903 5271 2014 5327 τῶν
2040 5271 2221 5326 αὐτῶν
2250 5272 2509 5342 ναμάτων
2538 5270 2744 5332 πάντας
2776 5268 3094 5340 λαμϐάνειν.
3125 5269 3217 5322 Διὸ
3256 5268 3350 5322 καὶ
3374 5285 3493 5322 συν-

1906 5356 2045 5427 εχῶς
2067 5355 2346 5410 ἐπαντλῶν
2380 5353 2459 5425 τῷ
2493 5356 2698 5427 ῥήματι
2722 5354 2901 5424 τούτῳ
2926 5353 3029 5425 τὴν
3049 5352 3313 5408 δοκοῦσαν
3348 5353 3491 5408 ἀνω-

1908 5439 2105 5510 μαλίαν
2132 5433 2294 5500 εἶναι,
2328 5436 2498 5503 ἐξισοῖ
2521 5438 2616 5491 καὶ
2640 5435 3065 5509 παραμυθεῖται.
3099 5436 3209 5491 Καὶ
3229 5436 3492 5507 ἀνωτέρω

1909 5523 2006 5592 μὲν
2028 5522 2121 5575 καὶ
2151 5521 2212 5575 τὸ
2236 5518 2463 5591 Πνεῦμα
2483 5521 2576 5575 καὶ
2599 5521 2690 5575 τὸν
2727 5520 2855 5574 Υίδν
2883 5520 2977 5574 καὶ
3000 5518 3092 5574 τὸν
3124 5520 3345 5592 Πατέρα
3373 5517 3486 5573 δεί-

1905 5740 2134 5867 sui“
2154 5750 2205 5803 in
2224 5751 2398 5805 "ore"
2428 5754 2687 5814 mnum“:
2724 5760 2787 5799 ει
2832 5747 2991 5811 Βεείο
3043 5745 3212 5798 codice
3253 5746 3480 5797 restituta
