3962 6442
193 434 291 490 (με
1188 422 1252 475 ΙΝ
1293 420 1504 477 EPIST.
1556 421 1575 475 I
1636 420 1726 474 AD
1767 420 1926 475 C08.
1972 420 2200 477 ΙῘΟΜΙΙ..
2244 421 2438 478 XXIX.

196 551 257 604 Et
279 549 530 619 superius
553 546 766 618 quidem
793 544 1067 617 Spiritum,
1099 544 1287 598 Filium
1317 552 1370 595 et
1399 542 1610 594 Patrem
1636 546 1776 592 (tona

194 641 396 711 elargiri
427 640 669 696 ostendit
696 656 710 693 :
741 638 828 693 hic
862 652 990 693 vero
1017 635 1273 706 Spiritum
1302 633 1500 687 dixisse
1526 630 1657 685 satis
1683 629 1777 692 ha—

196 733 299 787 buit
319 775 334 799 ,
367 742 429 786 ut
460 732 588 787 hinc
614 732 774 788 etiam
803 730 977 785 discas
1003 726 1250 799 eamdem
1279 740 1401 780 esse
1438 723 1774 793 dignitatem.

196 826 320 893 Quid
345 835 430 881 est
454 836 636 881 autem
663 825 846 881 Sermo
870 822 1169 894 sapientiae?
1196 820 1366 888 Quem
1390 818 1619 873 habebat
1643 817 1779 870 Pau-

200 920 286 979 lus,
310 934 471 988 quem
501 918 728 973 habebat
747 917 976 973 Joannes
1000 916 1138 970 illius
1161 913 1397 967 tonitrui.
1429 910 1567 976 Quid
1589 908 1771 963 Sermo

202 1011 442 1067 αἱρηιὶφῖ
468 1012 638 1079 Quem
683 1011 917 1066 fidelium
960 1008 1111 1063 multi
1153 1006 1463 1068 habebant,
1491 1001 1770 1058 scientiam

201 1105 400 1174 quidem
430 1105 712 1173 habentes,
741 1104 940 1160 docere
966 1111 1141 1157 autem
1172 1115 1279 1155 non
1310 1099 1570 1159 valentes,
1602 1109 1777 1164 neque

202 1197 339 1252 facile
359 1211 423 1250 ea
449 1213 569 1267 quae
595 1197 836 1251 sciebant
860 1195 979 1250 aliis
1002 1195 1301 1250 enuntiare.
1328 1191 1430 1245 Alii
1455 1206 1566 1243 vero
1588 1187 1774 1256 ﬁdem;

202 1287 340 1342 ﬁdem
375 1302 484 1343 non
530 1287 670 1343 hanc
706 1288 925 1355 dicens,
956 1301 1075 1354 qua:
1104 1284 1355 1355 dogmata
1394 1289 1638 1351 Spectat,
1678 1278 1774 1333 sed

201 1380 341 1436 fidem
367 1380 645 1451 signorum
666 1422 680 1445 ,
710 1379 776 1435 de
801 1394 906 1449 qua
932 1378 1178 1433 Christus
1207 1376 1336 1431 dicit
1365 1397 1377 1431 :
1410 1374 1473 1430 Si
1500 1371 1773 1426 habueritis

121 1522 129 1533 .
199 1474 333 1542 ﬁdem
374 1484 428 1527 ut
467 1490 686 1545 granum
723 1473 916 1541 sinapis
942 1513 956 1535 ,
996 1469 1170 1524 dicetis
1208 1469 1324 1522 huic
1362 1470 1552 1532 monti,
1590 1463 1775 1518 Transi

199 1567 299 1620 hinc
320 1608 337 1633 ,
366 1576 413 1621 et
438 1567 674 1620 transibit
713 1564 732 1637 (
760 1564 947 1619 Matth.
978 1564 1065 1618 17.
1098 1561 1165 1620 19
1192 1560 1231 1632 ).
1263 1561 1330 1614 Et
1359 1560 1495 1613 hanc
1523 1556 1774 1626 petebant

200 1659 407 1730 apostoli
451 1657 737 1712 dicentes:
769 1655 916 1710 Adde
962 1652 1105 1708 nobis
1149 1652 1303 1722 ﬁdem
1332 1649 1499 1720 (Luc.
1539 1648 1626 1703 17.
1670 1646 1703 1701 5
1729 1648 1768 1715 ).

198 1751 307 1806 Περ
349 1751 494 1806 enim
539 1759 712 1804 mater
755 1749 1030 1817 signorum
1070 1755 1173 1801 est.
1215 1744 1566 1812 Operationes
1594 1748 1770 1793 autem

197 1844 431 1897 virtutum
466 1842 664 1896 habere
689 1882 704 1905 ,
736 1850 791 1894 et
821 1839 1048 1910 gratiam
1078 1836 1416 1891 curationum
1445 1875 1460 1898 ,
1494 1846 1600 1886 non
1631 1829 1770 1884 idem

198 1934 352 2005 ipsum
398 1945 503 1988 est.
551 1933 682 1989 Nam
721 1932 812 2000 qui
856 1931 1082 2001 gratiam
1122 1932 1456 1983 curationum
1504 1922 1769 1985 habebat,

199 2026 494 2081 medebatur
541 2033 786 2086 tantum;
833 2021 923 2090 qui
966 2035 1096 2073 vero
1136 2016 1477 2088 operationes
1518 2014 1770 2067 virtutum

202 2118 526 2190 possidebat,
555 2117 716 2172 etiam
747 2113 1060 2184 castigabat.
1103 2112 1347 2167 Potestas
1383 2110 1525 2165 enim
1556 2116 1638 2162 est
1662 2122 1768 2161 non

199 2210 400 2264 sanandi
431 2208 625 2271 modo,
658 2207 751 2261 sed
783 2206 940 2261 etiam
967 2203 1258 2276 puniendi;
1288 2213 1345 2256 ut
1371 2202 1564 2256 Paulus
1593 2213 1769 2253 exote-

198 2304 355 2369 cavit,
390 2304 686 2371 l’etrusque
714 2300 999 2355 interfecit.
1048 2298 1149 2352 Atii
1184 2313 1300 2351 vero
1337 2295 1613 2366 prophetia:
1636 2335 1650 2357 ,
1681 2292 1771 2346 alii

200 2397 503 2450 disrretiones
529 2395 822 2465 spirituum.
856 2392 991 2461 Quid
1021 2392 1121 2446 sibi
1152 2392 1265 2446 vult
1292 2390 1416 2445 illud
1443 2430 1458 2455 ,
1494 2388 1769 2441 Discretio~

195 2503 271 2541 nes
302 2485 618 2555 spirituum?
662 2484 814 2540 Scire
842 2483 961 2553 quis
1008 2482 1080 2537 sit
1127 2481 1453 2553 Spiritualis,
1497 2480 1617 2550 quis
1661 2492 1765 2531 non

193 2580 500 2648 spiritualis;
548 2580 663 2648 quis
707 2577 965 2649 prephcta
994 2619 1008 2642 ,
1052 2576 1172 2647 quis
1208 2575 1505 2644 deceptor:
1536 2574 1585 2627 id
1626 2571 1766 2642 quod

191 2670 748 2727 Thessalonicensibus
789 2669 1001 2724 dicebat
1029 2685 1042 2721 :
1074 2666 1380 2734 Prophetias
1413 2666 1567 2720 nolite
1604 2665 1767 2735 negli-

187 2780 291 2836 gere
316 2781 335 2817 :
360 2766 534 2817 omnia
561 2772 728 2817 autem
754 2761 1022 2827 probantes
1045 2803 1058 2823 ,
1088 2760 1225 2829 quod
1256 2760 1442 2814 bonum
1466 2767 1537 2812 est
1560 2799 1575 2822 ,
1609 2768 1769 2811 tenete

186 2858 269 2927 (l.
299 2858 473 2913 Thess.
504 2857 558 2912 5.
587 2855 679 2911 20.
706 2854 826 2925 ‘21).
856 2854 992 2909 Nam
1031 2854 1197 2909 multa
1231 2862 1357 2907 tunc
1384 2861 1501 2906 erat
1535 2850 1767 2920 pseudo-

184 2950 561 3021 prophetarum
619 2947 930 3018 corruptio,
993 2946 1210 3002 diabolo
1257 2944 1618 3001 contendente
1671 2958 1767 3013 pro

182 3045 400 3099 veritate
442 3043 767 3097 substituere
814 3039 1173 3096 mendacium.
1223 3038 1330 3093 Alii
1372 3048 1540 3092 autent
1584 3053 1767 3109 genera

182 3136 463 3208 linguarum
488 3176 505 3201 ,
535 3135 626 3188 alii
651 3132 996 3203 interpretatio
1019 3148 1327 3187 sermonum.
1360 3130 1491 3185 Nam
1524 3130 1617 3184 ille
1643 3130 1767 3199 qui.

179 3227 295 3284 dem
334 3228 542 3284 sciebat
566 3225 709 3297 quod
740 3226 854 3296 ipse
881 3224 1125 3288 diceret,
1157 3224 1309 3279 alteri
1340 3238 1472 3278 vero
1501 3222 1551 3276 id
1599 3222 1767 3276 inter-

177 3323 372 3392 pretari
400 3338 508 3375 non
536 3328 777 3390 poterat:
799 3319 935 3374 alius
960 3333 1090 3374 vero
1116 3318 1231 3374 haec
1253 3317 1410 3372 ambo
1438 3316 1763 3386 possidebat,

177 3416 258 3471 vel
284 3416 628 3470 alterutrum.

240 3511 297 3565 4.
339 3508 635 3562 Videbatur
671 3514 850 3562 autem
893 3505 1000 3562 hoc
1046 3504 1248 3575 donum
1293 3519 1415 3560 esse
1460 3519 1711 3574 magnum
1740 3546 1756 3569 ,

177 3603 426 3671 quoniam
459 3601 634 3670 ipsum
666 3601 896 3671 primum
921 3599 1152 3670 apostoli
1177 3608 1518 3667 acceperunt,
1541 3607 1596 3654 et
1624 3599 1765 3666 apud

175 3694 484 3751 Corinthios
512 3694 725 3765 plurimi
756 3694 860 3749 hoc
885 3707 1112 3748 munere
1140 3693 1385 3747 instructi
1414 3701 1570 3747 erant
1593 3709 1608 3746 :
1632 3692 1766 3747 doc-

176 3788 324 3843 trina:
349 3796 534 3842 autem
563 3786 784 3842 verbum
828 3799 938 3841 non
970 3785 1063 3839 ita.
1099 3784 1227 3839 ldeo
1255 3783 1381 3837 illud
1411 3783 1626 3852 quidem
1656 3783 1764 3852 pri-

174 3892 316 3933 mum
336 3879 488 3949 ponit
512 3920 528 3945 ,
558 3877 662 3933 hoc
677 3892 806 3934 vero
826 3885 1177 3947 postremum.
1201 3873 1333 3928 Nam
1352 3883 1403 3928 et
1424 3874 1526 3926 hoc
1549 3883 1767 3942 propter

172 3969 297 4027 illud
326 3981 408 4026 est
432 4010 449 4036 ,
484 3983 704 4025 necnon
727 3968 831 4022 alia
856 3968 1057 4031 omnia,
1081 3964 1398 4036 prophetiae,
1428 3964 1765 4033 operationes

170 4064 456 4124 virtutum,
487 4076 683 4132 genera
722 4060 1045 4130 linguarum,
1076 4066 1132 4114 et
1160 4057 1527 4126 interpretatio
1559 4056 1764 4126 lingua-

164 4166 284 4209 rum
322 4172 339 4208 :
369 4151 506 4209 nihil
534 4154 676 4206 enim
706 4152 829 4206 huic
854 4165 953 4222 par
983 4157 1104 4214 est;
1132 4149 1361 4219 ideoque
1382 4148 1593 4202 diccbat
1621 4162 1637 4202 :
1666 4146 1767 4212 Qui

162 4245 291 4302 bene
336 4255 568 4316 prtesunt
613 4244 934 4316 presbyteri,
962 4243 1156 4313 duplici
1205 4243 1397 4297 honore
1441 4242 1580 4313 digni
1608 4251 1762 4308 sunt,

156 4341 393 4396 maxime
430 4339 516 4410 qui
557 4339 788 4393 laborant
815 4339 871 4391 in
898 4336 1045 4390 verbo
1074 4346 1121 4390 et
1158 4335 1391 4389 doctrina
1432 4336 1516 4404 (l.
1541 4334 1679 4389 Tim.
1707 4336 1760 4391 5.

151 4431 280 4502 i7).
317 4431 387 4485 Et
413 4430 699 4484 Timotheo
740 4427 957 4498 scripsit
999 4427 1223 4491 dicens,
1270 4425 1485 4481 Attende
1528 4426 1762 4492 lectioni,

150 4522 513 4577 ethtaﬁoni
539 4562 554 4585 ,
584 4521 828 4575 doctrinae
855 4536 873 4573 :
903 4519 1009 4573 noli
1038 4518 1288 4590 negligere
1317 4519 1536 4589 gratiam
1573 4534 1685 4589 qua:
1712 4519 1765 4571 in

158 4625 217 4669 te
252 4624 333 4667 est
367 4614 438 4684 (l.
474 4613 613 4669 Tim.
642 4614 696 4668 4.
726 4614 815 4668 l3.
843 4611 953 4682 14).
988 4609 1180 4665 Viden’
1215 4609 1483 4680 quomodo
1511 4611 1611 4665 hoc
1641 4624 1765 4680 gra-

163 4707 309 4760 tiam
338 4706 530 4761 rocet?
557 4704 762 4760 Deinde
805 4718 964 4774 quam
1010 4701 1258 4772 superius
1303 4703 1479 4769 posuit
1522 4701 1766 4755 consola—

154 4798 375 4854 tionem
404 4797 614 4864 dicens,
646 4794 794 4849 Idem
826 4794 1052 4861 Spiritus
1077 4835 1092 4857 ,
1133 4793 1271 4844 hanc
1307 4798 1362 4845 et
1414 4790 1499 4844 hic
1537 4791 1721 4852 adiicit
1747 4834 1761 4858 ,

151 4890 358 4945 dicens
392 4905 407 4942 :
445 4887 572 4942 Hart:
611 4896 780 4940 autem
820 4885 992 4941 omnia
1030 4891 1270 4953 operatur
1297 4897 1429 4935 unus
1457 4892 1606 4954 atque
1629 4883 1764 4936 idem

161 4979 429 5050 Spiritus,
457 4979 686 5033 dividens
707 4977 920 5049 singulis
945 4985 1093 5047 prout
1120 4972 1248 5029 vult.
1471 4987 1497 5009 ο

235 5073 441 5132 Contra
471 5072 989 5129 Pneumalomachos.
1013 5069 1215 5125 —Non
1243 5067 1405 5123 modo
1430 5077 1607 5121 autem
1632 5081 1763 5122 con-

158 5170 401 5237 solatur,
451 5168 548 5225 sed
569 5167 730 5223 etiam
769 5181 832 5221 os
858 5164 1087 5220 obstruit
1128 5161 1513 5218 contradicenti
1559 5159 1645 5215 hic
1687 5162 1768 5216 di-

165 5278 344 5319 cens:
377 5260 623 5315 Diaidens
646 5258 859 5331 singulis
889 5267 1041 5329 prout
1074 5257 1201 5311 uult.
1243 5254 1470 5324 Oportet
1499 5255 1766 5310 enim'ad-

168 5358 463 5430 stringere,
496 5369 598 5409 nec
625 5354 795 5408 solum
825 5351 1026 5407 mederi
1055 5367 1069 5417 ;
1101 5351 1239 5405 sicut
1267 5359 1322 5403 et
1350 5350 1401 5403 in
1429 5348 1666 5418 Epistola
1698 5350 1765 5404 ad

174 5447 455 5504 Romanos
482 5445 630 5509 facit,
657 5461 779 5500 cum
803 5444 929 5498 dicit
954 5459 969 5497 :
1000 5441 1080 5496 Tu
1104 5442 1217 5512 quis
1243 5456 1312 5505 es,
1343 5442 1429 5510 qui
1457 5440 1767 5511 respondeas

175 5539 286 5597 Deo
313 5540 497 5613 (Rom.
524 5539 579 5595 9.
610 5537 700 5606 20)
726 5537 749 5589 ?
781 5536 854 5590 lla
880 5534 1059 5590 etiam-
1087 5534 1173 5587 hic
1202 5573 1218 5597 ,
1260 5531 1506 5585 Diuidens
1549 5529 1768 5602 singulis

177 5648 324 5707 prout
349 5635 477 5691 uult.
511 5634 579 5688 Et
607 5631 747 5702 quod
783 5630 956 5685 Patris
991 5636 1109 5681 erat
1138 5668 1152 5692 ,
1186 5625 1348 5682 etiam
1391 5624 1623 5696 Spiritus
1646 5637 1768 5680 esse

178 5730 433 5785 ostendit.
468 5725 621 5781 Sicut
663 5722 805 5778 enim
835 5722 902 5775 de
942 5719 1034 5773 illo
1058 5719 1131 5773 ait
1159 5735 1173 5772 :
1202 5716 1349 5771 Idem
1372 5725 1540 5771 autem
1569 5713 1708 5769 Deus
1748 5756 1765 5782 ,

184 5825 260 5887 qui
285 5829 532 5896 operatur
574 5815 744 5871 omnia
787 5814 841 5867 in
884 5810 1115 5866 omnibus
1142 5826 1160 5874 ;
1187 5810 1265 5865 sic
1302 5817 1358 5864 et
1399 5807 1469 5863 de
1515 5805 1716 5896 Spiritu
1751 5824 1765 5896 ς

198 5894 489 5989 Βῑεήροπο
518 5907 690 5963 omnia
714 5912 953 5975 aperatur
979 5917 1108 5954 unus
1134 5910 1181 5954 et
1209 5900 1338 5954 idem
1376 5896 1621 5968 Spiritus.
1655 5894 1761 5951 Sed

506 6008 778 6067 ΡΑτιιοι.
826 6003 940 6063 Gn.
993 5997 1148 6063 LXI.

3370 434 3479 487 246

1892 548 2092 605 motus,
2120 538 2326 609 inquies
2354 584 2368 606 ,
2396 557 2426 594 a
2454 542 2585 596 Deo.
2622 544 2814 597 \"crum
2847 544 2947 598 hoc
2991 561 3250 617 nusquam
3301 548 3478 625 dixit,

1888 629 1983 685 sed
2018 641 2072 685 tu
2100 632 2228 687 illud
2260 631 2490 703 efﬁngis.
2514 634 2739 700 Quando
2764 637 2906 691 enim
2936 639 3082 701 dicit.
3114 641 3215 707 Qui
3243 654 3481 712 aper-amr

1886 725 2058 778 omnia
2081 726 2134 778 in
2160 727 2413 792 omnibus,
2444 726 2510 781 de
2533 727 2840 783 hominibus
2866 730 2969 785 hoc
2992 729 3159 786 dicit:
3187 749 3477 804 numquam

1884 838 2004 878 cum
2036 823 2343 880 hominibus
2381 824 2636 895 Spiritum
2666 838 3017 893 annumerat,
3044 829 3255 883 etiamsi
3285 830 3483 887 millies

1884 926 2128 971 amanter
2169 916 2407 985 loquaris
2434 926 2490 973 et
2532 918 2789 975 insanias.
2819 918 2955 986 Quia
2982 922 3125 975 enim
3152 920 3326 987 dixit,
3376 920 3481 975 Per

1885 1007 2139 1076 Spiritum
2164 996 2267 1072 {ut
2297 1026 2365 1064 ne
2393 1021 2548 1078 putes
2576 1011 2706 1064 illud
2730 1051 2745 1077 ,
2780 1029 2871 1082 per
2893 1052 2909 1076 ,
2944 1012 3334 1066 imminutionis
3360 1027 3482 1068 esse

1883 1116 2095 1168 vocem,
2124 1118 2224 1156 nec
2257 1103 2403 1158 illum
2438 1105 2649 1159 moveri
2676 1104 2743 1159 ad
2765 1105 3158 1175 operationem,
3185 1104 3501 1189 subjungitt

1888 1192 2108 1264 Operari
2138 1194 2428 1265 Spiritum,
2460 1212 2566 1251 non
2618 1198 2686 1252 ad
2732 1199 3102 1267 operationem
3150 1199 3395 1263 moveri,
3427 1207 3483 1253 et

1883 1287 2093 1355 operari
2165 1296 2222 1341 ut
2264 1287 2417 1356 vult,
2463 1304 2570 1343 non
2611 1301 2673 1344 ut
2718 1289 2953 1359 jubetur.
3012 1291 3475 1358 Quemadmodum

1882 1377 2026 1431 enim
2049 1378 2115 1433 de
2137 1378 2296 1433 Patre
2319 1378 2487 1435 Filius
2505 1380 2656 1447 dicit,
2682 1379 2888 1435 Excitat
2909 1391 3134 1436 mortuos
3154 1392 3201 1436 et
3222 1384 3481 1452 uiviﬁcat;

1882 1477 1938 1523 et
1957 1469 2205 1524 similiter
2225 1470 2293 1525 de
2315 1472 2514 1541 scipso,
2540 1475 2676 1538 Quos
2701 1474 2806 1527 vult
2826 1474 3044 1539 vivi/ient
3067 1472 3248 1545 (Joan.
3271 1475 3327 1529 5.
3343 1472 3437 1546 2!)
3463 1492 3476 1527 :

1882 1560 1959 1614 sic
1989 1572 2043 1614 et
2075 1560 2143 1615 de
2172 1559 2372 1631 Spiritu
2400 1604 2414 1623 ,
2460 1564 2584 1617 alibi
2616 1565 2829 1634 quidem
2858 1565 3003 1634 quod
3045 1580 3167 1620 cum
3213 1575 3481 1636 potestate

1882 1655 2059 1708 omnia
2091 1655 2251 1710 iaciat
2273 1666 2370 1721 ,λοι
2399 1657 2529 1710 nihil
2558 1658 2631 1712 sit
2657 1659 2797 1726 quod
2824 1659 3078 1728 impediat
3108 1659 3265 1728 (illud
3296 1660 3439 1714 enim
3461 1701 3477 1724 ,

1885 1744 1982 1800 Ubi
2010 1748 2115 1801 vult
2150 1751 2311 1817 spirat
2365 1748 2528 1821 (Ibid.
2559 1751 2610 1805 5.
2645 1750 2723 1819 8),
2754 1751 2960 1806 etiamsi
2989 1751 3056 1805 de
3085 1761 3247 1805 vento
3273 1751 3476 1806 dictum

1882 1841 2070 1905 fuerit,
2107 1841 2172 1897 ad
2218 1844 2318 1898 hoc
2358 1844 2499 1914 quod
2538 1845 2768 1899 dicimus
2795 1847 2932 1899 viam
2978 1848 3193 1916 parat):
3226 1845 3314 1900 hic
3348 1860 3480 1900 vero

1879 1932 2030 1998 dicit,
2056 1930 2242 1987 Omnia
2266 1946 2506 2005 operatur
2524 1947 2673 2006 prout
2702 1938 2826 1991 vult.
2848 1939 2916 1993 Et
2937 1938 3155 1994 aliunde
3172 1938 3319 1995 disce
3334 1939 3477 2008 quod

1888 2040 1993 2078 non
2012 2026 2165 2079 silex
2190 2027 2274 2092 iis,
2298 2028 2385 2096 qui
2416 2044 2514 2098 per
2543 2030 2911 2099 operationem
2937 2040 3243 2098 moventur,
3265 2031 3357 2087 sed
3386 2035 3474 2102 qui

1879 2126 2189 2184 operantur,
2208 2118 2330 2173 hinc
2344 2118 2522 2174 disce:
2549 2120 2675 2186 Quis
2692 2122 2822 2174 enim
2841 2122 2997 2187 novit,
3016 2122 3210 2193 inquit,
3225 2138 3338 2193 qna:
3358 2134 3477 2176 sunt

1879 2205 2099 2259 hominis
2123 2249 2139 2273 ,
2189 2209 2287 2262 nisi
2315 2210 2528 2279 spiritus
2564 2212 2829 2265 hominis?
2855 2212 2946 2266 Sic
2989 2222 3038 2267 et
3078 2229 3194 2283 qua:
3223 2213 3318 2267 Dei
3357 2225 3475 2268 sunt

1878 2315 2024 2352 nemo
2052 2301 2224 2365 novit,
2268 2303 2368 2355 nisi
2407 2302 2634 2372 Spiritus
2665 2303 2760 2357 Dei
2787 2304 2862 2376 (ί.
2895 2305 3014 2359 Cor.
3057 2303 3112 2361 2.
3159 2306 3273 2375 it).
3318 2306 3473 2373 Quod

1876 2401 2055 2446 autem
2083 2393 2304 2463 Spiritus
2327 2395 2579 2461 hominis,
2608 2395 2658 2449 id
2687 2405 2792 2460 est,
2819 2398 3019 2463 anima,
3045 2413 3152 2452 non
3177 2408 3474 2467 egi-atoue~

1877 2482 2084 2538 ratione
2107 2524 2121 2549 ,
2159 2494 2214 2537 ut
2255 2500 2349 2538 sua
2379 2494 2706 2555 cognoscat,
2751 2488 2951 2541 nemini
2995 2504 3100 2541 non
3131 2498 3318 2542 notum
3344 2500 3427 2543 est
3457 2508 3469 2541 :

1826 2578 1841 2592 ‘
1879 2587 2008 2642 ergo
2036 2589 2136 2629 nec
2178 2575 2409 2645 Spiritus
2439 2590 2658 2631 sanctus
2681 2619 2696 2644 ,
2726 2587 2786 2632 ut
2825 2587 3111 2648 cognoscat
3140 2595 3204 2634 ea
3230 2596 3347 2650 quae
3378 2580 3466 2636 Dei

1877 2674 2023 2721 sunt.
2074 2667 2162 2722 Sic
2201 2669 2343 2722 enim
2393 2671 2509 2722 ait:
2546 2670 2753 2724 Arcana
2804 2670 2895 2724 Dei
2949 2673 3198 2741 cognovit
3242 2674 3472 2744 Spiritus

1876 2766 2115 2823 sanctus,
2149 2760 2286 2814 sicut
2317 2760 2493 2814 anima
2543 2762 2776 2815 hominis
2815 2777 3008 2816 arcana
3054 2778 3169 2817 sua.
3203 2762 3257 2819 Si
3289 2774 3468 2819 autem

1874 2849 1943 2903 ad
1986 2853 2086 2906 hoc
2126 2853 2229 2905 alia
2261 2855 2574 2923 operatione
2618 2873 2721 2910 non
2771 2866 3056 2922 movetur,
3090 2859 3257 2913 multo
3301 2862 3471 2930 magis

1875 2942 1964 3008 qui
1993 2945 2094 2996 scit
2124 2943 2384 3012 profunda
2417 2947 2546 3012 Dei,
2574 2956 2628 3002 et
2657 2964 2761 3001 non
2795 2949 2973 3019 aliqua
3003 2951 3319 3019 operatione
3351 2966 3468 3004 ino-

1875 3044 2029 3086 vctur
2050 3034 2114 3088 ad
2142 3035 2379 3089 dandum
2409 3037 2731 3092 charismata
2761 3041 3040 3109 apostolis,
3063 3041 3168 3095 alia
3199 3057 3302 3096 non
3336 3058 3468 3112 opus

1877 3124 2122 3181 habuerit
2161 3131 2494 3196 operatione.
2540 3131 2741 3186 Prtctcr
2786 3132 2898 3188 Inrc
2929 3143 3109 3189 autem
3157 3135 3299 3189 aliud
3328 3151 3473 3192 nunc

1874 3219 2083 3285 dicam,
2118 3223 2260 3290 quod
2314 3225 2460 3292 prius
2504 3224 2633 3278 dixi.
2680 3226 2847 3294 Quale
2889 3227 3064 3283 illud?
3094 3228 3152 3283 Si
3199 3230 3377 3284 minor
3402 3230 3471 3284 sit

1875 3313 2105 3384 Spiritus
2132 3325 2187 3369 et
2215 3317 2436 3373 alterius
2462 3319 2799 3379 substantiae.
2828 3320 2963 3375 nihil
3016 3322 3306 3391 profuisset
3329 3337 3463 3378 con-

1873 3408 2087 3473 solatio,
2112 3424 2287 3479 neque
2311 3409 2584 3466 audivisse
2610 3411 2861 3467 eumdem
2887 3428 3009 3468 esse
3030 3413 3308 3483 Spiritum.
3336 3413 3470 3470 Nam

1873 3502 1961 3571 qui
1993 3517 2022 3554 a
2053 3518 2178 3572 rege
2202 3504 2430 3572 accepit,
2461 3504 2598 3559 hanc
2626 3506 2916 3560 maximam
2946 3507 3188 3562 habuerit
3209 3511 3462 3564 consola-

1876 3594 2114 3659 tionem,
2150 3595 2290 3664 quod
2333 3596 2445 3663 ipse
2497 3595 2548 3651 ei
2590 3596 2836 3661 dederit;
2870 3598 2960 3668 qui
3011 3608 3192 3653 autem
3236 3615 3267 3654 a
3314 3615 3470 3655 servo

1872 3686 2102 3757 accipit,
2150 3696 2274 3742 tunc
2318 3689 2488 3758 magis
2534 3689 2715 3756 dolet,
2747 3690 2962 3760 quando
2991 3691 3257 3761 quispiam
3294 3692 3467 3748 hOCt.‘I

1873 3777 2150 3833 obtulerit.
2184 3779 2365 3849 Itaque
2392 3780 2517 3835 hinc
2542 3781 2704 3836 etiam
2734 3782 2907 3851 palam
2935 3791 3020 3838 est
3042 3782 3304 3851 Spiritum
3338 3798 3464 3840 sau-

1872 3880 2016 3925 ctmn
2050 3886 2156 3923 non
2180 3872 2412 3935 servilis,
2441 3870 2534 3926 sed
2566 3873 2727 3942 regias
2749 3888 2870 3928 esse
2898 3873 3237 3929 substantiae.
3268 3874 3471 3930 Idcirco

1873 3960 2012 4014 sicut
2040 3964 2347 4017 consolatus
2375 3970 2459 4017 est
2484 3963 2603 4017 illos
2628 3963 2816 4018 dicens
2834 4005 2848 4030 ,
2887 3963 3173 4020 Divisiones
3203 3966 3465 4019 ministra-

1875 4053 2069 4106 tionum
2097 4063 2237 4117 sunt,
2263 4054 2395 4106 idem
2423 4063 2594 4107 autem
2620 4052 2912 4122 Dominus;
2943 4064 3014 4122 et,
3045 4055 3324 4111 Divisiones
3348 4074 3469 4128 0pc-

1873 4145 2127 4197 rationum
2153 4184 2167 4209 ,
2198 4144 2330 4199 idem
2358 4157 2526 4199 autent
2552 4144 2692 4200 Deus
2718 4162 2736 4199 :
2760 4148 2838 4202 sic
2867 4162 2989 4203 cum
3018 4149 3269 4217 superius
3295 4148 3425 4203 dixit
3448 4191 3465 4214 ,

1872 4232 2161 4288 Diuisione:
2180 4236 2463 4305 gratiarum
2486 4246 2626 4304 sunt,
2646 4236 2780 4291 idem
2806 4252 2974 4293 autem
3003 4239 3268 4311 Spiritus;
3290 4252 3345 4296 et
3368 4243 3469 4295 sub
3506 4291 3513 4305 ,

1872 4325 1990 4381 1]ωο
2038 4327 2200 4381 etiam
2251 4328 2416 4392 dicit,
2472 4327 2599 4382 Han:
2646 4340 2815 4383 autem
2857 4331 3029 4385 omnia
3064 4343 3303 4402 operatur
3338 4349 3468 4388 unus

1873 4429 2021 4488 atque
2056 4419 2189 4473 idem
2230 4419 2459 4489 Spiritus
2482 4460 2497 4485 ,
2527 4420 2759 4476 dividens
2803 4421 3018 4492 singulis
3048 4434 3196 4491 prout
3230 4423 3357 4477 vult.
3390 4424 3468 4480 Ne

1872 4510 2050 4580 itaque
2082 4525 2341 4580 angantur
2363 4553 2379 4576 ,
2413 4511 2601 4580 inquit,
2637 4527 2810 4582 neque
2853 4512 3134 4568 doleamus
3175 4514 3419 4569 dicentes
3442 4556 3461 4579 ,

1871 4600 1980 4655 Cur
2009 4601 2112 4656 hoc
2150 4602 2382 4672 accepi,
2427 4601 2531 4658 hoc
2585 4618 2690 4657 non
2738 4603 2969 4674 accepi?
3000 4618 3176 4675 neque
3221 4607 3461 4663 rationes

1832 4713 1838 4723 ’
1873 4693 2151 4764 exigamus
2179 4708 2209 4747 a
2250 4693 2452 4762 Spiritu
2480 4703 2688 4749 sancto.
2728 4694 2861 4749 Nam
2903 4696 2947 4750 si
2996 4698 3175 4764 nosti,
3208 4697 3258 4753 id
3291 4698 3464 4768 ipsum

1874 4787 2121 4855 largitum
2158 4801 2281 4841 esse
2323 4786 2467 4857 quod
2498 4788 2572 4841 tui
2600 4803 2785 4843 curam
2808 4800 2999 4859 gerat;
3028 4791 3271 4861 cogitans
3316 4792 3465 4847 illum

1871 4878 2116 4933 eamdem
2161 4894 2344 4933 curam
2391 4888 2666 4948 gerentem
2716 4897 3022 4936 mensuram
3062 4883 3314 4949 dedisse,
3347 4900 3465 4939 ani-

1872 4972 2107 5041 plectere
2133 4979 2187 5025 et
2224 4969 2400 5040 gaude
2427 4971 2497 5025 ob
2538 4985 2603 5025 ea
2634 4987 2752 5041 qum
2791 4974 3084 5043 accepisti;
3115 4983 3171 5029 et
3216 4990 3286 5030 ne
3323 4991 3467 5046 aegre

1876 5067 2013 5119 teras
2042 5064 2183 5135 quod
2211 5064 2316 5119 alia
2354 5079 2458 5119 non
2497 5066 2803 5134 acet-peris;
2832 5066 2939 5119 imo
2967 5068 3168 5137 gratias
3210 5068 3421 5125 reddito
3446 5112 3462 5138 ,

1873 5157 2018 5227 quod
2050 5171 2154 5211 non
2182 5156 2387 5226 majora
2416 5172 2574 5227 quam
2607 5157 2746 5213 ferre
2772 5174 2962 5229 posses
2987 5164 3283 5229 acceperis.

1945 5248 1999 5305 5.
2040 5248 2093 5304 Si
2131 5257 2311 5304 autem
2339 5249 2390 5302 in
2430 5248 2800 5318 spiritualibus
2842 5266 2949 5304 non
2994 5262 3206 5322 oportet
3250 5236 3464 5311 curiose

1875 5339 2144 5410 inquirere
2170 5381 2183 5402 ,
2215 5341 2384 5394 multo
2406 5340 2574 5410 magis
2602 5341 2652 5394 in
2686 5341 2992 5397 carnalibus
3017 5359 3031 5407 ;
3062 5345 3158 5399 sed
3185 5347 3466 5414 quiescere

1875 5442 1931 5488 et
1954 5448 2061 5487 non
2090 5431 2301 5488 curiose
2331 5433 2558 5487 scrutari
2609 5448 2705 5489 cur
2752 5434 2843 5488 ille
2885 5433 3036 5490 dives
3061 5478 3076 5502 ,
3126 5437 3215 5492 ille
3241 5454 3458 5509 pauper.

1876 5524 2018 5582 Sane
2045 5524 2263 5596 quidem
2291 5541 2396 5579 non
2427 5524 2623 5594 singuli
2655 5540 2685 5579 a
2720 5526 2828 5582 Deo
2856 5526 3072 5583 divitias
3112 5529 3337 5594 habent,
3369 5529 3464 5584 sed

1875 5617 2029 5674 multi
2051 5633 2117 5673 ex
2150 5617 2432 5687 injustitia,
2452 5632 2518 5672 ex
2548 5621 2732 5687 rapina
2756 5628 2811 5673 et
2836 5633 2903 5675 ex
2928 5621 3171 5676 avaritia.
3199 5621 3300 5687 Qui
3320 5621 3464 5676 enim

1870 5708 2033 5781 jussit
2063 5724 2168 5762 non
2194 5708 2374 5773 ditari,
2399 5709 2672 5777 quomodo
2696 5709 2936 5766 dedisset
2956 5726 3043 5779 ea,
3079 5697 3198 5783 qui:
3219 5713 3467 5784 accipere

1877 5801 2169 5873 prohibet?
2198 5801 2267 5856 Ut
2306 5811 2488 5856 autem
2526 5801 2759 5857 validius
2788 5801 3061 5858 eonfutem
3092 5818 3220 5871 eos,
3247 5807 3334 5875 qui
3362 5804 3465 5859 hac

1885 5895 1939 5949 in
1970 5909 2030 5948 re
2063 5890 2436 5949 contradicunt
2481 5891 2673 5960 nobis;
2711 5907 3141 5964 agc,sermonem
3171 5896 3327 5951 altius
3370 5897 3470 5949 du-

3031 6003 3104 6066 iii
