3962 6466
558 433 662 490 947

560 561 764 613 camus,
793 546 862 602 ab
886 561 953 603 eo
970 553 1213 618 tempore
1233 557 1340 616 quo
1362 543 1502 597 Deus
1526 539 1744 597 divitias
1762 540 2017 610 elargttus
2040 549 2141 603 est,

560 649 615 692 et
640 639 906 708 responde
931 636 1099 691 mihi:
1124 636 1302 704 Quare
1327 632 1478 689 dives
1509 640 1626 688 erat
1654 630 1951 692 Abraham.
1982 629 2151 685 Jacob

561 741 739 787 autem
773 733 934 787 etiam
967 744 1104 801 pane
1132 726 1368 799 egebat?
1393 742 1573 781 annon
1618 725 1867 781 similiter
1904 733 1958 778 et
1987 721 2075 778 hic
2098 731 2153 777 et

561 824 654 880 ille
680 824 855 893 justus
874 822 1034 877 erat?
1059 835 1241 875 annon
1263 819 1513 873 similiter
1536 818 1604 872 de
1632 818 1801 871 tribus
1831 816 1965 871 dixit
1996 834 2010 871 :
2041 815 2156 885 Fgo

564 918 705 971 Deus
742 914 1000 969 Abraham
1041 923 1087 968 et
1130 911 1283 967 Isaac
1318 921 1363 967 et
1398 910 1561 964 Iacob
1590 909 1799 983 (Exod.
1834 911 1888 966 5.
1919 908 2030 977 6)?
2056 924 2149 961 cur

561 1023 692 1079 ergo
723 1008 810 1063 ille
837 1008 991 1062 dives
1016 1014 1152 1071 erat,
1183 1005 1271 1060 hic
1296 1004 1545 1060 mercede
1569 1001 2015 1059 condncebatur?
2042 1000 2151 1054 imo

561 1104 759 1169 potius,
792 1099 899 1154 Cur
925 1098 1070 1154 Esau
1104 1099 1318 1168 iniquus
1339 1112 1459 1152 cum
1482 1106 1626 1151 esset
1648 1105 1702 1149 ct
1729 1095 1998 1148 fratricida
2026 1135 2040 1157 ,
2069 1092 2151 1147 di-

558 1207 655 1249 ves
681 1202 797 1248 erat
819 1235 834 1254 ,
878 1192 965 1248 hic
991 1207 1120 1247 vero
1149 1192 1203 1246 in
1243 1191 1499 1246 servitute
1528 1197 1677 1244 tanto
1726 1197 1969 1259 tempore
2010 1184 2153 1240 fuit?

561 1299 659 1340 cur
682 1300 869 1339 rursus
899 1284 1045 1338 lsaac
1078 1282 1360 1353 tranquille
1390 1288 1537 1335 tanto
1576 1288 1817 1349 tempore
1846 1279 2018 1344 vixit,
2061 1277 2153 1332 Ja-

561 1375 663 1431 cob
691 1384 868 1430 autem
899 1376 949 1428 in
974 1372 1248 1429 laboribus
1276 1381 1331 1427 et
1360 1371 1634 1426 miseriis?
1662 1370 1889 1440 ideoque
1913 1368 2147 1433 dicebat,

562 1467 728 1524 Pauci
769 1478 816 1522 et
844 1467 970 1521 mali
1003 1467 1110 1522 dies
1148 1468 1245 1520 mei
1278 1465 1433 1539 (Gen.
1467 1465 1556 1519 47.
1590 1463 1672 1536 9).
1698 1463 1809 1518 Cur
1858 1462 2018 1517 David
2060 1462 2149 1530 qui

561 1558 825 1629 propheta
849 1567 905 1613 et
933 1572 1026 1613 rex
1060 1556 1157 1611 fuit
1176 1599 1189 1621 ,
1216 1566 1384 1611 totum
1415 1556 1536 1610 vita:
1563 1564 1772 1623 tempus
1794 1553 1847 1608 in
1877 1552 2151 1607 laboribus

566 1651 862 1721 transegit;
893 1649 1149 1705 Salomon
1176 1658 1358 1704 autem
1386 1646 1528 1703 ﬁlius
1548 1647 1664 1717 ejus
1688 1661 1782 1716 per
1803 1644 2149 1716 quadraginta

564 1757 736 1798 annos
765 1742 1008 1797 securius
1053 1756 1210 1811 quam
1241 1738 1467 1811 quilibet
1509 1738 1785 1793 hominum
1814 1739 1950 1793 vixit
1975 1780 1990 1803 ,
2020 1753 2150 1808 pro-

564 1832 728 1888 funda
760 1832 944 1888 fruens
977 1848 1105 1902 pace
1126 1874 1143 1898 ,
1176 1846 1336 1887 omne
1360 1846 1532 1903 genus
1555 1830 1739 1901 gloria:
1761 1873 1777 1898 ,
1831 1829 2052 1885 honoris
2098 1840 2152 1884 et
2202 1838 2205 1841 ‘

564 1927 859 1997 voluptatis
885 1926 1154 1996 adeptus?
1187 1941 1284 1980 cur
1325 1925 1378 1980 in
1423 1924 1702 1995 prOphetis
1750 1924 1889 1981 alius
1940 1924 2108 1993 magis
2132 1966 2148 1992 ,

562 2020 700 2075 alius
726 2019 904 2075 minus
944 2016 1324 2091 al'lligcbatur?
1351 2016 1615 2085 Quoniam
1637 2017 1716 2072 sic
1745 2016 2029 2087 unicuique
2056 2032 2153 2072 ex-

561 2114 831 2183 pediebat.

634 2205 733 2260 Dei
752 2206 1062 2278 dispensatio
1074 2222 1176 2260 non
1192 2205 1340 2261 nimis
1355 2202 2153 2272 examinanda.—Quamobrcm

562 2296 705 2351 circa
731 2298 970 2367 singulos
990 2296 1277 2353 dicendum
1298 2305 1402 2364 est,
1419 2296 1629 2351 Iudicia
1654 2306 1740 2350 tua
1767 2295 1977 2366 abyssus
1994 2297 2155 2349 multa

565 2386 583 2455 (
611 2384 757 2441 Psal.
793 2387 881 2442 55.
912 2388 944 2441 7
968 2387 1008 2456 ).
1036 2386 1171 2442 Nam
1215 2389 1261 2443 si
1302 2403 1525 2459 magnos
1557 2388 1681 2443 illos
1714 2397 1771 2443 et
1800 2387 2153 2442 admirabiles

565 2479 713 2534 viros
741 2494 845 2535 non
870 2480 1118 2537 similiter
1145 2482 1432 2538 exercebat
1460 2482 1620 2546 Deus,
1644 2481 1738 2537 sed
1771 2481 1912 2538 hunc
1937 2480 2154 2553 quidem

565 2588 664 2644 per
692 2584 1058 2644 paupertatem
1076 2616 1090 2641 ,
1117 2577 1283 2631 alium
1312 2592 1408 2647 per
1429 2576 1679 2643 divitias;
1710 2578 1854 2634 hunc
1879 2593 1978 2647 per
2007 2587 2155 2632 tran.

563 2666 883 2735 quillitatem
904 2708 921 2735 ,
963 2668 1112 2724 illum
1142 2684 1237 2739 per
1259 2684 1528 2725 aerumnas
1559 2688 1572 2725 :
1601 2671 1773 2725 multo
1814 2671 1983 2741 magis
2013 2686 2154 2725 nunc

563 2758 669 2813 hoc
696 2767 913 2829 oportet
938 2763 1199 2833 cogitare.
1230 2761 1362 2818 Cum
1408 2761 1513 2818 hoc
1546 2772 1726 2818 autem
1772 2762 1902 2817 illud
1942 2778 2155 2833 quoque

564 2866 748 2908 secum
773 2861 1024 2924 reputare
1048 2862 1283 2923 Oportet,
1309 2868 1505 2925 nempe
1528 2855 1692 2909 multa
1724 2869 1788 2909 ex
1824 2853 1890 2909 iis
1916 2870 2036 2924 qua:
2066 2868 2157 2909 ac-

564 2946 750 3001 cidunt
779 2961 883 3001 non
912 2962 976 3003 ex
1005 2948 1148 3002 illius
1174 2949 1441 3003 sententia
1467 2947 1584 3005 ﬁeri
1609 2988 1626 3015 ,
1657 2947 1752 3004 sed
1783 2962 1883 3018 per
1913 2957 2153 3002 nostram

567 3038 862 3109 nequitiam
891 3040 1130 3096 evenire.
1150 3040 1226 3096 Ne
1248 3041 1427 3112 itaque
1449 3039 1621 3106 dicas,
1643 3041 1752 3096 Cur
1773 3040 1861 3096 hic
1879 3041 2029 3096 dives
2048 3049 2152 3107 est,

567 3144 692 3185 cum
724 3144 955 3202 nequam
983 3133 1086 3198 sit;
1117 3132 1210 3187 ille
1235 3147 1367 3187 vero
1408 3146 1611 3202 pauper
1642 3173 1657 3199 ,
1684 3148 1805 3188 cum
1833 3132 1906 3188 sit
1930 3133 2107 3203 justus
2131 3133 2156 3188 ἲ

566 3222 773 3278 Horum
799 3223 998 3294 quippe
1021 3225 1291 3281 rationem
1315 3224 1448 3280 dare
1474 3226 1601 3282 licet
1628 3268 1644 3293 ,
1676 3241 1741 3282 ac
1767 3226 1948 3282 dicere
1973 3244 1986 3279 :
2015 3226 2151 3295 Quia

564 3333 742 3387 neque
755 3315 934 3388 justus
956 3331 989 3372 a
1015 3327 1329 3388 paupertate
1359 3318 1589 3387 laeditur,
1618 3319 1727 3375 imo
1754 3318 2011 3390 majorem
2039 3319 2155 3374 cla-

566 3408 742 3465 ritatis
782 3407 944 3465 habet
980 3409 1388 3476 accessionem;
1430 3419 1487 3465 et
1516 3409 1793 3480 improbus
1823 3409 1983 3465 habet
2019 3408 2156 3464 divi-

566 3502 672 3558 tias
698 3501 946 3573 supplicii
974 3502 1247 3568 viaticum,
1272 3501 1376 3557 nisi
1400 3509 1780 3558 convertatur:
1803 3510 1964 3572 atque
1988 3501 2151 3557 etiam

566 3604 696 3652 ante
739 3594 1061 3666 supplicium
1108 3595 1308 3652 divitiae
1356 3594 1433 3651 illi
1486 3594 1751 3650 malorum
1793 3594 2155 3666 complurium

563 3701 728 3744 causa
756 3688 927 3757 fuere,
957 3698 1014 3745 et
1033 3688 1087 3744 in
1116 3689 1266 3745 mille
1287 3688 1540 3747 baratbra
1568 3686 1862 3746 deduxere.
1891 3688 2033 3745 Deus
2057 3703 2158 3745 au-

567 3791 678 3837 tem
700 3779 753 3837 id
774 3782 859 3853 agi
886 3781 1049 3848 sinit,
1084 3781 1247 3837 simul
1277 3781 1505 3837 liberum
1534 3780 1820 3837 arbitrium
1864 3781 2157 3837 voluntatis

565 3873 882 3941 ostendens,
913 3883 970 3929 et
993 3873 1132 3929 alios
1154 3873 1357 3929 docens
1399 3889 1468 3930 ne
1513 3874 1685 3931 insani
1726 3881 1783 3930 et
1817 3872 2059 3931 furentes
2086 3873 2155 3928 ad

567 3965 824 4035 pecunias
853 3965 1112 4022 ferantur.
1154 3965 1293 4034 Quid
1327 3980 1459 4038 ergo
1484 4007 1501 4034 ,
1545 3966 1758 4036 inquies
1788 4006 1805 4032 ,
1831 3980 1954 4023 cum
1981 3965 2156 4021 malus

568 4057 836 4130 quispiam
877 4057 1030 4116 dives
1065 4058 1197 4116 nihil
1242 4059 1367 4115 mali
1421 4058 1671 4130 patitur?
1699 4074 1822 4116 nam
1860 4058 1907 4115 si
1952 4060 2154 4131 probus

567 4165 690 4206 cum
712 4151 818 4216 sit,
844 4149 996 4207 dives
1023 4160 1107 4208 est
1124 4193 1142 4219 ,
1159 4150 1282 4222 jure
1308 4150 1535 4217 merito;
1567 4151 1650 4206 sin
1681 4150 1855 4208 malus
1880 4150 1950 4207 sit
1976 4192 1993 4217 ,
2025 4150 2155 4222 quid

568 4242 856 4299 dicemus?
883 4243 1037 4311 Quod
1062 4244 1127 4299 sit
1145 4243 1307 4299 etiam
1329 4242 1431 4299 hac
1455 4244 1663 4300 ratione
1684 4243 2007 4302 miserabilis
2035 4259 2048 4296 :
2073 4242 2155 4298 di-

568 4336 713 4390 vitia:
741 4335 887 4391 enim
915 4335 983 4391 ad
1013 4335 1304 4408 nequitiam
1324 4336 1591 4407 adjuncta:
1617 4336 1814 4391 malum
1839 4344 2152 4407 aggravant.

566 4426 674 4484 Sed
717 4427 890 4484 bonus
928 4438 1006 4485 e8!
1032 4468 1049 4496 ,
1077 4438 1133 4483 et
1180 4437 1358 4487 tamen
1407 4427 1732 4499 pauperiAt
1758 4427 1895 4483 nihil
1922 4426 2151 4483 laeditur.

566 4519 674 4574 Sed
696 4519 870 4574 malus
894 4527 974 4575 est
1004 4527 1056 4573 et
1086 4519 1341 4590 panper?
1374 4518 1516 4589 Ergo
1540 4520 1687 4587 juste
1710 4528 1765 4575 et
1791 4534 1888 4590 pro
1913 4521 2109 4574 merito
2136 4560 2152 4584 ,

571 4611 682 4667 imo
719 4619 777 4666 et
810 4610 876 4666 ad
905 4610 1187 4667 utilitatem
1223 4625 1398 4666 suam.
1437 4610 1635 4666 Verum
1676 4610 1767 4666 ille
1793 4651 1809 4675 ,
1839 4610 2047 4682 inquies
2079 4651 2094 4677 ,
2126 4626 2156 4665 a

571 4703 866 4774 majoribus
892 4702 1107 4757 divitias
1136 4702 1366 4772 accepit,
1391 4711 1447 4756 et
1471 4701 1731 4773 dispergit
1750 4702 1870 4757 illas
1899 4701 2155 4757 meretri-

572 4793 726 4849 cibus
749 4802 804 4849 et
833 4792 1104 4862 parasitis,
1138 4791 1380 4864 nihilque
1404 4791 1531 4849 mali
1559 4791 1777 4863 patitur.
1807 4792 1945 4860 Quid
1971 4792 2106 4848 dicis
2135 4793 2158 4847 ἲ

570 4883 869 4942 fornicatur
895 4894 945 4941 el
975 4884 1104 4939 nihil
1152 4885 1277 4939 mali
1309 4885 1508 4956 patitur
1537 4885 1561 4939 ἲ
1590 4884 1886 4940 inebriatur
1915 4894 1971 4941 et
2001 4894 2156 4955 putas

572 4978 746 5046 ipsum
777 4976 1017 5032 deliciari
1040 4977 1064 5031 Τ
1085 4977 1149 5032 ad
1177 4977 1308 5032 nihil
1329 4978 1582 5033 decorum
1606 4977 1859 5047 pecunias
1879 4978 2154 5049 expendit,

569 5081 624 5127 et
652 5082 808 5143 putas
840 5071 1011 5141 ipsum
1039 5072 1379 5127 :emulatione
1405 5071 1665 5143 dignum?
1687 5081 1743 5126 et
1765 5070 1893 5142 quid
1922 5071 2159 5126 deterius

571 5163 667 5219 illo
694 5164 877 5230 fuerit,
902 5162 992 5234 qui
1018 5165 1209 5217 animae
1235 5178 1346 5217 suae
1372 5164 1591 5218 exitium
1619 5161 1819 5217 affert?
1844 5161 1921 5216 'l‘u
1944 5177 2091 5223 vero.
2112 5162 2155 5215 si

575 5271 698 5311 eum
722 5255 980 5311 membris
998 5262 1302 5310 contortum
1320 5262 1378 5309 et
1404 5254 1650 5309 mutilum
1677 5253 1908 5316 videres,
1939 5252 2160 5307 infinitis

578 5349 726 5404 illum
779 5347 1028 5419 lacrymis
1074 5345 1291 5416 dignum
1335 5359 1458 5399 esse
1498 5358 1793 5407 censeres;
1825 5358 1947 5398 cum
1979 5353 2157 5398 autem

574 5441 809 5497 animam
839 5439 956 5509 ejus
985 5447 1153 5496 totam
1176 5439 1418 5492 mutilam
1449 5436 1620 5503 vides,
1646 5436 1857 5491 beatum
1885 5434 2033 5488 illum
2066 5448 2161 5488 ex-

573 5535 824 5592 istimas?
855 5535 924 5589 At
954 5549 1059 5588 non
1085 5534 1284 5595 sentit,
1316 5532 1544 5600 inquies.
1575 5530 1644 5584 Et
1663 5529 1784 5584 ideo
1812 5528 2159 5583 commisera-

572 5628 721 5683 tione
767 5625 959 5698 dignus
987 5633 1070 5680 est
1101 5666 1118 5689 ,
1144 5632 1207 5678 ut
1234 5624 1323 5692 qui
1355 5623 1645 5677 insaniunt.
1683 5619 1814 5674 Nam
1852 5619 1941 5690 qui
1969 5620 2071 5675 scit
2099 5634 2158 5673 se

573 5728 840 5788 aegrotare
868 5760 883 5784 ,
923 5716 1188 5771 medicum
1231 5730 1452 5785 prorsus
1482 5713 1758 5782 requiret,
1786 5719 1841 5765 et
1872 5709 2156 5781 pharmaca

577 5812 677 5865 sibi
704 5810 821 5866 dari
845 5818 1071 5878 patietur
1101 5825 1115 5873 ;
1145 5806 1231 5879 qui
1262 5822 1389 5861 vero
1429 5807 1675 5875 ignorat,
1708 5817 1996 5873 numquam
2030 5802 2157 5855 libe-

578 5900 682 5954 rari
719 5899 933 5969 poterit.
983 5898 1255 5954 Hunccine
1280 5938 1296 5965 ,
1344 5911 1525 5967 quaeso
1554 5938 1569 5967 ,
1620 5896 1830 5951 beatum
1865 5894 2160 5967 praedicas?

1325 426 1368 485 s
1422 422 1700 483 mmsis
1723 419 2195 479 cnnvsosrout
2238 420 2554 480 ARCtllEP.
2592 421 3121 486 cousns'rmop.
3685 441 3768 495 ιω

2263 539 2368 594 Sed
2402 542 2533 595 nihil
2572 542 2763 597 mirum
2793 561 2807 597 :
2838 554 2964 599 sunt
2988 544 3133 600 enim
3164 547 3452 618 complures
3469 549 3770 625 philosophia:

2261 633 2512 704 imperiti.
2547 634 2672 691 Ideo
2699 646 2967 693 extremas
2991 637 3179 694 damus
3202 655 3382 709 pinnas
3402 684 3416 706 ,
3442 652 3499 698 ut
3518 646 3597 715 qui
3615 649 3775 716 punia-

2261 743 2381 781 tnur
2404 741 2506 783 nec
2533 728 2825 784 liberemur
2851 747 2883 785 a
2913 732 3215 801 supplicio:
3256 733 3374 789 ideo
3396 736 3482 790 ira:
3512 779 3526 799 ,
3554 754 3775 796 maerores

2259 830 2312 874 ct
2341 822 2769 887 perturbationes
2789 822 3134 892 frequentes;
3158 826 3277 895 quia
3300 841 3417 881 cum
3444 828 3596 883 vitam
3621 831 3776 886 dolore

2257 926 2481 965 vacuam
2509 911 2662 965 nobis
2693 913 2943 968 ostendat
2970 914 3110 969 Deus
3130 957 3146 979 ,
3179 917 3314 970 viam
3343 933 3529 986 nempe
3552 919 3612 973 ad
3639 922 3779 975 virtu.

2261 1004 2633 1072 tcm,nos,illa
2658 1006 2865 1073 relicta,
2897 1008 3054 1062 aliam
3086 1010 3221 1062 viam
3253 1010 3584 1078 ingredimur,
3606 1014 3785 1069 divitia-

2260 1110 2378 1149 rum
2405 1112 2597 1163 nempe
2618 1107 2673 1152 et
2696 1101 2953 1165 pecunia',
2988 1101 3284 1157 innumeris
3312 1102 3515 1173 plenam
3544 1106 3682 1159 malis
3709 1124 3721 1159 :
3746 1117 3787 1161 et

2258 1203 2366 1243 non
2422 1203 2579 1246 secus
2630 1190 2889 1256 facimus,
2916 1208 2979 1247 ac
3032 1194 3075 1247 si
3120 1195 3240 1263 quis
3284 1210 3557 1264 corporum
3597 1195 3787 1251 formam

2257 1281 2566 1337 discernere
2589 1299 2693 1337 non
2722 1284 2929 1349 valens,
2960 1286 3053 1340 sed
3083 1297 3251 1343 totum
3281 1290 3513 1344 tribuens
3536 1291 3789 1345 vestimen-

2258 1376 2327 1429 tis
2364 1384 2419 1430 et
2450 1376 2832 1445 circumposita
2877 1378 3088 1432 ornatui
3120 1420 3134 1437 .
3170 1378 3453 1434 formosam
3503 1382 3753 1437 mulierem
3778 1423 3791 1444 ,

2257 1468 2483 1521 naturali
2514 1467 2909 1537 pulchritudine
2950 1470 3230 1541 praeditam
3273 1472 3459 1527 videns
3485 1474 3754 1541 prasterirct
3778 1514 3791 1536 .

2260 1567 2466 1628 turpem
2488 1569 2668 1615 autem
2688 1602 2702 1627 ,
2735 1559 3032 1616 deformem
3064 1573 3117 1617 et
3144 1577 3374 1633 corpore
3401 1564 3631 1619 mutilam
3660 1607 3675 1630 ,
3700 1565 3795 1632 pul-

2257 1649 2405 1704 chris
2433 1662 2677 1704 ornatam
2709 1652 2952 1707 vestibus
2981 1654 3249 1722 aspiciens
3278 1694 3293 1718 ,
3325 1670 3542 1710 uxorem
3586 1654 3793 1710 duceret.

2260 1739 2389 1794 Tale
2437 1740 2708 1810 quidpiam
2758 1758 2901 1799 nunc
2952 1743 3093 1798 circa
3147 1745 3396 1800 virtutem
3450 1755 3502 1801 et
3547 1747 3796 1816 nequitiam

2259 1830 2407 1884 multi
2441 1831 2712 1900 patiuntur
2743 1852 2755 1882 :
2787 1844 2993 1900 turpem
3042 1836 3185 1890 illam
3214 1836 3474 1891 adeuntes
3505 1845 3704 1906 propter
3727 1852 3800 1891 ex-

2258 1924 2512 1976 teriorem
2536 1933 2804 1990 ornatum,
2834 1924 3122 1981 formosam
3155 1938 3335 1982 autem
3366 1938 3421 1983 et
3451 1928 3710 1997 pulchram
3730 1943 3799 1983 re-

2261 2024 2516 2082 spuentes
2554 2026 2774 2085 propter
2815 2018 3012 2072 nudam
3047 2019 3191 2074 illius
3231 2020 3667 2089 pulchritudinem
3693 2060 3707 2084 ,
3744 2020 3800 2075 ob

2259 2120 2419 2174 quam
2450 2106 2617 2175 ipsam
2650 2107 2880 2164 maxime
2906 2108 3067 2181 deligi
3088 2111 3397 2177 oportebat.

2331 2198 2384 2252 6.
2418 2197 2622 2255 Divitior
2643 2201 3020 2271 ﬂuam—Ideo
3036 2218 3123 2258 me
3151 2203 3353 2274 pudet,
3384 2204 3524 2275 quod
3550 2220 3661 2259 cum
3687 2202 3801 2274 apud

2259 2290 2476 2347 Grmcos
2507 2293 2626 2348 illos
2653 2295 2871 2351 insanos
2889 2295 3105 2366 quidam
3125 2297 3233 2351 sint
3250 2298 3343 2368 qui
3369 2299 3447 2353 sic
3470 2298 3806 2367 philosophan-

2263 2394 2349 2437 tur
2372 2424 2389 2449 ,
2432 2384 2643 2440 etiamsi
2672 2401 2780 2440 non
2813 2402 2872 2441 re
2896 2428 2911 2454 ,
2961 2396 3197 2443 attamen
3224 2391 3495 2459 sententia
3526 2431 3541 2453 ,
3572 2400 3624 2445 et
3646 2388 3808 2443 lliixam

2261 2492 2445 2532 rerum
2490 2480 2835 2549 praesentium
2878 2481 3245 2540 conditionem
3298 2492 3538 2548 norunt;
3569 2483 3696 2552 apud
3733 2496 3809 2534 nos

2260 2571 2476 2639 quidam
2517 2588 2585 2628 ne
2636 2573 2722 2628 illa
2778 2574 2993 2645 quidem
3042 2574 3264 2643 norint,
3320 2575 3417 2631 sed
3462 2584 3517 2630 et
3556 2576 3711 2645 ipsum
3746 2573 3814 2641 ju-

2260 2662 2459 2717 dicium
2483 2675 2796 2735 corruptum
2827 2667 3097 2722 habeant:
3122 2682 3245 2722 cum
3277 2667 3398 2723 lucc
3418 2667 3596 2722 omnia
3616 2677 3709 2720 tam
3729 2667 3812 2718 ire-

2260 2763 2486 2823 qnenter
2515 2755 2788 2827 Scriptura
2827 2756 2943 2813 hare
2984 2758 3139 2814 nobis
3171 2759 3434 2815 decantet
3475 2769 3532 2815 et
3569 2750 3818 2814 dicat2Ad

2261 2845 2475 2899 nihilum
2511 2846 2760 2903 deductus
2806 2859 2879 2904 est
2916 2850 2969 2904 in
2997 2860 3270 2922 conspectu
3313 2853 3425 2922 eius
3463 2852 3706 2921 malignus
3730 2890 3743 2910 ,
3769 2849 3816 2899 ti-

2261 2946 2450 2991 mentes
2476 2947 2644 2992 autem
2673 2938 2926 2995 Dominus
2954 2941 3209 3012 glori/icat
3240 2942 3422 3014 (Psal.
3450 2942 3540 2997 14.
3571 2943 3647 3013 4).
3679 2940 3820 2994 Timor

2261 3024 2472 3083 Domini
2500 3030 2671 3084 omnia
2690 3034 2946 3101 superavit
2970 3031 3156 3105 (Eccli.
3182 3034 3280 3089 25.
3311 3035 3428 3104 M).
3455 3033 3619 3089 Deum
3642 3033 3760 3093 time,
3785 3037 3821 3081 et

2261 3122 2505 3177 mandata
2527 3124 2638 3192 ejus
2658 3125 2853 3179 custodi
2883 3141 2903 3181 .'
2933 3131 3027 3180 hoc
3040 3136 3116 3181 est
3137 3130 3277 3181 enim
3300 3130 3471 3185 omnis
3487 3129 3634 3183 homo
3657 3124 3822 3199 (Ecclc.

2263 3213 2351 3268 12.
2382 3215 2497 3285 15).
2527 3214 2656 3271 Noli
2674 3218 2906 3272 wumlari
2922 3219 2975 3272 in
3002 3219 3434 3289 malignantibus.
3471 3219 3557 3274 Ne
3588 3216 3788 3273 (intueris
3810 3254 3822 3277 .

2260 3322 2377 3361 cum
2405 3308 2542 3364 dives
2563 3309 2730 3379 [actus
2759 3311 2911 3382 fuerit
2939 3312 3091 3365 homo
3131 3311 3151 3382 (
3183 3310 3339 3368 Paul.
3372 3312 3469 3369 48.
3502 3312 3567 3367 l7
3594 3312 3634 3382 ).
3680 3306 3827 3363 Omnis

2262 3416 2383 3455 caro
2411 3404 2604 3473 {mnum
2636 3443 2652 3467 ,
2680 3411 2726 3457 et
2747 3404 2911 3457 omnis
2947 3403 3114 3475 gloria
3156 3403 3390 3458 hominis
3429 3404 3577 3475 quasi
3612 3404 3703 3473 ﬂos
3731 3397 3826 3471 {cui

2263 3491 2419 3560 (lsai.
2447 3494 2538 3549 ιο.
2569 3494 2650 3566 6).
2672 3494 2802 3551 Hice
2824 3495 2972 3552 enim
3013 3505 3068 3552 et
3104 3496 3230 3551 talia
3259 3497 3512 3569 quotidie
3541 3495 3827 3552 audientes.

2262 3583 2440 3640 adhuc
2462 3593 2622 3642 terra;
2648 3584 2937 3656 affigimur.
2968 3586 3036 3643 Et
3073 3588 3545 3658 quemadmodum
3580 3585 3717 3659 pueri
3753 3584 3829 3637 im-

2263 3676 2421 3747 periti
2448 3675 2762 3748 frequenter
2783 3677 3047 3735 elementa
3068 3678 3375 3747 discentes,
3399 3678 3622 3753 quando
3639 3674 3831 3748 sparsim

2262 3763 2477 3824 illorum
2499 3768 2634 3825 ordo
2651 3770 3010 3836 examinator,
3043 3770 3146 3826 alia
3177 3786 3284 3842 pro
3309 3772 3437 3827 aliis
3459 3771 3696 3827 dicentes
3717 3764 3829 3821 mul—

2264 3868 2374 3917 tum
2403 3862 2641 3917 excitant
2681 3863 2849 3918 risum
2877 3880 2892 3917 :
2924 3862 3005 3919 sic
3032 3871 3084 3919 et
3114 3877 3214 3917 vos
3233 3904 3252 3930 ,
3286 3863 3518 3935 quando
3547 3861 3637 3918 illa
3659 3859 3740 3915 hic
3760 3870 3831 3911 οτι

2262 3950 2389 4007 diue
2433 3968 2779 4008 numeramus
2807 3994 2825 4021 ,
2858 3962 3145 4024 utcumque
3200 3954 3615 4026 assequimini;
3657 3946 3832 4023 quando

2262 4052 2441 4098 autem
2481 4058 2579 4098 vos
2608 4043 2741 4099 foris
2781 4044 3009 4114 sparsim
3056 4043 3474 4117 interrogamus
3498 4089 3514 4111 ,
3539 4058 3661 4118 qum
3696 4039 3834 4114 prima

2262 4133 2391 4200 sint,
2412 4149 2531 4206 quae
2555 4134 2788 4190 secunda
2806 4134 3058 4190 harumce
3086 4150 3269 4191 rerum
3301 4137 3586 4193 collocare
3604 4137 3831 4205 oporteat.

2262 4235 2318 4281 et
2378 4242 2622 4298 quamam
2681 4234 2806 4297 post
2850 4225 2954 4281 alia
3009 4226 3314 4290 locentur;
3363 4244 3497 4285 cum
3549 4228 3724 4284 dicere
3763 4235 3838 4276 ne-

2263 4319 2467 4384 sciatis,
2502 4318 2712 4375 ridiculi
2739 4317 2894 4375 estis.
2926 4321 3143 4387 Annon,
3185 4336 3426 4390 quazso,
3454 4323 3627 4378 multo
3651 4322 3753 4374 risu
3776 4314 3837 4367 di-

2264 4426 2425 4481 gnum
2452 4419 2536 4465 est
2562 4450 2578 4477 ,
2612 4411 2755 4481 quod
2786 4425 2908 4466 cum
2939 4411 3414 4470 immortalitatem
3445 4421 3803 4486 exspectemus
3826 4445 3839 4467 ς

2263 4514 2319 4560 et
2357 4504 2494 4560 bona
2525 4545 2542 4569 ,
2571 4519 2691 4574 quae
2720 4518 2819 4559 nec
2842 4505 3030 4561 oculus
3061 4504 3195 4560 vidit
3219 4522 3330 4563 nec
3359 4509 3516 4569 auris
3536 4504 3733 4563 audivit
3763 4513 3842 4555 nec

2265 4596 2318 4651 in
2362 4610 2457 4652 cor
2514 4596 2745 4651 hominis
2802 4595 3166 4652 ascenderunt
3198 4638 3214 4663 ,
3259 4598 3338 4655 de
3389 4600 3562 4656 rebus
3611 4608 3725 4670 qua!
3772 4588 3839 4645 hic

2266 4698 2485 4745 manent
2513 4688 2907 4744 contendamus
2931 4730 2946 4754 ,
2971 4700 3025 4744 et
3055 4690 3168 4758 ipsa
3197 4692 3573 4747 aemulatione
3597 4690 3746 4760 digna
3770 4696 3842 4737 ex—

2266 4779 2607 4836 istimemus?
2633 4779 2764 4835 Nam
2794 4782 2836 4835 si
2867 4778 3043 4835 adhuc
3088 4780 3203 4835 hate
3239 4795 3394 4852 opus
3422 4782 3602 4839 habes
3627 4780 3832 4837 discere.

2263 4870 2410 4941 quod
2432 4870 2635 4924 divitiie
2665 4870 2795 4924 nihil
2820 4885 3069 4940 magnum
3100 4871 3209 4925 sint
3229 4910 3244 4935 ,
3272 4873 3431 4941 quod
3464 4889 3559 4929 res
3591 4874 3836 4943 prresenles

2263 4962 2372 5016 sint
2397 4961 2584 5014 umbra
2612 4968 2668 5015 et
2691 4961 2957 5015 somnium
2986 5001 3001 5027 ,
3031 4961 3173 5031 quod
3198 4959 3343 5016 fumi
3379 4964 3562 5018 instar
3586 4958 3845 5017 dissolvan-

2269 5063 2354 5107 tur
2379 5063 2432 5108 ct
2452 5053 2706 5118 avolent;
2736 5052 2837 5106 ista
2864 5053 3079 5107 interim
3102 5062 3257 5108 extra
3289 5054 3489 5126 adyta,
3522 5057 3577 5110 in
3607 5047 3848 5109 vestibulis

2268 5162 2461 5202 mane:
2495 5146 2730 5200 nondum
2760 5146 2903 5201 enim
2938 5147 3181 5216 ingressu
3225 5146 3301 5201 ad
3347 5163 3653 5218 supernam
3680 5142 3847 5213 regiam

2265 5242 2457 5312 dignus
2478 5256 2556 5297 es.
2582 5240 2637 5297 Si
2660 5242 2802 5297 enim
2831 5252 3074 5296 naturam
3097 5258 3288 5297 eorum
3324 5244 3654 5301 instabilem
3683 5254 3734 5299 et
3758 5252 3855 5309 per-

2263 5344 2428 5402 petuo
2468 5332 2723 5387 fluentem
2772 5332 3083 5388 discernere
3121 5334 3302 5388 nescis
3337 5376 3354 5398 ,
3402 5338 3747 5407 quandonam
3783 5328 3854 5382 illa

2265 5424 2547 5492 despicere
2590 5423 2841 5491 poteris?
2882 5425 2925 5478 si
2960 5434 3010 5477 te
3030 5424 3170 5478 scire
3198 5422 3360 5479 dicas
3396 5468 3411 5488 ,
3449 5429 3645 5482 desine
3672 5424 3855 5480 curiose

2268 5519 2493 5572 scrutari
2521 5525 2576 5570 et
2604 5517 2874 5584 inquirere
2901 5555 2913 5580 ,
2946 5530 3041 5569 cur
3066 5516 3156 5569 ille
3183 5515 3253 5569 sit
3288 5519 3453 5572 dives
3486 5559 3502 5583 ,
3543 5534 3642 5573 cur
3683 5516 3761 5568 hic
3804 5510 3859 5562 sil

2270 5627 2486 5681 pauper.
2526 5608 2755 5663 Perinde
2786 5610 2928 5662 enim
2962 5608 3094 5662 facis
3124 5610 3235 5662 lucc
3286 5610 3651 5682 interrogans
3679 5650 3694 5670 .
3722 5616 3859 5670 atque

2269 5706 2312 5758 si
2343 5703 2663 5758 circumiens
2689 5715 2907 5770 rogares
2939 5742 2954 5765 ,
2991 5715 3090 5754 cur
3119 5702 3207 5753 illc
3247 5701 3422 5756 albus
3466 5713 3526 5756 et
3574 5702 3666 5754 ille
3693 5699 3860 5766 niger;

2272 5796 2360 5850 ille
2391 5793 2625 5864 aquilino
2656 5807 2806 5857 naso,
2838 5792 2925 5847 ille
2946 5792 3133 5846 simus.
3160 5792 3318 5847 Sicut
3345 5794 3507 5849 enim
3527 5794 3620 5847 illa
3652 5789 3777 5847 nihil
3803 5782 3861 5836 ad

2274 5904 2390 5954 nos,
2421 5904 2486 5941 an
2521 5887 2647 5950 isto,
2677 5901 2742 5940 an
2768 5886 2860 5941 illo
2885 5884 3044 5943 modo
3066 5900 3126 5940 se
3150 5883 3430 5941 habeant:
3453 5887 3536 5940 sic
3562 5898 3733 5955 neque
3755 5888 3860 5931 esse
