3962 6442
241 389 339 448 ’ΞΠ

234 598 395 666 ήνίκα
424 602 580 671 παρά
608 602 701 656 τοῦ
730 603 860 656 Θεοῦ
893 608 921 657 6
950 606 1177 668 πλοῦτος
1198 606 1421 669 ἐδίδοτο,
1448 605 1544 658 καὶ
1571 602 1802 667 ἀπόκρι-

235 683 321 734 ναί
352 700 445 750 μοι
464 700 479 714 ·
514 685 661 748 τίνος
688 687 874 740 ἕνεκεν
896 690 924 740 6
968 690 1218 760 Ἁϐραάμ
1250 690 1522 752 ἐπλούτει,
1552 689 1580 740 6
1607 686 1665 739 δὲ
1705 686 1811 737 Ἰα-

236 762 348 815 κὼϐ
378 767 474 819 καὶ
498 768 664 840 άρτου
696 769 897 839 ἐδεῖτο;
927 773 1045 842 οὐχὶ
1079 774 1286 836 δίκαιος
1308 773 1402 826 καὶ
1428 766 1583 833 οὗτος
1606 764 1697 837 ἦν.
1716 766 1811 819 καὶ

238 850 476 915 ὲκεῖνος;
512 851 632 921 οὐχὶ
669 853 872 923 ὁμοίως
894 857 1021 928 περὶ
1045 856 1154 909 τῶν
1179 855 1346 926 τριῶν
1378 871 1564 924 φησιν,
1609 848 1753 919 Ἐγὼ
1778 851 1810 900 δ

240 932 381 996 Θεὸς
415 934 663 1004 Ἀϐραὰμ
697 939 792 990 καὶ
843 939 1047 993 Ἰσαὰκ
1085 938 1185 992 καί
1230 939 1439 993 Ἰακώϐ
1455 956 1475 1003 ;
1502 935 1590 990 διά
1622 934 1673 987 τί
1702 933 1812 985 τοί-

238 1032 326 1065 νυν
354 1017 382 1067 6
408 1015 509 1084 μὲν
534 1018 803 1085 ἐπλούτει,
834 1023 861 1073 6
891 1021 948 1073 δὲ
974 1022 1233 1092 ἐθήτευε;
1266 1021 1465 1092 μᾶλλον
1498 1020 1555 1072 δὲ
1588 1017 1675 1071 διὰ
1705 1016 1757 1068 τί
1781 1016 1810 1068 6

241 1097 331 1165 μὲν
351 1095 503 1169 [266]
528 1100 696 1153 Ἠσαῦ
719 1103 988 1169 ἐπλούτει,
1006 1105 1187 1169 ἄδικος
1203 1106 1276 1159 ῶν
1294 1106 1386 1157 καὶ
1400 1100 1807 1171 ἀδελφοκτόνος.

238 1173 382 1243 οὗτος
411 1182 468 1233 δὲ
500 1183 558 1235 έν
592 1184 808 1257 δουλείᾳ
835 1183 904 1257 ἦν
941 1188 1131 1257 χρόνον
1159 1187 1415 1240 τοσοῦτον
1442 1204 1457 1251 ;
1488 1186 1575 1238 διά
1611 1184 1663 1238 τί
1704 1183 1809 1236 πά-

240 1263 315 1316 λιν
347 1267 376 1316 ό
406 1265 507 1335 μὲν
550 1268 733 1322 Ἰσαὰκ
763 1272 900 1339 μετά
931 1272 1109 1335 ἀδείας
1134 1272 1295 1342 ἔζησε
1328 1272 1417 1325 τὸν
1445 1271 1656 1324 ἅπαντα
1688 1269 1810 1339 χρό-

240 1364 343 1409 νον,
373 1350 401 1402 6
436 1348 495 1400 δὲ
547 1350 743 1405 Ἰακὼϐ
778 1354 835 1406 ὲν
868 1353 1089 1425 μόχθοις
1129 1356 1226 1408 καὶ
1266 1355 1664 1424 ταλαιπωρίαις
1689 1369 1703 1382 ·
1730 1351 1809 1405 διὸ

242 1429 328 1482 καὶ
364 1430 542 1499 ἔλεγε,
574 1435 785 1503 Μικραὶ
809 1436 908 1490 καὶ
936 1438 1188 1506 πονηραὶ
1217 1441 1278 1492 αὶ
1310 1439 1521 1507 ἡμέραι
1545 1455 1685 1505 μου.
1714 1435 1810 1488 Διά

242 1512 288 1566 τί
312 1515 339 1565 6
372 1514 473 1583 μὲν
499 1516 659 1569 Δαυῖδ
691 1522 974 1591 προφήτης
1000 1520 1076 1574 ὣν
1110 1521 1202 1575 καὶ
1229 1520 1499 1591 βασιλεὺς,
1526 1522 1621 1573 καὶ
1647 1517 1809 1581 αὐτὸς

243 1594 324 1647 τὸν
346 1595 564 1651 ᾶπαντα
591 1599 780 1670 χρόνον
804 1604 859 1654 ὲν
884 1603 1068 1669 πόνοις
1101 1604 1317 1676 ἔζησεν·
1350 1607 1378 1657 ό
1402 1604 1458 1656 δὲ
1498 1601 1751 1673 Σολομὼν
1781 1602 1810 1653 ὁ

244 1675 349 1736 υίὸς
362 1676 556 1730 τούτου
570 1682 973 1754 τεσσαράκοντα
993 1682 1087 1753 ἔτη
1106 1686 1322 1738 πάντων
1339 1684 1434 1737 ἀνθ
1444 1682 1639 1754 ρώπων
1657 1680 1808 1735 ἀδεέ-

246 1773 429 1828 στερον
479 1760 699 1832 διῆγεν,
738 1766 962 1837 εἰρήνης
1011 1768 1299 1821 ἀπολαύων
1337 1766 1580 1837 βαθείας,
1628 1765 1806 1834 δόξης,

241 1844 418 1912 τιμῆς,
456 1845 552 1897 καὶ
577 1849 785 1919 τρυφῆς
812 1849 956 1904 ἅπαν
984 1851 1151 1904 ἐπιὼν
1181 1847 1354 1917 εἷδος;
1395 1850 1446 1903 τί
1482 1850 1681 1918 δήποτε
1717 1848 1811 1900 καὶ

241 1926 294 1978 ὲν
315 1929 428 1990 τοῖς
462 1934 772 2002 προφήταις
809 1933 837 1985 6
888 1933 989 2004 μὲν
1037 1935 1322 2006 μειζόνως,
1366 1937 1393 1987 6
1424 1934 1479 1987 δὲ
1516 1933 1811 1994 ἐλαττόνως

241 2009 511 2078 ὲθλίϐετο;
541 2013 664 2068 Ὅτι
702 2017 914 2088 ἑκάστῳ
936 2017 1077 2072 οὕτω
1101 2018 1378 2090 συμφέρον
1401 2014 1489 2090 ἦν.

307 2094 391 2147 Διὸ
442 2096 660 2169 ἑκάστῳ
711 2099 1012 2169 ἀντιλέγειν
1069 2100 1195 2173 χρὴ,
1262 2103 1339 2156 Τὰ
1395 2100 1648 2170 κρίματὰ
1693 2114 1810 2151 σου

246 2176 506 2247 ἄϐυσσος
533 2183 754 2251 πολλή.
785 2185 850 2238 Εἰ
876 2185 983 2255 γάρ
1001 2187 1128 2247 τοὺς
1158 2186 1427 2257 μεγάλους
1454 2185 1694 2246 ἐκείνους
1718 2183 1812 2236 καὶ

244 2262 583 2335 θαυμαστοὺς
614 2267 714 2338 οὐχ
739 2268 940 2338 ὁμοίως
979 2269 1284 2341 ἐγύμναζεν
1317 2272 1346 2324 6
1382 2270 1533 2333 Θεὸς,
1568 2266 1705 2322 ἀλλά
1720 2266 1813 2320 τὸν

244 2347 335 2417 μὲν
366 2346 458 2401 διά
494 2349 705 2415 πενίας,
740 2351 833 2404 τὸν
860 2352 917 2405 δὲ
953 2352 1041 2406 διὰ
1074 2353 1327 2421 πλούτου,
1356 2355 1450 2407 καὶ
1485 2353 1577 2406 τὸν
1618 2351 1715 2421 μὲν
1742 2349 1810 2403 δι’

239 2428 488 2495 ἀνέσεως,
512 2432 605 2485 τὸν
635 2432 693 2485 δὲ
721 2433 807 2487 διὰ
828 2433 1079 2505 θλίψεως,
1112 2436 1292 2507 πολλῷ
1322 2436 1521 2508 μᾶλλον
1550 2434 1645 2489 νῦν
1678 2432 1812 2487 ταῦ-

238 2528 299 2566 τα
324 2516 530 2567 ἐννοεῖν
562 2517 690 2587 χρή.
739 2518 896 2571 Μετὰ
923 2519 982 2572 δὲ
1013 2519 1204 2573 τούτου
1232 2520 1455 2574 κάκεῖνο
1498 2515 1813 2587 λογίζεσθαι

236 2594 328 2659 δεῖ,
359 2596 445 2650 ὅτι
479 2597 650 2652 πολλὰ
673 2598 784 2653 τῶν
814 2602 1221 2672 συμϐαινόντων
1251 2602 1311 2656 οὐ
1340 2601 1481 2656 κατά
1510 2601 1610 2673 τὴν
1643 2598 1810 2653 αὐτοῦ

234 2678 440 2746 γίνεται
466 2682 717 2754 γνώμην,
764 2684 879 2739 ἀλλ’
909 2686 1015 2740 ἀπὸ
1042 2688 1141 2758 τῆς
1166 2686 1441 2758 ἡμετέρας
1471 2685 1691 2749 κακίας.
1718 2683 1811 2754 Μὴ

235 2764 405 2819 τοίνυν
435 2764 581 2833 λέγε,
613 2767 712 2821 Διά
745 2768 798 2821 τί
833 2771 862 2822 ὁ
891 2769 989 2840 μὲν
1019 2770 1271 2835 πλούσιος
1318 2770 1521 2839 φαῦλος
1553 2768 1649 2833 ὢν,
1691 2770 1719 2821 6
1753 2767 1812 2821 66

232 2847 399 2920 πένης
426 2849 634 2915 δίκαιος
671 2851 780 2916 ὢν;
809 2854 1060 2908 Μάλιστα
1089 2856 1188 2926 μὲν
1212 2855 1320 2927 γάρ
1343 2855 1438 2908 καὶ
1463 2854 1667 2907 τούτων
1695 2851 1811 2904 ἔστι

230 2932 411 2989 δοῦναι
444 2934 619 3004 λόγον,
644 2937 740 2990 καὶ
768 2938 963 2991 εἰπεῖν·
995 2939 1115 2993 ’Ότι
1140 2939 1267 2993 οὔτε
1291 2942 1318 2993 ὁ
1341 2940 1548 3002 δίκαιος
1578 2938 1685 2992 ἀπὸ
1710 2937 1812 3008 τῆς

230 3018 419 3083 πενίας
456 3020 570 3091 ἔχει
610 3039 662 3076 τι
687 3021 903 3092 βλάϐος,
943 3023 1079 3077 ἀλλά
1106 3025 1201 3077 καὶ
1238 3022 1463 3094 μείζονα
1495 3022 1812 3095 προσθήκην

230 3102 654 3176 εὑδοκιμήσεως,
696 3106 794 3160 καὶ
841 3110 870 3161 6
916 3109 1088 3171 κακὸς
1131 3108 1342 3176 ἐφόδιον
1389 3107 1662 3179 τιμωρίας
1720 3107 1812 3161 τὸν

228 3186 479 3255 πλοῦτον,
502 3188 569 3243 ἂν
601 3189 676 3261 μὴ
701 3191 1090 3263 μεταϐάληται,
1124 3194 1410 3264 κέκτηται·
1451 3193 1545 3245 καὶ
1582 3190 1689 3263 πρὸ
1712 3191 1814 3262 τῆς

228 3270 502 3336 κολάσεως
540 3273 598 3326 66
634 3273 893 3339 πολλάκις
928 3275 1115 3330 κακῶν
1147 3276 1320 3335 αἴτιος
1347 3274 1497 3346 αύτῷ
1525 3274 1748 3344 γέγονεν
1785 3276 1814 3327 6

229 3353 457 3420 πλοῦτος
478 3355 708 3424 πολλῶν,
730 3357 825 3411 καὶ
856 3359 937 3422 είς
968 3356 1139 3429 μύρια
1158 3359 1335 3429 ἤγαγε
1367 3357 1634 3431 βάραθρα.
1679 3357 1736 3412 '0
1756 3357 1813 3411 66

230 3436 357 3502 Θεὸς
403 3439 652 3511 ἀφίησιν,
691 3440 829 3511 όμοῦ
882 3458 941 3494 τε
980 3441 1196 3505 δεικνὺς
1234 3441 1296 3495 τὸ
1330 3442 1677 3506 αὐτεξούσιον
1714 3443 1813 3512 τῆς

227 3522 626 3593 προαιρέσεως,
655 3522 793 3594 ὁμοῦ
813 3540 874 3578 τε
895 3523 1025 3587 τοὺς
1055 3523 1250 3589 ἄλλους
1280 3524 1551 3579 παιδεύων
1588 3524 1662 3597 μὴ
1687 3526 1813 3595 μαί-

223 3607 416 3661 νεαθαι
456 3607 591 3678 μηδὲ
627 3607 824 3680 λυττᾷν
853 3610 984 3681 περὶ
1012 3609 1083 3664 τά
1114 3613 1397 3681 χρήματα.
1432 3611 1498 3663 Τί
1530 3607 1655 3676 οὖν,
1682 3613 1812 3664 ὅταν

223 3689 467 3759 πονηρός
494 3707 578 3753 τις
603 3689 680 3743 ὢν
707 3690 935 3763 πλουτῇ.
962 3693 1057 3746 καὶ
1087 3693 1252 3764 μηδὲν
1282 3694 1465 3765 πάσχῃ
1486 3693 1684 3760 δεινόν;
1710 3712 1813 3764 φη-

223 3773 344 3826 σίν·
375 3772 448 3827 ἂν
483 3772 586 3844 μὲν
616 3772 726 3845 γὰρ
765 3776 968 3845 ἀγαθὸς
996 3775 1072 3830 ὢν
1102 3777 1334 3848 πλουτῇ.
1375 3778 1620 3843 δικαίως·
1662 3780 1729 3833 ἂν
1755 3780 1813 3833 δὲ

220 3855 489 3927 πονηρὸς,
521 3856 574 3910 τί
594 3857 861 3929 ὲροῦμεν;
890 3860 1011 3914 Ὀτι
1043 3861 1137 3914 καὶ
1163 3860 1336 3932 ταύτῃ
1369 3861 1622 3924 ἐλεεινός·
1656 3862 1815 3916 πλοῦ-

218 3956 314 4003 τος
345 3941 463 4011 γὰρ
498 3943 734 4013 πονηρίᾳ
762 3945 1190 4014 προογινόμενος
1225 3943 1498 4014 ἐπιτρίϐει
1524 3945 1587 3998 τὸ
1616 3945 1810 4009 πάθος.

228 4023 379 4078 Ἀλλ’
409 4023 616 4092 ἀγαθός
637 4026 778 4089 ἐστι,
812 4027 908 4080 καὶ
940 4026 1192 4093 πένεται;
1227 4027 1366 4081 Ἀλλ’
1395 4028 1550 4082 οὐδὲν
1576 4028 1812 4099 βλάπτε-

214 4122 335 4164 ται.
396 4106 563 4161 ’Δλλά
607 4108 843 4181 πονηρός
883 4110 1023 4176 ἐστι,
1056 4111 1153 4164 καὶ
1195 4110 1448 4177 πένεται;
1484 4111 1695 4166 Οὐκοῦν
1732 4112 1814 4167 δι-

212 4190 398 4255 καίως
419 4190 516 4245 καὶ
541 4192 660 4245 κατ’
676 4191 854 4259 ἀξίαν,
884 4193 1084 4265 μᾶλλον
1115 4192 1174 4248 δὲ
1204 4194 1301 4249 καὶ
1327 4194 1615 4266 χρησίμως
1639 4194 1810 4265 αὐτῷ.

224 4273 381 4329 Ἀλλ’
410 4276 444 4329 6
472 4273 641 4339 δεῖνα,
689 4275 844 4347 φησὶ,
890 4275 1043 4349 παρά
1080 4278 1364 4349 προγόνων
1397 4278 1614 4343 ἐδέξατο
1645 4278 1812 4334 πλοῦ-

208 4375 336 4425 τον,
370 4357 472 4413 καὶ
506 4358 792 4430 σκορπίζει
842 4359 1031 4415 τοῦτον
1071 4363 1150 4426 εἰς
1194 4362 1398 4433 πόρνας
1440 4363 1536 4416 καὶ
1576 4362 1813 4434 παρασί-

208 4460 375 4508 τους,
403 4442 499 4497 καὶ
527 4443 682 4498 οὐδὲν
704 4444 902 4515 πάσχει
925 4445 1117 4502 δεινόν.
1150 4446 1216 4500 Τί
1250 4446 1389 4518 φῄς;
1420 4446 1694 4518 πορνεύει,
1719 4446 1813 4501 καὶ

211 4526 430 4593 λέγεις,
447 4526 614 4581 Οὐδὲν
638 4527 834 4599 πάσχει
854 4529 1060 4598 δεινόν;
1092 4530 1299 4601 μεθύει,
1328 4532 1424 4585 καὶ
1447 4532 1689 4603 νομίζεις
1711 4532 1813 4585 αὐ-

217 4608 331 4662 τὸν
355 4612 597 4683 τρυφᾷνς
631 4613 712 4676 είς
744 4613 895 4667 οὐδὲν
921 4613 1039 4667 δέον
1072 4614 1306 4685 δαπανᾷ,
1333 4616 1424 4671 καὶ
1451 4615 1689 4687 ζηλωτὸν
1714 4616 1813 4669 αὑ·

219 4692 328 4746 τὸν
356 4688 494 4749 εἶναι
524 4696 632 4767 φῄς
660 4706 725 4760 Ιι;
761 4695 856 4749 καὶ
881 4696 934 4750 τί
958 4699 1140 4767 χεῖρον
1167 4698 1367 4765 γένοιτ’
1390 4698 1456 4752 ἂν
1497 4699 1688 4753 τούτου
1717 4698 1811 4753 τοῦ

213 4778 329 4850 τὴν
350 4778 531 4850 ψυχὴν
566 4779 1002 4850 λυμαινομένου;
1035 4782 1106 4836 Σὺ
1135 4782 1214 4844 δὲ,
1252 4783 1301 4835 εί
1332 4782 1430 4852 μὲν
1455 4783 1516 4836 τὸ
1542 4783 1701 4855 σῶμα
1734 4784 1812 4837 δι-

209 4861 502 4933 έστραπτο
539 4862 634 4916 καὶ
672 4865 989 4934 πεπήρωτο,
1023 4865 1234 4936 μυρίων
1268 4865 1333 4919 ἂν
1368 4864 1505 4937 ἔφης
1531 4866 1681 4930 ἀξιον
1710 4867 1813 4920 αὺ-

213 4944 316 4997 τὸν
350 4940 495 4999 εἶναι
523 4945 797 5015 δακρύων,
826 4947 926 5019 τὴν
950 4948 1007 5001 δὲ
1032 4947 1212 5019 ψυχὴν
1241 4947 1407 5001 αὐτοῦ
1433 4951 1613 5003 πᾶσαν
1637 4968 1815 5021 πεπη-

222 5028 488 5099 ρωμένην
532 5028 694 5100 ὀρῶν,
746 5031 840 5083 καὶ
890 5030 1156 5102 μακάριον
1210 5031 1479 5102 νομίζεις;
1527 5034 1667 5087 Ἀλλ’
1712 5035 1814 5088 οὐκ

220 5112 570 5175 αἰσθάνεται,
595 5112 746 5182 φησί.
789 5112 900 5166 Καὶ
942 5112 1009 5166 δι’
1042 5114 1177 5168 αὐτὸ
1209 5114 1309 5185 μὲν
1334 5111 1427 5169 οὖν
1463 5116 1622 5169 τοῦτο
1649 5117 1813 5173 πάλιν

219 5194 487 5257 ἐλεεινὸς,
519 5193 708 5266 ὥσπερ
738 5197 787 5249 οἱ
817 5198 1238 5267 παραπαίοντες.
1274 5197 1333 5251 '0
1363 5199 1464 5270 μὲν
1494 5199 1604 5272 γὰρ
1630 5200 1809 5266 εἰδὼς,

220 5277 307 5331 δτι
352 5279 522 5343 νοσεῖ,
566 5279 662 5331 καὶ
694 5278 785 5331 τὸν
840 5279 1020 5350 ἰατρὸν
1061 5280 1380 5352 ἐπιζητήσει
1436 5282 1676 5346 πάντως,
1720 5287 1808 5339 καὶ

223 5362 545 5433 φαρμάκων
581 5360 847 5425 ἀνέξεται·
880 5364 909 5416 ό
941 5362 1000 5415 δὲ
1033 5363 1260 5432 ἀγνοῶν,
1284 5363 1405 5416 οὐδὲ
1433 5365 1816 5437 ἀπαλλαγῆναι

221 5443 749 5515 δυνήσεται.Τοῦτον
763 5442 857 5500 οὖν
874 5445 1195 5518 μακαρίζεις
1209 5464 1223 5511 ;
1238 5448 1359 5501 εἰπέ
1378 5466 1489 5519 μοι.
1510 5449 1647 5502 Ἀλλ’
1661 5451 1814 5503 οὐδὲν

225 5527 568 5599 θαυμαστόν·
602 5529 917 5599 φιλοσοφίας
944 5529 1053 5601 γὰρ
1082 5532 1133 5584 οἱ
1156 5530 1374 5596 πλείους
1399 5532 1547 5605 [267]
1572 5533 1811 5606 ἄπειροι.

224 5612 328 5667 Διά
374 5612 540 5667 τοῦτο
579 5614 679 5684 τὴν
711 5613 945 5685 ἐσχάτην
981 5615 1198 5686 τίνομεν
1227 5614 1404 5687 δίκην,
1435 5617 1810 5688 κολαζόμενοι,

287 5874 312 5903 ⁸
341 5872 613 5938 Legebnlur
640 5872 721 5919 καὶ
738 5870 936 5928 νομίζεις
958 5872 1098 5921 αὐτὸν
1118 5876 1154 5929 ζ.
1187 5874 1319 5923 εἶναι.

1236 406 1298 460 ΙΝ
1336 402 1552 458 EPIST.
1596 398 1732 455 IAD
1769 395 1927 450 COB.
1971 395 2204 452 HOMIL.
2234 398 2426 453 XXIX.

234 516 492 585 λέγοντας
522 521 671 589 ἡμῖν,
717 521 849 592 φέρε
887 523 1139 593 ἀνωτέρω
1164 523 1253 575 τὸν
1299 524 1458 590 λόγον
1486 522 1806 589 ἀγάγωμεν,
1850 536 1871 563 ο

3384 388 3491 445 ειε

1916 518 2010 570 καὶ
2064 518 2187 571 οὐδὲ
2234 517 2699 584 ἀπαλλαττόμενοι
2739 514 2836 583 τῆς
2887 514 3191 582 τιμωρίας·
3217 506 3305 559 διὰ
3334 506 3493 560 τοῦτο

1916 598 2078 670 θυμοὶ
2097 602 2191 654 καὶ
2223 601 2450 673 ἀθυμίαι
2487 601 2585 654 καὶ
2610 598 2828 669 θόρυϐοι
2848 596 3137 666 διηνεκεῖς,
3160 590 3350 661 ἐπειδὴ
3381 590 3493 660 βίον

1915 684 2118 738 ἄλυπον
2159 685 2431 751 δείξαντος
2463 686 2595 755 ἡμῖν
2637 681 2729 735 τοῦ
2778 678 2944 743 Θεοῦ,
2988 678 3079 730 τὸν
3117 679 3217 746 τῆς
3260 676 3492 747 ἀρετῆς,

1914 769 2076 837 ἡμεῖς
2116 769 2321 838 ταύτην
2366 768 2628 836 ἀφέντες,
2679 764 2871 834 ἑτέραν
2920 761 3188 831 τέμνομεν
3232 760 3349 813 ὁδὸν
3396 760 3495 830 τὴν

1916 852 2007 905 τοῦ
2037 853 2267 906 πλούτου
2305 854 2398 906 καὶ
2431 851 2539 905 τῶν
2567 851 2885 921 χρημάτων,
2918 846 3016 915 τὴν
3052 844 3259 915 μυρίων
3292 842 3497 913 γέμου-

1917 950 2014 987 σαν
2057 935 2264 988 κακῶν·
2319 934 2411 988 καὶ
2444 935 2635 987 ταύτὸν
2672 930 2951 1000 ποιοῦμεν,
2990 927 3180 996 ὥσπερ
3221 925 3286 979 ἂν
3333 925 3495 988 εἴτις

1915 1021 2183 1088 σωμάτων
2227 1018 2328 1071 οὐκ
2361 1016 2514 1080 εἰδὼς
2551 1014 2845 1087 διακρίνειν
2874 1012 3089 1075 κάλλος,
3127 1009 3263 1062 ἀλλὰ
3290 1009 3351 1061 τὸ
3389 1011 3498 1061 πᾶν

1913 1105 2024 1166 τοῖς
2051 1101 2289 1173 ἱματίοις
2319 1101 2598 1171 τιθέμενος
2640 1098 2736 1152 καὶ
2767 1097 2843 1166 τῷ
2876 1094 3243 1166 περικειμένῳ
3283 1091 3496 1161 κόσμῳ,

1913 1188 2011 1257 τὴν
2054 1188 2151 1257 μὲν
2187 1185 2392 1257 ὡραίαν
2422 1186 2656 1252 γυναῖκα
2697 1182 2792 1235 καὶ
2824 1181 3051 1249 φυσικὸν
3078 1178 3272 1240 κάλλος
3299 1191 3499 1243 κεκτη-

1916 1271 2086 1340 μένην
2114 1268 2236 1323 ίδὼν
2275 1269 2658 1338 παραδράμοι·
2687 1264 2785 1335 τὴν
2814 1265 2872 1317 δὲ
2897 1263 3130 1332 αἰσχρὰν
3164 1263 3259 1316 καὶ
3283 1258 3497 1328 δυσειδῆ

1913 1354 2008 1406 καὶ
2035 1354 2095 1405 τὸ
2126 1354 2285 1422 σῶμα
2318 1351 2619 1420 ἀνάπηρον,
2648 1348 2789 1402 καλά
2822 1347 3012 1417 ἱμάτια
3041 1345 3267 1416 ἔχουσαν
3302 1340 3500 1396 θεασά-

1915 1453 2093 1506 μενος,
2122 1439 2355 1504 γυναῖκα
2394 1437 2671 1504 ἀγάγοιτο.
2705 1431 2957 1487 Τοιοῦτόν
3003 1447 3056 1483 τι
3102 1429 3193 1480 καὶ
3232 1426 3326 1479 νῦν
3371 1424 3499 1496 περὶ

1911 1520 2008 1589 τὴν
2037 1518 2238 1591 ἀρετὴν
2265 1519 2359 1571 καὶ
2396 1518 2492 1588 τὴν
2528 1518 2727 1571 κακίαν
2769 1517 3067 1583 πάσχουσιν
3090 1513 3136 1564 οἱ
3165 1509 3370 1571 πολλοὶ,
3399 1508 3500 1576 τὴν

1914 1606 2014 1674 μὲν
2038 1604 2268 1675 αἰσχράν
2296 1604 2455 1673 φύσει
2483 1605 2835 1674 προσιέμενοι
2864 1601 2954 1655 διὰ
2983 1603 3073 1653 τὸν
3098 1597 3295 1663 ἔξωθεν
3325 1596 3499 1665 αὐτῆς

1911 1690 2137 1758 κόσμον,
2168 1688 2265 1760 τὴν
2293 1690 2351 1742 66
2379 1689 2584 1762 ὡραίαν
2611 1688 2706 1741 καὶ
2726 1686 3002 1757 εΰμορφον
3029 1681 3498 1753 ἀποστρεφόμενοι

1909 1774 1997 1828 διὰ
2043 1775 2105 1828 τὸ
2151 1774 2357 1845 γυμνὸν
2400 1776 2573 1845 αὐτῆς
2626 1774 2842 1837 κάλλος,
2872 1774 2942 1827 δι’
2975 1773 3002 1825 ὃ
3046 1772 3281 1842 μάλιστα
3328 1768 3499 1839 αὐτὴν

1910 1857 2128 1912 ἑλέσθαι
2158 1860 2348 1930 ἐχρῆν.

1986 1949 2060 2007 ς’.
2085 1942 2181 1997 Διά
2218 1943 2375 1997 τοῦτο
2389 1942 2735 2015 αἰσχύνομαι,
2759 1943 2840 1995 ὅτι
2867 1943 2997 2012 παρ’
3014 1940 3240 2011 Ἕλλησι
3269 1938 3366 2010 μὲν
3386 1938 3500 1998 τοῖς

1910 2027 2161 2098 ἀνοήτοις
2202 2028 2338 2081 είσ¹ιν
2385 2029 2435 2081 οἱ
2475 2026 2651 2081 ταῦτα
2702 2026 3138 2095 φιλοσοφοῦντες,
3187 2026 3236 2077 εἰ
3279 2024 3372 2076 καὶ
3424 2021 3501 2092 μὴ

1912 2111 2251 2180 πράγμασιν,
2288 2110 2425 2165 ἀλλά
2447 2113 2513 2182 τῇ
2535 2111 2730 2183 γνώμη
2752 2110 2881 2179 γοῦν
2902 2111 3063 2176 τέως,
3095 2110 3188 2164 καὶ
3210 2109 3412 2170 εἰδότες
3439 2106 3500 2159 τὸ

1910 2195 2021 2248 τῶν
2070 2195 2354 2266 παρόντων
2407 2195 2705 2266 ἐπίκηρον·
2770 2197 2899 2267 παρ’
2938 2196 3071 2264 ἡμῖν
3111 2193 3170 2246 δὲ
3207 2192 3339 2246 ἔνιοι
3379 2189 3502 2244 οὐδὲ

1909 2278 2084 2332 ταῦτα
2108 2278 2446 2343 ἐπίστανται,
2470 2278 2607 2331 ἀλλά
2626 2279 2720 2332 καὶ
2740 2278 2839 2349 τὴν
2862 2278 3043 2348 κρίσιν
3064 2275 3232 2345 αὐτὴν
3252 2274 3504 2343 διεφθαρ-

1915 2362 2088 2430 μένην
2128 2361 2330 2431 έχουσι,
2369 2362 2462 2415 καὶ¹
2503 2361 2678 2416 ταῦτα
2710 2362 2823 2417 ἄνω
2847 2362 2942 2414 καὶ
2972 2361 3123 2413 κάτω
3148 2359 3246 2428 τῆς
3274 2358 3502 2428 Γραφῆς

1911 2444 2218 2516 ὲπᾳδούσης
2265 2447 2400 2514 ἡμῖν
2450 2446 2545 2499 καὶ
2592 2445 2877 2515 λεγούσης·
2933 2440 3356 2508 Ἐξουδένωται
3398 2439 3500 2493 ὲν-

1909 2528 2098 2583 ὠπιον
2147 2528 2335 2582 αὐτοῦ
2377 2528 2878 2597 πονηρευόμενος,
2919 2526 3061 2592 τοὺς
3086 2524 3172 2577 ’δὲ
3211 2520 3501 2591 φοϐουμέ-

1910 2630 2058 2677 νους
2080 2612 2188 2665 τὸν
2212 2612 2430 2679 Κύριον
2450 2609 2700 2675 δοξάζει,
2731 2611 2919 2675 Φόϐος
2944 2608 3166 2676 Κυρίου
3192 2605 3347 2672 ὑπὲρ
3377 2604 3502 2658 πᾶν

1910 2695 2264 2764 ὑπερέϐαλε.
2300 2694 2411 2749 Τὸν
2438 2695 2589 2748 Θεὸν
2615 2695 2825 2764 φοϐοῦ,
2857 2694 2952 2748 καί
2988 2691 3099 2756 τὰς
3118 2691 3373 2755 ἐντολὰς
3397 2689 3499 2742 αὑ-

1910 2779 2019 2834 τοῦ
2086 2779 2392 2848 φύλασσε,
2455 2778 2546 2832 ὅτι
2595 2778 2773 2831 τοῦτο
2825 2776 2945 2842 πᾶς
2998 2775 3332 2843 ἄνθρωπος.
3403 2770 3504 2839 Μὴ

1911 2860 2256 2931 παραξήλου
2311 2861 2383 2915 ἐν
2431 2861 2559 2928 τοῖς
2606 2858 3147 2929 πονηρευομένοις·
3192 2856 3278 2925 μὴ
3311 2854 3502 2922 φοϐοῦ

1911 2945 2059 3001 ὅταν
2094 2944 2417 3013 πλουτήσῃ
2452 2944 2784 3012 ἄνθρωπος.
2822 2942 2997 2997 Πᾶσα
3054 2940 3212 3009 σὰρξ
3263 2939 3502 3009 χόρτος,

1910 3031 2010 3085 καὶ
2074 3028 2244 3085 πᾶσα
2294 3029 2448 3093 δόξα
2506 3028 2822 3095 ἀνθρώπου
2875 3026 2957 3092 ὡς
3015 3024 3200 3090 ἄνθος
3261 3024 3502 3093 χόρτου.

1910 3113 2100 3168 Ταῦτα
2126 3114 2235 3184 γὰρ
2270 3113 2366 3166 καὶ
2402 3110 2470 3165 τὰ
2504 3110 2730 3165 τοιαῦτα
2774 3109 2898 3163 καθ’
2929 3109 3168 3177 ἑκάστην
3215 3105 3505 3167 ἀκούοντες

1911 3197 2013 3269 τὴν
2043 3197 2278 3268 ἡμέραν,
2305 3196 2386 3250 ἔτι
2427 3198 2494 3266 τῇ
2535 3198 2606 3267 γῇ
2638 3192 3063 3266 προσηλώμεθα.
3102 3192 3212 3246 Καὶ
3253 3190 3505 3260 καθάπερ

1911 3281 2103 3335 παιδία
2127 3280 2318 3351 ἀμαθῆ
2345 3278 2584 3350 συνεχῶς
2607 3278 2674 3332 τὰ
2700 3280 2940 3349 στοιχεῖα
2965 3275 3325 3347 μανθάνοντα,
3354 3276 3506 3329 ἐπει-

1910 3362 2009 3417 δάν
2036 3361 2458 3435 διεσπαρμένως
2483 3361 2805 3432 ἐξετάζηται
2849 3364 2979 3433 περὶ
3013 3361 3113 3430 τῆς
3141 3358 3366 3411 ἐκείνων
3404 3356 3504 3411 τά-

1913 3446 2069 3511 ξεως,
2099 3447 2263 3518 ἔτερα
2295 3444 2412 3499 ἀνθ’
2441 3447 2630 3517 ἑτέρου
2668 3445 2896 3514 λέγοντα
2922 3444 3091 3498 πολὺν
3122 3444 3264 3496 κινεῖ
3284 3442 3376 3494 τὸν
3406 3440 3502 3508 γέ-

1909 3530 2079 3585 λωτα·
2105 3529 2249 3583 οὕτω
2280 3530 2375 3584 καὶ
2404 3529 2583 3599 ὑμεῖς,
2609 3530 2739 3583 ὅταν
2773 3528 2873 3599 μὲν
2904 3526 3139 3581 ἐνταῦθα
3171 3524 3315 3579 κατὰ
3348 3525 3505 3588 τάξιν

1912 3613 2054 3669 αὐτά
2095 3614 2226 3684 ὑμῖν
2280 3611 2700 3683 καταλέξωμεν,
2758 3612 3115 3682 ὁπωσδήποτε
3159 3609 3504 3680 παρακολου-

1912 3699 2075 3753 θεῖτε·
2107 3699 2236 3751 ὅταν
2263 3697 2322 3750 δὲ
2358 3695 2463 3761 ἔξω
2489 3696 2903 3768 διεσπαρμένως
2935 3695 3080 3765 ὑμᾶς
3111 3694 3505 3765 ὲρωτήσωμεν,

1912 3783 2042 3835 ποῖα
2076 3780 2176 3850 μὲν
2198 3778 2415 3851 πρῶτα,
2448 3782 2579 3833 ποῖα
2624 3779 2682 3833 66
2723 3779 2953 3851 δεύτερα
2994 3777 3105 3833 τῶν
3154 3775 3503 3848 πραγμάτων

1910 3865 2127 3919 τάττειν
2155 3862 2323 3929 ἄξιον,
2355 3862 2453 3915 καὶ
2479 3861 2603 3915 τίνα
2652 3862 2792 3931 μετά
2845 3861 2989 3925 τινα,
3041 3861 3144 3914 οὐκ
3174 3859 3377 3921 ειδότες
3421 3861 3504 3912 εἱ-

1912 3949 2056 4011 πεῖν,
2095 3944 2491 4014 καταγέλαστοι
2523 3944 2759 4012 γίνεσθε.
2792 3940 2869 3999 Ἦ
2898 3945 2960 3998 οὐ
3006 3942 3204 3998 πολλοῦ
3241 3942 3502 4013 γέλωτος,

1912 4030 2036 4085 εἰπέ
2074 4047 2185 4101 μοι,
2216 4029 2516 4084 ἀθανασίαν
2546 4028 2981 4098 προσδοκῶντας,
3010 4028 3107 4082 καὶ
3136 4026 3206 4082 τά
3234 4025 3437 4095 ἀγαθά,
3466 4026 3506 4081 ἃ

1911 4112 2038 4168 οὒτε
2058 4112 2333 4184 ὀφθαλμὸς
2348 4107 2510 4177 εἶδεν,
2530 4111 2654 4165 οὗτε
2687 4106 2781 4175 οὖς
2807 4112 3060 4183 ἤκουσεν,
3097 4108 3222 4164 οὔτε
3244 4110 3335 4164 ἐπὶ
3363 4125 3503 4180 καρ-

1912 4197 2032 4251 δίαν
2069 4194 2358 4267 άνθρώπου
2396 4195 2589 4267 ἀνέϐη,
2639 4195 2769 4266 περὶ
2814 4193 2924 4247 τῶν
2961 4192 3196 4248 ἐνταῦθα
3232 4192 3505 4264 μενόντων

1914 4280 2261 4350 φιλονεικεῖν,
2296 4279 2390 4333 καὶ
2413 4277 2630 4349 ζηλωτὰ
2662 4277 2803 4332 αὑτά
2830 4272 2969 4330 εἶναι
3005 4276 3245 4349 νομίζειν
3265 4292 3281 4341 ;
3305 4276 3367 4329 Εῖ
3392 4275 3505 4346 γὰρ

1914 4363 1995 4417 ἔτι
2045 4362 2219 4416 ταῦτα
2260 4361 2450 4434 χρείαν
2504 4360 2646 4432 ἔχεις
2705 4359 3020 4430 μανθάνειν,
3059 4361 3141 4413 ὅτι
3168 4358 3321 4412 οὐδὲν
3358 4359 3504 4428 μέγα

1913 4445 2164 4511 πλοῦτος,
2201 4447 2283 4500 ὅτι
2320 4445 2448 4499 σκιά
2477 4444 2546 4497 τά
2579 4444 2825 4515 παρόντα
2856 4443 2950 4497 καὶ
2984 4442 3141 4514 ὄναρ,
3181 4443 3264 4496 ὅτι
3292 4442 3503 4496 καπνοῦ

1910 4530 2067 4599 δίκην
2091 4528 2365 4584 διαλύεται
2391 4529 2486 4581 καὶ
2505 4526 2830 4597 ἀφίπταται·
2857 4526 2961 4591 ἔξω
2984 4526 3092 4579 τῶν
3112 4525 3321 4579 ἀδύτων
3346 4524 3502 4595 στῆθι

1912 4598 2073 4680 τέως,
2100 4614 2158 4666 ὲν
2190 4614 2304 4676 τοῖς
2344 4611 2699 4682 προπυλαίοις
2745 4609 2895 4681 μένε·
2927 4598 3082 4664 οὔπω
3118 4609 3228 4681 γὰρ
3263 4609 3363 4680 τῆς
3390 4610 3505 4662 εἱσ-

1913 4697 2036 4752 όδου
2063 4698 2165 4767 τῆς
2191 4697 2329 4768 πρὸς
2356 4696 2425 4749 τὰ
2446 4694 2560 4749 ἄνω
2590 4694 2835 4765 βασίλεια
2861 4693 3010 4761 ἄξιος
3029 4694 3281 4763 γέγονας.
3308 4695 3370 4746 El
3395 4694 3505 4764 γὰρ

1914 4780 2013 4852 τὴν
2058 4780 2222 4849 φύσιν
2251 4778 2431 4833 αὐτῶν
2459 4777 2757 4848 διακρίνειν
2806 4778 2907 4831 οὐκ
2956 4773 3113 4830 οἶσθα
3140 4776 3241 4847 τὴν
3269 4776 3506 4831 ἄστατον

1914 4866 2010 4920 καὶ
2030 4862 2295 4935 διηνεκῶς
2325 4861 2575 4932 ῥέουσαν,
2601 4861 2732 4914 πότε
2757 4861 2938 4914 αὐτῶν
2964 4859 3241 4931 ὑπεριδεῖν
3260 4857 3502 4931 δυνήσῃς

1914 4951 1964 5005 εἰ
1985 4948 2044 5003 66
2062 4947 2242 5015 λέγεις
2266 4942 2486 5008 εἰδέναι,
2509 4944 2716 4997 παῦσαι
2736 4941 3211 5014 πολυπραγμονῶν
3240 4943 3333 4996 καὶ
3356 4959 3424 4995 πε
3432 4960 3508 5013 ρι-

1914 5033 2302 5106 εργαζόμενος,
2329 5029 2382 5083 τί
2412 5028 2613 5100 δήποτε
2638 5032 2667 5082 6
2698 5028 2848 5083 δεῖνα
2876 5027 3150 5090 πλούσιος,
3188 5030 3279 5081 καὶ
3305 5028 3333 5080 6
3358 5026 3507 5080 δεῖνα

1913 5116 2107 5185 πένης.
2154 5113 2363 5168 Ταὺτὸν
2405 5112 2516 5184 γάρ
2558 5114 2733 5175 ποιεῖς
2783 5110 2958 5165 ταῦτα
3014 5111 3256 5182 ἐρωτῶν,
3303 5110 3507 5163 ὡσανεὶ

1913 5198 2147 5271 περιιὼν
2191 5195 2514 5260 ὲπυνθάνου,
2546 5195 2696 5268 [268]
2740 5196 2794 5249 τί
2836 5195 3035 5267 δήποτε
3076 5197 3106 5248 6
3130 5195 3278 5249 δεῖνα
3313 5194 3506 5255 λευκὸς

1913 5286 2008 5339 καὶ
2046 5287 2074 5338 6
2098 5283 2247 5338 δεῖνα
2294 5282 2478 5353 μέλας,
2508 5281 2540 5353 ἢ
2574 5283 2602 5333 6
2635 5281 2781 5335 δεῖνα
2812 5280 3020 5352 γρυπὸς
3055 5280 3151 5334 καὶ
3185 5282 3213 5334 ὁ
3244 5280 3394 5333 δεῖνα
3424 5295 3507 5330 σι-

1917 5369 2036 5441 μός.
2073 5369 2286 5439 Ὥσπερ
2324 5367 2433 5437 γάρ
2470 5365 2623 5419 οὐδὲν
2664 5363 2835 5418 ταῦτα
2868 5367 3002 5435 ἡμῖν
3046 5364 3314 5436 διαφέρει,
3350 5364 3416 5419 άν
3441 5379 3507 5417 τε

1913 5451 2108 5518 οὕτως,
2132 5452 2197 5506 ἀν
2222 5467 2282 5503 τε
2310 5450 2535 5512 ἐκείνως
2557 5448 2678 5520 ἔχῃ,
2702 5447 2875 5512 οὕτως
2902 5447 3023 5501 οὐδὲ
3043 5448 3106 5501 τὸ
3133 5446 3390 5501 πένεσθαι
3406 5446 3505 5500 καὶ

1916 5535 2189 5602 πλουτεῖν,
2229 5533 2324 5588 καὶ
2359 5531 2541 5602 πολλῷ
2574 5532 2773 5603 μᾶλλον
2805 5532 2838 5603 ἢ
2876 5532 3078 5585 ἐκεῖνα·
3114 5530 3253 5585 ἀλλά
3299 5531 3360 5582 τὸ
3393 5532 3505 5584 πᾶν

1915 5620 2068 5692 παρά
2102 5619 2198 5672 τὸν
2233 5617 2332 5689 τῆς
2378 5616 2627 5689 χρήσεως
2667 5615 2875 5683 γίνεται
2914 5615 3134 5687 τρόπον.
3169 5613 3291 5673 Κάν
3332 5612 3503 5683 πένης

1914 5698 2005 5777 ᾖς,
2059 5703 2283 5756 δύνασαι
2334 5701 2474 5770 μετά
2531 5699 2798 5770 εὐθυμίας
2844 5700 2943 5770 ζῇν
3004 5696 3330 5767 φιλοσοφῶν·
3394 5693 3501 5747 κᾶν

1917 5787 2174 5849 πλούσιος
2208 5782 2296 5860 ᾗς,
2325 5786 2544 5839 πάντων
2581 5782 2908 5851 ἀθλιώτερος
2938 5778 2986 5835 εί
3022 5782 3238 5849 φεύγων
3270 5778 3495 5851 ἀρετήν.

1917 5872 2000 5928 Τά
2024 5870 2134 5940 γὰρ
2157 5869 2478 5941 διαφέροντα
2513 5869 2647 5937 ἡμῖν
2672 5866 2864 5932 ταῦτα,
2896 5865 2964 5919 τά
2999 5866 3100 5937 τῆς
3132 5864 3329 5937 ἀρετῆς
3351 5877 3365 5892 ·
3391 5860 3502 5915 κᾶν
