3962 6418
534 396 641 447 249

533 507 706 561 ταῦτα
742 506 817 579 μή
842 509 1041 579 προσῇ,
1071 508 1179 563 τῶν
1201 506 1376 561 ἀλλων
1406 508 1556 561 οὐδὲν
1580 508 1791 576 ὄφελος.
1824 508 1922 560 Διά
1958 504 2114 559 τοῦτο

536 592 631 644 καὶ
660 591 719 644 αἱ
744 593 947 646 πυκναὶ
979 585 1138 645 αὗται
1176 591 1493 662 ἐρωτήσεις,
1519 593 1602 644 δτι
1623 593 1693 645 τά
1725 591 1819 661 μὲν
1849 590 2115 658 ἀδιάφορα

532 672 811 743 διαφέρειν
837 675 1019 737 αὐτοῖς
1044 673 1354 743 νομίζουσιν
1382 674 1431 725 οἰ
1459 672 1665 738 πολλοὶ,
1701 672 1808 726 τῶν
1840 672 1896 725 δὲ
1930 673 2114 740 διαφε-

534 753 738 824 ρόντων
784 754 977 809 οὐδένα
1034 755 1309 808 ποιοῦνται
1358 754 1535 823 λόγον.
1583 756 1657 809 Tb
1706 757 1815 826 γάρ
1859 756 2113 826 διαφέρον

532 837 688 907 ἠμῖν,
723 836 892 908 ἀρετὴ
925 836 1016 889 καὶ
1049 837 1355 907 φιλοσοφία.
1399 838 1550 892 Ἐπεὶ
1578 833 1671 892 οὖν
1694 837 1896 905 ταύτης
1925 838 2115 909 πόρρω

534 936 637 972 που
677 920 771 972 καὶ
804 919 1021 991 μακράν
1052 922 1317 992 ἑστήκατε
1354 926 1396 987 ⁶,
1431 923 1519 977 διὰ
1563 923 1721 977 τοῦτο
1750 922 1977 994 θόρυὸος
2006 922 2115 975 τῶν

534 1002 833 1072 λογισμῶν,
867 1003 955 1057 διὰ
985 1004 1143 1057 τοῦτο
1176 1004 1245 1058 τά
1279 1005 1450 1059 πολλά
1496 1005 1737 1075 κύματα,
1769 1007 1856 1060 διά
1895 1004 2051 1059 τοῦτο
2078 1007 2111 1076 ἠ

533 1083 691 1154 ζάλη.
726 1085 895 1138 Ὅταν
928 1086 1036 1158 γάρ
1076 1087 1175 1157 τῆς
1222 1089 1336 1142 ἀνω
1365 1088 1523 1159 δόξης
1557 1089 1828 1143 ἐκπέσωσι
1879 1089 1973 1142 καὶ
2018 1088 2111 1142 τοῦ

532 1166 644 1219 τῶν
669 1167 911 1237 οὐρανῶν
940 1168 1161 1241 ἔρωτος,
1184 1171 1283 1241 τῆς
1316 1170 1593 1242 παρούσης
1615 1172 1876 1239 ἐφίενται,
1904 1173 1997 1226 καὶ
2026 1171 2113 1241 γίο

532 1265 711 1302 νονται
742 1249 918 1303 δοῦλοι
946 1252 1042 1305 καί
1069 1253 1423 1321 αἰχμάλωτοι.
1449 1254 1555 1307 Καὶ
1597 1254 1758 1307 πόθεν
1787 1255 1992 1325 ταύτης
2019 1256 2116 1323 ἐφ-

537 1330 747 1399 ιέμεθα,
773 1332 969 1403 φησίνς
1001 1334 1133 1388 Ἀπὸ
1157 1333 1251 1387 τοῦ
1284 1335 1360 1406 μὴ
1385 1336 1585 1408 σφόδρα
1613 1339 1826 1410 ἐκείνης
1849 1339 2112 1408 ἐφίεσθαι.

531 1414 926 1470 Αύτὸδέτοῦτο
958 1416 1122 1472 πόθεν
1152 1419 1478 1489 συμϐαίνει;
1522 1421 1653 1474 Ἀπὸ
1681 1422 1971 1494 ῥᾳθυμίας·
2004 1423 2115 1493 ἠδὲ

536 1496 781 1567 ῥᾳθυμία
814 1498 1012 1563 πόθεν;
1054 1501 1186 1554 Ἀπὸ
1245 1506 1720 1575 καταφρονήσεως
1773 1508 1807 1575 ἠ
1845 1505 1901 1558 δὲ
1947 1523 2116 1559 κατα·

597 1670 624 1700 ν
638 1666 785 1726 Reg.,
808 1670 991 1732 μακρὰν
1008 1670 1319 1727 ἐσκήνωνται.

1262 393 1320 447 S.
1359 390 1649 447 JOANNIS
1685 385 2173 447 CIIRYSOSTOMI
2212 384 2532 444 ARCHIEP.
2574 387 3126 446 CONSTANTINOP.

3648 391 3741 449 εει

2214 504 2476 574 φρόνησις
2523 505 2719 572 πόθεν;
2757 505 2846 570 Ἐξ
2899 505 3083 568 ἀνοίας
3123 503 3216 558 καὶ⁵
3258 503 3351 557 τοῦ
3389 505 3497 568 τοῖς
3541 505 3749 575 παροῦσι

2214 591 2662 658 προστετηκέναι,
2718 589 2813 642 καὶ
2862 588 2935 658 μή
2984 588 3264 657 βούλεσθαι
3305 586 3411 641 τῶν
3442 588 3751 657 πραγμάτων

2214 671 2489 737 ἐξετάζειν
2540 674 2679 742 μετά
2708 671 2995 741 ἀκριϐείας
3022 670 3120 742 τήν
3148 671 3328 741 φύσιν.
3355 670 3490 724 Αὐτὸ
3527 670 3580 723 δὲ
3616 669 3754 723 τοῦτο

2215 754 2377 807 πόθεν
2424 755 2711 826 συμϐαίνει
2754 755 2950 818 πάλιν;
2998 754 3093 807 Ἐκ
3120 753 3212 808 τοῦ
3242 753 3377 825 μήτε
3397 752 3613 823 Γραφῶν
3640 754 3755 807 ἀνα-

2212 837 2411 905 γνώσει
2446 839 2757 909 προσέχειν.
2790 841 2929 910 μήτε
2961 838 3185 907 ἀνδράσι
3216 836 3553 906 συγγίνεσθαι
3580 837 3754 904 ἁγίοις,

2214 923 2308 975 καὶ
2334 924 2457 986 τούς
2483 923 2592 976 τῶν
2624 923 2875 993 πονηρῶν
2899 919 3187 992 συλλόγους
3216 922 3449 977 διώκειν.
3470 922 3560 975 Ἴν’
3587 918 3671 975 οὖν
3693 922 3757 992 μή

2214 1004 2301 1058 ἀεὶ
2322 1004 2481 1057 τοῦτο
2509 1006 2748 1076 γίνηται,
2774 1005 2867 1059 καὶ
2901 1005 3121 1076 κύματα
3145 1009 3207 1059 ἐκ
3236 1006 3489 1076 κυμάτων
3517 1005 3656 1075 ἡμᾶς
3681 1004 3760 1057 δε-

2214 1087 2421 1157 χόμενα
2448 1090 2527 1151 είς
2545 1087 2607 1142 τὸ
2630 1088 2865 1158 πέλαγος
2893 1090 3156 1162 ἀπαγάγῃ
3179 1088 3286 1141 τῶν
3308 1088 3487 1142 κακῶν
3508 1088 3595 1141 καὶ
3614 1103 3762 1141 κατα-

2215 1170 2375 1242 πνίξῃ
2405 1171 2496 1224 κα)⁵
2515 1172 2756 1245 ἀπολέσῃ
2782 1171 2978 1243 πάντη,
3001 1172 3105 1236 ἓως
3131 1173 3247 1226 ἐστὶ
3266 1170 3473 1243 καιρὸς,
3495 1170 3764 1238 ἀνενέγκω-

2219 1270 2336 1324 μεν,
2365 1255 2458 1307 καὶ
2492 1255 2585 1308 ἐπὶ
2612 1256 2711 1326 τῆς
2736 1255 2939 1326 πέτρας
2972 1257 3216 1322 στάντες,
3269 1254 3378 1308 τῶν
3407 1253 3501 1307 τοῦ
3536 1251 3662 1305 Θεοῦ
3687 1251 3761 1305 δο-

2214 1338 2439 1407 γμάτων
2492 1338 2637 1406 λέγω
2688 1340 2783 1393 καὶ
2815 1340 3012 1408 λόγων,
3045 1339 3352 1410 κατίδωμεν
3385 1339 3475 1391 τὸν
3506 1337 3656 1391 σάλον
3680 1334 3761 1389 τοῦ

2216 1421 2480 1491 παρόντος
2507 1422 2643 1491 βίου.
2677 1423 2833 1476 Οὖτω
2860 1423 2969 1491 γάρ
3003 1424 3097 1476 καὶ
3124 1423 3279 1475 αὐτοὶ
3307 1420 3492 1475 τοῦτον
3510 1417 3765 1489 διαφευξό-

2219 1505 2378 1576 μεθα,
2426 1506 2521 1559 καὶ
2558 1507 2777 1577 ἐτέρους
2817 1506 3188 1573 ναυαγοῦντας
3228 1506 3637 1576 άνιμησάμενοι,
3673 1502 3764 1557 τῶν

2219 1590 2522 1661 μελλόντων
2557 1591 2952 1660 ἐπιτευξόμεθα
2992 1590 3234 1660 ἀγαθῶν,
3262 1591 3444 1661 χάριτι
3484 1590 3574 1642 καὶ
3600 1587 3766 1658 φιλαν-

2218 1672 2456 1743 θρωπίᾳ,
2482 1674 2573 1725 καὶ⁵
2602 1673 2672 1726 τά
2699 1673 2844 1742 ἑξῆς.

545 1839 3753 1871 W

2043 2021 2287 2077 OMIAIA
2326 2023 2403 2077 A'.

537 2142 812 2219 Καθάπερ
857 2144 967 2219 ’ρι’ζρ
1007 2142 1287 2219 τὸ-ονῶμα
1333 2146 1575 2219 ένέστι,
1626 2148 1725 2203 καὶ
1779 2149 1937 2217 μέλη
1991 2153 2114 2219 ἔχει

605 2214 826 2288 ἐςτολλὰ2
853 2212 1049 2288 πάντα
1074 2214 1141 2288 δέ
1170 2212 1243 2268 τῖι
1269 2216 1426 2288 μέλη
1458 2218 1564 2271 τοῦ
1603 2212 1878 2288 σώματος
1915 2212 2116 2276 πολλὰ

605 2284 773 2350 ὄντα,
795 2283 865 2337 ἓν
892 2283 1024 2338 ἐστι
1049 2283 1241 2351 σῶμαο
1270 2283 1422 2340 οὕτω
1448 2288 1547 2343 καὶ
1575 2292 1606 2343 ὀ
1642 2283 1913 2357 Χριστός.

606 2478 679 2536 α’.
699 2481 1247 2552 Παραμυθησάμενος
1266 2483 1331 2537 ἐκ
1364 2482 1457 2537 τοῦ
1491 2486 1665 2538 εἰπεῖν
1683 2488 1957 2557 υχάρισμα
1981 2483 2119 2542 εἶναι

537 2566 597 2620 τὸ
632 2566 933 2636 διδόμενον,
965 2568 1029 2619 ἐκ
1060 2566 1156 2619 τοῦ
1209 2567 1387 2621 πάντα
1425 2568 1483 2635 ἐξ
1534 2570 1653 2634 ἐνδς
1689 2572 1782 2624 καὶ
1819 2572 1915 2625 τοῦ
1954 2573 2121 2627 αὐτοῦ

539 2648 857 2720 Πνεύματος
890 2648 1210 2719 λαμϐάνειν,
1250 2652 1314 2704 ἐκ
1342 2649 1437 2704 τοῦ
1469 2652 1605 2722 πρὸς
1644 2653 1706 2706 τὸ
1735 2656 2015 2725 συμφέρον
2039 2654 2123 2708 δί-

537 2733 741 2799 δοσθαι,
767 2734 832 2788 ἐκ
848 2735 939 2787 τοῦ
963 2733 1053 2786 διὰ
1070 2733 1179 2788 τῶν
1206 2735 1503 2790 ἐλαττόνων
1526 2736 1832 2809 φανέρωσιν
1855 2738 2120 2807 γίνεσθαι,

538 2819 633 2872 καὶ
660 2817 800 2887 μετά
824 2816 1030 2871 τούτων
1059 2818 1154 2871 καὶ
1180 2819 1542 2888 ἐπιστομίσας
1586 2822 1653 2873 ἐκ
1675 2819 1769 2874 τοῦ
1805 2822 1917 2879 δεῖν
1947 2838 2126 2895 παρα-

539 2901 739 2971 χωρεῖν
790 2902 857 2971 τῇ
915 2900 1137 2973 ἐξουσίᾳ
1198 2900 1293 2955 τοῦ
1348 2902 1699 2972 Πνεύματος·
1754 2903 1957 2958 Πάντα
2017 2906 2126 2976 γὰρ

541 2985 751 3046 ταῦτα,
782 2985 968 3054 φησὶν,
998 2986 1230 3055 ἐνεργεῖ
1253 2985 1325 3039 ἓν
1352 2988 1452 3040 καὶ
1485 2986 1552 3040 τὸ
1578 2987 1727 3041 αὐτὸ
1755 2989 2019 3056 Πνεῦμα,
2049 2988 2128 3042 δι-

542 3067 753 3136 αιροῦν
809 3067 930 3135 ἰδίᾳ
983 3067 1238 3135 ἑκάστῳ,
1284 3070 1481 3136 καθὼς
1541 3071 1849 3135 ,ϐούλεταν
1891 3072 1972 3126 διδ
2007 3072 2126 3128 οὐδὲ

543 3150 1007 3223 περιεργάζεσθαι
1034 3151 1193 3223 θέμις
1213 3169 1227 3185 ⁸
1256 3152 1352 3206 καὶ
1385 3151 1445 3218 ἐξ
1473 3151 1662 3223 ἐτέρου
1700 3153 1885 3207 λοιπὸν
1930 3155 2129 3219 αὐτοὺς

544 3234 954 3305 παραμυθεῖται
1010 3234 1192 3288 κοινοῦ
1240 3236 1704 3306 παραδείγματος,
1759 3237 1851 3291 καὶ
1899 3238 1993 3291 ἐπὶ
2028 3239 2128 3309 τήν

544 3320 709 3387 φύσιν
766 3318 938 3389 αὐτὴν
987 3317 1345 3387 καταφεύγει,
1404 3319 1540 3391 ὅπερ
1596 3317 1747 3391 [269]
1806 3319 1929 3385 ἔθος
1981 3319 2131 3392 αὐτῷ

548 3403 740 3455 ποιεῖν.
773 3402 883 3455 Καὶ
912 3401 1021 3474 γάρ
1043 3400 1207 3473 ἡνίκα
1237 3403 1366 3475 περί
1395 3403 1495 3473 τῆς
1523 3402 1703 3474 κόμης
1727 3404 1998 3471 διελέγετο
2020 3404 2130 3459 τῶν

547 3485 756 3557 ἀνδρῶν
790 3485 887 3539 καὶ
925 3486 1037 3539 τῶν
1058 3485 1356 3552 γυναικῶν,
1396 3485 1533 3556 μετά
1558 3485 1627 3539 τά
1658 3487 1793 3540 ἀλλα
1822 3489 1917 3542 καὶ
1946 3487 2132 3541 ἐντεῦ-

548 3567 639 3622 θεν
670 3569 870 3631 αὐτοὺς
899 3568 1208 3631 ἐπαίδευσε,
1250 3568 1445 3636 λέγων·
1472 3564 1547 3624 τΗ
1583 3569 1727 3624 οὐδὲ
1751 3568 1906 3639 αὑτὴ
1947 3572 1985 3638 ἡ
2023 3571 2136 3639 φύ-

547 3666 648 3715 σις
677 3647 833 3718 ὑμᾶς
854 3649 1145 3712 διδάσκει,
1176 3650 1266 3706 ὅτι
1293 3651 1449 3719 ἀνὴρ
1465 3650 1583 3719 μὲν
1602 3652 1712 3704 ἐὰν
1733 3651 1908 3721 κομᾷ,
1933 3653 2135 3723 ἀτιμία

548 3732 711 3800 αὐτῷ
739 3733 889 3800 ἐστι,
928 3734 1084 3804 γυνὴ
1125 3734 1195 3788 δέ
1219 3735 1329 3790 ἐὰν
1358 3734 1530 3805 κομᾷ,
1565 3735 1715 3799 δόξα
1751 3736 1943 3803 αὐτῆς
1968 3738 2135 3801 ἐστι;

550 3817 661 3873 Καὶ
697 3817 787 3871 ὅτε
819 3816 950 3887 περὶ
980 3816 1091 3871 τῶν
1123 3818 1490 3873 εἰδωλοθύτων
1522 3819 1727 3888 ἔλεγεν,
1775 3819 2137 3892 ἀπαγορεύων

550 3900 730 3955 αὐτῶν
756 3900 1046 3967 ἅπτεσθαι,
1069 3902 1164 3955 καὶ
1189 3903 1295 3956 ἀπὸ
1318 3902 1426 3956 τῶν
1454 3900 1653 3968 ἔξωθεν
1674 3903 2137 3976 παραδειγμάτων

551 3984 825 4058 ἐπεχείρει
853 3984 928 4056 τῷ
951 3985 1116 4057 λόγῳ,
1153 3985 1499 4058 Ὀλυμπικῶν
1540 4005 1600 4041 τε
1646 3987 1874 4056 ἀγώνων
1925 4005 2136 4059 μεμνη-

557 4068 739 4140 μένος.
785 4070 882 4123 καὶ
923 4068 1120 4138 λέγων,
1155 4069 1235 4123 ὅτι
1294 4073 1359 4125 Ol
1412 4071 1483 4125 ἐν
1532 4070 1757 4139 σταδίῳ
1800 4070 2137 4140 τρέχοντες,

554 4150 777 4217 πάντες
809 4150 929 4221 μὲν
962 4151 1303 4220 τρέχουσιν,
1332 4148 1421 4219 εἷς
1455 4153 1525 4207 δὲ
1561 4153 1851 4222 λαμϐάνει
1900 4152 1969 4206 τὸ
1992 4154 2143 4222 ,βρα-

556 4233 741 4291 ϐεῖον·
775 4234 874 4287 καὶ
905 4234 1015 4290 ἀπὸ
1043 4236 1315 4306 ποιμένων
1341 4239 1437 4290 καὶ
1459 4235 1811 4309 στρατιωτῶν
1842 4235 1939 4290 καὶ
1963 4252 2141 4307 γεωρ-

555 4317 668 4388 γῶν
691 4315 868 4372 ταῦτα
889 4319 1336 4385 κατασκευάζων.
1369 4319 1462 4372 Διὸ
1491 4320 1552 4391 δὴ
1578 4320 1674 4374 καὶ
1696 4318 1933 4373 ἐνταῦθα
1963 4319 2141 4373 κοινὸν

558 4401 866 4472 ὑπόδειγμα
916 4401 998 4465 εἰς
1052 4401 1217 4472 μέσον
1282 4401 1463 4472 φέρει,
1512 4401 1579 4454 δι’
1635 4394 1698 4456 οὐ
1752 4401 1997 4471 βιάζεται
2047 4401 2143 4456 καὶ

557 4485 852 4556 φιλονεικεῖ
879 4482 1048 4548 δεῖξαι
1076 4484 1266 4538 οὐδένα
1303 4484 1703 4555 ἠλαττωμένον,
1736 4484 1765 4537 ὃ
1800 4485 1897 4539 καὶ
1929 4484 2144 4556 θαυμα-

561 4568 685 4622 στὸν
719 4562 788 4637 ἦν
821 4565 918 4620 καὶ
943 4566 1247 4637 παράδοξον
1268 4567 1564 4639 δυνηθῆναι
1594 4568 2022 4633 κατασκευάσαι,
2050 4569 2146 4621 καὶ

557 4649 685 4710 τούς
716 4647 1113 4720 ἀφελεστέρους
1144 4649 1328 4703 ἰκανὸν
1355 4650 1787 4721 ἀνακτήσασθαι,
1819 4650 1880 4703 τὸ
1907 4648 2001 4703 τοῦ
2034 4649 2142 4703 σώ-

563 4747 734 4802 ματος
758 4731 923 4798 λέγω.
958 4731 1064 4784 Τὸν
1102 4731 1211 4802 γάρ
1243 4731 1579 4802 μικρόψυχον
1623 4734 1719 4786 καὶ
1759 4733 2141 4805 ἠλαττωμένον

560 4813 713 4868 οὐδὲν
742 4814 886 4868 οὕτω
916 4814 1316 4886 παραμυθεῖται
1357 4817 1452 4869 καὶ
1480 4816 1657 4869 πείθει
1703 4817 1777 4889 μή
1826 4818 2037 4886 ἀλγεῖν,
2067 4819 2143 4883 ὡς

559 4898 623 4951 τὸ
683 4898 877 4969 μαθεῖν
932 4899 1015 4952 ὅτι
1062 4899 1162 4953 οὐκ
1221 4900 1549 4970 ἠλάττωται.
1597 4900 1797 4973 Διόπερ
1845 4901 1939 4955 καὶ
1981 4902 2146 4966 αὐτὸς

562 4982 991 5048 κατασκευάζων
1027 4983 1192 5042 αὐτὸ,
1220 4984 1363 5037 οὕτω
1390 4983 1542 5055 φησί’
1594 4984 1875 5054 Καθάπερ
1924 4986 2034 5057 γὰρ
2074 4985 2145 5041 τὸ

563 5062 737 5133 σῶμα
757 5065 828 5118 ἓν
850 5067 1003 5131 ἐστι,
1037 5066 1139 5119 καὶ
1154 5065 1313 5135 μέλη
1340 5066 1463 5134 ἔχει
1486 5066 1707 5121 πολλά.
1736 5062 1891 5133 Εἶδες
1926 5068 2145 5124 σύνεσιν

561 5146 991 5219 ἠκριϐωμένηνς
1032 5148 1107 5202 Tb
1146 5148 1280 5202 αὐτὸ
1313 5150 1408 5202 καὶ
1440 5148 1520 5211 ἓν,
1548 5150 1645 5204 καὶ
1682 5150 1854 5204 πολλά
1880 5151 2142 5209 δείκνυσι.

563 5228 657 5281 Διὸ
702 5229 797 5282 καὶ
845 5230 1062 5299 ἐπάγει,
1112 5231 1371 5301 μειζόνως
1405 5232 1877 5303 ἐπαγωνιζόμενος
1900 5233 1979 5305 τῷ
2008 5251 2146 5306 προ-

565 5310 824 5382 κειμένοιν
882 5312 1083 5369 Πάντα
1130 5313 1199 5367 δὲ
1249 5314 1324 5368 τὰ
1356 5314 1516 5384 μέλη
1562 5316 1670 5369 τοῦ
1714 5316 1987 5387 σώματος
2040 5316 2149 5371 τοῦ

567 5394 707 5460 ἐνὸς
743 5395 944 5449 πολλὰ
968 5395 1135 5463 ὄντα,
1163 5396 1237 5451 ἓν
1256 5397 1389 5450 ἐστι
1413 5395 1605 5466 σῶμα.
1639 5399 1753 5453 Οὐκ
1799 5395 1943 5464 εἷπε,
1970 5399 2149 5453 Πολλά

567 5477 698 5531 ὄντα
725 5476 817 5531 τοῦ
845 5477 964 5542 ἑνός
989 5480 1107 5533 ἐστι
1138 5478 1409 5549 σώματος,
1441 5481 1578 5543 ἀλλ’,
1605 5481 1745 5535 Αὐτὸ
1767 5482 1827 5535 τὸ
1850 5481 1907 5536 ἓν
1936 5482 2094 5552 σῶμα
2120 5481 2148 5520 δ

571 5559 746 5615 πολλά
776 5562 914 5621 ἐστι.
950 5563 1179 5615 κάκεῖνα
1198 5563 1268 5616 τά
1294 5562 1466 5616 πολλά
1496 5564 1630 5635 μέλη
1660 5564 1821 5617 τοῦτό
1842 5568 1958 5619 ἐστι
1984 5565 2045 5618 τὸ
2069 5565 2147 5620 ἓν.

572 5645 636 5699 Εἰ
662 5644 845 5699 τοίνυν
873 5646 932 5699 ἐν
976 5648 1091 5700 ἐστι
1124 5645 1195 5700 τά
1239 5646 1431 5712 πολλά,
1463 5648 1556 5700 καὶ
1588 5647 1650 5702 τὸ
1674 5646 1731 5699 ἓν
1756 5648 1948 5712 πολλὰ,
1989 5648 2092 5702 ποῦ
2118 5649 2151 5719 ἡ

574 5725 840 5800 διαφοράς
884 5728 988 5782 πού
1024 5729 1085 5783 τὺ
1113 5730 1411 5803 ὐπερέχον;
1444 5730 1549 5784 ποῦ
1578 5730 1639 5783 τὸ
1666 5730 1920 5798 ἕλαττον;
1951 5731 2155 5786 Πάντα

647 5933 675 5964 ι
703 5922 873 5973 Aberat
897 5926 1059 5976 εἰπεῖν.
1126 5926 1151 5968 θ’
1181 5927 1254 5977 Ita
1273 5928 1397 5993 Reg.
1419 5927 1551 5979 Edili
1576 5938 1712 5987 vero,
1734 5927 1848 5976 αὐτὸ
1869 5929 1923 5977 τὸ
1950 5931 2109 5991 σῶμα.

2219 2158 2348 2227 γάρ,
2377 2157 2561 2225 φησὶν,
2587 2157 2657 2211 ἓν
2675 2157 2828 2221 ἐστι,
2855 2156 2951 2211 καὶ
2972 2156 3072 2227 οὐχ
3098 2155 3285 2219 ἁπλῶς
3309 2154 3389 2219 ἒν,
3414 2154 3547 2208 ἀλλά
3570 2154 3699 2209 κατά
3719 2153 3771 2207 rb

2218 2240 2559 2313 κυριώτερον
2624 2242 3010 2313 ἐξεταζόμενα,
3075 2242 3218 2297 κατά
3280 2241 3363 2307 τὸ,
3412 2239 3569 2309 σῶμα
3634 2235 3770 2302 εῖναι,

2219 2324 2397 2379 πάντα
2446 2326 2758 2395 εὑρίσκεται
2788 2328 2847 2379 ἓν
2873 2328 3023 2381 ὄντα.
3048 2326 3222 2379 Ὅταν
3253 2325 3312 2379 δὲ
3352 2322 3414 2377 τὸ
3437 2322 3573 2377 κατά
3611 2320 3772 2392 μέρος.

2218 2409 2341 2460 τότε
2378 2410 2410 2477 ὴ
2446 2408 2716 2479 διαφορά,
2768 2412 2862 2465 καὶ
2906 2413 2938 2481 ἡ
2988 2409 3221 2481 διαφορά
3281 2411 3340 2462 ἐν
3381 2410 3541 2473 πᾶσιν
3579 2406 3772 2476 ὁμοίως·

2221 2491 2387 2546 Οὐδὲν
2415 2493 2525 2564 γάρ
2570 2495 2749 2548 αὐτῶν
2792 2495 2914 2550 καθ’
2948 2495 3107 2549 ἑαυτὸ
3153 2494 3316 2564 σῶμα
3357 2492 3578 2548 δύναται
3604 2492 3772 2549 ποιεῖν.

2222 2577 2338 2630 ἀλλ’
2367 2579 2566 2646 ὁμοίως
2621 2580 2851 2634 ἕκαστον
2899 2581 3144 2634 λείπεται
3191 2581 3274 2644 εἰς
3310 2577 3374 2633 τὸ
3419 2579 3590 2631 ποιεῖν
3620 2574 3771 2644 σῶμα,

2222 2661 2316 2715 καὶ
2343 2661 2425 2714 δεῖ
2454 2662 2554 2732 τῆς
2585 2663 2833 2719 συνόδου,
2869 2664 3039 2718 Ὅταν
3087 2663 3196 2733 γάρ
3240 2662 3310 2715 τά
3352 2660 3523 2715 πολλά
3556 2658 3612 2712 ἐν
3647 2658 3775 2726 γίνη-

2223 2761 2335 2809 ται,
2364 2745 2486 2799 τότε
2512 2746 2658 2799 ἐστὶν
2682 2746 2740 2800 ἓν
2770 2746 2949 2816 σῶμα.
2984 2746 3076 2799 Διὸ
3110 2748 3203 2800 καὶ
3228 2745 3363 2799 αὐτὸ
3385 2743 3541 2798 τοῦτο
3570 2738 3772 2796 αἰνιττόι

2228 2845 2405 2898 μενος,
2460 2827 2643 2898 έλεγε’
2688 2830 2890 2884 Πάντα
2934 2829 3003 2884 δέ
3048 2832 3122 2884 τὰ
3161 2829 3324 2899 μέλη
3374 2829 3481 2883 τοῦ
3535 2827 3775 2896 σώματος

2225 2912 2425 2965 πολλὰ
2462 2912 2625 2975 ὄντα,
2679 2911 2751 2966 ἓν
2810 2914 2941 2967 ἐστι
2990 2912 3182 2982 σῶμα.
3238 2914 3350 2968 Καὶ
3401 2914 3501 2967 οὐκ
3546 2908 3676 2975 εἷπε,
3709 2906 3776 2960 Τὰ

2226 2995 2563 3065 ὑπερέχοντα
2592 2996 2686 3049 καὶ
2727 2996 2796 3050 τά
2830 2997 3108 3061 ἐλάττονα,
3149 2996 3311 3058 ἀλλά,
3349 2997 3553 3051 Πολλὰ
3580 2990 3775 3055 ὅντα,δ

2228 3078 2405 3133 κοινὸν
2434 3080 2599 3133 πᾶσιν
2630 3082 2796 3135 ἐστιν.
2827 3081 2938 3134 Καὶ
2964 3080 3082 3144 πῶς
3105 3081 3335 3135 δυνατὸν
3358 3082 3415 3135 ἓν
3438 3077 3573 3136 εἶναι
3596 3097 3609 3144 ;
3635 3081 3777 3131 Ὅταν

2226 3162 2324 3235 τήν
2362 3163 2626 3236 διαφοράν
2669 3163 2915 3218 ἐκϐαλὼν
2956 3164 3064 3217 τῶν
3103 3165 3304 3234 μελῶν,
3327 3166 3389 3219 τὸ
3426 3166 3578 3237 σῶμα
3619 3159 3777 3230 ἐξετά-

2228 3246 2348 3317 ζῃς.
2388 3247 2565 3318 Ὅπερ
2613 3247 2724 3319 γάρ
2776 3249 2923 3300 ἐστιν
2974 3247 3276 3318 ὀφθαλμὸς,
3319 3248 3478 3303 τοῦτο
3511 3248 3601 3303 καὶ
3644 3242 3775 3305 ποῦς.

2229 3329 2375 3383 κατά
2408 3329 2491 3392 τὺ,
2523 3330 2682 3399 μέλος
2723 3326 2863 3385 εἶναι
2909 3331 3002 3385 καὶ
3028 3327 3187 3401 σῶμα
3217 3335 3417 3385 ποιεῖν’
3449 3329 3665 3401 οὐδεμία
3688 3326 3779 3395 γάρ

2232 3412 2468 3467 ἐνταῦθα
2493 3412 2746 3484 διαφορά.
2780 3413 2907 3467 Οὐδ’
2943 3413 3009 3468 ἂν
3055 3412 3202 3483 έχοις
3253 3417 3449 3479 εἰπεῖν,
3494 3416 3572 3469 δτι
3611 3412 3666 3467 τὸ
3697 3409 3779 3481 μὲν

2232 3494 2341 3549 τῶν
2390 3497 2568 3567 μελῶν
2612 3499 2759 3550 ποιεῖ
2791 3496 2952 3567 σῶμα
2984 3497 3105 3551 καθ’
3146 3498 3330 3561 ἐαυτὺ,
3359 3500 3420 3553 τὸ
3457 3499 3513 3553 δὲ
3554 3499 3612 3552 οὐ
3638 3493 3777 3549 ποιεῖ’

2234 3581 2413 3636 πάντα
2432 3582 2541 3653 γάρ
2565 3581 2738 3645 ἰσάζει
2771 3582 2831 3634 ἐν
2850 3581 3046 3653 τούτῳ,
3073 3580 3263 3655 ἐπειδή
3294 3585 3390 3638 καί⁵
3413 3584 3585 3638 πάντα
3608 3581 3661 3635 ἔν
3685 3581 3778 3633 ἐστι

2239 3681 2418 3735 σωμα.

2308 3823 2495 3878 Εἰπὼν
2541 3824 2598 3877 δὲ
2638 3822 2819 3885 τοῦτο,
2867 3824 2964 3879 καὶ
3007 3825 3305 3892 ἀποδείξας
3346 3828 3532 3898 σαφῶς
3563 3824 3662 3880 ἀπδ
3698 3822 3778 3890 τῆς

2239 3909 2421 3979 κοινῆς
2452 3909 2707 3963 ἁπάντων
2735 3908 2941 3980 ψήφου,
2972 3910 3283 3980 ἐπήγαγεν·
3304 3912 3471 3968 οὕτω
3503 3909 3596 3965 καί
3618 3911 3649 3961 ό
3672 3908 3777 3972 Χρι-

2239 3996 2408 4060 στός.
2439 3993 2550 4046 Καὶ
2572 3991 2690 4046 δέον
2717 3993 2912 4054 εἰπεῖν,
2937 3992 3094 4047 Οὐτω
3119 3994 3214 4049 καὶ
3239 3996 3275 4067 ἠ
3319 3993 3609 4065 Ἐκκλησία
3634 3987 3778 4061 (τοῦτο

2239 4078 2347 4150 γάρ
2374 4076 2668 4132 ἀκόλουθον
2692 4073 2805 4149 ἦν),
2836 4076 2995 4132 τοῦτο
3031 4077 3131 4147 μὲν
3156 4079 3221 4132 οὐ
3254 4080 3444 4151 φησὶν,
3470 4076 3581 4132 ἀντ’
3601 4072 3779 4137 ἐκείνης

2239 4163 2297 4217 δὲ
2332 4162 2426 4216 τὸν
2456 4161 2607 4234 [270]
2648 4162 2883 4232 Χριστὸν
2910 4162 3146 4234 τίθησιν,
3186 4165 3271 4227 εἰς
3307 4163 3442 4233 ὕψος
3473 4161 3677 4229 ἀνάγων
3705 4152 3779 4207 τὸν

2240 4247 2419 4315 λόγον,
2465 4247 2559 4300 καὶ
2591 4245 2853 4315 μειζόνως
2884 4246 2977 4299 τὸν
3016 4247 3295 4317 ἀκροατὴν
3328 4246 3619 4319 ἐντρέπων.
3656 4241 3712 4292 Ὃ
3733 4235 3778 4290 δὲ

2242 4331 2411 4400 λέγει,
2442 4330 2601 4383 τοῦτό
2633 4332 2801 4383 ἐστιν·
2837 4330 2996 4385 Οὕτω
3026 4333 3121 4384 καὶ
3147 4332 3245 4386 τοῦ
3282 4330 3521 4403 Χριστοῦ
3545 4329 3603 4383 τὸ
3629 4325 3775 4393 σῶμα,

2243 4419 2381 4489 ὅπερ
2417 4416 2565 4468 ἐστὶν
2606 4416 2639 4485 ἠ
2687 4414 3008 4485 Ἐκκλησία.
3056 4415 3330 4487 Καθάπερ
3371 4416 3480 4487 γάρ
3517 4414 3606 4466 καὶ
3652 4408 3776 4473 σῶμα

2245 4502 2341 4555 καὶ
2374 4498 2583 4569 κεφαλή
2617 4492 2698 4560 εἷς
2730 4500 2878 4551 ἐστιν
2909 4498 3216 4569 ἄνθρωπος,
3251 4498 3397 4552 οὕτω
3436 4498 3533 4567 τήν
3583 4492 3777 4551 Ἐκκλησ

2247 4584 2369 4637 σίαν
2410 4582 2506 4635 καὶ
2546 4580 2639 4635 τὸν
2669 4580 2905 4652 Χριστὸν
2938 4580 2994 4633 ἒν
3025 4580 3240 4655 ἔφησεν.
3263 4577 3426 4635 εἶναι.
3457 4580 3548 4635 Διὸ
3590 4577 3676 4632 καὶ
3708 4572 3777 4625 τὸν

2247 4666 2483 4738 Χριστὸν
2514 4666 2637 4720 ἀντὶ
2665 4666 2765 4734 τῆς
2812 4665 3141 4735 Ἐκκλησίας
3168 4666 3385 4720 τέθεικε
3404 4708 3418 4732 ,
3453 4665 3513 4719 τὸ
3542 4662 3687 4728 σῶμα
3707 4655 3776 4738 ab-

2244 4735 2338 4806 τοῦ
2365 4749 2537 4812 οὕτως
2569 4746 2873 4818 ὀνομάζων.
2903 4747 3119 4818 Ὠσπερ
3147 4744 3264 4810 οὖν,
3298 4750 3493 4819 φησὶν,
3521 4747 3578 4800 ἐν
3605 4761 3653 4798 τι
3689 4735 3767 4793 ἐστι

2244 4834 2306 4888 τὸ
2328 4832 2596 4904 ἡμέτερον
2621 4831 2802 4900 σῶμα,
2826 4833 2874 4884 εἰ
2899 4831 2993 4885 καὶ
3023 4831 3087 4884 ἐκ
3115 4830 3327 4885 πολλῶν
3350 4832 3644 4898 σύγκειται⁹
3669 4821 3769 4904 om

2246 4901 2428 4971 καὶ-ἐν
2451 4917 2517 4986 τῇ
2556 4913 2853 4985 Ἐκκλησία
2876 4914 2934 4967 ἐν
2964 4930 3017 4967 τι
3046 4914 3246 4977 πάντες
3276 4914 3464 4985 ἐσμέν.
3497 4913 3557 4966 Εἰ
3584 4910 3683 4979 γάρ
3706 4901 3774 4986 ηιξ·

2246 5001 2312 5054 ἐκ
2356 4980 2568 5054 πολλῶν
2598 4980 2754 5069 αὐτη
2790 4980 3077 5064 σύγκειται
3125 4996 3324 5067 μελῶν,
3346 4980 3512 5051 ’ἀλλά
3547 4995 3611 5047 τά
3644 4980 3777 5069 mw

2244 5081 2421 5137 ταῦτα
2448 5082 2506 5135 ἓν
2530 5064 2741 5150 γίνεται
2772 5079 2953 5151 σῶμα.
3004 5064 3484 5151 Ἀνακτησάμενος
3517 5076 3683 5130 τοίνυν
3704 5064 3776 5157 καὶ

2248 5165 2540 5236 ἀναγαγὼν
2570 5165 2662 5218 τὸν
2693 5162 2960 5218 δοκοῦντα
2988 5162 3364 5233 ἠλλαττῶσθαι
3390 5162 3496 5216 ἀπὸ
3516 5159 3605 5214 τοῦ
3632 5164 3775 5211 κοινου

2248 5252 2439 5307 τούτου
2470 5248 2937 5319 παραδείγματος,
2971 5246 3136 5301 πάλιν
3165 5248 3266 5318 τὴν
3307 5246 3492 5316 κοινήν
3535 5238 3776 5309 συνήθειαν

2247 5335 2467 5405 ἀφίησι,
2495 5333 2591 5386 καὶ
2617 5332 2703 5402 ἐφ’
2723 5331 2912 5403 ἕτερον
2945 5330 3168 5401 ἔρχεται
3195 5330 3489 5400 κεφάλαιον
3521 5332 3776 5412 πνεύματί-

2250 5402 2349 5473 κδν
2375 5402 2625 5488 μείζονα
2668 5402 2834 5486 φέρον
2884 5414 2983 5499 τήν
3036 5414 3421 5499 παράκλησιν,
3476 5402 3777 5499 καὶ

2255 5503 2525 5566 ἰσοτιμίας
2552 5499 2611 5554 δν
2651 5498 3001 5554 ἐνδεικτικόν.
3038 5499 3198 5553 Ποῖον
3233 5498 3298 5570 δὴ
3329 5496 3519 5559 τοῦτο;
3549 5488 3645 5577 Kal
3685 5488 3776 5577 χάρ

2252 5587 2323 5640 ἐν
2351 5583 2443 5639 ένί
2471 5584 2789 5652 Πνεύματι,
2822 5582 2977 5653 φησὶ,
2998 5579 3221 5644 πάντες
3250 5580 3421 5649 ἡμεῖς
3446 5581 3526 5643 εἰς
3552 5573 3615 5627 ἐν
3636 5573 3777 5653 σῶμα

2253 5646 2715 5734 ἐϐαπτίσθημεν,
2742 5646 2864 5717 εἴτε
2886 5646 3187 5727 Ἰουδαῖοι,
3209 5646 3328 5716 εἴτε
3352 5660 3651 5723 Ἕλληνες,
3680 5646 3776 5734 εξξ

2254 5752 2482 5815 δοῦλοι,
2515 5725 2637 5803 εῖτε
2667 5725 2987 5815 ἐλεύθεροι.
3024 5748 3089 5799 Ὃ
3117 5725 3181 5799 δὲή
3200 5745 3365 5812 λέγει,
3394 5740 3544 5796 τοῦτό
3572 5740 3692 5789 ἐστι·
3716 5725 3775 5778 Τδ

2256 5833 2673 5887 κατασκευάσαν
2704 5832 2855 5901 ἡμᾶς
2884 5828 2942 5881 ἓν
2970 5828 3129 5899 σῶμα
3165 5827 3433 5897 γενέσθαι,
3464 5818 3777 5902 καὶγάναγεςδσ

2258 5918 2428 5989 νῆσαν
2470 5916 2640 5988 ἡμᾶς,
2677 5899 2737 5967 ἓν
2779 5915 2894 5966 ἐστι
2928 5911 3169 5984 Πνεῦμα·
3200 5911 3260 5964 οὐ
3303 5909 3409 5979 γάρ
3447 5908 3501 5959 ἐν
3542 5899 3669 5967 ἄλλῳ
3696 5899 3776 5963 pi"
