3962 6486
273 447 363 503 949

270 558 399 611 illum
448 548 754 624 quempiam
801 559 1088 617 pauperem
1129 540 1212 596 rel
1261 540 1482 596 divitem
1513 554 1529 601 ;
1560 539 1669 591 imo
1706 534 1827 592 hrcc

273 647 429 702 minus
468 658 629 714 quam
662 641 750 694 illa
778 635 1102 709 quaerenda;
1144 633 1238 689 sed
1267 641 1435 687 totum
1464 630 1530 685 ad
1563 643 1719 683 usum
1743 644 1832 685 re.

269 740 379 796 [arri
405 737 587 792 debet.
612 731 829 789 Etiamsi
857 744 1057 800 pauper
1082 727 1177 793 sis,
1214 733 1364 794 potes
1389 738 1511 777 cum
1541 721 1684 776 bono
1710 734 1828 772 ant-

271 847 342 889 mo
368 832 549 885 vivere
572 827 618 882 si
655 820 1088 896 philosopheris:
1118 819 1328 872 etiamsi
1368 815 1520 869 dives
1561 812 1635 866 sis
1661 853 1677 876 ,
1708 825 1829 864 om—

270 927 396 979 nium
427 938 488 978 es
526 920 860 975 miserrimus
889 956 905 981 ,
946 914 992 968 si
1036 912 1286 966 virtutem
1317 908 1507 979 fugias.
1553 905 1688 961 Nam
1717 904 1831 958 lucc

269 1015 407 1070 nobis
431 1010 683 1068 sectanda
725 1015 850 1062 sunt
883 1047 898 1073 ,
930 1019 1048 1076 qua:
1088 1001 1155 1056 ad
1193 1001 1443 1054 virtutem
1475 1004 1755 1067 spectant:
1783 994 1828 1048 si

269 1106 368 1160 han:
391 1120 499 1159 non
527 1101 724 1164 adsint,
753 1098 978 1153 aliorum
1006 1093 1152 1149 nulla
1175 1092 1392 1147 utilitas.
1428 1088 1551 1143 ideo
1574 1089 1830 1155 frequen-

271 1207 337 1251 tes
361 1195 467 1251 illte
496 1191 945 1263 interrogationes
973 1227 988 1253 ,
1013 1186 1138 1257 quia
1176 1182 1328 1238 multi
1364 1196 1429 1237 ea
1472 1194 1591 1250 quae
1623 1176 1833 1231 indiffe-

270 1287 422 1346 rentia
443 1293 569 1342 sunt
598 1283 664 1339 ad
690 1299 750 1338 se
773 1292 1016 1352 spectare
1044 1284 1230 1347 putant
1257 1291 1272 1340 ;
1297 1272 1365 1328 de
1381 1273 1447 1327 iis
1469 1285 1598 1326 vero
1619 1285 1739 1339 quae
1764 1268 1831 1322 ad

272 1396 321 1435 se
343 1388 583 1450 spectant
620 1387 675 1433 et
698 1375 800 1431 sibi
832 1374 979 1429 utilia
1020 1380 1149 1427 sunt
1174 1408 1191 1437 ,
1220 1367 1422 1423 nullam
1447 1364 1709 1420 rationem
1739 1361 1830 1416 ha-

271 1472 400 1528 bent.
429 1470 564 1526 Nam
593 1485 712 1540 quae
750 1474 934 1523 nostra
965 1465 1230 1520 intersunt
1261 1501 1276 1527 ,
1311 1462 1474 1515 virtus
1513 1466 1568 1513 et
1599 1457 1834 1528 philoso-

273 1565 377 1636 phia
405 1571 551 1618 sunt.
582 1561 717 1629 Quia
737 1573 865 1630 ergo
886 1558 952 1613 ab
973 1557 1065 1611 illa
1086 1555 1247 1626 longo
1273 1551 1559 1607 intervallo
1584 1547 1783 1603 abestis
1804 1583 1818 1612 ,

272 1658 375 1713 ideo
402 1655 785 1726 cogitationum
816 1649 1149 1722 perturbatio
1175 1687 1190 1712 ,
1222 1646 1344 1701 ideo
1386 1643 1581 1698 fluetus
1629 1638 1782 1695 multi
1813 1677 1830 1704 ,

273 1748 375 1803 ideo
396 1753 710 1816 tempestas.
746 1743 877 1798 Cum
917 1740 1060 1796 enim
1098 1753 1129 1792 a
1159 1751 1390 1808 superna
1420 1732 1589 1806 gloria
1620 1729 1833 1786 excide-

271 1836 398 1903 rint,
446 1844 502 1891 et
524 1850 554 1889 a
577 1834 828 1889 caelorum
856 1843 1043 1886 amore
1071 1869 1087 1895 ,
1132 1834 1453 1899 praesentem
1481 1821 1706 1895 gloriam
1742 1835 1836 1875 cu-

274 1928 408 2001 piunt
432 1928 671 1998 ﬁuntque
694 1924 835 1981 servi
874 1931 937 1979 et
965 1921 1182 1993 captivi.
1213 1919 1282 1974 Et
1311 1918 1453 1973 unde
1483 1917 1542 1971 ﬁt
1574 1957 1590 1981 ,
1622 1914 1790 1984 inquit
1815 1954 1829 1978 ,

1302 425 1366 479 IN
1408 422 1620 479 EPIST.
1662 422 1683 477 l
1747 421 1838 477 AD
1874 421 2028 476 C0“.
2074 418 2301 474 HOMIL.
2346 416 2516 476 XXX.

3409 412 3515 469 250

1932 544 1989 589 nt
2014 533 2151 593 hanc
2172 534 2514 607 appetamus?
2535 534 2670 603 Quia
2696 549 2803 589 non
2826 534 3051 589 multum
3083 534 3228 588 illam
3254 538 3513 605 conicupio

1930 627 2150 681 scimus.
2196 625 2311 681 Hoc
2347 634 2529 681 autem
2569 624 2746 696 ipsum
2792 623 2934 681 unde
2978 624 3213 680 accidit?
3241 624 3321 680 Ex
3350 625 3518 696 negli-

1931 718 2227 788 gentiatet
2268 717 2590 789 negligentia
2631 716 2818 773 unde?
2861 717 2939 774 Ex
2984 726 3296 787 contemptu
3336 735 3352 772 :
3386 733 3519 774 con-

1932 820 2170 881 temptus
2211 810 2394 867 unde?
2433 810 2517 866 Ex
2557 809 2791 866 amentia
2822 849 2841 878 ,
2881 817 2939 868 et
2979 809 3122 881 quod
3163 810 3519 881 praesentibus

1934 903 2202 962 inhiamus
2227 945 2244 972 ,
2272 912 2327 959 et
2349 903 2494 975 quod
2533 919 2712 960 rerum
2738 914 2983 960 naturam
3010 903 3243 959 nolimus
3264 912 3520 960 accurate

1934 995 2266 1051 examinare.
2290 995 2406 1050 Hoc
2431 1010 2560 1051 vero
2582 994 2851 1052 undenam
2875 994 3160 1066 procedit?
3186 993 3338 1063 Quod
3371 994 3521 1051 Scri-

1936 1098 2211 1160 pturarum
2238 1087 2457 1143 lectioni
2487 1103 2594 1144 non
2621 1087 2963 1143 attendamus
2991 1128 3008 1155 ,
3046 1103 3222 1158 neque
3249 1103 3371 1143 cum
3392 1088 3525 1143 viris

1935 1182 2136 1235 sanctis
2173 1193 2452 1235 versemur
2475 1221 2491 1245 ,
2531 1188 2589 1236 et
2616 1179 2982 1250 improborum
3013 1187 3187 1235 coetus
3214 1176 3526 1249 frequente-

1938 1286 2078 1325 mus.
2107 1269 2186 1326 Ne
2215 1271 2377 1341 igitur
2394 1270 2495 1325 hoc
2524 1280 2785 1342 perpetuo
2807 1269 2932 1338 ﬁat,
2955 1278 3011 1325 et
3031 1286 3098 1325 ne
3124 1269 3319 1326 ﬂuctus
3340 1268 3524 1325 ﬂucti-

1936 1363 2037 1418 bus
2060 1362 2413 1418 succcdentes
2433 1404 2449 1430 ,
2483 1378 2584 1417 nos
2615 1362 2668 1416 in
2711 1362 2979 1418 malorum
3005 1362 3227 1433 pelagus
3255 1361 3528 1416 abducant

1938 1463 1991 1510 et
2008 1453 2270 1509 suﬁ'ocent
2287 1451 2631 1524 funditusque
2651 1453 2906 1523 perdant;
2929 1452 3103 1508 donec
3121 1460 3332 1522 tempus
3348 1450 3525 1515 adest,

1934 1558 2313 1614 exsurgamus,
2339 1552 2395 1598 et
2420 1557 2580 1613 supra
2607 1553 2814 1612 petram
2845 1551 3077 1609 stantes,
3103 1542 3195 1597 Dei
3213 1541 3525 1612 dogmatum

1938 1635 2059 1690 dico
2110 1645 2166 1690 et
2216 1634 2546 1694 verborum.
2592 1634 2942 1705 respiciamus
2983 1641 3358 1702 tempestatem
3403 1629 3529 1684 vitae

1941 1727 2244 1797 praesentis.
2290 1725 2364 1780 Ita
2389 1727 2532 1780 enim
2558 1734 2613 1781 et
2638 1741 2735 1781 nos
2765 1725 2935 1795 ipsam
2957 1724 3295 1794 effugiemus,
3323 1731 3376 1776 et
3395 1722 3530 1776 alios

1942 1819 2274 1891 naufragium
2322 1819 2588 1889 patientes
2627 1818 2976 1875 extrahemus
3005 1859 3021 1886 ,
3072 1819 3240 1888 gratia
3285 1824 3340 1871 et
3378 1812 3531 1869 beni-

1941 1914 2172 1982 gnitate,
2203 1920 2310 1966 etc.

980 2016 3525 2046 ΝΜ

1617 2077 1960 2142 HOMILIA
2004 2077 2221 2139 XXX.

278 2225 386 2282 Car.
414 2222 506 2278 12.
549 2237 602 2275 v.
639 2217 729 2275 12.
756 2216 902 2273 Sicut
927 2214 1061 2270 enim
1084 2228 1269 2283 corpus
1298 2194 1454 2264 unum
1478 2216 1572 2273 est,
1600 2214 1646 2260 et
1675 2219 1838 2258 mem-

333 2317 420 2370 bra
438 2313 586 2369 habet
610 2308 773 2366 multa
795 2324 814 2374 ;
843 2308 1015 2362 omnia
1040 2315 1208 2358 autem
1232 2301 1455 2357 membra
1471 2297 1697 2369 corporis
1723 2311 1840 2349 cum

331 2412 428 2467 sint
457 2406 640 2471 multa,
661 2420 820 2459 unum
839 2413 1006 2456 tamen
1034 2414 1217 2469 corpus
1242 2397 1363 2451 sunt
1382 2410 1400 2448 :
1420 2395 1492 2447 ita
1516 2400 1563 2446 et
1587 2388 1837 2446 Christus.

334 2507 385 2559 1.
426 2504 560 2557 Cum
610 2496 1034 2555 consolationem
1088 2491 1409 2562 praebuisset
1468 2503 1534 2543 ex
1580 2499 1646 2541 eo
1698 2481 1842 2553 quod

270 2595 548 2668 gratuitum
574 2598 723 2648 esset
747 2589 944 2644 donum
967 2627 982 2651 ,
1040 2600 1109 2640 ex
1167 2599 1234 2639 eo
1258 2581 1401 2653 quod
1440 2579 1620 2635 omnia
1642 2592 1707 2632 ex
1736 2588 1843 2629 uno

269 2687 557 2757 eodemque
609 2681 811 2753 Spiritu
844 2682 1150 2749 acciperent
1174 2718 1190 2745 ,
1213 2692 1281 2731 ex
1307 2689 1373 2730 eo
1394 2671 1536 2743 quod
1557 2669 1625 2726 ad
1647 2668 1846 2722 utilita-

270 2788 370 2834 tem
398 2776 659 2832 darentur
690 2814 706 2839 ,
738 2789 806 2829 ex
834 2787 900 2827 eo
929 2769 1069 2841 quod
1101 2784 1199 2838 per
1228 2766 1438 2821 minora
1482 2759 1845 2817 manifestatio

268 2869 418 2925 ﬁeret
446 2887 459 2921 :
484 2867 553 2921 ad
584 2866 700 2921 haec
727 2863 889 2921 etiam
917 2877 1038 2917 cum
1068 2875 1130 2916 os
1172 2872 1361 2914 eorum
1394 2854 1751 2911 obstrinxisset
1779 2865 1848 2904 cx

273 2977 337 3017 eo
389 2960 532 3031 quod
582 2964 827 3029 oporteat
876 2952 1122 3026 potestati
1161 2950 1392 3021 Spiritus
1432 2946 1663 3010 cedere;
1723 2941 1848 2997 Htec

266 3055 408 3110 enim
461 3051 633 3106 omnia
653 3089 670 3117 ,
699 3047 889 3118 inquit,
920 3053 1159 3116 operatur
1182 3057 1314 3095 unus
1343 3049 1494 3109 atque
1520 3036 1653 3091 idem
1675 3033 1849 3106 Spiri-

269 3160 367 3215 tus,
395 3146 624 3202 dividens
652 3142 865 3214 singulis
891 3147 1042 3209 prout
1078 3138 1185 3193 uult
1208 3151 1228 3201 ;
1257 3148 1426 3205 quare
1452 3147 1558 3187 non
1596 3129 1722 3184 licet
1751 3142 1851 3181 cu-

267 3241 414 3296 riose
436 3236 708 3307 inquirere
734 3251 748 3287 :
779 3248 842 3288 ex
870 3231 978 3286 alio
1003 3243 1190 3285 rursus
1222 3227 1340 3282 illos
1359 3224 1670 3281 consolatur
1699 3235 1851 3275 com-

266 3330 417 3385 muni
463 3326 754 3397 exemplo:
786 3334 840 3380 et
868 3322 937 3378 ad
977 3330 1221 3377 naturam
1262 3319 1433 3388 ipsam
1481 3313 1764 3383 confugit,
1797 3318 1856 3365 ut

267 3421 449 3477 facere
463 3420 618 3474 solet.
635 3417 768 3473 Nam
793 3414 1007 3487 quando
1029 3411 1325 3468 disserebat
1344 3409 1412 3465 de
1438 3422 1590 3464 coma
1619 3408 1854 3460 virorum

268 3527 332 3567 ac
356 3511 664 3577 mulierum,
694 3516 813 3579 post
836 3506 938 3561 alia
962 3505 1088 3560 hinc
1113 3517 1327 3574 quoque
1347 3502 1470 3557 illos
1494 3498 1743 3564 erudivit,
1770 3496 1856 3552 di-

262 3619 397 3660 cens
424 3620 441 3657 :
472 3606 654 3657 Annon
674 3603 786 3673 ipsa
806 3610 991 3654 natura
1006 3613 1093 3651 vos
1118 3597 1297 3662 docet,
1319 3594 1454 3666 quod
1480 3594 1556 3646 vir
1579 3592 1784 3663 quidem
1813 3588 1857 3642 si

262 3711 474 3752 comam
498 3694 705 3758 nutriat,
738 3690 1017 3763 ignominia
1037 3697 1110 3743 est
1136 3686 1213 3742 illi
1239 3701 1259 3751 ;
1284 3686 1466 3740 mulier
1493 3694 1662 3737 autem
1698 3681 1741 3735 si
1766 3695 1858 3733 co-

261 3803 409 3841 mam
440 3785 628 3839 nutriat
657 3824 672 3848 ,
700 3783 798 3854 ipsi
823 3790 896 3836 est
920 3780 1084 3853 gloria
1111 3778 1131 3850 (
1154 3775 1343 3832 LCor.
1373 3777 1462 3830 11.
1493 3775 1580 3829 14.
1610 3773 1678 3828 15
1706 3773 1727 3843 )
1753 3771 1860 3826 lEt

260 3893 395 3934 cum
436 3876 507 3933 de
537 3874 849 3947 idolothytis
875 3872 1085 3928 dicebat
1113 3910 1130 3937 ,
1161 3869 1456 3941 prohibens
1481 3867 1567 3920 illa
1598 3874 1817 3934 tangere
1839 3903 1858 3929 ,

259 3971 439 4026 etiam
470 3968 539 4023 ab
563 3968 801 4023 externis
826 3964 1088 4034 exemplis
1118 3974 1425 4018 sermonem
1455 3958 1626 4025 texit,
1667 3956 1860 4028 Olym-

259 4063 389 4131 pica
434 4060 728 4115 certamina
772 4070 1080 4112 memorans
1120 4063 1174 4110 et
1213 4052 1443 4111 dicens:
1472 4050 1571 4118 Qui
1599 4051 1653 4104 in
1696 4048 1861 4104 stadio

253 4161 531 4220 currunt,
562 4168 733 4208 omnes
771 4152 972 4222 quidem
1020 4156 1229 4203 currunt
1256 4188 1270 4212 ,
1300 4163 1432 4200 unus
1466 4155 1631 4199 autem
1679 4144 1864 4208 accipit

252 4245 507 4300 bravium
534 4242 706 4314 (Ibid.
737 4243 793 4298 9.
822 4240 933 4311 24)
964 4257 980 4296 :
1009 4250 1170 4311 atque
1210 4254 1239 4294 a
1293 4237 1598 4308 pastoribus
1627 4276 1641 4301 ,
1674 4234 1863 4293 militi-

250 4335 370 4391 bus
419 4345 477 4391 et
520 4333 767 4405 agricolis
813 4332 903 4388 illa
932 4332 1046 4401 ipsa
1078 4330 1327 4401 probans.
1363 4327 1487 4384 ideo
1534 4328 1623 4383 hic
1653 4340 1866 4397 quoque

250 4443 566 4487 commune
589 4426 891 4498 exemplum
914 4426 966 4480 in
989 4424 1224 4480 tnedium
1248 4423 1423 4491 all'ert,
1445 4437 1552 4494 quo
1575 4422 1866 4477 admodum

255 4520 562 4579 contendit
603 4529 664 4575 ut
706 4517 954 4573 ostendat
988 4516 1258 4571 neminem
1306 4516 1486 4569 minus
1526 4528 1688 4584 quam
1732 4513 1867 4569 alios

263 4614 503 4678 habere,
540 4612 595 4668 id
620 4612 763 4681 quod
793 4610 1035 4665 mirabile
1063 4610 1250 4665 luisset
1272 4616 1328 4664 et
1353 4608 1577 4678 probatu
1601 4606 1818 4663 difﬁcile
1845 4647 1864 4675 ,

272 4714 573 4776 tamenque
617 4703 970 4774 simpliciores
1014 4712 1202 4773 posset
1247 4697 1625 4756 recrearezde
1654 4700 1720 4754 iis
1747 4715 1870 4770 quae

259 4796 341 4852 ad
365 4812 569 4867 corpus
594 4803 839 4865 spectant
861 4794 1001 4850 dico.
1021 4792 1423 4849 Pusillanimem
1445 4806 1677 4860 namque
1692 4799 1748 4846 et
1765 4791 1870 4845 mi-

255 4905 382 4947 nus
412 4890 703 4945 habentem
742 4888 873 4942 nihil
902 4887 972 4942 ita
997 4887 1307 4942 consolatur
1333 4894 1388 4940 et
1429 4884 1497 4939 ad
1526 4898 1635 4941 non
1682 4883 1873 4940 dolens

256 4986 409 5040 dum
444 4984 690 5049 inducit,
720 4993 778 5037 ut
814 4996 938 5037 cum
980 4979 1142 5036 discit
1184 4994 1248 5034 se
1289 4992 1397 5033 non
1427 4978 1604 5033 minus
1648 4977 1871 5034 habere.

254 5076 629 5147 Quapropter
658 5073 710 5129 id
739 5073 830 5128 ille
859 5073 1092 5143 probans
1118 5112 1132 5137 ,
1164 5072 1242 5125 sic
1263 5069 1498 5139 loquitur
1522 5086 1535 5122 :
1568 5070 1714 5124 Sicut
1735 5069 1872 5124 enim

255 5183 474 5239 corpus
493 5182 655 5220 unum
676 5172 771 5232 est,
801 5174 846 5219 et
871 5165 1092 5218 membra
1120 5162 1267 5217 habet
1289 5162 1474 5216 multa.
1504 5161 1751 5218 Vidistin’
1778 5177 1864 5217 ac-

258 5268 531 5316 curatam
584 5257 990 5328 intelligentiam
1015 5257 1039 5310 'l
1067 5254 1306 5326 ldipsum
1349 5262 1407 5310 et
1433 5269 1603 5309 unum
1624 5261 1680 5309 et
1704 5253 1874 5309 multa

260 5369 407 5410 esse
436 5350 696 5407 ostendit.
731 5349 854 5404 Ideo
875 5349 1172 5419 subiungit,
1204 5346 1259 5403 in
1286 5347 1561 5418 proposito
1591 5347 1762 5417 magis
1793 5347 1878 5401 in-
1930 5362 1933 5367 ί

261 5456 441 5503 stans
473 5464 488 5501 ε
518 5443 705 5500 Omnia
723 5453 891 5498 autem
916 5442 1137 5496 membra
1163 5440 1411 5512 corporis,
1438 5457 1554 5495 cum
1572 5440 1673 5496 sint
1692 5439 1875 5507 multa,

263 5553 451 5592 unum
478 5546 596 5592 sunt
618 5552 819 5605 corpus.
844 5533 959 5589 Non
980 5533 1115 5587 dixit
1138 5572 1153 5599 ,
1186 5531 1320 5587 Cum
1350 5533 1459 5588 sint
1482 5532 1652 5588 multa
1673 5572 1692 5601 ,
1717 5532 1878 5588 unius
1918 5554 1927 5561 ·

267 5644 417 5685 sunt
437 5628 723 5698 corporis;
764 5625 880 5692 sed,
915 5625 1026 5681 Hoc
1048 5627 1222 5695 ipsum
1254 5641 1416 5679 unum
1447 5626 1610 5679 multa
1634 5634 1794 5692 sunt,
1822 5633 1878 5681 et

272 5721 375 5777 illa
401 5721 576 5776 multa
598 5718 839 5775 membra
851 5718 953 5773 hoc
967 5732 1133 5773 unum
1151 5725 1255 5772 est.
1274 5717 1329 5772 Si
1359 5732 1489 5788 ergo
1513 5717 1679 5772 multa
1709 5730 1875 5771 unum

270 5823 418 5871 sunt
444 5854 459 5879 ,
499 5820 558 5868 et
604 5826 769 5866 unum
810 5808 972 5863 multa
998 5850 1013 5877 ,
1041 5808 1133 5864 ubi
1161 5820 1244 5864 est
1292 5808 1588 5865 differentia
1608 5809 1633 5862 ?
1657 5808 1871 5865 ubinam

274 5907 333 5965 ω
364 5906 520 5979 quod
543 5902 796 5960 excedit?
822 5901 907 5957 ubi
929 5900 1070 5973 quod
1099 5903 1274 5958 minus
1303 5914 1385 5960 est
1411 5905 1433 5957 ?
1468 5904 1648 5960 Omnia
1682 5910 1820 5963 enim
1853 5949 1867 5973 ,

1948 2203 2119 2271 inquit
2146 2245 2162 2269 ,
2194 2219 2351 2257 unum
2377 2213 2494 2259 sunt
2522 2244 2538 2269 ,
2570 2212 2627 2260 et
2675 2219 2783 2259 non
2828 2203 2990 2260 modo
3017 2220 3181 2259 unum
3213 2246 3228 2270 ,
3253 2203 3345 2259 sed
3371 2205 3532 2260 etiam

1947 2294 2116 2365 magis
2164 2295 2379 2365 proprie
2430 2295 2733 2351 examinata
2765 2336 2782 2360 ,
2815 2296 3110 2352 secundum
3157 2295 3300 2366 quod
3339 2311 3536 2367 corpus

1947 2396 2074 2442 sunt
2101 2428 2116 2454 ,
2147 2387 2498 2443 inveniuntur
2521 2389 2703 2444 omnia
2732 2403 2855 2444 esse
2880 2404 3066 2443 unum.
3097 2386 3325 2456 Quando
3354 2395 3532 2443 autem

1950 2498 2046 2552 per
2086 2491 2298 2552 partes,
2343 2492 2468 2537 tunc
2504 2481 2804 2539 differentia
2839 2490 2956 2549 est,
3008 2490 3063 2537 et
3101 2480 3400 2537 differentia
3440 2481 3530 2536 illa

1950 2574 2001 2628 in
2054 2573 2306 2629 omnibus
2341 2573 2608 2629 similiter.
2637 2572 2861 2653 Nullan}
2903 2573 3045 2628 enim
3096 2587 3283 2628 eorum
3332 2587 3428 2641 per
3478 2586 3539 2627 se

1950 2675 2132 2736 potest
2156 2680 2353 2736 corpus
2391 2666 2605 2722 efﬁcere
2634 2706 2651 2733 ,
2682 2665 2777 2721 sed
2809 2665 2923 2735 pari
2961 2662 3124 2720 modo
3163 2663 3371 2734 singula
3404 2663 3539 2718 deﬁ-

1950 2761 2100 2816 ciunt
2128 2759 2195 2815 ad
2217 2774 2416 2830 corpus
2439 2758 2830 2815 el'formandum
2862 2801 2878 2826 ,
2905 2769 2961 2814 et
3003 2773 3139 2829 opus
3185 2767 3269 2813 est
3306 2757 3538 2828 conjun-

1953 2855 2151 2910 ctione.
2196 2853 2331 2910 Cum
2357 2854 2501 2910 enim
2531 2854 2697 2909 multa
2727 2868 2889 2908 unum
2919 2851 3225 2907 efﬁciuntur
3249 2891 3267 2920 ,
3303 2860 3429 2906 tunc
3456 2861 3541 2909 est

1955 2962 2121 3001 unum
2147 2961 2363 3017 corpus.
2382 2945 2615 3017 Ideoque
2642 2948 2695 3003 id
2718 2948 2894 3017 ipsum
2916 2946 3260 3002 subindicans
3285 2946 3497 3002 dicebat
3524 2964 3540 3001 :

1960 3035 2146 3093 Omnia
2169 3046 2335 3093 autem
2375 3038 2596 3093 membra
2627 3039 2876 3109 corporis,
2904 3055 3020 3093 cum
3040 3040 3141 3094 sint
3168 3039 3351 3105 multa,
3379 3054 3543 3093 unum

1958 3142 2029 3187 est
2052 3149 2254 3204 corpus.
2282 3132 2467 3204 Neque
2491 3133 2627 3189 dixit
2654 3176 2669 3200 ,
2691 3133 2822 3203 Qua:
2847 3134 3115 3191 excedunt
3143 3144 3199 3190 et
3224 3150 3345 3206 qua:
3368 3134 3550 3190 mino-

1959 3241 2017 3280 ra
2046 3234 2193 3292 sunt,
2214 3224 2310 3281 sed
2334 3270 2351 3291 ,
2383 3224 2509 3281 Cum
2529 3226 2629 3281 sint
2656 3227 2818 3281 multa
2841 3268 2858 3294 ,
2886 3226 3030 3298 quod
3055 3242 3341 3282 commune
3365 3226 3547 3282 omni-

1956 3319 2063 3374 bus
2110 3328 2213 3373 est.
2260 3319 2328 3373 Et
2374 3319 2646 3389 quomodo
2695 3317 2811 3374 ﬁeri
2864 3327 3046 3388 potest
3087 3328 3147 3374 ut
3195 3319 3305 3375 sint
3329 3333 3493 3373 unum
3521 3317 3548 3372 ἲ

1961 3410 2185 3480 Quando
2210 3411 2383 3482 ejecta
2411 3412 2779 3467 membrorum
2807 3410 3110 3467 differentia
3144 3452 3160 3477 ,
3192 3425 3390 3482 corpus
3417 3424 3549 3466 exa-

1963 3505 2270 3562 minaveris.
2298 3504 2450 3573 Quod
2473 3506 2617 3560 enim
2646 3515 2730 3561 est
2749 3505 2960 3570 oculus,
2994 3505 3098 3560 hoc
3120 3513 3175 3559 et
3201 3518 3297 3573 pes
3325 3510 3429 3571 est,
3457 3516 3550 3558 se-

1963 3601 2198 3677 cundum
2230 3600 2281 3655 id
2312 3600 2455 3671 quod
2483 3600 2780 3655 membrum
2810 3609 2935 3654 sunt
2958 3607 3012 3653 et
3031 3612 3229 3669 corpus
3258 3596 3502 3653 efficiunt
3531 3613 3548 3650 :

1964 3692 2108 3746 nulla
2125 3691 2266 3746 enim
2282 3690 2370 3746 hic
2393 3690 2692 3746 diﬁ'erentia
2711 3698 2814 3745 est.
2837 3689 3019 3761 Neque
3047 3689 3225 3745 dicere
3251 3687 3426 3759 possis
3452 3687 3554 3742 hoc

1966 3783 2265 3838 membrum
2297 3798 2393 3853 per
2418 3798 2478 3839 se
2505 3798 2701 3854 corpus
2723 3782 2922 3849 facere,
2960 3782 3089 3837 illud
3108 3797 3213 3837 non
3243 3782 3407 3837 item:
3437 3795 3555 3836 om-

1966 3874 2054 3929 nia
2086 3874 2229 3929 enim
2263 3874 2363 3930 hac
2391 3874 2443 3929 in
2467 3890 2528 3930 re
2550 3876 2696 3945 paria
2722 3884 2869 3943 sunt,
2888 3874 3010 3945 quia
3036 3873 3217 3929 omnia
3240 3888 3408 3928 unum
3428 3878 3558 3927 sunt

1967 3980 2181 4036 corpus.

2040 4058 2269 4113 Ecclesia
2310 4058 2515 4128 corpori
2548 4058 2770 4113 humano
2809 4068 3156 4129 comparatur.
3184 4085 3259 4099 -—
3285 4056 3400 4111 Hoc
3431 4070 3553 4111 cum

1969 4151 2214 4217 dixisset,
2246 4159 2302 4206 et
2327 4151 2472 4206 clare
2497 4168 2563 4206 ex
2596 4151 2833 4205 omnium
2865 4150 3073 4205 calculo
3102 4148 3552 4213 demonstrasset,

1972 4244 2266 4315 subjunxit,
2296 4242 2380 4297 lta
2406 4254 2452 4297 et
2481 4241 2734 4298 Christus.
2760 4242 2972 4297 Etcum
3000 4241 3323 4312 oportuisset
3350 4240 3552 4305 dicere,

1972 4336 2046 4391 Ita
2089 4346 2143 4391 et
2190 4335 2472 4401 Ecclesia;
2529 4335 2633 4390 hoc
2677 4334 2820 4389 enim
2870 4349 3205 4405 consequens
3253 4343 3415 4390 erat:
3457 4332 3560 4388 hoc

1973 4425 2189 4497 quidem
2224 4442 2330 4482 non
2361 4426 2517 4493 dixit,
2548 4425 2641 4482 sed
2674 4427 2824 4482 illius
2867 4426 2987 4481 loco
3008 4425 3280 4482 Christum
3304 4426 3475 4494 ponit,
3506 4425 3557 4479 in

1973 4525 2138 4577 altum
2171 4522 2436 4577 extollens
2462 4521 2788 4587 orationem,
2814 4529 2869 4575 et
2911 4519 3213 4575 auditorem
3241 4517 3412 4588 magis
3455 4532 3560 4588 pn-

1974 4616 2107 4671 dure
2152 4614 2415 4669 afﬁciens.
2460 4612 2574 4668 Hoc
2619 4620 2795 4667 autem
2839 4613 2953 4667 vult
2994 4610 3341 4682 signiﬁcare:
3386 4609 3462 4664 ita
3507 4617 3563 4664 ct

1977 4707 2177 4763 Christi
2202 4721 2424 4776 corpus,
2453 4704 2596 4776 quod
2624 4713 2710 4760 est
2733 4704 2995 4761 Ecclesia.
3019 4703 3170 4760 Sicut
3190 4704 3332 4757 enim
3355 4709 3411 4758 et
3437 4717 3559 4757 cor-

1978 4814 2076 4868 pus
2118 4807 2174 4853 et
2215 4806 2381 4870 caput
2423 4811 2560 4851 unus
2589 4803 2714 4851 sunt
2762 4796 2946 4863 homo,
2977 4796 3049 4850 ita
3078 4804 3134 4852 et
3182 4794 3478 4850 Ecclesiam
3511 4800 3568 4848 et

1978 4890 2253 4945 Christum
2281 4904 2447 4945 unum
2474 4904 2596 4945 esse
2620 4888 2774 4945 dixit.
2811 4887 2936 4943 Ideo
2960 4887 3235 4943 Christum
3259 4902 3359 4958 pro
3379 4886 3568 4943 Eccle-

1981 4983 2058 5039 sia
2088 4982 2289 5053 posuit,
2308 4996 2506 5053 corpus
2533 4981 2652 5052 ejus
2681 4980 2760 5036 sic
2784 4995 3007 5038 vocans.
3027 4981 3176 5038 Sicut
3201 4996 3351 5052 ergo,
3372 4979 3563 5053 inquit,

1980 5090 2177 5147 corpus
2217 5087 2462 5130 nostrum
2492 5089 2659 5130 unum
2687 5083 2793 5142 est,
2818 5074 3029 5130 etiamsi
3056 5090 3125 5130 ex
3151 5074 3332 5129 multis
3359 5074 3567 5129 consti-

1983 5176 2193 5222 tuatur:
2219 5167 2291 5223 ita
2312 5177 2367 5221 et
2387 5167 2439 5221 in
2461 5166 2705 5223 Ecclesia
2727 5182 2916 5222 omnes
2939 5182 3102 5221 unum
3124 5182 3329 5223 sumus.
3346 5166 3569 5223 Etiamsi

1983 5259 2126 5313 enim
2154 5258 2246 5314 illa
2275 5273 2341 5316 ex
2367 5259 2549 5314 multis
2574 5259 2836 5315 membris
2875 5267 3109 5328 constat,
3138 5258 3233 5315 sed
3274 5258 3363 5314 illa
3404 5259 3572 5315 multa

1987 5364 2153 5405 unum
2191 5348 2327 5405 ﬁunt
2354 5364 2573 5423 corpus.
2603 5351 2734 5406 Cum
2780 5365 2911 5422 ergo
2950 5360 3250 5407 recreasset
3276 5361 3334 5407 et
3362 5351 3570 5407 erexis-

1986 5451 2071 5498 set
2094 5442 2163 5498 ab
2192 5443 2296 5499 hoc
2324 5443 2599 5498 communi
2625 5443 2877 5514 exemplo
2906 5459 3027 5499 eum
3053 5444 3144 5515 qui
3171 5443 3452 5500 videbatur
3472 5442 3574 5498 mi-

1987 5550 2087 5590 nor
2113 5535 2251 5601 ﬁeri,
2275 5551 2463 5592 rursus
2487 5550 2834 5591 communem
2858 5535 3079 5591 dimittit
3104 5535 3571 5598 consuetudinem,

1988 5637 2045 5683 et
2068 5627 2135 5682 ad
2172 5627 2318 5683 aliud
2342 5628 2516 5698 pergit
2539 5627 2820 5697 spirituale
2842 5636 3024 5698 caput,
3056 5629 3316 5698 majorem
3342 5625 3574 5680 aﬁ‘erens

1990 5721 2435 5793 consolationem,
2476 5719 2619 5784 quod
2668 5719 2918 5775 ostendat
2965 5735 3210 5790 magnam
3262 5720 3315 5775 in
3365 5717 3572 5773 honore

1980 5806 2356 5874 aequalitatem.
2398 5805 2681 5872 Quodnam
2723 5804 2855 5859 illud
2885 5802 3005 5857 est?
3034 5803 3120 5858 15.
3157 5800 3361 5857 Etenim
3391 5802 3445 5857 in
3472 5819 3578 5859 uno

1984 5900 2210 5971 Spiritu,
2242 5898 2430 5967 inquit,
2460 5914 2631 5953 omnes
2668 5913 2759 5954 nos
2806 5899 2857 5951 in
2906 5912 3065 5950 unum
3110 5912 3294 5969 corpus
3325 5897 3576 5967 baptismi
