3962 6454
515 394 613 463 ἓδι

515 538 714 592 sumus,
742 525 844 579 sive
869 523 1064 591 Judwi,
1101 525 1201 577 sive
1252 522 1436 586 erci,
1481 520 1583 573 sive
1613 519 1762 585 servi,
1791 518 1895 572 sive
1940 514 2103 570 liberi.

517 616 571 671 ld
604 627 680 671 est
713 635 725 671 :
760 617 900 685 quod
930 615 1108 671 effecit
1149 622 1207 668 ut
1250 628 1415 668 unum
1451 627 1649 681 corpus
1679 612 1871 672 simus,
1903 616 1958 663 et
2009 622 2108 662 nos

517 708 881 777 regeneravit.
903 723 1039 761 unus
1068 716 1152 761 est
1174 705 1409 777 Spiritus
1437 723 1450 759 :
1482 718 1587 758 non
1609 704 1753 757 enim
1777 701 1830 755 in
1864 701 1970 756 alio
1996 698 2104 763 hic,

521 799 574 851 in
608 799 716 852 alio
745 799 832 853 ille
858 798 1167 867 baptizatus
1182 804 1265 851 est
1308 795 1522 865 spiritu.
1558 793 1678 848 Non
1723 790 1883 847 modo
1924 798 2105 844 autent

520 890 615 959 q'ui
663 906 761 944 nos
792 890 1023 959 baptizat
1051 902 1189 943 unus
1231 896 1336 953 est,
1383 887 1478 942 sed
1508 894 1564 941 et
1602 900 1767 940 unum
1797 893 1882 938 est
1918 883 1971 937 in
1997 896 2107 951 quo

522 979 845 1049 baptizavit;
881 978 931 1033 id
955 990 1058 1046 est,
1086 989 1310 1049 pmpter
1326 977 1469 1046 quod
1496 975 1802 1047 baptizavit.
1823 973 1938 1029 Non
1962 974 2106 1029 enim

516 1086 578 1129 ut
604 1075 816 1130 diversa
849 1073 1041 1130 ﬁerent
1066 1089 1317 1144 corpora,
1340 1072 1434 1129 sed
1477 1080 1538 1127 ut
1562 1086 1751 1127 omnes
1797 1070 1957 1125 unius
1984 1083 2108 1124 cor-

518 1168 669 1236 poris
716 1177 1019 1223 accuratam
1062 1167 1499 1237 conjunctionem
1565 1173 1754 1220 mutuo
1802 1178 2101 1228 servemus,

518 1261 773 1329 baptizati
818 1274 1044 1324 smnus;
1093 1259 1196 1315 hoc
1239 1268 1341 1326 est,
1375 1266 1435 1314 ut
1477 1271 1668 1314 omnes
1706 1269 1873 1311 unum
1909 1267 2108 1324 corpus

519 1352 710 1418 simus,
740 1352 792 1405 in
821 1351 926 1406 hoc
956 1351 1209 1422 baptizati
1232 1365 1442 1406 sumus.

592 1443 649 1497 Ξ.
696 1442 882 1513 Itaque
924 1452 980 1499 et
1023 1444 1113 1514 qui
1163 1442 1468 1498 construxit
1507 1454 1724 1513 corpus,
1758 1451 1896 1495 unus
1922 1447 2023 1504 est,
2053 1445 2109 1494 et

519 1533 572 1588 id
599 1534 665 1589 ad
688 1534 832 1604 quod
858 1543 1224 1590 constructum
1256 1542 1360 1599 est,
1394 1548 1558 1589 unum
1588 1542 1706 1594 est.
1720 1530 1832 1589 Nec
1855 1530 2008 1595 dixit,
2038 1529 2111 1587 Ut

520 1627 694 1682 simus
716 1627 957 1698 ejusdem
996 1629 1275 1699 corporis;
1318 1627 1434 1693 sed,
1467 1625 1538 1683 Ut
1562 1642 1728 1682 unum
1754 1639 1953 1695 corpus
1992 1639 2110 1680 om-

519 1736 618 1775 nes
643 1722 851 1775 simus:
883 1735 1100 1793 semper
1127 1722 1271 1777 enim
1300 1720 1482 1776 studet
1505 1720 1682 1776 verbis
1710 1721 1972 1788 majorem
1997 1732 2112 1773 em-

521 1814 711 1882 phasin
740 1813 1168 1885 exprimentibus
1198 1813 1298 1869 uti.
1332 1813 1402 1869 Et
1439 1813 1577 1869 bene
1607 1812 1772 1879 dixit,
1805 1810 1993 1866 Omnes
2021 1826 2111 1865 su-

476 1945 489 1965 .
520 1925 652 1974 mus,
682 1908 919 1979 seipsum
959 1909 1239 1980 adjiciens.
1271 1907 1453 1979 Neque
1486 1908 1631 1962 enim
1674 1919 1805 1977 ergo
1833 1904 2111 1976 apostolus

522 1999 644 2067 plus
669 2013 829 2069 quam
862 2009 918 2055 tu
953 1999 1079 2070 quid
1105 1999 1319 2055 habeo:
1350 1998 1551 2054 etenim
1574 2006 1630 2051 tu
1659 2009 1857 2066 corpus
1879 2011 1939 2051 es
1973 1996 2113 2051 sicut

524 2101 580 2146 et
620 2105 741 2161 ego,
775 2106 896 2162 ego,
941 2091 1080 2146 sicut
1123 2100 1200 2156 tu,
1230 2099 1285 2146 et
1329 2102 1520 2144 omnes
1568 2087 1801 2159 idipsum
1852 2087 2112 2143 habemus

525 2193 708 2254 caput,
735 2194 789 2238 et
814 2184 1003 2239 eodem
1028 2194 1183 2254 partu
1215 2184 1325 2239 nati
1352 2197 1570 2239 sumus:
1597 2181 1796 2237 idcirco
1822 2180 1963 2235 idem
1992 2195 2114 2235 cor-

525 2292 627 2347 pus
657 2291 862 2331 sumus.
895 2276 964 2332 Et
1003 2276 1128 2348 quid
1153 2276 1274 2332 dico
1299 2318 1315 2342 ,
1343 2276 1535 2346 inquit,
1576 2273 1831 2331 Judmos?
1878 2274 2012 2330 Nam
2057 2282 2115 2330 et

522 2367 742 2423 Graecns
773 2384 805 2422 a
833 2368 987 2424 nobis
1010 2377 1215 2424 tantum
1246 2368 1493 2434 dissitos,
1519 2367 1586 2422 ad
1617 2366 1671 2422 id
1701 2369 1874 2439 ipsum
1915 2380 2113 2437 corpus

529 2458 754 2529 redegit.
798 2459 975 2527 Quare
1017 2475 1138 2515 cum
1180 2459 1433 2526 dixisset,
1479 2458 1591 2513 Nos
1631 2475 1833 2523 onines,
1874 2474 1982 2514 non
2026 2458 2113 2514 hic

523 2552 795 2618 substitit;
820 2552 914 2608 sed
942 2553 1222 2624 subjunxit
1248 2573 1263 2610 :
1291 2554 1413 2609 Sive
1436 2551 1632 2621 Judaei,
1668 2554 1769 2609 sive
1796 2552 1982 2619 (ἔναυε,
2009 2554 2114 2607 sive

521 2645 671 2710 servi,
720 2645 823 2698 sive
871 2644 1035 2699 liberi.
1076 2644 1230 2714 Quod
1273 2647 1321 2701 si
1366 2660 1492 2700 cum
1534 2656 1691 2701 antea
1735 2644 1872 2700 adeo
1916 2644 2112 2701 remoti

527 2750 792 2800 essemus,
820 2737 991 2806 juncti
1020 2752 1208 2793 sumus
1236 2745 1293 2793 et
1319 2752 1485 2793 unum
1513 2736 1722 2805 effecti;
1751 2738 1923 2792 multo
1943 2738 2113 2808 magis

524 2836 810 2898 postquam
837 2844 1000 2883 unum
1029 2828 1154 2884 facti
1180 2845 1388 2897 sumus,
1418 2845 1526 2884 non
1563 2830 1822 2885 debemus
1845 2830 2030 2885 dolere
2060 2836 2117 2884 et

526 2922 783 2978 maestitia
812 2921 952 2978 afﬁci
979 2941 992 2977 :
1026 2938 1201 2994 neque
1227 2924 1371 2978 enim
1398 2923 1574 2979 locum
1599 2922 1763 2977 habet
1787 2921 2112 2979 differentia.

529 3012 666 3068 Nam
687 3014 730 3068 si
757 3012 976 3071 Graecos
1012 3031 1109 3070 seu
1134 3016 1363 3086 gentiles
1380 3025 1436 3070 et
1459 3014 1678 3071 Judzcos
1705 3014 1897 3070 iisdem
1926 3015 2117 3087 digna-

528 3115 615 3160 tus
655 3114 758 3172 est,
790 3120 1000 3162 necnon
1045 3123 1232 3163 servos
1275 3116 1331 3163 et
1370 3108 1604 3173 liberos;
1650 3106 1925 3176 quomodo
1962 3115 2115 3177 post-

526 3212 687 3266 quam
717 3198 783 3253 id
799 3199 1049 3269 dignatus
1095 3210 1197 3267 est,
1236 3200 1576 3271 disjunxerit,
1605 3200 1820 3271 quando
1854 3200 2115 3271 majorem

528 3299 586 3345 ct
642 3293 1030 3346 accuratiorem
1081 3307 1146 3347 ex
1197 3292 1355 3348 donis
1403 3293 1837 3363 coniunctionem
1898 3292 2117 3351 efficere

531 3378 780 3453 dignatus
801 3384 923 3439 est?
947 3381 1017 3439 Et
1047 3402 1218 3441 omnes
1247 3403 1351 3440 uno
1378 3385 1581 3456 Spiritu
1610 3387 1772 3452 palati
1796 3404 1994 3442 sumus.
2025 3389 2114 3443 N.

532 3473 674 3527 Nam
700 3484 747 3529 et
776 3491 964 3547 corpus
994 3493 1096 3531 non
1121 3486 1194 3532 est
1219 3494 1376 3532 unum
1403 3479 1702 3546 membrum,
1730 3480 1820 3533 sed
1848 3481 2029 3535 multa.
2062 3480 2118 3536 Id

531 3575 637 3632 est,
668 3566 736 3622 ad
766 3567 1009 3624 eamdem
1040 3571 1287 3625 venimus
1328 3569 1708 3641 mysteriorum
1737 3570 2115 3639 initiationem,

530 3659 717 3714 eadem
768 3658 996 3715 fruimur
1044 3668 1252 3715 mensa.
1297 3661 1364 3715 Et
1409 3676 1507 3716 cur
1550 3675 1658 3716 non
1688 3660 1869 3717 dixit:
1911 3662 2116 3719 Eodem

527 3767 756 3823 corpore
780 3755 1065 3820 nutrimur,
1089 3762 1145 3809 et
1169 3753 1360 3810 eodem
1384 3757 1641 3825 sanguine
1667 3756 1955 3826 p0tamur?
1984 3757 2119 3824 Quia

529 3857 653 3898 cum
687 3845 943 3914 Spiritum
975 3845 1132 3910 dixit,
1160 3854 1450 3916 utrumque
1478 3847 1797 3917 signiﬁcavit
1822 3858 1878 3904 et
1902 3852 2123 3921 sangui-

532 3950 653 3990 nem
683 3946 739 3991 et
770 3953 965 4007 corpus
991 3955 1006 3992 :
1050 3952 1146 4008 per
1174 3947 1458 4009 utrumque
1488 3941 1631 3994 enim
1659 3955 1767 3995 uno
1790 3940 1994 4011 Spiritu
2027 3956 2122 4011 po-

535 4039 731 4083 tamur.
763 4028 890 4083 Mihi
916 4042 1097 4084 autem
1123 4030 1337 4085 videtur
1365 4046 1508 4087 nunc
1536 4031 1719 4087 dicere
1765 4033 1912 4087 illum
1946 4032 2114 4104 Spiri-

536 4133 622 4175 tus
672 4121 983 4189 adventum,
1017 4122 1106 4192 qui
1153 4137 1182 4176 a
1227 4124 1545 4191 baptismate
1591 4131 1646 4179 et
1691 4132 1819 4179 ante
1865 4126 2122 4195 mysteria

538 4212 693 4267 nobis
736 4212 967 4268 accedit.
1011 4213 1155 4268 Dixit
1191 4224 1405 4282 autem,
1437 4212 1612 4269 Palati
1656 4232 1853 4284 sumus,
1884 4218 2008 4286 quia
2038 4216 2123 4271 di-

538 4304 736 4358 ctionis
779 4304 1092 4375 metaphora
1122 4306 1275 4361 valde
1300 4318 1600 4377 opportuna
1646 4308 1746 4377 ipsi
1777 4316 1863 4363 est
1885 4310 1951 4363 ad
1982 4324 2120 4377 prae-

538 4411 665 4452 sens
704 4410 1118 4468 argumentum:
1154 4408 1211 4452 ut
1255 4398 1301 4452 si
1325 4398 1393 4453 de
1440 4400 1637 4469 plantis
1668 4410 1720 4454 et
1757 4400 1826 4454 de
1877 4400 2126 4469 paradiso

538 4488 764 4553 diceret,
794 4488 876 4557 Ab
904 4488 1093 4543 eodem
1135 4487 1282 4543 fonte
1326 4504 1515 4543 omnes
1544 4490 1766 4561 arbores
1812 4491 2123 4560 irrigantur,

534 4585 595 4631 et.
619 4578 687 4631 ab
710 4577 899 4632 eadem
927 4594 1063 4648 aqua
1087 4597 1100 4632 :
1129 4578 1199 4632 ita
1226 4590 1282 4633 et
1306 4579 1361 4632 in
1386 4580 1662 4648 prmsenti,
1695 4579 1897 4635 Eodem
1923 4582 2127 4651 Spiritu

541 4667 705 4735 potati
745 4682 931 4722 sumus
959 4682 1170 4728 omnes.
1212 4669 1458 4724 eamdem
1490 4671 1831 4739 percepimus
1873 4675 2124 4742 gratiam.

543 4758 600 4812 Si
626 4773 755 4827 ergo
784 4773 921 4813 unus
945 4757 1178 4828 Spiritus
1204 4775 1302 4814 nos
1331 4761 1630 4831 conjunxit,
1656 4770 1711 4817 et
1737 4778 1836 4818 nos
1859 4779 2047 4820 omnes
2075 4766 2127 4821 in

538 4866 704 4903 unum
743 4866 939 4920 corpus
984 4853 1290 4922 compegit;
1326 4854 1429 4908 hoc
1476 4855 1620 4910 enim
1664 4855 1930 4926 signiﬁcat
1958 4844 2124 4925 illud,

538 4941 610 4996 In
640 4957 796 4995 unum
827 4959 1014 5013 corpus
1042 4942 1283 5012 baptizati
1323 4961 1498 5002 sumus
1524 4964 1543 5011 ;
1587 4957 1642 5002 et
1685 4964 1846 5002 unam
1886 4965 2129 5005 mensam

545 5033 768 5102 largitus
796 5043 898 5102 est,
931 5044 985 5089 et
1014 5035 1262 5091 eamdem
1304 5038 1555 5092 omnibus
1586 5039 1953 5111 irrigationem
1979 5058 1994 5109 ;
2029 5041 2131 5098 hoc

544 5124 689 5179 enim
735 5125 839 5180 sibi
868 5127 982 5180 vult
1028 5127 1176 5193 illud,
1215 5126 1330 5183 Uno
1378 5128 1579 5199 Spiritu
1623 5132 1781 5201 palati
1816 5149 2028 5199 sumus;
2076 5144 2132 5189 ει

544 5224 693 5270 tanto
723 5217 1004 5273 intervallo
1035 5220 1252 5276 dissitos
1273 5223 1485 5290 junxit;
1515 5233 1572 5278 et
1612 5224 1781 5279 multa
1829 5235 1957 5281 tunc
1998 5227 2132 5283 ﬁunt

542 5324 763 5379 corpus,
792 5312 1006 5380 quando
1034 5313 1170 5367 facta
1203 5315 1417 5370 luerunt
1443 5332 1608 5372 unum
1636 5335 1650 5371 :
1684 5333 1783 5373 cur
1810 5319 1938 5374 mihi
1969 5320 2129 5378 dific-

546 5403 775 5456 rentiam
814 5418 907 5457 sus
950 5404 1126 5474 deque
1156 5408 1378 5461 versas?
1411 5407 1468 5463 Si
1497 5419 1676 5463 autem
1710 5409 1935 5479 dixeris,
1965 5411 2129 5468 Multa

539 5509 668 5551 sunt
696 5497 937 5553 membra
970 5508 1025 5553 et
1051 5498 1261 5554 diversa
1293 5518 1306 5553 :
1336 5501 1519 5557 discas
1557 5502 1659 5556 hoc
1684 5502 1859 5572 ipsum
1887 5520 2011 5560 esse
2034 5508 2132 5560 ad-

541 5588 808 5653 mirabile,
828 5597 883 5642 et
913 5589 1052 5643 hanc
1077 5591 1324 5660 corporis
1351 5607 1471 5647 esse
1493 5592 1898 5660 excellentiam,
1919 5598 2132 5664 quando

543 5680 709 5735 multa
738 5689 793 5734 et
817 5679 1028 5734 diversa
1057 5696 1220 5735 unum
1251 5681 1511 5737 efﬁciunt.
1547 5684 1702 5749 Quod
1746 5685 1791 5739 si
1820 5686 1988 5741 multa
2026 5704 2133 5742 non

548 5782 749 5836 essent,
770 5787 877 5824 non
901 5771 973 5826 ita
998 5772 1242 5827 mirabile
1261 5782 1315 5827 et
1346 5775 1770 5845 inexspectatum
1793 5788 1938 5833 esset
1963 5795 2130 5834 unum

557 5877 679 5919 esse
704 5877 931 5933 corpus;
967 5865 1073 5920 imo
1112 5882 1177 5921 ne
1213 5877 1354 5922 esset
1383 5867 1596 5936 quidem
1641 5883 1855 5941 corpus.
1888 5872 1994 5930 Sed
2022 5873 2125 5932 hoc

1236 395 1301 462 .S.
1342 402 1619 462 JOA’NNIS
1654 400 2134 462 CHRYSOSTOMI
2169 396 2483 454 ARCHIEP.
2515 397 3048 458 CONSTANTINOP.
3650 417 3739 473 Q52

2213 511 2434 573 quidem
2468 521 2742 583 postremo
2768 516 2955 584 ponit:
2989 516 3203 585 interim
3227 531 3350 573 vero
3377 520 3438 574 ad
3466 520 3570 592 ipsa
3594 541 3741 583 mem.

2214 603 2305 657 bra
2338 606 2532 674 pergit,
2562 606 2632 659 ita
2661 606 2924 676 loquens:
2969 608 3053 664 l5.
3086 608 3149 662 Si
3177 608 3355 664 dixerit
3381 629 3495 681 pes,
3521 613 3632 670 Non
3653 634 3748 673 sum

2211 712 2414 761 ntanus,
2440 714 2544 751 non
2569 714 2683 752 sum
2721 700 2784 753 de
2811 715 3062 770 corpore;
3112 718 3235 755 num
3278 703 3459 759 idcirco
3483 722 3577 761 non
3612 715 3750 766 estde

2213 789 2470 858 corpore?
2500 791 2588 845 l6.
2619 790 2685 845 Et
2704 793 2748 845 si
2776 793 2964 847 dixerit
2991 795 3154 859 auris,
3188 793 3307 851 Non
3332 814 3441 852 sum
3466 804 3648 866 oculus,
3663 820 3750 859 non

2211 896 2326 934 sum
2350 880 2416 935 de
2437 897 2689 952 corpore;
2717 900 2838 937 nunt
2860 885 3050 940 idcirco
3079 902 3181 941 non
3201 895 3274 941 est
3299 889 3360 943 de
3384 893 3618 957 corpore?
3639 892 3752 950 Nam

2212 971 2257 1025 si
2283 971 2425 1041 quod
2457 973 2594 1028 alius
2630 974 2810 1030 minus
2835 973 3076 1042 haberet,
3109 978 3243 1032 alius
3267 980 3560 1047 excederet,
3584 983 3633 1037 id
3664 1001 3755 1040 non

2212 1066 2415 1121 sineret
2454 1082 2577 1123 esse
2622 1067 2689 1124 de
2728 1084 2977 1139 corpore,
3026 1071 3335 1127 universum
3380 1074 3659 1131 tolleretur.
3694 1077 3758 1134 Ne

2214 1161 2394 1233 itaque
2420 1162 2644 1230 dixeris,
2671 1163 2786 1219 Non
2830 1181 2952 1219 sum
2996 1181 3214 1237 corpus,
3243 1169 3366 1239 quia
3416 1184 3530 1224 sum
3575 1172 3758 1229 minor:

2213 1255 2414 1310 etenim
2449 1270 2543 1325 pes
2573 1257 2838 1311 minorem
2871 1265 3018 1313 tenet
3045 1259 3317 1326 ordinem,
3348 1260 3439 1316 sed
3466 1271 3546 1317 est
3579 1277 3639 1318 ex
3662 1277 3761 1318 cor-

2215 1361 2367 1417 pore.
2396 1345 2529 1401 Nam
2560 1363 2627 1403 ex
2656 1362 2889 1419 corpore
2933 1364 3056 1405 esse
3085 1351 3170 1405 vel
3214 1366 3321 1407 non
3357 1367 3494 1419 esse,
3521 1368 3621 1408 non
3658 1355 3764 1411 inde

2216 1440 2276 1493 fit
2304 1438 2447 1509 quod
2473 1439 2614 1495 alius
2641 1440 2696 1494 in
2727 1439 2831 1495 boc
2856 1440 3000 1507 loco,
3033 1441 3170 1496 alius
3209 1443 3263 1497 in
3293 1442 3403 1498 alio
3447 1445 3642 1514 positus
3677 1445 3763 1511 sit;

2215 1531 2318 1587 hoc
2348 1531 2496 1588 enim
2522 1532 2627 1587 loci
2668 1540 2874 1588 tantum
2925 1533 3053 1590 facit
3079 1533 3475 1603 diﬂ‘erentiam;
3503 1536 3594 1592 sed
3630 1552 3766 1593 exeo

2215 1623 2360 1696 quod
2402 1624 2474 1680 sit
2497 1624 2817 1696 conjunctus
2856 1626 2942 1682 vel
2985 1641 3098 1682 non
3126 1626 3446 1698 conjunctus
3477 1645 3492 1681 :
3525 1642 3640 1683 nam
3665 1641 3767 1683 esse

2218 1717 2302 1772 vel
2328 1731 2435 1771 non
2466 1730 2590 1773 esse
2617 1731 2816 1787 corpus
2842 1732 2911 1774 ex
2946 1732 3014 1773 eo
3045 1717 3123 1785 ﬁt,
3157 1718 3303 1789 quod
3332 1719 3418 1775 vel
3459 1719 3770 1790 conjunctum

2214 1809 2303 1866 vel
2332 1824 2440 1865 non
2466 1811 2815 1881 conjunctum
2858 1812 2948 1867 sit.
2991 1811 3072 1869 Tu
3114 1828 3246 1869 vero
3286 1812 3419 1869 mihi
3470 1813 3771 1885 prudentiam

2219 1901 2510 1972 perpende,
2552 1903 2827 1975 quomodo
2874 1904 2987 1975 ipsa
3043 1905 3207 1961 verba
3257 1906 3501 1978 apposite
3548 1904 3774 1962 membris

2215 1995 2417 2051 nostris
2452 1995 2844 2052 accommodet.
2878 1995 3011 2052 Nam
3041 2007 3101 2052 ut
3126 1999 3380 2070 superius
3421 1998 3646 2066 diccbat,
3667 1996 3774 2053 Hac

2217 2089 2580 2159 transﬁguravi
2606 2090 2661 2145 in
2699 2106 2780 2145 me
2803 2099 2852 2145 et
2878 2090 3066 2161 Apollo
3087 2107 3108 2145 :
3146 2092 3227 2148 sic
3246 2100 3303 2148 et
3329 2091 3435 2147 hoc
3463 2092 3598 2159 loco,
3617 2101 3670 2147 ut
3689 2105 3778 2146 non

2217 2183 2529 2251 molestum,
2558 2182 2655 2239 sed
2685 2194 2964 2255 acceptum
2992 2184 3246 2241 redderet
3276 2201 3602 2249 sermonem,
3633 2199 3780 2240 mem-

2219 2274 2315 2330 bra
2343 2275 2619 2347 loquentia
2651 2274 2890 2342 inducit;
2924 2284 2983 2331 ut
3006 2291 3128 2332 cum
3158 2276 3414 2332 audirent
3441 2283 3673 2331 naturam
3699 2273 3781 2330 sibi

2217 2367 2659 2436 respondentem,
2679 2366 2748 2423 ab
2770 2366 2883 2437 ipsa
2910 2368 3250 2438 experientia
3278 2368 3520 2423 convicti
3543 2377 3597 2423 et
3615 2382 3642 2420 a
3663 2381 3785 2422 com-

2218 2458 2368 2513 muni
2397 2458 2626 2525 calculo,
2658 2459 2789 2513 nihil
2821 2459 2957 2514 ultra
2985 2458 3364 2516 contradicere
3392 2459 3654 2515 valerent.
3674 2456 3782 2513 Nam

2218 2552 2333 2607 sive
2360 2551 2465 2607 hoc
2486 2551 2683 2621 ipsum,
2710 2550 2903 2621 inquit,
2930 2550 3145 2618 dicatis,
3169 2553 3288 2607 sive
3317 2552 3683 2616 murmuretis,
3699 2564 3787 2605 non

2220 2643 2445 2714 potestis
2470 2652 2621 2699 extra
2646 2657 2844 2714 corpus
2880 2658 3022 2700 esse.
3060 2643 3533 2712 Quemadmodum
3560 2646 3693 2700 enim
3721 2644 3788 2698 lex

2221 2741 2450 2801 naturae,
2482 2734 2562 2790 sic
2587 2743 2643 2788 et
2672 2734 2841 2789 multo
2871 2735 3041 2806 magis
3066 2737 3259 2806 gratiae
3314 2737 3491 2793 virtus
3519 2736 3690 2794 omnia
3714 2750 3793 2789 cu-

2220 2826 2387 2881 stodit
2414 2835 2470 2882 et
2495 2836 2803 2884 conservat.
2828 2826 2896 2883 Et
2928 2828 3049 2885 vide
3072 2831 3353 2900 quom0do
3371 2832 3575 2887 caverit
3598 2846 3663 2886 ne
3688 2828 3791 2899 quid

2217 2917 2557 2987 superﬂuum
2596 2930 2765 2986 esset,
2790 2934 2902 2975 non
2929 2919 2998 2976 de
3037 2921 3303 2979 membris
3331 2924 3587 2980 omnibus
3621 2922 3796 2978 orando

2222 3016 2479 3075 tractans,
2508 3008 2605 3063 sed
2637 3008 2709 3064 de
2731 3008 2947 3064 duobus
2971 3018 3202 3079 tantum,
3230 3013 3412 3084 iisque
3432 3015 3702 3070 extremis.
3722 3012 3798 3067 Et-

2220 3100 2365 3155 enim
2413 3100 2655 3155 omnium
2706 3102 3156 3171 pretiosissimum
3205 3106 3435 3176 posuit,
3476 3106 3718 3169 oculum;
3756 3111 3803 3158 et

2221 3195 2464 3249 omnium
2493 3194 2813 3250 vilissimum
2840 3196 3027 3266 pedes.
3043 3196 3231 3269 Neque
3256 3199 3471 3256 inducit
3496 3199 3681 3269 pedem
3698 3212 3801 3252 cum

2221 3288 2382 3343 oculo
2406 3288 2735 3358 loquentem,
2756 3289 2852 3344 sed
2871 3303 2992 3345 cum
3016 3305 3179 3346 manu
3202 3308 3331 3363 quae
3355 3303 3443 3349 est
3462 3293 3620 3364 paulo
3638 3291 3803 3352 altior;

2222 3378 2465 3433 auditum
2495 3388 2674 3434 autem
2716 3394 2839 3435 cum
2868 3380 3059 3436 oculis.
3090 3381 3230 3450 Quia
3277 3385 3435 3439 enim
3487 3400 3595 3439 non
3647 3384 3707 3437 iis
3731 3379 3804 3449 qui

2224 3486 2325 3526 nos
2367 3471 2527 3542 longe
2552 3484 2830 3541 superant,
2860 3474 2957 3529 sed
2985 3475 3050 3530 iis
3082 3477 3172 3545 qui
3223 3478 3398 3547 paulo
3440 3478 3660 3535 altiores
3686 3484 3807 3539 sunt,

2224 3563 2463 3618 solemus
2494 3564 2771 3631 invidere;
2815 3565 2937 3621 idco
2963 3574 3019 3621 et
3049 3567 3165 3638 ipse
3195 3571 3279 3624 sic
3312 3569 3448 3625 facit
3477 3568 3808 3640 comparatio-

2225 3670 2370 3710 nem.
2399 3656 2488 3710 17.
2520 3656 2582 3711 Si
2611 3666 2775 3710 totum
2812 3673 2996 3729 corpus
3036 3658 3238 3729 oculus,
3271 3663 3364 3716 ubi
3393 3663 3648 3719 auditus?
3685 3663 3724 3718 si
3748 3672 3809 3714 to-

2225 3759 2335 3801 tum
2360 3749 2586 3813 auditus,
2611 3751 2698 3804 ubi
2727 3752 2970 3807 odoratus
2989 3753 3016 3806 .’
3059 3753 3196 3823 Quia
3223 3759 3379 3812 enim
3411 3774 3540 3814 cum
3569 3760 3620 3813 in
3665 3771 3809 3813 mem-

2225 3838 2447 3897 brorum
2500 3844 2780 3899 incidisset
2821 3844 3221 3916 differentiam,
3274 3860 3337 3907 et
3366 3851 3605 3909 dixisset
3649 3851 3812 3923 pedes,

2226 3954 2443 4005 manus,
2467 3939 2655 3994 oculos
2673 3948 2729 3994 et
2748 3955 2930 4005 aures,
2953 3941 3076 3997 illos
3103 3942 3156 3997 in
3188 3947 3593 4016 cogitationem
3622 3946 3814 4001 minoris

2227 4029 2312 4085 vel
2338 4030 2558 4099 majoris
2584 4030 2829 4098 induxit;
2857 4032 2983 4088 vide
3010 4035 3290 4104 quomodo
3322 4054 3554 4095 rursum
3577 4039 3695 4094 illos
3711 4052 3817 4092 con-

2228 4120 2458 4189 solatur,
2491 4122 2786 4177 Ostendcns
2833 4124 2905 4178 ita
2947 4134 3388 4184 consentaneum
3437 4145 3585 4199 esse,
3614 4140 3667 4187 ct
3702 4125 3818 4200 quod

2230 4213 2381 4267 multi
2423 4213 2534 4267 sint
2573 4222 2628 4268 ct
2667 4212 2903 4282 diversi,
2936 4214 3040 4270 hoc
3088 4220 3335 4276 maxime
3381 4221 3517 4277 facit
3559 4235 3617 4278 ut
3654 4230 3821 4289 corpus

2231 4306 2319 4359 sit.
2352 4304 2506 4371 Quod
2533 4305 2576 4360 si
2605 4321 2769 4360 unum
2797 4317 2982 4362 essent
3009 4323 3222 4379 omnes,
3255 4328 3373 4368 non
3405 4327 3599 4372 essent
3622 4327 3819 4384 corpus:

2232 4396 2461 4467 ideoque
2490 4397 2567 4450 ait
2595 4415 2609 4451 :
2635 4397 2723 4452 l9.
2752 4398 2815 4452 Si
2855 4412 3016 4454 essent
3042 4404 3216 4457 omnia
3239 4422 3415 4461 unum
3443 4402 3823 4471 ntentbmnt,ubi

2232 4492 2463 4562 corpus?
2500 4491 2607 4545 Sed
2632 4491 2734 4546 hoc
2763 4492 2978 4562 quidem
3013 4504 3195 4565 postea
3227 4498 3410 4567 dicit;
3462 4503 3555 4557 hic
3583 4498 3823 4568 veroquid

2233 4583 2407 4652 majus
2444 4584 2703 4651 ostendit,
2737 4599 2931 4655 nempe
2971 4587 3114 4656 quod
3161 4604 3271 4643 non
3310 4593 3505 4649 solum
3537 4611 3647 4651 non
3691 4590 3828 4665 possit

2234 4690 2355 4730 esse
2401 4691 2620 4746 corpus,
2653 4676 2747 4732 sed
2792 4693 2861 4734 ne
2908 4694 3030 4734 esse
3070 4681 3295 4751 quidem
3351 4697 3597 4743 caeteros
3644 4696 3821 4741 sensus.

2236 4769 2370 4822 Nam
2394 4768 2457 4824 Si
2502 4770 2712 4823 auditus
2733 4780 2894 4825 totum
2918 4784 3065 4840 esset,
3097 4773 3181 4828 ubi
3211 4777 3480 4836 odoratus
3503 4782 3529 4831 1’
3577 4779 3751 4852 inquit.

2306 4862 2361 4915 5.
2406 4861 2609 4917 Deinde
2636 4864 2759 4933 quia
2792 4864 2871 4918 sic
2897 4880 3112 4936 quoque
3143 4868 3527 4929 turbabantur
3551 4916 3568 4941 ,
3601 4871 3734 4946 quod
3756 4882 3822 4922 δυο

2235 4953 2423 5022 perius
2450 4952 2613 5021 fecit,
2648 4956 2702 5009 id
2733 4955 2897 5011 etiam
2927 4973 3072 5014 nunc
3098 4958 3248 5015 facit.
3284 4963 3455 5020 Sicut
3487 4969 3638 5022 enim
3671 4965 3734 5022 ibi
3760 4973 3832 5033 νει·

2237 5046 2524 5101 utilitatem
2552 5047 2886 5112 consolatus.
2914 5048 3133 5105 demum
3156 5067 3219 5108 os
3248 5057 3445 5112 valide
3477 5059 3743 5115 obstruxit
3766 5052 3833 5107 di—

2235 5153 2385 5206 cens,
2410 5138 2533 5193 "(eo
2560 5149 2730 5193 autem
2759 5141 2929 5194 omnia
2958 5154 3198 5212 operatur
3221 5160 3367 5202 unus
3394 5158 3555 5221 atque
3585 5150 3715 5204 idem
3733 5141 3837 5216 Spi-

2236 5233 2383 5297 ritus,
2409 5231 2637 5285 dividens
2655 5233 2870 5304 singulis
2890 5246 3041 5305 prout
3067 5238 3171 5291 vult
3196 5241 3319 5295 :sic
3346 5252 3407 5296 et
3434 5244 3542 5299 hoc
3566 5245 3686 5299 loco
3705 5241 3839 5296 etiam

2236 5322 2522 5377 ratiocinia
2557 5323 2861 5392 proferens,
2893 5327 3047 5396 queis
3079 5330 3329 5385 ostendit
3362 5333 3438 5387 ad
3473 5337 3757 5391 utilitatem
3781 5339 3843 5383 snc

2236 5417 2415 5470 omnia
2459 5415 2597 5471 facta
2627 5433 2750 5473 esse
2776 5461 2790 5484 ,
2822 5435 3008 5475 rursus
3041 5432 3209 5478 totum
3256 5425 3332 5481 ad
3381 5428 3485 5483 Dei
3534 5432 3842 5485 voluntatem

2237 5509 2448 5563 reducit
2484 5511 2709 5566 dicens:
2743 5515 2828 5568 18.
2865 5512 3021 5568 Nunc
3040 5529 3207 5571 autent
3232 5524 3423 5588 posuit
3458 5522 3601 5578 Deus
3623 5518 3845 5579 membra,

2236 5601 2627 5671 unumquodque
2653 5619 2828 5657 eorum
2856 5606 2908 5659 in
2938 5609 3229 5677 corporibus
3256 5612 3403 5667 sicut
3446 5618 3629 5670 voluit.
3662 5616 3848 5682 Quem-

2236 5694 2529 5749 admodum
2574 5695 2644 5751 de
2689 5697 2890 5766 Spiritu
2934 5698 3100 5765 dixit,
3149 5701 3320 5756 Prout
3353 5708 3510 5760 vult:
3554 5709 3635 5763 sic
3682 5714 3734 5761 ct
3762 5703 3851 5756 hoc

2239 5786 2381 5850 loco,
2412 5786 2562 5841 Sicut
2590 5789 2766 5841 voluit.
2798 5790 2876 5845 Ne
2900 5806 3029 5862 ergo
3057 5792 3193 5849 ultra
3218 5797 3510 5853 curiosius
3536 5812 3753 5854 causam
3782 5794 3853 5846 in-

2238 5878 2442 5949 quiras,
2470 5895 2566 5937 cur
2591 5883 2689 5951 sic,
2725 5898 2821 5939 cur
2842 5899 2947 5941 non
2980 5887 3079 5943 sic.
3110 5887 3342 5944 Etiamsi
3369 5891 3525 5947 enim
3555 5890 3702 5947 mtllc
3721 5886 3852 5945 dicta
