3962 6418
222 446 399 518 οὗτος,
431 454 493 505 ἐν
526 454 674 525 ἄλλῳ
701 454 759 507 δὲ
785 456 813 509 6
846 455 1030 527 ἔτερος
1064 456 1366 531 ὲϐαπτίσθη
1401 464 1695 534 πνεύματι.
1727 465 1801 519 Οὐ

230 537 390 608 μόνον
409 537 469 591 δὲ
498 538 561 590 τὸ
586 537 851 607 βαπτίσαν
881 541 1028 609 ἡμᾶς
1054 538 1133 606 ἓν,
1153 539 1290 595 ἀλλά
1314 544 1405 597 καὶ
1434 547 1512 608 εἰς
1535 545 1563 598 ὃ
1587 546 1811 600 ἐϐάπτι-

228 639 337 687 σεν,
371 622 674 687 τουτέστιν,
704 623 789 690 ὲφ*
819 615 863 689 ᾧ
890 622 1205 686 ἐϐάπτισεν,
1233 624 1313 678 ἓν.
1344 627 1418 680 Οὐ
1448 628 1554 700 γὰρ
1588 630 1676 683 ἴνα
1699 630 1811 683 διά-

226 721 368 774 φορα
415 704 647 774 γένηται
686 703 911 775 σώματα
937 744 951 767 ,
1001 704 1116 758 ἀλλ’
1165 706 1252 761 ἵνα
1301 709 1504 774 πάντες
1543 710 1642 781 τὴν
1692 712 1813 776 ἑνὸς

229 788 484 857 σώματος
545 788 830 860 ἀκρίϐειαν
889 789 1025 859 πρὸς
1087 790 1350 862 ἀλλήλους
1413 793 1807 866 διασώζωμεν,

227 872 658 941 ἐϐαπτίσθημεν·
691 871 988 934 τουτέστιν,
1021 872 1108 926 ἴνα
1138 873 1341 939 πάντες
1364 876 1424 930 ἓν
1451 877 1612 947 σῶμα
1639 872 1809 950 ὦμεν,

229 958 305 1018 εἰς
341 954 511 1009 τοῦτο
538 955 843 1025 ἐϐαπτίσθη
851 972 969 1026 μεν.

297 1117 363 1187 β’.
400 1117 563 1171 Ὥστε
582 1118 675 1171 καὶ
705 1119 734 1171 6
762 1116 1200 1184 κατασκευάσας,
1235 1113 1335 1185 εἷς,
1363 1120 1458 1174 καὶ
1484 1122 1563 1184 είς
1591 1119 1619 1174 6
1647 1137 1809 1175 κατε-

233 1201 515 1264 σκεύασεν,
549 1202 628 1255 ἓν.
656 1202 768 1256 Kal
801 1203 901 1257 οὐκ
928 1199 1070 1267 εἷπε,
1100 1203 1211 1257 Τοῦ
1234 1204 1400 1258 αὐτοῦ
1430 1205 1680 1276 σώματος
1725 1205 1812 1259 ἵνα

233 1285 539 1356 γενώμεθα,
575 1285 711 1352 ἀλλ’,
738 1286 856 1341 Ἵνα
876 1285 933 1340 ἓν
957 1286 1116 1357 σῶμα
1145 1288 1364 1351 πάντες·
1396 1288 1484 1341 ἀεὶ
1514 1287 1627 1358 γὰρ
1658 1286 1811 1357 φιλορ

232 1371 399 1422 νεικεῖ
423 1369 519 1431 τάς
542 1370 1030 1441 ὲμφαντικωτέρας
1057 1369 1231 1434 λέξεις
1245 1370 1477 1424 τιθέναι.
1504 1371 1611 1424 Kal
1632 1370 1813 1434 καλῶς

232 1447 375 1514 εἷπε,
426 1450 655 1519 Πάντες
689 1451 895 1523 ἡμεῖς,
932 1452 1025 1505 καὶ
1061 1453 1256 1507 ἑαυτὸν
1304 1453 1641 1525 προστιθείς.
1676 1453 1813 1507 Οὐδὲ

232 1536 336 1606 γὰρ
364 1535 479 1602 ἐγὼ
508 1536 537 1588 6
566 1534 863 1599 ἀπόστολος
893 1532 988 1589 σοῦ
1016 1552 1071 1588 τι
1116 1535 1280 1591 πλέον
1322 1535 1432 1608 ἔχω
1462 1536 1607 1591 κατά
1632 1535 1810 1600 τοῦτο,

199 1682 210 1693 ο
233 1619 399 1690 φησί·
435 1618 533 1672 καὶ
581 1617 690 1689 γάρ
728 1618 794 1673 σὺ
829 1617 991 1689 σῶμα
1026 1612 1080 1672 εἶ
1109 1618 1364 1691 καθάπερ
1398 1618 1537 1688 ἐγὼ,
1570 1620 1666 1673 καὶ
1700 1619 1813 1688 ἐγὼ

231 1701 481 1772 καθάπερ
505 1700 593 1765 σὺ,
624 1701 717 1755 καὶ
737 1700 839 1771 τὴν
865 1700 1036 1772 αὐτὴν
1064 1702 1302 1765 ἅπαντες
1323 1700 1521 1773 ἔχομεν
1544 1701 1810 1774 κεφαλὴν,

232 1786 321 1839 καὶ
361 1784 465 1847 τὰς
500 1784 675 1849 αὐτὰς
728 1783 1007 1855 ἑλύοαμεν
1037 1783 1253 1849 ὠδῖνας·
1299 1785 1381 1839 διδ
1425 1786 1523 1840 καὶ
1570 1786 1633 1840 τὸ
1680 1786 1815 1840 αὐτὸ

232 1865 394 1938 σῶμα
424 1867 614 1937 ἔσμεν.
653 1867 766 1922 Kal
799 1866 858 1921 τί
886 1866 1051 1935 λέγω,
1089 1869 1286 1940 φησὶν,
1328 1867 1616 1934 Ἰουδαίους
1641 1887 1658 1937 ;
1684 1868 1813 1933 τοὺς

232 1950 339 2023 γὰρ
376 1948 634 2003 τοσοῦτον
675 1948 1056 2020 ἀφεστηκότας
1082 1951 1251 2022 ἡμῶν
1276 1950 1543 2022 Ἕλληνας
1584 1953 1665 2017 είς
1694 1952 1813 2016 ἑνὸς

236 2034 483 2105 σώματος
526 2032 812 2105 ἀκρίϐειαν
844 2033 1044 2105 ἠγαγε.
1076 2033 1170 2088 Διὸ
1195 2034 1388 2102 εἰπὼν,
1432 2034 1633 2106 Ἡμεῖς
1658 2035 1813 2090 πάν-

236 2135 344 2184 τες.
382 2117 486 2172 οὐκ
531 2116 665 2187 ἔστη
713 2116 876 2189 μέχρι
920 2116 1136 2185 τούτου,
1185 2119 1299 2175 ἀλλ’
1330 2121 1644 2192 ἐπήγαγεν·
1680 2120 1816 2176 Εἰτε

244 2199 536 2264 Ἰουδαῖοι,
571 2199 695 2254 εἴτε
723 2201 1051 2271 Ἕλληνες,
1081 2202 1203 2257 εἴτε
1235 2202 1461 2270 δοῦλοι,
1498 2203 1618 2259 εττε
1643 2203 1812 2259 ἐλεύ-

232 2289 403 2355 θεροι.
425 2284 491 2338 Et
510 2283 569 2337 δὲ
592 2283 700 2355 πρὸ
721 2282 912 2338 τούτου
934 2284 1188 2340 τοσοῦτον
1209 2286 1582 2359 ἀφεστηκότες
1598 2285 1813 2359 ήνώθη·

235 2388 327 2440 μιν
345 2369 443 2424 καὶ
462 2367 763 2439 ἑγενόμεθα
781 2366 867 2435 ἓν,
888 2368 1068 2440 πολλῷ
1094 2369 1293 2440 μᾶλλον
1316 2370 1456 2441 μετά
1476 2369 1538 2424 τὸ
1560 2370 1812 2440 γενέσθαι

232 2448 424 2511 1ν.ούκ
451 2453 522 2506 ἀν
547 2451 632 2522 εῐη
641 2468 740 2522 μεν
765 2451 965 2506 δίκαιοι
988 2451 1276 2506 λυπεῖσθαι
1301 2453 1396 2506 καὶ
1412 2453 1665 2525 ἀθυμεῖν·
1690 2452 1813 2506 οὐδὲ

231 2538 333 2609 γὰρ
368 2536 487 2607 εχει
537 2534 722 2605 χώραν
760 2537 795 2605 ἡ
837 2535 1095 2607 διαφορά.
1143 2538 1206 2590 El
1254 2536 1365 2609 γάρ
1414 2536 1685 2608 ’Έλληνας
1718 2537 1812 2590 καὶ

242 2620 528 2683 Ἰουδαίους
549 2618 660 2672 τῶν
689 2617 871 2673 αὐτῶν
903 2618 1126 2689 ἠξίωσε,
1164 2620 1260 2675 καὶ
1283 2618 1505 2682 δούλους
1535 2620 1630 2674 καὶ⁵
1659 2620 1812 2673 ἐλευ-

233 2705 442 2776 θέρους,
483 2702 602 2766 πῶς
640 2702 779 2773 μετά
801 2701 862 2755 τὸ
892 2702 1132 2767 ἀξιῶσαι
1151 2702 1439 2774 διίστησιν,
1474 2703 1562 2756 ὅτε
1591 2701 1814 2755 πλείονα

235 2793 294 2843 ἐκ
316 2791 419 2857 τῆς
447 2786 560 2840 τῶν
588 2785 950 2857 χαρισμάτων
988 2787 1255 2858 χορηγίας
1291 2788 1391 2853 τῆς
1430 2786 1680 2850 ἑνώσεως
1713 2789 1813 2857 την

234 2872 517 2943 ἀκρίϐειαν
551 2868 884 2941 ἐχαρίσατο;
925 2871 1030 2924 Καὶ
1079 2870 1306 2936 πάντες
1333 2874 1421 2935 είς
1462 2869 1532 2923 ἓν
1570 2870 1815 2939 Πνεῦμα

235 2956 655 3023 ἐποτίσθημεν.
681 2953 790 3007 Καί
826 2952 936 3022 γὰρ
962 2954 1029 3006 τὸ
1069 2951 1243 3022 σῶμα
1271 2955 1382 3006 οὐκ
1409 2952 1583 3007 ἐστιν
1611 2950 1679 3005 ἐν
1706 2951 1813 3021 μὲ-

238 3045 354 3107 λος,
386 3037 548 3095 ἀλλὰ
579 3034 801 3092 πολλά.
836 3036 1095 3090 Τουτέστι
1119 3077 1133 3103 ,
1164 3035 1301 3106 πρὸς
1330 3037 1428 3106 τὴν
1458 3035 1625 3107 αὐτὴν
1654 3035 1815 3106 ἦλθο-

239 3142 330 3194 μεν
361 3122 774 3195 μυσταγωγίαν,
801 3120 901 3189 τῆς
927 3119 1099 3190 αὐτῆς
1133 3119 1482 3189 ἀπολαύομεν
1510 3118 1808 3190 τραπέζης.

238 3209 337 3262 Καὶ
361 3208 454 3262 διὰ
478 3206 534 3259 τί
567 3209 640 3277 μὴ
670 3204 811 3271 εἶπε,
838 3204 910 3258 Τὸ
936 3204 1068 3257 αὐτὸ
1094 3204 1253 3275 σῶμα
1277 3204 1612 3276 τρεφόμεθα,
1637 3203 1730 3257 καὶ
1755 3202 1817 3256 τὸ

238 3293 359 3344 αὐτὸ
391 3288 534 3361 αἷμα
567 3290 829 3359 πίνομενς
863 3286 989 3341 ’Ότι
1023 3288 1249 3358 Πνεῦμα
1282 3286 1452 3341 εἰπὼν
1475 3329 1490 3351 ,
1528 3287 1817 3358 ἀμφότερα

240 3376 469 3446 ἐδήλωσε
504 3374 601 3427 καὶ
646 3373 707 3425 τὸ
741 3367 881 3441 αἷμα
919 3371 1014 3424 καὶ
1052 3370 1150 3442 τὴν
1183 3373 1383 3443 σάρκα·
1421 3370 1572 3443 [271]
1617 3371 1683 3424 δι’
1710 3373 1819 3442 ἀμ-

239 3459 476 3529 φοτέρων
509 3457 620 3528 γὰρ
646 3457 705 3509 ἓν
733 3455 951 3525 πνεῦμα
990 3454 1347 3526 ποτιζόμεθα.
1396 3454 1550 3525 Ἐμοὶ
1578 3454 1635 3507 δὲ
1669 3454 1821 3507 δοκεῖ

236 3541 325 3595 νῦν
356 3541 576 3612 εκείνην
605 3540 784 3608 λέγειν
820 3539 915 3592 τοῦ
954 3537 1272 3609 Πνεύματος
1313 3539 1414 3608 τὴν
1443 3538 1816 3607 ὲπιφοίτησιν,

235 3629 327 3699 τὴν
357 3626 470 3681 ἀπὸ
516 3625 608 3679 τοῦ
648 3625 1025 3694 βαπτίσματος
1066 3624 1162 3677 καὶ
1204 3623 1311 3694 πρὸ
1354 3623 1462 3677 τῶν
1505 3622 1819 3696 μυστηρίων

235 3710 595 3781 ὲγγινομένην
629 3710 785 3779 ἡμῖν.
843 3705 1286 3776 Ἐποτίσθημεν
1320 3707 1377 3760 δὲ
1411 3703 1593 3773 εἶπεν,
1627 3707 1819 3778 ἐπειδὴ

234 3798 267 3866 η
297 3792 584 3865 μεταφορά
612 3794 711 3863 τῆς
739 3790 939 3857 λέξεως
974 3790 1179 3860 σφόδρα
1211 3790 1472 3861 ἁρμόδιος
1503 3790 1651 3861 αύτῷ
1682 3790 1821 3861 πρὸς

232 3882 332 3950 τὴν
365 3876 738 3948 προκειμένην
776 3875 1054 3928 ὑπόθεσιν·
1091 3874 1167 3936 ὡς
1198 3873 1265 3927 ἂν
1299 3875 1347 3926 εί
1380 3874 1473 3927 ἐπὶ
1503 3872 1689 3943 φυτῶν
1725 3872 1821 3926 καὶ

237 3961 571 4035 παραδείσου
599 3958 804 4027 ἔλεγεν,
834 3959 915 4011 ὅτι
953 3957 1086 4011 Ἀπὸ
1110 3958 1211 4027 τῆς
1236 3956 1410 4026 αὐτῆς
1431 3960 1615 4028 πηγῆς
1641 3956 1820 4010 πάντα

232 4048 302 4102 τὰ
331 4045 534 4114 δένδρα
572 4042 815 4115 ἄρδεται,
845 4043 927 4094 ὅτι
952 4040 1060 4093 ἀπὸ
1089 4038 1184 4094 τοῦ
1214 4040 1380 4092 αὐτοῦ
1410 4039 1601 4103 ὕδατος
1624 4055 1641 4068 ⁸
1680 4039 1821 4092 οὕτω

225 4132 296 4201 δὴ
333 4130 434 4185 καὶ
480 4126 739 4190 ἐνταῦθα,
766 4126 837 4179 Τὸ
868 4125 1000 4178 αὐτὸ
1032 4123 1260 4195 Πνεῦμα
1295 4124 1524 4194 ἐπίομεν
1559 4125 1818 4189 ἅπαντες,

224 4217 330 4286 τῆς
374 4213 553 4281 αὐτῆς
593 4208 984 4279 ἀπελαύσαμεν
1013 4208 1255 4279 χάριτος,
1293 4207 1479 4278 φησίν.
1534 4206 1597 4260 Ei
1641 4207 1822 4261 τοίνυν

225 4301 328 4354 καὶ
356 4299 421 4352 ἓν
455 4299 684 4365 Πνεῦμα
717 4295 865 4370 ἡμᾶς
902 4291 1295 4355 κατεσκεύασε,
1338 4291 1433 4344 καὶ
1462 4292 1541 4355 είς
1571 4291 1628 4344 ἓν
1664 4291 1824 4361 σῶμα

224 4383 487 4444 ἅπαντας
537 4380 686 4449 ἡμᾶς
721 4378 1017 4445 συνήγαγε·
1062 4374 1224 4428 τοῦτο
1249 4375 1359 4445 γάρ
1387 4376 1559 4441 ἐστιν,
1604 4378 1709 4439 Εἰς
1753 4373 1825 4428 ἐν

227 4466 413 4535 σῶμα
432 4463 899 4529 ἐϐαπτίσθημεν·
926 4459 1019 4512 καὶ
1041 4458 1173 4529 μίαν
1195 4456 1473 4528 τράπεζαν
1504 4458 1819 4528 ἐχαρίσατο,

232 4550 446 4618 καὶτὴν
472 4545 643 4617 αὐτὴν
661 4544 881 4615 ἀρδείαν
902 4542 1107 4596 ἅπασιν
1130 4542 1317 4595 ἔδωκε·
1341 4541 1501 4593 τοῦτο
1522 4541 1632 4612 γάρ
1650 4542 1819 4605 ἐστιν,

240 4629 683 4698 ΕιςένΠνεῦμα
698 4627 1120 4696 ἐποτίσθημεν·
1143 4626 1237 4678 καὶ
1251 4624 1506 4677 τοσοῦτον
1531 4623 1825 4687 διεστῶτας

231 4716 436 4785 ἦνωσε,
460 4714 555 4767 καὶ
579 4710 648 4764 τά
673 4709 842 4763 πολλά
868 4708 988 4762 τότε
1014 4708 1224 4776 γίνεται
1249 4708 1431 4777 σῶμα,
1454 4707 1581 4760 ὅταν
1598 4707 1824 4776 γένηται

222 4799 312 4851 ἓν·
344 4796 403 4849 τί
448 4812 541 4865 μοι
570 4793 669 4864 τὴν
699 4792 961 4863 διαφορὰν
994 4792 1106 4846 ἄνω
1134 4792 1229 4843 καὶ
1268 4791 1420 4844 κάτω
1450 4790 1732 4862 στρέφεις;
1762 4792 1825 4844 El

223 4882 287 4935 δὲ
317 4880 530 4946 λέγεις,
555 4879 637 4931 ὅτι
667 4875 847 4930 Πολλά
876 4879 990 4928 ἐστι
1019 4874 1089 4927 τὰ
1118 4874 1253 4945 μέλη
1283 4875 1377 4926 καὶ
1403 4874 1655 4943 διάφορα,
1686 4873 1825 4943 μάθε

221 4967 314 5019 ὅτι
351 4963 490 5016 αὐτὸ
527 4961 625 5032 μὲν
664 4955 757 5013 οὖν
785 4958 944 5012 τοῦτό
975 4961 1099 5011 ἐστι
1123 4958 1185 5010 τὸ
1215 4956 1530 5026 θαυμαστὸν
1551 4998 1565 5020 ,
1600 4957 1695 5011 καὶ
1730 4957 1825 5009 τοῦ

225 5048 500 5119 σώματος
536 5043 598 5097 τὸ
640 5041 940 5113 ἐξαίρετον,
974 5041 1102 5094 ὅταν
1133 5039 1203 5094 τὰ
1250 5039 1422 5093 πολλά
1455 5040 1551 5092 καὶ¹
1592 5039 1828 5119 διάφορα

225 5132 293 5184 ἓν
325 5118 483 5199 ποιῇ·
523 5130 571 5180 εί
602 5126 658 5179 δὲ
696 5126 771 5195 μὴ
808 5120 876 5194 ἦν
905 5123 1093 5188 πολλὰ,
1128 5122 1226 5193 οὐχ
1250 5121 1393 5175 οὕτω
1419 5122 1735 5191 θαυμαστὸν
1759 5118 1827 5193 ἦν

225 5215 334 5268 καὶ
372 5209 679 5282 παράδοξον
711 5208 791 5273 τὸ,
824 5207 880 5260 ἓν
910 5202 1050 5261 εἶναι
1080 5206 1259 5274 σῶμα·
1299 5205 1499 5276 μᾶλλον
1537 5205 1593 5257 δὲ
1624 5204 1734 5257 οὐδ’
1761 5205 1828 5258 ἂν

226 5294 302 5368 ἦν
337 5296 524 5366 σῶμα.
558 5292 720 5346 Ἀλλά
760 5291 919 5344 τοῦτο
959 5291 1060 5360 μὲν
1100 5288 1326 5359 ὕστερον
1355 5288 1567 5355 τίθησι·
1597 5290 1733 5352 τέως
1770 5288 1826 5341 δὲ

230 5383 326 5436 ἐπ’
366 5381 510 5433 αὐτά
536 5377 604 5432 τὰ
637 5376 775 5446 μέλη
804 5378 991 5446 χωρεῖ,
1024 5374 1202 5441 λέγων
1235 5372 1426 5435 οὕτως·
1470 5370 1607 5425 Ἐὰν
1630 5373 1770 5438 εἴπῃ
1796 5373 1830 5426 ὅ

231 5466 425 5531 ποῦς,
446 5462 537 5516 ὅτι
568 5463 691 5514 Οὐκ
718 5460 834 5528 εἰμὶ
858 5458 1007 5527 χεὶρ,
1036 5459 1148 5512 οὐκ
1168 5456 1285 5526 ειμι
1309 5457 1378 5509 ἐκ
1397 5456 1505 5509 τοῦ
1530 5455 1826 5525 σώματος,

233 5553 311 5604 οὺ
348 5546 515 5615 παρὰ
546 5544 723 5598 τοῦτο
753 5544 864 5596 οὐκ
907 5541 1081 5596 ἐστιν
1115 5542 1186 5595 ἐκ
1230 5538 1336 5594 τοῦ
1376 5539 1681 5609 σώματος;
1719 5537 1830 5594 Καὶ

235 5634 354 5687 ἐὰν
382 5629 523 5696 εἴπῃ
550 5626 620 5680 τὸ
647 5622 774 5691 σῦς,
799 5625 890 5679 ὅτι
914 5628 1035 5679 Οὐκ
1062 5624 1178 5693 είμί
1203 5622 1545 5691 ὀφθαλμὸς,
1570 5624 1681 5676 οὐκ
1712 5621 1831 5691 εἰμὶ

235 5718 310 5771 ἐκ
346 5713 458 5768 τοῦ
487 5712 784 5780 σώματος,
806 5710 877 5762 οὐ
909 5710 1068 5776 παρὰ
1090 5707 1262 5762 τοῦτο
1288 5708 1399 5761 οὐκ
1433 5707 1606 5761 ἐστιν
1631 5706 1699 5760 ἐκ
1723 5709 1830 5762 τοῦ

238 5801 563 5869 σώματος-ς
612 5792 677 5845 El
709 5792 816 5862 γὰρ
848 5791 909 5844 τὸ
950 5792 1041 5845 τὸν
1092 5790 1193 5861 μὲν
1234 5788 1610 5860 ἡλαττῶσθαι,
1646 5789 1737 5844 τὸν
1773 5790 1830 5843 δὲ

241 5880 563 5955 ὑπερέχειν,
596 5875 695 5929 οὐκ
720 5874 943 5948 ἀφίησιν
968 5870 1107 5930 εἶναι
1127 5875 1191 5929 ἐκ
1214 5872 1308 5928 τοῦ
1338 5872 1607 5944 σώματος,
1634 5875 1693 5927 τὸ
1723 5875 1828 5928 πᾶν

1265 341 1331 397 IN
1371 345 1590 405 EPIST.
1633 350 1653 403 Ι
1694 350 1783 404 AD
1822 354 1979 410 COR.
2023 355 2257 414 HOMIL.
2289 354 2454 413 XXX.

3386 365 3495 421 252

1916 472 2201 545 ἀνῄρηται.
2242 475 2333 544 Μὴ
2378 476 2557 531 τοίνυν
2612 481 2808 551 εἴπῃς,
2856 481 2936 533 δτι
2978 478 3094 532 Οὐκ
3136 478 3253 548 είμὶ
3291 477 3450 549 σῶμα
3475 520 3493 543 ,

1914 557 2102 625 ἐπειδὴ
2139 558 2377 611 ἐλάττων
2414 560 2548 629 εἰμί·
2587 562 2681 615 καὶ
2713 562 2823 631 γὰρ
2854 564 2883 615 6
2920 560 3056 626 ποῦς
3104 560 3204 633 τὴν
3235 561 3495 617 ὲλάττονα

1912 638 2065 703 τάξιν
2108 638 2240 711 ἔχει,
2273 640 2408 694 ἀλλά
2444 640 2537 694 τοῦ
2584 643 2834 713 σώματός
2866 646 3003 699 ἐστι.
3060 644 3134 697 Τὸ
3159 644 3270 715 γάρ
3299 645 3363 698 ἐκ
3392 647 3490 700 τοῦ

1915 721 2165 793 σώματος
2198 724 2334 777 εἶναι
2364 726 2458 778 καὶ
2490 726 2564 795 μὴ
2594 721 2756 793 εἶναι,
2789 729 2889 781 οὐκ
2917 727 3025 781 ἀπὸ
3052 727 3146 780 τοῦ
3177 726 3271 780 τὸν
3309 728 3409 797 μὲν
3433 729 3495 782 ὲν

1911 805 2046 876 τῷδε
2077 806 2155 879 τῷ
2184 807 2353 878 τόπῳ,
2385 807 2475 860 τὸν
2498 809 2552 862 δὲ
2577 811 2632 863 ὲν
2655 809 2792 881 τῷδε
2823 809 3059 864 κεῖσθαι·
3088 809 3247 863 τοῦτο
3275 810 3383 881 γὰρ
3409 810 3497 864 τό-

1913 908 2016 942 που
2060 893 2206 943 ποιεῖ
2245 889 2527 962 διαφοράν·
2580 893 2693 946 ἀλλ’
2727 893 2835 946 ἀπὸ
2875 893 2970 947 τοῦ
3021 893 3295 962 συνῆφθαι
3325 894 3359 965 ἢ
3388 894 3499 946 ἀπ-

1913 972 2153 1041 έχεσθαι·
2203 973 2264 1026 τὸ
2308 973 2419 1044 γὰρ
2463 970 2678 1045 εἶναιιῆ
2725 976 2800 1046 μὴ
2846 973 2985 1029 εἶναι
3036 975 3228 1046 σῶμα,
3294 978 3356 1029 ἐκ
3392 976 3495 1030 τοῦ

1911 1054 2156 1123 ἡνῶσθαι
2185 1056 2219 1126 ἢ
2271 1056 2346 1126 μὴ
2395 1057 2637 1128 ἡνῶσθαι
2671 1060 2904 1127 γίνεται.
2950 1060 3023 1112 Σὺ
3062 1058 3121 1111 δέ
3157 1075 3248 1128 μοι
3302 1058 3498 1112 σκόπει

1911 1136 2009 1208 τὴν
2030 1136 2263 1201 σύνεσιν,
2297 1138 2414 1203 πῶς
2436 1140 2618 1193 αὐτῶν
2645 1141 2715 1195 τά
2745 1144 2968 1213 ῥήματα
2989 1143 3102 1203 τοῖς
3125 1142 3313 1211 μέλεσι
3336 1158 3496 1214 περι·-

1911 1220 2095 1290 τίθησι
2124 1224 2237 1285 τοῖς
2274 1223 2585 1294 ἡμετέροις.
2621 1224 2840 1295 ’Ὥσπερ
2877 1224 2987 1296 γάρ
3031 1224 3290 1296 ἀνωτέρω
3318 1223 3496 1292 ἔλεγε,

1920 1302 2112 1358 Ταῦτα
2140 1305 2638 1375 μετεσχημάτισα
2665 1310 2754 1372 είς
2776 1307 3040 1377 ἐμαυτὸν
3062 1307 3160 1361 καί
3206 1306 3496 1372 Ἀπολλῶ,

1912 1387 2054 1441 οὕτω
2089 1388 2156 1459 δὴ
2208 1389 2303 1443 καὶ
2333 1389 2604 1456 ἐνταῦθα,
2634 1390 2778 1444 ὥστε
2812 1391 3097 1461 ἀνεπαχθῆ
3145 1390 3370 1461 ποιῆσαι
3406 1390 3500 1444 τὸν

1911 1470 2071 1541 λόγον
2118 1471 2215 1525 καὶ
2242 1473 2683 1544 εύπαράδεκτον,
2715 1473 2786 1528 τά
2832 1473 2967 1546 μέλη
3014 1472 3226 1542 εἰσάγει
3261 1473 3501 1543 φθεγγό-

1916 1572 2053 1626 μενα
2076 1571 2092 1587 ο
2126 1556 2215 1623 ἵν’,
2242 1557 2372 1610 ὅταν
2399 1557 2681 1611 ἀκούσωσι
2700 1558 2802 1629 τῆς
2833 1556 3051 1627 φύσεως
3072 1557 3257 1619 αὐτοῖς
3276 1558 3502 1627 ἀποκρι-

1912 1639 2166 1708 νομένης,
2201 1639 2308 1693 ἀπὸ
2336 1640 2435 1712 τῆς
2464 1640 2661 1712 πείρας
2696 1640 2870 1711 αὐτῆς
2898 1639 3252 1712 ἐλεγχόμενοι
3281 1640 3375 1694 καὶ
3402 1640 3502 1712 τῆς

1913 1723 2098 1794 κοινῆς
2129 1722 2334 1795 ψήφου,
2370 1723 2537 1795 μηδὲν
2565 1723 2752 1778 λοιπὸν
2781 1723 3088 1793 ἀντιλέγειν
3115 1722 3283 1794 ἔχωσι
3301 1737 3349 1777 ιι.
3380 1722 3502 1777 Κάν

1882 1816 1887 1819 ‘
1913 1805 2022 1872 γὰρ
2054 1804 2271 1878 λέγητε,
2314 1806 2471 1877 φησι,
2499 1806 2660 1861 τοῦτο
2709 1806 2864 1873 αύτδ,
2909 1807 3013 1861 κάν
3060 1805 3369 1878 γογγύζητε
3392 1845 3408 1868 ,
3439 1806 3500 1858 ού

1911 1888 2140 1943 δύνασθε
2177 1889 2336 1955 ἐκτὸς
2363 1885 2505 1946 εῖναι
2529 1889 2626 1944 τοῦ
2658 1888 2934 1962 σώματος.
2965 1891 3177 1961 Ὥσπερ
3207 1891 3318 1961 γὰρ
3345 1891 3373 1943 6
3401 1892 3503 1961 τῆς

1913 1971 2132 2040 φύσεως
2158 1970 2346 2042 νόμος,
2379 1971 2524 2028 οὕτω
2548 1973 2646 2028 καὶ
2673 1973 2857 2045 πολλῷ
2890 1973 3053 2028 πλέον
3082 1974 3116 2044 ὴ
3152 1974 3250 2044 τῆς
3278 1972 3504 2044 χάριτος

1912 2056 2141 2126 δύναμις
2172 2056 2431 2127 φυλάττει
2457 2057 2638 2113 πάντα
2672 2059 2769 2111 καὶ
2797 2057 3067 2129 διατηρεῖ.
3101 2056 3212 2111 Kal
3251 2056 3355 2125 δρα
3384 2054 3505 2119 πῶς

1912 2138 2149 2209 ἐφύλαξε
2187 2139 2248 2193 τὸ
2275 2140 2591 2213 ἀπέριττον,
2621 2141 2725 2198 οὐκ
2770 2141 2868 2195 ἐπὶ
2913 2140 3134 2196 πάντων
3174 2138 3285 2193 τῶν
3321 2137 3504 2210 μελῶν

1911 2224 2002 2278 τὸν
2029 2222 2187 2291 λόγον
2211 2224 2530 2295 γυμνάζων,
2553 2224 2670 2279 ἀλλ’
2695 2225 2790 2279 ἐπὶ
2814 2224 2910 2279 δύο
2942 2224 3144 2296 μόνων,
3169 2223 3265 2277 xal
3289 2220 3504 2275 τούτων

1911 2306 2023 2361 τῶν
2048 2307 2254 2377 ἄκρων.
2286 2307 2397 2362 Kal
2427 2308 2537 2380 γὰρ
2561 2307 2622 2361 τὸ
2655 2308 2876 2362 πάντων
2906 2305 3239 2380 τιμιώτερον
3264 2303 3502 2371 τέθεικε,

1911 2390 2004 2444 τὸν
2051 2390 2355 2460 ὀφθαλμὸν,
2406 2391 2502 2445 καὶ
2551 2390 2613 2445 τὸ
2665 2392 2883 2446 πάντων
2927 2389 3332 2461 εὐτελέστερον,
3375 2388 3505 2452 τοὺς

1915 2473 2101 2537 πόδας.
2138 2472 2248 2525 Kal
2279 2474 2339 2526 ού
2380 2477 2528 2528 ποιεῖ
2555 2474 2648 2529 τὸν
2678 2475 2817 2529 πόδα
2855 2473 2935 2545 τῷ
2959 2472 3228 2543 ὀφθαλμῷ
3257 2470 3504 2539 διαλεγό-

1917 2574 2098 2628 μενον,
2132 2555 2286 2628 [272]
2316 2557 2451 2610 ἀλλά
2482 2560 2549 2629 τῇ
2586 2557 2768 2626 ὀλίγον
2801 2557 3183 2628 ἀναϐεϐηκυίᾳ
3211 2556 3379 2627 χειρὶ,
3406 2554 3506 2625 τὴν

1913 2643 1970 2695 δὲ
1995 2641 2166 2712 ἀκοὴν
2188 2642 2302 2705 τοῖς
2328 2640 2652 2712 ὀφθαλμοῖς.
2697 2643 2917 2711 Ἐπειδὴ
2941 2643 3051 2713 γὰρ
3072 2643 3131 2695 ού
3160 2644 3273 2705 τοῖς
3300 2638 3508 2709 σφόδρα

1914 2724 2298 2796 ὑπερέχουσιν,
2334 2724 2473 2779 ἀλλά
2499 2726 2613 2791 τοῖς
2639 2725 2823 2793 ὀλίγον
2855 2725 3228 2796 ἀναϐεϐηκόσι
3264 2722 3503 2792 φθονεῖν,

1913 2808 2205 2878 εἰώθαμεν,
2257 2809 2347 2862 διὰ
2384 2808 2543 2862 τοῦτο
2598 2809 2694 2862 καὶ
2732 2808 2896 2871 αὐτὸς
2928 2806 3073 2861 οὕτω
3117 2808 3354 2859 ποιεῖται
3405 2803 3505 2875 τὴν

1916 2891 2223 2962 σύγκρισιν.
2237 2893 2308 2945 El
2328 2892 2478 2945 ὅλον
2495 2891 2563 2946 τὸ
2582 2891 2754 2960 σῶμα
2772 2892 3104 2961 ὀφθαλμὸς,
3124 2890 3244 2944 ποῦ
3268 2891 3304 2959 ἡ
3326 2888 3505 2957 ἀκοή;

1912 2977 1965 3029 εὶ
2015 2973 2165 3029 ὅλον
2206 2974 2383 3042 ἀκοὴ,
2417 2974 2535 3029 ποῦ
2566 2975 2605 3042 ἠ
2638 2974 2971 3044 ὄσφρησιςς
3017 2972 3238 3045 Ἐπειδὴ
3268 2972 3378 3043 γὰρ
3426 2973 3506 3035 εἰς

1913 3060 2012 3129 τὴν
2040 3059 2149 3112 τῶν
2185 3058 2364 3130 μελῶν
2394 3057 2655 3130 ἐμπεσὼν
2686 3058 2973 3130 διαφορὰν,
3008 3058 3104 3111 καὶ
3135 3056 3307 3111 εἰπὼν
3340 3055 3508 3118 πόδας

1915 3145 2007 3197 καὶ
2038 3147 2228 3215 χεῖρας
2257 3142 2352 3195 καὶ
2393 3141 2709 3214 ὀφθαλμοὺς
2739 3143 2834 3195 καὶ
2862 3135 3009 3205 ὦτα,
3053 3143 3134 3202 είς
3167 3140 3376 3193 ἔννοιαν
3407 3138 3508 3191 αύ-

1876 3260 1883 3266 ι
1914 3227 2041 3290 τοὺς
2072 3226 2174 3296 τῆς
2199 3225 2549 3289 ἐλαττώσεως
2578 3226 2672 3280 καὶ
2697 3226 2799 3295 τῆς
2833 3226 3110 3297 ὑπεροχῆς
3143 3226 3373 3297 ἢγαγεν·
3407 3224 3510 3294 ὅρα

1917 3310 2034 3373 πῶς
2072 3310 2234 3363 πάλιν
2270 3310 2469 3374 αὐτοὺς
2504 3310 2953 3380 παραμυθεῖται,
2985 3310 3201 3372 δεικνὺς
3243 3310 3326 3363 ὅτι
3366 3307 3511 3361 οὕτω

1919 3396 2200 3467 συμφέρον
2244 3391 2335 3466 ἦν,
2379 3395 2476 3448 καί
2521 3396 2583 3449 τὸ
2626 3394 2859 3465 πολλοὺς
2904 3390 3045 3448 εἶναι
3075 3394 3169 3446 καὶ
3197 3392 3508 3463 διαφόρους,

1915 3480 2075 3533 τοῦτο
2121 3480 2357 3547 μάλιστα
2405 3482 2552 3532 ποιεῖ
2591 3479 2751 3548 σῶμα
2792 3474 2957 3532 εἶναι.
3000 3478 3065 3530 El
3092 3477 3149 3529 δὲ
3192 3475 3250 3531 ἓν
3284 3472 3424 3547 ἦσαν
3461 3476 3511 3527 οί

1919 3564 2149 3629 πάντες,
2180 3563 2281 3617 ούκ
2319 3558 2460 3631 ἦσαν
2503 3562 2686 3632 σῶμα·
2721 3562 2803 3615 διό
2853 3577 3041 3631 φησιν,
3088 3559 3157 3614 Εί
3209 3558 3278 3611 δὲ
3316 3558 3396 3627 ἦν
3438 3558 3513 3611 τὰ

1919 3646 2116 3698 πάντα
2143 3644 2213 3699 ἓν
2236 3643 2447 3715 μέλος,
2484 3643 2604 3698 ποῦ
2646 3642 2713 3697 τὸ
2753 3642 2962 3713 σῶμᾳ;
3002 3641 3163 3695 ’Λλλά
3207 3641 3364 3694 τοῦτο
3411 3639 3511 3709 μὲν

1921 3728 2148 3799 ὕστερον
2191 3728 2361 3797 λέγει·
2411 3727 2650 3782 ἐνταῦθα
2683 3728 2744 3780 δέ
2776 3746 2828 3780 τι
2876 3728 2971 3780 καὶ
3023 3725 3183 3779 πλέον
3216 3726 3509 3788 δείκνυσιν,

1919 3815 2002 3866 ὅτι
2028 3814 2089 3865 ού
2122 3813 2280 3883 μόνον
2314 3812 2474 3882 σῶμα
2498 3810 2639 3865 εἶναι
2669 3812 2770 3864 οὐκ
2797 3812 3055 3883 ἐγχωρεῖ,
3086 3810 3199 3862 ἀλλ’
3222 3808 3341 3862 οὑδὲ
3371 3803 3512 3860 εῖναι

1919 3900 2047 3961 τοὺς
2075 3895 2316 3960 λοιπούς.
2351 3899 2421 3950 El
2449 3895 2597 3951 ὅλον
2625 3895 2733 3966 γάρ
2755 3892 2835 3966 ἦν
2861 3894 3040 3962 ἀκοὴ,
3069 3894 3188 3947 ποῦ
3214 3894 3253 3961 ἠ
3286 3891 3513 3962 ὄσφρη-

1921 3996 2053 4046 σις;
2091 3996 2279 4051 φησιν.

1992 4159 2060 4222 γ’.
2077 4150 2209 4207 Εἶτα
2229 4150 2414 4222 ἐπειδὴ
2432 4149 2510 4204 ἔτι
2527 4150 2620 4204 καὶ
2635 4146 2807 4211 οὕτως
2824 4146 3194 4217 ἐθορυϐοῦντο·
3213 4144 3511 4216 ὅπμάνω-

1921 4236 2064 4306 τέρω
2102 4235 2347 4306 ἐποίησε,
2377 4234 2472 4288 καὶ
2505 4231 2599 4287 νῦν
2628 4231 2788 4284 τοῦτο
2817 4232 2982 4283 ποιεῖ.
3012 4231 3226 4300 Ὥσπερ
3255 4228 3366 4299 γὰρ
3395 4227 3513 4280 ἐκεῖ

1921 4319 2011 4373 διὰ
2033 4319 2123 4373 τοῦ
2157 4319 2529 4389 συμφέροντος
2558 4314 2971 4387 παρακαλέσας,
2996 4314 3224 4385 ὕστερον
3255 4314 3351 4368 καὶ
3382 4315 3511 4367 ὲπε-

1925 4403 2147 4472 στόμισε
2183 4400 2450 4471 σφοδρῶς,
2483 4398 2656 4452 εἰπών
2678 4414 2691 4429 ·
2732 4397 2925 4453 Ταῦτα
2962 4396 3031 4450 δὲ
3061 4396 3259 4450 πάντα
3287 4395 3515 4465 ἐνεργει

1923 4482 1994 4538 ἒν
2037 4485 2136 4537 καί
2182 4486 2247 4537 τὸ
2289 4482 2435 4537 αὐτὸ
2484 4482 2751 4551 Πνεῦμα,
2805 4480 3078 4547 διαιροῦν
3119 4478 3237 4545 ἰδίᾳ
3279 4477 3517 4544 ἑκάστῳ

1926 4569 2120 4634 καθὼς
2144 4568 2459 4633 βούλεται·
2486 4565 2630 4618 οὕτω
2664 4565 2760 4618 καὶ
2790 4562 3024 4616 ἐνταῦθα
3052 4562 3347 4630 λογισμοὺς
3377 4560 3512 4623 θεὶς,

1927 4652 2048 4706 καθ’
2081 4651 2173 4715 οὒς
2205 4650 2373 4715 ἔδειξε
2402 4649 2683 4720 συμφέρον
2724 4647 2783 4700 δν
2827 4646 2972 4700 οὕτω
3014 4644 3271 4714 γενέσθαι
3312 4644 3513 4707 πάντα,

1929 4735 2091 4789 πάλιν
2116 4734 2211 4786 ἐπὶ
2239 4734 2337 4803 τὴν
2362 4733 2457 4785 τοῦ
2489 4731 2623 4784 Θεοῦ
2652 4729 2850 4801 βουλὴν
2872 4729 3064 4798 ἀνάγει
3094 4729 3153 4781 τὸ
3182 4729 3288 4781 πᾶν
3315 4726 3511 4794 λέγων·

1927 4818 2078 4875 Νυνὶ
2099 4817 2168 4871 δὲ
2196 4821 2228 4872 ὅ
2262 4819 2407 4882 Θεὸς
2430 4816 2599 4871 ἔθετο
2635 4815 2708 4868 τὰ
2729 4815 2911 4884 μέλη,
2938 4812 3007 4866 ἐν
3035 4813 3298 4867 ἕκαστον
3318 4807 3521 4863 αὐτῶν

1927 4903 1998 4955 ἐν
2033 4900 2113 4967 τῷ
2147 4900 2375 4969 σώματι
2408 4897 2605 4964 καθὼς
2643 4897 2971 4965 ἠθέλησεν.
3005 4896 3219 4965 ’Ὠσπερ
3261 4893 3390 4965 περὶ
3420 4891 3516 4947 τοῦ

1929 4984 2071 5038 Πνεύ
2081 5001 2248 5054 ματος
2265 4979 2407 5044 εἷπε,
2428 4981 2635 5047 Καθὼς
2647 4981 2964 5045 βούλεται,
2981 4978 3126 5032 οὕτω
3142 4978 3235 5032 καὶ
3257 4974 3514 5041 ἐνταῦθα,

1930 5065 2135 5131 Καθὼς
2160 5065 2445 5134 ἠθέλησε.
2482 5064 2575 5135 Μὴ
2601 5063 2784 5116 τοίνυν
2815 5061 3039 5126 ἐξέταζε
3077 5060 3264 5114 λοιπὸν
3292 5060 3393 5128 τὴν
3434 5059 3520 5111 αἱ·

1930 5152 2072 5214 τίαν,
2113 5149 2202 5203 διὰ
2227 5149 2281 5202 τί
2321 5148 2500 5210 οὕτω.
2549 5147 2645 5201 καὶ
2691 5147 2781 5199 διὰ
2818 5146 2870 5199 τί
2917 5147 3015 5216 οὐχ
3060 5145 3222 5198 οὕτω.
3254 5144 3373 5198 Κᾶν
3409 5142 3518 5212 γὰρ

1935 5234 2159 5305 μυρίους
2184 5233 2377 5300 λόγους
2404 5231 2621 5302 ἔχωμεν
2651 5232 2850 5292 εἰπεῖν,
2883 5229 2983 5299 ούχ
3004 5226 3149 5281 οὕτω
3174 5225 3519 5297 δυνησόμεθα

1928 5317 2095 5382 δεῖξαι
2123 5318 2203 5371 ὄτι
2236 5314 2436 5378 καλῶς,
2473 5314 2548 5376 ὼς
2584 5314 2714 5367 ὅταν
2740 5312 3009 5383 εῐπωμεν,
3041 5312 3122 5365 ὅτι
3145 5310 3220 5375 ὡς
3249 5311 3277 5362 ὁ
3305 5312 3520 5381 ἀριστο-

1927 5401 2125 5472 τέχνης
2155 5400 2440 5471 ἠθέλησεν,
2476 5397 2619 5452 οὕτω
2656 5398 2881 5465 γέγονεν
2904 5413 2919 5425 ·
2962 5396 3036 5461 ὡς
3084 5397 3195 5466 γὰρ
3239 5395 3518 5465 συμφέρον

1930 5486 2097 5550 ἐστὶν,
2135 5484 2279 5538 οὕτω
2310 5482 2582 5555 βούλεται.
2621 5480 2684 5534 El
2713 5480 2770 5533 δὲ
2804 5481 2863 5533 ὲν
2894 5478 2971 5551 τῷ
2999 5478 3216 5549 σώματι
3242 5477 3419 5546 τούτῳ
3452 5476 3515 5529 οὐ

1930 5566 2402 5638 περιεργαζόμεθα
2426 5565 2496 5620 τά
2538 5564 2695 5635 μέλη,
2730 5562 2911 5634 πολλῷ
2954 5562 3157 5634 μᾶλλον
3187 5563 3245 5614 ὲν
3276 5560 3342 5629 τῇ
3396 5557 3517 5611 Ἐκ-

1931 5651 2151 5722 κλησία.
2186 5651 2297 5704 Kal
2328 5650 2433 5720 ὅρα
2461 5646 2627 5703 αὐτοῦ
2654 5647 2755 5719 τὴν
2790 5647 3024 5701 σύνεσιν·
3057 5647 3119 5700 ού
3147 5643 3263 5713 γὰρ
3281 5642 3379 5713 τὴν
3407 5639 3516 5694 ἀπὸ

2001 5877 2030 5905 ⁸
2050 5873 2145 5925 Hic
2168 5873 2348 5924 desinit
2371 5872 2524 5925 codex
2546 5873 2752 5937 Regius.
