3962 6420
560 340 665 398 253

560 453 661 524 τῆς
694 454 908 526 φύσεως
936 454 1118 527 τίθησι
1146 455 1428 527 διαφορὰν,
1459 456 1579 509 οὐδὲ
1602 457 1701 527 τὴν
1730 456 1838 509 ἀπὸ
1865 457 1965 525 τῆς
1994 457 2141 525 ἐνερ-

559 547 740 616 γείας,
785 545 921 600 ἀλλά
952 547 1053 618 τὴν
1090 548 1199 600 ἀπὸ
1235 547 1334 617 τῆς
1370 545 1572 610 θέσεως
1617 548 1725 600 τῶν
1756 548 1956 601 τόπων.
1988 546 2142 601 Νυνί

559 638 691 711 γὰρ,
722 641 906 709 φησὶν.
934 643 968 694 ό
996 639 1140 706 Θεὸς
1160 640 1326 693 ἔθετο
1350 642 1423 704 τὰ
1446 641 1627 709 μέλη,
1654 640 1725 694 ἐν
1751 641 2016 696 ἕκαστον
2036 643 2142 695 αὑ-

560 733 679 787 τῶν
717 734 788 786 ἐν
831 732 910 798 τῷ
949 732 1195 802 σώματι,
1231 734 1427 800 καθὼς
1467 736 1754 804 ἠθέλησε.
1797 737 1907 789 Καὶ
1960 736 2145 802 καλῶς

560 823 736 890 εἶπεν,
770 827 1088 889 "Exacto-3',
1112 827 1205 879 ἐπὶ
1235 827 1453 881 πάντων
1481 828 1542 881 16
1570 827 1847 893 λυσιτελὲς
1867 828 2145 882 ἐνδεικνύ-

563 933 741 986 μενος.
770 916 845 968 Οὐ
875 915 983 984 γὰρ
1011 916 1077 969 ἂν
1115 914 1261 985 ἐχοις
1295 917 1495 982 εἰπεῖν,
1540 916 1624 970 ὅτι
1653 916 1811 970 τοῦτο
1847 919 1947 987 μὲν
1981 919 2145 983 αὐτὸς

556 1006 769 1072 ἔταξεν,
799 1009 977 1061 ἐκεῖνο
998 1007 1053 1060 δέ
1075 1007 1215 1077 οὐχί·
1250 1007 1388 1061 ἀλλὰ
1415 1008 1649 1062 ἕκαστον
1676 1009 1817 1062 κατὰ
1840 1008 1902 1062 τὸ
1931 1010 2146 1082 θέλημα

556 1096 746 1163 αὑτοῦ,
780 1096 924 1150 οὕτω
955 1100 1152 1152 κεῖται.
1183 1099 1347 1152 ’Ὥστε
1375 1099 1471 1153 καὶ
1508 1098 1585 1171 τῷ
1623 1100 1745 1153 ποδὶ
1775 1101 2045 1174 συμφέρει
2082 1101 2145 1154 16

556 1188 700 1242 οὕτω
736 1184 1018 1260 τετάχθαι,
1057 1190 1180 1261 οὐχὶ
1215 1193 1282 1262 τῇ
1324 1191 1537 1263 κεφαλῇ
1587 1190 1767 1262 μόνον·
1810 1190 1913 1246 κάν
1951 1191 2146 1246 ἀνταλυ

555 1279 695 1354 λάξῃ
726 1281 827 1352 τὴν
869 1282 1043 1348 τάξιν,
1077 1284 1171 1336 3101
1208 1284 1308 1354 τὴν
1343 1282 1551 1337 οἰκείαν
1597 1282 1783 1355 χώραν
1829 1284 2011 1352 ἀφεὶς,
2059 1285 2143 1353 ἐφ’

556 1375 757 1445 ἐτέραν
781 1375 933 1450 ἔλθῃ,
974 1374 1077 1429 κᾶν
1111 1377 1206 1429 ἐπὶ
1246 1374 1471 1446 μείζονα
1504 1375 1635 1446 δοκῇ
1683 1375 2031 1447 ἐληλυθέναι,
2080 1375 2144 1430 16

557 1468 669 1520 πᾶν
698 1466 951 1521 ἀπώλεσε
979 1466 1072 1519 3101
1092 1466 1387 1538 διέφθειρε·
1415 1466 1517 1536 τῆς
1541 1484 1602 1520 τε
1623 1467 1732 1536 γὰρ
1759 1466 1968 1531 οἰκείας
1989 1467 2148 1522 ἐκπί-

557 1574 705 1622 πτει,
739 1558 835 1611 καὶ
861 1559 960 1629 τῆς
990 1558 1185 1630 ἐτέρας
1211 1558 1312 1612 οὐκ
1351 1559 1725 1629 ἐπιτυγχάνει.
1767 1561 1837 1614 Εἰ
1868 1560 1938 1613 δὲ
1965 1556 2046 1630 ἦν
2074 1561 2148 1616 τὰ

559 1649 756 1705 πάντα
776 1649 846 1704 ἒν
867 1651 1076 1720 μέλος,
1101 1652 1220 1705 ποῦ
1248 1651 1315 1705 τό
1334 1650 1528 1722 σῶμα;
1546 1653 1700 1707 Νυνί
1725 1652 1794 1705 δὲ
1815 1657 2017 1710 πολλὰ
2031 1654 2149 1725 μὲν

556 1741 735 1812 μέλη,
763 1741 833 1796 ἓν
852 1743 920 1796 δὲ
941 1742 1134 1813 σῶμα.
1176 1744 1569 1815 Ἐπιστομίσας
1590 1744 1700 1817 γὰρ
1722 1745 1921 1810 αὐτοὺς
1946 1745 2148 1812 ἱκανῶς

558 1834 669 1888 ἀπὸ
697 1837 796 1905 τῆς
817 1836 912 1889 τοῦ
934 1835 1068 1890 Θεοῦ
1091 1836 1412 1901 διατάξεως,
1435 1837 1601 1891 πάλιν
1621 1837 1923 1909 λογισμοὺς
1940 1839 2143 1909 τίθησι·

560 1928 656 1980 καὶ
684 1925 808 1980 οὔτε
822 1926 983 1981 τοῦτο
1004 1928 1091 1981 ἀεὶ
1113 1929 1259 1981 ποιεῖ
1275 1927 1422 1994 οὔτε,
1447 1929 1647 1991 ἐκεῖνο,
1670 1927 1787 1981 ἀλλ’
1805 1928 2149 1983 ἐναλλάττων

560 2015 714 2089 [275]
764 2016 1033 2072 ποικίλλει
1063 2017 1153 2070 τὸν
1202 2018 1381 2087 λόγον.
1425 2017 1492 2070 ’ὐ
1522 2034 1580 2071 τε
1627 2016 1738 2088 γάρ
1779 2018 2147 2090 ἐπιστομίζων

561 2108 745 2178 μόνον,
778 2109 869 2163 τὸν
899 2109 1200 2180 ἀκροατὴν,
1237 2108 1513 2179 θορυϐεῖό
1540 2126 1600 2163 τε
1641 2110 1701 2163 δέ
1732 2108 1931 2174 ἐθίζων
1982 2110 2146 2164 αὑτὸν

556 2200 781 2255 πάντων
814 2202 996 2264 αἰτίας
1023 2203 1309 2268 ἀπαιτεῖν,
1342 2203 1424 2265 εἰς
1461 2201 1554 2255 τὸν
1589 2202 1689 2272 τῆς
1714 2201 1953 2266 πίστεως
1982 2203 2146 2256 αὐτὸν

558 2291 951 2361 παραϐλάπτει
989 2291 1170 2362 λόγον.
1202 2294 1304 2347 Διά
1337 2292 1403 2364 δὴ
1433 2292 1596 2355 τοῦτο
1631 2295 1859 2348 κάκεῖνο
1906 2295 2148 2366 συνεχῶς

554 2386 587 2437 6
628 2383 843 2447 Παῦλος
887 2387 1053 2450 ποιεῖ,
1085 2385 1173 2437 ἵνα
1220 2385 1316 2439 καὶ
1350 2385 1682 2438 πιστεύσωσι
1724 2385 1821 2439 3101
1866 2386 1943 2457 μὴ
1989 2386 2148 2458 θορυ-

557 2474 780 2529 ϐῶνται·
822 2478 917 2528 καὶ
966 2475 1106 2546 μετὰ
1144 2475 1207 2529 τὸ
1250 2476 1605 2547 ἐπιστομίσαι
1640 2477 1805 2531 πάλιν
1844 2478 1941 2531 3101
1989 2478 2147 2545 λόγον

554 2568 811 2639 παρέχει.
850 2568 960 2621 K01
992 2569 1187 2621 σκόπει
1218 2569 1319 2639 τὴν
1347 2568 1706 2636 φιλονεικίαν,
1735 2568 1828 2622 καὶ
1855 2571 1957 2641 τὴν
1987 2585 2146 2640 περι-

554 2662 746 2714 ουσίαν
790 2662 888 2730 τῆς
923 2660 1099 2731 νίκης.
1155 2662 1275 2730 Ἀφ’
1312 2654 1388 2715 ὧν
1421 2662 1532 2734 γὰρ
1583 2661 1832 2733 ἐνόμιζον
1868 2662 1969 2714 οὐκ
2006 2656 2146 2714 εἰναι

558 2753 791 2824 ἰσότιμοι
844 2752 924 2824 τῷ
958 2754 1160 2826 πολλὴν
1205 2758 1262 2808 ἐν
1300 2756 1485 2819 αὐτοῖς
1535 2751 1677 2809 εἶναι
1716 2755 1817 2827 τὴν
1859 2753 2144 2826 διαφορὰν,

554 2842 664 2894 ἀπὸ
697 2839 904 2895 τούτων
943 2842 1242 2906 δείκνυσιν,
1280 2844 1364 2899 ὃτι
1408 2845 1475 2898 δι’
1518 2845 1651 2898 αὐτὸ
1699 2846 1798 2916 μὲν
1844 2838 1937 2898 οῦν
1989 2844 2148 2898 τοῦτο

557 2931 812 3002 ἰσότιμοι.
845 2931 1007 2998 Πῶς;
1049 2933 1160 3003 ἐγὼ
1186 2934 1353 3003 λέγω.
1383 2937 1454 2989 Εἰ
1480 2931 1558 3004 ἦν
1595 2934 1669 2988 τὰ
1711 2935 1931 2999 πάντα,
1957 2936 2145 3006 φησὶν,

555 3020 627 3075 ἓν
641 3022 847 3091 μέλος,
877 3025 995 3077 ποῦ
1023 3025 1089 3079 τὸ
1122 3022 1332 3094 σῶμα;
1369 3027 1434 3078 Ὃ
1472 3026 1530 3078 δέ
1565 3024 1733 3093 λέγει,
1768 3024 1928 3079 τοῦτό
1965 3027 2144 3080 ἐστιν·

557 3110 621 3164 Εἰ
653 3113 727 3182 μὴ
752 3109 819 3183 ἦν
844 3116 901 3167 ἐν
925 3114 1054 3184 ὑμῖν
1080 3115 1248 3185 πολλὴ
1273 3119 1305 3186 ἡ
1333 3116 1588 3187 διαφορὰ,
1615 3117 1715 3169 οὐκ
1740 3117 1807 3170 ἂν
1831 3113 1930 3188 ἦτε
1962 3117 2145 3188 σῶμα·

558 3202 721 3274 σῶμα
754 3204 810 3256 δὲ
837 3204 938 3259 οὐκ
964 3205 1137 3270 61115;,
1168 3208 1267 3260 οὐκ
1302 3208 1369 3260 ἂν
1401 3203 1501 3278 ἦτε
1538 3207 1598 3260 ἐν
1619 3224 1632 3236 °
1668 3207 1726 3260 ἓν
1754 3209 1812 3262 65
1840 3210 1940 3263 οὐκ
1971 3209 2173 3274 ὅντες,-

557 3296 659 3349 ούκ
698 3296 763 3349 ἂν
799 3292 899 3368 ἦτε
936 3298 1190 3368 ἰσότιμοι.
1233 3299 1398 3354 Ὥστε
1441 3296 1535 3354 οὖν
1569 3303 1618 3355 εἰ
1674 3303 1872 3364 πάντες
1915 3302 2148 3373 ἰσότιμοι

557 3385 680 3460 ¹ἦτε,
714 3390 815 3442 οὐκ
864 3390 930 3443 ἂν
961 3387 1060 3462 ἦτε
1102 3391 1282 3463 σῶμα·
1319 3394 1420 3447 οὐκ
1456 3393 1607 3458 ὄντες
1636 3394 1694 3448 65
1728 3395 1910 3462 σῶμα,
1946 3396 2047 3448 οὐκ
2082 3396 2149 3450 ἂν

558 3477 657 3553 ἦτε
688 3481 745 3535 ἐν
765 3499 779 3512 ·
809 3483 910 3535 οὐκ
946 3485 1097 3547 ὅντες
1136 3485 1192 3537 65
1237 3484 1316 3551 ἐν,
1357 3486 1474 3549 πῶς
1504 3486 1570 3541 ἂν
1600 3483 1699 3557 ἦτε
1733 3486 1964 3559 ἰσότιμοι
1991 3504 2004 3554 ;
2035 3488 2149 3542 Νῦν

563 3574 773 3646 μέντοι,
808 3575 996 3647 ἐπειδὴ
1028 3578 1128 3631 οὐκ
1159 3578 1281 3631 ἐστέ
1317 3579 1517 3642 πάντες
1544 3578 1604 3633 ἐν
1634 3597 1687 3633 τι
1716 3581 1962 3653 χάρισμα
1997 3579 2149 3651 ἕχον-

560 3682 672 3730 τες,
701 3665 788 3719 διά
819 3666 978 3721 τοῦτο
1015 3666 1177 3737 σῶμά
1212 3669 1337 3722 ἐστε
1359 3686 1373 3701 ·
1431 3669 1591 3741 σῶμα
1642 3670 1699 3723 65
1727 3670 1878 3735 ὄντες
1898 3712 1914 3738 ,
1951 3674 2152 3736 πάντες

560 3758 686 3812 ἐστέ
715 3759 795 3823 ἓν,
825 3760 919 3812 3101
947 3761 1100 3814 οὐδὲν
1125 3760 1369 3833 ἀλλήλων
1394 3762 1681 3834 διαφέρετε
1721 3765 1864 3819 κατὰ
1900 3766 1960 3819 16
1993 3765 2152 3837 σῶμα

561 3845 722 3906 εἶναι.
752 3851 917 3907 Ὥστε
940 3853 973 3922 ἡ
995 3852 1230 3925 διαφορά
1252 3854 1389 3925 αὕτη
1423 3855 1660 3925 μάλιστά
1684 3857 1831 3911 ἐστιν
1858 3859 1891 3928 ἡ
1924 3858 2153 3912 ποιοῦσα

561 3945 662 4015 τὴν
694 3945 988 4015 ἰσοτιμίαν·
1026 3947 1108 4000 616
1135 3950 1231 4001 3101
1259 3950 1528 4018 ἐπήγαγε,
1557 3949 1689 4004 Νῦν
1715 3949 1785 4003 δὲ
1810 3950 2012 4005 πολλὰ
2034 3950 2155 4021 μὲν

562 4040 738 4105 μέλη,
768 4037 842 4092 ἓν
880 4039 950 4092 δὲ
981 4038 1174 4109 σῶμα.
1209 4041 1373 4095 Ταῦτ’
1405 4037 1499 4096 οῦν
1538 4042 1847 4107 ἐννοοῦντες
1873 4044 1969 4096 3101
1993 4044 2154 4113 ἡμεῖς

565 4129 749 4183 πᾶσαν
780 4129 1079 4199 βασκανίαν
1108 4131 1452 4204 ἐκϐάλωμεν,
1492 4135 1587 4187 3101
1615 4134 1755 4205 μήτε
1784 4136 1898 4198 τοῖς
1931 4136 2154 4204 μείζονα

568 4222 881 4292 χαρίσματα
920 4221 1105 4294 ἔχουσι
1163 4225 1448 4297 φθονῶμεν
1473 4265 1487 4290 ,
1530 4227 1669 4297 μήτε
1720 4228 2154 4299 καταφρονῶμεν

566 4314 675 4367 τῶν
702 4314 772 4368 τά
799 4314 1060 4369 ἐλάττονα
1088 4317 1464 4387 κεκτημένων·
1494 4316 1638 4371 οὓτω
1667 4317 1779 4389 γὰρ
1805 4321 1833 4372 ὀ
1860 4320 1993 4382 Θεὸς
2025 4318 2153 4388 ἠθέ-

568 4407 717 4477 λησε.
756 4410 847 4479 Μὴ
882 4408 1063 4461 τοίνυν
1094 4409 1570 4480 ἀντιτασσώμεθα.
1614 4411 1676 4462 Εἰ
1713 4410 1771 4462 65
1810 4409 1890 4463 ἐτι
1926 4410 2153 4482 θορυϐῇ,

569 4503 820 4571 ἐννόησον
866 4503 947 4555 ὅτι
980 4502 1041 4553 16
1089 4500 1180 4553 σὸν
1222 4500 1382 4572 ἔργον
1411 4503 1471 4555 οὐ
1505 4502 1731 4555 δύναται
1781 4504 1986 4565 ἐκεῖνος
2024 4503 2155 4557 πολ-

571 4595 725 4654 λάκις
759 4592 960 4647 ἀνύειν.
996 4594 1160 4646 Ὥστε
1198 4593 1303 4646 κᾶν
1354 4595 1593 4648 ἐλάττων
1642 4590 1729 4667 ᾗς,
1769 4593 1943 4665 τούτῳ
1970 4594 2158 4647 πλεον-

571 4686 769 4744 εκτεῖς*
804 4683 907 4736 κᾶν
944 4683 1145 4752 μείζων
1179 4683 1387 4746 ἐκεῖνος
1424 4678 1483 4757 ᾖ,
1513 4682 1832 4737 ἐλαττοῦται
1871 4685 1929 4737 ἐν
1958 4683 2154 4754 τούτῳ,

572 4775 666 4829 3101
695 4773 870 4838 οὕτως
896 4775 1077 4845 ἰσότης
1103 4775 1335 4842 γίνεται.
1374 4777 1481 4830 Καὶ
1507 4778 1617 4848 γὰρ
1646 4777 1740 4829 3101
1763 4779 1820 4828 ἐν
1843 4776 1919 4847 τῷ
1945 4775 2157 4848 σώματι

573 4869 668 4922 καὶ⁸
707 4865 777 4921 τὰ
808 4867 981 4937 μικρά
1019 4867 1080 4919 οὐ
1132 4869 1306 4939 μικρὰ
1337 4868 1487 4923 δοκεῖ
1543 4868 1842 4933 συντελεῖν,
1889 4868 2026 4923 ἀλλὰ
2066 4869 2160 4921 3101

572 4960 686 5023 τοῖς
729 4959 987 5029 μεγάλοις
1036 4960 1361 5030 λυμαίνεται.
1404 4960 1698 5027 πολλάκις,
1739 4963 1869 5015 ὅταν
1922 4962 2155 5032 ἀποστῇ.

571 5051 637 5104 Τί
662 5052 772 5121 γάρ
800 5054 1003 5123 τριχῶν
1028 5052 1409 5124 εὐτελέστερον
1432 5055 1489 5105 ἐν
1512 5052 1593 5124 τῷ
1618 5053 1831 5123 σώματι
1853 5070 1868 5118 ;
1901 5053 2038 5108 ἀλλὰ
2060 5053 2160 5115 τὰς

572 5143 812 5207 εὐτελεῖς
836 5143 1038 5207 ταύτας
1066 5142 1135 5196 ἂν
1168 5144 1365 5216 ἀνέλῃς
1395 5144 1503 5198 ἀπὸ
1536 5144 1644 5197 τῶν
1671 5144 1889 5214 ὀφρύων
1929 5146 2023 5198 3101
2053 5147 2161 5197 τῶν

574 5235 882 5306 βλεφάρων,
916 5236 1044 5306 ὃλην
1076 5236 1350 5305 ἡφάνισας
1375 5238 1475 5305 τῆς
1513 5235 1689 5306 ὅψεως
1716 5235 1815 5307 τὴν
1847 5235 1997 5306 ῶραν
2018 5276 2032 5298 ,
2067 5237 2162 5289 3101

573 5326 853 5397 ὀφθαλμὸς
883 5327 1065 5381 οὐκέτι
1099 5328 1301 5399 ὁμοίως
1342 5331 1590 5396 φανεῖται
1637 5327 1822 5391 καλός·
1874 5327 2049 5381 καίτοι
2097 5341 2163 5395 γε

576 5419 706 5491 περὶ
753 5419 813 5471 16
844 5419 1004 5489 τυχόν
1044 5423 1190 5473 ἐστιν
1226 5423 1259 5489 ἡ
1310 5419 1517 5491 ζημία,
1555 5420 1672 5474 ἀλλ’
1703 5422 1854 5490 ὅμως
1893 5420 1987 5473 καὶ
2020 5418 2165 5473 οὕτω

579 5510 729 5565 πᾶσα
756 5508 1018 5577 διεφθάρη
1055 5510 1088 5578 ἡ
1120 5510 1423 5580 εὐμορφία·
1453 5512 1553 5563 οὐκ
1586 5511 1861 5581 εὐμορφία
1890 5509 1946 5563 δὲ
1983 5511 2110 5580 μόνυ
2124 5529 2164 5579 1,

582 5600 719 5653 ἀλλά
749 5601 844 5653 3101
874 5601 1008 5656 πολὺ
1040 5600 1140 5668 τῆς
1169 5602 1359 5671 χρείας
1401 5603 1508 5655 τῶν
1554 5602 1871 5672 ὀφθαλμῶν.
1901 5603 2023 5657 Τῶν
2057 5608 2165 5674 γάρ

590 5690 765 5757 μελῶν
814 5691 969 5761 ἡμῶν
1000 5693 1229 5744 ἕκαστον
1273 5693 1367 5745 310".
1413 5695 1547 5747 ἰδίαν
1587 5695 1870 5764 ἐνέργειαν
1909 5694 2023 5764 ἔχει
2071 5696 2167 5747 καὶ

592 5784 797 5850 κοινὴν,
834 5784 929 5834 701
958 5784 1153 5848 κάλλος
1177 5785 1380 5854 ὁμοίως
1405 5787 1498 5838 καὶ
1532 5788 1660 5839 ἴδιον
1688 5787 1783 5839 7.0".
1813 5787 1990 5840 κοινόν
2021 5788 2168 5841 ἐστιν

594 5869 650 5925 ἐν
700 5874 851 5946 ἡμῖν·
896 5876 987 5927 7.01
1043 5876 1187 5930 δοκεῖ
1229 5877 1327 5947 μὲν
1374 5877 1661 5950 διῃρῆσθαι
1700 5878 1893 5943 ταῦτα,
1951 5880 2164 5949 ’ξυμπέ-

1328 340 1386 395 S.
1424 340 1708 397 JOANNIS
1746 337 2241 395 CHRYSOSTOMI
2283 337 2607 395 ARCIIIEP.
2652 333 3203 393 CONSTANTINOP.
3677 336 3764 389 9.51

2243 453 2473 507 πλεκται
2501 454 2558 507 65
2591 451 2855 523 ἀκριϐῶς,
2888 452 2983 505 3101
3030 448 3258 520 θατέρου
3295 448 3655 523 διαφθαρέντος
3692 452 3771 505 3101

2243 546 2304 599 16
2329 545 2515 617 ἕτερον
2546 544 2962 599 συναπόλλυται.
2991 542 3193 596 Σκόπει
3219 542 3274 596 δέ
3297 558 3309 571 ³
3339 542 3566 598 ἔστωσαν
3602 542 3771 612 ὀφθαλ-

2247 635 2339 709 μοὶ
2361 639 2688 707 λάμποντες,
2720 638 2815 691 3101
2839 636 3043 707 παρειά
3066 635 3344 707 μειδιῶσα,
3374 636 3466 689 3101
3497 635 3657 707 χεῖλος
3674 637 3774 707 ἐρυ-

2244 729 2395 799 θρὸν,
2435 729 2528 783 καὶ
2559 730 2644 801 91;
2675 728 2894 793 εὐθεῖα,
2941 728 3036 782 καὶ
3072 729 3245 799 ὀφρῦς
3289 727 3639 798 ἐκτεταμένη·
3680 727 3775 781 ἀλλ’

2244 821 2393 892 ὅμως
2418 820 2518 877 κᾶν
2546 821 2605 875 τὸ
2633 820 2796 891 τυχὸν
2823 821 2887 873 ἐκ
2914 821 3118 874 τούτων
3141 819 3374 890 λυμὴνῃ,
3397 820 3470 889 τῷ
3496 818 3648 889 κοινῷ
3666 819 3781 872 πάνυ

2245 928 2355 965 των
2394 912 2650 984 ἐλυμήνω
2687 912 2909 981 κάλλει,
2944 911 3039 965 καὶ
3075 911 3252 966 πάντα
3290 910 3576 978 κατηφείας
3602 908 3777 981 μεστὰ,

2246 1006 2345 1058 καὶ
2383 1006 2561 1060 πάντα
2602 1007 2805 1079 αἰσχρὰ
2858 1010 3108 1077 φανεῖται
3149 1005 3217 1059 τὰ
3265 1003 3370 1076 πρὸ
3423 1004 3600 1057 τούτου
3642 1001 3777 1057 καλά.

2248 1099 2346 1151 “Av
2372 1096 2483 1170 γάρ
2506 1101 2568 1152 16
2596 1099 2766 1173 ἄκρον
2795 1100 2956 1171 μόνον
2973 1099 3072 1170 τῆς
3094 1097 3240 1170 ῥινὸς
3265 1095 3570 1168 συντρίψῃς,
3596 1095 3780 1150 πάντων

2246 1191 2450 1263 πολλὴν
2502 1194 2773 1265 κατέχεας
2822 1193 2922 1265 τὴν
2978 1192 3297 1265 ἀμορφίαν,
3352 1188 3526 1243 καίτοι
3575 1205 3635 1257 γε
3686 1188 3781 1251 ἐνὸς

2251 1284 2447 1355 μέλους
2476 1286 2622 1340 ἐστὶν
2650 1289 2685 1358 ἠ
2731 1288 3002 1359 πήρωσις·
3037 1285 3133 1339 3101
3165 1284 3259 1337 ἐπὶ
3292 1281 3471 1354 χειρὸς
3498 1280 3702 1351 ὁμοίως,
3730 1280 3781 1332 ἂν

2250 1378 2368 1444 ἐνὸς
2398 1379 2663 1436 δακτύλου
2692 1382 2784 1435 τὸν
2826 1381 2994 1453 ὄνυχα
3026 1379 3216 1451 ἐξέλῃς
3235 1419 3250 1442 ,
3285 1377 3345 1431 16
3380 1375 3505 1429 αὐτὸ
3540 1376 3783 1445 γινόμενον

2250 1473 2390 1543 ιφει.

2324 1650 2475 1724 [274]
2497 1651 2562 1705 6'.
2593 1652 2727 1706 Εἰδέ
2752 1654 2846 1706 3101
2867 1651 2959 1705 ἐπὶ
2973 1650 3253 1723 ἐνεργείας
3273 1646 3581 1719 βουληθείης
3606 1645 3660 1698 16
3682 1643 3787 1699 αὐτὸ

2252 1743 2546 1813 συμϐαῖνον
2604 1744 2751 1810 ἰδεῖν,
2805 1742 2961 1796 ἄνελε
2995 1741 3258 1796 δάκτυλον
3286 1741 3402 1806 ἕνα,
3443 1740 3536 1794 καὶ
3560 1740 3674 1800 τοὺς
3697 1738 3787 1790 λοι-

2249 1833 2387 1897 ποὺς
2407 1835 2605 1906 ἀργοτέ
2614 1852 2737 1906 ρους
2760 1834 3227 1904 611351,.31010631511
3251 1835 3320 1889 τά
3346 1832 3521 1888 αὐτῶν
3543 1830 3789 1892 ποιοῦντας

2246 1926 2467 1997 ὁμοίως.
2517 1927 2669 1981 Ἐπεὶ
2713 1922 2807 1980 οὖν
2842 1927 3019 1981 κοινὸν
3051 1920 3242 1996 αἶσχος
3297 1927 3330 1997 ἡ
3368 1924 3464 1979 τοῦ
3508 1922 3685 1995 μέλους
3710 1922 3789 1990 ξηο

2252 2018 2371 2089 μία,
2406 2020 2502 2074 καὶ
2546 2018 2724 2073 κοινὸν
2758 2019 2953 2082 κάλλος
2988 2021 3022 2088 ἡ
3059 2019 3324 2088 σωτηρία,
3362 2016 3438 2089 μὴ
3480 2012 3792 2085 ἐπαιρὼμεθα

2252 2111 2385 2183 μηδὲ
2414 2112 2836 2183 ἐπεμϐαίνωμεν
2876 2113 2990 2175 τοῖς
3027 2110 3276 2180 πλησίον.
3305 2110 3404 2164 Διά
3433 2109 3540 2179 γὰρ
3567 2110 3722 2162 ἐκεῖνο
3747 2103 3794 2157 16

2252 2204 2447 2276 μικρὸν
2479 2205 2640 2276 μέλος
2687 2206 2783 2259 καὶ
2826 2203 2888 2258 16
2933 2203 3077 2275 μέγα
3123 2203 3242 2256 ἐστὶ
3273 2202 3437 2256 καλὸν
3481 2202 3575 2254 3101
3608 2199 3790 2269 ὡραῖον,

2248 2296 2343 2350 3101
2395 2296 2486 2350 διὰ
2531 2296 2640 2349 τῶν
2699 2296 3035 2368 βλεφαρίδων
3082 2293 3360 2365 ὀφθαλμὸς
3412 2290 3791 2355 καλλωπίζεται.

2250 2389 2413 2443 Ὥστε
2447 2389 2625 2461 ἐαυτῷ
2650 2390 2877 2461 πολεμεῖ
2909 2390 2938 2443 6
2972 2388 3053 2459 τῷ
3078 2388 3295 2459 ἀδελ-ρῷ
3323 2386 3591 2457 πολεμῶν·
3631 2384 3686 2435 οὐ
3710 2380 3794 2452 γὰρ

2251 2481 2446 2553 μέχρις
2477 2482 2684 2535 ἐκείνου
2711 2480 2779 2535 τά
2798 2482 2899 2551 τῆς
2930 2480 3156 2552 βλάϐης,
3181 2480 3319 2534 ἀλλὰ
3348 2478 3441 2533 καὶ
3470 2476 3623 2540 αὐτὸς
3649 2475 3703 2529 οὐ
3729 2492 3795 2545 μι-

2250 2572 2389 2645 κρὰν
2415 2572 2779 2641 ὑποστήσεται
2803 2569 3028 2642 ζημίαν.
3056 2570 3152 2623 Ἷν’
3171 2563 3267 2623 οῦν
3303 2569 3378 2640 μὴ
3408 2566 3563 2621 τοῦτο
3589 2564 3791 2633 γίνηται,

2247 2662 2323 2723 ὡς
2359 2663 2591 2726 ἐαυτῶν,
2614 2660 2756 2715 οὕτω
2792 2661 2889 2715 3101
2912 2660 3024 2714 τῶν
3058 2659 3293 2731 πλησίον
3326 2654 3703 2730 φροντίζωμεν,
3724 2651 3797 2705 3101

2248 2756 2451 2823 ταύτην
2474 2756 2573 2825 τὴν
2600 2754 2785 2809 εἰκόνα
2814 2751 3194 2824 τοῦθσώματος
3222 2752 3320 2806 3101
3347 2751 3442 2805 νῦν
3469 2750 3561 2803 5111
3584 2747 3674 2817 τὴν
3704 2744 3798 2796 Ἐκ-

2250 2848 2478 2919 κλησίαν
2526 2850 2946 2919 μεταγάγωμεν,
2978 2845 3074 2899 7.01
3107 2845 3430 2917 προνοῶμεν
3477 2841 3709 2896 ἁπάντων
3741 2835 3799 2897 ὡς

2253 2940 2433 3012 μελῶν
2459 2939 2697 2993 οἰκείων.
2734 2939 2846 2993 K01
2883 2938 2995 3008 γὰρ
3026 2936 3122 2991 καὶ
3156 2938 3214 2989 ἐν
3253 2938 3321 3007 τῇ
3359 2932 3647 3003 Ἐκκλησία
3693 2927 3799 2999 μέλη

2251 3030 2423 3084 πολλὰ
2472 3030 2566 3083 καὶ
2609 3028 2877 3099 διάφορα·
2927 3028 3023 3082 καὶ
3070 3027 3139 3080 τά
3175 3024 3277 3096 μὲν
3315 3022 3633 3095 τιμιώτερα,
3663 3016 3723 3070 τὰ
3756 3013 3801 3067 δὲ

2250 3123 2681 3193 καταδεέστερα·
2714 3116 2826 3195 οἶόν
2853 3121 2957 3174 εἰσι
2992 3117 3287 3190 παρθένων
3317 3117 3502 3188 χοροὶ,
3527 3114 3629 3168 εἰσὶ
3650 3107 3802 3183 χηρῶν

2253 3216 2523 3284 σύλλογοι,
2578 3214 2688 3266 εἰσὶ
2745 3212 2855 3265 τῶν
2905 3211 2963 3265 ἐν
3024 3212 3189 3279 γάμῳ
3243 3209 3483 3280 σώφρονι
3524 3204 3803 3278 λαμπόντων

2251 3305 2536 3378 φρατρίαι,
2584 3304 2679 3357 καὶ
2723 3301 2908 3355 πολλοὶ
2954 3300 3056 3368 τῆς
3106 3300 3313 3370 ἀρετῆς
3361 3299 3412 3351 οἰ
3465 3293 3669 3366 βαθμοί.
3715 3290 3802 3378 K01

2394 3374 2493 3465 τῆς
2535 3390 2905 3462 ἐλεημοσύνης
2954 3389 3118 3442 πάλιν
3162 3388 3398 3459 ὁμοίως·
3430 3384 3459 3436 6
3502 3385 3596 3455 μὲν
3625 3381 3719 3451 γὰρ
3750 3374 3803 3427 τὰ

2253 3487 2433 3541 πάντα
2462 3485 2752 3547 ἐκένωσεν,
2788 3484 2837 3537 οἰ
2867 3480 2925 3536 65
2954 3480 3052 3551 τῆς
3089 3479 3433 3550 αὐταρκείας
3462 3470 3802 3545 ἐπιμελοῦνται

2257 3584 2445 3654 μόνης,
2476 3582 2571 3634 3101
2591 3578 2753 3632 πλέον
2781 3577 2883 3646 τῆς
2908 3575 3097 3647 χρείας
3126 3571 3282 3626 οὐδὲν
3310 3566 3583 3654 ζητοῦσιν,
3619 3563 3664 3616 οἰ
3688 3560 3735 3654 65
3755 3558 3803 3609 ἐκ

2252 3673 2348 3728 τοῦ
2391 3670 2830 3743 περισσεύματος
2860 3666 3091 3719 ἔδωκαν·
3127 3662 3244 3716 ἀλλ’
3275 3663 3430 3731 ὅμως
3466 3650 3608 3713 οὗτοι
3640 3651 3803 3743 πάντες

2253 3737 2520 3840 ἀλλήλους
2550 3762 2836 3835 κοσμοῦσι,
2880 3759 2982 3814 κᾶν
3021 3757 3354 3827 ἐξουθενήσῃ
3400 3753 3493 3807 τὸν
3524 3750 3754 3802 ἐλάττονα
3781 3737 3803 3789 ὃ

2258 3863 2479 3934 μείζων,
2504 3857 2696 3913 ἐαυτὸν
2728 3856 2797 3910 τά
2834 3854 3066 3925 μέγιστα
3099 3848 3359 3918 ἔϐλαψεν.
3388 3847 3460 3898 Ἢ
3488 3860 3545 3897 τε
3573 3840 3803 3934 γὰρ-παρ-

2257 3929 2409 4018 θένος
2456 3955 2521 4007 ἂν
2561 3950 2761 4023 ὑϐρίσῃ
2789 3948 2885 4019 τὴν
2919 3938 3184 4016 ἔγγαμον,
3222 3943 3287 3995 οὐ
3327 3938 3522 4012 μικρὸν
3551 3929 3803 4023 ὑπετέμετο

2256 4049 2349 4103 τοῦ
2405 4019 2649 4117 μισθοῦ(
2674 4044 2704 4097 6
2734 4019 2815 4094 ’τε
2872 4039 2942 4093 τά
2993 4040 3173 4092 πάντα
3216 4033 3488 4096 κενώσας,
3516 4030 3580 4084 ἂν
3613 4019 3804 4117 ὀνειδίσῃ

2257 4145 2334 4215 τῷ
2386 4143 2461 4215 μὴ
2518 4139 2679 4194 τοῦτο
2730 4133 3081 4205 πεποιηκότι,
3115 4130 3252 4185 πολὺ
3302 4127 3412 4181 τῶν
3461 4119 3620 4177 αὐτοῦ
3663 4115 3803 4169 πόνων

2259 4236 2518 4292 ἐκένωσε.

2329 4411 2442 4465 K01
2471 4410 2525 4463 τί
2566 4408 2711 4476 λέγω
2744 4402 3049 4475 παρθένους
3079 4399 3174 4454 3101
3209 4400 3388 4471 χήρας
3423 4395 3514 4448 καὶ
3541 4386 3803 4457 ἁκτήμονας

2260 4504 2491 4575 ἄνδραςς
2532 4500 2597 4554 Τί
2643 4499 2754 4568 γὰρ
2790 4495 2900 4550 τῶν
2947 4491 3391 4565 προσαιτούντων
3440 4481 3802 4587 εὐτελέστερογς

2263 4571 2377 4653 an"
2412 4595 2564 4664 ὅμως
2606 4592 2700 4646 7.01
2744 4584 2890 4645 οὗτοι
2933 4586 3122 4658 χρείαν
3176 4578 3445 4653 πληροῦσι
3489 4571 3726 4667 μξῖίστῖἷν
3763 4571 3804 4667 εἶ’

2275 4649 2597 4758 Ἐκκλησία,
2639 4649 3055 4753 προσηλωμένοι
3083 4676 3207 4738 ταῖς
3229 4649 3427 4766 θύραις
3450 4664 3544 4766 τοῦ
3581 4649 3799 4766 3.1001'1iat’1“1

2263 4739 2477 4849 κόσμον.
2500 4775 2834 4845 παρέχοντες
2860 4771 3136 4841 μέγιστον,
3166 4766 3261 4819 3101
3283 4764 3489 4817 τούτων
3512 4758 3633 4849 ἄνευ
3654 4749 3735 4803 οὐκ

2262 4843 2629 4942 ἀπαρτισθείη
2649 4843 2716 4918 τὸ
2744 4864 3021 4933 πλήρωμα
3048 4858 3146 4928 τῆς
3182 4852 3531 4923 Ἐκκλησίας.
3560 4848 3719 4942 Ὅπερ

2264 4962 2360 5017 καὶ
2384 4933 2453 5015 ὀἰ
2493 4933 2782 5014 ἀπόστολοι
2821 4952 3124 5010 συνιδόντες
3157 4947 3395 5018 ἐξαρχῆς
3432 4933 3800 5018 ἐνομοτέθησανι

2266 5058 2455 5127 ὥσπερ
2477 5055 2545 5109 τὰ
2575 5052 2710 5107 ἄλλα
2748 5051 2947 5111 πάντα,
2980 5045 3123 5099 οὕτω
3153 5044 3248 5097 3101
3263 5016 3338 5095 τὸ
3361 5016 3805 5135 )(”ίίί²αςξῖ³¹⁶²ξ’Δ

2266 5104 2534 5218 τοσαύτην
2561 5144 2890 5213 ἐποιήσαντο
2912 5138 3042 5209 περὶ
3061 5137 3122 5191 16
3142 5136 3377 5205 πρᾶγμα
3400 5124 3650 5218 σπουδὴν,
3658 5104 3805 5218 (bim

2266 5240 2549 5301 διακόνους
2594 5236 2787 5297 αὐταῖς
2827 5230 3124 5300 ἐπιστῆσαι
3161 5224 3321 5280 ἐπτά.
3354 5223 3563 5289 Ὥσπερ
3598 5213 3695 5281 γὰρ
3715 5206 3807 5256 ἐπι·

2269 5335 2506 5395 σκόπους
2554 5329 2649 5383 3101
2683 5324 3088 5399 πρεσϐυτέρους
3129 5320 3224 5374 3101
3260 5315 3539 5372 διακόνους
3572 5305 3658 5399 καί
3690 5308 3806 5399 Mf"

2269 5426 2453 5489 θένους
2501 5424 2599 5478 3101
2645 5397 3148 5489 ἐγκρατευομένους
3193 5408 3432 5484 ἀριθμῷ,
3474 5404 3541 5457 τά
3573 5397 3694 5489 μέλη

2283 5476 2613 5585 ἰέκκλησίας
2650 5476 2987 5575 καταλέγων,
3011 5476 3155 5559 οὕτω
3204 5476 3299 5557 3101
3411 5513 3525 5567 90;.
3565 5485 3688 5585 Οὐδέ

2268 5607 2369 5678 τὴν
2391 5576 2663 5676 τυχοῦσαν
2686 5600 2875 5671 χρείαν
2902 5593 3057 5652 αὗται
3080 5595 3187 5665 πλη
3198 5594 3368 5666 ροῦσι.
3400 5592 3469 5643 Σὺ
3503 5585 3594 5657 μὲν
3737 5576 3807 5679 δτξ

2275 5671 2904 5767 βούλει,-παραγέγονας·
2928 5683 3087 5743 αὗται
3120 5688 3178 5741 δέ
3209 5685 3300 5739 3101
3326 5681 3536 5753 ἡμέραν
3558 5671 3807 5767 3101;113:116

2272 5789 2534 5858 ψάλλουσι
2575 5785 2673 5841 3101
2704 5784 2978 5855 πάρεισιν,
3015 5782 3074 5835 ού
3112 5781 3209 5850 τῆς
3255 5769 3612 5846 ἐλεημοσῦνης
3652 5761 3807 5858 ἓνῗξξν

2282 5844 2447 5951 μόνης
2481 5877 2641 5933 τοῦτο
2670 5875 2937 5930 ποιοῦσαι·
2964 5873 3105 5941 ἐπεὶ,
3136 5873 3181 5926 εί
3209 5869 3360 5925 τοῦτο
3396 5860 3673 5920 ἐϐούλοντο,
3701 5844 3806 5911 ἑξην
