3962 6418
199 397 284 454 253
1204 390 1271 446 IN
1310 390 1525 446 EPIST.
1560 388 1599 444 ι.
1631 390 1722 444 Al)
1760 388 1914 444 con.
1948 389 2179 447 llOlllI..
2209 391 2381 451 xxx.

195 513 492 587 proferenda
520 510 887 577 habuerimus,
909 522 1016 565 non
1044 508 1122 564 sic
1145 508 1440 577 poterimus
1466 505 1755 562 ostendere

193 616 319 664 recte
347 604 553 660 factum
587 618 731 667 esse,
763 613 819 655 ut
855 617 973 657 cum
1003 599 1269 655 dicimus:
1307 598 1379 655 Ut
1416 599 1652 667 optimus
1677 611 1764 649 ar-

191 699 301 755 tifex
343 698 554 765 voluit,
603 698 675 751 ita
721 694 915 750 factum
962 704 1086 748 est:
1136 708 1257 747 nam
1300 692 1379 753 sic
1416 692 1508 746 ille
1547 691 1661 744 vult
1706 698 1766 743 ut

188 793 409 864 expedit.
452 790 509 847 Si
555 801 735 844 autem
780 789 831 843 in
874 787 975 841 hoc
1017 801 1246 856 corpore
1275 787 1342 840 de
1372 784 1626 838 membris
1658 796 1762 836 non

187 886 385 940 curiose
414 882 760 953 inquirimus,
792 881 958 934 multo
988 880 1154 949 magis
1184 878 1235 932 in
1262 876 1524 931 Ecclesia.
1558 875 1624 929 Et
1642 872 1763 929 vide

191 978 315 1034 illius
341 976 685 1049 prudentiam
710 991 725 1033 :
760 990 863 1028 non
892 973 1035 1027 enim
1063 971 1207 1027 illam
1236 971 1385 1041 ponit
1408 968 1761 1024 differentiam

189 1086 291 1141 quae
326 1084 393 1125 ex
422 1078 614 1122 natura
643 1076 727 1123 est
747 1108 763 1133 ,
792 1081 965 1137 neque
997 1064 1146 1119 illam
1177 1078 1297 1133 qua:
1333 1070 1419 1118 est
1461 1077 1527 1117 ex
1569 1076 1760 1131 opera-

189 1169 338 1230 tione,
368 1163 463 1218 sed
492 1177 612 1217 eam
641 1176 760 1231 quae
789 1169 885 1215 est
910 1174 940 1213 a
972 1159 1078 1213 situ
1109 1157 1350 1213 locorum
1379 1174 1392 1210 :
1428 1154 1583 1210 Nunc
1614 1153 1758 1208 enim

192 1256 341 1328 posuit
364 1298 379 1323 ,
407 1255 616 1324 inquit,
648 1252 789 1307 Deus
812 1250 1059 1317 membra,
1086 1249 1474 1321 unumquodque
1499 1264 1675 1303 eorum
1704 1247 1758 1302 in

190 1364 386 1419 corpore
416 1347 551 1401 sicut
585 1345 765 1400 uoluit.
810 1343 876 1398 Et
916 1352 1063 1398 recte
1102 1341 1271 1409 dixit,
1316 1339 1754 1411 Unumquodque,

191 1444 237 1497 in
263 1440 507 1495 omnibus
535 1438 820 1493 utilitatem
847 1433 1159 1491 osmndens.
1199 1432 1384 1503 Neque
1406 1432 1548 1487 enim
1576 1431 1757 1486 dicere

195 1534 380 1604 possis,
416 1531 567 1586 illum
596 1528 699 1584 hoc
721 1527 937 1598 quidem
967 1525 1244 1597 posuisse,
1277 1524 1408 1579 illud
1437 1537 1566 1578 vero
1596 1521 1756 1576 mini-

190 1642 296 1691 me,
323 1624 417 1682 sed
447 1621 866 1693 unumquodque
906 1620 1201 1675 secundum
1227 1618 1557 1674 voluntatem
1588 1616 1754 1686 ipsius

189 1720 333 1774 situm
364 1727 466 1774 est.
501 1718 686 1787 Itaque
714 1724 769 1771 et
797 1715 916 1786 pedi
945 1714 1076 1770 utile
1105 1715 1177 1769 sit
1205 1714 1284 1769 sic
1312 1712 1564 1768 collatum
1595 1726 1749 1775 esse,

190 1828 283 1867 non
312 1811 470 1881 capiti
506 1819 746 1873 tantum;
784 1816 840 1863 et
865 1808 980 1863 sive
1003 1806 1248 1861 ordinem
1279 1804 1595 1868 mutaverit,
1638 1804 1753 1859 sive

190 1904 391 1975 proprio
436 1902 629 1957 relicto
677 1902 833 1967 loco,
885 1900 938 1954 in
984 1899 1145 1954 alium
1197 1898 1504 1960 transierit,
1544 1898 1657 1952 sive
1696 1896 1751 1951 in

188 1997 425 2065 majorem
466 1993 680 2049 venisse
720 1993 989 2055 videatur,
1039 1999 1205 2044 totum
1256 1988 1485 2059 perdidit
1530 1996 1583 2041 et
1625 2000 1749 2042 cor-

188 2089 350 2158 rupit:
391 2105 512 2142 num
547 2087 820 2156 proprium
849 2086 1024 2140 locum
1058 2083 1322 2153 perdidit,
1365 2092 1420 2138 et
1447 2083 1609 2136 alium
1641 2096 1748 2135 non

182 2181 486 2250 assequitur.
540 2179 691 2247 Quod
731 2180 774 2231 si
817 2186 978 2232 essent
1018 2176 1189 2231 omnia
1228 2191 1385 2228 unum
1426 2175 1745 2241 membrum,

180 2273 258 2325 ubi
284 2273 499 2342 corpus?
527 2271 614 2327 9.0.
655 2269 810 2324 Nunc
851 2280 1021 2324 autent
1050 2269 1210 2322 multa
1248 2268 1453 2339 quidem
1483 2268 1706 2321 membra
1729 2306 1744 2332 ,

181 2384 321 2419 ιιιιιυι
354 2383 468 2419 vero
501 2381 704 2434 corpus.
751 2362 884 2417 Cum
916 2362 1058 2417 enim
1086 2361 1163 2416 eis
1193 2361 1325 2415 satis
1352 2375 1413 2414 os
1443 2358 1746 2413 obstruxis—

175 2471 248 2513 siet
273 2477 301 2514 a
329 2459 417 2513 Dei
448 2456 819 2529 diSpositione,
848 2469 1033 2509 rursus
1056 2453 1330 2508 ratiocinia
1360 2451 1541 2521 ponit;
1574 2465 1747 2520 neque

172 2567 372 2619 semper
396 2550 499 2605 hoc
524 2548 667 2612 facit,
702 2562 876 2618 neque
906 2545 1059 2611 illud,
1093 2544 1185 2600 sed
1211 2553 1548 2599 counnutans
1578 2542 1748 2596 variat

168 2645 478 2698 orationem.
532 2641 633 2710 Qui
661 2645 806 2695 enim
835 2655 894 2694 os
921 2639 1137 2695 obturat
1172 2647 1399 2702 tantum,
1445 2636 1744 2690 auditorem

168 2737 376 2800 turbat;
420 2734 618 2805 quique
664 2734 814 2789 illum
859 2729 1147 2786 assuefacit
1186 2730 1252 2784 ad
1284 2730 1523 2784 omnium
1553 2743 1744 2783 causas

162 2826 535 2896 exquirendas,
560 2828 613 2879 in
636 2826 881 2880 oratione
904 2824 970 2879 de
1000 2823 1103 2878 fide
1133 2822 1305 2891 ipsum
1346 2820 1509 2875 laedit.
1542 2819 1743 2874 Idcirco

163 2921 260 2974 lioc
287 2919 482 2974 Paulus
510 2917 820 2988 frequenter
843 2915 985 2982 facit,
1008 2924 1065 2970 ut
1091 2924 1145 2968 et
1173 2913 1393 2970 credant
1414 2923 1469 2968 et
1499 2929 1605 2967 non
1633 2924 1744 2966 tur-

162 3012 384 3075 bentur;
417 3021 471 3067 et
500 3021 783 3081 postquam
814 3024 908 3064 ora
934 3008 1198 3075 obstruit,
1244 3006 1335 3060 dat
1372 3005 1534 3062 etiam
1578 3007 1741 3061 ratio-

161 3120 300 3159 nem.
335 3105 403 3159 Et
429 3103 551 3158 vide
578 3102 976 3160 contentionem
1004 3111 1060 3156 et
1089 3100 1302 3171 plenam
1331 3100 1628 3154 victoriam.
1661 3101 1740 3155 Ex

159 3196 346 3265 quibus
388 3196 647 3265 putabant
691 3210 751 3250 se
791 3210 895 3248 non
938 3206 1060 3249 esse
1105 3193 1313 3248 honore
1356 3207 1545 3263 pares,
1596 3193 1739 3263 quod

157 3291 315 3344 multa
361 3291 414 3343 in
448 3290 576 3358 ipsis
612 3297 756 3343 esset
783 3287 1120 3349 differentia,
1163 3302 1226 3342 ex
1273 3286 1462 3341 iisdem
1504 3287 1741 3342 ostendit

159 3382 274 3436 illos
300 3393 515 3452 promer
545 3382 647 3437 hoc
672 3382 847 3452 ipsum
876 3380 1081 3435 honore
1112 3396 1266 3449 pares
1292 3394 1440 3446 esse;
1467 3382 1739 3451 quomodo

156 3470 364 3540 autem,
407 3487 511 3543 ego
549 3472 745 3529 dicam.
794 3472 854 3527 Si
896 3481 1091 3537 essent,
1134 3471 1341 3541 inquit,
1374 3474 1544 3527 omnia
1580 3490 1739 3527 unum

157 3567 466 3632 membrum,
499 3566 584 3619 ubi
612 3564 840 3632 corpus?
871 3563 924 3619 Id
956 3571 1059 3627 est,
1088 3564 1145 3619 Si
1171 3579 1275 3619 non
1303 3575 1481 3630 esset,
1526 3567 1735 3636 inquit,

154 3656 200 3711 in
245 3659 404 3713 vobis
448 3658 614 3712 multa
644 3656 944 3711 differentia
970 3698 985 3721 ,
1033 3671 1138 3711 non
1183 3657 1378 3711 essetis
1423 3672 1657 3727 corpus:
1691 3659 1736 3713 si

149 3763 340 3819 corpus
372 3764 482 3804 non
530 3749 723 3804 essetis
747 3791 760 3813 ,
795 3763 970 3816 neque
1014 3763 1174 3803 unum
1205 3748 1438 3805 essetis:
1483 3750 1528 3803 si
1573 3765 1736 3804 unum

145 3860 247 3898 non
278 3845 500 3907 essetis,
530 3858 700 3914 neque
728 3858 885 3913 pares
913 3843 1125 3898 essetis.
1163 3841 1345 3912 Itaque
1374 3843 1417 3895 si
1460 3857 1733 3912 pareses‘

142 3940 292 4003 setis,
324 3954 438 3992 non
468 3938 658 3993 essetis
685 3952 881 4006 corpus
908 3954 922 3991 :
950 3936 995 3992 si
1024 3949 1220 4005 corpus
1246 3950 1353 3989 non
1384 3935 1593 4009 essetis,
1627 3951 1734 3991 non

137 4034 331 4088 essetis
361 4046 528 4086 unum
555 4047 570 4085 :
598 4031 642 4086 si
668 4045 829 4085 unum
859 4045 962 4083 non
989 4028 1203 4095 essetis,
1232 4030 1501 4097 quomodo
1530 4028 1735 4085 honore

134 4140 295 4193 pares
326 4122 570 4179 essetis?
597 4121 749 4177 Nune
775 4136 934 4186 vero,
961 4121 1083 4192 quia
1117 4135 1222 4175 non
1249 4136 1437 4175 omnes
1463 4121 1606 4176 idem
1637 4120 1736 4177 do-

127 4232 261 4271 num
294 4216 549 4280 liahetis,
593 4214 713 4270 ideo
754 4228 951 4284 corpus
992 4213 1163 4268 estis:
1202 4227 1398 4283 corpus
1435 4228 1563 4269 vero
1610 4229 1734 4269 cum

122 4310 252 4364 sitis
272 4351 288 4375 ,
318 4322 516 4363 ouines
548 4323 709 4361 unum
736 4306 887 4373 estis,
915 4314 971 4360 et
999 4304 1133 4359 nihil
1165 4305 1306 4360 alter
1335 4306 1403 4360 ab
1433 4305 1605 4360 altero
1631 4305 1734 4360 dif-

118 4402 319 4467 fertis,
353 4400 651 4456 secundum
683 4399 734 4454 id
757 4442 771 4464 ,
800 4399 941 4470 quod
980 4414 1177 4467 corpus
1217 4400 1369 4455 estis.
1414 4399 1598 4470 Itaque
1642 4399 1731 4454 illa

120 4493 380 4547 maxime
418 4491 722 4548 diﬂerentia
764 4502 886 4555 cst,
931 4506 1049 4562 qua:
1094 4490 1221 4546 facit
1264 4491 1485 4547 honoris
1526 4492 1731 4562 parita-

123 4596 255 4639 tem
284 4605 300 4639 :
343 4585 572 4657 ideoque
611 4585 922 4656 subjunxit,
967 4584 1122 4639 Nunc
1149 4595 1314 4639 autent
1346 4588 1505 4640 multa
1529 4587 1733 4658 quidem

127 4677 368 4730 membra
392 4720 407 4745 ,
436 4696 599 4732 unum
636 4695 750 4732 vero
781 4694 987 4749 corpus.
1017 4678 1145 4733 [huc
1186 4677 1364 4747 itaque
1390 4693 1489 4733 nos
1518 4694 1732 4750 quoque

119 4769 478 4840 cogitantes,
523 4785 736 4825 onmem
780 4770 1039 4840 pellamus
1081 4769 1368 4834 invidiam,
1414 4786 1587 4842 neque
1627 4772 1733 4827 illis

122 4861 474 4917 invideamus
517 4862 605 4932 qui
650 4861 851 4931 majora
893 4860 1093 4917 habent
1130 4860 1453 4916 charismata
1479 4903 1495 4929 ,
1542 4878 1717 4934 neque

127 4953 504 5025 despiciamus
543 4969 639 5009 eos
684 4956 772 5025 qui
823 4954 1028 5009 minora
1076 4954 1355 5025 possident
1396 4972 1411 5010 :
1462 4955 1533 5010 ita
1585 4958 1729 5011 enim

127 5047 274 5103 Deus
316 5046 513 5102 voluit.
560 5046 639 5101 Ne
684 5048 863 5117 itaque
908 5047 1252 5102 obsistamus.
1296 5046 1354 5102 Si
1397 5063 1525 5102 vero
1554 5048 1731 5103 adhuc

127 5138 395 5204 turbaris,
423 5139 596 5210 cogita
627 5138 776 5193 illum
809 5153 953 5208 sa'pe
984 5153 1089 5193 non
1121 5153 1277 5208 posse
1303 5155 1439 5208 opus
1466 5150 1612 5194 tuum
1640 5140 1737 5194 im-

130 5229 306 5299 plere.
356 5230 718 5300 Quamobrem
745 5271 761 5296 ,
810 5230 1019 5286 etiamsi
1066 5232 1242 5287 minor
1288 5230 1486 5299 fueris,
1534 5234 1587 5288 in
1626 5233 1730 5288 hoc

135 5322 283 5378 illum
314 5338 579 5393 superas;
607 5323 817 5377 etiamsi
844 5322 1015 5393 major
1043 5322 1135 5378 ille
1160 5324 1249 5387 sit,
1283 5323 1338 5379 in
1369 5323 1472 5379 hoc
1501 5340 1727 5395 supera-

138 5421 251 5483 tur,
300 5424 362 5471 et
407 5415 488 5469 sic
530 5416 808 5486 aequalitas
850 5413 1100 5470 eflieitur.
1146 5415 1356 5470 Etenim
1397 5417 1451 5470 in
1501 5430 1729 5487 corpore

136 5522 367 5580 quoque,
414 5523 536 5577 quae
580 5523 740 5577 parva
777 5516 937 5573 sunt,
981 5522 1087 5562 non
1132 5522 1294 5576 parva
1334 5509 1579 5564 videntur
1625 5526 1725 5564 ex—

136 5599 319 5670 sequi,
353 5598 449 5654 sed
480 5607 535 5653 et
572 5614 761 5668 magna
789 5613 934 5668 saepe
962 5596 1323 5665 labefactant,
1367 5614 1488 5653 cum
1533 5598 1722 5656 absce-

134 5689 281 5747 dunt.
313 5689 455 5759 Quid
484 5691 627 5745 enim
657 5682 972 5761 incorpore
1002 5692 1124 5761 pilis
1155 5690 1354 5746 vilius?
1402 5691 1495 5746 sed
1526 5693 1571 5747 si
1602 5692 1723 5749 illos

141 5784 262 5842 viles
280 5784 575 5841 abstuleris
590 5800 620 5838 a
636 5785 957 5855 superciliis,
981 5799 1195 5840 omnem
1215 5785 1366 5842 faciei
1382 5786 1608 5844 formam
1627 5787 1721 5846 de-

146 5874 303 5936 levisti
330 5921 347 5949 ,
389 5888 446 5936 et
476 5879 663 5935 oculus
706 5895 808 5935 non
845 5878 977 5934 ultra
1012 5889 1115 5934 tam
1151 5879 1370 5950 pulcher
1400 5884 1715 5953 apparebit:

3355 403 3463 466 εει

1874 520 2193 579 quamquam
2227 511 2343 566 leve
2372 520 2454 567 est
2482 512 2885 586 detrimentum,
2916 531 3150 579 attamen
3178 526 3258 581 sic
3283 530 3459 587 omnis

1873 595 2043 653 forma
2092 601 2282 670 periit;
2316 619 2422 658 non
2470 605 2640 661 forma
2686 616 2911 676 tantum,
2946 615 3040 670 sed
3083 625 3137 672 et
3174 620 3454 677 oculorum

1872 703 2001 744 usus
2040 692 2265 748 multum
2306 694 2541 751 laeditur.
2571 697 2789 770 Singula
2820 705 2965 759 enim
3003 708 3241 764 membra
3274 723 3455 768 nostra

1870 785 2139 854 propriam
2197 796 2252 842 et
2304 802 2645 847 communem
2700 794 2895 850 habent
2941 801 3346 869 operationem;
3402 814 3458 861 et

1870 875 2213 944 pulchritudo
2251 879 2411 935 etiam
2458 891 2512 937 et
2559 887 2770 955 propria
2817 894 2871 941 et
2923 891 3225 948 communis
3267 902 3350 950 est
3399 896 3455 951 in

1867 967 2024 1021 nobis
2053 985 2066 1020 :
2098 978 2155 1024 et
2202 969 2451 1027 videntur
2478 974 2692 1044 quidem
2724 976 2814 1032 illa
2843 978 3009 1035 divisa
3041 998 3193 1050 esse,
3225 996 3456 1058 suntque

1870 1067 2047 1115 tamen
2100 1074 2349 1120 accurate
2388 1080 2676 1136 connexa,
2720 1085 2784 1125 ac
2826 1072 2872 1127 si
2914 1074 3142 1130 alterum
3183 1079 3443 1148 perierit,

1865 1153 2094 1209 alterum
2123 1171 2338 1227 quaque
2364 1159 2525 1214 simul
2558 1160 2760 1216 interit.
2806 1165 3186 1225 Animadverte
3218 1180 3397 1228 autem
3431 1191 3448 1229 :

1866 1244 1977 1299 sint
2002 1245 2142 1301 oculi
2174 1247 2435 1317 lucentes,
2461 1266 2599 1321 gena
2635 1253 2939 1323 subridens,
2970 1257 3169 1314 labium
3195 1263 3450 1320 rubicun-

1862 1335 1990 1391 dum
2010 1379 2024 1402 ,
2054 1352 2218 1395 nasus
2247 1349 2460 1410 rectus,
2493 1345 2835 1413 supercilium
2860 1356 3143 1405 extensum
3170 1369 3186 1406 :
3213 1361 3451 1412 attamen

1861 1428 1907 1484 si
1953 1429 2170 1486 illorum
2220 1434 2508 1504 quodpiam
2558 1437 2641 1492 vel
2688 1440 2951 1496 tantillum
3005 1443 3463 1514 labefactavcrisp

1861 1534 2204 1578 communem
2236 1526 2477 1580 omnium
2513 1529 2968 1597 pulchritudinem
3001 1534 3331 1593 labefactasti
3351 1580 3366 1602 ,
3394 1550 3451 1595 et

1862 1612 2034 1681 turpia
2075 1615 2255 1670 omnia
2301 1618 2656 1687 apparebunl,
2688 1637 2809 1692 qua:
2846 1633 3001 1680 antea
3021 1625 3244 1694 pulchra
3265 1641 3442 1686 erant.

1855 1703 1990 1760 Nam
2023 1707 2070 1761 si
2101 1707 2182 1762 vel
2211 1718 2512 1765 extremum
2544 1728 2731 1767 nasum
2763 1717 3084 1773 contriveris
3105 1760 3120 1783 ,
3163 1720 3216 1775 in
3263 1727 3443 1780 omnia

1855 1797 2014 1853 simul
2056 1801 2278 1856 multam
2320 1802 2557 1859 infudisti
2600 1805 3021 1876 deformitatem,
3051 1812 3260 1870 etiamsi
3289 1816 3447 1872 unius

1854 1891 2082 1946 membri
2112 1892 2183 1946 sit
2221 1894 2531 1949 mutilatio:
2574 1906 2629 1952 et
2669 1896 2721 1952 in
2762 1898 2925 1955 manu
2966 1903 3164 1967 etiam,
3210 1905 3254 1959 si
3287 1907 3444 1964 unius

1853 1979 2003 2051 digiti
2038 1997 2268 2053 unguem
2299 1985 2602 2054 abstuleris,
2632 1988 2861 2059 idipsum
2893 1991 3009 2048 fieri
3036 1994 3263 2051 videbis.
3348 2015 3354 2023 ·

1924 2074 1980 2128 4.
2020 2073 2076 2129 Si
2118 2086 2297 2132 autem
2325 2077 2554 2149 idipsum
2599 2079 2653 2135 in
2693 2083 3238 2153 operatione-videre
3286 2091 3441 2162 velis,

1856 2164 1982 2219 tolle
2025 2165 2247 2237 digitum
2292 2184 2455 2224 unum
2499 2180 2553 2226 et
2596 2172 2833 2243 reliquos
2872 2175 3157 2234 otiosiores
3194 2179 3440 2250 videbis,

1854 2271 2028 2328 neque
2053 2273 2151 2312 suo
2181 2260 2317 2314 ultra
2339 2261 2588 2317 similiter
2607 2279 2831 2320 munere
2856 2266 3159 2337 fungentes.
3179 2271 3440 2339 Quoniam

1852 2347 2015 2418 igitur
2045 2352 2202 2405 unius
2228 2352 2452 2406 membri
2475 2353 2683 2423 jactura
2711 2358 3015 2413 communis
3039 2369 3121 2414 cst
3144 2363 3436 2431 turpitudo,

1849 2441 2072 2512 ejusque
2094 2444 2430 2499 conservatio
2455 2448 2758 2501 communis
2784 2448 3148 2517 pulchritudo.
3179 2470 3246 2507 ne
3270 2457 3439 2511 cxtol‘

1851 2533 2025 2588 lamur
2053 2551 2227 2606 neque
2254 2537 2570 2593 iusultemus
2599 2541 2877 2608 proximis.
2907 2541 3037 2596 Nam
3063 2554 3283 2616 propter
3310 2548 3437 2606 illud

1849 2626 2097 2696 exiguum
2141 2629 2441 2683 membrum
2467 2672 2483 2696 ,
2531 2631 2663 2686 illud
2707 2634 2850 2703 quod
2877 2650 3125 2705 magnum
3168 2650 3283 2703 est,
3320 2642 3436 2707 pul-

1848 2719 2036 2775 chrum
2079 2730 2163 2776 est
2204 2730 2259 2778 et
2300 2721 2632 2790 formosum,
2661 2737 2716 2782 et
2749 2743 2849 2795 per
2888 2730 3172 2800 palpebras
3215 2747 3437 2791 ornatur

1847 2813 2055 2866 oculus.
2100 2813 2172 2869 Se
2216 2813 2492 2886 impugnat
2529 2832 2692 2888 ergo,
2735 2820 2824 2889 qui
2863 2819 3082 2876 fratrem
3126 2823 3435 2896 inmuguat:

1848 2922 1952 2961 non
1982 2908 2124 2964 enim
2154 2909 2219 2963 ad
2253 2910 2399 2964 illum
2431 2912 2606 2966 solum
2637 2913 2891 2985 pertingit
2927 2915 3214 2984 damnum,
3255 2921 3351 2975 sed
3381 2930 3437 2976 et

1845 3000 1959 3069 ipsc
2000 3016 2107 3057 non
2152 3017 2375 3073 parvum
2423 3004 2731 3061 detrimenti
2771 3009 2993 3065 subibit.
3024 3011 3099 3066 Ne
3126 3012 3228 3069 hoc
3259 3015 3436 3086 itaque

1847 3092 1971 3159 fiat,
2001 3101 2060 3147 ut
2092 3097 2452 3165 nosmetipsos
2491 3097 2570 3151 sic
2596 3099 2870 3167 proximos
2899 3116 3151 3159 curemus
3170 3146 3185 3172 ,
3216 3116 3271 3161 et
3300 3108 3439 3162 hanc

1844 3191 2088 3261 corporis
2119 3191 2405 3260 imaginem
2434 3206 2578 3247 nunc
2618 3202 2675 3247 et
2715 3194 2767 3248 in
2808 3194 3106 3251 Ecclesiam
3145 3200 3436 3256 transfera-

1844 3299 1965 3338 mus
1985 3325 1998 3349 ,
2030 3294 2084 3339 et
2110 3285 2351 3337 otnnium
2385 3285 2770 3353 providentiam
2802 3302 3052 3357 geramus
3082 3300 3139 3345 ut
3183 3298 3431 3364 proprio-

1845 3392 1962 3432 rum
1995 3377 2381 3431 membrorum.
2414 3377 2546 3433 Nam
2583 3389 2638 3434 et
2677 3380 2731 3435 in
2769 3382 3007 3437 Ecclesia
3041 3389 3278 3441 membra
3307 3399 3433 3445 sunt

1843 3470 2010 3524 multa
2038 3477 2092 3525 et
2120 3469 2352 3535 diversa,
2385 3472 2486 3525 alia
2516 3472 2731 3543 quidem
2764 3474 3134 3546 honorabilia,
3169 3481 3269 3535 alia
3296 3483 3432 3538 infe-

1843 3561 2022 3627 riora;
2074 3571 2129 3616 ut
2176 3571 2301 3616 sunt
2349 3563 2613 3634 virginum
2658 3565 2850 3632 chori,
2901 3567 3175 3623 viduarum
3221 3584 3430 3630 etetus:

1842 3654 2170 3708 sunt-etiam
2215 3670 2403 3709 eorum
2448 3656 2543 3726 qui
2590 3658 2643 3712 in
2693 3668 2843 3714 casto
2883 3662 3154 3718 connubio
3198 3663 3436 3736 fulgeant

1839 3747 2108 3815 sodalitia,
2140 3748 2400 3819 multique
2425 3760 2551 3805 sunt
2575 3752 2786 3808 virtutis
2815 3754 3035 3824 gradus.
3066 3756 3431 3830 Similiterque

1841 3859 2052 3898 rursum
2084 3844 2138 3899 in
2181 3845 2523 3916 eleemosyna
2549 3865 2563 3900 :
2607 3848 2743 3903 alius
2769 3850 2911 3904 enim
2939 3853 3118 3906 omnia
3150 3853 3338 3909 elIudit
3379 3868 3434 3912 et

1840 3936 2103 4006 erogavit,
2136 3935 2225 3990 alii
2260 3945 2437 3991 autem
2464 3938 2581 3991 solo
2610 3948 2814 3993 tantum
2843 3941 2986 3996 victu
3013 3946 3251 3999 contenti
3278 3956 3425 4014 sunt,

1840 4036 1896 4082 et
1920 4042 2027 4082 non
2056 4029 2176 4098 plus
2202 4039 2450 4100 qumruut
2477 4046 2636 4100 quam
2664 4037 2967 4089 necessaria
2989 4077 3005 4103 ,
3033 4038 3123 4092 alii
3151 4055 3214 4094 ex
3243 4055 3433 4111 super-

1841 4120 1950 4175 fluo
1991 4129 2237 4192 erogant.
2283 4124 2533 4178 Attamen
2578 4123 2634 4177 hi
2672 4139 2862 4180 omnes
2895 4142 3017 4183 sese
3060 4140 3247 4187 mutuo
3282 4150 3436 4189 exor-

1840 4222 1969 4266 nant
1993 4229 2007 4278 ;
2032 4222 2088 4267 et
2108 4213 2153 4266 si
2177 4212 2439 4267 minorem
2458 4213 2630 4284 major
2644 4215 2924 4286 deSpiciat,
2944 4220 3018 4274 sei
3026 4236 3177 4289 psum
3198 4227 3432 4283 maxime

1840 4304 2006 4359 laedit.
2034 4304 2199 4376 Virgo
2229 4322 2443 4377 quoque
2472 4308 2516 4363 si
2547 4310 2816 4366 connubio
2839 4311 3079 4382 junctam
3103 4321 3430 4377 contumelia

1838 4396 2056 4464 alliciat,
2087 4414 2192 4452 non
2215 4413 2401 4469 parum
2427 4415 2493 4455 ex
2519 4401 2767 4457 mercede
2793 4418 2890 4458 sua
2918 4405 3133 4460 decidit.
3163 4408 3216 4464 Si
3258 4411 3303 4465 is
3337 4414 3430 4483 qui

1838 4489 2019 4543 omnia
2059 4489 2315 4560 elargitus
2340 4499 2421 4545 est
2446 4531 2461 4557 ,
2493 4493 2784 4561 exprobret
2821 4494 2870 4548 ei
2914 4496 3005 4565 qui
3049 4497 3278 4569 idipsum
3320 4518 3430 4559 non

1839 4582 1986 4647 fecit,
2014 4598 2080 4637 ex
2109 4582 2384 4638 laboribus
2414 4583 2524 4638 suis
2551 4585 2780 4639 multum
2808 4591 3106 4645 evacuavil.

1920 4672 2100 4729 Vidua
2113 4673 2168 4728 in
2186 4670 2436 4731 Ecclesia.
2457 4706 2530 4716 —
2552 4676 2615 4731 Et
2637 4678 2764 4747 quid
2792 4680 3025 4751 virgines
3048 4682 3190 4751 dico,
3218 4685 3429 4757 viduas,

1837 4777 1894 4823 et
1919 4767 2063 4823 viros
2090 4768 2179 4840 qui
2209 4768 2338 4823 nihil
2368 4769 2680 4840 possident?
2708 4772 2836 4843 quid
2866 4775 3009 4829 enim
3052 4776 3209 4832 vilius
3246 4780 3311 4835 iis
3337 4783 3461 4853 qui:

1837 4860 2217 4917 emendicant?
2240 4871 2475 4917 attamen
2504 4863 2578 4918 illi
2608 4879 2761 4919 usum
2783 4867 3073 4922 maximum
3104 4870 3159 4924 in
3186 4871 3430 4929 Ecclesia

1837 4952 2087 5022 implent,
2110 4953 2262 5008 ostiis
2286 4953 2472 5023 templi
2493 4952 2761 5011 haerentes
2787 4965 2843 5012 et
2866 4968 3114 5015 ornatum
3134 4964 3427 5020 maximum

1836 5043 2122 5099 alIercutcs
2152 5061 2165 5097 :
2198 5044 2402 5115 absque
2432 5044 2539 5100 illis
2568 5047 2710 5101 enim
2743 5047 2973 5118 perfecta
3006 5066 3111 5105 non
3144 5064 3291 5109 esset
3317 5055 3431 5124 ple-

1834 5133 2020 5190 nitudo
2051 5134 2327 5191 Ecclesiae.
2356 5135 2510 5205 Quod
2552 5152 2673 5192 cum
2705 5138 2860 5195 initio
2900 5143 3147 5198 viderent
3173 5148 3426 5215 apostoli,

1833 5226 2006 5296 legem
2054 5234 2402 5296 statuerunt,
2448 5239 2508 5283 ut
2551 5228 2695 5284 circa
2745 5230 2847 5285 alia
2896 5234 3108 5299 omnia,
3154 5236 3233 5291 sic
3273 5246 3328 5291 et
3372 5247 3433 5293 ut

1831 5320 2007 5376 viduae
2044 5329 2262 5387 essent;
2308 5331 2364 5377 et
2392 5322 2446 5377 in
2476 5336 2540 5378 ea
2571 5337 2633 5379 re
2664 5332 2866 5379 tantum
2894 5326 3056 5381 studii
3087 5332 3384 5398 poSuerunt
3406 5373 3424 5399 ,

1834 5423 1893 5471 ut
1929 5414 2060 5486 ipsis
2100 5415 2357 5471 diaconos
2400 5424 2608 5487 septem
2654 5417 3010 5488 prteficereut.
3057 5420 3424 5489 Quemadmo-

1831 5508 1957 5564 dum
1982 5508 2127 5562 enim
2151 5508 2455 5578 episcopos,
2480 5509 2848 5582 presbyteros,
2877 5510 3157 5581 diaconos,
3190 5514 3426 5584 virgines

1831 5611 1887 5655 et
1925 5600 2266 5655 continentes
2292 5614 2582 5667 enumera,
2614 5615 2736 5656 cum
2776 5601 3034 5659 Ecclesia:
3073 5604 3313 5660 membra
3340 5619 3427 5659 reo

1832 5707 2078 5748 censeo:
2124 5693 2204 5746 sic
2254 5701 2306 5746 et
2344 5691 2550 5748 viduas.
2603 5692 2788 5763 Neque
2830 5697 2974 5750 enim
3013 5695 3119 5751 illae
3147 5695 3250 5751 levi
3295 5694 3420 5749 fun-

1830 5797 2028 5860 guntur
2072 5800 2315 5842 munere.
2344 5784 2477 5840 Nam
2510 5795 2564 5841 tu
2609 5786 2824 5857 quidem
2854 5788 3069 5858 quando
3092 5788 3175 5845 vis
3196 5828 3214 5855 ,
3251 5786 3421 5853 ades;

1830 5884 1934 5940 illa:
1986 5898 2113 5937 vero
2173 5880 2258 5934 die
2317 5886 2580 5949 nocteque
2635 5879 2866 5947 psallunt
2925 5892 2980 5937 et
3033 5879 3259 5947 adsunt,
3313 5894 3421 5934 non
