3962 6428
601 368 709 424 9.55

604 483 959 555 elcemosynte
1012 489 1213 536 tantum
1267 493 1425 534 causa
1474 478 1589 532 lucc
1631 482 1894 545 agentes;
1943 471 1990 526 si
2040 469 2185 523 enim

610 577 712 628 hoc
759 574 993 630 vellent.
1038 574 1223 627 liceret
1255 585 1352 641 pcr
1381 569 1555 624 forum
1596 566 1877 629 incedere,
1926 571 1980 619 et
2015 563 2068 617 in
2099 577 2194 615 an-

606 666 830 737 giportis
880 665 1224 730 mendicare;
1267 664 1362 717 sed
1402 677 1510 716 non
1539 661 1746 716 modica
1776 665 2058 714 moventur
2085 656 2194 725 pie-

611 766 739 811 tate.
774 756 902 809 Vide
948 770 1079 824 ergo
1119 755 1172 808 in
1210 761 1408 822 quanta
1451 751 1786 822 paupertatis
1826 749 2045 805 fornace
2073 763 2193 802 ver-

609 856 813 902 sentur.
842 845 1284 916 Blasphemantcs
1311 845 1452 915 apud
1480 844 1596 899 illas
1622 856 1911 913 numquam
1937 839 2191 906 audieris,

611 955 783 1009 neque
828 938 1045 1009 indigne
1100 937 1376 1002 ferentes,
1422 936 1565 1007 quod
1611 946 1788 990 tamen
1833 949 1900 989 ex
1943 931 2194 988 divitibus

609 1035 788 1086 multae
819 1030 1041 1086 faciunt.
1087 1032 1152 1085 Et
1183 1030 1397 1086 illarum
1427 1028 1670 1101 quaedam
1711 1027 2010 1082 esurientes
2053 1037 2195 1095 sepe

606 1123 944 1179 dormierunt
969 1140 984 1187 ;
1025 1124 1145 1178 alia:
1174 1133 1354 1179 autem
1381 1137 1411 1176 a
1443 1121 1639 1193 frigore
1663 1119 1881 1176 assidue
1910 1125 2193 1183 vexantur,

606 1226 662 1271 et
705 1226 883 1270 tamen
914 1215 966 1270 in
1004 1215 1299 1286 gratiarum
1328 1213 1541 1268 actione
1583 1220 1639 1266 et
1679 1209 2068 1283 gloriﬁcatione
2097 1206 2195 1263 de-

605 1316 761 1378 gunt.
800 1307 855 1363 Si
899 1307 1119 1362 obolum
1161 1305 1410 1370 dederis,
1452 1305 1652 1375 gratias
1694 1311 1899 1373 agunt,
1946 1309 2004 1356 et
2050 1299 2197 1354 mille

608 1398 748 1453 bona
774 1398 921 1452 danti
949 1406 1335 1468 apprecantur;
1378 1396 1423 1450 si
1466 1395 1597 1450 nihil
1624 1393 1872 1459 dederis,
1906 1407 2011 1447 non
2054 1404 2198 1462 aegre

610 1488 827 1556 ferunt,
880 1487 977 1544 sed
1044 1489 1123 1543 sic
1175 1501 1390 1557 quoque
1442 1485 1769 1542 benedicuut
1813 1493 1869 1540 et
1919 1482 2196 1554 diligunt,

609 1581 806 1636 diurno
832 1580 1073 1637 fruentes
1099 1579 1264 1635 victu.
1282 1577 1488 1650 Nempe
1508 1578 1718 1635 etiamsi
1746 1577 1941 1643 nolint,
1967 1576 2196 1647 inquies,

610 1672 667 1729 id
694 1671 840 1729 ferre
866 1672 986 1728 illas
1028 1686 1254 1728 necesse
1277 1666 1383 1728 est.
1408 1670 1513 1727 Cur
1534 1672 1559 1728 ‘I
1578 1686 1751 1744 queso
1774 1683 1913 1741 ;qua
1943 1668 2012 1724 de
2035 1682 2199 1724 causa

606 1767 714 1823 hoc
746 1765 1002 1822 acerbum
1037 1763 1310 1836 protulisti
1344 1762 1612 1820 verbum?
1646 1775 1828 1818 annon
1852 1770 1980 1818 sunt
2016 1769 2200 1831 turpes

604 1867 775 1926 artes,
810 1872 931 1928 quae
968 1860 1133 1915 etiam
1173 1856 1395 1913 senibus
1416 1866 1475 1913 et
1500 1855 1636 1912 vrris
1663 1863 1722 1912 et
1761 1853 2078 1911 mulieribus
2114 1854 2201 1909 lu-

605 1966 758 2007 crum
783 1950 982 2008 aﬂ'erre
1008 1950 1255 2023 possint?
1293 1950 1339 2006 si
1366 1949 1530 2004 vitam
1559 1948 1838 2004 honestam
1863 1961 2054 2003 curare
2077 1945 2201 2002 nol-

605 2044 749 2109 lent,
788 2058 968 2098 annon
1021 2050 1272 2113 poterant
1315 2040 1439 2097 inde
1490 2055 1614 2096 cum
1664 2054 1856 2110 magna
1903 2038 1977 2095 ali
2019 2053 2198 2094 rerum

604 2137 798 2209 copia?
843 2150 952 2192 non
996 2134 1149 2191 vides
1191 2142 1324 2206 quot
1360 2133 1654 2205 quantique
1690 2132 1801 2188 sint
1827 2132 1984 2188 istius
2026 2132 2201 2188 atatis

606 2231 830 2286 lenones
848 2237 904 2285 et
924 2228 1163 2285 libidinis
1181 2227 1493 2294 ministri,ct
1510 2226 1616 2282 alia
1628 2225 1876 2299 quaedam
1895 2222 2199 2297 huiusmodi

607 2321 789 2376 munia
832 2328 1169 2386 exercentes,
1203 2317 1295 2390 qui
1331 2316 1548 2373 aluntur
1576 2325 1631 2372 et
1662 2316 1715 2371 in
1745 2315 1952 2371 deliciis
1980 2315 2201 2371 vivunt?

607 2418 679 2469 At
716 2413 772 2469 hi
802 2413 1043 2478 minime,
1071 2415 1169 2468 sed
1207 2411 1414 2466 malunt
1441 2408 1583 2465 fame
1613 2410 1787 2480 perire
1814 2408 2011 2479 potius,
2040 2423 2199 2480 quam

613 2510 772 2564 citam
796 2522 949 2563 suam
979 2505 1290 2576 deturpare,
1312 2512 1368 2560 et
1395 2502 1624 2558 salutem
1650 2516 1800 2556 suam
1833 2501 2091 2573 prodere;
2115 2515 2203 2557 se-

606 2601 844 2671 dentque
882 2607 993 2655 toto
1021 2597 1111 2654 die
1139 2596 1481 2668 pharmacum
1514 2594 1608 2650 tibi
1638 2593 1828 2650 salutis
1856 2602 2199 2663 apparantes.

607 2692 725 2746 Non
756 2692 900 2746 enim
932 2690 1173 2746 medicus
1202 2704 1418 2744 manum
1449 2687 1751 2751 extendens
1778 2695 1835 2743 et
1871 2685 2068 2743 ferrum
2097 2686 2200 2741 im-

609 2784 830 2838 mittens
884 2782 1169 2837 vulnerum
1224 2781 1560 2852 putredinem
1614 2794 1771 2851 aeque
1822 2778 2095 2835 exscindit
2143 2785 2203 2833 ut

609 2888 812 2943 pauper
855 2872 1133 2929 dexteram
1176 2871 1476 2927 extendens
1514 2878 1570 2927 et
1609 2871 2009 2941 eleemosynam
2055 2869 2199 2926 acci-

610 2966 762 3034 piens
784 3005 800 3031 ,
834 2963 1009 3019 aufert
1035 2964 1316 3019 vulnerum
1352 2973 1629 3019 tumores:
1674 2963 1921 3034 quodque
1958 2963 2202 3019 mirabile

608 3066 735 3122 est,
783 3056 902 3111 siue
940 3057 1055 3111 ullo
1099 3055 1290 3111 dolore
1332 3056 1472 3111 hanc
1520 3055 1778 3126 optimam
1828 3056 1906 3111 illi
1948 3063 2202 3111 exercent

611 3148 956 3204 medicinam.
978 3149 1055 3203 Ac
1083 3163 1189 3202 non
1214 3150 1391 3204 minus
1417 3163 1575 3218 quam
1607 3162 1706 3202 nos
1730 3148 1818 3218 qui
1848 3149 2045 3219 populo
2064 3163 2202 3218 prte-

608 3254 795 3293 sumus
826 3249 882 3293 et
922 3253 1017 3292 vos
1047 3238 1112 3293 ad
1144 3239 1293 3292 utilia
1326 3237 1637 3305 hortamur,
1671 3237 1762 3292 ille
1786 3238 1874 3308 qui
1902 3247 2028 3293 ante
2057 3238 2201 3295 fores

605 3330 850 3384 ecclesiae
878 3329 1029 3385 sedet
1052 3345 1147 3400 per
1170 3330 1444 3384 silentium
1474 3339 1528 3384 et
1555 3340 1829 3399 aSpectum
1855 3346 1951 3385 vos
1974 3331 2201 3400 alloqui-

606 3430 713 3473 tur.
735 3419 842 3475 Nos
864 3420 1006 3476 euim
1037 3421 1152 3476 haec
1177 3422 1331 3476 vobis
1351 3420 1593 3492 quotidie
1620 3423 1932 3477 insonantes
1948 3422 2196 3479 dicimus:

604 3512 680 3569 Ne
723 3515 889 3569 altum
935 3516 1151 3585 sapias,
1190 3531 1223 3569 ο
1250 3514 1412 3569 homo
1434 3510 1454 3569 ξ
1504 3524 1727 3584 repente
1759 3515 1949 3569 transit
1976 3523 2030 3570 et
2055 3513 2197 3570 ﬂuxa

603 3618 689 3663 est
727 3606 1004 3662 hominum
1036 3616 1223 3662 natura
1254 3623 1269 3670 ;
1311 3609 1567 3677 juventus
1609 3607 1677 3662 ad
1722 3608 1930 3662 senium
1961 3606 2196 3671 festinat,

604 3697 776 3752 forma
806 3697 873 3752 ad
905 3698 1338 3764 deformitatem,
1372 3698 1537 3752 robur
1576 3698 1642 3751 ad
1670 3698 2032 3752 inﬁrmitatem
2054 3737 2069 3763 ,
2102 3696 2198 3751 ho-

607 3807 706 3844 nor
746 3789 813 3844 ad
857 3799 1247 3859 contemptum,
1277 3791 1479 3844 sanitas
1505 3789 1556 3843 in
1588 3788 1950 3843 inﬁrmitatem
1988 3788 2193 3852 incidit,

601 3881 770 3952 gloria
817 3881 867 3935 in
908 3880 1192 3947 vilitatem,
1216 3880 1420 3935 divitia:
1452 3881 1503 3934 in
1551 3888 1919 3949 paupertatem
1950 3897 1963 3933 :
1994 3877 2196 3933 ﬂuento

603 3975 905 4028 vehementi
950 3989 1039 4029 res
1074 3984 1272 4028 nostra:
1305 3972 1507 4028 similes
1543 3981 1700 4036 sum,
1738 3971 1879 4043 quod
1906 3987 2193 4043 numquam

602 4067 715 4120 vult
753 4066 1074 4131 consistere,
1109 4066 1202 4120 sed
1232 4065 1296 4120 ad
1327 4066 1534 4121 declive
1562 4064 1797 4120 festinat.

673 4157 727 4211 5.
758 4157 883 4211 llaec
907 4173 1118 4228 quoque
1142 4198 1155 4223 ,
1191 4158 1299 4212 imo
1327 4156 1479 4227 plura
1511 4173 1606 4227 per
1636 4165 1911 4228 aSpectum
1943 4155 2016 4211 illi
2041 4171 2179 4212 con-

600 4247 798 4310 Sltllﬂll,
833 4257 886 4302 et
925 4263 1019 4317 per
1046 4250 1438 4317 experientiam
1480 4248 1673 4318 ipsam,
1699 4264 1822 4319 qua:
1849 4258 1934 4303 est
1970 4246 2195 4303 manife-

598 4341 732 4393 stior
759 4340 1074 4395 admonitio.
1096 4341 1265 4407 Quam
1286 4341 1436 4395 multi
1490 4356 1555 4395 cx
1581 4341 1668 4404 iis,
1700 4341 1790 4411 qui
1820 4341 1951 4396 foris
1977 4340 2188 4407 sedent,

602 4435 653 4486 in
671 4434 954 4501 juventnte
979 4433 1296 4498 ﬂoruerunt,
1323 4449 1510 4505 magna
1535 4434 2022 4505 patrarunt?quam
2039 4435 2192 4491 multi

593 4540 660 4580 ex
699 4524 779 4578 his
808 4524 1140 4579 deformibus
1171 4535 1225 4579 et
1271 4526 1520 4593 corporis
1561 4525 1876 4581 fortitudine
1921 4535 1979 4581 et
2020 4528 2190 4583 forma

601 4617 794 4670 lttllllOS
822 4617 1181 4687 superarunt?
1202 4614 1311 4671 Sed
1336 4633 1402 4671 ne
1429 4615 1589 4673 fidem
1616 4617 1844 4687 negetis,
1872 4633 1978 4674 neu
2007 4618 2189 4675 ridea-

532 4770 545 4785 δ
600 4709 705 4760 tis:
738 4722 859 4761 nam
908 4707 1206 4761 innumeris
1253 4708 1560 4777 hujusmodi
1601 4708 1866 4779 exemplis
1900 4710 2057 4779 plena
2103 4719 2189 4767 est

595 4801 722 4854 vita.
756 4799 888 4854 Nam
930 4801 974 4854 si
1008 4799 1157 4853 multi
1182 4799 1314 4854 viles
1342 4810 1398 4854 et
1427 4798 1621 4870 abjccti
1654 4800 1901 4857 homines
1931 4817 2075 4872 saepe
2099 4817 2189 4858 re-

593 4906 687 4961 ges
712 4902 835 4946 sunt
858 4891 1050 4953 etfecti,
1081 4890 1208 4961 quid
1227 4891 1421 4946 mirum
1453 4893 1498 4947 si
1532 4907 1598 4947 ex
1622 4893 1829 4963 magnis
1849 4902 1904 4949 et
1928 4893 2182 4965 gloriosis

600 4986 729 5039 \iles
758 4992 812 5039 et
840 4983 1050 5056 inglorii
1083 4992 1211 5039 sunt
1256 4985 1467 5040 elfecti?
1511 5002 1631 5040 nam
1680 4986 1811 5041 illud
1839 4999 1986 5043 certe
2030 4987 2187 5058 longe

594 5077 891 5133 mirabilius
916 5089 1000 5133 est
1024 5095 1039 5143 ;
1073 5079 1175 5133 hoc
1204 5094 1333 5134 vero
1364 5089 1694 5149 postremum
1727 5081 2028 5150 smpissime
2050 5095 2186 5136 con-

594 5171 765 5240 tingit.
792 5169 1129 5242 Quapmpter
1159 5186 1265 5225 nou
1299 5180 1512 5241 oportet
1555 5170 1713 5227 fidem
1756 5187 1863 5226 non
1893 5172 2183 5239 adhibere,

591 5263 634 5314 si
663 5263 714 5315 in
741 5261 983 5325 artibus,
1017 5262 1071 5316 in
1114 5262 1304 5317 militia
1331 5271 1386 5317 et
1429 5263 1480 5317 in
1511 5263 1856 5332 pecuniarum
1879 5264 2031 5333 copia
2059 5263 2182 5333 qui-

592 5352 714 5407 dam
743 5368 931 5409 eorum
960 5351 1278 5422 ﬂoruerint;
1322 5355 1435 5410 imo
1479 5356 1723 5410 miserari
1769 5356 2022 5411 convenit
2064 5356 2185 5412 illos

589 5461 709 5501 cum
735 5444 925 5500 aﬂ'ectu
948 5446 1117 5500 multo
1144 5487 1161 5513 ,
1191 5457 1246 5501 et
1272 5447 1467 5517 quique
1512 5445 1769 5502 debemus
1798 5448 1992 5503 timere
2020 5461 2087 5503 ne
2114 5448 2177 5503 si-

588 5537 732 5593 milia
761 5536 1045 5607 patiamur.
1082 5535 1293 5590 Etenim
1327 5551 1427 5590 nos
1449 5552 1666 5608 quoque
1696 5538 1944 5594 homines
1971 5554 2180 5605 sumus,

586 5637 641 5683 et
667 5628 793 5683 huic
836 5626 999 5682 celeri
1040 5627 1268 5697 subjecti
1314 5629 1616 5685 mutationi.
1655 5628 1762 5685 Sed
1806 5629 2059 5685 fortassis
2110 5645 2178 5687 ex

584 5719 849 5790 improbis
869 5720 1132 5791 quispiam
1156 5761 1173 5787 ,
1203 5720 1295 5791 qui
1323 5721 1550 5778 irridere
1574 5722 1769 5790 solent,
1795 5740 1859 5779 ea
1884 5740 2006 5796 qua:
2034 5723 2177 5782 dicta

586 5823 715 5868 sunt
736 5820 935 5885 carpet,
958 5827 1163 5885 nosque
1188 5812 1409 5869 omnino
1432 5813 1676 5871 tradt'cet
1701 5814 1883 5873 dicens
1912 5835 1924 5872 :
1958 5817 2172 5885 Ouous-

1371 367 1427 422 S.
1459 359 1734 420 JOANNIS
1769 352 2246 416 CHRYSOSTOMI
2285 351 2602 409 ARCIIIEP.
2641 347 3173 406 CONSTANTINOP.
3713 354 3792 413 oga

2304 482 2407 539 que
2434 480 2537 520 non
2565 465 2802 521 cessabis
2830 478 3092 535 pauperes
3117 471 3171 519 et
3198 476 3388 533 egenos
3422 480 3610 537 semper
3633 470 3681 524 in
3701 487 3796 527 ora-

2301 566 2502 612 tionem
2556 557 2846 625 inducere,
2893 566 2949 613 et
2976 557 3305 611 calamitates
3346 559 3487 613 nobis
3534 562 3798 631 prmdicere,

2301 662 2664 721 paupertatem
2694 651 3077 720 prtcnuntiare,
3112 648 3163 704 id
3188 665 3376 704 curans
3398 660 3450 706 ut
3474 667 3561 705 nos
3577 656 3797 714 mendicos

2298 741 2534 797 efﬁcias?
2563 742 2676 797 Non
2707 756 2904 797 curans
2932 752 2987 796 ut
3011 756 3109 797 vos
3138 740 3404 796 mendicos
3429 742 3632 800 efﬁciam
3652 788 3665 811 ,
3685 747 3801 801 olm-

2301 850 2409 900 mo,
2439 833 2555 890 haec
2575 836 2719 900 dico,
2740 835 2833 891 sed
2856 836 3006 889 vobis
3021 834 3136 889 creti
3157 833 3367 889 divitias
3395 838 3587 906 aperire
3608 840 3800 895 studens.

2299 928 2432 984 Nam
2458 930 2548 999 qui
2576 930 2715 1000 apud
2740 929 2874 984 bene
2904 928 3168 984 valentem
3195 936 3419 999 aegrotos
3442 943 3692 999 memorat,
3714 934 3803 989 illo-

2301 1036 2524 1091 rumque
2553 1021 2768 1076 dolores
2790 1030 3003 1075 enarrat
3028 1063 3042 1085 ,
3071 1036 3179 1074 non
3206 1032 3261 1074 ut
3291 1020 3432 1075 illum
3456 1033 3688 1092 aegrotum
3711 1027 3801 1080 red-

2300 1113 2393 1167 dat
2419 1113 2521 1168 hoc
2548 1113 2711 1179 dicit,
2745 1112 2839 1167 sed
2871 1123 2928 1167 ut
2956 1112 3011 1167 in
3037 1114 3264 1167 sanitate
3288 1123 3571 1182 conservet,
3594 1123 3803 1171 eteorum

2299 1219 2418 1273 qua:
2440 1204 2561 1259 aliis
2578 1204 2888 1260 acciderunt
2904 1205 3096 1260 timore
3128 1202 3283 1272 hujus
3301 1204 3545 1259 incuriam
3560 1206 3804 1262 exscindat.

2301 1297 2582 1352 Terribilis
2608 1297 2763 1351 vobis
2797 1306 3083 1367 paupertas
3126 1296 3333 1353 videtur
3358 1312 3493 1363 esse,
3531 1312 3589 1355 ac
3616 1300 3687 1355 vel
3722 1299 3806 1370 ipso

2302 1388 2519 1445 nomine
2542 1388 2829 1444 horrenda.
2853 1387 2980 1444 Ideo
3001 1403 3233 1459 namque
3251 1402 3504 1459 pauperes
3526 1393 3808 1462 sumus,quia

2302 1490 2669 1551 paupertatem
2714 1480 2965 1535 timemus
2986 1521 3003 1546 ,
3030 1479 3238 1535 etiamsi
3284 1479 3428 1536 mille
3455 1481 3635 1537 talenta
3658 1483 3807 1537 habea-

2301 1587 2443 1628 mus.
2475 1572 2591 1629 Nou
2620 1573 2766 1629 enim
2807 1573 2853 1627 is
2881 1574 2970 1644 (ιυί
3003 1572 3133 1629 nihil
3163 1573 3324 1629 habet
3348 1589 3543 1646 pauper
3565 1586 3658 1643 est,
3683 1576 3758 1631 sed
3779 1578 3809 1631 is

2301 1665 2392 1736 qui
2423 1674 2786 1737 paupertatem
2821 1663 3156 1723 exhorrescit
3185 1682 3200 1720 :
3225 1666 3470 1736 quoniam
3494 1674 3545 1722 et
3568 1666 3616 1722 in
3641 1667 3808 1722 calami-

2304 1755 2502 1812 tatibus
2543 1771 2651 1812 non
2680 1770 2779 1813 eos
2798 1795 2816 1823 ,
2843 1756 2934 1827 qui
2980 1756 3264 1813 innumera
3290 1757 3557 1830 patiuntur
3584 1758 3723 1825 mala,
3745 1758 3813 1813 de-

2304 1848 2577 1920 ploramus
2602 1859 2659 1906 et
2695 1850 2927 1906 miseros
2970 1850 3344 1908 existimamus
3362 1890 3380 1918 ,
3406 1849 3497 1907 sed
3524 1865 3613 1908 eos
3636 1851 3712 1923 qui
3749 1850 3812 1906 illa

2304 1941 2450 1999 ferre
2476 1942 2720 1999 nesciant
2738 1983 2753 2010 ,
2779 1942 2991 1999 etiamsi
3016 1942 3227 2001 modica
3254 1944 3381 1999 sint.
3418 1941 3604 1999 Contra
3629 1956 3736 1999 vero
3758 1942 3815 2009 is,

2304 2035 2398 2106 qui
2425 2036 2514 2092 illa
2543 2035 2652 2092 scit
2681 2034 2955 2106 patienter
2981 2033 3125 2093 ferre
3143 2075 3162 2101 ,
3206 2042 3267 2092 et
3306 2036 3517 2092 coronis
3542 2043 3596 2091 et
3627 2033 3816 2089 laudibus

2304 2126 2497 2200 dignus
2524 2135 2628 2184 est.
2657 2127 2727 2183 Et
2752 2126 2896 2200 quod
2924 2127 3027 2184 hoc
3054 2128 3128 2184 ita
3153 2142 3216 2185 se
3242 2128 3470 2196 habeat,
3501 2129 3553 2184 in
3570 2128 3818 2184 certamini-

2305 2220 2405 2276 bus
2427 2234 2686 2292 quosnam
2703 2218 3018 2276 laudamus?
3037 2232 3205 2276 eosne
3228 2220 3320 2291 qui
3349 2220 3565 2275 multum
3588 2218 3818 2274 verberan-

2306 2318 2426 2376 tur,
2476 2325 2577 2366 nec
2598 2310 2785 2367 dolent
2805 2350 2822 2376 ,
2855 2309 2951 2366 sed
2979 2321 3163 2366 erecto
3202 2311 3347 2369 collo
3385 2318 3646 2382 perstant;
3679 2325 3733 2365 an
3754 2323 3819 2364 eos

2304 2402 2394 2473 qui
2424 2413 2547 2474 post
2568 2403 2770 2474 primas
2818 2404 2999 2476 plagas
3026 2403 3277 2476 fugiunt?
3302 2420 3480 2461 annon
3525 2406 3636 2461 illos
3659 2404 3815 2475 quidem

2305 2509 2649 2562 coronamus,
2673 2502 2944 2566 tamquam
2969 2494 3136 2553 fortes
3154 2498 3441 2569 magnique
3459 2497 3613 2552 animi
3634 2536 3647 2563 ,
3666 2495 3745 2550 hos
3758 2509 3815 2548 au-

2306 2597 2413 2645 tem
2438 2589 2725 2645 irridemus
2747 2630 2761 2654 ,
2789 2600 2850 2645 ut
2879 2590 3101 2660 ignavos
3129 2598 3185 2646 et
3213 2590 3470 2646 timidos?
3493 2590 3578 2646 Sic
3600 2604 3713 2659 ergo
3731 2596 3769 2641 et
3784 2587 3818 2639 in

2305 2681 2464 2751 hujus
2515 2683 2617 2737 via:
2670 2682 2831 2738 rebus
2872 2683 3326 2739 faciamuszeum
3374 2684 3463 2756 qui
3510 2682 3652 2738 facile
3693 2679 3820 2735 omnia

2305 2774 2539 2829 sustinet
2565 2788 2888 2830 coronemus
2906 2815 2923 2841 ,
2951 2784 3010 2830 ut
3034 2784 3089 2830 et
3120 2775 3270 2830 illum
3296 2777 3482 2832 fortem
3504 2775 3553 2829 in
3577 2772 3703 2828 omni
3739 2786 3820 2826 cer-

2306 2866 2508 2922 tamine
2550 2868 2767 2935 virum;
2818 2867 2962 2925 hunc
3002 2883 3133 2925 vero
3186 2869 3433 2925 timidum
3484 2876 3537 2923 et
3582 2866 3644 2922 ad
3686 2876 3823 2934 aspera

2305 2968 2622 3016 trementem
2648 2959 2961 3027 deﬂeamus,
2981 2961 3071 3032 qui
3092 2971 3381 3034 antequam
3409 2962 3611 3034 plagam
3636 2956 3823 3026 accipiat,

2304 3067 2416 3123 prae
2434 3051 2718 3107 formidine
2738 3053 3113 3124 exstinguitur.
3136 3054 3357 3110 Etenim
3376 3055 3429 3109 in
3448 3044 3826 3109 certaminibussi

2304 3143 2425 3214 quis
2445 3152 2734 3214 antequam
2774 3160 2965 3200 manus
2999 3146 3221 3201 extollat
3242 3187 3259 3209 ,
3299 3144 3654 3201 adversarium
3685 3138 3824 3194 videns

2304 3234 2578 3291 dexteram
2596 3235 2996 3303 extendentem,
3020 3236 3493 3309 fugiatantequam
3514 3238 3701 3309 plagam
3726 3234 3825 3286 acci-

2314 3327 2456 3396 piat,
2480 3327 2735 3382 ridiculus
2771 3330 2909 3394 erit,
2951 3338 3322 3385 utencrvatus
3360 3341 3416 3386 et
3470 3330 3635 3384 mollis
3651 3326 3755 3382 etin
3771 3322 3825 3375 his

2305 3417 2579 3474 laboribus
2626 3420 2931 3489 imperitus.
2992 3421 3059 3477 Ut
3103 3423 3269 3477 etiam
3315 3423 3510 3479 accidit
3546 3423 3606 3476 iis
3631 3420 3707 3490 qui
3733 3431 3821 3487 pau-

2303 3522 2561 3582 pertatem
2610 3512 2832 3583 timent,
2862 3523 2919 3570 et
2949 3529 3016 3570 ne
3045 3514 3162 3585 ejus
3192 3516 3413 3585 quidem
3446 3511 3820 3584 exspectationem

2302 3603 2444 3659 ferre
2474 3616 2715 3674 possunt.
2751 3606 2869 3661 Non
2895 3622 3025 3677 ergo
3054 3622 3153 3662 nos
3184 3623 3284 3664 vos
3319 3610 3546 3665 miseros
3571 3604 3818 3662 reddimus.

2302 3693 2399 3748 sed
2422 3710 2520 3750 vos
2546 3696 2645 3765 ipsi
2675 3694 2728 3750 id
2758 3696 2952 3752 facitis.
2985 3698 3271 3765 Quomodo
3302 3699 3447 3755 enim
3475 3713 3579 3753 non
3612 3694 3693 3749 tibi
3715 3690 3821 3746 dein-

2301 3801 2430 3858 ceps
2462 3788 2649 3843 illudet
2678 3788 2958 3855 diabolus,
2990 3806 3148 3860 quem
3174 3802 3306 3846 ante
3333 3793 3541 3863 plagam
3567 3790 3718 3845 minas
3742 3794 3822 3837 tan-

2301 3888 2412 3935 tum
2458 3883 2904 3952 conspicientem,
2954 3883 3100 3938 videt
3151 3882 3534 3940 formidantem
3585 3892 3721 3952 atque
3753 3885 3826 3929 tre-

2300 3974 2572 4029 mentem?
2600 3975 2711 4030 Imo
2740 3990 2868 4029 vero
2890 3991 3011 4030 cum
3037 3984 3093 4030 tu
3116 3976 3218 4032 hoc
3238 3988 3399 4047 putes
3424 3991 3545 4032 esse
3563 3974 3726 4031 minas.
3751 3979 3824 4021 non

2299 4066 2404 4121 erit
2432 4066 2506 4119 illi
2536 4080 2670 4136 opus
2698 4075 2755 4120 ut
2787 4077 2837 4121 te
2864 4067 3129 4137 percutiat
3158 4084 3173 4133 ;
3202 4069 3300 4123 Sed
3328 4070 3513 4124 sinens
3539 4077 3588 4121 te
3615 4059 3824 4135 possidere

2298 4155 2511 4211 divitias
2531 4196 2546 4220 ,
2579 4170 2647 4210 ex
2678 4156 2871 4213 timore
2911 4172 2978 4211 ne
3006 4158 3323 4214 auferantur
3346 4168 3399 4215 te
3438 4173 3560 4214 cera
3587 4152 3820 4210 molliorem

2300 4247 2513 4303 reddet.
2545 4248 2621 4303 Ea
2652 4249 2796 4304 enim
2837 4264 3023 4306 sumus
3051 4261 3263 4318 natura,
3300 4262 3360 4307 ut
3390 4253 3461 4307 ita
3489 4251 3681 4313 dicam,
3709 4252 3752 4298 ut
3781 4251 3819 4293 ολ

2297 4355 2416 4410 qua:
2462 4341 2912 4410 pertimescimus,
2958 4351 3242 4415 postquam
3293 4361 3357 4401 ea
3394 4341 3627 4416 perpessi
3656 4346 3817 4394 sumus.

2298 4449 2405 4489 non
2437 4434 2509 4488 ita
2540 4434 2798 4489 terribilia
2819 4436 3217 4506 existimemus,
3247 4449 3307 4494 ut
3340 4449 3467 4494 ante
3496 4450 3645 4508 quam
3669 4425 3821 4499 cIPe’i‘

2296 4536 2536 4582 mentum
2567 4526 2884 4583 faceremus.
2935 4527 3004 4584 Ut
3035 4545 3103 4585 ne
3129 4544 3260 4600 ergo
3288 4530 3431 4586 hanc
3471 4530 3702 4583 virtutem
3725 4516 3816 4572 obti-

2294 4632 2446 4686 neas,
2477 4619 2529 4673 in
2556 4634 2768 4675 summo
2798 4629 2849 4675 te
2877 4619 3081 4676 detinet
3107 4622 3322 4687 timore,
3343 4631 3505 4692 atque
3528 4628 3645 4674 ante
3667 4608 3815 4680 experi'

2295 4718 2536 4765 mentum
2555 4725 2620 4765 ex
2642 4712 2969 4781 paupertatis
2984 4720 3129 4767 metu
3155 4722 3205 4767 te
3222 4714 3378 4783 quasi
3402 4727 3578 4769 ceram
3598 4698 3811 4778 liquefacilo

2291 4800 2425 4858 Nam
2451 4803 2571 4858 talis
2596 4803 2757 4859 homo
2775 4819 2900 4860 cera
2917 4805 3101 4874 quavis
3123 4806 3340 4861 mollior
3354 4815 3454 4871 est,
3481 4814 3536 4860 et
3555 4798 3810 4858 miseriorem

2292 4911 2450 4966 quam
2467 4895 2667 4951 Cainus
2681 4897 2844 4951 vitam
2865 4895 3033 4961 ducit,
3060 4912 3156 4967 pro
3178 4899 3242 4953 iis
3267 4914 3390 4968 qua:
3413 4896 3641 4967 possidet
3663 4890 3815 4943 timens.

2293 4996 2348 5042 et
2375 4986 2444 5042 de
2467 4987 2533 5043 iis
2552 5003 2672 5057 quae
2697 5003 2808 5043 non
2839 4987 2999 5042 habet
3024 4988 3214 5043 dolens
3245 5007 3258 5043 :
3288 4999 3345 5046 et
3374 5004 3471 5058 pro
3500 4988 3562 5041 iis
3588 4971 3821 5054 qumhabcl

2292 5095 2507 5135 rursum
2552 5089 2788 5135 tremens
2809 5121 2824 5146 ,
2858 5088 3044 5149 utpote
3087 5080 3339 5151 fugitivas
3369 5089 3426 5136 et
3467 5080 3685 5148 ingratas
3720 5068 3821 5120 ἱηιιιε

2293 5173 2537 5228 retinens
2566 5172 2785 5229 divitias
2807 5216 2822 5240 ,
2856 5183 3016 5244 atque
3058 5175 3220 5229 variis
3247 5173 3600 5243 absurdisque
3625 5165 3823 5220 obsessus

2293 5267 2592 5324 affectibus.
2629 5267 2844 5323 Etenim
2881 5267 3146 5337 cupiditas
3189 5267 3446 5333 absurda,
3483 5267 3636 5320 timor
3674 5252 3822 5309 rarius.

2292 5375 2463 5432 angor
2506 5361 2709 5428 animi,
2749 5371 2804 5417 et
2845 5371 3049 5416 tremor
3075 5362 3312 5432 undique
3352 5376 3545 5415 avaros
3568 5352 3824 5439 exagitant:

2290 5453 2605 5523 similesque
2629 5462 2755 5507 sunt
2781 5453 3041 5507 naviculae
3066 5452 3302 5521 undique
3340 5468 3371 5505 a
3402 5448 3675 5506 contrariis
3696 5442 3826 5491 νθιιιιε

2290 5544 2527 5612 agitatae,
2560 5551 2617 5598 et
2655 5542 2851 5598 ﬂuctus
2877 5543 3076 5599 multos
3105 5543 3414 5599 sustinenti.
3448 5543 3514 5597 Et
3541 5543 3720 5610 quanto
3740 5540 3828 5581 mc'

2290 5635 2394 5690 lius
2420 5644 2565 5691 esset
2604 5634 2913 5706 huiusmodi
2942 5635 3213 5692 hominem
3244 5635 3527 5699 decedere,
3574 5640 3716 5699 quam
3739 5629 3831 5689 ρετ·

2290 5739 2503 5802 petuam
2534 5728 2675 5785 ferre
2697 5730 3111 5799 tempestatem?
3134 5729 3266 5786 Nam
3284 5739 3342 5784 et
3363 5728 3527 5784 Caino
3548 5711 3834 5780 tolerabilia!

2301 5832 2416 5878 erat
2442 5822 2598 5890 mori,
2622 5836 2780 5892 quam
2803 5831 3061 5893 perpetuo
3077 5831 3326 5878 tremere.
