3962 6414
146 412 248 468 255

159 524 294 580 κατά
342 525 447 596 τήν
504 524 711 597 ἀγοράν
770 523 1023 595 βαδίζειν,
1055 523 1149 575 καὶ
1185 522 1243 575 ἐν
1274 524 1387 585 τοῖς
1429 519 1725 582 στενωποῖς

149 613 486 681 προσαιτεῖν·
519 610 634 662 ἀλλ’
660 609 842 680 ἔχουσί
874 627 928 662 τι
966 609 1059 662 καὶ
1095 606 1378 669 εὐλαϐείας
1411 605 1473 658 οὐ
1510 602 1723 674 μικρόν.

147 696 292 765 Ὅρα
317 692 454 762 γοῦν
484 696 543 748 ἐν
570 695 670 765 ὂσῃ
699 693 915 764 καμίνῳ
953 693 1141 754 πενίας
1190 690 1316 745 εἰσί.
1349 691 1456 743 Καὶ
1485 688 1729 759 βλασφη-

146 779 369 852 μουσῶν
400 779 503 831 οὐκ
530 779 594 832 ἄν
628 795 755 830 ποτε
788 776 967 831 αὐτῶν
999 775 1259 847 ἀκούσῃς,
1291 774 1411 828 οὐδὲ
1436 771 1734 826 ἀποδυσπε-

141 863 381 926 τουσῶν,
425 863 570 933 ἆπερ
608 862 802 916 πολλαὶ
852 861 960 915 τῶν
998 860 1368 913 πλουτουντων
1401 869 1426 897 ⁸
1462 854 1728 915 ποιοῦσιν..

146 950 255 1003 Καὶ
278 949 338 1001 αἱ
374 948 475 1017 μὲν
512 946 692 1000 αὐτῶν
722 944 984 998 πεινῶσαι
1026 943 1400 1013 ἐκοιμήθησαν
1446 939 1729 1004 πολλάκις,

148 1037 198 1089 αί
221 1034 283 1087 δὲ
317 1033 416 1086 καὶ
445 1031 708 1102 διηνεκῶς
740 1030 844 1084 ὐπὸ
871 1029 962 1082 τοῦ
999 1027 1211 1099 κρυμοῦ
1244 1024 1585 1097 πηγνύμεναι
1612 1023 1731 1076 δια-

146 1115 386 1181 τελοῦσι,
422 1114 517 1168 καὶ
562 1114 710 1184 ὅμως
758 1114 817 1166 ἐν
844 1112 1159 1183 εὐχαριστίᾳ
1202 1110 1298 1163 καὶ
1329 1108 1609 1177 δοξολογίᾳ
1647 1107 1730 1159 δι-

148 1204 365 1270 άγουσι.
396 1199 516 1252 Κᾶν
544 1196 728 1250 ὀϐολὸν
759 1194 885 1266 δῷς,
913 1193 1298 1268 εὐχαριστοῦσι
1339 1197 1437 1246 κα)⁸
1468 1190 1729 1261 ἐπεύχον-

149 1305 236 1340 ται
262 1285 437 1356 μυρία
460 1282 539 1355 τῷ
570 1281 847 1336 δεδωκότι·
871 1280 977 1335 κᾶν
1010 1279 1177 1351 μηδὲν
1201 1277 1328 1349 δῷς,
1359 1276 1419 1330 οὐ
1446 1274 1732 1347 δυσχεραί-

150 1388 352 1434 νουσιν,
377 1368 513 1422 ἀλλά
548 1370 643 1421 καὶ
669 1365 840 1429 οὕτως
874 1363 1156 1433 εὐλογοῦσι
1186 1362 1281 1416 καὶ
1319 1358 1597 1430 ἀγαπῶσι,
1631 1357 1732 1429 τῆς

152 1453 433 1526 ἐφημέρου
474 1450 682 1523 τροφῆς
715 1448 1107 1503 ἀπολαύουσαι.
1156 1445 1277 1499 Κᾶν
1317 1447 1426 1513 γὰρ
1470 1440 1621 1516 [275]
1657 1440 1731 1514 μὴ

154 1537 472 1610 βούλωνται,
497 1534 681 1605 φησὶν,
708 1533 921 1603 ἀνάγκη
952 1531 1139 1603 φέρειν
1167 1528 1359 1591 αὐτάς.
1376 1527 1477 1610 Διά
1496 1526 1591 1610 τίς,
1611 1526 1730 1580 εἰπέ

154 1609 277 1693 μοι·
318 1619 468 1684 τίνος
513 1617 700 1672 ἐνεκεν
745 1617 808 1671 τὸ
852 1614 1048 1687 πικρὸν
1077 1612 1237 1668 τοῦτο
1262 1609 1511 1683 ἐφθέγξω
1545 1609 1728 1693 ρῆμα;

151 1690 249 1759 οὐκ
275 1704 388 1758 εἰσὶ
418 1702 609 1773 τέχναι
630 1700 875 1773 αἰσχραὶ,
912 1699 1008 1753 καὶ
1034 1700 1150 1760 τοῖς
1171 1694 1510 1768 γεγηρακόσι
1538 1690 1733 1764 κέρδος

153 1790 372 1861 ἔχουσαι
400 1788 496 1841 καὶ
514 1788 637 1848 ταῖς
664 1782 1099 1856 γεγηρακυίαις;
1123 1781 1226 1835 οὐκ
1261 1780 1546 1852 ἠδύναντο,
1572 1777 1733 1861 εἰπερ

155 1858 396 1946 βούλοιτο
434 1870 527 1925 τοῦ
565 1870 666 1943 ζῇν
704 1868 966 1932 ἐπιεικῶς
1014 1865 1260 1937 ἀμελεῖν,
1299 1863 1553 1919 κάκεῖθεν
1592 1858 1732 1946 μετὰ

153 1942 353 2027 πολλῆς
380 1942 790 2028 ἀποτρέψεσθαι
820 1955 918 2024 τῆς
952 1949 1307 2023 περιουσίας;
1337 1948 1436 2019 οὐχ
1468 1946 1600 2017 δρᾷς
1629 1942 1730 2028 1:6-

156 2059 240 2095 σοι
268 2041 374 2095 τῶν
397 2043 459 2094 ἐν
475 2027 649 2111 ταύτῃ
675 2041 742 2111 τῇ
766 2036 952 2109 ήλικίᾳ
975 2034 1279 2108 μαστροποὶ
1299 2033 1395 2088 καὶ
1412 2027 1731 2103 προαγωγοὶ

154 2125 447 2197 γινόμενοι,
481 2124 577 2177 καὶ
624 2122 788 2194 ἐτερα
844 2120 1068 2175 τοιαῦτα
1114 2120 1254 2174 ἄττα
1301 2113 1730 2197 διακονούμενοι,

155 2192 244 2262 καὶ
276 2192 577 2278 τρέφονται
615 2192 1058 2275 καὶήτρυφῶσιη
1105 2200 1245 2254 Ἀλλ’
1274 2202 1372 2273 οὐχ
1409 2192 1578 2264 οὗτοι,
1615 2198 1730 2253 ἀλλ’

159 2292 431 2364 αἱροῦνται
456 2289 602 2361 λιμῷ
624 2286 1032 2358 διαφθείρεσθαι
1063 2286 1285 2359 μᾶλλον,
1314 2286 1349 2357 ἢ
1371 2282 1731 2355 καταισχῦναι

158 2378 245 2450 τὴν
281 2376 494 2430 ἐαυτῶν
537 2373 682 2444 ζωήν
730 2373 826 2427 καὶ
852 2371 1143 2443 προδοῦναι
1170 2369 1269 2441 τὴν
1296 2368 1606 2442 σωτηρίαν·
1638 2368 1733 2422 καὶ

156 2462 416 2531 κάθηνται
444 2460 512 2513 δι’
546 2459 757 2529 ἡμέρας
787 2456 916 2528 ὅλης
950 2456 1239 2528 φάρμακόν
1273 2472 1355 2531 σοι
1388 2452 1733 2508 κατασκευά-

155 2530 331 2605 ζοντες
363 2540 661 2610 σωτηρίας.
688 2538 762 2591 Οὐ
789 2538 897 2608 γὰρ
928 2536 1099 2600 οὕτως
1130 2530 1333 2605 ίατρδς,
1368 2537 1523 2606 χεῖρα
1555 2532 1733 2586 ἐκτεί-

152 2642 254 2679 νων
280 2627 377 2679 καὶ
412 2624 657 2695 σιδήριον
678 2622 923 2689 ἐπάγων,
959 2621 1212 2691 ἐκτέμνει
1236 2619 1303 2672 τά
1328 2618 1604 2690 σεσηπότα
1624 2617 1733 2671 τῶν

152 2711 501 2780 τραυμάτων,
536 2710 613 2771 ὡς
646 2706 831 2778 πένης,
866 2704 1048 2770 δεξιὰν
1079 2704 1338 2758 ἐκτείνων
1373 2705 1467 2758 καί
1501 2702 1733 2774 ἐλεημο-

154 2793 314 2863 σύνην
365 2792 683 2862 λαμϐάνων,
737 2792 1018 2860 περιαιρεί
1066 2788 1176 2841 τῶν
1221 2787 1556 2858 τραυμάτων
1606 2786 1735 2850 τοὺς

155 2877 447 2948 μώλωπας.
473 2878 583 2930 Καὶ
603 2876 665 2930 τὸ
688 2876 753 2946 δὴ
783 2874 1118 2945 θαυμαστὸν,
1140 2874 1224 2927 ὅτι
1244 2876 1415 2944 χωρὶς
1442 2871 1735 2941 ἀλγηδόνος

153 2964 240 3016 καὶ
282 2962 476 3033 ὀδύνης
509 2962 607 3032 τὴν
652 2961 823 3032 καλὴν
863 2960 1065 3031 ταύτην
1098 2958 1422 3031 ἐργάζονται
1468 2956 1731 3027 ἰατρείαν.

153 3049 257 3101 Καὶ
284 3048 444 3119 ήμῶν
471 3046 580 3100 τῶν
622 3044 715 3099 τοῦ
750 3044 880 3099 λαοῦ
923 3044 1357 3116 προκαθημένων
1402 3042 1492 3096 καὶ
1533 3057 1735 3111 παραι-

151 3132 382 3185 νούντων
407 3132 535 3201 ὐμῖν
562 3130 631 3184 τὰ
664 3129 1013 3201 συμφέροντα
1035 3128 1136 3181 οὐκ
1156 3127 1376 3180 ἔλαττον
1400 3126 1604 3188 ἐκεῖνος
1629 3124 1734 3177 δια-

150 3216 364 3285 λέγεται
398 3217 427 3270 6
457 3215 562 3283 πρὸ
589 3213 697 3268 τῶν
721 3213 900 3285 θυρῶν
946 3212 1044 3281 τῆς
1082 3210 1377 3281 ἐκκλησίας
1426 3209 1735 3280 καθήμενος

151 3299 237 3351 διὰ
268 3301 366 3371 τῆς
406 3298 566 3368 σιγῆς
588 3299 683 3351 καὶ⁸
714 3297 814 3368 τῆς
846 3296 1041 3366 ὅψεως.
1077 3296 1188 3348 Καὶ
1216 3294 1328 3365 γὰρ
1366 3296 1529 3364 ἡμεῖς
1559 3290 1734 3345 ταῦτα

152 3384 271 3436 καθ’
294 3385 534 3453 ἑκάστην
560 3383 688 3452 ὑμῖν
716 3379 1019 3450 ἐνηχοῦμεν
1048 3378 1147 3449 τὴν
1176 3378 1410 3448 ἡμέραν,
1444 3375 1691 3444 λέγοντες
1714 3391 1729 3404 ·

148 3467 236 3537 Μή
271 3467 415 3538 μέγα
441 3466 650 3537 φρόνει,
674 3459 719 3517 ὦ
748 3463 1022 3535 ἄνθρωπε,
1046 3461 1349 3533 ὀξύρροπον
1376 3462 1469 3513 καί
1497 3459 1732 3529 εὐμετά-

149 3567 356 3603 πτωτον
384 3550 492 3602 τῶν
512 3547 815 3617 ἀνθρώπων
842 3547 875 3617 ή
900 3545 1083 3616 φύσις,
1113 3547 1147 3615 ή
1168 3544 1357 3614 νεότης
1393 3543 1528 3615 πρὸς
1556 3545 1735 3614 γῆρας

150 3634 451 3702 ἐπείγεται,
487 3631 546 3684 τὸ
584 3631 781 3692 κάλλος
814 3631 953 3701 πρὸς
987 3628 1283 3699 ἀμορφίαν,
1326 3630 1357 3697 ή
1405 3628 1559 3697 ἰσχῦς
1597 3626 1733 3695 πρὸς

147 3718 454 3782 ἀσθένειαν,
482 3714 669 3786 ήτιμὴ
700 3716 836 3785 πρὸς
866 3712 1293 3784 καταφρόνησιν,
1323 3713 1356 3782 ή
1385 3710 1565 3778 ὑγιεία
1595 3709 1733 3779 πρὸς

146 3800 459 3873 ἀρρωστίαν
519 3798 935 3867 μεταπίπτει.ή
987 3794 1116 3860 δόξα
1167 3796 1303 3866 πρὸς
1358 3793 1654 3857 εὐτέλειαν,
1704 3793 1734 3845 6

145 3886 378 3950 πλοῦτος
428 3885 567 3953 πρὸς
615 3883 805 3935 πενίαν
825 3898 838 3911 ·
875 3880 1108 3951 ῥεύματι
1141 3878 1353 3951 σφοδρῷ
1386 3878 1454 3932 τὰ
1486 3880 1732 3949 ήμέτερα

144 3971 319 4024 ἔοικεν
344 3967 583 4039 οὐδαμοῦ
611 3966 862 4020 ἵστασθαι
887 3964 1213 4036 βουλομένῳ,
1246 3962 1361 4016 ἀλλ’
1392 3960 1732 4032 ἐπειγομένῳ

141 4054 279 4124 πρὸς
305 4052 373 4107 τὸ
406 4051 693 4114 κάταντες.

206 4143 273 4193 ε’.
296 4137 387 4189 Τὰ
414 4135 553 4189 αὐτά
583 4133 678 4188 καὶ¹
705 4135 925 4198 ἐκεῖνοι,
942 4133 1036 4185 καὶ
1055 4131 1272 4186 πλείονα
1294 4131 1498 4185 τούτων
1522 4129 1610 4185 διὰ
1634 4132 1734 4199 τῆς

137 4219 318 4284 ὂψεως
347 4217 799 4288 συμϐουλεύουσι,
824 4216 917 4269 καὶ
945 4215 1034 4269 διά
1058 4216 1155 4285 τῆς
1180 4215 1376 4286 πείρας
1401 4215 1588 4284 αὐτῆς,
1611 4215 1733 4285 ἥτις

137 4306 234 4357 καὶ
266 4302 583 4373 σαφεστέρα
619 4301 736 4354 ἐστὶ
765 4301 1109 4372 παραίνεσις.
1134 4300 1298 4353 Πόσοι
1329 4298 1460 4367 γοῦν
1500 4300 1609 4352 τῶν
1629 4298 1733 4365 ἔξω

135 4386 475 4456 καθημένων
503 4384 597 4437 νῦν
624 4385 882 4454 ἤκμασαν
907 4386 963 4437 ἐν
993 4384 1227 4452 νεότητι,
1262 4384 1353 4437 καὶ
1383 4384 1592 4454 μεγάλα
1622 4384 1735 4453 είρε

136 4473 418 4538 γάσαντος
455 4470 611 4521 πόσοι
638 4467 746 4519 τῶν
777 4467 1034 4538 είδεχθῶν
1064 4466 1270 4519 τούτων
1304 4468 1397 4520 καὶ
1424 4468 1517 4520 ἐπὶ
1545 4468 1610 4538 τῇ
1638 4466 1732 4519 τοῦ

145 4552 400 4621 σώματος
435 4552 582 4622 ἰσχύι
608 4553 703 4606 καὶ
731 4557 798 4624 τῇ
831 4553 931 4623 τῆς
965 4551 1141 4620 ὅψεως
1179 4550 1298 4621 ῶρᾳ
1330 4550 1557 4614 πολλοὺς
1592 4568 1736 4620 παρ-

149 4638 393 4708 ήλασαν;
434 4637 599 4690 Ἀλλά
641 4638 715 4709 μὴ
762 4639 1065 4700 ἀπιστεῖτε,
1107 4635 1240 4705 μηδὲ
1280 4635 1603 4705 χλευάζετε·
1641 4636 1735 4688 καὶ

147 4722 258 4790 γὰρ
291 4722 505 4791 μυρίων
535 4722 694 4790 γέμει
725 4719 983 4774 τοιούτων
1014 4718 1427 4788 ὑποδειγμάτων
1448 4720 1476 4771 6
1505 4717 1638 4787 βίος.
1670 4719 1733 4771 Εἰ

137 4806 254 4877 γάρ
283 4805 529 4875 βασιλεῖς
559 4806 617 4870 ἐξ
637 4805 872 4859 εὐτελῶν
897 4806 990 4857 καὶ
1010 4804 1283 4856 ταπεινῶν
1317 4801 1502 4856 πολλοὶ
1533 4802 1734 4856 πολλά-

146 4907 232 4952 κις
257 4889 535 4957 ἐγένοντο,
562 4890 613 4943 τί
652 4889 986 4959 θαυμαστὸν,
1026 4886 1123 4940 καὶ
1154 4888 1218 4938 ἐκ
1250 4886 1499 4955 μεγάλων
1529 4888 1620 4940 καὶ
1653 4888 1736 4940 ἐν-

146 4971 311 5037 δόξων
342 4972 593 5025 ταπεινοὶ
621 4972 718 5025 καὶ
746 4971 983 5035 εὐτελεῖς
1013 4970 1386 5042 κατέστησανς
1419 4969 1514 5024 καὶ
1538 4971 1646 5042 γάρ
1676 4970 1736 5023 τὸ

148 5054 331 5125 πολλῷ
366 5055 812 5126 παραδοξώτερον
848 5054 1025 5107 ἐκεῖνό
1062 5055 1178 5107 ἐστι
1203 5070 1216 5083 ·
1246 5054 1402 5108 τοῦτο
1425 5054 1481 5107 δὲ
1514 5054 1622 5108 τῶν
1647 5057 1735 5108 ἀεὶ

151 5141 582 5211 συμϐαινόντων.
609 5140 772 5193 Ὥστε
796 5140 857 5193 οὐ
889 5139 994 5211 χρὴ
1015 5139 1337 5203 διαπιστεῖν,
1364 5138 1418 5190 εῐ
1441 5155 1586 5202 τινες
1612 5138 1736 5192 τού-

150 5240 254 5278 των
286 5225 385 5279 καὶ
406 5226 467 5277 ἐν
487 5226 704 5296 τέχναις
735 5225 831 5279 καὶ
861 5227 919 5277 ἐν
949 5225 1260 5295 στρατείαις
1283 5223 1528 5295 ἤνθησαν
1554 5225 1650 5278 καὶ
1676 5226 1735 5277 ἐν

152 5310 452 5380 χρημάτων
473 5309 834 5380 περιουσίαις,
866 5307 1001 5361 ἀλλά
1035 5306 1131 5360 καὶ
1163 5307 1336 5359 ἐλεεῖν
1368 5308 1567 5370 αὐτοὺς
1597 5308 1736 5376 μετά

154 5394 355 5462 πολλῆς
379 5393 484 5463 τῆς
512 5392 876 5463 συμπαθείας,
900 5391 998 5445 καὶ¹
1018 5392 1157 5460 ὑπὲρ
1184 5390 1395 5443 ἐαυτῶν
1415 5390 1731 5455 δεδοικέναι,

158 5478 226 5549 μή
266 5493 400 5530 ποτε
431 5476 529 5529 καὶ
560 5478 715 5529 αὐτοὶ
750 5475 822 5528 τὰ
862 5474 1001 5528 αὐτὰ
1024 5474 1303 5542 πάθωμεν.
1339 5474 1449 5527 Καὶ
1497 5473 1607 5544 γὰρ
1641 5476 1737 5527 καὶ

153 5562 306 5631 ἡμεῖς
336 5560 641 5633 ἄνθρωποι,
671 5560 765 5614 καὶ
792 5560 898 5614 ὐπὸ
929 5560 1029 5631 τὴν
1057 5558 1356 5631 ὀξύρροπον
1383 5560 1587 5629 ταύτην
1624 5558 1736 5611 κεί-

158 5646 290 5714 μεθα
321 5643 650 5717 μεταϐολήν.
688 5644 827 5697 Ἀλλ’
858 5645 989 5706 ἴσως
1019 5642 1130 5697 τῶν
1149 5644 1483 5714 ἀγνωμόνων
1520 5661 1605 5707 τις
1638 5644 1734 5697 καὶ

209 5853 233 5921 f
262 5846 557 5921 Legendpm
579 5846 792 5920 videtur,
820 5849 916 5919 τῶν
935 5846 1261 5907 πλουτουσῶν,
1306 5847 1401 5897 nisi
1444 5845 1730 5898 subintelli-

162 5917 287 5971 savu-
305 5908 406 5959 τῶν
429 5908 762 5957 πλουτούντων
782 5908 1013 5972 γυναῖκες.

1132 405 1197 460 IN
1236 403 1457 461 EPIST.
1495 402 1515 457 Ι
1549 403 1641 457 AD
1679 400 1836 459 COR.
1875 402 2109 461 HOMIL.
2150 408 2320 465 XXX.

3301 405 3408 463 2‘35

1836 519 2110 578 σκώπτειν
2147 526 2416 580 εἰωθότων
2462 524 2555 580 καὶ
2594 523 2889 596 ἐπισκήψει
2919 524 3032 587 τοῖς
3072 521 3409 595 εἰρημένοις,

1840 606 1933 657 καὶ
1964 609 2290 681 κωμῳδήσει
2319 610 2536 674 πάντως
2566 611 2712 680 ἡμᾶς
2736 609 2930 678 λέγων·
2960 608 3139 677 Μέχρι
3175 607 3320 672 τίνος
3348 607 3411 661 οὐ

1837 688 2022 762 παύσῃ
2049 692 2289 763 πένητας
2332 694 2420 748 ἀεὶ
2451 693 2544 747 καὶ
2572 694 2820 763 πτωχοὺς
2848 696 2905 746 ἐν
2939 693 3051 757 τοῖς
3087 691 3265 759 λόγοις
3296 693 3411 743 είσ-

1835 773 2005 841 άγων,
2041 776 2135 829 καὶ
2176 777 2462 849 συμφορὰς
2504 778 2634 848 ήμῖν
2675 774 3057 847 προφητεύων.
3092 777 3186 828 καὶ
3220 774 3414 827 πενίαν

1836 860 2264 928 προαναφωνῶν,
2290 862 2383 915 καὶ
2418 861 2665 929 πτωχοὺς
2692 860 2914 929 ποιῆσαι
2950 858 3298 924 σπουδάζων;
3334 856 3411 910 Οὐ

1836 937 1987 1013 [276]
2034 946 2283 1013 πτωχοὺς
2322 945 2466 1013 ὑμᾶς
2508 942 2824 1008 σπουδάζων
2852 943 3099 1012 ποιῆσαι,
3133 940 3411 1010 ἄνθρωπε,

1833 1022 2003 1077 ταῦτα
2031 1024 2195 1094 λέγω,
2229 1026 2365 1080 ἀλλά
2393 1026 2486 1080 τοῦ
2512 1025 2741 1098 οὐρανοῦ
2774 1025 2865 1078 τδν
2903 1024 3133 1078 πλοῦτον
3163 1023 3292 1092 ὑμῖν
3317 1023 3413 1073 ἀν-

1832 1106 1972 1170 οῖξαι
1994 1108 2257 1163 σπεύδων.
2302 1111 2454 1164 Ἐπεὶ
2487 1111 2581 1163 καὶ
2611 1108 2747 1181 πρὸς
2775 1109 2867 1161 τὸν
2891 1108 3203 1176 ὑγιαίνοντα
3238 1107 3266 1158 6
3305 1103 3413 1158 τῶν

1832 1191 2262 1263 ἀρρωστούντων
2296 1194 2641 1265 μεμνημένος
2679 1193 2775 1247 καὶ
2811 1193 2909 1255 τὰς
2943 1191 3167 1245 ἐκείνων
3194 1187 3414 1259 διηγού-

1837 1290 1996 1344 μενος
2019 1275 2232 1344 ὀδύνας,
2251 1278 2347 1348 οὐχ
2373 1279 2458 1331 ἵνα
2484 1278 2732 1331 ἐπίνοσον
2754 1279 2976 1347 ποιήσῃ,
3008 1274 3174 1342 λέγει,
3195 1272 3413 1326 ἀλλ’ἵνα

1835 1358 1928 1412 ἐπὶ
1973 1358 2073 1429 τῆς
2121 1360 2334 1429 ὑγιείας
2353 1362 2678 1435 διατηρήσῃ,
2727 1360 2805 1432 τῷ
2842 1360 2993 1432 φόϐῳ
3035 1358 3143 1412 τῶν
3185 1356 3416 1419 ἐκείνοις

1837 1441 2243 1513 συμϐαινόντων
2268 1446 2368 1517 τὴν
2400 1444 2587 1499 τούτου
2621 1444 2895 1518 ῥᾳθυμίαν
2923 1444 3229 1497 ἐκκόπτων.
3252 1438 3416 1493 Φοϐε-

1838 1525 1929 1596 ρὸν
1953 1526 2081 1597 ὑμῖν
2110 1529 2144 1599 ή
2180 1528 2342 1582 πενία
2371 1524 2510 1584 εἶναι
2543 1529 2712 1593 δοκεῖ,
2738 1528 2832 1582 καὶ
2873 1526 3100 1598 φρικτὸν
3127 1524 3224 1578 καὶ
3252 1524 3414 1595 μέχρι

1833 1611 2210 1681 προσηγορίας
2249 1612 2438 1685 αὐτῆς.
2481 1612 2581 1666 Διά
2615 1612 2726 1685 γὰρ
2752 1610 2914 1665 τοῦτο
2956 1610 3184 1682 πένητές
3225 1609 3413 1677 ἐσμεν,

1832 1692 1917 1747 ὅτι
1969 1692 2161 1749 πενίαν
2188 1694 2528 1767 δεδοίκαμεν,
2565 1696 2670 1751 κάν
2701 1697 2875 1768 μύρια
2902 1694 3115 1766 ἔχωμεν
3154 1690 3414 1749 τάλαντα.

1835 1774 1912 1828 υύ
1942 1776 2053 1849 γὰρ
2081 1777 2110 1830 6
2140 1778 2309 1850 μηδὲν
2334 1779 2492 1850 έχων,
2525 1779 2717 1851 πένης,
2737 1779 2853 1834 ἀλλ’
2881 1780 2913 1832 6
2937 1776 3130 1833 πενίαν
3152 1776 3413 1847 φρίττων·

1834 1861 1958 1915 ἐπεὶ
1991 1862 2087 1917 καὶ
2122 1864 2181 1917 ἐν
2209 1865 2332 1927 ταῖς
2357 1867 2664 1936 συμφοραῖς
2702 1865 2765 1919 οὐ
2799 1865 2926 1928 τοὺς
2952 1864 3021 1917 τά
3059 1860 3271 1933 μεγάλα
3308 1858 3417 1913 πά-

1835 1961 2061 2017 σχοντας
2088 1945 2237 2000 κακά
2254 1947 2562 2019 δακρύομεν
2586 1949 2679 2003 καὶ
2710 1947 2929 2012 ἀθλίους
2955 1944 3257 2018 ήγούμεθα,
3279 1941 3418 1998 ἀλλά

1832 2029 1960 2094 τοὺς
1998 2029 2099 2084 οὐκ
2126 2031 2338 2097 εἰδότας
2361 2031 2504 2087 αὐτά
2520 2033 2730 2104 φέρειν,
2755 2031 2861 2087 κᾶν
2898 2030 3074 2104 μικρὰ
3095 2029 3233 2100 τύχῃ
3263 2027 3414 2081 ὅντα·

1834 2112 1909 2179 ὡς
1937 2114 1968 2168 δ
2000 2132 2063 2183 γε
2100 2116 2289 2188 φέρειν
2319 2118 2475 2184 είδὼς
2507 2119 2603 2173 καὶ
2641 2117 2878 2173 ἐπαίνων
2917 2116 3065 2182 ἄξιος
3089 2116 3185 2169 καὶ
3212 2112 3418 2183 στεφά-

1832 2215 1960 2253 νων.
1997 2200 2109 2254 Kal
2143 2201 2225 2255 ὅτι
2264 2201 2424 2256 τοῦτο
2454 2202 2642 2257 τοῦτον
2675 2201 2790 2273 ἔχει
2830 2199 2925 2255 τὸν
2953 2199 3175 2271 τρόπον,
3209 2197 3269 2250 ἐν
3303 2197 3422 2260 τοῖς

1834 2281 2009 2350 ἀγῶσι
2039 2282 2192 2347 τίνας
2224 2285 2594 2357 ἐπαινοῦμεν;
2649 2287 2778 2351 τούς
2824 2283 2997 2338 πολλά
3047 2280 3421 2352 τυπτομένους

1834 2366 1929 2419 καί⁵
1969 2365 2045 2439 μή
2077 2366 2398 2436 ἀλγοῦντας,
2431 2368 2548 2425 ἀλλ’
2588 2368 2792 2440 ὑψηλὸν
2820 2368 2912 2422 τὸν
2935 2366 3138 2438 αὐχένα
3171 2365 3419 2436 ἔχοντας,

1832 2449 1867 2522 ἢ
1912 2451 2039 2514 τοὺς
2085 2450 2196 2505 ἀπὸ
2227 2451 2336 2505 τῶν
2368 2453 2598 2523 πρώτων
2656 2452 2957 2522 φεύγοντας
3008 2448 3265 2521 πληγῶν;
3296 2449 3421 2521 οὐχὶ

1834 2534 2078 2599 ἐκείνους
2103 2537 2201 2607 μέν
2233 2538 2329 2591 καὶ
2351 2536 2744 2608 στεφανοῦμεν,
2774 2537 2850 2601 ὡς
2877 2534 3154 2607 ἀνδρείους
3185 2535 3280 2589 καὶ
3304 2552 3422 2604 γεν-

1834 2618 2038 2684 ναίους,
2074 2620 2299 2684 τούτους
2334 2621 2392 2675 δὲ
2427 2622 2521 2675 καὶ
2564 2621 2831 2691 γελῶμεν,
2873 2620 2949 2683 ὡς
2987 2618 3283 2691 ἀνάνδρους
3324 2619 3422 2672 καί¹

1833 2703 2069 2771 δειλούς;
2105 2705 2264 2759 Οὕτω
2293 2706 2470 2760 τοίνυν
2496 2705 2591 2759 καὶ
2630 2706 2723 2757 ἐπὶ⁵
2750 2704 2861 2759 τῶν
2884 2704 2977 2758 τοῦ
3012 2703 3128 2774 βίου
3158 2703 3421 2775 πραγμά-

1799 2844 1809 2857 ,
1832 2808 1941 2844 των
1968 2791 2232 2862 ποιῶμεν·
2269 2791 2361 2845 τὸν
2386 2791 2485 2862 μὲν
2513 2790 2753 2855 εὐκόλως
2782 2789 2996 2845 ἅπαντα
3029 2789 3267 2861 φέροντα
3296 2806 3422 2843 στε-

1835 2873 2197 2945 φανώσωμεν,
2233 2874 2484 2947 καθάπερ
2522 2877 2728 2929 ἐκεῖνον
2762 2875 2855 2929 τὸν
2884 2876 3131 2944 γενναῖον
3164 2890 3422 2945 παγκρα-

1833 2960 2078 3030 τιαστήν·
2097 2958 2286 3012 τοῦτον
2307 2958 2364 3012 δέ
2388 2958 2751 3030 δακρύσωμεν
2773 2958 2863 3011 τὸν
2883 2958 3158 3013 δεδοικότα
3186 2958 3281 3012 καὶ
3302 2956 3424 3029 τρέ-

1838 3060 2009 3113 μοντα
2037 3042 2107 3096 τὰ
2137 3042 2304 3109 δεινὰ,
2341 3043 2437 3097 καὶ
2470 3043 2599 3113 πρὶν
2624 3042 2656 3114 ἢ
2686 3040 2941 3108 δέξασθαι
2967 3043 3184 3114 πληγὴν
3224 3043 3425 3095 ἀποτε-

1834 3126 2070 3198 θνηκότα
2110 3125 2188 3197 τῷ
2224 3126 2353 3180 δέει.
2384 3127 2495 3181 Καὶ
2527 3126 2636 3198 γὰρ
2681 3127 2773 3181 ἐπὶ
2814 3126 2923 3181 τῶν
2956 3126 3183 3197 ἀγώνων
3223 3126 3278 3179 εῐ
3317 3144 3422 3193 τις,

1833 3211 1962 3281 πρὶν
1987 3210 2020 3281 ἣ
2049 3212 2239 3281 χεῖρας
2263 3212 2515 3281 ἀντᾶραι,
2542 3210 2636 3266 τὸν
2656 3211 2947 3266 ἀντίπαλον
2972 3210 3096 3265 ίδὼν
3122 3211 3221 3282 τὴν
3243 3209 3424 3275 δεξιὰν

1832 3295 2075 3349 τείνοντα
2123 3296 2283 3366 μόνον
2314 3296 2608 3366 ἀποφύγοι,
2640 3297 2745 3351 κᾶν
2799 3297 2875 3368 μή
2925 3295 3143 3367 δέξηται
3184 3294 3422 3366 πληγὴν,

1834 3379 2240 3448 καταγέλαστος
2284 3380 2459 3444 ἔσται,
2495 3380 2570 3445 ὡς
2617 3381 2806 3444 ἀτονος
2834 3381 2861 3420 b
2893 3381 2989 3434 καὶ
3042 3378 3284 3450 μαλακὸς
3326 3379 3425 3433 καὶ

1834 3462 2014 3515 πόνων
2046 3464 2269 3533 ἄπειρος
2293 3462 2548 3517 τοιούτων
2567 3480 2580 3494 ·
2600 3459 2710 3517 οἷον
2734 3465 2828 3516 καὶ
2847 3464 2939 3517 ἐπὶ
2957 3463 3162 3517 τούτων
3191 3462 3428 3531 συμϐαί-

1834 3564 1914 3599 νει
1953 3545 2063 3600 τῶν
2092 3546 2281 3600 πενίαν
2310 3547 2647 3611 δεδοικότων,
2689 3549 2783 3601 καὶ
2819 3547 2939 3601 οὐδὲ
2970 3546 3065 3618 τὴν
3097 3545 3425 3615 προσδοκίαν

1835 3631 2004 3701 αὐτῆς
2031 3633 2273 3700 ἐνεγκεῖν
2313 3631 2647 3703 δυναμένων.
2690 3632 2803 3685 Οὐκ
2831 3632 2939 3703 ἄρα
2971 3632 3130 3701 ἡμεῖς
3158 3630 3424 3701 ποιοῦμεν

1835 3715 1980 3783 ὑμᾶς
2009 3714 2247 3778 ἀθλίους,
2272 3714 2386 3767 ἀλλ’
2419 3716 2576 3785 ὑμεῖς
2603 3715 2850 3777 ἑαυτούς.
2878 3715 3002 3777 Πῶς
3021 3716 3131 3784 γὰρ
3160 3714 3221 3766 οὐ
3253 3731 3425 3767 κατα-

1835 3798 2086 3864 παίξεταί
2121 3815 2215 3852 σου
2241 3799 2425 3853 λοιπὸν
2456 3801 2484 3852 6
2510 3800 2775 3863 διάϐολος,
2812 3800 2906 3853 καὶ
2939 3800 3046 3870 πρὸ
3080 3799 3179 3867 τῆς
3206 3797 3449 3869 πληγῆς-

1833 3881 1931 3953 τὴν
1954 3882 2183 3954 ἀπειλὴν
2201 3883 2343 3955 ὁρῶν
2363 3882 2637 3937 δεδοικότα
2665 3884 2758 3936 καὶ
2779 3882 3077 3954 τρέμοντα;
3099 3880 3316 3936 Μᾶλλον
3341 3881 3422 3946 δὲ,

1834 3966 1962 4020 ὅταν
1992 3966 2223 4036 ἀπειλὴν
2250 3967 2407 4019 τοῦτο
2442 3966 2691 4037 νομίζῃς,
2721 3968 2782 4019 οὐ
2810 3967 3059 4036 δεήσεται
3091 3965 3274 4019 λοιπὸν
3299 3964 3424 4018 οὐδὲ

1836 4050 2059 4121 πλῆξαι,
2098 4050 2212 4104 ἀλλ’
2249 4050 2406 4119 ἀφεὶς
2434 4050 2579 4120 ἔχειν
2610 4050 2701 4103 τὸν
2735 4052 2982 4114 πλοῦτον,
3023 4053 3089 4121 τῇ
3124 4050 3424 4122 προσδοκίᾳ

1833 4134 1935 4205 τῆς
1958 4134 2301 4206 ἀφαιρέσεως
2327 4135 2496 4205 κηροῦ
2526 4135 2726 4197 παντὸς
2756 4134 3141 4205 μαλακώτερόν
3170 4151 3229 4187 σε
3256 4134 3424 4205 ἐργά-

1838 4235 2011 4272 σεται.
2038 4218 2150 4272 Καὶ
2175 4217 2282 4288 γὰρ
2306 4218 2652 4287 πεφύκαμεν,
2683 4217 2757 4281 ὼς
2788 4220 2980 4282 εἰπεῖν,
3013 4217 3159 4289 ἆπερ
3182 4217 3425 4271 δεδοίκα-

1840 4318 1960 4372 μεν,
1987 4301 2125 4373 μετά
2148 4303 2209 4355 τὸ
2231 4303 2425 4355 παθεῖν
2451 4301 2549 4371 οὐχ
2574 4301 2717 4355 οὕτω
2742 4302 2982 4372 νομίζειν
3018 4298 3155 4355 εἶναι
3192 4301 3420 4372 φοϐερὰ,

1836 4386 2026 4458 ὥσπερ
2063 4386 2374 4456 ἔμπροσθεν
2406 4385 2495 4439 καὶ
2521 4386 2627 4455 πρὸ
2655 4388 2754 4456 τῆς
2784 4386 3001 4455 πείρας.
3041 4387 3135 4439 "Iv‘
3162 4384 3254 4440 οὖν
3288 4386 3423 4458 μηδὲ

1837 4469 2043 4539 ταύτην
2076 4471 2253 4542 κτήσῃ
2292 4470 2390 4539 τὴν
2423 4470 2646 4540 ἀρετὴν,
2683 4471 2741 4521 ἐν
2767 4468 3071 4539 ἀκμάζοντί
3113 4486 3172 4521 σε
3202 4471 3423 4540 κατέχει

1839 4554 2011 4625 φόϐῳ,
2043 4554 2150 4625 πρὸ
2196 4554 2297 4623 τῆς
2341 4554 2533 4624 πείρας
2585 4552 2662 4624 τῷ
2704 4554 2854 4624 φόϐῳ
2891 4554 2991 4623 τῆς
3020 4555 3209 4617 πενίας
3234 4554 3423 4626 ῶσπερ

1838 4637 2011 4707 κηρὸν
2043 4638 2175 4707 πυρὶ
2206 4639 2552 4707 κατατήκων.
2596 4638 2704 4690 Καὶ
2728 4638 2834 4708 γὰρ
2879 4635 3051 4706 κηροῦ
3083 4637 3284 4700 παντὸς
3320 4655 3425 4707 μα-

1838 4720 2142 4792 λακώτερος
2174 4720 2203 4772 6
2236 4719 2493 4783 τοιοῦτος,
2530 4720 2621 4773 καὶ
2655 4719 2817 4773 αὐτοῦ
2858 4718 2953 4773 τοῦ
2984 4720 3125 4773 Κάῖν
3166 4721 3427 4774 ἀθλιώτε-

1842 4823 1932 4877 ρον
1962 4804 2074 4874 βίον
2095 4803 2225 4869 ζῶν,
2257 4805 2398 4876 ὑπὲρ
2431 4804 2528 4873 μὲν
2566 4797 2639 4857 ὧν
2666 4804 2978 4855 πλεονεκτεῖ
2995 4803 3265 4868 δεδοικὼς,
3286 4805 3426 4877 ὑπὲρ

1838 4890 1893 4942 δὲ
1921 4882 1996 4942 ὧν
2024 4889 2124 4941 οὐκ
2148 4888 2259 4958 ἔχει
2292 4888 2494 4956 ἀλγῶν·
2523 4888 2616 4941 καὶ
2646 4887 2788 4958 ὑπὲρ
2814 4881 2889 4940 ὧν
2923 4886 3034 4957 ἔχει
3071 4890 3291 4958 τρέμων
3328 4890 3431 4944 πά-

1838 4974 1941 5039 λιν,
1967 4974 2063 5028 ἆτε
2087 4972 2364 5043 δραπέτην
2392 4972 2683 5042 ἀγνώμονα
2710 4972 2956 5041 κατέχων
2979 4971 3125 5025 ἔνδον
3152 4972 3242 5026 τὸν
3265 4974 3427 5028 πλοῦ-

1835 5073 1950 5119 τον,
1995 5058 2087 5109 καὶ
2129 5055 2394 5118 ποικίλοις
2428 5055 2540 5108 τισὶ
2578 5057 2672 5109 καὶ
2710 5056 2931 5119 ἀτόποις
2972 5055 3426 5129 πολιορκούμενος

1839 5140 2058 5194 πάθεσι.
2101 5136 2223 5192 Καῖ
2254 5138 2361 5210 γὰρ
2405 5138 2673 5208 ἐπιθυμία
2703 5140 2904 5201 ἄτοπος
2931 5140 3025 5193 καὶ
3061 5140 3225 5209 φόϐος
3258 5140 3425 5196 πολυ-

1837 5224 1983 5295 ειδὴς
2043 5223 2138 5277 καὶ
2175 5222 2387 5290 ἀγωνία
2437 5222 2530 5274 καὶ
2580 5220 2783 5292 τρόμος
2839 5224 3173 5293 πανταχόθεν
3228 5225 3427 5288 αὐτοὺς

1838 5308 2158 5380 χειμάζουσι
2185 5324 2198 5336 ·
2254 5305 2348 5358 καὶ
2379 5305 2591 5358 ἐοίκασι
2640 5305 2810 5377 πλοίῳ
2860 5305 3122 5359 πάντοθεν
3163 5308 3428 5372 ἐναντίοις

1838 5396 2060 5463 ἀνέμοις
2114 5390 2477 5460 ἐλαυνομένῳ,
2522 5388 2672 5462 [277]
2715 5390 2809 5443 καί¹
2860 5392 3062 5455 πολλὰς
3105 5393 3428 5464 ὑπομένοντι

1832 5478 1935 5539 τὰς
1980 5476 2298 5548 τρικυμίας.
2334 5476 2445 5529 Καὶ
2488 5476 2641 5545 πόσῳ
2686 5475 2894 5545 βέλτιον
2930 5476 3023 5529 τὸν
3053 5477 3294 5531 τοιοῦτον
3323 5478 3430 5530 ἀπ-

1837 5561 2034 5626 ελθεῖν,
2087 5560 2120 5632 ἢ
2172 5560 2396 5632 διηνεκῆ
2454 5559 2642 5630 φέρειν
2690 5560 2967 5630 χειμῶνα;
3009 5561 3133 5614 ἐπεὶ
3188 5561 3280 5615 καὶ
3333 5560 3426 5614 τὸν

1837 5646 1979 5699 Κάῖν
2023 5642 2378 5715 ἀνεκτότερον
2411 5639 2479 5714 ἦν
2506 5643 2823 5711 ἀποθανεῖν,
2873 5644 2906 5716 ἦ
2961 5643 3253 5709 διαπαντὸς
3294 5643 3425 5715 τρέ-

1842 5745 1985 5800 μειν.

1903 5908 1933 5952 1)
1953 5908 2076 5971 Alii,
2097 5909 2162 5965 ὡς
2195 5907 2418 5965 ἄτολμος,
2442 5919 2542 5956 non
2570 5905 2715 5958 male.
