3962 6424
618 366 731 424 25³1

694 484 791 539 Ἰν*
811 476 903 538 οὖν
933 483 1007 554 μὴ
1032 484 1125 537 καὶ
1149 483 1308 554 ἡμεῖς
1337 479 1511 534 ταῦτα
1544 481 1864 550 πάσχωμεν,
1905 478 2210 548 καταγελά-

625 586 808 639 σωμεν
839 568 941 638 τῆς
964 567 1057 621 τοῦ
1099 565 1347 620 διαϐόλου
1386 565 1659 636 μηχανῆς,
1696 562 2077 636 διαρρήξωμεν
2108 565 2210 616 αὺ-

622 652 717 705 τοῦ
750 652 821 704 τὰ
847 650 1075 721 σχοινία,
1098 648 1445 718 διακόψωμεν
1468 646 1564 700 τοῦ
1597 647 1837 718 χαλεποῦ
1860 647 2086 719 δόρατος
2111 645 2212 717 τὴν

620 735 849 806 αἰχμὴν,
884 733 979 787 καὶ
1025 734 1205 785 πᾶσαν
1246 730 1431 799 ἔφοδον
1464 731 1922 802 ἀποτειχίσωμεν.
1962 732 2060 783 “Av
2100 730 2211 798 7&9

623 817 925 889 χρημάτων
965 813 1368 885 καταγελάσῃς,
1416 813 1517 865 οὐκ
1546 812 1660 883 ἔχει
1694 811 1797 864 ποῦ
1849 811 2072 884 πλήξαι,
2110 812 2211 865 οὐκ

623 903 734 973 ἔχει
761 901 925 954 πόθεν
948 898 1293 967 ἐπιλάϐηται·
1321 898 1422 968 τὴν
1448 897 1557 968 7&9
1581 897 1737 966 ῥίζαν
1762 897 2079 960 ἀνέσπασας
2103 896 2215 949 τῶν

623 983 828 1039 κακῶν·
865 982 1022 1054 ῥίζης
1066 982 1121 1036 δὲ
1161 983 1260 1035 οὐκ
1290 980 1478 1052 οὔσης,
1517 980 1637 1033 οὐδὲ
1675 979 1887 1050 καρπὸς
1922 979 2216 1050 βλαστήσει

620 1067 877 1139 πονηρός.
916 1067 1104 1121 Ταῦτα
1143 1065 1391 1141 λέγωμεν
1426 1065 1524 1132 μὲν
1556 1060 1665 1129 ἀεὶ,
1718 1064 1814 1117 καὶ
1852 1064 2103 1133 λέγοντες
2152 1063 2213 1117 ού

619 1151 959 1222 παυώμεθα.’
993 1151 1043 1203 εί
1080 1150 1138 1204 δέ
1172 1166 1224 1203 τι
1257 1148 1508 1217 λέγοντες
1541 1147 1800 1218 ἀνύομεν,
1828 1148 1862 1218 ή
1892 1147 2076 1217 ἡμέρα
2105 1146 2215 1200 δεί-

619 1235 702 1302 ξει
742 1234 926 1306 ἐκείνη
967 1235 1000 1305 ἡ
1028 1235 1087 1288 ἐν
1112 1232 1248 1303 πυρὶ
1276 1230 1798 1301 ἀποκαλυπτομένη,
1829 1233 1864 1302 ὴ
1898 1230 1958 1284 τὸ
1982 1230 2215 1284 ἑκάστου

618 1316 781 1388 ἔργον
807 1315 1200 1386 δοκιμάζουσα,
1234 1316 1271 1385 ἡ
1304 1313 1405 1377 τὰς
1434 1313 1725 1385 λαμπάδας
1752 1313 2078 1367 δεικνύουσα
2107 1311 2207 1375 τάς

618 1398 881 1470 λαμπρὰς
927 1398 1022 1452 καὶ
1050 1397 1149 1461 τάς
1179 1397 1239 1450 ού
1270 1395 1546 1459 τοιαύτας.
1593 1396 1726 1448 Τότε
1756 1395 1851 1449 καὶ
1901 1396 1931 1448 ό
1973 1395 2113 1466 ἔχων
2147 1394 2209 1448 τὸ

620 1481 820 1547 ἔλαιον,
844 1483 939 1535 καὶ
966 1483 996 1535 ό
1021 1482 1095 1553 μὴ
1113 1480 1271 1551 ἔχων,
1298 1480 1453 1551 δῆλος
1479 1479 1654 1533 ἔσται.
1696 1478 1856 1532 Ἀλλά
1891 1478 2097 1550 μηδένα
2116 1478 2210 1548 γέ-

619 1582 766 1620 νοιτο
790 1565 912 1619 τότε
938 1563 1230 1637 εὑρεθῆναι
1252 1561 1567 1635 ταύηςέρη
1577 1578 1675 1633 μον
1703 1560 1805 1632 τῆς
1830 1561 2207 1634 παραμυθίας,

1316 367 1374 421 S.
1413 362 1699 421 JOANNIS
1733 357 2229 418 CHRYSOSTOMI
2265 356 2590 416 ARCHIEP.
2635 356 3188 417 CONSTANTINOP.
3730 367 3816 424 253

2311 477 2448 534 άλλά
2499 478 2702 543 πάντας
2746 477 2941 549 δαψιλῆ
2973 476 3070 549 τὴν
3107 475 3503 547 φιλανθρωπίαν
3542 479 3821 555 ἐπιφερομι.

2310 577 2455 624 νους,
2496 563 2590 616 καὶ
2623 560 2855 633 φαιδράς
2886 561 3111 631 ἔχοντας
3139 560 3237 623 τάς
3254 560 3553 631 λαμπάδας,
3596 566 3822 619 συνεισελ-

2311 642 2423 696 θεῖν
2448 644 2528 713 τῷ
2556 645 2776 714 νυμφίῳ
2793 663 2807 676 ·
2849 644 2926 706 ὡς
2954 643 3107 697 οὐδὲν
3135 644 3233 714 τῆς
3260 647 3440 716 φωνῆς
3465 645 3663 717 ἐκείνης
3698 651 3826 716 φοϐε-

2313 725 2549 798 ρώτερον
2579 727 2675 781 καὶ
2711 726 3117 798 ὀδυνηρότερον,
3152 727 3218 797 ἢν
3239 727 3287 779 οί
3323 728 3487 802 χωρὶς
3514 728 3827 801 ἐλεημοσύνης

2310 808 2569 877 δαψιλοῦς
2598 810 2851 872 ἀπιόντες
2894 809 3018 862 τότε
3050 809 3370 863 ἀκούσονται
3406 810 3496 863 τοῦ
3523 812 3733 881 νυμφίου
3757 813 3825 866 λέ-

2314 907 2523 960 γοντος,
2578 895 2701 947 οὐκ
2755 888 2889 946 οἶδα
2940 891 3119 961 ὑμᾶς.
3190 892 3346 947 Ἀ).λά
3411 894 3611 964 μήποτε
3663 895 3826 967 ταύτης

2312 973 2650 1045 ἀκούσαιμεν
2696 974 2798 1044 τῆς
2848 974 3054 1044 φωνῆς,
3105 974 3241 1029 ἀλλά
3282 975 3381 1045 τῆς
3412 976 3622 1048 ἡδίστης
3659 979 3827 1048 ἐκείνης

2314 1061 2410 1111 καὶ
2440 1057 2847 1128 ποθεινοτάτης,
2894 1058 3092 1124 Δεῦτε,
3122 1062 3175 1112 οί
3205 1058 3586 1129 εὐλογημένοι
3623 1060 3717 1115 τοῦ
3737 1064 3824 1114 Ha-

2314 1142 2458 1210 τρός
2504 1159 2649 1211 μου,
2712 1141 3209 1212 κληρονομήσατε
3265 1141 3381 1212 τὴν
3440 1144 3826 1214 ἡτοιμασμένην

2313 1224 2457 1294 ὑμῖν
2492 1225 2823 1291 ,Βασιλείαν
2872 1225 2992 1280 ἀπὸ
3055 1225 3395 1295 καταϐολῆς
3442 1228 3679 1297 κόσμου.
3710 1227 3827 1282 Οὕτω

2310 1308 2420 1379 7&9
2482 1309 2579 1362 καὶ
2636 1308 2728 1362 τὸν
2779 1309 3052 1379 μακάριον
3100 1308 3376 1381 ξησόμεθα
3435 1309 3565 1380 βίον,
3615 1310 3698 1363 καὶ
3748 1311 3829 1365 τῶν

2310 1390 2532 1460 ἀγαθῶν
2579 1390 3003 1461 ἀπολαυσόμεθα
3052 1391 3271 1446 πάντων
3297 1392 3406 1445 τῶν
3434 1393 3525 1447 καὶ
3555 1393 3669 1446 νοῦν
3698 1395 3827 1464 ὑπερ-

2311 1474 2604 1528 σαινόντων
2656 1472 3018 1545 ἀνθρώπινον·
3081 1468 3155 1526 ὦν
3209 1474 3418 1543 γένοιτο
3474 1476 3668 1539 πάντας
3719 1478 3827 1548 ἡμᾶς

2313 1560 2610 1629 ἐπιτυχεῖν,
2642 1557 2826 1628 χάριτι
2851 1558 2947 1610 καὶ
2977 1557 3379 1630 φιλανθρωπίᾳ,
3406 1560 3500 1613 καὶ
3528 1560 3591 1613 τά
3624 1559 3748 1631 ἑξῆς.

2072 1888 2314 1943 ΟΜῙΛΙΑ
2351 1884 2480 1941 AA'.

616 2023 705 2079 οὐ
720 2021 969 2078 δύναται
991 2021 1061 2075 δὲ
1084 2025 1118 2078 ὀ
1140 2022 1450 2093 ὀφθαλμὸς
1474 2022 1665 2079 είπεῒν
1688 2021 1763 2092 τῇ
1790 2023 1963 2093 χειρί,
1986 2024 2207 2093 Χρείαν

685 2095 965 2172 σου-οὐκ·
995 2093 1143 2172 ἔχω’
1183 2092 1242 2172 ,ἢ
1281 2093 1471 2172 πάλιν
1522 2095 1562 2164 ἠ
1593 2094 1828 2165 κεφαλὴ
1868 2094 1993 2161 τοῖς
2034 2094 2205 2160 ποσί,

686 2164 906 2234 Χρείαν
934 2162 1106 2233 ὑμῶν
1133 2164 1246 2218 οὐκ
1277 2162 1419 2236 ἔχω.

687 2308 723 2345 α
744 2331 758 2345 .
776 2290 1151 2355 Καταστείλας
1173 2289 1287 2345 τῶν
1310 2290 1610 2345 ἐλαττόνων
1628 2290 1721 2346 τὸν
1746 2290 1961 2361 φθόνον,
1992 2289 2087 2344 καὶ
2110 2287 2209 2361 τὴν

610 2374 855 2447 ἀθυμίαν
878 2374 1057 2427 αὐτῶν
1093 2373 1314 2439 ἐξελὼν,
1340 2373 1407 2445 ἠν
1436 2374 1582 2437 είκὸς
1610 2373 1755 2445 ἔχειν
1778 2375 1976 2436 αὐτοὺς
2009 2376 2075 2427 ἐκ
2110 2372 2206 2427 τοῦ

620 2458 883 2529 μειζόνων
909 2457 1132 2527 ἐτέρους
1157 2456 1534 2528 κατηξιῶσθαι
1553 2457 1935 2529 χαρισμάτων,
1960 2458 2211 2511 ταπεινοῖ

612 2542 711 2595 καὶ
745 2540 950 2595 τούτων
972 2541 1062 2595 τὸν
1082 2539 1252 2610 τῦφον
1279 2539 1389 2593 τῶν
1419 2540 1489 2594 τά
1524 2541 1748 2611 μείζονα
1776 2540 2079 2611 εἰληφότων
2104 2557 2207 2611 χα-

617 2626 861 2696 ρίσματα
882 2640 897 2656 ·
930 2625 1169 2695 ποιήσας
1201 2624 1300 2695 μὲν
1326 2623 1460 2678 αὐτὸ
1481 2624 1575 2677 καὶ
1601 2626 1659 2677 ἐν
1690 2618 1772 2688 οἷς
1801 2623 1939 2695 πρὸς
1966 2621 2209 2687 ἐκείνους

607 2708 886 2776 διελέγετο
922 2706 1015 2778 (τὸ
1047 2706 1156 2778 7&9
1193 2704 1395 2776 λέγειν,
1439 2707 1522 2760 ὅτι
1557 2707 1808 2779 χάρισμά
1839 2707 1977 2768 ἐστι,
2007 2706 2103 2760 καὶ
2143 2706 2206 2759 οὺ

613 2792 972 2863 κατόρθωμα,
1000 2791 1162 2846 τοῦτο
1189 2790 1547 2863 ἐμφαίνοντος
1572 2789 1696 2864 ἧν)⁸
1720 2791 1840 2846 νυνὶ
1867 2790 1926 2843 δὲ
1953 2791 2086 2844 αὐτὸ
2110 2790 2207 2846 καὶ

617 2876 979 2947 σφοδρότερον
1007 2876 1172 2931 πάλιν
1202 2877 1368 2941 ποιεῖ,
1402 2876 1497 2929 ἐπὶ
1521 2876 1623 2947 τῆς
1651 2875 1824 2946 αὐτῆς
1858 2876 2036 2947 μένων
2059 2874 2206 2928 είκό-

614 2977 725 3023 νος.
770 2958 905 3012 Ἀπὸ
932 2960 1041 3030 γάρ
1082 2958 1178 3011 τοῦ
1235 2956 1492 3029 σώματος
1528 2958 1717 3012 λοιπὸν
1747 2960 1843 3013 xal
1868 2960 1967 3030 τῆς
1994 2958 2208 3012 ἐκεῖθεν

615 3043 871 3113 ἐνότητος
897 3042 985 3094 ἐπ’
1015 3041 1187 3113 αὐτὴν
1214 3040 1326 3094 τῶν
1357 3041 1536 3112 μελῶν
1558 3044 1730 3113 χωρεῖ
1755 3040 1854 3112 τὴν
1880 3042 2169 3111 σύγκρισιν
2188 3057 2203 3072 ·

610 3125 643 3180 δ
677 3126 909 3197 μάλιστα
938 3125 1164 3197 ἐζήτουν
1193 3125 1389 3178 ἐκεῖνοι
1414 3124 1640 3196 μαθεῖν·
1683 3123 1871 3196 ἐπειδὴ
1908 3125 2006 3194 οὐχ
2033 3123 2207 3187 οὕτως

617 3209 805 3264 ἱκανὸν
824 3206 893 3281 ἦν
912 3210 1110 3273 αὐτοὺς
1132 3207 1640 3279 παραμυθήσασθαι
1658 3208 1720 3261 τὸ
1738 3208 1946 3271 πάντας
1964 3207 2021 3261 ἓν
2046 3207 2204 3278 σῶμα

611 3291 775 3359 εἶναι,
802 3294 877 3357 ὼς
897 3292 959 3345 τὸ
991 3290 1183 3362 μαθεῖν
1207 3292 1289 3345 ὅτι
1316 3290 1411 3344 καὶ
1432 3292 1491 3343 ἐν
1517 3292 1723 3355 αὐτοῖς,
1753 3286 1835 3354 οίς
1862 3286 2025 3360 εἶχον,
2052 3291 2204 3346 οὐδὲν

615 3378 763 3447 μέγα
811 3373 1162 3447 ἠλαττοῦντο.
1212 3374 1321 3427 Καί
1377 3391 1576 3443 φησιν·
1623 3375 1707 3428 Οὺ
1766 3374 2020 3428 δύναται
2053 3373 2123 3427 δὲ
2170 3375 2205 3429 ὁ

614 3457 925 3529 ὀφθαλμὸς
956 3457 1150 3511 εἰπεῖν
1177 3455 1251 3525 τῇ
1286 3456 1458 3526 χειρὶ,
1493 3457 1713 3526 Χρείαν
1762 3471 1879 3511 σου
1909 3458 2022 3511 οὐκ
2050 3457 2202 3524 ἔχω’

612 3543 652 3613 ῆ
682 3540 869 3596 πάλιν
899 3543 937 3610 ἡ
973 3538 1124 3614 [278]
1160 3539 1396 3609 κεφαλὴ
1426 3539 1552 3607 τοῖς
1581 3540 1750 3603 ποσί,
1782 3540 2001 3607 Χρείαν
2037 3541 2206 3609 ὑμῶν

614 3629 728 3682 οὐκ
753 3627 891 3695 ἔχω.
912 3626 976 3679 El
1003 3626 1113 3696 7&9
1135 3625 1227 3679 καλ⁵
1250 3624 1470 3677 ἔλαττον
1502 3624 1564 3677 τὸ
1594 3624 1998 3694 χάρισμα,”ἀλλ’
2028 3626 2203 3693 ἀναγ-

611 3712 797 3764 καῖον·
832 3710 928 3763 καὶ
985 3708 1174 3780 ὥσπερ
1218 3708 1321 3761 οὐκ
1367 3707 1520 3771 ὄντος
1566 3707 1778 3760 ἐκείνου
1824 3707 1999 3760 πολλὰ
2030 3709 2204 3777 ἐμπο-

547 3803 569 3826 ⁶
609 3792 838 3857 δίζεται,
871 3791 1015 3846 οὕτω
1044 3792 1139 3845 καὶ
1166 3791 1359 3844 τούτου
1388 3793 1558 3861 χωρὶς
1583 3790 1812 3861 χωλεύει
1839 3790 1901 3844 τὸ
1928 3789 2203 3862 πλήρωμα

610 3878 709 3947 τῆς
752 3875 1101 3946 Ἐκκλησίας.
1138 3875 1250 3927 Καὶ
1277 3874 1379 3928 οὐκ
1406 3869 1581 3940 εἶπεν,
1612 3874 1726 3927 Ούκ
1773 3874 1911 3943 ἐρεῖ,
1949 3873 2067 3927 ἀλλ’
2094 3874 2200 3938 ὅτι,

603 3963 690 4015 οὐ
721 3959 974 4015 δύναται
1006 3957 1218 4013 εἰπεῖν.
1254 3958 1420 4011 Ὥστε
1448 3958 1554 4011 κᾶν
1584 3957 1734 4031 θέλῃ,
1773 3958 1876 4012 κᾶν
1904 3957 2060 4029 λέγῃ,
2102 3959 2203 4012 οὐκ

609 4044 908 4115 ἐνδέχεται,
936 4043 1057 4096 οὐδὲ
1085 4041 1197 4112 ἔχει
1222 4041 1285 4095 τὸ
1310 4042 1549 4113 πρᾶγμα
1578 4041 1676 4113 τὴν
1707 4041 1891 4111 φύσιν.
1916 4042 2017 4094 Διά
2043 4041 2202 4096 τοῦτο

608 4127 792 4181 λαϐὼν
842 4127 1084 4198 ἑκάτερα
1129 4125 1203 4178 τά
1249 4126 1418 4196 άκρα,
1460 4127 1518 4178 ἐν
1566 4125 1751 4188 αὐτοῖς
1789 4125 2059 4196 γυμνάζει
2107 4124 2200 4179 τὸν

609 4211 791 4279 λόγον,
830 4210 1048 4281 πρῶτον
1082 4210 1180 4280 μὲν
1233 4210 1326 4262 ἐπὶ
1375 4209 1558 4281 χειρὸς
1609 4210 1705 4263 καὶ
1741 4208 2046 4279 ὀφθαλμοῦ,
2080 4208 2201 4262 δεύ-

607 4310 769 4365 τερον
820 4294 878 4347 δὲ
912 4294 1005 4346 ἐπὶ
1035 4292 1280 4361 κεφαλῆς
1318 4294 1416 4346 καὶ
1468 4292 1669 4358 ποδῶν,
1698 4291 1881 4357 αὔξων
1908 4293 1972 4345 τὸ
2018 4292 2200 4362 παρά-

604 4375 829 4446 δειγμα.
867 4374 933 4427 Τί
983 4375 1093 4447 γὰρ
1140 4375 1302 4437 ποδὸς
1340 4374 1742 4447 εὐτελέστερον,
1778 4373 1811 4445 ἢ
1864 4375 1918 4428 τί
1953 4375 2200 4446 κεφαλῆς

606 4458 939 4530 τιμιώτερον
986 4460 1083 4512 καὶ
1118 4458 1579 4529 ἀναγκαιότερον;
1626 4458 1786 4511 τοῦτο
1821 4457 1931 4529 7&9
1964 4458 2200 4529 μάλιστά

609 4545 761 4597 ἐστιν
793 4542 1102 4613 ἄνθρωπος,
1132 4542 1166 4611 ἡ
1215 4539 1448 4610 κεφαλή.
1517 4541 1657 4594 Ἀλλ’
1710 4542 1861 4612 ὅμως
1906 4543 2008 4596 οὐκ
2048 4542 2198 4598 ἔστιν

608 4626 917 4696 αὐτάρκης,
953 4624 1073 4677 οὐδὲ
1106 4623 1175 4676 τά
1208 4626 1385 4678 πάντα
1436 4625 1575 4695 αὐτὴ
1623 4624 1827 4679 δύναιτ’
1872 4625 1940 4679 ἂν
1969 4624 2156 4681 ἀνύειν
2177 4643 2192 4658 ο

607 4709 732 4761 ἐπεὶ
755 4710 806 4761 εί
826 4706 986 4760 τοῦτο
1005 4703 1094 4777 ἦν,
1121 4704 1394 4776 περιττῶς
1414 4707 1545 4777 ἡμῖν
1565 4708 1614 4760 οί
1642 4706 1800 4770 πόδες
1820 4708 2194 4778 προσέκειντο.

609 4792 724 4846 Kal
753 4791 874 4845 οὑδέ
901 4790 1032 4861 ἔστη
1069 4790 1233 4861 μέχρι
1263 4788 1480 4855 τούτου,
1512 4790 1648 4844 ἀλλά
1680 4791 1775 4843 καὶ
1806 4791 1998 4862 ἑτέραν
2024 4793 2197 4862 ύπερ-

609 4872 774 4943 δολὴν
802 4872 983 4943 ζητεῖ·
1015 4874 1153 4943 ὅπερ
1191 4873 1280 4925 ἀεὶ
1320 4875 1486 4938 ποιεῖ,
1518 4875 1580 4927 οὐ
1624 4874 1788 4945 μέχρι
1828 4873 1922 4927 τοῦ
1957 4877 2073 4930 ἴσου
2107 4892 2198 4943 φι-

610 4956 895 5023 λονεικῶν,
930 4955 1067 5010 ἀλλά
1100 4956 1194 5009 καὶ
1232 4956 1545 5027 περαιτέρω
1593 4957 1924 5029 προϐαίνων.
1958 4958 2053 5012 Διὸ
2101 4960 2197 5013 καὶ

607 5039 805 5108 ἐπάγει
835 5038 1010 5108 λέγων
1029 5054 1044 5068 ·
1090 5038 1267 5093 Ἀλλὰ
1298 5037 1509 5105 πολλῷ
1531 5040 1776 5109 μᾶλλον
1801 5041 1873 5095 τὰ
1898 5040 2197 5097 δοκοῦντα

603 5122 762 5193 μέλη
785 5123 892 5178 τοῦ
917 5123 1191 5192 σώματος
1223 5122 1632 5191 ἀσθενέστερα
1662 5123 1978 5193 ὑπάρχειν,
2008 5126 2195 5196 ἀναγ-

608 5205 749 5261 καῖά
780 5206 946 5259 ἐστι’
985 5206 1086 5260 καὶ
1119 5203 1159 5259 ἄ
1196 5204 1499 5275 δοκοῦμεν
1540 5208 1855 5277 ἀτιμότερα
1894 5205 2048 5264 εἶναι
2084 5209 2194 5264 τοῦ

604 5287 905 5358 σώματος,
965 5291 1199 5355 τούτοις
1249 5287 1430 5358 τιμὴν
1481 5289 1921 5359 περισσοτέραν
1977 5293 2195 5360 περιτί-

607 5375 787 5441 θεμεν
805 5384 832 5411 ι
854 5389 868 5402 ο
892 5372 993 5425 καί
1018 5372 1377 5442 τάσχήμονα
1398 5371 1569 5442 ἡμῶν
1588 5375 2065 5444 εὐσχημοσύνην
2090 5391 2193 5429 πε-

604 5456 971 5525 ρισσοτέραν
1006 5457 1132 5526 ἕχει
1152 5475 1165 5490 ο
1202 5457 1482 5527 πανταχοῦ
1509 5456 1606 5527 τὴν
1622 5458 1718 5511 τοῦ
1744 5457 1998 5529 σώματος
2020 5475 2191 5529 προσ-

606 5540 784 5612 θήκην
820 5539 1015 5603 τιθεὶς,
1049 5541 1145 5592 καὶ
1176 5540 1349 5610 ταύτῃ
1395 5541 1646 5594 κάκεῖνον
1694 5540 2190 5611 παραμυθούμενος

608 5627 705 5680 καὶ
741 5624 931 5680 τοῦτον
960 5624 1362 5679 καταστέλλων.
1398 5625 1471 5678 Οὐ
1497 5623 1606 5696 γὰρ
1633 5624 1791 5678 τοῦτο
1810 5623 1974 5693 λέγω,
2001 5625 2187 5696 φησιν,

675 5843 698 5872 ⁵
723 5839 874 5905 Παῖς.
907 5841 1081 5904 SaviL,
1104 5839 1353 5904 ἐντίθεμεν.

2312 2022 2397 2076 ὅτι
2425 2021 2490 2076 οὐ
2526 2020 2690 2092 μόνον
2707 2019 2899 2092 χρείαν
2921 2019 3037 2091 ἔχει
3063 2018 3135 2074 τὰ
3169 2017 3394 2092 μείζονα
3415 2019 3525 2074 τῶν
3557 2018 3829 2084 ἐλαττόνων,

2307 2105 2423 2160 ἀλλ’
2450 2106 2534 2160 ὅτι
2568 2103 2666 2159 καὶ
2700 2103 2899 2175 πολλὴν
2946 2102 3136 2174 χρείαν
3168 2102 3304 2174 ἔχει.
3339 2101 3409 2157 Et
3430 2121 3483 2159 τι
3514 2104 3620 2176 γάρ
3653 2102 3828 2167 ἀσθενὲς

2306 2190 2367 2244 ἐν
2405 2192 2562 2262 ἡμῖν,
2602 2189 2658 2243 ετ
2681 2206 2735 2243 τι
2760 2190 2975 2260 ἄτιμον,
3004 2187 3164 2243 τοῦτο
3208 2187 3306 2242 καὶ
3339 2188 3627 2257 ἀναγκαῖον
3670 2186 3748 2241 καὶ
3765 2202 3828 2237 τι-

2311 2275 2421 2343 μής
2463 2270 2731 2327 ἀπολαύει
2788 2271 3055 2341 μείζονος.
3102 2271 3215 2325 Kal
3240 2270 3422 2335 καλῶς
3475 2266 3609 2333 εἷπε,
3660 2270 3725 2324 Τὰ
3756 2268 3828 2321 δο-

2310 2356 2555 2419 κοῦντα,
2596 2355 2713 2419 καὶ,
2766 2356 2827 2410 Ἀ
2859 2352 3176 2424 δοκοῦμεν,
3200 2353 3417 2418 δεικνὺς
3446 2354 3526 2407 ὅτι
3556 2354 3612 2407 οὺ
3643 2352 3727 2424 τῆς
3753 2350 3827 2420 φύ-

2310 2455 2447 2502 σεως
2470 2438 2579 2492 τῶν
2607 2437 2973 2509 πραγμάτων,
2994 2437 3133 2491 ἀλλά
3152 2437 3251 2507 τῆς
3277 2437 3387 2491 τῶν
3413 2436 3614 2490 πολλῶν
3630 2434 3824 2495 ὑπονοίας

2307 2522 2342 2593 ὴ
2365 2521 2565 2591 ψῆφος.
2598 2521 2766 2575 οὐδὲν
2801 2521 2910 2595 γὰρ
2942 2523 3001 2574 ὲν
3029 2523 3163 2593 ἡμῖν
3186 2522 3383 2590 ἄτιμον
3403 2536 3417 2550 ο
3439 2520 3569 2574 Θεοῦ
3594 2519 3690 2590 γὰρ
3714 2517 3823 2588 ἔργον

2311 2605 2450 2659 ἐστί.
2482 2604 2550 2657 Τί
2577 2603 2688 2674 γάρ
2715 2604 2825 2659 τῶν
2852 2605 3058 2676 μορίων
3082 2604 3192 2660 τῶν
3210 2603 3544 2674 γεννητικῶν
3569 2601 3825 2670 ἀτιμότερον

2307 2688 2369 2741 ἑν
2399 2689 2531 2759 ἡμῖν
2576 2683 2717 2742 εἶναι
2748 2688 2926 2755 δοκεῖς
2973 2687 3112 2742 Ἀλλ’
3165 2688 3318 2758 ὅμως
3354 2686 3590 2749 πλείονος
3624 2680 3824 2738 ἀπολαύει

2305 2772 2475 2841 τιμῆς
2493 2788 2509 2803 ·
2540 2772 2637 2826 καὶ
2673 2773 2724 2825 οί
2755 2771 2961 2844 σφόδρα
2989 2772 3223 2843 πένητες
3251 2770 3358 2824 κᾶν
3387 2769 3449 2823 τὸ
3474 2767 3648 2822 λοιπὸν
3670 2763 3826 2835 γυμνὸν

2307 2854 2477 2925 ἔχωσι
2495 2855 2678 2927 σῶμα,
2702 2855 2803 2910 οὐκ
2829 2855 2895 2910 ἂν
2913 2854 3237 2926 ἀνάσχοιντο
3259 2855 3447 2908 ἐκεῖνα
3470 2852 3536 2907 τά
3563 2851 3684 2923 μέλη
3701 2848 3826 2913 δεῖξαι

2306 2937 2512 3008 γυμνά.
2564 2939 2760 2992 Καίτοι
2790 2955 2855 3007 γε
2902 2939 3003 3009 οὐχ
3054 2936 3195 3008 αὕτη
3245 2937 3363 2991 τῶν
3405 2936 3610 3005 ἀτίμων
3641 2935 3670 3003 ἡ
3697 2930 3825 2994 τάξις.

2307 3022 2448 3076 ἀλλὰ.
2490 3022 2691 3092 μᾶλλον
2732 3022 2843 3076 τῶν
2879 3022 3055 3076 ἄλλων
3105 3019 3568 3092 καταφρονεῖσθαι
3603 3016 3714 3071 ἔδει.
3751 3013 3828 3066 Καὶ

2306 3104 2417 3177 γὰρ
2468 3105 2527 3158 ἐν
2558 3105 2737 3178 οἰκείᾳ
2777 3106 2806 3159 ὁ
2842 3105 3190 3177 ἠτιμωμένος
3231 3104 3454 3175 οἰκέτης
3495 3103 3554 3156 οὑ
3608 3100 3739 3172 μόνον
3757 3097 3828 3150 οὐκ

2308 3188 2573 3244 ἀπολαύει
2624 3188 2869 3254 πλείονος
2900 3189 3216 3260 θεραπείας,
3269 3187 3388 3243 ἀλλ’
3418 3185 3534 3240 οὐδὲ
3571 3184 3670 3239 τῶν
3695 3179 3829 3237 αὐτῶν

2309 3270 2577 3337 ἀξιοῦται.
2626 3273 2791 3325 ’Ὥστε
2837 3273 2887 3325 εί
2919 3274 3018 3326 καὶ
3062 3271 3224 3327 τοῦτο
3250 3272 3450 3343 ἄτιμον
3494 3264 3578 3340 ἦν,
3624 3266 3679 3320 οὐ
3710 3263 3826 3335 μόνον

2310 3355 2574 3425 μειζόνων
2608 3356 2904 3410 ἀπολαύειν
2931 3355 3033 3409 ούκ
3063 3355 3193 3420 ἔδει,
3228 3354 3347 3409 ἀλλ’
3376 3352 3498 3407 οὐδὲ
3532 3350 3634 3405 τῶν
3661 3346 3821 3402 αὐτῶν

2304 3440 2424 3493 νυνὶ
2454 3439 2511 3493 δὲ
2548 3440 2791 3505 πλείονος
2821 3438 3085 3494 ἀπολαύει
3122 3441 3318 3509 τιμῆς,
3364 3438 3460 3492 καὶ
3486 3434 3632 3490 τοῦτο
3654 3433 3738 3501 τῆς
3758 3426 3818 3482 τοῦ

2305 3522 2447 3577 Θεοῦ
2478 3523 2669 3593 σοφίας
2698 3524 3103 3596 ἐργασαμένης.
3134 3523 3261 3587 Τοῖς
3294 3523 3393 3594 μὲν
3421 3520 3525 3591 γὰρ
3550 3520 3605 3572 ἐν
3625 3518 3685 3588 τῇ
3708 3512 3821 3596 φύσει

2305 3606 2368 3659 τὸ
2405 3606 2481 3677 μὴ
2509 3595 2739 3661 δεῖσθαι
2767 3608 2934 3661 ἔδωκε
2957 3623 2973 3639 ’
3008 3609 3121 3671 τοῖς
3152 3606 3232 3672 δὲ,
3276 3606 3465 3673 ἐπειδὴ
3503 3605 3561 3658 ἐν
3600 3604 3661 3672 τῇ
3706 3595 3818 3677 φύσει

2304 3673 2418 3744 οὐκ*
2436 3673 2657 3758 ἔδωκεν,
2694 3692 2843 3762 ἡμᾶς
2869 3689 3129 3761 παρέχειν
3169 3689 3503 3759 ἠνάγκασεν.
3544 3684 3670 3739 Ἀλλ’
3692 3680 3740 3735 οὐ
3760 3673 3822 3729 διὰ

2307 3772 2470 3827 τοῦτο
2500 3773 2669 3844 ἄτιμα
2689 3791 2702 3805 ο
2735 3774 2856 3826 ἐπεὶ
2884 3773 2981 3827 καὶ
3012 3773 3080 3826 τά
3110 3772 3228 3836 ζῶα
3266 3775 3327 3827 ἐν
3354 3775 3422 3845 τῇ
3456 3770 3605 3842 φύσει
3632 3765 3685 3820 τὸ
3711 3765 3820 3816 ἀνεν·

2302 3857 2422 3921 δεές
2450 3856 2587 3929 ἔχει,
2619 3850 2715 3912 καὶ
2730 3856 2855 3911 οὔτε
2890 3857 3123 3928 ἱματίων
3139 3856 3337 3924 δεῖται,
3353 3856 3479 3910 οὔτε
3501 3849 3817 3929 ὑποδημάτῳνν

2302 3940 2429 3995 οὔτε
2481 3928 2706 4013 ὀρόφου,
2740 3943 2809 3996 τὰ
2842 3942 3062 3996 πλείονα
3109 3941 3321 3995 αὐτῶν·
3360 3942 3473 3996 ἀλλ’
3506 3941 3563 3993 οὐ
3606 3936 3682 3989 διά
3705 3928 3818 3984 τοῦτο

2303 4026 2628 4097 ἀτιμότερον
2686 4026 2865 4079 αὐτῶν
2918 4027 2979 4080 τὸ
3029 4026 3188 4097 σῶμα
3248 4027 3314 4081 τὸ
3360 4027 3635 4099 ἡμέτερον.
3679 4013 3817 4082 ἐπειδῆ

2303 4106 2523 4162 πάντων
2547 4108 2718 4161 δεῖται
2755 4107 2981 4165 τούτων.
3012 4110 3122 4162 Kal
3157 4109 3269 4181 7&9
3307 4112 3463 4175 εἴτις
3493 4107 3709 4182 ἀκριϐῶς
3734 4100 3814 4182 ἑξεῖ

2300 4190 2511 4255 τάσειε,
2554 4192 2651 4245 καὶ
2696 4192 2832 4263 αὐτῇ
2863 4195 2930 4264 τῇ
2981 4193 3141 4262 φύσει
3186 4179 3347 4265 τίμιά
3376 4213 3434 4248 τε
3467 4179 3576 4249 καὶ⁷
3604 4179 3813 4255 ἀναγκαῖά

2301 4275 2448 4328 ἐστιν
2468 4292 2481 4308 ⁸
2508 4275 2536 4328 ὃ
2557 4273 2621 4345 δὴ
2650 4276 2743 4327 καὶ
2772 4275 2935 4340 αὐτὸς
2960 4276 3200 4346 ᾐνίξατο,
3231 4278 3332 4331 οὐκ
3350 4278 3457 4331 ἀπὸ
3479 4277 3576 4346 τῆς
3603 4269 3812 4345 ἡμετέρας

2304 4357 2457 4431 [279]
2496 4358 2817 4429 ἐπιμελείας
2844 4361 2937 4413 καὶ
2965 4358 3059 4413 τοῦ
3094 4360 3341 4426 πλείονος
3369 4359 3648 4416 ἀπολαύειν
3675 4349 3808 4422 τιμῆς.

2299 4441 2439 4495 άλλά
2482 4442 2578 4495 καὶ
2623 4441 2734 4496 ἀπὸ
2775 4442 2874 4512 τῆς
2920 4443 3031 4496 τῶν
3070 4444 3414 4515 πραγμάτων
3456 4443 3655 4513 φύσεως
3678 4432 3807 4489 αὐτοῖς

2301 4523 2703 4595 ψηφισάμενος.
2732 4525 2846 4589 Διὸ.
2875 4525 3005 4579 ὅταν
3037 4524 3137 4597 μὲν
3169 4527 3373 4599 ἀσθενῆ
3407 4526 3537 4599 λέγῃ
3564 4522 3648 4577 καὶ
3670 4521 3805 4583 ἄτιμα.

2309 4609 2385 4663 Τὰ
2407 4609 2708 4663 δοκοῦντα
2734 4608 2918 4678 λέγει’
2948 4610 3079 4664 ὅταν
3105 4609 3163 4663 δὲ
3189 4612 3487 4680 ἀναγκαῖα,
3510 4607 3675 4662 οὐκέτι
3692 4610 3807 4669 προφ

2298 4692 2502 4762 τίθησι,
2532 4696 2574 4746 Τ
2570 4691 2609 4746 ἀ
2633 4691 2954 4759 δοκοῦντα,
2981 4693 3095 4746 ἀλλ’
3117 4694 3280 4759 αὐτὸς
3301 4694 3646 4763 ἀποφαίνεται
3666 4684 3798 4763 λέγυιςνο

2297 4775 2380 4828 ὃτι
2410 4757 2686 4842 ἀναγκαῖά
2717 4775 2837 4828 ἐστι
2857 4793 2869 4807 ·
2901 4757 2996 4829 καὶ
3025 4776 3170 4847 μάλα
3201 4757 3445 4840 εἰκότως..
3476 4775 3580 4828 Καὶ
3604 4770 3696 4840 γὰρ
3708 4757 3793 4847 ερὲς

2299 4840 2643 4911 παιδοποιίαν
2674 4858 2768 4911 καὶ
2797 4858 2899 4929 τὴν
2923 4840 3239 4927 τοῦ-γένους
3273 4862 3306 4928 ἡ
3317 4860 3432 4930 μῶν
3461 4854 3688 4923 διαδοχὴν
3710 4840 3801 4935 χρῇ·

2298 4958 2454 5011 σιμα.
2505 4940 2604 4994 Διά
2655 4942 2814 4995 τοῦτο
2861 4942 2959 4995 καὶ
3012 4942 3062 4995 οἱ
3090 4941 3380 5013 νομοθέται
3416 4937 3680 5009 Ῥωμαίων
3717 4936 3805 5013 τον(

2295 5023 2469 5077 ταῦτα
2500 5024 3015 5095 ἀκρωτηριάζοντας
3047 5024 3115 5078 τὰ
3155 5005 3298 5096 ’μέλη
3346 5024 3439 5079 καὶ
3468 5019 3721 5075 ποιοῦντας
3742 5005 3805 5096 εξ·

2295 5106 2521 5179 νούχους
2562 5086 2904 5172 κολάζουσίν,
2938 5086 3033 5161 ἅτε
3060 5106 3140 5179 τῷ
3163 5086 3337 5179 ’κοινῖῤ
3368 5107 3510 5176 γένει
3538 5086 3805 5179 λυμαινρμξ“

2295 5170 2442 5257 νουξ,
2472 5191 2568 5244 καὶ
2602 5192 2738 5261 αὐτῇ
2787 5170 3195 5263 ἐπηρεάζοντας
3228 5170 3318 5263 1?)-
3341 5170 3516 5260 φύσει.
3557 5170 3685 5263 ’Λλλί
3705 5170 3805 5230 ἀπό·

2293 5272 2472 5326 λοιντο
2501 5274 2552 5327 οί
2593 5262 2907 5340 ἀκόλαστοι,
2941 5276 2991 5328 οί
3017 5274 3112 5328 τοῦ
3144 5262 3291 5329 Θεοῦ
3315 5273 3385 5327 τὰ
3414 5262 3805 5351 δημιουργῇμαξᾳ

2294 5355 2695 5421 διαὸάλλοντες.
2742 5357 2954 5428 ’Ὠσπερ
2981 5359 3093 5430 γὰρ
3132 5357 3210 5429 τῷ
3237 5359 3364 5428 οἴνῳ
3408 5353 3582 5410 πολλοὶ
3613 5345 3689 5402 διὰ
3711 5345 3803 5429 τοῗέ

2296 5439 2597 5509 μεθύοντας
2622 5441 3025 5511 κατηράσαντο,
3058 5441 3155 5495 καὶ
3175 5445 3239 5511 τῇ
3269 5440 3427 5511 φύσει
3452 5437 3554 5490 τῶν
3583 5430 3805 5511 γυναικῶν

2290 5499 2380 5574 διά
2411 5521 2527 5605 τὰς
2547 5499 2939 5594 μοιχευομένας
2959 5540 2972 5554 ⁸
3005 5499 3149 5578 οὕτω
3182 5499 3374 5579 καῖ’τὰ
3412 5499 3720 5605 μέλῃ-έαῧτῗι

2292 5606 2435 5677 σχρά
2476 5604 2617 5660 εῖναι
2662 5606 2918 5677 ἐνόμισαν
2963 5607 3054 5661 διὰ
3093 5610 3221 5672 τοὺς
3274 5608 3374 5661 ούκ
3402 5608 3481 5668 είς
3511 5601 3620 5654 δέον
3659 5596 3804 5671 αὑτοίξ

2289 5687 2630 5758 χρωμένους.
2679 5689 2818 5742 Ἀλλ’
2857 5690 2959 5744 οὐκ
2988 5691 3192 5765 ἐχρῆν·
3242 5692 3301 5744 οὐ
3346 5689 3451 5759 γὰρ
3478 5686 3538 5755 τῇ
3568 5678 3707 5765 φύῗεξ

2288 5756 2618 5842 ἐπ-Ράῦίί-ισίεος
2649 5773 2682 5842 ἡ
2721 5773 2963 5844 ἁμαρτία
2997 5756 3461 5845 συγκεκλήρωται.
3496 5764 3601 5820 ἀλλ’
3624 5756 3714 5845 ἀπὸ
3728 5756 3802 5816 τῆς

2291 5840 2926 5921 προαιρέσεως-τίκτεται
2950 5856 3043 5910 τοῦ
3066 5840 3364 5929 τολμῶντος
3385 5854 3439 5907 τὸ
3461 5850 3555 5914 πλη
3565 5840 3799 5913 μμέλημα·
