3962 6410
104 421 205 479 257

171 536 422 591 Pecunia
470 537 787 605 spernenda.
812 557 884 575 --
909 530 989 588 Ne
1022 545 1150 602 ergo
1187 546 1286 587 nos
1310 544 1521 603 quoque
1563 526 1690 584 talia

97 638 389 696 patiamur,
425 624 626 681 diaboli
668 624 943 680 machinas
989 623 1329 691 irrideamus,
1377 622 1494 691 ejus
1536 620 1688 675 funes

96 717 431 789 frangamus,
466 717 835 789 dirumpamus
865 717 1044 787 gravis
1073 716 1272 770 lanceae
1310 715 1607 785 cuSpidem,
1636 722 1691 768 et

98 825 315 865 omnem
359 811 410 866 ei
439 810 645 864 aditum
684 809 1120 865 intercludamus.
1152 808 1207 864 Si
1248 809 1392 864 enim
1437 808 1690 877 pecunias

101 902 362 966 irriseris,
391 916 499 957 non
524 900 689 957 habet
712 915 817 972 quo
845 910 895 956 te
919 900 1201 972 percutiat,
1236 916 1340 954 non
1369 899 1529 955 habet
1552 899 1691 954 unde

106 992 470 1063 apprehendat
504 1010 519 1050 :
550 1009 672 1048 nam
714 992 948 1049 radicem
990 993 1233 1049 evulsisti
1263 993 1528 1047 malorum
1556 1009 1571 1058 ;
1602 1007 1690 1046 ra-

106 1084 215 1141 dice
240 1100 375 1141 vero
396 1085 630 1152 sublata,
667 1100 839 1156 neque
881 1084 1052 1139 malus
1096 1084 1419 1155 germinabit
1459 1083 1684 1137 fructus.
1715 1090 1742 1107 ‘*

106 1176 227 1232 Hac
249 1191 468 1247 semper
487 1177 751 1241 dicamus,
769 1186 825 1232 et
847 1176 1006 1232 linem
1029 1176 1238 1231 dicendi
1262 1191 1368 1230 non
1394 1175 1649 1229 faciamus
1675 1192 1690 1229 :

110 1285 171 1323 an
198 1285 329 1325 vero
352 1269 598 1326 dicentes
626 1269 824 1340 aliquid
854 1270 1217 1340 proficiamus,
1242 1269 1361 1325 dies
1387 1269 1479 1324 ille
1505 1279 1689 1323 osten-

115 1362 217 1427 det,
257 1358 347 1432 qui
379 1362 431 1415 in
463 1362 584 1432 igne
615 1361 960 1428 revelabitur,
990 1361 1082 1432 qui
1113 1361 1532 1431 uniuscujusque
1557 1375 1691 1430 apus

116 1452 427 1523 explorabit,
459 1452 551 1523 qui
595 1452 872 1523 lampadas
915 1453 1163 1507 ostendet
1208 1452 1452 1507 lucentes
1498 1459 1552 1506 et
1598 1465 1693 1506 eas

116 1561 221 1613 quae
255 1544 388 1599 tales
412 1560 521 1600 non
544 1553 687 1600 sunt.
712 1544 862 1600 Tunc
878 1545 1192 1600 manifestus
1212 1545 1315 1600 erit
1338 1545 1383 1599 is
1400 1545 1487 1614 qui
1516 1543 1691 1598 oleum

118 1638 284 1699 habet,
315 1646 370 1693 et
399 1638 448 1692 is
478 1639 566 1708 qui
597 1653 704 1694 non
735 1638 917 1694 habet.
946 1638 1052 1695 Sed
1092 1637 1224 1693 faxit
1250 1639 1390 1693 Deus
1418 1646 1477 1692 ut
1517 1636 1693 1691 nullus

1123 414 1191 471 IN
1229 414 1441 472 EPIST.
1482 414 1522 469 l.
1565 414 1657 468 AD
1694 412 1849 469 COR.
1896 411 2123 467 llOMiL.
2166 413 2358 470 XXXI.

3279 424 3385 483 258

1801 537 1925 582 tunc
1952 532 2254 599 reperiatur
2284 532 2372 587 tali
2405 548 2605 589 vacuus
2628 537 3039 606 consolatione;
3067 540 3160 596 sed
3190 550 3246 597 ut
3270 558 3387 598 om.

1800 636 1897 676 nes
1927 621 2127 692 largam
2150 623 2531 692 benignitatem
2564 626 2809 695 efferant,
2840 640 2894 685 et
2922 632 3095 688 claras
3124 634 3385 693 habentes

1800 712 2096 782 lampadas,
2139 731 2242 768 una
2272 732 2395 771 cum
2428 734 2628 787 sponso
2672 722 2894 777 intrent.
2943 724 3032 779 Illa
3071 737 3220 782 certe
3248 744 3385 786 voce

1799 806 1935 861 nihil
1964 807 2253 861 terribilius
2273 850 2289 876 ,
2322 810 2452 864 nihil
2483 812 2725 881 asperius
2752 824 2854 878 est,
2885 830 3045 885 quarti
3078 827 3203 874 tunc
3226 819 3383 874 audi-

1802 899 1903 951 turi
1930 908 2053 951 sunt
2086 899 2142 965 ii,
2171 901 2261 970 qui
2289 900 2405 955 sine
2436 902 2576 972 larga
2599 904 2938 977 eleemosyna
2969 907 3092 963 hinc
3119 908 3388 980 demigra-

1800 998 1944 1050 runt,
1993 988 2204 1043 dicente
2248 1006 2467 1060 sponso.
2513 991 2703 1049 Nescio
2750 1012 2836 1049 vos
2867 996 3100 1067 (Matth.
3124 1000 3383 1071 25.12).

1800 1080 1953 1134 Absit
1995 1090 2173 1135 autem
2206 1091 2265 1135 ut
2310 1082 2448 1137 hanc
2472 1084 2750 1140 audiamus
2778 1102 2986 1153 vocem,
3017 1092 3110 1147 sed
3129 1092 3385 1145 suavissi-

1799 1185 1939 1223 mam
1974 1171 2117 1225 illam
2148 1182 2202 1226 et
2242 1188 2451 1230 summe
2492 1177 2846 1246 expetendam
2882 1199 2895 1234 :
2941 1178 3386 1248 Venite,benedicti

1803 1264 1977 1321 Patris
2004 1269 2119 1332 mei,
2149 1268 2401 1337 possidete
2422 1280 2654 1339 paratum
2680 1272 2817 1325 vobis
2838 1288 3051 1344 regnum
3076 1291 3108 1326 a
3140 1276 3386 1330 constitu-

1802 1360 1936 1413 tione
1961 1360 2140 1414 mundi
2182 1359 2341 1432 (Ibid.
2374 1379 2420 1413 υ.
2453 1362 2567 1431 54).
2600 1363 2689 1418 Sic
2717 1365 2859 1419 enim
2890 1365 3099 1421 beatam
3128 1366 3387 1424 ducemus

1802 1452 1991 1516 vitam,
2022 1461 2076 1506 ct
2110 1454 2358 1508 omnibus
2398 1465 2642 1509 trucmur
2669 1456 2845 1523 bonis,
2878 1473 2998 1528 qua:
3023 1469 3256 1514 mentem
3286 1459 3389 1515 hu-

1802 1558 2014 1597 manam
2035 1554 2389 1613 exsuperant:
2413 1560 2531 1615 quae
2546 1560 2646 1601 nos
2658 1561 2845 1604 omnes
2859 1550 3073 1621 assequi
3088 1552 3384 1624 contingat,

1802 1637 1970 1707 gratia
1997 1646 2053 1692 et
2073 1637 2416 1711 benignitate,
2440 1648 2545 1696 etc.

1400 1888 1752 1953 HOMILIA
1795 1887 2046 1950 XXXI.

113 2039 237 2094 Cn.
260 2036 340 2093 Ε.
376 2054 431 2092 v.
454 2040 547 2094 Ἡ.
579 2036 701 2093 Non
731 2047 891 2109 potest
914 2048 1083 2093 autem
1110 2039 1287 2094 oculus
1316 2039 1482 2094 dicere
1498 2034 1692 2099 manui,

178 2128 343 2200 Opera
380 2140 471 2183 tua
514 2146 615 2183 non
657 2129 904 2199 indigeo;
944 2139 1031 2183 aut
1056 2130 1240 2183 iterum
1268 2139 1422 2201 caput
1455 2128 1685 2200 pedibus,

176 2219 293 2273 Non
322 2220 443 2274 estis
473 2221 597 2274 mihi
629 2221 917 2276 necessarii.

177 2313 223 2365 Ι.
261 2311 554 2381 Postquam
592 2313 856 2367 minorum
892 2312 1143 2367 invidiam
1177 2320 1531 2383 represserat,
1566 2310 1689 2366 illo-

123 2422 328 2477 rumque
356 2421 649 2461 maerorem
681 2405 1011 2473 abstulerat,
1038 2422 1196 2477 quem
1231 2407 1544 2477 concepisse
1569 2405 1690 2461 illos

116 2498 391 2554 verisimile
419 2509 537 2554 erat
564 2515 630 2555 ex
670 2515 766 2565 eo,
810 2499 950 2570 quod
978 2500 1066 2554 alii
1098 2499 1391 2568 majoribus
1424 2498 1579 2554 donis
1604 2498 1689 2553 di-

115 2589 246 2657 gnati
293 2590 520 2645 fuissent
553 2634 567 2656 ,
598 2590 786 2645 horum
818 2590 1015 2646 fastum
1043 2592 1331 2661 deprimit,
1359 2593 1449 2662 qui
1481 2590 1687 2661 majora

112 2681 236 2736 dona
263 2692 607 2752 acceperant.
635 2683 879 2753 Cumque
909 2682 1012 2740 hoc
1045 2682 1293 2749 fecisset,
1327 2683 1541 2753 quando
1566 2697 1687 2738 cum

112 2774 203 2828 illis
226 2774 531 2830 disserebat
557 2774 578 2845 (
600 2773 780 2831 dicere
808 2776 971 2841 enim,
1017 2776 1147 2831 illud
1178 2792 1298 2832 esse
1339 2776 1537 2831 donum
1564 2790 1688 2845 gra-

112 2867 314 2933 tuitum,
334 2876 390 2921 et
414 2882 523 2921 non
546 2867 743 2922 bonum
771 2884 929 2937 opus,
956 2868 1056 2922 hoc
1081 2878 1268 2937 aperte
1296 2867 1686 2939 significabat):

112 2974 241 3013 nunc
262 2969 447 3013 autem
474 2958 703 3029 idipsum
729 2958 1101 3014 vehementius
1125 2960 1267 3026 facit,
1290 2960 1340 3013 in
1368 2960 1556 3014 eadem
1583 2975 1691 3013 ma-

113 3065 230 3103 nens
254 3050 516 3122 imagine:
538 3066 569 3106 a
594 3065 820 3121 corpore
846 3053 990 3106 enim
1017 3053 1157 3109 etab
1186 3052 1429 3123 ejusdem
1462 3053 1686 3120 unitate,

111 3141 166 3194 ad
189 3142 358 3212 ipsam
386 3142 752 3217 membrorum
769 3144 1225 3214 comparationem
1257 3144 1525 3216 procedit:
1544 3145 1689 3217 quod

113 3231 201 3299 ipsi
242 3234 477 3294 maxime
518 3235 724 3290 discere
753 3236 1009 3305 optabant
1036 3254 1050 3304 ;
1083 3237 1204 3309 quia
1233 3238 1301 3293 ad
1347 3238 1467 3293 illos
1495 3253 1690 3294 conso-

111 3323 288 3382 landos
304 3343 410 3382 non
430 3336 612 3397 aptum
634 3336 749 3383 erat
768 3328 917 3394 illud,
932 3328 1072 3400 quod
1090 3345 1281 3386 omnes
1302 3347 1464 3386 unum
1491 3346 1690 3401 corpus

110 3428 318 3485 essent;
347 3434 509 3490 quam
533 3435 653 3475 cum
680 3419 975 3488 discerent,
999 3436 1060 3478 se
1082 3423 1133 3477 in
1175 3423 1240 3478 iis
1267 3439 1388 3495 quae
1424 3421 1692 3480 habebant

109 3526 206 3566 non
248 3512 542 3568 admodum
596 3514 881 3570 inferiores
918 3529 1059 3571 esse.
1108 3515 1177 3570 Et
1219 3516 1334 3571 ait:
1366 3514 1489 3571 Non
1529 3527 1690 3588 potest

110 3618 268 3659 autem
308 3606 490 3661 oculus
531 3607 699 3663 dicere
735 3609 932 3675 manui,
979 3607 1147 3681 Opera
1186 3620 1275 3663 tua
1316 3625 1417 3664 non
1445 3610 1689 3681 indigeo;

107 3710 187 3750 ant
228 3701 415 3754 iterum
452 3711 608 3770 caput
649 3700 878 3772 pedibus,
915 3699 1040 3753 Non
1078 3701 1198 3756 estis
1245 3701 1370 3755 mihi
1396 3703 1687 3757 necessarii.

106 3788 231 3845 Nam
260 3792 362 3845 etsi
395 3792 595 3846 donum
623 3793 693 3847 sit
723 3792 898 3846 minus
925 3832 937 3856 ,
985 3802 1041 3846 at
1079 3794 1442 3848 necessarium
1481 3801 1604 3848 est:
1636 3802 1692 3848 et

104 3884 236 3937 sicut
265 3885 472 3954 absque
500 3885 591 3939 illo
617 3886 784 3940 multa
812 3894 938 3940 sunt
969 3885 1347 3955 impedimenta
1373 3926 1389 3951 ,
1420 3885 1493 3939 ita
1528 3886 1690 3941 etiam

103 3975 214 4029 sine
245 3974 351 4029 hoc
384 3974 655 4045 plenitudo
682 3975 937 4031 Ecclesia:
966 3976 1254 4031 claudicat.
1300 3975 1485 4046 Neque
1514 3975 1685 4045 dixit,

105 4064 210 4120 Non
242 4066 412 4131 dicet,
438 4067 553 4131 sed,
583 4065 705 4121 Non
734 4078 898 4139 potest
918 4068 1119 4133 dicere;
1152 4068 1223 4123 ita
1249 4079 1327 4134 ut,
1360 4068 1570 4125 etiamsi
1601 4086 1692 4124 vo—

102 4158 276 4226 luerit,
320 4158 531 4216 etiamsi
562 4159 778 4226 dixerit,
834 4176 941 4215 non
984 4161 1176 4226 valeat,
1219 4176 1395 4232 neque
1434 4176 1523 4217 res
1570 4176 1688 4216 eam

96 4251 291 4308 habeat
333 4266 600 4308 naturam.
634 4252 760 4309 Ideo
783 4254 892 4310 duo
928 4263 1165 4310 extrema
1195 4269 1499 4321 assumens,
1542 4256 1594 4311 in
1627 4255 1691 4313 iis

91 4357 406 4402 sermonem
427 4355 644 4401 exercet
672 4364 686 4401 :
717 4347 891 4417 primo
916 4344 1132 4417 quidem
1154 4345 1223 4402 de
1245 4362 1407 4401 manu
1432 4356 1487 4402 et
1510 4347 1687 4415 oculo,

92 4437 338 4493 secundo
367 4447 547 4494 autem
588 4437 655 4494 de
683 4439 858 4509 capite
884 4447 940 4494 et
966 4437 1101 4509 pede
1120 4480 1136 4505 ,
1164 4440 1468 4509 exemplum
1493 4442 1688 4511 ampli-

93 4533 291 4584 ficatis.
322 4531 461 4598 Quid
494 4531 637 4587 enim
669 4531 807 4602 pede
838 4531 1044 4587 vilius?
1070 4542 1163 4587 aut
1186 4533 1314 4603 quid
1344 4534 1520 4604 capite
1556 4551 1691 4604 pra:-

95 4623 335 4679 etantius
372 4637 426 4681 et
465 4627 634 4697 magis
678 4626 1086 4683 necessarium?
1126 4625 1230 4681 hoc
1272 4628 1418 4681 enim
1460 4630 1691 4684 maxime

98 4714 267 4771 homo
290 4726 375 4774 est
397 4760 412 4786 ,
451 4734 644 4791 nempe
671 4728 856 4790 caput.
902 4721 1151 4775 Attamen
1180 4735 1283 4774 non
1312 4730 1395 4775 est
1418 4720 1517 4776 sibi
1544 4721 1693 4775 sulti-

91 4810 243 4863 ciens
264 4852 281 4875 ,
310 4826 486 4882 neque
510 4813 686 4866 omnia
723 4812 980 4882 perficere
1010 4814 1201 4883 pOSsit.
1224 4811 1356 4867 Nam
1401 4815 1445 4868 si
1475 4813 1577 4870 hoc
1604 4829 1691 4871 cs-

99 4914 198 4968 sct,
230 4919 631 4975 supervacanea
670 4906 825 4961 nobis
856 4905 1019 4976 pedes
1047 4905 1242 4976 adjecti
1277 4914 1478 4962 essent.
1507 4907 1690 4978 Neque

102 5004 272 5051 tamen
309 4996 398 5052 hic
423 4998 679 5064 substitit,
713 4997 807 5054 sed
842 5009 897 5054 et
922 4999 1078 5052 aliam
1109 4999 1302 5069 quaerit
1330 4997 1683 5071 hyperbolen,

102 5086 154 5142 id
180 5090 322 5160 quod
355 5104 569 5160 semper
598 5090 743 5159 facit,
766 5106 1066 5161 nouusque
1088 5090 1154 5146 ad
1183 5091 1541 5161 atqualitatem
1568 5108 1691 5148 con-

106 5184 366 5250 tendens,
413 5184 507 5239 sed
550 5185 713 5240 etiam
761 5184 986 5240 ulterius
1033 5184 1401 5255 progrediens.
1455 5183 1689 5257 Ideoque

107 5276 371 5348 subjungit
397 5275 581 5333 dicens
609 5294 625 5332 :
668 5275 761 5330 22.
791 5276 898 5332 Sed
922 5276 1080 5331 multo
1118 5278 1280 5348 magis
1314 5292 1429 5348 qua:
1456 5277 1690 5332 uidentur

108 5371 326 5424 membra
356 5369 585 5439 corporis
604 5369 849 5441 inferiora
879 5385 1003 5436 esse,
1036 5368 1383 5423 necessariam
1406 5379 1526 5422 sunt
1548 5385 1567 5422 :
1593 5359 1687 5425 23.

107 5471 147 5513 et
180 5477 295 5532 qua:
321 5470 556 5532 putamus
585 5459 892 5533 ignobiliora
928 5476 1035 5516 esse
1073 5460 1296 5514 membra
1334 5461 1597 5531 corporis,
1625 5461 1689 5515 iis

108 5553 341 5608 honorem
369 5553 794 5607 abundantiorem
817 5552 1194 5606 circumdamus
1217 5567 1237 5606 :
1266 5562 1312 5605 et
1340 5567 1453 5622 qua:
1471 5551 1688 5605 inhoneo

107 5648 254 5701 stiora
280 5656 400 5703 sunt
442 5655 646 5713 nostra,
675 5645 1096 5699 abundantiorem
1129 5644 1437 5699 honestatem
1464 5642 1688 5709 habent;

110 5738 293 5811 ubique
321 5739 687 5793 accessionem
717 5736 957 5807 corporis
999 5748 1239 5807 ponens,
1272 5744 1327 5790 et
1352 5733 1453 5789 hac
1481 5733 1689 5789 ratione

115 5816 247 5887 illuni
277 5842 501 5900 quoque
532 5830 819 5884 consolans
862 5839 916 5884 et
954 5828 1094 5883 llllllc
1133 5826 1517 5898 comprimens.
1566 5820 1687 5880 Non

1802 2033 1944 2087 enim
1973 2032 2080 2089 hoc
2106 2033 2246 2100 dico,
2281 2023 2492 2107 inquit,
2524 2038 2667 2107 quod
2698 2039 2900 2109 majora
2929 2041 3228 2097 minoribus
3255 2056 3391 2113 cpns

1797 2124 2064 2194 habeant,
2109 2126 2204 2183 sed
2235 2128 2394 2183 etiam
2433 2131 2574 2200 quod
2605 2133 2828 2187 multum
2858 2148 2993 2204 opus
3032 2134 3284 2191 habeant.
3332 2136 3389 2191 Si

1795 2218 1922 2288 quid
1952 2219 2094 2273 enim
2125 2220 2394 2275 infirmum
2419 2222 2475 2276 in
2496 2223 2651 2278 nobis
2673 2232 2775 2289 est,
2804 2225 2846 2279 si
2868 2225 2994 2295 quid
3024 2227 3386 2294 inhonestum,

1796 2309 1899 2366 hoc
1922 2321 1978 2367 et
2001 2314 2365 2367 necessarium
2396 2322 2501 2379 est,
2531 2323 2585 2369 et
2613 2315 2798 2385 majori
2832 2316 3027 2371 fruitur
3058 2318 3281 2373 honore.
3312 2322 3391 2375 Ac

1793 2413 1941 2458 recte
1966 2402 2140 2469 dixit,
2176 2403 2303 2469 Qute
2342 2404 2594 2471 videntur,
2627 2414 2713 2470 et,
2747 2406 2875 2473 Quae
2900 2417 3177 2477 putamus;
3206 2419 3390 2463 osten-

1794 2492 1929 2549 dens
1960 2510 2063 2549 non
2094 2510 2156 2549 ex
2190 2502 2378 2549 natura
2410 2511 2611 2563 rerum,
2645 2495 2739 2551 sed
2767 2512 2831 2551 ex
2863 2497 3153 2559 multorum
3181 2498 3391 2553 calculo

1795 2588 2116 2643 sententiam
2145 2588 2286 2642 ferri.
2317 2587 2456 2642 Nihil
2482 2590 2532 2641 in
2559 2588 2712 2643 nobis
2735 2589 2968 2659 ignobile
2995 2608 3007 2642 :
3043 2591 3137 2646 Dei
3160 2606 3392 2661 namque

1795 2694 1931 2748 opus
1958 2688 2061 2734 est.
2094 2679 2229 2746 Quid
2262 2680 2404 2733 enim
2433 2680 2672 2748 partibus
2700 2681 3022 2749 genitalibus
3048 2682 3100 2736 in
3131 2682 3284 2738 nobis
3313 2684 3393 2738 vi-

1794 2770 1952 2826 detur
1980 2771 2318 2827 inhonestius
2339 2772 2500 2827 esse?
2524 2774 2774 2828 Attamen
2800 2774 3058 2844 majorem
3087 2790 3390 2847 assequun-

1795 2872 1881 2919 tur
1902 2864 2160 2919 honorem
2191 2883 2206 2921 :
2236 2874 2290 2920 et
2310 2865 2399 2935 qui
2422 2864 2708 2919 admodum
2734 2881 2994 2936 pauperes
3014 2879 3159 2934 sunt,
3178 2870 3391 2924 etiamsi

1793 2956 2056 3026 reliquum
2072 2972 2269 3026 corpus
2290 2956 2489 3011 nudum
2515 2956 2768 3017 habeant.
2803 2973 3090 3028 numquam
3121 2960 3391 3028 patiantur

1794 3048 1958 3104 hasce
1988 3061 2167 3120 partes
2195 3049 2367 3105 nudas
2391 3050 2696 3105 ostendere.
2724 3052 2884 3121 Atqui
2910 3067 3013 3106 non
3045 3063 3127 3107 est
3150 3053 3236 3108 hic
3256 3053 3391 3108 ordo

1795 3142 2204 3197 iuhonestorum
2232 3184 2248 3210 ,
2299 3141 2395 3199 sed
2442 3143 2609 3214 magis
2649 3153 2921 3213 oporteret
2967 3144 3198 3218 despici,
3231 3162 3390 3218 quam

1794 3234 1920 3290 alia.
1958 3235 2166 3290 Etenim
2197 3235 2343 3289 domi
2376 3250 2564 3290 servus
2590 3237 2677 3306 qui
2711 3246 2794 3293 est
2822 3237 3110 3308 ignominia
3142 3238 3388 3308 affectus,

1795 3343 1903 3384 non
1934 3326 2097 3383 modo
2128 3342 2235 3382 non
2265 3327 2459 3382 fruitur
2488 3327 2677 3398 majori
2704 3344 2833 3384 cura
2854 3371 2869 3394 ,
2903 3329 2997 3383 sed
3029 3345 3127 3385 nec
3156 3330 3345 3386 iisdem
3371 3372 3389 3400 ,

1794 3421 1949 3493 queis
1974 3421 2083 3486 alii,
2115 3420 2309 3491 dignus
2329 3431 2599 3477 censetur.
2630 3422 2813 3492 Itaque
2841 3423 2885 3477 si
2917 3422 3020 3477 hoc
3049 3423 3391 3479 inhonestum

1795 3521 1973 3579 esset,
2006 3527 2113 3567 non
2145 3512 2305 3567 modo
2333 3512 2627 3582 majoribus
2672 3511 2773 3567 frui
2822 3528 2927 3568 non
2956 3523 3263 3583 Oporteret,
3292 3515 3390 3572 sed

1795 3619 1972 3676 neque
2001 3603 2190 3660 iisdem
2223 3621 2238 3658 :
2273 3620 2415 3659 nunc
2441 3613 2621 3659 autem
2648 3604 2838 3674 majori
2869 3606 3114 3660 fruuntur
3143 3606 3347 3663 honore
3374 3651 3389 3676 ,

1795 3707 1850 3752 et
1893 3698 1994 3751 hoc
2022 3695 2115 3751 Dei
2144 3695 2423 3765 sapientia:
2464 3710 2601 3765 opus
2628 3705 2732 3751 est.
2778 3695 2910 3751 Nam
2943 3695 3047 3751 illis
3075 3697 3289 3767 quidem
3335 3699 3390 3754 in

1796 3798 1986 3842 natura
2010 3786 2158 3842 dedit
2186 3795 2245 3841 ut
2274 3801 2377 3841 non
2404 3794 2657 3857 egerent;
2692 3785 2776 3841 his
2803 3798 2981 3842 autem
3010 3829 3025 3853 ,
3056 3789 3306 3858 quoniam
3336 3789 3389 3845 in

1796 3885 1985 3933 natura
2019 3894 2122 3932 non
2163 3878 2344 3945 dedit,
2393 3888 2453 3932 ut
2499 3892 2599 3933 nos
2650 3878 3014 3949 praeberemus
3057 3880 3249 3949 coegit.
3282 3880 3388 3935 Sed

1795 3986 1903 4026 non
1932 3979 2214 4041 propterea
2244 3970 2527 4024 inhonesta
2551 3979 2678 4024 sunt
2704 3988 2715 4021 :
2746 3969 3177 4041 quandoquidem
3199 3981 3255 4026 et
3275 3972 3390 4026 ani-

1795 4062 1957 4116 malia
1979 4076 2046 4116 ex
2078 4069 2270 4115 natura
2296 4076 2391 4116 sua
2418 4061 2560 4115 nulla
2587 4076 2646 4116 re
2667 4070 2843 4131 egent,
2868 4077 2977 4115 non
3000 4062 3254 4131 restibus,
3278 4080 3384 4119 non

1794 4153 2027 4222 calceis,
2076 4168 2176 4210 nec
2222 4162 2398 4221 tecto,
2448 4153 2673 4225 plurima
2708 4154 2936 4220 saltem;
2983 4155 3075 4210 sed
3107 4172 3212 4211 non
3265 4157 3387 4213 ideo

1794 4259 1991 4316 corpus
2020 4256 2262 4302 nostrum
2293 4257 2376 4303 cst
2400 4247 2610 4302 illorum
2636 4261 2862 4317 corpore
2901 4246 3225 4317 ignobilius,
3261 4252 3389 4321 quia

1796 4337 1880 4393 his
1908 4339 2157 4395 omnibus
2192 4338 2411 4411 indiget.
2443 4338 2577 4395 Nam
2605 4340 2649 4393 si
2682 4339 2800 4409 quis
2835 4349 3082 4395 accurate
3110 4343 3388 4395 examina-

1795 4432 1955 4497 verit,
1987 4434 2101 4504 ipsa
2129 4434 2290 4489 etiam
2320 4442 2510 4488 natura
2536 4442 2663 4487 sunt
2706 4432 2926 4487 honesta
2955 4442 3009 4488 et
3040 4435 3338 4487 necessaria
3371 4452 3386 4491 :

1795 4528 1937 4599 quod
1966 4528 2127 4583 etiam
2160 4528 2273 4597 ipse
2296 4526 2675 4592 subindicavit,
2709 4541 2813 4579 non
2842 4540 2869 4578 a
2899 4541 3025 4579 cura
3055 4535 3258 4589 nostra,
3288 4542 3388 4582 nec

1794 4620 1937 4690 quod
1977 4619 2166 4690 majori
2207 4619 2453 4674 fruantur
2481 4617 2726 4684 honore;
2759 4617 2852 4673 sed
2883 4632 2950 4673 ex
2990 4626 3176 4672 natura
3204 4634 3385 4674 rerum

1796 4713 1928 4785 ipsis
1956 4712 2220 4769 calculum
2253 4710 2458 4767 ferens.
2492 4710 2721 4775 Idcirco,
2766 4725 2886 4765 eum
2916 4710 3124 4764 infirma
3163 4711 3293 4766 dicit
3335 4721 3387 4768 et

1794 4806 2102 4872 inhonesta,
2139 4806 2265 4873 Quae
2308 4805 2558 4870 videntur,
2592 4803 2805 4873 adjicit;
2838 4818 2959 4858 cum
2989 4812 3166 4858 autem
3198 4819 3387 4859 ncces-

1794 4902 1935 4957 saria
1962 4900 2111 4967 dicit,
2146 4913 2255 4954 non
2287 4899 2422 4954 ultra
2451 4897 2656 4968 adjicit,
2684 4896 2815 4965 Quae
2840 4896 3121 4961 videntur;
3151 4896 3245 4951 sed
3274 4896 3389 4967 ipso

1794 4996 2116 5053 sententiam
2158 4992 2259 5049 fert
2290 4993 2475 5049 dicens
2500 5005 2623 5047 esse
2664 4989 3006 5055 necessaria;
3039 4988 3235 5059 etjure
3273 4990 3390 5060 qui-

1795 5092 1941 5146 dem.
1972 5087 2105 5142 Nam
2132 5085 2197 5141 ad
2226 5085 2517 5141 liberorum
2549 5082 2978 5153 procreationem
3004 5088 3060 5136 et
3079 5079 3146 5135 ad
3174 5095 3391 5135 sucees-
3486 5072 3493 5075 Α

1792 5182 2000 5238 sionem
2038 5177 2249 5249 generis
2280 5176 2447 5230 nostri
2485 5174 2634 5229 utilia
2665 5181 2808 5228 sunt.
2840 5170 3199 5239 Quamobrem
3226 5180 3279 5225 et
3309 5171 3387 5226 le-

1794 5272 2078 5344 gislatores
2107 5269 2472 5324 Romanorum
2506 5280 2632 5331 eos,
2663 5266 2753 5334 qui
2797 5262 2916 5319 haec
2958 5261 3198 5318 membra
3242 5262 3387 5318 exci-

1792 5363 1927 5419 dunt
1952 5372 2008 5418 et
2034 5360 2312 5416 eunuchos
2340 5357 2559 5425 faciunt,
2589 5357 2854 5427 puniunt,
2883 5361 2945 5409 ut.
2973 5354 3064 5425 qui
3102 5368 3387 5410 commune

1793 5468 1964 5527 genus
1993 5452 2293 5524 perimant,
2336 5450 2546 5521 ipsique
2591 5456 2795 5502 naturae
2833 5445 3090 5501 damnum
3130 5444 3383 5499 inferant.

1793 5544 1897 5601 Sed
1921 5551 2141 5615 pereant
2160 5540 2436 5613 impudici,
2451 5539 2543 5611 qui
2566 5538 2659 5595 Dei
2677 5551 2840 5609 opera
2866 5538 2919 5591 in
2936 5536 3147 5607 culpam
3164 5544 3382 5590 vocant.

1797 5636 1946 5693 Sicut
1971 5634 2114 5690 enim
2143 5633 2268 5688 vino
2293 5632 2443 5687 multi
2484 5630 2555 5686 ob
2601 5628 2925 5684 temulentos
2964 5625 3377 5691 maledixerunt,

1795 5729 1873 5784 sic
1898 5735 1954 5783 et
1970 5726 2123 5783 sexui
2145 5726 2430 5781 mulierum
2469 5724 2539 5779 ob
2578 5721 2840 5777 adulteria
2866 5738 2879 5776 :
2906 5719 2983 5774 sic
3002 5714 3119 5769 haec
3145 5714 3383 5771 membra

1794 5819 1967 5892 turpia
1994 5833 2116 5877 esse
2156 5827 2446 5891 putarunt,
2493 5814 2564 5874 ob
2593 5814 2793 5870 malum
2819 5810 3173 5887 quorumdam
3203 5821 3381 5864 usum.
