3962 6432
621 403 726 457 ἳ59

623 519 729 572 Sed
776 534 881 572 non
921 515 1159 586 oportuit
1187 530 1200 566 :
1234 529 1338 565 non
1383 510 1528 565 enim
1560 519 1762 562 natura:
1790 507 1868 561 rei
1899 506 2215 560 attribututn

624 621 708 665 est
741 621 1016 679 peccatum
1047 649 1060 672 ,
1106 605 1200 660 sed
1234 603 1490 656 voluntati
1519 602 1636 670 ejus
1668 602 1755 669 qui
1796 599 1899 653 hoc
1927 599 2103 653 scelus
2129 613 2222 668 ag-

624 702 774 770 gredi
800 701 980 754 audet.
1013 697 1240 765 Quidam
1267 705 1444 749 autem
1472 709 1533 748 ea
1564 710 1682 763 qum
1711 702 1838 746 sunt
1863 692 2070 744 infirma
2099 731 2113 752 ,
2148 689 2221 741 in-

626 793 847 846 honesta
870 832 882 852 .
911 801 962 844 et
991 788 1322 852 necessaria,
1355 795 1409 840 et
1437 785 1625 853 majori
1655 783 1902 838 fruuntur
1929 781 2157 841 honore,
2187 793 2216 830 a

625 884 788 938 Paulo
819 883 884 936 de
910 881 1080 936 oculis
1120 880 1429 934 existimant
1458 879 1596 931 dicta
1627 878 1788 930 fuisse
1809 916 1822 939 ,
1855 875 1946 944 qui
1976 874 2025 926 vi
2054 873 2217 925 mino-

625 990 747 1036 res,
785 988 879 1025 ttsu
910 981 1088 1026 autem
1131 970 1340 1024 cazteris
1386 977 1679 1039 pratstant;
1726 963 2090 1020 iuboncstiora
2130 978 2216 1015 au-

629 1073 733 1116 tem
768 1063 932 1132 pedes
965 1081 976 1116 :
1021 1078 1142 1116 nam
1170 1077 1358 1116 eorum
1385 1076 1596 1131 quoque
1623 1058 1788 1113 multa
1814 1057 2016 1127 geritur
2047 1053 2216 1124 provi-

622 1153 824 1207 dentia.

698 1244 753 1298 2.
775 1244 997 1310 Deinde,
1023 1259 1089 1298 ne
1113 1244 1274 1298 aliam
1297 1258 1483 1298 rursus
1500 1240 1849 1312 hyperbolem
1873 1239 2089 1303 faceret,
2108 1238 2207 1290 ait:

621 1337 714 1393 ει.
754 1338 979 1394 Honesta
1009 1349 1174 1393 autem
1204 1348 1378 1394 nostra
1407 1337 1595 1390 nullius
1623 1343 1782 1405 egent.
1821 1335 1897 1388 Ne
1917 1333 2037 1402 quis
2067 1332 2209 1386 enim

631 1435 838 1486 diceret
864 1450 874 1484 :
913 1431 1093 1500 Ecqua
1126 1431 1242 1486 hmc
1268 1430 1452 1485 ratio?
1505 1429 1725 1483 honesta
1757 1427 2035 1495 despicere
2051 1433 2105 1478 et
2126 1425 2210 1476 in-

631 1525 1034 1578 bonestioribus
1062 1523 1352 1592 advigilare
1374 1521 1396 1574 ?
1418 1519 1530 1575 Non
1563 1519 1922 1588 despicientes
1945 1515 2046 1569 hoc
2073 1514 2206 1568 faci-

632 1632 771 1678 mus,
821 1616 1011 1686 inquit,
1064 1614 1158 1670 sed
1187 1615 1308 1683 quia
1335 1613 1450 1667 haec
1475 1628 1603 1667 cura
1649 1627 1754 1665 non
1785 1620 1961 1679 egent.
1995 1607 2060 1661 Et
2092 1605 2214 1661 vide

623 1719 877 1780 quantum
907 1709 1207 1762 encomium
1238 1707 1417 1776 paucis
1434 1705 1662 1761 efferens
1685 1701 2084 1765 transcurrerit,
2108 1700 2210 1753 hoc

629 1810 935 1870 Opportune
962 1809 1015 1854 et
1049 1799 1252 1854 utiliter
1279 1798 1500 1852 faciens.
1560 1795 1744 1866 Neque
1774 1795 1876 1848 hoc
1901 1801 2204 1858 contentus,

621 1907 836 1948 causam
865 1892 1027 1946 etiam
1051 1890 1237 1960 adjicit
1261 1891 1480 1945 dicens:
1503 1887 1610 1944 Sed
1640 1889 1771 1941 Deus
1797 1890 2086 1957 temperavit
2105 1902 2210 1939 cor-

627 2001 742 2052 pus,
773 1984 817 2036 ei
841 1984 925 2037 cui
953 1983 1123 2036 deerat
1149 1982 1571 2035 abundantiorem
1623 1979 1890 2034 tribuendo
1919 1981 2162 2034 honorem
2193 2023 2208 2044 ,

621 2074 710 2128 25.
734 2083 901 2128 utnon
927 2075 990 2126 sit
1013 2074 1233 2128 schisma
1254 2074 1305 2126 in
1332 2089 1562 2141 corpore.
1588 2071 1643 2126 Si
1663 2083 1839 2125 autem
1863 2074 2204 2142 temperavit,

619 2185 724 2222 nun
766 2169 892 2224 sivit
932 2183 1190 2238 apparere
1217 2168 1268 2222 id
1299 2166 1442 2237 quod
1463 2175 1578 2221 erat
1606 2165 1961 2221 inhonestius.
1994 2165 2203 2220 Etenim

617 2261 758 2331 quod
783 2270 1226 2330 contemperatur
1277 2263 1392 2314 sive
1444 2260 1721 2323 miscetur,
1779 2259 1842 2311 fit
1868 2274 2055 2323 unum,
2106 2272 2204 2312 nec

618 2361 842 2423 apparet
867 2352 998 2422 quid
1025 2363 1181 2406 antea
1235 2360 1417 2406 esset:
1451 2367 1574 2405 nam
1603 2366 1671 2406 ne
1699 2349 1916 2420 quidem
1962 2359 2206 2404 contem-

616 2452 858 2512 peratum
889 2442 1054 2498 fuisse
1083 2443 1401 2498 dixerimus.
1445 2442 1514 2497 Et
1541 2443 1664 2498 vide
1703 2458 1861 2513 quam
1892 2442 2204 2512 frequenter

614 2537 853 2592 defectus
885 2547 1258 2606 prmtercurrat
1279 2537 1482 2603 dicens,
1514 2537 1576 2592 Ei
1599 2539 1680 2591 cui
1700 2539 1890 2593 deerat.
1915 2539 2029 2594 Non
2045 2539 2200 2605 dixit,

614 2629 904 2684 lnbonesto
925 2630 1008 2685 vel
1041 2631 1202 2701 turpi,
1237 2631 1355 2697 sed,
1391 2630 1453 2684 Ei
1496 2631 1579 2684 cui
1600 2631 1792 2684 deerat.
1825 2631 1924 2686 Cui
1968 2632 2153 2687 deerat
2184 2648 2200 2698 ;

611 2723 925 2792 quomodo?
986 2723 1298 2779 Secundum
1345 2735 1611 2779 naturam.
1657 2724 1723 2778 Ei
1769 2726 2016 2796 majorem
2071 2727 2202 2780 dans

611 2813 874 2867 honorem.
908 2814 976 2868 Et
1011 2815 1224 2884 quare?
1252 2814 1322 2870 Ut
1362 2831 1468 2870 non
1493 2825 1641 2872 esset
1666 2817 1902 2872 schisma
1927 2819 1979 2872 in
2007 2832 2202 2886 corpo-

611 2919 692 2959 re.
719 2905 852 2972 Quia
883 2906 1026 2960 enim
1051 2907 1314 2961 immensa
1344 2909 1722 2965 consolatione
1753 2909 2013 2974 fruentes,
2049 2910 2199 2964 dole-

612 2997 742 3050 bant
772 3007 974 3062 tamen,
1007 3006 1065 3051 ut
1093 2999 1183 3067 qui
1214 2999 1420 3053 minora
1445 3001 1804 3070 accepissent,
1834 3002 2074 3056 ostendit
2104 3016 2200 3056 eos

612 3089 781 3160 magis
829 3087 995 3144 fuisse
1027 3089 1324 3144 honoratos
1350 3108 1362 3143 :
1397 3089 1464 3144 Ei
1479 3092 1561 3145 cui
1591 3091 1781 3156 deerat,
1813 3093 2004 3163 inquit,
2036 3092 2201 3146 abun-

612 3178 896 3233 dantiorem
917 3181 1184 3235 tribuendo
1215 3182 1476 3237 honorem.
1513 3183 1718 3238 Deinde
1736 3195 1913 3240 autem
1938 3186 2199 3240 rationem

613 3273 908 3343 subjungit,
936 3273 1228 3329 ostendens
1259 3275 1400 3345 quod
1428 3288 1728 3346 opportune
1754 3277 2038 3344 effecisset,
2064 3288 2123 3334 ut
2145 3285 2201 3336 et

613 3368 686 3422 illi
718 3367 951 3435 deesset,
985 3378 1039 3423 et
1063 3369 1232 3439 magis
1254 3384 1377 3424 eum
1407 3369 1720 3428 houoraret.
1746 3372 1878 3439 Quae
1900 3373 1988 3427 illa
2020 3372 2200 3428 ratio?

611 3459 697 3514 Ne
715 3464 798 3523 sit,
828 3461 1021 3530 inquit,
1050 3460 1272 3515 schisnta
1291 3462 1343 3515 in
1361 3479 1592 3532 corpore.
1623 3463 1731 3519 Nec
1755 3464 1910 3532 dixit,
1944 3464 2000 3519 In
2030 3480 2201 3520 mem-

614 3551 876 3616 liris,sed,
902 3551 967 3606 In
989 3568 1217 3622 corpore.
1252 3553 1463 3609 Etenim
1493 3555 1657 3610 multa
1687 3554 1864 3610 futura
1887 3565 2003 3612 erat
2026 3573 2194 3613 exsu-

611 3644 876 3715 perantia,
909 3645 954 3700 si
976 3645 1081 3700 alia
1107 3645 1324 3716 quidem
1357 3655 1412 3702 et
1435 3663 1505 3703 ex
1521 3657 1710 3704 natura
1735 3659 1790 3705 et
1808 3659 1990 3705 nostra
2019 3652 2200 3722 provi-

611 3737 790 3793 dentia
819 3748 1158 3808 curarentur,
1182 3740 1285 3796 alia
1317 3750 1494 3796 autem
1517 3751 1764 3798 neutrum
1789 3741 2083 3809 haberent;
2102 3744 2200 3800 sed

613 3830 682 3883 ab
708 3831 935 3884 invicem
965 3832 1208 3888 exscissa
1237 3831 1484 3902 fuissent,
1517 3843 1576 3890 ut
1614 3850 1734 3906 quae
1762 3835 1904 3892 ferre
1938 3853 2046 3893 non
2073 3853 2201 3908 pos-

617 3931 736 3976 sent
783 3921 1263 3992 conjunctiouem:
1319 3925 1576 3982 abscissis
1608 3936 1789 3986 autem
1833 3928 1952 3998 his,
2005 3941 2199 3986 caetera

610 4030 824 4083 quoque
850 4013 1105 4071 damnum
1132 4018 1488 4088 accepissent.
1520 4019 1769 4077 Vidistin’
1805 4023 2078 4093 quomodo
2111 4038 2202 4079 os-
2233 4005 2243 4016 ’

611 4105 784 4160 tendit
835 4107 1142 4164 necessario
1175 4111 1435 4180 majorem
1473 4111 1521 4166 ei
1549 4113 1638 4183 qui
1668 4113 1852 4170 deficit
1878 4115 1994 4170 dari
2023 4112 2201 4170 Itono-

613 4197 768 4252 rem?
795 4197 852 4253 Si
879 4201 1024 4254 enim
1075 4200 1178 4256 hoc
1218 4200 1418 4258 factum
1459 4219 1566 4258 non
1621 4204 1848 4274 fuisset,
1897 4207 2200 4263 communis

612 4287 852 4344 omnium
880 4293 1147 4360 pernicies
1171 4294 1378 4362 fuisset,
1404 4296 1598 4368 inquit.
1631 4297 1762 4354 Nam
1791 4301 1836 4354 si
1865 4315 1965 4355 nos
1987 4301 2198 4357 illorum

614 4395 720 4434 non
765 4396 1011 4454 magnam
1045 4386 1402 4455 gessissemus
1431 4404 1615 4444 curam
1641 4431 1656 4455 ,
1689 4402 2009 4446 nocumenta
2041 4407 2196 4449 acce-

615 4472 819 4540 pissent
839 4489 959 4529 cum
986 4490 1015 4529 a
1056 4486 1244 4532 natura
1286 4481 1542 4535 auxilium
1600 4497 1707 4536 non
1735 4482 2018 4551 haberent,
2046 4493 2103 4538 et
2130 4501 2200 4541 ex

616 4566 720 4618 hoc
737 4576 1061 4622 nocumento
1087 4571 1399 4638 periissem;
1423 4574 1465 4626 si
1489 4575 1798 4644 periissem,
1817 4590 2015 4646 corpus
2038 4575 2203 4634 disci-

617 4651 854 4718 disseut;
882 4657 1052 4710 si-isso
1100 4674 1350 4732 corpore,
1381 4674 1572 4720 cretera
1617 4668 1776 4721 etiam
1823 4684 1941 4739 qua:
1967 4680 2090 4724 sunt
2117 4670 2201 4728 his

617 4742 774 4814 longe
796 4745 997 4815 majora
1029 4752 1331 4818 periissent.
1386 4753 1572 4810 Viden’
1597 4755 1787 4811 horum
1818 4773 1961 4815 curae
1986 4760 2199 4818 illorum

614 4855 827 4911 quoque
879 4843 1267 4911 providentiam
1297 4863 1418 4903 esse
1447 4851 1602 4919 conju
1631 4863 1786 4907 ictam
1828 4855 1850 4908 ?
1895 4855 2008 4911 Non
2054 4859 2199 4913 enim

614 4931 684 4986 ita
718 4935 768 4987 in
801 4937 1014 5005 propria
1040 4947 1226 4994 natura
1259 4941 1459 4996 habent
1483 4944 1620 5012 quod
1644 4945 1770 5012 sint,
1801 4957 1859 5002 ut
1891 4949 1941 5003 in
1968 4965 2200 5023 corpore

618 5023 976 5097 habentquod
1007 5029 1110 5083 sint
1147 5046 1331 5085 unum.
1360 5030 1489 5086 Ideo
1512 5034 1554 5086 si
1585 5050 1782 5106 corpus
1833 5039 2044 5108 quidem
2073 5059 2200 5112 per-

623 5126 728 5177 eat.
765 5119 966 5173 nullum
1019 5120 1150 5189 ipsis
1201 5122 1406 5176 lucrum
1448 5139 1513 5178 ex
1548 5125 1877 5197 singulorum
1927 5132 2198 5199 sanitate;

625 5208 719 5264 sed
749 5210 863 5265 sive
885 5211 1072 5266 oculus
1100 5225 1335 5274 maneat,
1367 5214 1479 5268 sive
1504 5233 1684 5285 nasus,
1716 5219 1858 5290 quod
1903 5237 2062 5278 suum
2113 5237 2198 5279 est

613 5315 856 5368 servans,
888 5304 1135 5374 ligamine
1168 5307 1365 5372 soluto,
1394 5309 1538 5362 nulla
1561 5323 1741 5379 postea
1776 5313 1898 5368 hinc
1922 5315 2024 5369 erit
2050 5316 2198 5371 utili-

614 5406 715 5449 tas.
749 5394 901 5461 Quod
916 5396 958 5448 si
985 5395 1085 5450 hoc
1103 5411 1371 5464 manente,
1394 5400 1481 5455 illa
1509 5414 1888 5458 nocumentum
1911 5407 2195 5476 accipiant,

613 5495 667 5540 et
686 5495 966 5554 gestantur
994 5495 1047 5539 et
1067 5487 1132 5540 ad
1165 5490 1447 5544 sanitatem
1468 5492 1576 5546 cito
1607 5492 1854 5548 redeunt.
1901 5495 2006 5550 Sed
2037 5496 2194 5553 dixe-

616 5578 684 5630 rit
712 5575 942 5631 fnrtasse
973 5579 1236 5648 quispiam
1270 5599 1284 5636 ε
1311 5581 1422 5637 lloc
1461 5585 1676 5653 quidem
1701 5586 1752 5640 in
1775 5600 2001 5656 corpore
2031 5589 2194 5643 ratio-

611 5682 736 5724 nem
793 5668 969 5733 liabet,
1024 5671 1166 5740 quod
1193 5671 1244 5726 id
1271 5675 1356 5728 cui
1388 5675 1592 5730 desunt
1638 5681 1882 5748 qua-dam
1937 5680 2199 5750 majorem

612 5759 839 5826 accipiat
869 5760 1126 5816 honorem
1155 5781 1169 5828 ;
1206 5767 1343 5836 apud
1369 5767 1614 5824 homines
1642 5786 1774 5826 vero
1795 5772 2065 5842 quomodc
2097 5773 2199 5830 hoc

615 5854 910 5907 cernatur?
963 5854 1018 5909 In
1069 5856 1372 5914 hominibus
1415 5871 1564 5920 certe
1617 5865 1848 5922 maxime
1874 5865 1928 5921 id
1954 5866 2198 5922 accidrrt‘

1370 397 1423 452 s.
1463 394 1738 450 JOANNIS
1775 391 2248 450 CllltYSOSTOMl
2286 391 2602 449 ARCHIEP.
2643 395 3173 452 consummes.
3742 416 3819 472 9,30

2333 507 2534 562 videas.
2569 509 2776 563 Etenim
2808 509 2839 562 ii
2867 512 2956 580 qui
2993 512 3132 565 circa
3168 513 3483 569 undecimam
3511 519 3672 576 lteram
3694 542 3816 581 vene-

2328 609 2474 665 runt,
2496 601 2650 669 primi
2700 603 3004 656 mercedem
3036 620 3290 673 accepere
3317 623 3330 664 ;
3359 619 3411 662 et
3449 612 3553 663 ovis
3576 628 3732 669 errans
3753 638 3818 686 pa-

2327 702 2456 745 εισι-ι
2479 694 2646 746 suasit
2677 702 2736 746 ut
2767 695 3052 762 nonaginta
3080 710 3270 749 novem
3319 697 3443 752 alias
3471 701 3764 772 relinqueret.
3784 723 3821 764 et

2323 782 2387 834 ad
2421 782 2587 852 ipsam
2636 795 2950 838 accurreret
2973 795 3025 838 et
3057 797 3117 839 ιιι
3156 799 3361 856 τρυε-ης]
3408 803 3711 860 gestaretur,
3747 818 3818 856 mir.

2323 873 2630 943 abigeretnr
2656 893 2669 940 ;
2703 887 2756 930 et
2795 876 2934 932 filius
2967 879 3218 949 prodigus
3249 881 3362 950 plus
3393 883 3594 939 honoris
3625 895 3815 960 accepit,

2321 981 2480 1035 quam
2511 967 2554 1020 is
2586 969 2675 1037 qui
2705 985 2763 1023 se
2793 979 2938 1024 recte
2967 982 3208 1040 gesserat
3239 991 3252 1035 ;
3283 983 3338 1027 et
3369 975 3497 1028 latro
3522 989 3632 1032 ante
3655 995 3819 1049 aposto-

2322 1057 2403 1112 los
2447 1069 2733 1114 coronatus
2759 1071 2813 1114 et
2839 1062 3142 1115 celebratus
3185 1075 3285 1118 est.
3337 1065 3389 1117 lu
3422 1069 3619 1123 talentis
3661 1088 3818 1143 quoque

2319 1147 2550 1220 idipsum
2573 1153 2768 1206 factum
2800 1153 2994 1208 videas.
3035 1153 3166 1208 Nam
3191 1157 3276 1224 qui
3315 1157 3503 1210 talenta
3535 1163 3738 1230 quinque
3759 1181 3818 1216 π-

2318 1255 2553 1313 ceperat,
2573 1253 2626 1298 et
2646 1245 2732 1313 qui
2765 1244 2869 1298 duo
2890 1257 3190 1315 acceperat,
3223 1250 3402 1302 eadem
3435 1254 3660 1307 mercede
3685 1255 3819 1325 digna-

2321 1338 2357 1390 ti
2385 1347 2507 1390 sunt
2530 1353 2543 1401 ;
2573 1349 2624 1392 et
2644 1339 2756 1406 ipse
2777 1340 2922 1408 quod
2945 1338 3050 1392 duo
3074 1342 3371 1408 accepisset
3393 1358 3454 1396 ex
3483 1361 3653 1412 magna
3675 1348 3818 1403 iactum

2318 1440 2403 1485 est
2423 1431 2776 1500 providentia.
2802 1430 2934 1484 Nam
2957 1433 2998 1484 si
3029 1433 3266 1502 quinque
3296 1435 3390 1500 ipsi
3417 1438 3693 1490 concredita
3729 1440 3821 1494 illis-

2319 1534 2457 1589 sent,
2483 1539 2603 1606 epm
2631 1540 2734 1578 non
2756 1535 2938 1594 posset
2967 1525 3053 1578 illa
3097 1541 3312 1595 augere,
3337 1543 3399 1581 ex
3431 1539 3535 1582 toto
3563 1533 3820 1598 excidisset;

2317 1633 2440 1672 cum
2469 1627 2646 1672 autem
2703 1617 2812 1672 duo
2861 1619 3178 1688 accepisset,
3230 1636 3347 1673 cum
3374 1635 3431 1674 ea
3461 1638 3573 1690 qua:
3617 1639 3752 1692 penes
3784 1642 3823 1680 sc

2317 1718 2473 1764 crant
2499 1710 2793 1778 implesset,
2824 1709 3015 1764 eodem
3048 1709 3294 1776 dignatus
3339 1721 3420 1765 est
3445 1715 3648 1780 prmmio
3671 1731 3755 1785 quo
3777 1717 3821 1781 is,

2316 1803 2404 1870 qui
2431 1816 2551 1854 cum
2579 1801 2813 1869 quinque
2840 1809 3089 1868 operatus
3111 1799 3303 1866 fuerat,
3333 1811 3385 1856 et
3410 1819 3472 1856 eo
3503 1805 3636 1857 illum
3657 1823 3824 1874 supera-

2317 1895 2412 1955 vit,
2439 1891 2580 1961 quod
2613 1907 2642 1945 a
2662 1890 2954 1945 minoribus
2985 1891 3256 1947 laboribus
3287 1893 3496 1948 easdem
3527 1910 3824 1966 consequutus

2314 1985 2383 2040 sit
2411 1999 2658 2040 coronas.
2687 1985 2845 2053 Atqui
2871 1985 2982 2054 ipse
3000 2001 3210 2054 quoque
3258 1985 3418 2041 homo
3463 1997 3602 2053 erat,
3627 2000 3737 2043 utet
3762 1991 3822 2043 illi:

2313 2077 2401 2146 qui
2429 2078 2633 2144 accepit
2657 2076 2925 2146 quinque:
2959 2085 3192 2130 attamen
3226 2093 3332 2131 non
3363 2087 3468 2132 tam
3492 2089 3716 2134 accurate
3739 2095 3823 2134 cum

2313 2170 2404 2223 illo
2427 2171 2662 2223 rationes
2706 2169 2870 2238 exigit
2921 2169 3214 2233 Dominus.
3271 2186 3446 2240 neque
3491 2172 3624 2242 cogit
3650 2172 3767 2224 illum
3789 2183 3827 2225 ut

2314 2269 2456 2314 tanta
2481 2259 2658 2324 faciat,
2688 2270 2882 2330 quanta
2906 2275 3199 2314 conservus
3230 2261 3350 2329 ejus
3374 2279 3388 2326 ;
3413 2278 3578 2332 neque
3602 2262 3728 2326 dicit,
3750 2263 3825 2317 Cur

2313 2370 2418 2408 non
2453 2364 2601 2422 potes
2629 2355 2865 2423 quinque
2899 2352 3167 2406 conﬁcere
3187 2352 3210 2405 ?
3232 2353 3376 2420 quod
3406 2357 3590 2409 merito
3616 2355 3822 2415 dixisset;

2310 2446 2402 2500 sed
2426 2455 2478 2499 et
2507 2446 2675 2514 ipsum
2700 2443 2995 2498 coronavit.
3034 2443 3159 2498 Hazc
3187 2460 3318 2514 ergo
3342 2461 3460 2500 cum
3491 2446 3676 2512 sciatis,
3705 2463 3757 2501 ne
3778 2448 3824 2500 in-

2309 2539 2519 2594 sultetis
2544 2539 2776 2608 majores
2811 2537 3131 2602 minoribus,
3172 2551 3240 2593 ne
3277 2554 3371 2594 vos
3412 2539 3552 2610 ipsos
3594 2551 3703 2594 ante
3741 2541 3824 2594 illos

2309 2631 2553 2694 lrcdatis;
2603 2632 2709 2686 illis
2757 2635 2899 2687 enim
2949 2631 3234 2696 abscissis,
3284 2642 3449 2687 tottun
3492 2633 3618 2702 perit
3661 2647 3821 2700 corpus.

2306 2723 2444 2793 Quid
2468 2724 2610 2779 enim
2640 2725 2780 2779 aliud
2813 2736 2896 2780 est
2933 2742 3126 2798 corpus
3149 2770 3164 2796 ,
3193 2745 3357 2800 quam
3403 2727 3561 2781 multa
3601 2721 3824 2778 membra?

2305 2820 2444 2875 sicut
2468 2829 2522 2872 et
2550 2819 2664 2887 ipse
2686 2820 2778 2880 ait.
2813 2819 3011 2890 Corpus
3038 2839 3138 2876 non
3167 2832 3240 2875 est
3275 2839 3430 2876 unum
3463 2819 3742 2880 membrum,
3767 2815 3826 2867 sed

2309 2913 2495 2964 multa.
2555 2909 2608 2966 Si
2643 2913 2802 2980 igitur
2852 2912 2952 2966 huc
3003 2924 3086 2968 est
3115 2929 3342 2984 corpus,
3387 2913 3604 2968 sollicite
3633 2921 3827 2965 curemus

2308 3011 2365 3056 ut
2395 3002 2552 3072 plura
2585 3013 2836 3056 maneant
2856 3003 3006 3072 plura
3032 3019 3047 3069 ;
3081 3003 3150 3057 ita
3183 3015 3262 3067 ut,
3295 3005 3339 3058 si
3370 3005 3470 3058 hoc
3499 3019 3596 3058 non
3619 3008 3824 3058 servetur,

2304 3092 2466 3149 letale
2493 3095 2786 3164 accipiatur
2815 3095 3030 3152 vulnus.
3061 3093 3406 3166 Quapropter
3431 3096 3516 3150 ille
3543 3109 3638 3148 non
3665 3092 3747 3144 hoc
3769 3101 3827 3140 so-

2305 3184 2414 3239 lum
2438 3185 2624 3255 exigit,
2657 3194 2716 3240 ut
2745 3200 2811 3240 ne
2835 3185 2904 3241 ab
2920 3186 3042 3241 aliis
3071 3187 3477 3250 abscindamur,
3505 3185 3595 3240 sed
3630 3182 3822 3238 etiamm

2305 3277 2592 3334 admodum
2614 3278 2884 3350 conjuncti
2914 3295 3254 3336 maneamus.
3277 3280 3412 3335 Cum
3440 3279 3650 3334 dixisset
3682 3274 3823 3330 enim.

2308 3367 2374 3426 Ut
2394 3383 2500 3423 non
2530 3371 2833 3426 sitscltisma
2857 3372 2909 3424 in
2929 3387 3178 3441 corpore;
3209 3388 3320 3427 non
3351 3372 3452 3427 boc
3469 3375 3724 3426 contentus
3742 3361 3821 3420 fuit.

2305 3462 2400 3518 sed
2448 3461 2752 3534 subjunxit:
2807 3462 2874 3518 Ut
2903 3463 2956 3517 in
2986 3463 3156 3532 ipsum
3187 3480 3282 3534 pro
3311 3465 3522 3518 invicem
3545 3458 3737 3516 sollicita
3759 3457 3818 3505 at!

2303 3553 2527 3609 membra
2552 3571 2571 3620 ,°
2612 3555 2838 3610 alteram
2865 3554 3002 3610 hanc
3028 3569 3246 3626 quoque
3271 3570 3489 3611 causam
3516 3552 3737 3607 ail’erens.
3762 3555 3821 3597 cur

2304 3647 2514 3704 minora
2537 3646 2798 3718 majorem
2847 3655 3208 3718 assequautur
3234 3646 3517 3702 honorem.
3548 3643 3654 3699 Non
3675 3644 3822 3694 tantum

2306 3741 2451 3796 enim
2471 3782 2486 3808 ,
2515 3749 2576 3797 ut
2601 3757 2708 3797 non
2733 3741 2802 3796 ab
2825 3741 3053 3797 invicem
3099 3751 3444 3812 separentur,
3473 3739 3548 3795 sic
3568 3725 3825 3806 diSpensaril

2307 3833 2470 3897 Deus,
2491 3832 2586 3889 sed
2615 3833 2777 3890 etiam
2818 3842 2877 3889 ut
2904 3817 3068 3888 multa
3091 3843 3237 3888 esset
3264 3833 3464 3889 caritas
3493 3840 3547 3887 et
3578 3820 3823 3884 concordia.

2309 3926 2443 3982 Nam
2467 3927 2513 3981 si
2543 3927 2775 3998 singulis
2801 3941 2937 3998 opus
2963 3937 3046 3981 est
3088 3927 3320 3996 proximi
3367 3924 3525 3980 saluti
3554 3918 3824 3988 advigilare:

2309 4036 2378 4076 ne
2409 4019 2542 4074 mihi
2571 3999 2828 4074 minuset
2851 4019 3021 4089 magis
3066 4016 3272 4074 dixeris
3304 4034 3318 4071 :
3365 4016 3454 4072 bic
3496 4015 3629 4070 enim
3657 4022 3741 4064 non
3763 4009 3828 4101 ξι

2306 4112 2424 4183 plus
2446 4121 2503 4167 et
2532 4111 2732 4167 minus.
2771 4110 3017 4167 ﬂauente
3047 4125 3283 4181 namque
3312 4122 3560 4178 corpore.
3583 4090 3824 4193 Ροιεδί

2309 4203 2535 4261 ferentia
2561 4203 2731 4261 videri
2761 4220 2777 4271 ;
2811 4211 3072 4275 pereunte
3102 4211 3288 4260 autem
3311 4243 3330 4272 ,
3359 4217 3468 4258 non
3497 4200 3653 4256 item:
3685 4185 3825 4265 peribil

2305 4313 2455 4365 vero,
2483 4297 2585 4354 nisi
2612 4297 2817 4354 minora
2840 4305 3110 4353 maneant.
3717 4378 3724 4380 _

2383 4393 2439 4447 5.
2461 4393 2514 4447 Si
2540 4406 2667 4462 ergo
2697 4405 2889 4461 magna
2917 4390 3165 4460 peribunt
3195 4391 3380 4460 parvis
3407 4383 3665 4447 abscissis,
3691 4371 3826 4467 simili:

2310 4491 2392 4539 ter
2428 4482 2629 4538 debent
2671 4480 2787 4538 haec
2813 4496 3003 4552 magna
3030 4496 3322 4552 parvorum
3355 4479 3578 4552 perinde
3605 4484 3738 4542 atque
3771 4475 3826 4518 sl"

2309 4591 2492 4633 curam
2523 4590 2710 4647 gerere
2735 4593 2749 4630 :
2778 4589 2901 4630 cum
2921 4573 3112 4629 horum
3133 4573 3279 4629 enim
3303 4573 3476 4628 salute
3496 4571 3696 4626 manent
3715 4557 3823 4615 etiam

2309 4667 2534 4738 majora.
2568 4667 2749 4737 Itaque
2801 4665 3013 4721 etiamsi
3057 4663 3253 4720 millies
3302 4664 3541 4728 dixeris,
3594 4651 3823 4713 membrum

2310 4775 2432 4816 esse
2455 4759 2740 4830 inglorium
2763 4767 2814 4814 et
2842 4757 3052 4820 niinus;
3082 4755 3177 4810 sed
3211 4756 3316 4810 nisi
3371 4769 3524 4825 mque
3569 4742 3816 4821 provideas.

2309 4861 2367 4907 υῑ
2399 4867 2495 4922 Pro
2525 4862 2574 4906 ιθ
2602 4852 2739 4922 ipso,
2769 4849 2863 4906 sed
2891 4858 2948 4904 ut
2991 4848 3169 4902 minus
3198 4847 3332 4903 illud
3361 4847 3616 4918 negligas,
3637 4841 3821 4896 damnum

2312 4946 2364 5000 in
2393 4955 2444 5000 te
2463 4944 2728 4999 transibit.
2762 4941 2968 4998 Idcirco
2994 4957 3099 4996 non
3125 4940 3283 4996 dixit.
3309 4940 3380 4996 Ut
3412 4954 3508 5010 pro
3528 4938 3726 4991 invicem
3745 4934 3828 4977 tan-

2312 5047 2422 5091 tum
2451 5036 2680 5091 sollicita
2712 5036 2822 5090 sint
2850 5035 3111 5098 membra,
3149 5032 3244 5088 sed
3275 5033 3506 5103 adjecit,
3540 5029 3605 5084 Ut
3631 5027 3685 5078 de
3706 5016 3831 5112 eadalf

2314 5145 2407 5200 pro
2439 5144 2492 5182 se
2510 5127 2724 5181 invicem
2751 5126 2974 5180 sollicita
3002 5125 3102 5180 sint
3147 5125 3416 5188 membra;
3444 5121 3498 5177 id
3563 5127 3679 5182 est,
3715 5101 3834 5165 siunlt

2317 5229 2371 5275 et
2400 5217 2610 5283 eadem,
2644 5232 2747 5287 qua
2779 5231 3023 5285 magnus,
3078 5229 3276 5284 parvus
3303 5228 3518 5284 quoque
3545 5211 3727 5264 fruatur
3745 5210 3833 5266 pr0'

2312 5312 2568 5365 videntia.
2603 5309 2680 5364 Ne
2699 5311 2875 5380 itaque
2904 5307 3125 5373 dixeris,
3154 5307 3244 5361 llle
3274 5307 3517 5376 plebeius
3553 5309 3648 5364 est,
3667 5293 3746 5351 sed
3767 5302 3832 5387 ca:

2310 5405 2415 5474 gita
2445 5403 2592 5458 illum
2615 5417 2736 5456 esse
2765 5403 3060 5455 menilnum
3080 5399 3346 5470 corporis,
3367 5397 3508 5468 quod
3536 5403 3689 5449 totum
3709 5389 3835 5440 contr

2312 5505 2431 5551 net:
2455 5510 2515 5550 ac
2533 5494 2981 5566 quemadmodum
3001 5493 3204 5558 oculus,
3231 5491 3305 5545 ita
3322 5499 3376 5545 et
3391 5489 3474 5544 hic
3491 5485 3609 5542 facit
3625 5491 3674 5537 ut
3688 5482 3837 5542 corpus

2313 5591 2383 5645 sit
2438 5604 2656 5658 corpus.
2719 5586 2822 5643 Ubi
2885 5588 3026 5641 enim
3079 5599 3278 5653 corpus
3325 5580 3650 5640 aadiﬁcatur,
3700 5566 3840 5623 nullus

2313 5683 2584 5753 quidpiam
2629 5681 2788 5736 habet
2836 5679 3105 5749 amplius,
3163 5691 3325 5748 quam
3371 5673 3654 5744 proximus.
3695 5660 3842 5761 Neque

2314 5775 2456 5829 enim
2483 5773 2585 5828 hoc
2611 5788 2806 5840 corpus
2846 5771 3011 5839 facit,
3040 5778 3099 5826 ut
3141 5771 3211 5824 sit
3251 5767 3384 5823 illud
3421 5762 3628 5836 quidem
3668 5764 3842 5848 miunt”:

2318 5871 2418 5923 hoc
2447 5882 2572 5923 vero
2596 5836 2790 5934 minus,
2813 5863 2908 5921 sed
2928 5836 3071 5938 quod
3094 5861 3267 5920 multa
3293 5859 3394 5916 siut
3417 5865 3475 5915 et
3493 5853 3702 5912 diversa.
3727 5836 3847 5896 Sicut
