3962 6460
276 397 385 456 259

1316 402 1383 458 IN
1424 401 1643 459 EPIST.
1686 399 1707 457 Ῑ
1744 400 1834 456 AD
1871 401 2029 458 COR.
2070 402 2303 462 HOMIL.
2347 408 2539 464 XXXI.

3429 422 3534 474 250

278 519 439 581 Τινὲς
472 516 532 571 δὲ
561 517 630 571 τά
656 517 1023 590 ἀσθενέστερα
1044 519 1137 573 καὶ
1167 519 1337 592 ἄτιμα
1359 523 1455 575 καὶ
1476 523 1747 591 ἀναγκαῖα
1771 516 1866 574 καὶ
1970 536 2112 574 τετο.
2148 523 2257 576 Kal
2289 528 2382 579 ἐπὶ
2426 529 2537 583 τῶν
2564 529 2838 585 ταλάντων
2864 530 2919 584 δέ
2948 531 3107 584 τοῦτο
3138 532 3266 597 ἴδοις
3295 534 3361 588 ἂν
3391 539 3537 604 γινό-

276 600 445 671 τιμῆς
483 601 826 657 ἀπολαύοντα
855 604 1098 667 πλείονος
1130 604 1257 676 περὶ
1304 605 1597 677 ὀφθαλμῶν
1622 608 1716 661 καὶ
1757 622 1859 658 πο-

276 684 385 736 δῶν
411 684 671 755 εἰρῆσθαι
702 685 779 756 τῷ
807 685 1003 757 Παύλῳ
1033 688 1332 757 νομίζουσι,
1369 689 1464 743 καὶ
1496 684 1863 759 ἀσθενέστερα

278 768 371 820 καὶ
396 769 674 835 ἀναγκαῖα
700 771 826 833 τοὺς
843 770 1150 840 ὀφθαλμοὺς
1162 771 1362 839 λέγειν,
1381 773 1462 826 ότι
1485 772 1861 843 ἐλαττούμενοι

277 853 343 919 τῇ
377 850 634 920 δυνάμει,
679 851 1061 906 πλεονεκτοῦσι
1084 856 1151 924 τῇ
1184 854 1363 926 χρείᾳ,
1392 853 1461 907 τά
1480 855 1537 907 δὲ
1566 857 1860 927 ἀτιμότερα

276 936 406 998 τοὺς
444 935 647 999 πόδας·
677 937 771 989 καὶ
809 936 919 1007 γάρ
961 937 1055 990 καὶ
1096 933 1239 991 οὗτοι
1288 937 1489 1009 πολλῆς
1526 940 1858 996 ἀπολαύουσι

276 1018 558 1087 προνοίας.

338 1115 413 1185 β’.
444 1112 575 1169 Εἶτα
602 1115 690 1169 ἵνα
722 1117 796 1188 μὴ
828 1118 991 1171 πάλιν
1019 1116 1184 1188 ἀλλην
1206 1118 1506 1190 ὑπερϐολὴν
1532 1118 1856 1192 ἐργάσηται,

279 1200 445 1269 φησί·
486 1201 563 1252 Τὰ
587 1198 656 1252 δὲ
680 1200 1033 1270 εὐσχήμονα
1057 1201 1225 1270 ἡμῶν
1246 1204 1317 1255 οὐ
1339 1205 1546 1271 χρείαν
1570 1203 1713 1273 ἔχει.
1741 1205 1854 1259 Ἵνα

277 1283 385 1351 γὰρ
412 1283 487 1353 μή
510 1301 597 1345 τις
626 1283 781 1355 λέγῃ,
810 1286 920 1338 Καὶ
946 1288 1093 1349 ποῖος
1121 1278 1275 1349 οὗτος
1304 1286 1488 1354 λόγος;
1512 1284 1620 1340 τῶν
1653 1288 1750 1357 μὲν
1773 1304 1855 1340 τι-

279 1369 418 1438 μίων
438 1373 823 1440 καταφρονεῖν,
851 1373 963 1435 τοῖς
986 1371 1043 1424 δέ
1063 1370 1406 1441 ἀτιμοτέροις
1443 1371 1851 1441 προσεδρεύειν;

275 1453 394 1522 οὐχὶ
427 1453 894 1524 καταφρονοῦντες
948 1455 1105 1508 τοῦτο
1163 1454 1441 1525 ποιοῦμεν,
1497 1455 1680 1524 φησὶν,
1737 1454 1852 1508 ἀλλ’

275 1536 467 1607 ἐπειδὴ
512 1538 651 1590 αὺτά
681 1539 743 1590 οὐ
770 1538 962 1592 δεῖται.
999 1539 1109 1591 Kal
1140 1537 1242 1609 6pa
1275 1537 1462 1608 ἡλίκον
1490 1540 1764 1608 ἐγκώμιον
1794 1539 1851 1592 ἐν

274 1618 470 1689 βραχεῖ
499 1619 614 1683 θεὶς
641 1620 983 1692 παρέδραμε,
1006 1622 1393 1692 συμφερόντως
1412 1622 1569 1675 τοῦτο
1598 1623 1693 1675 καὶ
1718 1640 1852 1694 χρη-

272 1705 450 1774 σίμως
484 1704 677 1758 ποιῶν.
730 1705 840 1758 Kal
868 1705 990 1759 οὐδὲ
1023 1707 1274 1778 ἀρκεῖται
1319 1705 1517 1777 τούτῳ,
1570 1705 1706 1759 ἀλλά
1757 1707 1849 1759 xal

268 1790 453 1843 αἰτίαν
482 1787 811 1859 προστίθησι
839 1790 1045 1858 λέγων·
1080 1791 1233 1845 Ἀλλ’
1260 1794 1293 1845 ό
1316 1791 1459 1857 Θεὸς
1474 1790 1848 1859 συνεκέρασε

267 1871 334 1926 τὸ
366 1870 562 1940 σῶμα,
596 1871 676 1938 τῷ
703 1873 1058 1942 ὑστεροῦντι
1108 1875 1546 1942 περισσοτέραν
1580 1874 1724 1941 δοὺς
1761 1893 1847 1929 τι-

261 1956 411 2026 μὴν,
439 1956 541 2010 ἵνα
559 1954 647 2025 μὴ
669 1957 901 2025 σχίσμα
928 1951 969 2027 ᾖ
992 1956 1061 2010 ἐν
1084 1956 1164 2022 τῷ
1185 1956 1429 2027 σώματι.
1459 1960 1521 2011 El
1544 1959 1599 2011 δὲ
1630 1959 1848 2012 συνεκέ-

274 2056 456 2110 ρασεν,
495 2039 596 2092 οῦκ
628 2039 809 2110 ἀφῆκε
842 2039 902 2092 τὸ
935 2040 1258 2113 ἀτιμότερον
1288 2040 1603 2109 φαίνεσθαι·
1648 2042 1710 2095 τὸ
1740 2042 1847 2113 γάρ

268 2123 608 2194 κιρνώμενον
636 2123 694 2176 ἓν
720 2123 947 2192 γίνεται,
973 2125 1066 2179 καὶ
1089 2124 1149 2178 οὐ
1177 2125 1424 2194 φαίνεται
1450 2126 1502 2178 τί
1524 2127 1629 2197 πρὸ
1653 2126 1844 2181 τούτου

263 2203 363 2277 ἧν·
397 2207 524 2261 ἐπεὶ
569 2207 689 2260 οὐδὲ
720 2207 787 2261 ἂν
827 2207 1129 2279 κεκρᾶσθαι
1154 2208 1285 2261 αὐτὸ
1334 2209 1575 2279 φαίημεν
1605 2208 1691 2263 άν.
1732 2210 1844 2263 Καὶ

263 2291 365 2362 δρα
392 2289 513 2353 πῶς
534 2290 772 2362 συνεχῶς
804 2291 873 2347 τά
901 2291 1262 2362 ἐλαττώματα
1285 2292 1620 2365 παρατρέχει
1649 2294 1841 2363 λέγων,

262 2373 343 2440 τῷ
375 2374 754 2443 ὑστεροῦντι.
797 2376 911 2429 Οῦκ
933 2372 1073 2440 εἷπε,
1097 2376 1175 2446 τῷ
1200 2376 1409 2448 ἀτίμῳ,
1446 2377 1522 2447 τῷ
1550 2379 1839 2450 ἀσχήμονι,

264 2460 417 2524 ἀλλὰ,
464 2460 545 2523 τῷ
568 2459 940 2527 ὑστεροῦντι.
983 2460 1349 2532 Ὑστεροῦντι,
1380 2461 1526 2526 πῶς;
1554 2463 1707 2516 Κατὰ
1739 2463 1841 2532 φύ-

265 2560 367 2596 σιν.
409 2542 853 2611 Περισσοτέραν
871 2543 1014 2611 δοὺς
1040 2543 1238 2613 τιμήν.
1263 2545 1373 2599 Καὶ
1402 2545 1488 2599 διά
1512 2545 1596 2610 τί;
1624 2547 1740 2600 Ἵνα
1765 2547 1839 2619 μὴ

262 2622 295 2700 ᾖ
324 2627 535 2696 σχίσμα
566 2627 625 2678 ἐν
651 2625 731 2696 τῷ
761 2624 995 2696 σώματι.
1041 2628 1258 2699 Ἐπειδὴ
1289 2628 1396 2701 γάρ
1431 2629 1631 2699 μυρίας
1660 2647 1840 2702 παρα-

260 2710 461 2779 μυθίας
490 2709 854 2779 ᾁπολαύοντες
883 2710 1082 2781 ἤλγουν
1114 2711 1283 2781 ὅμως,
1326 2711 1419 2764 ἆτε
1452 2711 1711 2766 ἐλάττονα
1749 2713 1841 2767 λα-

260 2793 471 2856 ϐόντες,
515 2793 787 2847 δείκνυσιν
825 2795 908 2847 ὅτι
950 2794 1148 2864 μᾶλλον
1186 2793 1529 2865 ἐτιμήθησαν
1552 2811 1565 2824 ⁸
1610 2796 1694 2861 Τῷ
1731 2797 1839 2868 γὰρ

257 2877 638 2946 ὑστεροῦντι,
666 2876 821 2947 φησὶ,
847 2876 1284 2946 περισσοτέραν
1305 2877 1450 2945 δοὺς
1471 2880 1669 2949 τιμήν.
1703 2876 1836 2935 Εἶτα

252 2970 473 3025 καὶτὸν
500 2968 657 3038 λόγον
701 2969 919 3038 ἐπάγει,
967 2968 1179 3031 δεικνὺς
1205 2969 1285 3021 ὅτι
1326 2969 1713 3040 συμφερόντως
1743 2970 1837 3023 καὶ

252 3054 508 3124 ὑστερεῖν
540 3053 788 3120 ἐποίησε,
819 3052 915 3105 καλ⁸
945 3051 1209 3121 μειζόνως
1233 3050 1482 3122 ἐτίμησε.
1504 3052 1599 3115 Τίς
1628 3052 1684 3106 δέ
1707 3055 1735 3106 6
1757 3052 1840 3105 λό-

253 3154 382 3205 70;;
417 3137 546 3191 Ἵνα
568 3135 654 3206 μὴ
677 3130 719 3208 ᾖ
749 3135 1002 3204 σχίσμα,
1042 3135 1227 3206 φησὶν,
1260 3136 1329 3188 ἐν
1352 3134 1429 3200 τῷ
1455 3135 1698 3205 σώματι.
1725 3136 1835 3190 Kal

252 3221 353 3274 οὐκ
381 3216 559 3285 εἶπεν,
604 3221 693 3273 Ἐν
718 3222 832 3282 τοῖς
861 3218 1099 3289 μέλεσιν,
1149 3218 1287 3285 ἀλλ’,
1331 3220 1433 3273 Ἔν
1468 3219 1548 3285 τῷ
1585 3220 1830 3290 σώματι.

252 3305 363 3358 Kal
384 3306 497 3376 γὰρ
529 3303 676 3377 [280]
701 3301 871 3374 πολλὴ
889 3302 1111 3374 ἔμελλεν
1141 3302 1472 3374 ὴπλεονεξία
1502 3299 1662 3369 εἶναι,
1694 3306 1832 3361 είτά

250 3388 352 3458 μὲν
369 3390 467 3442 καὶ
485 3387 597 3441 ἀπὸ
619 3390 718 3458 τῆς
750 3385 966 3456 φύσεως
983 3384 1078 3440 καὶ
1101 3386 1211 3439 ἀπὸ
1225 3387 1323 3456 τῆς
1343 3387 1620 3459 ἡμετέρας
1641 3388 1832 3459 ἐθερα-

251 3470 449 3524 amisso
475 3471 753 3542 προνοίας,
779 3468 850 3523 τὰ
873 3468 929 3522 δέ
956 3468 1075 3522 οὐδὲ
1096 3468 1362 3541 ἑτέρωθεν
1380 3487 1394 3502 ·
1413 3471 1506 3525 καὶ
1523 3472 1827 3545 ἀπεσχίσθη

248 3554 321 3608 ἂν
339 3554 613 3627 ἀλλήλων,
629 3554 693 3608 οὐ
711 3553 987 3624 δυνάμενα
1005 3551 1192 3623 φέρειν
1218 3552 1311 3606 τὸν
1339 3554 1658 3628 σύνδεσμον·
1700 3558 1831 3610 ἀπο-
1906 3588 1907 3591 η

247 3637 581 3708 σχισθέντων
603 3637 661 3692 δέ
686 3635 915 3701 τούτων,
932 3636 1154 3703 καὶτοῖς
1167 3637 1373 3704 λοιποῖς
1397 3639 1609 3709 ἐγίνετο
1631 3640 1823 3711 βλάϐη.

244 3717 403 3785 Εἶδες
420 3718 544 3785 πῶς
578 3718 777 3785 ἔδειξεν
812 3719 1127 3789 ἀναγκαίως
1153 3719 1378 3791 μείζονα
1404 3721 1484 3793 τῷ
1510 3723 1827 3795 ὑστεροῦντι

237 3802 541 3876 δεδομένην
586 3804 790 3876 τιμήνς
825 3805 890 3859 Et
929 3804 1041 3876 γὰρ
1092 3803 1167 3877 μὴ
1213 3804 1372 3859 τοῦτο
1417 3807 1630 3876 γέγονε,
1669 3809 1823 3881 κοινὴ

234 3887 466 3941 πάντων
488 3885 556 3940 ἂν
593 3888 629 3958 ὴ
658 3885 806 3959 λύμη
850 3888 1117 3957 ἐγεγόνει,
1163 3887 1318 3959 φησί.
1373 3890 1485 3943 Kal
1513 3889 1622 3961 γάρ
1655 3894 1705 3945 εἰ
1747 3892 1823 3965 μὴ

235 3968 449 4033 πολλῆς
472 3968 643 4024 ταῦτα
680 3969 813 4044 παρ’
842 3970 1002 4042 ὑμῶν
1043 3970 1324 4050 ἀπέλαυσε
1366 3971 1641 4042 προνοίας,
1687 3974 1825 4045 ἐπη-

236 4057 452 4129 ρεάσθη
472 4056 541 4113 ἀν
566 4060 643 4130 μὴ
664 4059 858 4130 έχοντα
885 4059 987 4132 τὴν
1016 4058 1126 4116 ἀπὸ
1160 4061 1261 4132 τῆς
1299 4059 1516 4131 φύσεως
1543 4061 1818 4135 βοήθειαν·

233 4141 659 4214 ἐπηρεασθέντα
685 4142 769 4209 δέ,
796 4141 1046 4199 ἀπώλετο
1076 4145 1143 4200 άν
1165 4160 1181 4177 ·
1227 4144 1542 4216 ἀπολόμενα
1568 4147 1645 4212 δὲ,
1673 4147 1822 4219 ἰσχι-

234 4244 329 4281 σεν
357 4226 433 4282 ἂν
456 4225 521 4280 τὸ
547 4225 707 4297 σῶμα
730 4242 747 4258 ·
782 4226 1095 4300 σχισθέντος
1119 4227 1178 4281 δὲ
1203 4227 1296 4281 τοῦ
1330 4227 1599 4300 σώματος,
1626 4230 1723 4285 καὶ
1749 4230 1820 4286 τά

230 4311 404 4365 λοιπά
440 4310 508 4365 ἂν
529 4310 776 4364 ἀπώλετο
810 4310 882 4366 τὰ
917 4311 1098 4383 πολλῷ
1145 4311 1367 4383 μείζονα
1395 4311 1620 4368 τούτων.
1656 4314 1819 4387 Ὀρᾷς

230 4395 316 4449 ὅτι
348 4394 448 4447 καὶ
481 4393 584 4464 τῆς
620 4394 843 4448 ἐκείνων
881 4395 1140 4466 προνοίας
1175 4394 1359 4466 ἔχεται
1391 4396 1426 4468 ἡ
1459 4396 1662 4450 τούτων
1692 4399 1816 4451 ἐπι-

240 4479 479 4547 μέλεια;
516 4478 590 4529 Οὐ
638 4476 747 4548 γάρ
775 4477 949 4543 οὕτως
982 4478 1042 4531 ἐν
1079 4484 1147 4550 τῇ
1181 4478 1359 4549 οἰκείᾳ
1392 4478 1552 4549 φύσει
1587 4480 1651 4532 τὸ
1676 4477 1817 4535 εἶναι

236 4559 473 4630 ἔχουσιν,
516 4560 592 4624 ώς
624 4561 682 4613 ἐν
710 4559 787 4631 τῷ
817 4560 1030 4631 σώματι
1057 4555 1199 4615 εῖναι
1222 4559 1303 4612 ἓν.
1326 4562 1426 4616 Διά
1457 4561 1523 4634 δὴ
1549 4562 1728 4629 τοῦτο,
1749 4564 1816 4618 ἂν

246 4642 344 4713 μὲν
373 4643 433 4697 τὸ
462 4644 626 4713 σῶμα
651 4644 947 4715 ἀπόληται,
971 4644 1123 4698 οὐδὲν
1144 4646 1332 4707 αὐτοῖς
1355 4644 1546 4716 κέρδος
1571 4645 1672 4716 τῆς
1691 4647 1813 4702 καθ’

234 4727 468 4781 ἕκαστον
492 4727 732 4795 ὑγιείας·
763 4727 878 4781 ἀλλ’
900 4728 966 4783 άν
984 4744 1047 4781 τε
1070 4727 1345 4799 ὀφθαλμὸς
1363 4728 1522 4801 μένῃ,
1547 4729 1610 4782 ἄν
1639 4748 1698 4784 τε
1729 4733 1816 4803 ῥὶς

228 4810 570 4881 διατηροῦσα
599 4811 659 4864 τὸ
690 4812 912 4877 οἰκεῖον,
940 4810 1033 4865 τοῦ
1064 4811 1364 4880 συνδέσμου
1388 4812 1661 4877 λυθέντος,
1688 4813 1815 4883 ὄφε-

226 4893 320 4957 λος
340 4895 500 4948 οὐδὲν
517 4894 667 4947 ἔσται
691 4893 894 4947 λοιπόν·
926 4894 992 4947 ἂν
1019 4894 1096 4959 δὲ,
1120 4895 1311 4947 τούτου
1335 4894 1606 4964 μένοντος,
1629 4898 1813 4952 ἐκεῖνα

226 4979 433 5049 βλαϐῇ,
470 4978 566 5049 καὶ
595 4978 1018 5039 διαϐαστάζεται
1050 4977 1146 5031 καὶ
1177 4978 1314 5049 πρὸς
1334 4978 1544 5046 ὑγίειαν
1561 4981 1810 5049 ἐπάνεισι

227 5064 465 5134 ταχέως.
499 5042 641 5115 ³Αλλ⁹
696 5062 828 5126 ἴσως
858 5060 1003 5115 εἴποι
1034 5079 1120 5125 τις
1166 5062 1260 5116 ἄν·
1299 5062 1471 5115 Τοῦτο
1522 5044 1621 5133 μέ¹ν
1651 5067 1710 5118 ἐν
1732 5066 1809 5137 τῷ

230 5147 447 5215 σώματι
494 5146 652 5214 λόγον
703 5146 837 5216 ἔχει,
887 5146 970 5197 ὅτι
1013 5144 1076 5197 τὸ
1116 5143 1377 5215 ὑστεροῦν
1414 5150 1809 5219 περισσοτέραν

229 5231 389 5284 ἔλαϐε
412 5233 598 5300 τιμὴν,
635 5230 726 5281 ἐπὶ
756 5230 813 5282 δὲ
864 5229 975 5282 τῶν
1012 5227 1314 5299 ἀνθρώπων
1358 5230 1479 5293 πῶς
1535 5231 1602 5285 ἂν
1649 5235 1809 5289 τοῦτο

230 5314 466 5381 φανείης
508 5313 632 5364 Ἐπὶ
683 5312 789 5365 τῶν
825 5310 1125 5382 ἀνθρώπων
1153 5312 1252 5382 μὲν
1277 5309 1370 5366 οῦν
1412 5314 1646 5384 μάλιστα
1678 5317 1808 5383 ίδοις

228 5396 292 5448 ἂν
332 5395 497 5448 τοῦτο
529 5395 843 5464 συμϐαῖνον.
871 5396 982 5449 Kal
1006 5394 1116 5465 γὰρ
1153 5397 1203 5448 οί
1224 5396 1355 5468 περὶ¹
1379 5398 1480 5465 τὴν
1510 5398 1806 5473 ἑνδεκάτην

227 5476 400 5548 ὤραν,
433 5476 643 5548 πρῶτοι
690 5477 781 5531 τὸν
811 5478 1000 5547 μισθὸν
1033 5478 1260 5533 ἔλαϐον·
1304 5481 1396 5533 καὶ
1433 5480 1494 5533 τὸ
1533 5481 1805 5553 πλανηθέν

228 5562 505 5632 πρόϐατον
538 5562 722 5613 ἔπεισε
740 5561 831 5614 τὸν
863 5563 1097 5633 ποιμένα
1114 5562 1182 5615 τὰ
1208 5564 1692 5633 ἐνενηκονταεννέα
1710 5585 1806 5622 κα-

226 5647 498 5709 ταλιπεῖν,
524 5645 618 5696 καὶ
651 5644 735 5697 ἐπ’
769 5645 897 5698 αὐτὸ
913 5645 1166 5715 δραμεῖν,
1187 5647 1281 5699 καὶ
1311 5648 1542 5719 εὐρηθέν
1569 5649 1805 5705 ἐϐαστάιι

226 5727 369 5792 ζετο,
400 5728 505 5780 οὐκ
538 5727 818 5797 ἠλαύνετο·
863 5730 956 5782 καὶ
985 5732 1012 5782 ὁ
1041 5730 1251 5791 ἄσωτος
1280 5731 1394 5794 υίὸς
1433 5731 1680 5796 πλείονος
1706 5735 1800 5789 τοῦ

227 5811 653 5882 εὐδοκιμηκότος
686 5814 785 5881 τῆς
830 5813 997 5882 τιμῆς
1034 5811 1329 5865 ἀπέλαυσε·
1384 5815 1478 5867 καὶ
1515 5816 1543 5867 6
1596 5814 1801 5890 λῃστὴς

228 5897 334 5967 πρὸ
404 5894 519 5948 τῶν
571 5895 881 5949 ἀποστόλων
938 5894 1298 5964 ἐστεφανοῦτο
1354 5897 1449 5951 καὶ
1497 5898 1800 5968 ἀνεκηρύτ-

1967 619 2148 671 μενον.
2172 607 2284 660 Kal
2312 609 2422 681 γὰρ
2457 613 2486 664 6
2518 614 2585 666 τὰ
2619 614 2779 667 πέντε
2812 614 3051 669 τάλαντα
3083 616 3260 671 λαϐὼν
3297 620 3391 672 καὶ
3417 620 3446 674 ό
3468 623 3538 676 τά

1959 686 2072 773 δύο,
2103 688 2211 743 τῶν
2240 693 2419 746 αὐτῶν
2442 694 2772 767 ἠξιώθησαν,
2797 700 2890 752 καὶ
2927 701 3076 772 αὐτῷ
3110 701 3187 773 τῷ
3212 703 3280 757 τὰ
3312 704 3408 758 δύο
3438 705 3535 759 λα-

1959 769 2073 861 ϐεῖν
2110 773 2318 861 πολλῇς
2355 777 2636 861 ἀπέλαυσε
2668 781 2868 850 μᾶλλον
2893 783 2991 854 τῆς
3020 769 3297 855 προνοίας.
3330 789 3394 840 Et
3424 791 3534 861 γὰρ

1957 853 2023 906 τὰ
2054 855 2217 908 πέντε
2243 859 2604 933 ἐνεχειρίσθη,
2635 863 2708 934 μὴ
2748 853 3073 935 δυνάμενος,
3094 868 3188 920 τοῦ
3226 853 3533 934 παντὸς-ἂν

1955 937 2187 1022 ἐξέπεσε
2210 958 2223 971 ·
2281 942 2574 1013 δεξάμενος
2606 946 2662 999 δὲ
2698 949 2764 1000 τὰ
2792 948 2904 1011 δύο,
2952 943 3058 1003 καῖ’
3078 951 3148 1003 τά
3175 956 3304 1022 παρ’
3335 955 3531 1009 ἑαυτοῦ

1955 1021 2272 1094 πληρώσας,
2311 1028 2420 1079 τῶν
2452 1028 2633 1082 αὐτῶν
2663 1031 2868 1102 ἠξιώθη
2895 1031 2972 1102 τῷ
3005 1033 3073 1086 τὰ
3103 1021 3267 1088 πέντε
3296 1039 3532 1106 ἐργασα-

1956 1113 2122 1184 μένῳ,
2159 1117 2396 1188 τοσούτῳ
2450 1119 2873 1193 πλεονεκτήσας,
2921 1124 3030 1194 ὅσῳ
3079 1126 3175 1178 ἀπ’
3231 1128 3531 1182 ἐλαττόνων

1952 1198 2131 1252 πόνων
2173 1201 2282 1254 τῶν
2327 1202 2506 1256 αὐτῶν
2555 1205 2781 1277 ἐπέτυχε
2837 1210 3135 1277 στεφάνων.
3189 1211 3383 1264 Καίτοι
3431 1215 3529 1266 καὶ

1951 1281 2113 1346 αὐτὸς
2144 1283 2429 1355 ἄνθρωπος
2480 1282 2568 1358 ἦν,
2609 1287 2799 1359 ὥσπερ
2826 1292 2855 1342 6
2887 1291 2956 1344 τά
2984 1291 3145 1344 πέντε
3167 1309 3180 1322 ·
3214 1293 3330 1346 ἀλλ’
3377 1295 3528 1363 ὅμως

1949 1363 2101 1416 οὐδὲν
2140 1366 2276 1435 πρὸς
2306 1368 2471 1421 αὐτὸν
2514 1371 2542 1422 ὁ
2574 1371 2852 1442 Δεσπότης
2889 1374 3348 1444 ἀκριϐολογεῖται,
3402 1376 3527 1429 οὐδὲ

1949 1448 2249 1517 ἀναγκάζει
2274 1452 2342 1504 τά
2371 1452 2511 1507 αὐτὰ
2535 1458 2710 1508 ποιεῖν
2733 1468 2759 1495 ιι
2789 1455 2865 1526 τῷ
2895 1457 3184 1528 συνδούλῳ,
3211 1459 3331 1512 οὐδὲ
3354 1459 3522 1528 λέγει,

1947 1533 2046 1585 Διά
2073 1533 2125 1585 τί
2152 1533 2227 1604 μὴ
2253 1534 2479 1589 δύνασαι
2499 1539 2568 1591 τά
2612 1539 2775 1592 πέντε
2799 1540 3170 1610 ἐργάσασθαι;
3216 1541 3436 1606 δικαίως
3457 1545 3527 1597 ἂν

1946 1616 2137 1670 είπὼν·
2172 1617 2311 1671 ἀλλὰ
2345 1620 2439 1672 καὶ
2480 1621 2642 1674 αὐτὸν
2675 1624 3041 1692 ἐστεφάνωσε.
3072 1624 3235 1677 Ταῦτ’
3265 1621 3360 1679 οὖν
3386 1626 3524 1679 είδό-

1943 1716 2056 1763 τες,
2103 1699 2177 1770 μὴ
2222 1702 2581 1773 ἐπεμϐαίνετε
2623 1707 2733 1769 τοῖς
2765 1705 3046 1760 ἐλάττοσιν
3078 1708 3128 1761 οί
3162 1708 3399 1779 μείζους,
3435 1710 3522 1764 ἴνα

1948 1783 2023 1854 μὴ
2074 1783 2179 1855 πρὸ
2230 1786 2453 1841 ἐκείνων
2484 1787 2710 1852 ἑαυτοὺς
2741 1787 3014 1860 βλάψητε·
3075 1791 3521 1863 ἀποσχιζομένων

1944 1866 2053 1937 γάρ
2090 1866 2288 1934 αὐτῶν,
2320 1869 2381 1922 τὸ
2407 1871 2514 1923 πᾶν
2547 1871 2919 1943 διαφθείρεται
2952 1872 3129 1943 σῶμα.
3163 1874 3226 1925 Τί
3251 1874 3358 1946 γὰρ
3392 1875 3521 1929 ἄλλο

1944 1950 2062 2003 ἐστὶ
2094 1951 2272 2021 σῶμα,
2301 1952 2333 2024 ἦ
2370 1957 2431 2006 τὸ
2467 1954 2635 2007 πολλά
2666 1951 2806 2008 εἶναι
2849 1955 2985 2027 μέλη
3013 1974 3027 2021 ;
3065 1956 3246 2020 καθὼς
3290 1959 3384 2011 καὶ
3417 1960 3516 2011 αύ-

1941 2033 2033 2096 τός
2062 2052 2246 2105 φησιν,
2271 2036 2352 2088 ὅτι
2380 2035 2529 2109 [281]
2572 2039 2643 2091 Τὸ
2680 2036 2851 2107 σῶμα
2881 2041 2992 2092 οὐκ
3022 2038 3284 2093 ἐστινέν
3306 2038 3514 2109 μέλος,

1941 2117 2105 2171 ἀλλὰ
2138 2119 2361 2173 πολλά.
2418 2120 2481 2173 El
2522 2120 2702 2174 τοίνυν
2744 2120 2906 2175 τοῦτό
2933 2122 3050 2174 ἐστι
3085 2122 3264 2192 σῶμα,
3301 2124 3518 2194 φροντί-

1942 2198 2123 2271 ζωμεν
2155 2201 2249 2255 τοῦ
2275 2203 2343 2256 τὰ
2364 2202 2538 2256 πολλὰ
2569 2204 2751 2275 μένειν
2774 2205 2945 2259 πολλά
2965 2220 2977 2233 ·
3022 2205 3097 2268 ὡς
3127 2207 3223 2259 ἐὰν
3257 2207 3332 2277 μὴ
3358 2207 3517 2261 τοῦτο

1940 2282 2289 2356 διασώζηται,
2327 2287 2458 2358 περὶ
2502 2287 2571 2341 τὰ
2619 2288 2808 2359 καίρια
2842 2289 2876 2358 ἡ
2926 2288 3107 2359 πληγὴ
3157 2290 3389 2357 γίνεται.
3423 2291 3515 2343 Διὸ

1939 2367 2032 2420 καὶ
2050 2368 2218 2433 αὐτὸς
2256 2368 2317 2421 οὐ
2366 2370 2523 2422 τοῦτο
2565 2370 2723 2441 μόνον
2764 2372 3006 2434 ἀπαιτεῖ,
3061 2373 3122 2424 τὸ
3164 2372 3237 2442 μὴ
3287 2373 3515 2443 ἀποσχί-

1939 2449 2127 2515 ζεσθαι
2153 2451 2419 2522 ἀλλήλων,
2454 2452 2591 2507 ἀλλά
2622 2455 2716 2508 καὶ
2743 2455 2805 2507 τὸ
2844 2446 3064 2525 σφόδρα
3088 2457 3378 2527 συνῆφθαι.
3418 2459 3512 2510 Εἰ-

1938 2532 2053 2585 πὼν
2080 2533 2234 2602 γοῦν,
2257 2535 2389 2589 Ἵνα
2420 2535 2507 2604 μὴ
2545 2531 2586 2607 ᾖ
2634 2538 2868 2607 σχίσμα
2894 2540 2964 2593 ἐν
2992 2537 3070 2604 τῷ
3119 2538 3365 2606 σώματι,
3413 2541 3513 2594 οὐκ

1937 2618 2179 2690 ἠρκέσθη
2209 2619 2405 2691 τούτῳ,
2452 2619 2566 2673 ἀλλ’
2604 2621 2903 2690 ἐπήγαγεν·
2939 2621 3065 2676 Ἵνα
3090 2623 3154 2675 τὸ
3180 2622 3327 2676 αὐτὸ
3360 2625 3513 2691 ὑπὲρ

1935 2701 2226 2769 ἀλλήλων
2270 2702 2602 2772 μεριμνῶσι
2635 2702 2707 2756 τὰ
2734 2703 2893 2772 μέλη
2916 2717 2932 2733 ·
2968 2705 3162 2776 ἐτέραν
3191 2707 3283 2758 καὶ
3306 2705 3512 2776 ταύτην

1934 2786 2115 2838 αἰτίαν
2154 2786 2466 2856 προστιθεὶς
2511 2786 2607 2839 τοῦ
2655 2786 2725 2839 τὰ
2773 2786 3034 2841 ἐλάττονα
3081 2788 3328 2851 πλείονος
3376 2790 3512 2842 ἀπο-

1934 2868 2121 2921 λαύειν
2171 2870 2355 2939 τιμῆς.
2394 2870 2469 2922 Οὐ
2520 2870 2629 2941 γάρ
2675 2869 2761 2922 ἵνα
2817 2870 2891 2943 μὴ
2935 2869 3299 2942 άποσχίζηται
3349 2873 3513 2944 μόνον

1934 2954 2200 3025 ἀλλήλων,
2247 2953 2420 3018 οὕτως
2464 2952 2818 3024 ᾡκονὸμησεν
2859 2957 2888 3008 6
2927 2954 3078 3021 Θεὸς,
3129 2955 3244 3007 ἀλλ’
3295 2956 3382 3009 ἵνα
3415 2961 3512 3013 καὶ

1931 3038 2120 3110 ἀγάπη
2217 3038 2388 3109 πολλὴ
2431 3038 2524 3091 καὶ
2573 3039 2814 3108 ὁμόνοια.
2849 3040 2912 3092 Εἰ
2938 3042 3046 3110 γὰρ
3071 3041 3129 3093 ἐν
3157 3043 3223 3113 τῇ
3246 3040 3341 3094 τοῦ
3374 3041 3511 3113 πλη-

1934 3124 2048 3176 σίον
2090 3123 2337 3194 σωτηρίᾳ
2380 3123 2442 3174 τὸ
2491 3117 2632 3175 εῖναι
2674 3121 2909 3193 ἑκάστῳ,
2942 3125 3017 3194 μή
3047 3141 3138 3194 μοι
3179 3125 3241 3177 τὸ
3286 3124 3510 3180 ἔλαττον

1930 3205 2027 3259 καὶ
2049 3205 2110 3257 τὸ
2135 3205 2295 3259 πλέον
2325 3206 2484 3276 εἴπῃς
2502 3223 2518 3238 ·
2552 3204 2788 3259 ἐνταῦθα
2818 3208 2928 3277 γάρ
2954 3209 3056 3260 οὐκ
3083 3208 3200 3260 ἐστι
3229 3208 3388 3262 πλέον
3414 3214 3509 3263 καὶ

1929 3288 2168 3342 ἔλαττον.
2221 3289 2493 3352 Μένοντος
2543 3288 2652 3361 γὰρ
2698 3288 2793 3342 τοῦ
2845 3288 3118 3360 σώματος,
3149 3290 3375 3345 δυνατὸν
3413 3295 3509 3347 καὶ

1927 3372 2027 3442 τὴν
2058 3370 2323 3442 διαφορὰν
2371 3373 2531 3426 ἰδεῖν·
2579 3371 2956 3443 ἀπολλυμένου
3000 3373 3079 3438 δὲ,
3114 3373 3319 3428 οὐκέτι·
3370 3376 3508 3430 ἀπο-

1928 3453 2101 3508 λεῖται
2134 3454 2209 3520 δὲ,
2244 3453 2312 3507 ἂν
2340 3454 2415 3526 μὴ
2444 3455 2540 3509 καὶ¹
2563 3454 2633 3508 τὰ
2654 3456 2915 3509 ἐλάττονα
2951 3456 3108 3528 μένῃ.

1996 3545 2067 3608 γ’.
2090 3538 2155 3592 El
2181 3539 2359 3593 τοίνυν
2391 3540 2486 3594 καὶ
2507 3539 2577 3594 τά
2602 3540 2811 3612 μεγάλα
2839 3541 3119 3596 ἀπολεῖται
3141 3541 3251 3595 τῶν
3291 3543 3504 3615 μικρῶν

1923 3620 2369 3695 ἀπορραγέντων,
2427 3623 2630 3694 ὁμοίως
2673 3623 2881 3694 ὀφείλει
2924 3624 3100 3680 ταῦτα
3134 3625 3244 3678 τῶν
3285 3626 3501 3697 μικρῶν

1925 3705 2254 3775 φροντίζειν,
2285 3705 2382 3760 καὶ
2408 3704 2582 3771 οὕτως
2610 3706 2687 3770 ὡς
2725 3706 2956 3771 ἑαυτῶν,
2988 3706 3085 3761 άτε
3114 3707 3171 3761 ἐν
3197 3711 3262 3779 τῇ
3293 3708 3503 3763 τούτων

1924 3789 2169 3862 σωτηρίᾳ
2200 3791 2296 3844 καὶ
2326 3789 2434 3845 τῶν
2463 3789 2727 3862 μειζόνων
2751 3792 3046 3864 μενόντων.
3074 3792 3240 3845 Ὥστε
3275 3791 3376 3847 κᾶν
3400 3811 3503 3865 μυ-

1925 3874 2106 3945 ριάκις
2140 3873 2328 3945 λέγῃς,
2363 3874 2447 3927 ὅτι
2482 3875 2679 3945 ἄτιμον
2702 3875 2766 3929 τὸ
2800 3873 2963 3943 μέλος
2992 3876 3088 3929 καὶ
3112 3874 3357 3941 ἔλαττον,
3382 3875 3499 3930 ἀλλ’

1921 3956 2017 4010 ἐὰν
2046 3955 2123 4028 μὴ
2158 3956 2359 4026 ὁμοίως
2397 3960 2657 4028 προνοῇς,
2708 3956 2786 4021 ώς
2836 3960 2929 4012 καὶ
2977 3956 3199 4021 σαυτοῦ,
3253 3958 3368 4012 ἀλλ’
3421 3959 3500 4024 ὡς

1918 4041 2199 4107 ἐλάττονος
2247 4041 2480 4114 ἀμελῇς,
2513 4043 2548 4114 ἡ
2594 4041 2767 4115 βλάϐη
2801 4045 2884 4107 είς
2929 4044 2989 4097 σὲ
3020 4042 3363 4115 διαϐήσεται.
3397 4046 3499 4100 Διά

1915 4125 2077 4182 τοῦτο
2102 4122 2204 4181 οῦκ
2234 4122 2538 4192 είπεν,⁸Ίνα
2562 4124 2705 4195 ὑπὲρ
2728 4125 2974 4196 ἀλλήλων
3003 4126 3163 4191 μόνον
3190 4125 3508 4198 μεριμνῶσι-

1914 4211 1986 4265 τά
2026 4210 2186 4282 μέλη,
2209 4208 2348 4264 ἀλλά
2383 4207 2746 4281 προσέθηκεν,
2779 4210 2917 4266 Ἵνα
2944 4210 3013 4264 τὸ
3041 4211 3187 4265 αὐτὸ
3215 4209 3368 4280 ὑπὲρ
3383 4212 3495 4267 ἁλ-

1913 4293 2126 4362 λήλων
2159 4300 2509 4365 μεριμνῶσι,
2526 4294 2829 4358 τουτέστιν,
2856 4293 3051 4366 όμοίας
3077 4293 3172 4348 καὶ
3198 4295 3299 4366 τῆς
3324 4296 3498 4367 αὐτῆς

1913 4376 1993 4449 τῷ
2025 4377 2250 4448 μεγάλῳ
2279 4376 2376 4429 καὶ
2402 4378 2430 4430 6
2466 4375 2662 4447 μικρὸς
2696 4376 2946 4449 ἀπολαύῃ
2972 4376 3247 4448 προνοίας.
3270 4379 3361 4449 Μὴ
3382 4379 3496 4432 τοία⁸

1914 4478 2009 4516 νυν
2043 4461 2225 4532 εἴπῃς,
2261 4460 2342 4513 ὅτι
2379 4460 2437 4512 ’0
2470 4459 2621 4513 δεῖνα
2658 4461 2689 4513 6
2724 4460 2906 4530 τυχών
2945 4462 3114 4526 ἐστιν,
3152 4461 3267 4515 ἀλλ’
3306 4461 3493 4527 ἐννόη-

1916 4562 2009 4600 σον
2040 4546 2123 4599 ὄτι
2159 4544 2320 4614 μέλος
2347 4544 2494 4597 ἐστὶν
2523 4543 2733 4597 ἐκείνου
2757 4542 2852 4595 τοῦ
2885 4542 3135 4613 σώματος
3164 4544 3259 4597 τοῦ
3285 4544 3347 4596 τὸ
3385 4548 3493 4598 πᾶν

1917 4627 2373 4700 συγκρατοῦντος·
2415 4627 2511 4681 καὶ
2565 4626 2758 4697 ὥσπερ
2806 4628 2834 4680 ό
2890 4626 3191 4697 ὀφθαλμὸς,
3229 4626 3370 4681 οὕτω
3397 4631 3493 4683 καὶ

1914 4706 2071 4777 οὗτος
2116 4714 2264 4766 ποιεῖ
2317 4711 2478 4783 σῶμα
2511 4707 2651 4764 εἶναι
2697 4711 2759 4763 τὸ
2794 4709 2972 4781 σῶμα.
3002 4710 3171 4763 Ἔνθα
3199 4711 3308 4785 γὰρ
3336 4713 3403 4764 ἂν
3428 4714 3490 4765 τὸ

1916 4796 2079 4866 σῶμα
2124 4796 2497 4866 οίκοδομῆται,
2535 4795 2711 4858 οὐδεὶς
2763 4794 2916 4848 οὐδὲν
2958 4792 3051 4847 τοῦ
3101 4793 3328 4865 πλησίον
3373 4794 3487 4865 ἔχει

1913 4881 2098 4941 πλέον,
2131 4879 2267 4932 Οὐδὲ
2301 4879 2409 4949 γὰρ
2440 4877 2599 4932 τοῦτο
2647 4881 2793 4931 ποιεῖ
2829 4878 3009 4948 σῶμα,
3033 4877 3094 4931 τὺ
3120 4873 3260 4931 εἶναι
3290 4878 3352 4932 τὸ
3389 4881 3488 4949 μὲν

1915 4966 2121 5035 μεῖζον,
2156 4963 2218 5017 τὸ
2246 4962 2303 5015 δὲ
2328 4962 2569 5027 ἔλαττον,
2602 4961 2739 5014 ἀλλά
2768 4961 2829 5014 τὸ
2858 4960 3031 5016 πολλά
3068 4956 3208 5014 εἶναι
3236 4963 3329 5014 καὶ
3364 4963 3484 5016 διά-

1911 5064 2076 5118 φορα.
2122 5046 2336 5116 ’Ὠσπερ
2382 5048 2492 5115 γὰρ
2530 5045 2616 5108 σὺ,
2666 5043 2852 5114 ἐπειδὴ
2895 5044 3093 5114 μείζων
3121 5038 3194 5110 sl,
3231 5044 3292 5098 τὸ
3324 5045 3487 5116 σῶμα

1911 5131 2270 5200 συνέστησας,
2296 5128 2439 5182 οὕτω
2476 5130 2570 5182 καὶ
2600 5121 2775 5193 οὗτος,
2810 5127 3000 5196 ἐπειδὴ
3027 5127 3286 5184 ἐλάττων.
3321 5130 3484 5183 Ὥστε

1908 5219 1942 5287 ἡ
1982 5214 2277 5278 ἐλάττωσις
2316 5213 2502 5276 αὐτοῦ,
2551 5213 2678 5266 ὅταν
2719 5212 2814 5283 δέῃ
2839 5213 2901 5265 τὸ
2957 5212 3112 5283 σῶμα
3157 5214 3483 5283 οἰκοδομεῖν,

1912 5300 2153 5369 ίσότιμός
2203 5317 2286 5352 σοι
2341 5299 2552 5366 γίνεται
2584 5299 2664 5361 είς
2695 5297 2787 5350 τον
2833 5296 2995 5350 καλὸν
3040 5297 3228 5353 τοῦτον
3258 5298 3480 5369 ἔρανονο

1906 5386 1969 5439 τὸ
1997 5384 2107 5455 γὰρ
2131 5383 2263 5437 αὐτό
2309 5399 2390 5435 σοι
2438 5381 2699 5435 δύναται·
2751 5382 2845 5435 καὶ
2899 5382 3059 5451 δῆλον
3105 5383 3335 5438 ἐκεῖθεν.
3391 5383 3482 5452 Μὴ

1906 5468 2049 5521 ἔστω
2074 5466 2296 5520 έλαττόν
2327 5483 2381 5518 τι
2420 5466 2515 5518 καὶ
2547 5464 2734 5535 μεῖζον
2781 5465 2962 5535 μέλος,
3014 5466 3150 5537 μηδέ
3180 5466 3358 5533 τίμιον
3387 5466 3481 5517 καὶ

1906 5552 2253 5623 ἀτιμότερον,
2301 5551 2415 5604 ἀλλ’
2458 5551 2597 5604 έστω
2648 5551 2827 5605 πάντα
2876 5550 3178 5622 ὀφθαλμὸς,
3224 5549 3256 5619 ἢ
3303 5550 3477 5603 πάντα

1907 5635 2140 5707 κεφαλή·
2183 5635 2283 5687 οὐκ
2322 5634 2607 5688 ἀπολεῖται
2635 5634 2695 5688 τὸ
2725 5635 2920 5707 σῶμα;
2964 5635 3136 5689 Παντί
3167 5650 3271 5685 που
3298 5632 3476 5703 δῆλον.

1968 5850 1994 5878 λ
2018 5849 2101 5898 Sic
2121 5850 2249 5910 legit
2272 5846 2522 5908 interpres
2546 5853 2707 5904 vetus,
2729 5853 2781 5895 et
2808 5849 2879 5896 sic
2915 5846 3064 5896 habet
3088 5846 3241 5899 Savil.
3267 5845 3313 5895 in
3350 5856 3480 5894 mar-

1906 5910 2045 5977 gine,
2078 5912 2257 5961 melius
2279 5923 2424 5970 quam
2452 5910 2601 5969 Editi,
2623 5910 2682 5957 τὰ
2700 5910 2821 5958 αὐτὰ
2839 5910 3013 5959 πονεῖν.
