3962 6410
592 400 694 457 261

592 512 763 569 Πάλιν
799 510 869 567 ἃν
890 510 1070 565 πάντα
1111 502 1455 580 ἐλάττοναῇ,
1494 503 1556 557 τδ
1602 499 1735 556 αὐτὸ
1782 497 2160 569 συμϐήσεται·

587 602 732 656 ὥστε
771 601 868 655 καὶ
897 598 1072 671 ταύτῃ
1108 598 1321 650 ίσοῦται
1351 593 1422 648 τά
1447 592 1679 647 ἐλάττω.
1703 589 1767 642 Εἰ
1794 586 1851 640 δέ
1878 587 1961 640 δεῖ
1992 603 2045 638 τι
2078 585 2177 638 καὶ

589 694 754 748 πλέον
817 694 1014 755 εἰπεῖν,
1072 690 1161 742 Eva
1228 686 1364 758 μένῃ
1430 684 1616 754 σῶμα,
1680 682 1919 736 ἐλάττων
1969 678 2118 732 ἐστὶν
2150 679 2178 731 ὀ

592 786 872 839 ἐλάττωνο
912 782 1051 835 ὥστε
1099 778 1189 832 διά
1218 778 1277 831 σέ
1318 780 1467 830 ἐστιν
1505 775 1765 837 ἐλάττων,
1792 774 1877 828 ἴνα
1909 773 1972 825 σὺ
2008 772 2177 844 μένῃς

594 876 769 945 μέγας
817 871 912 925 ῶν.
946 871 1049 925 Διά
1081 870 1240 923 τοῦτο
1283 869 1379 923 καὶ
1430 868 1529 939 τὴν
1564 867 1737 938 αὐτὴν
1770 866 1995 919 ἀπαιτεῖ
2024 862 2179 933 παρά

589 962 806 1015 πάντων
854 959 1110 1029 πρόνοιαν
1133 973 1145 986 ·
1198 957 1298 1011 καὶ
1328 954 1519 1017 εἰπὼν,
1548 956 1683 1009 Ἵνα
1726 953 1794 1007 τὸ
1835 952 1983 1007 αὐτὸ
2020 949 2177 1019 ὑπὲρ

588 1051 883 1117 ἀλλήλων
926 1047 1262 1119 μεριμνῶσι
1303 1047 1377 1101 τὰ
1417 1045 1606 1116 μέλη,
1636 1041 1932 1115 έρμηνεύει
1960 1042 2022 1095 τὸ
2044 1041 2178 1094 αὐτὸ

586 1141 748 1195 τοῦτο
802 1139 989 1202 πάλιν,
1052 1138 1270 1207 λέγων·
1336 1135 1449 1191 Καὶ
1493 1135 1614 1188 εἴτε
1665 1133 1890 1201 πάσχει
1951 1130 2021 1184 ἐν
2073 1129 2177 1200 μέ-

584 1235 718 1294 λος,
751 1228 1104 1298 συμπάσχει
1158 1226 1355 1280 πάντα
1401 1225 1474 1279 τὰ
1505 1224 1692 1293 μέλη·
1727 1223 1847 1276 εἴτε
1872 1218 2177 1287 δοξάζεται

584 1322 657 1377 ἐν
708 1321 917 1391 μέλος,
960 1326 1277 1389 συγχαίρει
1333 1317 1533 1372 πάντα
1585 1315 1658 1369 τὰ
1690 1313 1872 1383 μέλη.
1917 1314 2017 1368 Διά
2066 1313 2177 1385 γάρ

582 1412 764 1478 τοῦτο,
800 1412 954 1484 φησὶ,
997 1412 1092 1465 καὶ
1132 1413 1231 1481 τὴν
1261 1410 1517 1482 πρόνοιαν
1560 1409 1746 1480 κοινὴν
1796 1408 2071 1478 ἐποίησεν,
2115 1410 2175 1460 ἐν

582 1505 821 1576 τοσαύτῃ
875 1502 1026 1576 [εει]
1084 1503 1318 1573 διαφορᾷ
1361 1500 1782 1565 κατασκευάσας
1827 1500 2040 1567 ἕνωσιν,
2089 1500 2175 1553 ἵνα

583 1596 814 1651 καὶτῶν
838 1594 1245 1650 ἀποϐαινόντων
1274 1592 1442 1663 πολλὴ
1469 1595 1503 1664 ή
1532 1592 1783 1647 κοινωνία
1906 1591 1969 1646 El
2005 1591 2113 1663 7&9
2140 1594 2174 1664 ή

582 1689 679 1743 τοῦ
731 1689 960 1755 πλησίον
1019 1687 1248 1758 πρόνοια
1298 1684 1543 1758 σωτηρία
1588 1685 1740 1755 κοινή
1768 1687 1934 1751 ἐστιν,
1959 1684 2172 1755 ἀνάγκη

583 1782 682 1836 καὶ
718 1782 818 1853 τὴν
858 1781 1015 1845 δόξαν
1058 1781 1152 1833 καὶ
1195 1777 1295 1850 τὴν
1341 1777 1580 1849 ἀθυμίαν
1625 1774 1767 1831 εἶναι
1801 1777 2004 1847 κοινήν.
2035 1777 2175 1846 Τρία

582 1875 764 1929 τοίνυν
791 1873 1027 1928 ἐνταῦθα
1060 1872 1316 1926 ἀπαιτεῖ·
1356 1870 1417 1923 τὸ
1444 1870 1518 1941 μὴ
1564 1868 1865 1940 σχίζεσθαι,
1888 1867 2004 1922 ἀλλ’
2033 1867 2174 1941 ἡνῶ-

584 1968 708 2022 σθαι
742 1967 878 2039 μετά
905 1965 1211 2035 ἀκριϐείας,
1239 1966 1299 2019 τὸ
1332 1966 1581 2035 προνοεῖν
1599 1962 1798 2033 ὁμοίως
1817 1962 2082 2034 ἀλλήλων,
2110 1962 2172 2017 τὸ

584 2058 741 2112 κοινά
769 2058 838 2112 τά
874 2057 1247 2127 συμϐαίνοντα
1295 2054 1570 2124 ήγεῖσθαι.
1616 2055 1728 2107 Καὶ
1776 2054 2034 2125 ἀπωτέρω
2073 2054 2173 2126 μέν

584 2168 770 2221 φησιν,
800 2151 882 2203 ὅτι
920 2149 1313 2220 περισσοτέραν
1342 2148 1510 2202 ἔδωκε
1550 2148 1716 2217 τιμὴν
1743 2146 1822 2218 τῷ
1858 2148 2173 2219 ὑστεροῦντι

581 2243 669 2297 διά
685 2242 744 2295 τὸ
760 2241 990 2303 δεῖσθαι,
1007 2240 1222 2302 δεικνὺς
1246 2241 1326 2294 ὅτι
1344 2240 1477 2295 αὐτὸ
1490 2240 1551 2293 τὸ
1566 2238 1911 2310 ἠλαττῶσθαι
1930 2240 2173 2311 μείζονος

581 2333 749 2402 τιμῆς
776 2331 1035 2402 πρόξενον
1061 2331 1305 2400 γέγονεν·
1336 2329 1572 2383 ἐνταῦθα
1597 2329 1764 2383 δὲκαὶ
1789 2330 1932 2384 κατά
1952 2331 2046 2385 τὸν
2073 2330 2174 2402 τῆς

581 2424 841 2493 προνοίας
870 2424 1040 2488 ἐξισοῖ
1069 2422 1226 2490 λόγον
1258 2421 1396 2475 αύτά
1434 2421 1537 2492 τῆς
1564 2421 1654 2474 ὑπ’
1682 2422 1930 2492 ἀλλήλων
1951 2422 2173 2493 γινομέ-

580 2534 698 2586 νης.
736 2516 836 2572 Διά
866 2516 976 2586 γάρ
998 2515 1155 2569 τοῦτο
1176 2515 1271 2569 καὶ
1297 2513 1543 2585 μείζονος
1570 2514 1828 2586 ἐποίησεν
1864 2515 2173 2569 ἀπολαῦσαι

578 2608 770 2678 τιμῆς,
814 2610 1002 2678 φησὶν,
1052 2606 1139 2661 ἵνα
1173 2606 1249 2678 μὴ
1281 2606 1564 2671 ἐλάττονος
1595 2606 1844 2681 ἀπολαύῃ
1892 2608 2170 2679 προνοίας.

583 2701 698 2754 Οὐκ
723 2700 973 2754 ἐντεῦθεν
998 2700 1055 2753 δέ
1089 2700 1272 2767 μόνον,
1307 2699 1445 2752 ἀλλά
1478 2700 1573 2752 καὶ
1611 2702 1675 2754 ἐκ
1702 2700 1811 2754 τῶν
1843 2701 2171 2771 συμϐαινόν-

579 2810 689 2847 των
722 2792 976 2863 χρηστῶν
1007 2795 1104 2845 καὶ
1148 2791 1410 2863 λυπηρῶν
1460 2789 1712 2862 ἀλλήλοις
1753 2792 2060 2847 συνδέδεται
2102 2793 2171 2849 τά

586 2880 744 2951 μέλη.
775 2882 885 2933 Καὶ
925 2880 1035 2951 7&9
1077 2883 1143 2952 τῇ
1188 2882 1396 2952 πτέρνῃ
1446 2880 1706 2945 πολλάκις
1755 2884 2170 2955 προσπαγείσης

581 2972 847 3043 ἀκάνθης,
872 2972 991 3025 ὅλον
1014 2972 1075 3024 τὸ
1105 2972 1264 3041 σῶμα
1294 2972 1627 3034 αἰσθάνεται,
1658 2973 1751 3026 καὶ
1783 2975 2041 3045 μεριμνᾷ.
2078 2975 2172 3028 καὶ

581 3064 753 3127 νῶτος
781 3064 1112 3133 κάμπτεται,
1157 3064 1251 3116 καὶ
1290 3064 1503 3133 γαστὴρ
1533 3063 1626 3117 καὶ
1658 3063 1825 3133 μηροὶ
1864 3064 2175 3119 συντέλλονο

582 3173 694 3217 ται,
749 3157 845 3208 καὶ⁵
884 3158 1085 3227 χεῖρες,
1122 3155 1374 3223 καθάπερ
1413 3155 1702 3226 δορυφόροι
1746 3157 1842 3209 καὶ
1900 3155 2171 3228 ὑπηρέται

585 3247 887 3317 προϊόντες,
938 3245 1221 3299 ἀνέλκουσι
1258 3248 1319 3299 τὸ
1353 3249 1548 3315 παγὲν,
1588 3247 1683 3300 καὶ
1723 3247 1936 3319 κεφαλὴ
1978 3247 2173 3302 ἐπικύ-

585 3357 730 3402 πτει,
764 3340 858 3393 καὶ
887 3339 1157 3410 ὀφθαλμοὶ
1201 3339 1340 3410 μετά
1367 3337 1569 3410 πολλῆς
1608 3338 1778 3412 δρῶσι
1817 3342 1918 3410 τῆς
1951 3339 2174 3412 φροντί-

583 3431 692 3494 δος.
727 3431 889 3484 Ὥστε
910 3434 959 3484 εἰ
993 3432 1086 3484 καὶ¹
1108 3430 1327 3484 ἔλαττον
1357 3430 1469 3502 ἔχει
1502 3429 1581 3502 τῷ
1606 3432 1683 3503 μὴ
1718 3429 1978 3485 δύνασθαι
2012 3431 2172 3486 ἀνελ-

585 3522 697 3575 οεῖν
727 3525 755 3577 ὁ
783 3523 941 3586 ποῦς,
973 3522 1109 3577 ἀλλά
1130 3522 1209 3593 τῷ
1232 3522 1329 3593 τὴν
1358 3520 1601 3594 κεφαλὴν
1624 3524 1953 3591 καταγαγεῖν
1974 3523 2036 3576 τὸ
2058 3522 2170 3577 ἴσον

584 3611 732 3682 ἔσχε,
767 3614 862 3665 καὶ
898 3614 997 3683 τῆς
1033 3613 1202 3683 αὐτῆς
1235 3610 1511 3665 ἀπέλαυσε
1549 3612 1733 3683 τιμῆς,
1783 3611 1876 3666 καὶ
1936 3610 2172 3681 μάλιστα

583 3706 713 3758 ὅταν
761 3705 838 3775 μὴ
888 3706 1073 3775 χάριτι
1119 3704 1504 3776 καταφέρωσιν
1551 3704 1720 3776 αὐτὴν
1765 3705 1814 3757 οί
1848 3703 2029 3770 πόδες,
2055 3703 2170 3759 ἀλλ’

582 3795 795 3866 ὀφειλῇ.
828 3796 992 3850 Ὥστε
1023 3798 1073 3849 εί
1103 3795 1180 3867 τῷ
1211 3794 1516 3868 τιμιωτέρα
1553 3789 1691 3850 εἶναι
1736 3794 2066 3862 πλεονεκτεῖ,
2096 3795 2173 3865 τῷ

583 3886 679 3937 καὶ
701 3885 924 3956 τοιαύτη
957 3881 1095 3940 οὖσα
1122 3886 1201 3955 τῷ
1231 3885 1474 3939 ἐλάττονι
1501 3886 1601 3959 τὴν
1624 3885 1789 3958 τιμὴν
1816 3885 2048 3955 ὀφείλειν
2079 3888 2173 3941 καὶ

582 3978 683 4048 τὴν
708 3977 1056 4049 κηδεμονίαν,
1083 3981 1178 4032 καὶ
1210 3977 1291 4051 τῷ
1313 3991 1337 4019 ο
1369 3978 1572 4049 ὁμοίως
1596 3979 1858 4043 ὡσαύτως
1887 3979 2173 4049 συναλγεῖν

590 4071 819 4140 ἰσότητα
842 4070 1085 4125 δείκνυσι
1115 4070 1337 4143 πολλήν.
1365 4072 1430 4125 Τί
1458 4073 1568 4145 γάρ
1593 4072 1831 4143 πτέρνης
1862 4072 2173 4127 εὐτελέστε-

588 4178 716 4233 ρον;
756 4162 808 4215 τί
844 4161 900 4215 δὲ
942 4163 1184 4234 κεφαλῆς
1230 4162 1587 4235 τιμιώτερον;
1628 4162 1789 4218 Ἀλλά
1827 4162 1988 4219 τοῦτο
2036 4163 2172 4235 πρὸς

586 4252 764 4306 ἐκεῖνο
796 4252 1001 4323 βαδίζει
1032 4254 1093 4307 τὸ
1130 4254 1312 4325 μέλος,
1341 4256 1437 4310 καὶ
1455 4255 1633 4311 πάντα
1664 4254 1783 4327 μεθ’
1811 4256 2011 4328 ἑαυτῆς
2038 4273 2172 4326 συγ-

586 4348 743 4400 κινεῖ.
770 4345 938 4400 Πάλιν
970 4345 1036 4401 ἂν
1069 4346 1338 4418 ὀφθαλμοί
1390 4366 1443 4402 τι
1500 4348 1735 4411 πάθωσι,
1773 4348 1952 4403 πάντα
1992 4347 2169 4417 ἀλγεῖ,

585 4438 681 4493 καὶ
709 4438 890 4492 πάντα
915 4440 973 4493 ἐν
995 4438 1187 4510 ἀργίᾳ,
1220 4440 1316 4492 καὶ
1341 4436 1465 4492 οὐτε
1496 4438 1657 4503 πόδες
1690 4438 2019 4509 βαδίζουσιν,
2046 4437 2171 4492 οὐτε

584 4531 763 4600 χεῖρες
798 4528 1143 4599 ἐργάζονται,
1168 4528 1294 4582 οὐτε
1326 4528 1540 4601 γαστὴρ
1565 4529 1828 4584 ἀπολαύει
1853 4530 1962 4581 τῶν
1985 4528 2173 4583 εἰωθό-

582 4635 711 4673 των·
748 4619 926 4673 καίτοι
964 4619 1026 4673 τὸ
1053 4620 1225 4684 πάθος
1249 4620 1356 4674 τῶν
1379 4620 1674 4691 ὀφθαλμῶν
1709 4622 1845 4673 ἐστι.
1880 4619 1947 4673 Τί
1982 4620 2170 4692 τήκεις

582 4712 683 4781 τὴν
705 4710 982 4782 γαστέρα;
1013 4710 1066 4765 τί
1091 4712 1342 4784 κατέχεις
1370 4713 1497 4777 τοὺς
1522 4713 1714 4778 πόδας;
1744 4712 1797 4767 τί
1825 4713 2045 4785 δεσμεῖς
2070 4713 2171 4778 τάς

583 4804 773 4873 χεῖρας
793 4818 809 4869 ;
832 4802 955 4857 Ὅτι
976 4803 1208 4867 έκείνοις
1232 4803 1557 4871 συνδέδεται,
1587 4805 1682 4859 κα)⁵
1707 4806 1960 4878 ἀρρήτως
1983 4805 2044 4858 τὸ
2063 4806 2171 4858 πᾶν

582 4895 786 4966 πάσχει
815 4896 993 4967 σῶμα.
1017 4897 1081 4951 EE
1107 4897 1216 4969 7&9
1242 4896 1317 4969 μὴ
1341 4897 1702 4969 συνέπασχεν,
1729 4897 1838 4952 οὐδ’
1862 4897 1927 4953 ἂν
1947 4897 2174 4968 ἠνέσχε-

583 5004 645 5041 το
664 4992 939 5044 κοινωνεῖν
966 4990 1066 5061 τῆς
1096 4990 1371 5061 προνοίας.
1430 4991 1631 5062 Διόπερ
1691 4989 1881 5053 είπὼν,
1927 4990 2053 5043 Ἵνα
2101 4988 2170 5043 τὸ

584 5079 733 5134 αὐτὸ
770 5079 923 5149 ὑπὲρ
952 5079 1246 5147 ἀλλήλων
1273 5079 1606 5150 μεριμνῶσι
1644 5083 1717 5135 τὰ
1744 5079 1921 5151 μέλη,
1959 5079 2171 5151 ἐπήγα-

586 5188 701 5241 γεν·
731 5172 870 5226 Ειτε
904 5174 1129 5243 πάσχει
1155 5172 1225 5227 ἐν
1242 5174 1453 5243 μέλος,
1484 5173 1833 5244 συμπάσχει
1860 5172 2059 5227 πάντα
2097 5171 2171 5227 τὰ

583 5263 769 5333 μέλη·
797 5264 919 5319 alte
955 5263 1262 5330 δοξάζεται
1288 5264 1359 5319 ἓν
1377 5265 1586 5335 μέλος,
1626 5265 1944 5334 συγχαιζοει
1971 5263 2171 5318 πάντα

586 5353 659 5408 τὰ
675 5352 852 5423 μέλη.
884 5354 997 5409 Καὶ
1043 5356 1162 5419 πῶς
1193 5356 1500 5427 συγχαίρει,
1526 5355 1700 5426 φησί;
1729 5355 2096 5425 Στεφανοῦται
2134 5357 2168 5425 ἡ

588 5444 821 5516 κεφαλὴ,
848 5446 943 5499 καὶ
990 5445 1138 5511 ἀπας
1179 5449 1209 5501 ὀ
1255 5446 1541 5519 ἄνθρωπος
1583 5444 1885 5513 δοξάζεται·
1924 5446 2076 5515 λέγει
2107 5447 2169 5501 τὸ

588 5535 786 5605 στόμα,
815 5537 911 5588 καὶ
935 5537 1167 5605 γελῶσιν
1186 5536 1457 5607 ὀφθαλμοὶ
1492 5537 1590 5591 καὶ
1617 5538 2021 5608 εὐφραίνονται·
2048 5538 2169 5592 καί-

584 5642 669 5679 τοι
701 5625 762 5677 οὐ
808 5624 902 5678 τοῦ
942 5626 1175 5691 κάλλους
1198 5627 1305 5680 τῶν
1337 5627 1653 5697 ὀφθαλμῶν,
1687 5628 1826 5683 ἀλλά
1860 5630 1960 5700 τῆς
1997 5631 2168 5699 γλώτ-

588 5728 686 5782 της
713 5715 747 5783 ή
775 5713 1144 5786 εὐδοκίμησις.
1175 5715 1342 5771 Πάλιν
1368 5716 1661 5787 ὀφθαλμῶν
1697 5718 1878 5775 καλῶν
1907 5723 2164 5793 φαινομέ-

652 5906 678 5935 ⁶¹
711 5904 965 5968 legebatur
983 5911 1064 5960 καὶ
1086 5912 1159 5961 τό.

1365 388 1422 444 s.
1459 380 1748 443 JOANNIS
1786 375 2277 434 cumsus'wm
2314 375 2634 432 ARCHIEP.
2675 374 3225 436 CONSTANTINOP.
3714 383 3805 440 οδε

2271 512 2399 561 νων,
2434 496 2469 566 ἡ
2503 496 2653 550 πᾶσα
2666 494 2803 566 γυνὴ
2840 491 3466 563 καλλωπίζεταιοῶσπερ
3488 490 3577 548 οὖν
3606 496 3691 550 καὶ
3727 493 3802 552 οὐ-

2279 601 2385 648 τοι,
2417 586 2513 639 καὶ⁵
2538 586 2684 656 ρινδς
2715 585 2932 649 εὐθείας
2962 586 3057 640 καὶ
3087 585 3309 654 αὐχένος
3335 583 3496 653 ὀρθοῦ
3526 586 3614 640 καὶ
3640 589 3810 660 ἐτέρων

2282 675 2458 747 μελῶν
2486 676 3005 746 ἐγκωμιαζομένων,
3037 675 3303 745 γεγήθασι
3324 676 3417 727 καὶ
3446 675 3651 746 φαιδροὶ
3667 678 3812 745 γίνονο

2275 785 2387 829 ται,
2421 768 2516 821 καὶ
2549 768 2844 838 δακρύουσι
2868 769 3029 823 πάλιν
3058 768 3198 839 μετά
3222 766 3420 837 πολλῆς
3447 766 3544 837 τῆς
3570 768 3814 840 δαψιλείας

2277 861 2336 912 ἐν
2358 862 2476 923 ταῖς
2502 860 2715 924 ὀδύναις
2737 859 2917 914 αὐτῶν
2952 861 3049 915 καὶ⁵
3075 863 3196 924 ταῖς
3237 863 3563 931 συμφοραῖς,
3591 862 3684 917 κᾶν
3711 865 3813 918 ἀσι-

2277 955 2386 1015 νεῖς
2410 952 2563 1005 αὐτοὶ⁵
2583 952 2901 1021 διαμένωσι.

2349 1131 2503 1205 [285]
2533 1132 2768 1189 δ¹.Ταῦτ’
2807 1130 2902 1190 οῦν
2939 1136 3179 1203 ἅπαντες
3199 1138 3565 1211 ὲννοήσαντες,
3593 1140 3815 1211 μιμησώ-

2277 1224 2417 1294 μεθα
2465 1224 2563 1297 τὴν
2583 1226 2804 1297 ἀγάπην
2832 1227 2941 1282 τῶν
2976 1230 3153 1301 μελῶν
3184 1229 3409 1297 τούτων,
3441 1231 3571 1301 μηδὲ
3596 1232 3815 1286 τάναντία

2276 1315 2541 1387 ποιῶμεν,
2572 1317 2994 1389 ἐπεμϐαίνοντες
3011 1325 3123 1387 τοῖς
3146 1321 3239 1377 τοῦ
3278 1323 3502 1392 πλησίον
3524 1326 3717 1390 κακοῖς,
3741 1328 3814 1382 καὶ

2276 1405 2594 1474 φθονοῦντες
2612 1410 2726 1471 τοῖς
2743 1407 2839 1462 τοῦ
2862 1409 3090 1479 πλησίον
3109 1410 3354 1479 ἀγαθοῖς·
3385 1410 3709 1482 μαινομένων
3727 1419 3813 1485 γὰρ

2273 1497 2430 1551 τοῦτο
2462 1500 2557 1553 καὶ
2587 1499 2980 1572 ἐξεστηκότων.
3011 1504 3121 1558 Καὶ
3148 1504 3256 1575 γὰρ
3283 1505 3312 1557 ὀ
3332 1502 3423 1558 τὸν
3453 1503 3713 1576 ὀφθαλμὸν
3745 1505 3813 1570 ἐξ·

2274 1591 2537 1663 ορύττων,
2574 1594 3005 1666 παραφροσύνης
3045 1595 3300 1665 μέγιστον
3341 1595 3536 1667 δεῖγμα
3569 1596 3811 1668 ἐξήνεγκε·

2274 1683 2369 1737 καὶ
2395 1684 2424 1735 ὀ
2447 1682 2546 1755 τὴν
2567 1686 2725 1756 χεῖρα
2753 1685 3076 1753 κατεσθίων,
3100 1686 3361 1760 λαμπρᾶς
3394 1689 3587 1759 μανίας
3615 1690 3813 1763 παρέχε-

2272 1788 2364 1824 ται
2392 1770 2635 1843 ἔλεγχον.
2666 1774 2729 1826 EE
2758 1773 2815 1826 δὲ
2842 1773 3065 1828 ἐπὶτῶν
3096 1775 3274 1847 μελῶν
3300 1776 3479 1840 τοῦτο,
3507 1778 3599 1831 καὶ
3621 1779 3704 1832 ἐπὶ
3729 1779 3815 1834 τῶν

2273 1863 2520 1934 ἀδελφῶν
2546 1864 2748 1935 ὁμοίως
2770 1866 3058 1935 γινόμενον
3087 1869 3517 1940 παραφροσύνης
3545 1871 3813 1942 περιτίθησι

2272 1952 2451 2021 δόξαν,
2483 1956 2576 2009 καὶ
2607 1955 2812 2029 βλάϐην
2838 1957 2899 2011 οὐ
2922 1956 3021 2030 τὴν
3047 1958 3318 2030 τυχοῦσαν
3345 1962 3560 2030 ἐπάγει.
3586 1962 3717 2025 Ἕως
3735 1963 3812 2033 μὲν

2273 2047 2382 2116 γὰρ
2415 2047 2482 2102 ἀν
2512 2051 2719 2113 ἐκεῖνος
2747 2049 2961 2122 λάμπῃ,
2993 2051 3091 2104 καὶ
3118 2053 3153 2123 ή
3185 2051 3253 2124 σὴ
3287 2052 3562 2125 εὐμορφία
3600 2055 3812 2123 φαίνεται

2271 2141 2368 2195 καὶ
2393 2140 2513 2196 ὅλον
2545 2141 2949 2209 καλλωπίζεται
2967 2144 3028 2197 τὸ
3053 2145 3233 2216 σῶμα·
3272 2146 3393 2199 οὐδὲ
3415 2146 3523 2218 7&9
3550 2148 3627 2211 είς
3657 2148 3812 2201 ἐαυτὸν

2275 2236 2437 2307 μόνον
2465 2234 2528 2289 τὸ
2554 2236 2752 2301 κάλλος
2773 2236 3140 2310 περιίστησιν,
3172 2236 3310 2292 ἀλλὰ
3338 2239 3433 2293 καὶ
3461 2240 3543 2292 σοὶ
3564 2238 3727 2292 δίδωσι
3745 2254 3811 2291 σε·

2275 2326 2589 2397 μνύνεσθαι·
2618 2327 2685 2383 ἂν
2718 2327 2777 2382 δὲ
2806 2327 3152 2402 κατασϐέσῃς
3179 2328 3366 2395 αὐτὸν,
3403 2329 3510 2401 ὅλῳ
3534 2329 3610 2400 τῷ
3637 2327 3808 2399 σώματι

2272 2419 2449 2473 κοινὸν
2472 2419 2534 2473 τὸ
2556 2420 2749 2483 σκότος
2777 2420 3041 2492 εἰργάσω.
3075 2420 3171 2473 καὶ
3212 2421 3351 2475 πᾶσι
3384 2423 3497 2486 τοῖς
3526 2422 3701 2493 μέλεσι
3732 2420 3810 2490 τὴν

2274 2510 2561 2581 συμφορὰν
2583 2511 2886 2582 ἐπήγαγες·
2933 2509 3129 2583 ὥσπερ
3161 2505 3256 2565 οὖν
3294 2512 3392 2566 ἐάν
3416 2511 3666 2585 διατηρῇς
3700 2510 3808 2580 λάμ·

2270 2619 2463 2667 ποντα,
2483 2602 2765 2675 ὁλοκλήρῳ
2788 2601 2868 2674 τῷ
2890 2602 3104 2674 σώματι
3131 2603 3231 2676 τὴν
3251 2604 3405 2677 ῶραν
3426 2604 3708 2676 διατηρεῖς.
3726 2603 3806 2656 Οὐ-

2270 2694 2379 2759 δεὶς
2413 2695 2523 2767 γάρ
2559 2712 2744 2766 φησιν,
2774 2696 2857 2750 ὅτι
2889 2695 3068 2760 Καλὸς
3094 2698 3123 2750 ὁ
3149 2696 3450 2768 ὀφθαλμὸς,
3477 2696 3611 2752 ἀλλὰ
3628 2695 3807 2763 τί;Κα-

2269 2784 2336 2858 λὴ
2371 2788 2406 2859 ἠ
2439 2787 2607 2843 δεῖνα·
2635 2788 2701 2843 ἂν
2729 2789 2786 2843 δὲ
2822 2790 2916 2843 καὶ
2948 2788 3111 2855 αὐτὸς
3142 2790 3456 2862 ἐπαινῆται,
3485 2788 3618 2861 μετά
3645 2787 3805 2842 00m-

2269 2880 2361 2935 νὺν
2389 2880 2663 2952 ἐγκώμιον
2694 2883 3013 2936 ἐπαινεῖται.
3045 2881 3201 2936 Οὕτω
3233 2882 3332 2936 καὶ
3359 2884 3420 2939 ἐν
3446 2885 3513 2955 τῇ
3558 2877 3807 2951 Ἐκκλησίᾳ

2272 2972 2581 3041 συμϐαίνει·
2627 2974 2695 3028 ἂν
2735 2974 2845 3045 7&9
2891 2968 2993 3028 ὧσί
3031 2991 3182 3039 τινες
3230 2978 3280 3030 οί
3327 2970 3806 3048 εὐδοκιμοῦντες,τὺ

2269 3064 2448 3119 κοινὸν
2472 3064 2778 3136 καρποῦται
2811 3065 2910 3137 τὴν
2932 3066 3231 3137 εὐφημίαν.
3258 3067 3326 3120 Οἱ
3354 3068 3464 3139 7&9
3493 3065 3669 3138 ἐχθροὶ
3684 3064 3736 3117 οὐ
3754 3061 3807 3117 8r

2270 3151 2488 3225 αιροῦσι
2520 3155 2591 3208 τά
2613 3155 2886 3227 ἐγκώμια,
2913 3157 3053 3211 ἀλλά
3089 3158 3445 3214 συνάπτουσι.
3477 3158 3594 3213 Κάν
3674 3173 3744 3220 τις
3762 3155 3806 3207 ἐν

2268 3236 2348 3308 τῷ
2386 3237 2563 3305 λέγειν
2591 3239 2844 3311 λάμπων,
2881 3241 2982 3293 οὐκ
3010 3241 3173 3295 αὐτὸν
3217 3243 3622 3314 ἐγκωμιάζουσι
3660 3240 3804 3313 μόνον,

2270 3328 2407 3383 ἀλλά
2455 3331 2550 3385 καὶ
2598 3332 2699 3402 τὴν
2731 3331 3057 3404 Ἐκκλησίαν
3093 3334 3337 3390 ἃπασαν.
3374 3335 3510 3391 Οὐδὲ
3549 3335 3651 3407 γάρ
3678 3345 3805 3404 φασιν

2270 3420 2351 3475 ὅτι
2394 3420 2706 3494 θαυμαστὸς
2753 3424 2783 3476 ὀ
2829 3423 2976 3479 δεῖνα
3010 3425 3192 3496 μόνον,
3223 3427 3363 3481 ἀλλά
3406 3428 3495 3495 τί;
3544 3420 3804 3496 θαυμαστὸν

2270 3512 2454 3584 έχουσι
2508 3514 2831 3571 διδάσκαλον
2887 3518 2939 3570 οί
3006 3518 3359 3589 Χριστιανοί·
3420 3521 3514 3574 καὶ
3562 3516 3719 3573 κοινὸν
3760 3511 3802 3565 τδ

2271 3605 2456 3677 κτῆμα
2502 3607 2768 3662 ποιοῦσιν.
2824 3604 2960 3663 Εἶτα
3016 3610 3278 3679 ’Έλληνες
3346 3612 3448 3684 μὲν
3499 3610 3797 3666 συνάπτουσι.

2271 3699 2338 3752 σύ
2395 3697 2454 3752 δέ
2502 3699 2751 3770 διαιρείς,
2786 3702 2884 3755 καὶ
2940 3701 3200 3774 πολεμεῖς
3255 3704 3337 3775 τῷ
3390 3702 3584 3759 σαυτοῦ
3634 3698 3799 3768 σώματι

2270 3792 2366 3846 καὶ⁵
2403 3792 2542 3847 κατά
2590 3792 2701 3846 τῶν
2749 3794 2966 3848 οἰκείων
3012 3795 3232 3851 ίστασαι
3277 3797 3489 3869 μελῶν;
3527 3796 3633 3849 Οὐκ
3663 3785 3796 3848 οἶσθα,

2271 3884 2353 3937 ὅτι
2410 3882 2570 3938 τοῦτο
2626 3888 2803 3941 πάντα
2851 3887 3178 3960 ἀνατρέπει;
3232 3892 3332 3947 καὶ
3386 3891 3495 3961 7&9
3532 3888 3620 3943 καὶ
3662 3887 3797 3936 Bam-

2271 3978 2429 4045 λεία,
2462 3981 2647 4052 φησιν,
2678 3979 3039 4050 ἑεοόἐαυτὴν
3060 3983 3423 4051 μερισθεῖσα
3454 3984 3525 4037 οὐ
3556 3972 3796 4040 σταθήσε-

2272 4086 2386 4126 ται.

2342 4255 2507 4309 Οὐδὲν
2549 4254 2607 4308 δὲ
2635 4253 2781 4307 οὐτω
2809 4254 3022 4326 μερίζει
3067 4255 3163 4309 καὶ
3200 4255 3490 4329 διίστησιν,
3526 4254 3595 4318 ὡς
3649 4247 3793 4319 φθόνος

2273 4345 2364 4400 καὶ
2390 4344 2681 4415 βασκανία,
2713 4343 2774 4397 τὸ
2796 4343 3035 4415 χαλεπὸν
3073 4344 3232 4399 τοῦτο
3258 4345 3495 4417 νόσημα,
3537 4343 3621 4399 καὶ
3657 4338 3791 4404 πάσης

2269 4437 2717 4509 ἀπεστερημένον
2753 4434 3107 4509 συγγνώμης.
3144 4435 3238 4491 καὶ
3284 4437 3388 4508 τῆς
3426 4438 3532 4491 τῶν
3558 4432 3716 4489 κακῶν
3738 4425 3790 4499 ῥί-

2271 4530 2373 4603 ζης
2400 4531 2545 4588 κατά
2578 4547 2632 4583 τι
2670 4529 3074 4601 χαλεπώτερον.
3129 4529 3187 4583 '0
3237 4530 3339 4601 μὲν
3374 4530 3481 4602 γὰρ
3519 4527 3788 4599 φιλάργυρος

2270 4625 2393 4678 τότε
2434 4622 2643 4694 ἥδεται,
2685 4624 2817 4677 ὃταν
2840 4621 3005 4685 αὐτὸς
3040 4620 3213 4694 λάϐῃ·
3253 4622 3284 4675 ὀ
3326 4622 3384 4677 δὲ
3427 4621 3675 4693 βάσκανος
3703 4611 3783 4666 τότε

2269 4717 2478 4789 ἥδεται,
2502 4715 2630 4769 ὅταν
2668 4715 2855 4787 ἔτερος
2889 4715 2963 4785 μὴ
2993 4714 3157 4786 λάϐῃ,
3186 4716 3287 4788 οὐχ
3320 4716 3447 4770 ὅταν
3471 4714 3623 4773 αὐτὸς
3654 4701 3778 4769 λάσίΓ

2270 4808 2592 4881 εὐεργεσίαν
2634 4807 2742 4878 γὰρ
2781 4807 2993 4860 οἰκείαν
3037 4807 3251 4877 νομίζει
3298 4806 3397 4879 τὴν
3440 4806 3630 4877 ἑτέρων

2270 4878 2532 4973 πράγίαν,
2559 4899 2620 4951 οὐ
2644 4898 2745 4969 τὴν
2777 4898 2983 4975 οίριείαν
3005 4898 3328 4970 εὐημερίαν,
3357 4899 3528 4959 κοινός
3546 4910 3622 4971 τις
3644 4878 3778 4975 ἐχθρδξ

2267 4971 2368 5065 τῆς
2404 4992 2511 5046 τῶν
2554 4971 2856 5063 ἀνθρώπων
2905 4991 3331 5062 περιερχόμενος
3369 4990 3595 5060 φύσεως,
3629 4980 3704 5036 καὶ
3735 4971 3781 5065 τὰ

2266 5063 2362 5138 τοῦ
2392 5082 2631 5155 Χριστοῦ
2659 5083 2798 5155 μέλη
2819 5082 3065 5146 τύπτων,
3095 5074 3157 5136 οῦ
3206 5082 3260 5136 τί
3288 5080 3481 5152 γένοιτ’
3509 5080 3571 5135 ἀν
3596 5063 3780 5155 μανικῷ⁴

2266 5154 2457 5249 τερονὲ
2500 5178 2560 5232 '0
2584 5154 2795 5247 δαίμων
2832 5175 3021 5246 φθονεῖ
3046 5176 3168 5248 μὲν,
3214 5175 3330 5229 ἀλλ’
3362 5171 3666 5245 ἀνθρώποις,
3694 5154 3779 5213 δαί-

2271 5287 2394 5340 μονι
2444 5269 2500 5323 δὲ
2543 5268 2753 5323 οὐδενί·
2814 5270 2880 5322 σὺ
2925 5268 2984 5322 δὲ
3036 5268 3323 5341 ἄνθρωπος
3386 5265 3482 5329 ὢν,
3534 5253 3779 5328 ἀνθρώποις

2268 5360 2484 5430 φθονεῖς
2491 5401 2506 5427 ν
2530 5360 2624 5414 καὶ
2653 5360 2791 5433 πρὸς
2814 5359 2878 5414 τὸ
2905 5340 3179 5430 ὁμόφυλον
3205 5358 3420 5412 ῖστασαι
3444 5354 3532 5409 καὶ
3554 5340 3773 5433 ὁμογενὲξτ

2265 5428 2403 5524 δπερ
2441 5451 2562 5507 οὐδὲ
2588 5454 2619 5507 ὀ
2647 5428 2858 5522 δαίμων
2880 5428 3045 5508 ποιεῖ.
3077 5450 3189 5504 Καὶ
3217 5450 3376 5513 ποίας
3405 5443 3560 5515 τεύξῃ
3583 5428 3777 5505 συγγνώ⁴

2269 5559 2397 5613 μης.
2431 5541 2591 5605 ποίας
2618 5539 2675 5594 δὲ
2703 5539 3018 5609 ἀπολογίας,
3062 5539 3189 5593 ὅταν
3224 5537 3339 5613 ίδῃς
3378 5531 3589 5601 ἀδελφὸν
3618 5525 3777 5617 εὐημεῗ

2269 5634 2464 5705 ροῦντα
2490 5634 2712 5706 τρέμων
2743 5633 2839 5686 καὶ⁸
2881 5630 3121 5703 ὠχριῶν,
3164 5625 3560 5715 στεφανοῦσθαι,
3580 5616 3681 5715 δέον

2263 5729 2477 5800 χαίρειν
2503 5728 2597 5781 καὶ
2628 5725 2986 5795 ἀγάλλεσθαι;
3013 5726 3077 5778 EE
3098 5725 3155 5779 δὲ
3191 5726 3284 5779 καὶ
3302 5717 3489 5792 ζηλοῦν
3514 5710 3704 5800 ἐθέλεις,
3728 5710 3776 5800 οὐ

2264 5788 2457 5874 κωλύω
2475 5836 2489 5851 ·
2527 5788 2791 5892 ζήλωσον,
2824 5818 2940 5873 ἀλλ’
2970 5788 3059 5873 Eva
3088 5817 3208 5873 κατ’
3237 5788 3436 5870 ἐκεῖνον
3455 5806 3574 5877 γένῃ
3604 5797 3680 5851 τὸν
3702 5788 3775 5892 εἷθ’

2267 5878 2593 5985 ὃοκιμοῦντσί
2612 5928 2625 5943 ·
2651 5911 2726 5984 μὴ
2748 5878 2834 5968 ἵνα
2860 5913 3021 5970 αὐτὸν
3044 5910 3428 5978 καταϐιϐάσῃς,
3450 5897 3555 5958 ἀλλ’
3574 5894 3647 5947 ἴνα
3666 5878 3774 5950 πρὲς
