3962 6432
225 415 303 472 2n
1092 387 1105 391 ’
1232 397 1298 455 tN
1334 395 1554 453 EPlS‘t‘.
1596 394 1616 450 ι
1681 392 1771 450 AD
1812 389 1968 451 con.
2009 390 2238 449 HoutL.
2291 390 2483 447 xxxr

221 538 343 579 etum
369 527 454 589 tu,
480 514 604 592 quia
630 515 799 590 major
821 531 899 579 es.
927 530 1121 587 corpus
1147 513 1427 568 constituis
1454 529 1467 565 :
1496 512 1565 566 ita
1590 518 1648 565 et
1667 508 1772 572 hic,

216 611 325 685 quia
347 614 545 670 minor.
578 611 762 683 Itaque
783 610 1046 682 pusillitas
1075 608 1214 676 ejus,
1246 621 1367 661 cum
1395 620 1588 674 corpus
1616 603 1783 656 aedili-

214 718 328 759 care
353 711 610 772 oportet,
664 718 758 769 par
776 701 868 755 tibi
901 698 1104 753 honore
1143 696 1200 750 fit
1236 696 1303 750 ad
1343 696 1480 749 hanc
1507 693 1781 764 pulchram

209 794 612 857 collectionem;
648 792 874 860 idipsum
897 791 1036 845 enim
1070 797 1245 858 potest
1269 787 1408 857 quod
1438 797 1489 838 tu
1516 804 1530 839 :
1563 786 1612 838 id
1643 781 1783 854 quod

209 886 323 940 inde
346 887 519 954 palam
539 894 639 938 est.
656 883 769 937 Non
785 882 950 936 sitvel
970 883 1143 935 minus
1165 880 1248 934 vel
1270 880 1440 947 majus
1460 878 1782 939 membrum,

209 990 301 1029 mc
328 975 618 1028 honestum
651 985 706 1027 et
732 974 904 1027 minus
948 973 1231 1025 honestum
1261 1012 1274 1031 ,
1303 968 1397 1023 sed
1443 970 1550 1023 sint
1604 970 1783 1023 omnia

208 1066 390 1120 oculus
416 1108 430 1129 ,
462 1074 555 1118 aut
583 1066 760 1119 omnia
789 1071 950 1132 caput
978 1078 991 1111 :
1047 1076 1227 1115 annon
1262 1060 1456 1130 peribit
1481 1073 1679 1127 corpus
1722 1058 1786 1110 il-

207 1159 347 1214 lud?
393 1157 449 1212 ld
498 1157 672 1212 cuivis
720 1153 1059 1209 manifestum
1118 1163 1220 1207 est.
1276 1152 1484 1205 Rursus
1515 1150 1558 1203 si
1606 1149 1783 1203 omnia

206 1255 310 1309 sint
331 1253 559 1315 minora,
578 1251 806 1319 idipsum
825 1248 1056 1303 eveniet.
1080 1247 1262 1316 Itaque
1289 1246 1339 1300 in
1363 1245 1467 1299 hoc
1491 1244 1650 1297 etiam
1675 1244 1744 1296 mi
1761 1270 1780 1281 -

207 1359 332 1398 nora
364 1353 490 1398 sunt
517 1341 765 1410 mqualia.
792 1338 846 1394 Si
878 1353 1004 1393 vero
1025 1346 1270 1408 oporteat
1297 1336 1423 1407 quid
1445 1335 1674 1404 amplius
1701 1334 1783 1387 di-

202 1450 345 1499 cere,
372 1443 430 1488 ut
454 1442 667 1488 maneat
697 1447 912 1500 corpus,
944 1431 1119 1484 minor
1143 1439 1230 1485 est
1257 1431 1301 1483 is
1328 1429 1416 1499 qui
1444 1428 1621 1482 minor
1641 1444 1655 1480 :
1676 1426 1781 1479 ita-

201 1542 308 1597 que
339 1536 559 1595 propter
590 1533 641 1578 te
670 1525 846 1577 minor
864 1533 967 1587 est,
988 1536 1040 1574 nt
1068 1531 1119 1575 tu
1144 1536 1371 1589 magnus
1396 1534 1630 1573 maneas.
1661 1516 1785 1570 Ideo

201 1616 446 1671 eamdem
500 1616 668 1686 exigit
703 1615 771 1667 ab
819 1613 1073 1668 clunibus
1120 1611 1626 1681 providentiam;et
1663 1624 1782 1662 cum

201 1709 463 1772 dixisset,
519 1707 587 1762 Ut
641 1708 705 1761 de
745 1706 917 1761 eodem
938 1722 1031 1776 pro
1059 1721 1113 1759 se
1150 1706 1363 1758 invicem
1419 1701 1638 1756 sollicita
1686 1700 1785 1753 sint

201 1801 446 1867 membra,
476 1801 579 1854 hoc
603 1814 789 1853 rursus
814 1800 1197 1867 interpretatur
1218 1797 1405 1849 dicens
1430 1812 1442 1846 :
1472 1792 1561 1847 26.
1593 1791 1661 1845 Et
1684 1794 1785 1844 sive

198 1893 323 1962 quid
371 1893 563 1962 patitur
617 1908 770 1944 unum
824 1890 1100 1944 ntembrum
1127 1929 1143 1956 ,
1186 1888 1567 1958 compatiuntur
1616 1887 1786 1938 omnia

197 1984 423 2038 membra
449 2000 469 2038 :
497 1985 603 2037 sive
638 1983 887 2054 glorialur
914 1999 1072 2036 unum
1117 1980 1418 2043 membrum,
1466 1976 1785 2047 congaudent

194 2077 373 2128 omnia
420 2075 662 2129 membra.
725 2072 849 2128 Ideo
901 2072 1083 2138 enim,
1141 2072 1350 2142 inquit,
1397 2069 1782 2139 providentiam

190 2179 543 2220 communem
574 2164 724 2228 fecit,
751 2165 800 2216 in
829 2173 974 2217 tanta
1003 2162 1304 2217 differentia
1353 2160 1609 2214 unitatem
1649 2174 1783 2213 con-

191 2259 445 2318 stituens,
469 2265 529 2310 ut
550 2271 737 2311 eorum
761 2257 922 2310 etiam
949 2271 1068 2326 qu:c
1087 2255 1403 2323 contingunt
1422 2269 1612 2324 magna
1641 2261 1784 2307 esset

187 2352 527 2408 communio.
555 2350 687 2405 Nam
717 2351 760 2404 si
792 2366 912 2421 qua:
937 2350 1140 2419 geritur
1170 2364 1299 2419 erga
1328 2348 1633 2418 proximum
1665 2360 1783 2415 pro-

188 2444 455 2510 videntia,
485 2444 787 2499 communis
814 2453 897 2497 est
925 2444 1091 2504 salus,
1123 2458 1342 2497 necesse
1365 2449 1453 2495 est
1478 2448 1529 2494 et
1555 2438 1780 2510 gloriam

186 2548 246 2592 et
279 2514 571 2594 maiorem
601 2553 941 2592 communem
965 2551 1106 2591 esse.
1149 2535 1271 2590 Tria
1305 2535 1467 2607 igitur
1488 2535 1576 2588 hic
1594 2533 1777 2603 requi-

187 2631 286 2695 rit,
321 2646 431 2683 non
460 2629 712 2694 discindi,
743 2628 837 2683 sed
864 2636 1116 2683 accurate
1135 2627 1355 2697 junctus
1401 2639 1522 2680 esse
1551 2640 1567 2690 ;
1603 2624 1783 2693 provi-

176 2722 430 2778 dentiam
460 2730 697 2777 mutuam
718 2722 969 2776 similiter
988 2721 1122 2791 geri;
1137 2733 1198 2774 ea
1222 2736 1340 2789 quae
1357 2715 1603 2773 accidunt
1628 2731 1781 2771 com-

178 2814 378 2867 munia
438 2813 699 2883 reputari.
749 2812 814 2866 Et
864 2814 1111 2882 superius
1161 2812 1376 2881 quidem
1428 2809 1589 2876 dicit,
1636 2806 1781 2878 quod

175 2904 647 2959 abundantiorem
700 2903 912 2959 dederit
955 2903 1216 2958 honorem
1246 2905 1295 2958 ei
1341 2903 1425 2956 cui
1470 2901 1663 2966 deest,
1713 2914 1782 2955 eo

172 2995 328 3063 quod
362 3005 559 3067 egeat;
591 2996 901 3058 ostendens,
926 2993 1065 3064 quod
1103 2994 1346 3048 defectus
1375 2993 1489 3062 ipse
1520 2991 1780 3061 majorem

171 3086 765 3141 concilirtlmuorem:
799 3084 886 3139 hic
912 3095 1091 3139 autem
1135 3084 1252 3138 illos
1297 3092 1544 3153 exmquat
1589 3097 1781 3137 secun-

170 3176 307 3231 dum
341 3178 488 3248 quod
518 3177 609 3231 alii
630 3177 853 3231 aliorum
886 3185 1124 3231 mutuam
1159 3175 1549 3245 providentiam
1588 3189 1777 3245 gerere

169 3269 410 3324 debent.
458 3269 587 3324 Ideo
631 3284 863 3339 namque
908 3268 1110 3324 curavit
1146 3277 1203 3322 ut
1236 3268 1425 3337 majori
1477 3269 1781 3321 fruerentur

171 3361 419 3423 honore.
469 3363 677 3431 inquit,
722 3372 776 3415 ut
816 3379 883 3416 ne
922 3361 1113 3415 minori
1171 3376 1299 3416 cura
1353 3369 1408 3416 et
1446 3360 1778 3429 providentia

172 3453 456 3507 fruantur.
488 3454 603 3508 Non
627 3452 753 3508 hinc
782 3465 963 3508 autem
990 3453 1188 3519 solum,
1226 3454 1318 3508 sed
1347 3453 1509 3509 etiam
1537 3469 1599 3506 ex
1625 3452 1779 3508 bonis

169 3556 229 3599 et
265 3546 522 3600 tristibus
550 3562 673 3617 qua:
700 3547 972 3607 accidunt,
1019 3547 1259 3601 membra
1304 3546 1644 3614 colligantur.
1680 3545 1777 3600 Et-

168 3640 325 3693 enim
357 3639 555 3709 planttc
585 3641 736 3708 pedis
784 3654 928 3709 saepe
956 3638 1115 3693 inﬁxa
1140 3640 1313 3708 Spina,
1363 3647 1532 3693 totum
1581 3653 1777 3707 corpus

170 3745 348 3786 sensu
367 3741 419 3787 cl
436 3731 793 3786 sollicitudine
820 3731 1074 3796 aflieitur,
1101 3740 1156 3785 et
1177 3731 1398 3785 dorsum
1422 3730 1658 3784 ﬂectitur
1681 3769 1697 3794 ,
1722 3738 1779 3783 et

172 3834 374 3877 venter
394 3833 449 3878 et
468 3821 673 3877 femora
717 3823 1147 3892 comprimuntur
1167 3861 1184 3887 ,
1209 3830 1262 3877 et
1285 3835 1476 3875 manus
1507 3830 1777 3888 tamquam

173 3915 448 3969 satellites
473 3922 530 3969 et
559 3914 791 3968 ministri
841 3915 1213 3983 procedentes,
1265 3912 1410 3984 quod
1439 3913 1661 3967 infixum
1691 3923 1778 3969 est

175 4006 499 4073 extrahunt,
521 4014 579 4061 et
598 4016 760 4075 caput
785 4006 1075 4062 inclinatur
1098 4048 1114 4072 ,
1144 4006 1394 4076 oculique
1422 4019 1543 4059 cum
1566 4021 1694 4059 cura
1725 4015 1779 4061 et

177 4099 554 4155 sollicitudine
592 4116 780 4170 magna
836 4100 1155 4170 respiciunt.
1214 4098 1287 4153 lta
1334 4108 1393 4153 ut
1434 4098 1645 4154 etiamsi
1684 4114 1778 4168 pes

181 4191 364 4244 minus
405 4189 632 4256 habeat,
662 4190 804 4260 quod
832 4207 939 4244 non
969 4191 1137 4259 possit
1156 4191 1453 4246 ascendere
1478 4206 1492 4255 ;
1541 4199 1776 4244 attamen

180 4282 325 4352 quod
358 4293 520 4352 caput
552 4282 858 4349 deduxerit,
893 4299 988 4352 par
1015 4283 1113 4352 ipsi
1145 4293 1249 4349 est,
1281 4294 1335 4338 et
1365 4282 1554 4338 eodem
1584 4281 1778 4336 fruitur

180 4375 396 4429 honore
428 4391 445 4437 ;
478 4375 711 4429 maxime
732 4390 862 4430 vero
893 4375 1033 4444 quod
1070 4375 1234 4444 pedes
1281 4375 1551 4430 deducant
1604 4375 1775 4444 ipsum

183 4482 294 4522 non
325 4482 423 4537 per
450 4468 701 4537 gratiam,
723 4467 816 4522 sed
847 4483 941 4537 per
979 4467 1243 4522 debitum.
1288 4468 1495 4535 Itaque,
1542 4468 1585 4520 si
1635 4466 1778 4536 quod

186 4559 507 4613 honoratius
534 4559 599 4613 sit
633 4570 871 4628 superet,
896 4574 961 4613 ex
991 4575 1056 4612 eo
1083 4559 1222 4629 quod
1243 4560 1349 4613 tale
1378 4574 1498 4613 cum
1524 4559 1613 4624 sit,
1640 4558 1778 4613 infe-

193 4651 319 4705 riori
340 4650 540 4705 debeat
570 4651 829 4705 hooorem
850 4659 904 4705 et
926 4650 1373 4712 sollicitudinem,
1407 4660 1461 4704 et
1489 4652 1629 4721 quod
1657 4666 1776 4705 eum

192 4744 306 4814 ipso
328 4740 534 4805 doleat,
568 4741 697 4796 hinc
744 4741 1099 4811 a‘qualilatem
1127 4740 1349 4795 multam
1375 4742 1583 4810 probat.
1640 4741 1778 4809 Quid

195 4836 336 4887 enim
363 4841 445 4887 est
467 4833 648 4903 planta
681 4833 832 4903 pedis
851 4833 1049 4887 vilius?
1081 4832 1206 4901 quid
1238 4831 1412 4901 capite
1441 4834 1729 4902 pretiosius
1757 4833 1782 4885 ?

199 4931 299 4985 Sed
325 4931 428 4987 hoc
458 4930 605 4985 vadit
632 4930 698 4984 ad
734 4929 860 4984 illud
920 4929 1221 4984 membrum
1248 4971 1263 4992 ,
1289 4938 1344 4983 et
1373 4929 1551 4983 omnia
1596 4944 1779 4983 secum

195 5035 516 5080 commovet.
561 5024 793 5080 Rursum
824 5025 868 5077 si
902 5023 1043 5077 oculi
1087 5021 1212 5092 quid
1261 5023 1531 5090 patiantur
1553 5063 1568 5083 .
1602 5022 1782 5076 omnia

194 5120 395 5183 dolent,
419 5127 477 5172 et
502 5117 681 5171 omnia
714 5117 765 5170 in
796 5117 909 5171 otio
953 5126 1078 5171 sunt
1106 5131 1122 5178 ;
1154 5125 1208 5170 et
1245 5129 1419 5185 neque
1452 5113 1617 5184 pedes
1663 5130 1785 5185 ιιι-ει.

194 5212 432 5274 dinntnr,
468 5225 644 5282 neque
674 5225 867 5264 manus
892 5217 1208 5279 operantur,
1241 5223 1414 5277 neque
1443 5215 1633 5262 venter
1655 5207 1786 5261 soli-

196 5308 261 5360 tis
287 5304 450 5359 rehus
478 5304 670 5359 fruitur
698 5323 712 5360 :
742 5306 886 5373 atqui
911 5305 1193 5358 infirmitas
1216 5313 1300 5375 est
1319 5303 1619 5357 oculorum.
1680 5305 1787 5356 Cur

197 5405 436 5450 ventrem
468 5394 747 5465 liquefacis
766 5396 790 5449 ἲ
807 5411 904 5451 cor
934 5394 1095 5465 pedes
1116 5394 1358 5449 retines?
1385 5410 1481 5447 cur
1504 5409 1694 5447 manus
1715 5393 1784 5447 li-

201 5490 336 5554 gas?
388 5487 656 5557 Quoniam
709 5490 816 5545 illis
843 5504 904 5544 es
924 5489 1191 5558 alligatus,
1223 5498 1279 5544 et
1321 5488 1577 5544 ineffabili
1623 5487 1784 5542 modo

202 5590 392 5645 corpus
416 5588 584 5635 totum
609 5582 826 5650 patitur.
875 5579 986 5634 Nisi
1028 5580 1168 5633 enim
1215 5588 1633 5651 compateretnr,
1676 5594 1783 5633 non

205 5665 546 5722 sustinuisset
585 5686 707 5726 esse
735 5672 939 5725 socium
983 5686 1127 5726 cura:
1155 5680 1210 5725 et
1239 5670 1611 5741 providentize.
1658 5667 1784 5724 Ideo

206 5772 322 5813 cum
373 5755 631 5817 dixisset,
688 5759 755 5812 Ut
799 5761 851 5814 in
875 5761 1098 5829 idipsnm
1128 5778 1219 5833 pro
1244 5778 1297 5815 se
1321 5761 1532 5815 invicem
1563 5758 1783 5813 sollicita

208 5849 297 5903 aint
325 5847 570 5903 ntenibrn.
599 5846 908 5913 subjnnxit:
941 5852 1058 5905 Sive
1083 5854 1446 5922 patiturunnm
1476 5850 1774 5919 membrum,

550 5948 821 6008 PATROL.
869 5950 982 6010 Gn.
1035 5954 1194 6016 LXI.

3381 400 3489 456 26?.

1893 508 2269 578 compatiuntur
2310 507 2481 562 omnia
2528 509 2751 564 membra
2775 526 2795 564 :
2818 513 2920 566 sive
2962 509 3284 583 gloriﬁcatur
3332 532 3523 577 unum,

1895 598 2176 652 membrum
2199 640 2215 664 ,
2264 599 2585 668 congaudent
2622 602 2794 655 omnia
2824 604 3067 658 membra.
3102 605 3170 660 Et
3215 606 3488 675 quomodo

1892 689 2253 760 congaudent,
2288 691 2541 762 inquies?
2568 693 2874 751 Coronatur
2918 708 3099 766 caput,
3130 709 3184 754 et
3213 710 3357 754 totus
3388 700 3490 756 ho-

1894 796 1983 835 mo
2036 781 2369 850 gloriﬁcatur
2396 802 2409 836 :
2440 800 2765 854 quamquam
2788 801 2850 839 os
2874 787 3026 850 dicit.
3059 800 3115 844 et
3140 790 3317 847 rident
3342 790 3487 848 oculi

1890 884 1947 927 et
1971 872 2254 929 lmtantur:
2290 891 2397 930 non
2427 886 2508 930 est
2535 880 2812 934 oculorum
2848 882 3233 951 pulchritudo,
3266 886 3361 941 sed
3385 888 3488 942 litt-

1890 981 2008 1037 gna:
2038 966 2305 1022 facundia.
2341 969 2545 1025 ltursus
2570 1011 2585 1033 ,
2617 972 2663 1025 si
2694 973 2899 1041 pulchri
2943 987 3245 1045 appareant
3292 978 3435 1034 oculi
3467 1022 3483 1042 ,

1893 1064 1999 1111 tota
2033 1059 2224 1113 mulier
2250 1069 2503 1114 ornatur:
2537 1065 2676 1117 sicut
2702 1064 2863 1120 etiam
2889 1068 3053 1132 oeuli,
3087 1070 3130 1122 si
3169 1078 3350 1124 rectus
3390 1086 3485 1124 na-

1890 1166 2004 1215 sus,
2030 1153 2229 1207 collum
2282 1163 2518 1221 rectum,
2544 1166 2597 1210 ct
2625 1157 2726 1210 alia
2769 1159 3007 1213 membra
3038 1161 3340 1229 laudentur,
3393 1163 3484 1217 lte-

1892 1252 2071 1298 tantur
2090 1254 2143 1300 ct
2169 1261 2280 1315 prro
2301 1247 2495 1317 gaudio
2515 1249 2751 1317 gestiunt
2776 1267 2790 1311 ;
2821 1265 2884 1304 ac
2913 1266 3126 1307 rursum
3172 1254 3476 1326 laet'yman-

1892 1344 1976 1389 tur
2008 1337 2056 1389 in
2098 1336 2377 1392 doloribus
2400 1349 2455 1394 et
2476 1339 2875 1397 calamitatibus
2893 1358 3104 1411 eorum,
3145 1347 3354 1402 etiamsi
3382 1348 3481 1418 ipsi

1891 1429 2041 1483 illa-si
2069 1441 2338 1486 maneant.

1961 1524 2012 1576 4.
2043 1521 2169 1578 Πειιο
2198 1538 2326 1594 ergo
2352 1541 2541 1580 omnes
2593 1528 2910 1598 cogitantes,
2960 1531 3233 1586 imitemur
3283 1532 3472 1587 borum

1889 1614 2253 1668 membrorum
2284 1614 2648 1681 dilectionem,
2689 1636 2862 1690 neque
2901 1624 3167 1678 contraria
3203 1624 3479 1691 faciamus,

1891 1704 2046 1758 malis
2076 1708 2303 1773 proximi
2338 1709 2680 1777 insultantes,
2710 1721 2766 1767 et
2809 1714 2925 1782 ejus
2951 1716 3106 1770 bonis
3139 1717 3480 1772 inridentes:

1892 1793 2180 1849 furentium
2209 1799 2353 1852 enim
2384 1799 2487 1854 hoc
2514 1809 2597 1855 est
2621 1811 2676 1856 et
2701 1818 2887 1857 eormn
2914 1805 3001 1874 qui
3030 1807 3079 1860 in
3097 1822 3178 1861 CXt
3197 1823 3318 1862 08>"
3344 1824 3486 1863 men-

1892 1888 1959 1942 tis
1980 1891 2345 1945 snnt.Etenim
2366 1892 2456 1961 qui
2486 1892 2673 1948 cll'odit
2694 1897 2931 1963 oculum,
2956 1900 3252 1953 maximum
3285 1900 3486 1969 profert

1888 1981 2136 2036 amentia:
2161 1982 2372 2052 signum
2403 2000 2417 2037 :
2447 1992 2502 2038 et
2546 1986 2635 2055 qui
2663 2002 2879 2043 manum
2910 1990 3111 2055 exedit,
3168 2003 3370 2059 aperta:
3399 1993 3484 2048 in-

1890 2074 2054 2128 saniae
2079 2085 2451 2145 argumentum
2476 2079 2696 2147 pnrbet.
2727 2079 2781 2135 Si
2809 2090 2986 2135 autem
3008 2082 3109 2137 hoc
3132 2084 3182 2137 in
3203 2084 3484 2149 membris,

1889 2162 1941 2216 in
1974 2163 2226 2218 fratribus
2272 2166 2521 2221 similiter
2570 2168 2865 2224 admissum
2919 2171 3239 2238 insipientia:
3287 2172 3482 2230 famam

1890 2254 2066 2317 affert,
2099 2264 2151 2309 et
2178 2271 2284 2309 non
2319 2258 2433 2312 leve
2461 2257 2842 2316 detrimentum
2880 2262 3099 2318 inducit.
3130 2262 3263 2319 Nam
3290 2281 3483 2337 quam-

1891 2346 1982 2400 diu
2030 2347 2119 2401 ille
2164 2348 2496 2417 resplendet,
2533 2358 2620 2404 tua
2649 2368 2863 2423 quoque
2911 2353 3081 2409 forma
3129 2367 3373 2425 apparet,
3428 2367 3486 2412 ct

1889 2452 2086 2508 corpus
2116 2446 2284 2494 totum
2312 2450 2567 2506 ornatur;
2600 2459 2773 2513 neque
2814 2445 2957 2500 enim
2984 2446 3048 2498 ad
3077 2462 3137 2502 se
3156 2447 3330 2502 solum
3363 2449 3485 2516 pul-

1890 2531 2245 2587 chritudinem
2273 2533 2505 2599 adducit,
2536 2534 2628 2589 sed
2652 2547 2705 2589 et
2736 2537 2826 2591 tibi
2852 2538 3114 2607 gloriandi
3143 2541 3316 2594 locum
3347 2556 3485 2611 pra:-

1892 2622 1984 2679 bet
2015 2641 2028 2676 :
2062 2623 2107 2678 si
2129 2633 2308 2679 autem
2342 2625 2489 2679 illum
2511 2630 2839 2698 exstinguas,
2870 2631 2964 2683 toti
3000 2633 3213 2701 corpori
3242 2649 3485 2689 commn-

1892 2729 1986 2770 ues
2009 2715 2257 2772 tenebras
2283 2715 2529 2783 ell‘ecisti,
2560 2727 2613 2773 ct
2641 2719 2889 2776 omnibus
2921 2723 3182 2778 membris
3229 2725 3484 2782 induxisti

1889 2804 2279 2874 calamitatem;
2306 2816 2364 2860 ut
2382 2823 2448 2862 ex
2472 2809 2761 2877 contrario,
2787 2811 2831 2865 si
2858 2812 3227 2881 Splendentem
3257 2831 3478 2873 conser-

1891 2915 2007 2963 ves,
2052 2899 2214 2954 totius
2262 2901 2501 2969 eorporis
2534 2900 2757 2956 formam
2805 2896 3117 2960 conservas.
3143 2906 3313 2963 Nemo
3338 2911 3482 2966 enim

1890 2990 2037 3056 dicit,
2068 2990 2297 3047 Pulcher
2320 3001 2403 3048 est
2423 2993 2629 3056 oculus,
2650 2994 2744 3049 sed
2767 2995 2929 3065 quid?
2958 2995 3213 3053 Formosa
3242 3009 3324 3055 est
3344 3001 3432 3056 illa
3467 3014 3483 3065 ;

1889 3084 1934 3140 si
1962 3093 2141 3139 autem
2174 3094 2226 3139 ct
2259 3085 2372 3156 ipse
2413 3085 2677 3149 laudetur,
2707 3095 2831 3157 post
2869 3104 3154 3147 commune
3179 3095 3483 3148 encomium

1888 3177 2155 3233 laudatur.
2185 3178 2274 3234 Sic
2294 3188 2349 3233 et
2373 3180 2422 3232 in
2447 3179 2679 3233 Ecclesia
2701 3181 2980 3252 contingit.
3012 3183 3066 3238 Si
3093 3185 3235 3239 enim
3267 3186 3482 3255 quidam

1888 3269 2015 3337 sint,
2048 3270 2138 3338 qui
2170 3270 2304 3324 bona
2337 3270 2474 3323 fama
2518 3270 2807 3341 gaudeant,
2853 3281 3022 3327 totum
3067 3289 3262 3345 corpus
3310 3277 3486 3333 laudis

1886 3358 2120 3416 fructum
2170 3361 2418 3431 percipit.
2462 3361 2665 3417 Inimici
2693 3378 2924 3432 namque
2954 3368 3197 3421 enenmia
3248 3385 3353 3422 non
3402 3369 3486 3425 di-

1887 3453 2182 3523 Slitlgttuttl,
2207 3452 2299 3505 Sed
2327 3452 2676 3523 conjungunt.
2703 3454 2764 3508 Et
2784 3454 2826 3508 si
2855 3456 2975 3525 quis
2998 3457 3205 3513 dicendi
3237 3460 3483 3516 facundia

1886 3543 2078 3605 valeat,
2113 3559 2218 3597 non
2248 3543 2394 3597 illum
2439 3545 2614 3611 solum
2661 3546 2922 3599 eucomiis
2947 3546 3242 3613 celebrant,
3289 3550 3383 3605 sed
3427 3560 3484 3606 et

1887 3643 2048 3688 totam
2098 3634 2412 3689 Ecclesiam.
2462 3633 2646 3704 Neque
2676 3636 2819 3690 enim
2868 3636 3055 3692 dicunt
3100 3649 3342 3705 tantum,
3388 3642 3485 3699 ille

1886 3726 2146 3781 mirabilis
2190 3735 2292 3788 est,
2343 3724 2438 3781 sed
2493 3726 2658 3796 quiti?
2687 3727 2980 3783 Mirabilem
3021 3727 3294 3785 doctorem
3323 3731 3482 3787 Chri-

1886 3818 2041 3871 stiani
2094 3817 2293 3871 habent
2325 3834 2336 3870 :
2369 3826 2423 3870 et
2460 3833 2800 3873 communem
2831 3817 3029 3873 faciunt
3064 3824 3478 3890 possessionem.

1886 3910 2043 3979 Atqui
2067 3908 2238 3964 (ἶναιεί
2268 3908 2482 3977 quidem
2505 3908 2857 3975 eonjungunt,
2889 3923 2941 3962 tu
2992 3926 3122 3965 vero
3166 3913 3392 3977 (lixidis,
3428 3925 3483 3970 et

1884 4018 2002 4057 Cum
2029 4011 2119 4055 tuo
2142 4014 2370 4070 corpore
2402 4014 2604 4069 pugnas
2632 4000 2843 4070 tuisque
2874 4004 3127 4056 membris
3148 4003 3482 4061 adri-rsaris?

1886 4093 2089 4158 Nescis,
2120 4092 2222 4146 hoc
2248 4092 2427 4145 omnia
2455 4090 2811 4145 subvertere?
2843 4107 2962 4146 nam
3000 4094 3250 4164 Regnum,
3287 4098 3478 4168 inquit,

1882 4186 1935 4239 in
1964 4186 2183 4255 seipsum
2210 4185 2422 4237 divisum
2450 4200 2552 4236 non
2577 4185 2723 4237 stabit
2752 4182 2772 4257 (
2800 4183 2962 4239 Marc.
2998 4186 3084 4248 12,
3126 4187 3196 4241 23
3220 4185 3257 4254 ).

1960 4279 2110 4333 Nihil
2131 4280 2202 4332 ita
2227 4278 2439 4332 discidia
2467 4278 2601 4344 parit
2632 4286 2685 4329 ut
2705 4278 2917 4331 invidia.
2936 4279 3158 4333 —Nilti|
3193 4293 3369 4335 att'em
3406 4283 3477 4339 ita

1884 4372 2072 4429 dividit
2090 4380 2387 4442 etseparat.
2408 4380 2464 4424 ut
2482 4369 2677 4424 invidia
2699 4370 2917 4429 ctliror.
2940 4370 3024 4426 hic
3042 4373 3221 4441 gravis
3240 4378 3479 4439 morbus,

1884 4470 1971 4541 qui
1998 4468 2141 4521 omni
2165 4467 2318 4521 venia
2341 4466 2598 4534 privatur,
2620 4474 2671 4517 et
2696 4464 2955 4517 malorum
2989 4465 3169 4520 radice
3183 4466 3477 4520 secundum

1885 4561 2009 4633 quid
2056 4558 2269 4630 gravior
2311 4567 2412 4611 est.
2457 4557 2664 4611 Avarus
2707 4557 2849 4610 enim
2904 4567 3027 4610 tunc
3077 4557 3306 4616 lmtatnr.
3357 4574 3480 4614 cum

1884 4651 2185 4721 acceperit;
2219 4649 2430 4703 invidus
2460 4662 2587 4703 vero
2631 4657 2755 4702 tunc
2803 4646 3020 4715 gaudet,
3048 4662 3168 4701 cum
3212 4647 3347 4701 alius
3375 4665 3482 4704 non

1887 4742 2170 4812 acceperit.
2202 4756 2307 4796 non
2345 4755 2466 4795 cum
2510 4740 2624 4809 ipse
2646 4739 2914 4808 acceperit
2940 4756 2955 4792 :
2981 4737 3299 4794 beneﬁcium
3342 4755 3489 4795 nam-

1887 4852 1991 4904 que
2019 4849 2172 4889 suum
2197 4840 2346 4904 putat
2382 4830 2609 4885 aliorum
2640 4830 3044 4891 adversitatem,
3076 4846 3180 4883 non
3214 4831 3482 4900 propriam

1890 4928 2219 4987 felicitatem,
2276 4924 2578 4978 communis
2607 4923 2871 4992 quiSpiam
2911 4922 3079 4977 hostis
3111 4922 3357 4980 humanm
3388 4942 3488 4978 ua-

1890 5028 2021 5074 tnra:
2049 5016 2390 5080 circumiens,
2418 5026 2472 5069 et
2496 5012 2691 5067 Christi
2721 5012 2956 5068 membra
2995 5015 3302 5083 percutiens
3335 5032 3350 5070 :
3383 5032 3492 5086 quo

1889 5115 2015 5182 quid
2063 5112 2312 5166 furiosius
2358 5110 2555 5165 fuerit?
2589 5111 2805 5165 Dmmon
2855 5111 3056 5166 invidet
3099 5114 3342 5182 quidem,
3394 5112 3489 5167 sed

1888 5206 2217 5268 hominibus,
2247 5206 2555 5259 daemonum
2581 5220 2708 5258 vero
2736 5204 2901 5258 nulli:
2934 5214 2988 5259 tu
3028 5222 3154 5262 vero
3185 5206 3349 5261 homo
3369 5222 3490 5261 eum

1890 5301 1985 5361 sis,
2019 5297 2327 5353 hominibus
2354 5298 2583 5361 invides,
2633 5307 2688 5351 ct
2716 5297 2978 5353 adversus
3021 5300 3381 5356 contribulem
3440 5307 3497 5356 et

1890 5403 2251 5458 congenercm
2307 5387 2580 5458 insurgis,
2633 5389 2775 5459 quod
2844 5406 3020 5459 neque
3072 5391 3284 5446 dmmon
3346 5390 3493 5445 facit.

1892 5480 2128 5551 Ecquam
2196 5481 2598 5534 excusationem
2673 5488 2728 5533 et
2785 5480 3160 5539 defensionem
3232 5478 3492 5537 habebis?

1891 5586 2012 5626 eum
2067 5570 2269 5626 videris
2329 5570 2544 5625 fratrem
2592 5587 2852 5641 prospere
2902 5584 3200 5645 agentem,
3272 5583 3489 5629 contrco

1890 5665 2075 5721 miscis
2111 5674 2161 5718 et
2196 5663 2386 5731 palles,
2415 5679 2536 5718 cum
2561 5674 2835 5733 oporteret
2856 5674 2906 5720 te
2932 5680 3215 5729 coronare,
3247 5664 3417 5718 hetari
3441 5676 3497 5720 et

1892 5755 2182 5813 exsultare.
2217 5755 2272 5810 Si
2298 5764 2476 5810 autem
2505 5755 2641 5809 velis
2656 5770 2779 5810 cum
2800 5757 3064 5821 mmutari,
3087 5770 3193 5809 non
3223 5753 3493 5825 impedio:

1894 5850 2173 5913 tumulare,
2206 5847 2300 5902 sed
2335 5857 2394 5902 ιιι
2423 5848 2521 5916 illi,
2542 5848 2755 5903 laudem
2783 5848 2883 5903 sibi
2924 5849 3232 5903 concilianti
3255 5888 3272 5915 ,
3302 5847 3493 5905 similis

3070 5948 3148 6009 17
