  <div class='ocr_page' id='page_1' title='image "/cluster/home/n/w/nwhite01/storage/ocr_20150623/61:no.10/coo.31924054869619/269.png"; bbox 0 0 3962 6432; ppageno 0'>
   <div class='ocr_carea' id='block_1_1' title="bbox 509 424 616 479">
    <p class='ocr_par' dir='ltr' id='par_1_1' title="bbox 509 424 616 479">
     <span class='ocr_line' id='line_1_1' title="bbox 509 424 616 479; baseline 0.019 -2"><span class='ocrx_word' id='word_1_1' title='bbox 509 424 616 479; x_wconf 77' lang='lat'><strong>9.63</strong></span> 
     </span>
    </p>
   </div>
   <div class='ocr_carea' id='block_1_2' title="bbox 507 528 2101 600">
    <p class='ocr_par' dir='ltr' id='par_1_2' title="bbox 507 528 2101 600">
     <span class='ocr_line' id='line_1_2' title="bbox 507 528 2101 600; baseline -0.004 -11"><span class='ocrx_word' id='word_1_2' title='bbox 507 535 615 600; x_wconf 75' lang='lat' dir='ltr'><strong>sis;</strong></span> <span class='ocrx_word' id='word_1_3' title='bbox 673 548 778 588; x_wconf 89' lang='lat' dir='ltr'><strong>non</strong></span> <span class='ocrx_word' id='word_1_4' title='bbox 833 540 893 586; x_wconf 91' lang='lat' dir='ltr'><strong>ttt</strong></span> <span class='ocrx_word' id='word_1_5' title='bbox 940 532 1092 586; x_wconf 89' lang='lat' dir='ltr'><strong>illum</strong></span> <span class='ocrx_word' id='word_1_6' title='bbox 1138 528 1377 599; x_wconf 85' lang='lat' dir='ltr'><strong>dejieias,</strong></span> <span class='ocrx_word' id='word_1_7' title='bbox 1424 528 1516 582; x_wconf 87' lang='lat' dir='ltr'><strong>scd</strong></span> <span class='ocrx_word' id='word_1_8' title='bbox 1549 538 1606 581; x_wconf 91' lang='lat' dir='ltr'><strong>ttt</strong></span> <span class='ocrx_word' id='word_1_9' title='bbox 1627 528 1691 581; x_wconf 90' lang='lat' dir='ltr'><strong>ad</strong></span> <span class='ocrx_word' id='word_1_10' title='bbox 1724 528 1863 583; x_wconf 89' lang='lat' dir='ltr'><strong>idem</strong></span> <span class='ocrx_word' id='word_1_11' title='bbox 1890 528 2101 583; x_wconf 88' lang='lat' dir='ltr'><strong>culmen</strong></span> 
     </span>
    </p>
   </div>
   <div class='ocr_carea' id='block_1_3' title="bbox 509 619 2100 695">
    <p class='ocr_par' dir='ltr' id='par_1_3' title="bbox 509 619 2100 695">
     <span class='ocr_line' id='line_1_3' title="bbox 509 619 2100 695; baseline -0.003 -18"><span class='ocrx_word' id='word_1_12' title='bbox 509 627 812 695; x_wconf 76' lang='lat' dir='ltr'><strong>pervenias,</strong></span> <span class='ocrx_word' id='word_1_13' title='bbox 842 632 901 677; x_wconf 92' lang='lat' dir='ltr'><strong>ttt</strong></span> <span class='ocrx_word' id='word_1_14' title='bbox 921 622 1164 677; x_wconf 89' lang='lat' dir='ltr'><strong>eamdem</strong></span> <span class='ocrx_word' id='word_1_15' title='bbox 1206 620 1453 674; x_wconf 86' lang='lat' dir='ltr'><strong>virtutem</strong></span> <span class='ocrx_word' id='word_1_16' title='bbox 1479 620 1755 674; x_wconf 75' lang='lat' dir='ltr'><strong>exhibeas.</strong></span> <span class='ocrx_word' id='word_1_17' title='bbox 1799 620 1922 674; x_wconf 70' lang='lat' dir='ltr'><strong>limo</strong></span> <span class='ocrx_word' id='word_1_18' title='bbox 1963 619 2100 674; x_wconf 89' lang='lat' dir='ltr'><strong>bona</strong></span> 
     </span>
    </p>
   </div>
   <div class='ocr_carea' id='block_1_4' title="bbox 510 712 2104 782">
    <p class='ocr_par' dir='ltr' id='par_1_4' title="bbox 510 712 2104 782">
     <span class='ocr_line' id='line_1_4' title="bbox 510 712 2104 782; baseline -0.004 -9"><span class='ocrx_word' id='word_1_19' title='bbox 510 728 590 773; x_wconf 88' lang='lat' dir='ltr'><strong>cst</strong></span> <span class='ocrx_word' id='word_1_20' title='bbox 612 718 902 778; x_wconf 74' lang='lat' dir='ltr'><strong>mntulatio,</strong></span> <span class='ocrx_word' id='word_1_21' title='bbox 938 714 1152 778; x_wconf 90' lang='lat' dir='ltr'><strong>imitari,</strong></span> <span class='ocrx_word' id='word_1_22' title='bbox 1183 728 1290 767; x_wconf 92' lang='lat' dir='ltr'><strong>non</strong></span> <span class='ocrx_word' id='word_1_23' title='bbox 1317 712 1654 782; x_wconf 75' lang='lat' dir='ltr'><strong>impugnare,</strong></span> <span class='ocrx_word' id='word_1_24' title='bbox 1688 729 1792 767; x_wconf 87' lang='lat' dir='ltr'><strong>non</strong></span> <span class='ocrx_word' id='word_1_25' title='bbox 1825 712 2010 768; x_wconf 85' lang='lat' dir='ltr'><strong>dolere</strong></span> <span class='ocrx_word' id='word_1_26' title='bbox 2035 713 2104 767; x_wconf 88' lang='lat' dir='ltr'><strong>de</strong></span> 
     </span>
    </p>
   </div>
   <div class='ocr_carea' id='block_1_5' title="bbox 510 807 2100 877">
    <p class='ocr_par' dir='ltr' id='par_1_5' title="bbox 510 807 2100 877">
     <span class='ocr_line' id='line_1_5' title="bbox 510 807 2100 877; baseline -0.004 -11"><span class='ocrx_word' id='word_1_27' title='bbox 510 813 702 867; x_wconf 82' lang='lat' dir='ltr'><strong>alienis</strong></span> <span class='ocrx_word' id='word_1_28' title='bbox 726 811 902 877; x_wconf 83' lang='lat' dir='ltr'><strong>bonis,</strong></span> <span class='ocrx_word' id='word_1_29' title='bbox 928 810 1024 864; x_wconf 90' lang='lat' dir='ltr'><strong>sed</strong></span> <span class='ocrx_word' id='word_1_30' title='bbox 1056 807 1290 863; x_wconf 84' lang='lat' dir='ltr'><strong>morderi</strong></span> <span class='ocrx_word' id='word_1_31' title='bbox 1317 808 1385 862; x_wconf 88' lang='lat' dir='ltr'><strong>de</strong></span> <span class='ocrx_word' id='word_1_32' title='bbox 1412 808 1641 877; x_wconf 83' lang='lat' dir='ltr'><strong>propriis</strong></span> <span class='ocrx_word' id='word_1_33' title='bbox 1671 807 1822 862; x_wconf 91' lang='lat' dir='ltr'><strong>malis</strong></span> <span class='ocrx_word' id='word_1_34' title='bbox 1852 824 1865 859; x_wconf 93' lang='lat'><strong>:</strong></span> <span class='ocrx_word' id='word_1_35' title='bbox 1898 807 1982 861; x_wconf 90' lang='lat' dir='ltr'><strong>cui</strong></span> <span class='ocrx_word' id='word_1_36' title='bbox 2024 808 2100 862; x_wconf 89' lang='lat' dir='ltr'><strong>rei</strong></span> 
     </span>
    </p>
   </div>
   <div class='ocr_carea' id='block_1_6' title="bbox 511 897 2103 969">
    <p class='ocr_par' dir='ltr' id='par_1_6' title="bbox 511 897 2103 969">
     <span class='ocr_line' id='line_1_6' title="bbox 511 897 2103 969; baseline -0.003 -13"><span class='ocrx_word' id='word_1_37' title='bbox 511 902 839 957; x_wconf 88' lang='lat' dir='ltr'><strong>contrarium</strong></span> <span class='ocrx_word' id='word_1_38' title='bbox 894 900 1019 954; x_wconf 87' lang='lat' dir='ltr'><strong>facit</strong></span> <span class='ocrx_word' id='word_1_39' title='bbox 1092 898 1331 963; x_wconf 77' lang='lat' dir='ltr'><strong>invidia;</strong></span> <span class='ocrx_word' id='word_1_40' title='bbox 1384 914 1507 952; x_wconf 89' lang='lat' dir='ltr'><strong>nam</strong></span> <span class='ocrx_word' id='word_1_41' title='bbox 1566 899 1779 969; x_wconf 87' lang='lat' dir='ltr'><strong>propria</strong></span> <span class='ocrx_word' id='word_1_42' title='bbox 1829 897 2103 968; x_wconf 87' lang='lat' dir='ltr'><strong>negligens</strong></span> 
     </span>
    </p>
   </div>
   <div class='ocr_carea' id='block_1_7' title="bbox 512 990 2101 1060">
    <p class='ocr_par' dir='ltr' id='par_1_7' title="bbox 512 990 2101 1060">
     <span class='ocr_line' id='line_1_7' title="bbox 512 990 2101 1060; baseline -0.002 -12"><span class='ocrx_word' id='word_1_43' title='bbox 512 994 670 1059; x_wconf 87' lang='lat' dir='ltr'><strong>maia,</strong></span> <span class='ocrx_word' id='word_1_44' title='bbox 699 993 766 1047; x_wconf 89' lang='lat' dir='ltr'><strong>de</strong></span> <span class='ocrx_word' id='word_1_45' title='bbox 794 993 984 1047; x_wconf 83' lang='lat' dir='ltr'><strong>alienis</strong></span> <span class='ocrx_word' id='word_1_46' title='bbox 1011 992 1165 1046; x_wconf 91' lang='lat' dir='ltr'><strong>bonis</strong></span> <span class='ocrx_word' id='word_1_47' title='bbox 1211 991 1458 1046; x_wconf 87' lang='lat' dir='ltr'><strong>tabescit.</strong></span> <span class='ocrx_word' id='word_1_48' title='bbox 1488 990 1695 1060; x_wconf 89' lang='lat' dir='ltr'><strong>Pauper</strong></span> <span class='ocrx_word' id='word_1_49' title='bbox 1724 990 1866 1046; x_wconf 89' lang='lat' dir='ltr'><strong>enim</strong></span> <span class='ocrx_word' id='word_1_50' title='bbox 1897 1005 2003 1045; x_wconf 89' lang='lat' dir='ltr'><strong>non</strong></span> <span class='ocrx_word' id='word_1_51' title='bbox 2032 991 2101 1045; x_wconf 88' lang='lat' dir='ltr'><strong>ita</strong></span> 
     </span>
    </p>
   </div>
   <div class='ocr_carea' id='block_1_8' title="bbox 508 1082 2100 1161">
    <p class='ocr_par' dir='ltr' id='par_1_8' title="bbox 508 1082 2100 1161">
     <span class='ocr_line' id='line_1_8' title="bbox 508 1082 2100 1161; baseline -0.001 -22"><span class='ocrx_word' id='word_1_52' title='bbox 508 1101 537 1139; x_wconf 90' lang='lat' dir='ltr'><strong>a</strong></span> <span class='ocrx_word' id='word_1_53' title='bbox 568 1093 881 1155; x_wconf 88' lang='lat' dir='ltr'><strong>paupertate</strong></span> <span class='ocrx_word' id='word_1_54' title='bbox 909 1099 1002 1139; x_wconf 85' lang='lat' dir='ltr'><strong>sua</strong></span> <span class='ocrx_word' id='word_1_55' title='bbox 1031 1082 1330 1147; x_wconf 87' lang='lat' dir='ltr'><strong>mordetur,</strong></span> <span class='ocrx_word' id='word_1_56' title='bbox 1385 1098 1543 1154; x_wconf 89' lang='lat' dir='ltr'><strong>quam</strong></span> <span class='ocrx_word' id='word_1_57' title='bbox 1572 1097 1602 1137; x_wconf 90' lang='lat' dir='ltr'><strong>a</strong></span> <span class='ocrx_word' id='word_1_58' title='bbox 1629 1082 1855 1154; x_wconf 75' lang='lat' dir='ltr'><strong>proximi</strong></span> <span class='ocrx_word' id='word_1_59' title='bbox 1892 1084 2100 1161; x_wconf 81' lang='lat' dir='ltr'><strong>copiis:</strong></span> 
     </span>
    </p>
   </div>
   <div class='ocr_carea' id='block_1_9' title="bbox 509 1173 2096 1248">
    <p class='ocr_par' dir='ltr' id='par_1_9' title="bbox 509 1173 2096 1248">
     <span class='ocr_line' id='line_1_9' title="bbox 509 1173 2096 1248; baseline 0 -18"><span class='ocrx_word' id='word_1_60' title='bbox 509 1192 615 1247; x_wconf 90' lang='lat' dir='ltr'><strong>quo</strong></span> <span class='ocrx_word' id='word_1_61' title='bbox 660 1176 785 1248; x_wconf 86' lang='lat' dir='ltr'><strong>quid</strong></span> <span class='ocrx_word' id='word_1_62' title='bbox 833 1176 1047 1246; x_wconf 89' lang='lat' dir='ltr'><strong>gravius</strong></span> <span class='ocrx_word' id='word_1_63' title='bbox 1086 1175 1281 1230; x_wconf 84' lang='lat' dir='ltr'><strong>fuerit?</strong></span> <span class='ocrx_word' id='word_1_64' title='bbox 1308 1174 1402 1230; x_wconf 85' lang='lat' dir='ltr'><strong>Ille</strong></span> <span class='ocrx_word' id='word_1_65' title='bbox 1449 1173 1647 1246; x_wconf 85' lang='lat' dir='ltr'><strong>quippe</strong></span> <span class='ocrx_word' id='word_1_66' title='bbox 1679 1176 1733 1230; x_wconf 92' lang='lat' dir='ltr'><strong>in</strong></span> <span class='ocrx_word' id='word_1_67' title='bbox 1763 1175 1884 1243; x_wconf 88' lang='lat' dir='ltr'><strong>hoc,</strong></span> <span class='ocrx_word' id='word_1_68' title='bbox 1910 1186 1967 1230; x_wconf 92' lang='lat' dir='ltr'><strong>ut</strong></span> <span class='ocrx_word' id='word_1_69' title='bbox 1987 1176 2096 1247; x_wconf 90' lang='lat' dir='ltr'><strong>jam</strong></span> 
     </span>
    </p>
   </div>
   <div class='ocr_carea' id='block_1_10' title="bbox 508 1267 2101 1340">
    <p class='ocr_par' dir='ltr' id='par_1_10' title="bbox 508 1267 2101 1340">
     <span class='ocr_line' id='line_1_10' title="bbox 508 1267 2101 1340; baseline 0.001 -17"><span class='ocrx_word' id='word_1_70' title='bbox 508 1269 640 1337; x_wconf 87' lang='lat' dir='ltr'><strong>dixi,</strong></span> <span class='ocrx_word' id='word_1_71' title='bbox 673 1284 836 1323; x_wconf 90' lang='lat' dir='ltr'><strong>avaro</strong></span> <span class='ocrx_word' id='word_1_72' title='bbox 862 1272 1022 1323; x_wconf 89' lang='lat' dir='ltr'><strong>etiam</strong></span> <span class='ocrx_word' id='word_1_73' title='bbox 1056 1267 1207 1338; x_wconf 86' lang='lat' dir='ltr'><strong>pejor</strong></span> <span class='ocrx_word' id='word_1_74' title='bbox 1223 1276 1307 1323; x_wconf 91' lang='lat' dir='ltr'><strong>est</strong></span> <span class='ocrx_word' id='word_1_75' title='bbox 1330 1285 1343 1322; x_wconf 90' lang='lat'><strong>:</strong></span> <span class='ocrx_word' id='word_1_76' title='bbox 1368 1268 1453 1322; x_wconf 88' lang='lat' dir='ltr'><strong>ille</strong></span> <span class='ocrx_word' id='word_1_77' title='bbox 1476 1270 1619 1323; x_wconf 88' lang='lat' dir='ltr'><strong>enim</strong></span> <span class='ocrx_word' id='word_1_78' title='bbox 1645 1283 1765 1323; x_wconf 91' lang='lat' dir='ltr'><strong>cum</strong></span> <span class='ocrx_word' id='word_1_79' title='bbox 1793 1269 1917 1340; x_wconf 90' lang='lat' dir='ltr'><strong>quid</strong></span> <span class='ocrx_word' id='word_1_80' title='bbox 1949 1284 2101 1324; x_wconf 64' lang='lat' dir='ltr'><strong>acceo</strong></span> 
     </span>
    </p>
   </div>
   <div class='ocr_carea' id='block_1_11' title="bbox 512 1358 2100 1431">
    <p class='ocr_par' dir='ltr' id='par_1_11' title="bbox 512 1358 2100 1431">
     <span class='ocr_line' id='line_1_11' title="bbox 512 1358 2100 1431; baseline -0.001 -15"><span class='ocrx_word' id='word_1_81' title='bbox 512 1360 679 1430; x_wconf 89' lang='lat' dir='ltr'><strong>perit,</strong></span> <span class='ocrx_word' id='word_1_82' title='bbox 724 1359 959 1431; x_wconf 83' lang='lat' dir='ltr'><strong>gaudet;</strong></span> <span class='ocrx_word' id='word_1_83' title='bbox 986 1358 1077 1414; x_wconf 88' lang='lat' dir='ltr'><strong>hic</strong></span> <span class='ocrx_word' id='word_1_84' title='bbox 1107 1373 1270 1425; x_wconf 86' lang='lat' dir='ltr'><strong>vero,</strong></span> <span class='ocrx_word' id='word_1_85' title='bbox 1305 1374 1425 1413; x_wconf 90' lang='lat' dir='ltr'><strong>cum</strong></span> <span class='ocrx_word' id='word_1_86' title='bbox 1453 1360 1591 1414; x_wconf 89' lang='lat' dir='ltr'><strong>alius</strong></span> <span class='ocrx_word' id='word_1_87' title='bbox 1646 1375 1752 1414; x_wconf 91' lang='lat' dir='ltr'><strong>non</strong></span> <span class='ocrx_word' id='word_1_88' title='bbox 1801 1359 2100 1429; x_wconf 89' lang='lat' dir='ltr'><strong>acceperit,</strong></span> 
     </span>
    </p>
   </div>
   <div class='ocr_carea' id='block_1_12' title="bbox 511 1452 2103 1522">
    <p class='ocr_par' dir='ltr' id='par_1_12' title="bbox 511 1452 2103 1522">
     <span class='ocr_line' id='line_1_12' title="bbox 511 1452 2103 1522; baseline 0.001 -17"><span class='ocrx_word' id='word_1_89' title='bbox 511 1453 742 1508; x_wconf 68' lang='lat' dir='ltr'><strong>Imtatnr.</strong></span> <span class='ocrx_word' id='word_1_90' title='bbox 792 1452 1175 1522; x_wconf 88' lang='lat' dir='ltr'><strong>Quamobrem,</strong></span> <span class='ocrx_word' id='word_1_91' title='bbox 1227 1452 1474 1518; x_wconf 87' lang='lat' dir='ltr'><strong>obsecro,</strong></span> <span class='ocrx_word' id='word_1_92' title='bbox 1530 1452 1667 1506; x_wconf 90' lang='lat' dir='ltr'><strong>hanc</strong></span> <span class='ocrx_word' id='word_1_93' title='bbox 1709 1452 1904 1507; x_wconf 91' lang='lat' dir='ltr'><strong>malam</strong></span> <span class='ocrx_word' id='word_1_94' title='bbox 1934 1453 2103 1508; x_wconf 86' lang='lat' dir='ltr'><strong>relin-</strong></span> 
     </span>
    </p>
   </div>
   <div class='ocr_carea' id='block_1_13' title="bbox 509 1544 2105 1617">
    <p class='ocr_par' dir='ltr' id='par_1_13' title="bbox 509 1544 2105 1617">
     <span class='ocr_line' id='line_1_13' title="bbox 509 1544 2105 1617; baseline 0.005 -22"><span class='ocrx_word' id='word_1_95' title='bbox 509 1557 736 1612; x_wconf 86' lang='lat' dir='ltr'><strong>quentes</strong></span> <span class='ocrx_word' id='word_1_96' title='bbox 767 1546 904 1599; x_wconf 75' lang='lat' dir='ltr'><strong>viam</strong></span> <span class='ocrx_word' id='word_1_97' title='bbox 930 1554 985 1600; x_wconf 92' lang='lat' dir='ltr'><strong>et</strong></span> <span class='ocrx_word' id='word_1_98' title='bbox 1013 1544 1078 1599; x_wconf 91' lang='lat' dir='ltr'><strong>ad</strong></span> <span class='ocrx_word' id='word_1_99' title='bbox 1107 1545 1278 1598; x_wconf 87' lang='lat' dir='ltr'><strong>zelum</strong></span> <span class='ocrx_word' id='word_1_100' title='bbox 1311 1545 1507 1599; x_wconf 91' lang='lat' dir='ltr'><strong>bonum</strong></span> <span class='ocrx_word' id='word_1_101' title='bbox 1544 1546 1733 1600; x_wconf 85' lang='lat' dir='ltr'><strong>mutati</strong></span> <span class='ocrx_word' id='word_1_102' title='bbox 1768 1544 1927 1617; x_wconf 87' lang='lat' dir='ltr'><strong>(nam</strong></span> <span class='ocrx_word' id='word_1_103' title='bbox 1983 1546 2105 1603; x_wconf 87' lang='lat' dir='ltr'><strong>talis</strong></span> 
     </span>
    </p>
   </div>
   <div class='ocr_carea' id='block_1_14' title="bbox 511 1635 2102 1710">
    <p class='ocr_par' dir='ltr' id='par_1_14' title="bbox 511 1635 2102 1710">
     <span class='ocr_line' id='line_1_14' title="bbox 511 1635 2102 1710; baseline 0.003 -20"><span class='ocrx_word' id='word_1_104' title='bbox 511 1637 661 1691; x_wconf 76' lang='lat' dir='ltr'><strong>zt-lns</strong></span> <span class='ocrx_word' id='word_1_105' title='bbox 706 1636 997 1691; x_wconf 85' lang='lat' dir='ltr'><strong>vehemens</strong></span> <span class='ocrx_word' id='word_1_106' title='bbox 1026 1645 1108 1691; x_wconf 89' lang='lat' dir='ltr'><strong>est</strong></span> <span class='ocrx_word' id='word_1_107' title='bbox 1151 1643 1207 1691; x_wconf 85' lang='lat' dir='ltr'><strong>et</strong></span> <span class='ocrx_word' id='word_1_108' title='bbox 1251 1636 1372 1705; x_wconf 82' lang='lat' dir='ltr'><strong>igne</strong></span> <span class='ocrx_word' id='word_1_109' title='bbox 1415 1635 1859 1710; x_wconf 74' lang='lat' dir='ltr'><strong>vehementior),</strong></span> <span class='ocrx_word' id='word_1_110' title='bbox 1913 1654 2102 1709; x_wconf 85' lang='lat' dir='ltr'><strong>magna</strong></span> 
     </span>
    </p>
   </div>
   <div class='ocr_carea' id='block_1_15' title="bbox 512 1725 2102 1798">
    <p class='ocr_par' dir='ltr' id='par_1_15' title="bbox 512 1725 2102 1798">
     <span class='ocr_line' id='line_1_15' title="bbox 512 1725 2102 1798; baseline 0.003 -18"><span class='ocrx_word' id='word_1_111' title='bbox 512 1728 633 1781; x_wconf 90' lang='lat' dir='ltr'><strong>inde</strong></span> <span class='ocrx_word' id='word_1_112' title='bbox 658 1727 966 1798; x_wconf 83' lang='lat' dir='ltr'><strong>percipiatis</strong></span> <span class='ocrx_word' id='word_1_113' title='bbox 989 1726 1148 1782; x_wconf 88' lang='lat' dir='ltr'><strong>bona.</strong></span> <span class='ocrx_word' id='word_1_114' title='bbox 1184 1725 1273 1782; x_wconf 90' lang='lat' dir='ltr'><strong>Sic</strong></span> <span class='ocrx_word' id='word_1_115' title='bbox 1303 1735 1356 1781; x_wconf 90' lang='lat' dir='ltr'><strong>et</strong></span> <span class='ocrx_word' id='word_1_116' title='bbox 1389 1725 1583 1781; x_wconf 87' lang='lat' dir='ltr'><strong>Paulus</strong></span> <span class='ocrx_word' id='word_1_117' title='bbox 1609 1726 1825 1783; x_wconf 76' lang='lat' dir='ltr'><strong>Judaeos</strong></span> <span class='ocrx_word' id='word_1_118' title='bbox 1850 1729 1916 1784; x_wconf 92' lang='lat' dir='ltr'><strong>ad</strong></span> <span class='ocrx_word' id='word_1_119' title='bbox 1945 1729 2102 1785; x_wconf 79' lang='lat' dir='ltr'><strong>[idem</strong></span> 
     </span>
    </p>
   </div>
   <div class='ocr_carea' id='block_1_16' title="bbox 511 1816 2104 1892">
    <p class='ocr_par' dir='ltr' id='par_1_16' title="bbox 511 1816 2104 1892">
     <span class='ocr_line' id='line_1_16' title="bbox 511 1816 2104 1892; baseline 0.003 -21"><span class='ocrx_word' id='word_1_120' title='bbox 511 1818 838 1882; x_wconf 89' lang='lat' dir='ltr'><strong>deducebat,</strong></span> <span class='ocrx_word' id='word_1_121' title='bbox 866 1817 1053 1874; x_wconf 90' lang='lat' dir='ltr'><strong>dicens</strong></span> <span class='ocrx_word' id='word_1_122' title='bbox 1081 1835 1094 1870; x_wconf 93' lang='lat'><strong>:</strong></span> <span class='ocrx_word' id='word_1_123' title='bbox 1129 1816 1191 1871; x_wconf 87' lang='lat' dir='ltr'><strong>Si</strong></span> <span class='ocrx_word' id='word_1_124' title='bbox 1218 1816 1472 1888; x_wconf 83' lang='lat' dir='ltr'><strong>quomodo</strong></span> <span class='ocrx_word' id='word_1_125' title='bbox 1502 1818 1570 1872; x_wconf 84' lang='lat' dir='ltr'><strong>ad</strong></span> <span class='ocrx_word' id='word_1_126' title='bbox 1594 1822 1938 1875; x_wconf 73' lang='lat' dir='ltr'><strong>wittulandum</strong></span> <span class='ocrx_word' id='word_1_127' title='bbox 1982 1840 2104 1892; x_wconf 83' lang='lat' dir='ltr'><strong>pro-</strong></span> 
     </span>
    </p>
   </div>
   <div class='ocr_carea' id='block_1_17' title="bbox 510 1909 2108 1982">
    <p class='ocr_par' dir='ltr' id='par_1_17' title="bbox 510 1909 2108 1982">
     <span class='ocr_line' id='line_1_17' title="bbox 510 1909 2108 1982; baseline 0.004 -19"><span class='ocrx_word' id='word_1_128' title='bbox 510 1927 680 1964; x_wconf 79' lang='lat' dir='ltr'><strong>vocem</strong></span> <span class='ocrx_word' id='word_1_129' title='bbox 708 1926 912 1964; x_wconf 83' lang='lat' dir='ltr'><strong>carnem</strong></span> <span class='ocrx_word' id='word_1_130' title='bbox 937 1926 1132 1974; x_wconf 83' lang='lat' dir='ltr'><strong>meam,</strong></span> <span class='ocrx_word' id='word_1_131' title='bbox 1162 1919 1210 1964; x_wconf 83' lang='lat' dir='ltr'><strong>et</strong></span> <span class='ocrx_word' id='word_1_132' title='bbox 1249 1909 1417 1964; x_wconf 76' lang='lat' dir='ltr'><strong>salvos</strong></span> <span class='ocrx_word' id='word_1_133' title='bbox 1459 1910 1647 1982; x_wconf 80' lang='lat' dir='ltr'><strong>faciam</strong></span> <span class='ocrx_word' id='word_1_134' title='bbox 1690 1912 1887 1982; x_wconf 85' lang='lat' dir='ltr'><strong>aliquos</strong></span> <span class='ocrx_word' id='word_1_135' title='bbox 1914 1929 1978 1968; x_wconf 82' lang='lat' dir='ltr'><strong>ea:</strong></span> <span class='ocrx_word' id='word_1_136' title='bbox 2003 1914 2108 1970; x_wconf 90' lang='lat' dir='ltr'><strong>illis</strong></span> 
     </span>
    </p>
   </div>
   <div class='ocr_carea' id='block_1_18' title="bbox 456 1984 2102 2073">
    <p class='ocr_par' dir='ltr' id='par_1_18' title="bbox 456 1984 2102 2073">
     <span class='ocr_line' id='line_1_18' title="bbox 456 1984 2102 2073; baseline 0.002 -17"><span class='ocrx_word' id='word_1_137' title='bbox 456 1984 461 1993; x_wconf 49' lang='grc'>â€™</span> <span class='ocrx_word' id='word_1_138' title='bbox 513 2004 530 2066; x_wconf 92' lang='grc'>(</span> <span class='ocrx_word' id='word_1_139' title='bbox 554 2001 703 2056; x_wconf 79' lang='lat' dir='ltr'><strong>Rom.</strong></span> <span class='ocrx_word' id='word_1_140' title='bbox 738 2002 824 2066; x_wconf 86' lang='lat' dir='ltr'><strong>ll,</strong></span> <span class='ocrx_word' id='word_1_141' title='bbox 859 1999 979 2073; x_wconf 70' lang='grc'><strong>14).</strong></span> <span class='ocrx_word' id='word_1_142' title='bbox 1010 2000 1141 2055; x_wconf 80' lang='lat' dir='ltr'><strong>Nam</strong></span> <span class='ocrx_word' id='word_1_143' title='bbox 1163 2001 1253 2071; x_wconf 91' lang='lat' dir='ltr'><strong>qui</strong></span> <span class='ocrx_word' id='word_1_144' title='bbox 1282 2002 1351 2055; x_wconf 90' lang='lat' dir='ltr'><strong>ita</strong></span> <span class='ocrx_word' id='word_1_145' title='bbox 1378 2000 1662 2057; x_wconf 63' lang='lat' dir='ltr'><strong>aemulatur</strong></span> <span class='ocrx_word' id='word_1_146' title='bbox 1684 2012 1739 2057; x_wconf 91' lang='lat' dir='ltr'><strong>ut</strong></span> <span class='ocrx_word' id='word_1_147' title='bbox 1761 2003 1850 2059; x_wconf 91' lang='lat' dir='ltr'><strong>ille</strong></span> <span class='ocrx_word' id='word_1_148' title='bbox 1871 2004 2102 2072; x_wconf 85' lang='lat' dir='ltr'><strong>volebat,</strong></span> 
     </span>
    </p>
   </div>
   <div class='ocr_carea' id='block_1_19' title="bbox 514 2091 2109 2152">
    <p class='ocr_par' dir='ltr' id='par_1_19' title="bbox 514 2091 2109 2152">
     <span class='ocr_line' id='line_1_19' title="bbox 514 2091 2109 2152; baseline 0.006 -9"><span class='ocrx_word' id='word_1_149' title='bbox 514 2108 619 2145; x_wconf 86' lang='lat' dir='ltr'><strong>nan</strong></span> <span class='ocrx_word' id='word_1_150' title='bbox 648 2092 871 2147; x_wconf 76' lang='lat' dir='ltr'><strong>tabescit</strong></span> <span class='ocrx_word' id='word_1_151' title='bbox 892 2107 1013 2146; x_wconf 90' lang='lat' dir='ltr'><strong>cum</strong></span> <span class='ocrx_word' id='word_1_152' title='bbox 1045 2091 1240 2146; x_wconf 86' lang='lat' dir='ltr'><strong>viderit</strong></span> <span class='ocrx_word' id='word_1_153' title='bbox 1269 2092 1434 2146; x_wconf 90' lang='lat' dir='ltr'><strong>alium</strong></span> <span class='ocrx_word' id='word_1_154' title='bbox 1461 2094 1512 2147; x_wconf 87' lang='lat' dir='ltr'><strong>itt</strong></span> <span class='ocrx_word' id='word_1_155' title='bbox 1547 2093 1682 2148; x_wconf 89' lang='lat' dir='ltr'><strong>bona</strong></span> <span class='ocrx_word' id='word_1_156' title='bbox 1713 2095 2109 2152; x_wconf 83' lang='lat' dir='ltr'><strong>existimatione</strong></span> 
     </span>
    </p>
   </div>
   <div class='ocr_carea' id='block_1_20' title="bbox 512 2184 2109 2256">
    <p class='ocr_par' dir='ltr' id='par_1_20' title="bbox 512 2184 2109 2256">
     <span class='ocr_line' id='line_1_20' title="bbox 512 2184 2109 2256; baseline 0.004 -17"><span class='ocrx_word' id='word_1_157' title='bbox 512 2200 654 2252; x_wconf 51' lang='lat' dir='ltr'><strong>esse,</strong></span> <span class='ocrx_word' id='word_1_158' title='bbox 687 2184 780 2239; x_wconf 86' lang='lat' dir='ltr'><strong>sed</strong></span> <span class='ocrx_word' id='word_1_159' title='bbox 824 2184 1036 2255; x_wconf 90' lang='lat' dir='ltr'><strong>quando</strong></span> <span class='ocrx_word' id='word_1_160' title='bbox 1067 2185 1258 2239; x_wconf 87' lang='lat' dir='ltr'><strong>viderit</strong></span> <span class='ocrx_word' id='word_1_161' title='bbox 1294 2201 1353 2241; x_wconf 88' lang='lat' dir='ltr'><strong>se</strong></span> <span class='ocrx_word' id='word_1_162' title='bbox 1393 2201 1497 2239; x_wconf 92' lang='lat' dir='ltr'><strong>non</strong></span> <span class='ocrx_word' id='word_1_163' title='bbox 1545 2186 1594 2240; x_wconf 89' lang='lat' dir='ltr'><strong>id</strong></span> <span class='ocrx_word' id='word_1_164' title='bbox 1622 2189 1854 2256; x_wconf 77' lang='lat' dir='ltr'><strong>assequi.</strong></span> <span class='ocrx_word' id='word_1_165' title='bbox 1890 2187 2109 2245; x_wconf 85' lang='lat' dir='ltr'><strong>invidus</strong></span> 
     </span>
    </p>
   </div>
   <div class='ocr_carea' id='block_1_21' title="bbox 515 2260 2108 2348">
    <p class='ocr_par' dir='ltr' id='par_1_21' title="bbox 515 2260 2108 2348">
     <span class='ocr_line' id='line_1_21' title="bbox 515 2260 2108 2348; baseline 0.003 -19"><span class='ocrx_word' id='word_1_166' title='bbox 515 2290 643 2329; x_wconf 82' lang='lat' dir='ltr'><strong>vero</strong></span> <span class='ocrx_word' id='word_1_167' title='bbox 671 2290 777 2329; x_wconf 90' lang='lat' dir='ltr'><strong>non</strong></span> <span class='ocrx_word' id='word_1_168' title='bbox 808 2275 887 2330; x_wconf 90' lang='lat' dir='ltr'><strong>sic</strong></span> <span class='ocrx_word' id='word_1_169' title='bbox 911 2315 926 2338; x_wconf 84' lang='lat'><strong>,</strong></span> <span class='ocrx_word' id='word_1_170' title='bbox 954 2275 1048 2329; x_wconf 89' lang='lat' dir='ltr'><strong>sed</strong></span> <span class='ocrx_word' id='word_1_171' title='bbox 1077 2289 1198 2330; x_wconf 90' lang='lat' dir='ltr'><strong>eum</strong></span> <span class='ocrx_word' id='word_1_172' title='bbox 1231 2276 1390 2330; x_wconf 88' lang='lat' dir='ltr'><strong>alium</strong></span> <span class='ocrx_word' id='word_1_173' title='bbox 1423 2260 1681 2348; x_wconf 82' lang='lat' dir='ltr'><strong>prospere</strong></span> <span class='ocrx_word' id='word_1_174' title='bbox 1732 2287 1978 2348; x_wconf 86' lang='lat' dir='ltr'><strong>agentem</strong></span> <span class='ocrx_word' id='word_1_175' title='bbox 2025 2280 2108 2334; x_wconf 90' lang='lat' dir='ltr'><strong>vi-</strong></span> 
     </span>
    </p>
   </div>
   <div class='ocr_carea' id='block_1_22' title="bbox 511 2369 2109 2442">
    <p class='ocr_par' dir='ltr' id='par_1_22' title="bbox 511 2369 2109 2442">
     <span class='ocr_line' id='line_1_22' title="bbox 511 2369 2109 2442; baseline 0.004 -19"><span class='ocrx_word' id='word_1_176' title='bbox 511 2370 689 2431; x_wconf 90' lang='lat' dir='ltr'><strong>derit,</strong></span> <span class='ocrx_word' id='word_1_177' title='bbox 722 2369 888 2424; x_wconf 88' lang='lat' dir='ltr'><strong>veluti</strong></span> <span class='ocrx_word' id='word_1_178' title='bbox 933 2370 1147 2441; x_wconf 89' lang='lat' dir='ltr'><strong>quidam</strong></span> <span class='ocrx_word' id='word_1_179' title='bbox 1190 2369 1341 2426; x_wconf 84' lang='lat' dir='ltr'><strong>fucus</strong></span> <span class='ocrx_word' id='word_1_180' title='bbox 1384 2380 1487 2437; x_wconf 89' lang='lat' dir='ltr'><strong>est,</strong></span> <span class='ocrx_word' id='word_1_181' title='bbox 1532 2373 1620 2442; x_wconf 88' lang='lat' dir='ltr'><strong>qui</strong></span> <span class='ocrx_word' id='word_1_182' title='bbox 1660 2373 1867 2429; x_wconf 86' lang='lat' dir='ltr'><strong>alienos</strong></span> <span class='ocrx_word' id='word_1_183' title='bbox 1897 2374 2109 2430; x_wconf 88' lang='lat' dir='ltr'><strong>labores</strong></span> 
     </span>
    </p>
   </div>
   <div class='ocr_carea' id='block_1_23' title="bbox 440 2462 2108 2534">
    <p class='ocr_par' dir='ltr' id='par_1_23' title="bbox 440 2462 2108 2534">
     <span class='ocr_line' id='line_1_23' title="bbox 440 2462 2108 2534; baseline 0.003 -15"><span class='ocrx_word' id='word_1_184' title='bbox 440 2512 451 2519; x_wconf 80' lang='lat'><strong>.</strong></span> <span class='ocrx_word' id='word_1_185' title='bbox 513 2462 830 2527; x_wconf 83' lang='lat' dir='ltr'><strong>labefactat;</strong></span> <span class='ocrx_word' id='word_1_186' title='bbox 852 2470 907 2516; x_wconf 90' lang='lat' dir='ltr'><strong>et</strong></span> <span class='ocrx_word' id='word_1_187' title='bbox 924 2477 1213 2532; x_wconf 86' lang='lat' dir='ltr'><strong>numquam</strong></span> <span class='ocrx_word' id='word_1_188' title='bbox 1244 2464 1358 2533; x_wconf 90' lang='lat' dir='ltr'><strong>ipse</strong></span> <span class='ocrx_word' id='word_1_189' title='bbox 1380 2480 1599 2534; x_wconf 88' lang='lat' dir='ltr'><strong>surgere</strong></span> <span class='ocrx_word' id='word_1_190' title='bbox 1617 2474 1803 2531; x_wconf 86' lang='lat' dir='ltr'><strong>tentat,</strong></span> <span class='ocrx_word' id='word_1_191' title='bbox 1828 2466 1963 2523; x_wconf 87' lang='lat' dir='ltr'><strong>flens</strong></span> <span class='ocrx_word' id='word_1_192' title='bbox 1980 2484 2108 2524; x_wconf 90' lang='lat' dir='ltr'><strong>vero</strong></span> 
     </span>
    </p>
   </div>
   <div class='ocr_carea' id='block_1_24' title="bbox 512 2553 2106 2623">
    <p class='ocr_par' dir='ltr' id='par_1_24' title="bbox 512 2553 2106 2623">
     <span class='ocr_line' id='line_1_24' title="bbox 512 2553 2106 2623; baseline 0.005 -16"><span class='ocrx_word' id='word_1_193' title='bbox 512 2568 634 2607; x_wconf 91' lang='lat' dir='ltr'><strong>cum</strong></span> <span class='ocrx_word' id='word_1_194' title='bbox 661 2553 824 2607; x_wconf 91' lang='lat' dir='ltr'><strong>alium</strong></span> <span class='ocrx_word' id='word_1_195' title='bbox 860 2562 1170 2623; x_wconf 85' lang='lat' dir='ltr'><strong>surgentem</strong></span> <span class='ocrx_word' id='word_1_196' title='bbox 1219 2554 1386 2622; x_wconf 80' lang='lat' dir='ltr'><strong>videt,</strong></span> <span class='ocrx_word' id='word_1_197' title='bbox 1410 2566 1465 2611; x_wconf 94' lang='lat' dir='ltr'><strong>et</strong></span> <span class='ocrx_word' id='word_1_198' title='bbox 1493 2557 1670 2612; x_wconf 90' lang='lat' dir='ltr'><strong>omnia</strong></span> <span class='ocrx_word' id='word_1_199' title='bbox 1701 2558 1823 2613; x_wconf 82' lang='lat' dir='ltr'><strong>facit</strong></span> <span class='ocrx_word' id='word_1_200' title='bbox 1859 2568 1915 2614; x_wconf 91' lang='lat' dir='ltr'><strong>ut</strong></span> <span class='ocrx_word' id='word_1_201' title='bbox 1959 2560 2106 2615; x_wconf 91' lang='lat' dir='ltr'><strong>illum</strong></span> 
     </span>
    </p>
   </div>
   <div class='ocr_carea' id='block_1_25' title="bbox 512 2644 2108 2722">
    <p class='ocr_par' dir='ltr' id='par_1_25' title="bbox 512 2644 2108 2722">
     <span class='ocr_line' id='line_1_25' title="bbox 512 2644 2108 2722; baseline 0.01 -29"><span class='ocrx_word' id='word_1_202' title='bbox 512 2644 745 2714; x_wconf 82' lang='lat' dir='ltr'><strong>dejiciat.</strong></span> <span class='ocrx_word' id='word_1_203' title='bbox 781 2644 1005 2699; x_wconf 90' lang='lat' dir='ltr'><strong>Cuiuam</strong></span> <span class='ocrx_word' id='word_1_204' title='bbox 1039 2646 1158 2714; x_wconf 90' lang='lat' dir='ltr'><strong>quis</strong></span> <span class='ocrx_word' id='word_1_205' title='bbox 1217 2645 1361 2701; x_wconf 85' lang='lat' dir='ltr'><strong>hunc</strong></span> <span class='ocrx_word' id='word_1_206' title='bbox 1390 2648 1637 2703; x_wconf 88' lang='lat' dir='ltr'><strong>morbum</strong></span> <span class='ocrx_word' id='word_1_207' title='bbox 1677 2653 2108 2722; x_wconf 79' lang='lat' dir='ltr'><strong>comparaverit?</strong></span> 
     </span>
    </p>
   </div>
   <div class='ocr_carea' id='block_1_26' title="bbox 516 2735 2110 2813">
    <p class='ocr_par' dir='ltr' id='par_1_26' title="bbox 516 2735 2110 2813">
     <span class='ocr_line' id='line_1_26' title="bbox 516 2735 2110 2813; baseline 0.008 -25"><span class='ocrx_word' id='word_1_208' title='bbox 516 2736 640 2789; x_wconf 75' lang='lat' dir='ltr'><strong>Mihi</strong></span> <span class='ocrx_word' id='word_1_209' title='bbox 671 2748 852 2790; x_wconf 86' lang='lat' dir='ltr'><strong>autem</strong></span> <span class='ocrx_word' id='word_1_210' title='bbox 886 2735 990 2790; x_wconf 80' lang='lat' dir='ltr'><strong>huc</strong></span> <span class='ocrx_word' id='word_1_211' title='bbox 1020 2735 1247 2805; x_wconf 87' lang='lat' dir='ltr'><strong>perinde</strong></span> <span class='ocrx_word' id='word_1_212' title='bbox 1276 2751 1397 2793; x_wconf 87' lang='lat' dir='ltr'><strong>esse</strong></span> <span class='ocrx_word' id='word_1_213' title='bbox 1422 2737 1632 2794; x_wconf 88' lang='lat' dir='ltr'><strong>videtur</strong></span> <span class='ocrx_word' id='word_1_214' title='bbox 1658 2755 1720 2794; x_wconf 91' lang='lat' dir='ltr'><strong>ac</strong></span> <span class='ocrx_word' id='word_1_215' title='bbox 1744 2742 1787 2794; x_wconf 89' lang='lat' dir='ltr'><strong>si</strong></span> <span class='ocrx_word' id='word_1_216' title='bbox 1816 2744 1934 2812; x_wconf 89' lang='lat' dir='ltr'><strong>quis</strong></span> <span class='ocrx_word' id='word_1_217' title='bbox 1962 2743 2110 2813; x_wconf 82' lang='lat' dir='ltr'><strong>piger</strong></span> 
     </span>
    </p>
   </div>
   <div class='ocr_carea' id='block_1_27' title="bbox 512 2826 2100 2903">
    <p class='ocr_par' dir='ltr' id='par_1_27' title="bbox 512 2826 2100 2903">
     <span class='ocr_line' id='line_1_27' title="bbox 512 2826 2100 2903; baseline 0.007 -24"><span class='ocrx_word' id='word_1_218' title='bbox 512 2827 697 2880; x_wconf 88' lang='lat' dir='ltr'><strong>asinus</strong></span> <span class='ocrx_word' id='word_1_219' title='bbox 723 2835 772 2880; x_wconf 90' lang='lat' dir='ltr'><strong>ct</strong></span> <span class='ocrx_word' id='word_1_220' title='bbox 797 2826 1119 2897; x_wconf 88' lang='lat' dir='ltr'><strong>pinguedine</strong></span> <span class='ocrx_word' id='word_1_221' title='bbox 1137 2827 1314 2897; x_wconf 80' lang='lat' dir='ltr'><strong>gravis</strong></span> <span class='ocrx_word' id='word_1_222' title='bbox 1333 2842 1453 2882; x_wconf 91' lang='lat' dir='ltr'><strong>cum</strong></span> <span class='ocrx_word' id='word_1_223' title='bbox 1484 2844 1625 2899; x_wconf 88' lang='lat' dir='ltr'><strong>equo</strong></span> <span class='ocrx_word' id='word_1_224' title='bbox 1654 2831 1855 2887; x_wconf 89' lang='lat' dir='ltr'><strong>volucri</strong></span> <span class='ocrx_word' id='word_1_225' title='bbox 1879 2834 2100 2903; x_wconf 85' lang='lat' dir='ltr'><strong>conjun-</strong></span> 
     </span>
    </p>
   </div>
   <div class='ocr_carea' id='block_1_28' title="bbox 513 2918 2106 2992">
    <p class='ocr_par' dir='ltr' id='par_1_28' title="bbox 513 2918 2106 2992">
     <span class='ocr_line' id='line_1_28' title="bbox 513 2918 2106 2992; baseline 0.009 -23"><span class='ocrx_word' id='word_1_226' title='bbox 513 2927 632 2970; x_wconf 90' lang='lat' dir='ltr'><strong>cttts</strong></span> <span class='ocrx_word' id='word_1_227' title='bbox 652 2958 666 2979; x_wconf 88' lang='lat'><strong>,</strong></span> <span class='ocrx_word' id='word_1_228' title='bbox 713 2930 889 2987; x_wconf 90' lang='lat' dir='ltr'><strong>neque</strong></span> <span class='ocrx_word' id='word_1_229' title='bbox 919 2918 1035 2986; x_wconf 89' lang='lat' dir='ltr'><strong>ipse</strong></span> <span class='ocrx_word' id='word_1_230' title='bbox 1063 2933 1285 2988; x_wconf 81' lang='lat' dir='ltr'><strong>surgere</strong></span> <span class='ocrx_word' id='word_1_231' title='bbox 1315 2919 1466 2986; x_wconf 77' lang='lat' dir='ltr'><strong>velit,</strong></span> <span class='ocrx_word' id='word_1_232' title='bbox 1496 2930 1551 2976; x_wconf 92' lang='lat' dir='ltr'><strong>et</strong></span> <span class='ocrx_word' id='word_1_233' title='bbox 1586 2923 1824 2992; x_wconf 90' lang='lat' dir='ltr'><strong>pondere</strong></span> <span class='ocrx_word' id='word_1_234' title='bbox 1868 2928 2106 2983; x_wconf 88' lang='lat' dir='ltr'><strong>carnium</strong></span> 
     </span>
    </p>
   </div>
   <div class='ocr_carea' id='block_1_29' title="bbox 508 3006 2110 3086">
    <p class='ocr_par' dir='ltr' id='par_1_29' title="bbox 508 3006 2110 3086">
     <span class='ocr_line' id='line_1_29' title="bbox 508 3006 2110 3086; baseline 0.01 -28"><span class='ocrx_word' id='word_1_235' title='bbox 508 3006 690 3076; x_wconf 67' lang='lat' dir='ltr'><strong>&quot;ipsum</strong></span> <span class='ocrx_word' id='word_1_236' title='bbox 713 3017 938 3062; x_wconf 91' lang='lat' dir='ltr'><strong>conetur</strong></span> <span class='ocrx_word' id='word_1_237' title='bbox 955 3007 1259 3065; x_wconf 83' lang='lat' dir='ltr'><strong>detrahere.</strong></span> <span class='ocrx_word' id='word_1_238' title='bbox 1276 3009 1410 3064; x_wconf 89' lang='lat' dir='ltr'><strong>Nam</strong></span> <span class='ocrx_word' id='word_1_239' title='bbox 1428 3019 1482 3066; x_wconf 89' lang='lat' dir='ltr'><strong>et</strong></span> <span class='ocrx_word' id='word_1_240' title='bbox 1500 3011 1609 3080; x_wconf 87' lang='lat' dir='ltr'><strong>hic,</strong></span> <span class='ocrx_word' id='word_1_241' title='bbox 1630 3023 1689 3068; x_wconf 93' lang='lat' dir='ltr'><strong>ut</strong></span> <span class='ocrx_word' id='word_1_242' title='bbox 1714 3014 1829 3084; x_wconf 90' lang='lat' dir='ltr'><strong>ipse</strong></span> <span class='ocrx_word' id='word_1_243' title='bbox 1844 3032 1873 3070; x_wconf 91' lang='lat' dir='ltr'><strong>a</strong></span> <span class='ocrx_word' id='word_1_244' title='bbox 1899 3016 2110 3086; x_wconf 88' lang='lat' dir='ltr'><strong>profun-</strong></span> 
     </span>
    </p>
   </div>
   <div class='ocr_carea' id='block_1_30' title="bbox 515 3099 2108 3177">
    <p class='ocr_par' dir='ltr' id='par_1_30' title="bbox 515 3099 2108 3177">
     <span class='ocr_line' id='line_1_30' title="bbox 515 3099 2108 3177; baseline 0.009 -26"><span class='ocrx_word' id='word_1_245' title='bbox 515 3101 588 3153; x_wconf 90' lang='lat' dir='ltr'><strong>do</strong></span> <span class='ocrx_word' id='word_1_246' title='bbox 621 3114 814 3154; x_wconf 90' lang='lat' dir='ltr'><strong>somno</strong></span> <span class='ocrx_word' id='word_1_247' title='bbox 837 3099 1117 3167; x_wconf 83' lang='lat' dir='ltr'><strong>liberetur,</strong></span> <span class='ocrx_word' id='word_1_248' title='bbox 1148 3101 1278 3156; x_wconf 90' lang='lat' dir='ltr'><strong>nihil</strong></span> <span class='ocrx_word' id='word_1_249' title='bbox 1305 3118 1404 3159; x_wconf 92' lang='lat' dir='ltr'><strong>nec</strong></span> <span class='ocrx_word' id='word_1_250' title='bbox 1426 3107 1619 3176; x_wconf 88' lang='lat' dir='ltr'><strong>cogitat</strong></span> <span class='ocrx_word' id='word_1_251' title='bbox 1650 3122 1749 3163; x_wconf 91' lang='lat' dir='ltr'><strong>nec</strong></span> <span class='ocrx_word' id='word_1_252' title='bbox 1768 3119 1949 3177; x_wconf 89' lang='lat' dir='ltr'><strong>curat;</strong></span> <span class='ocrx_word' id='word_1_253' title='bbox 1976 3109 2108 3166; x_wconf 87' lang='lat' dir='ltr'><strong>nihil</strong></span> 
     </span>
    </p>
   </div>
   <div class='ocr_carea' id='block_1_31' title="bbox 517 3191 2111 3272">
    <p class='ocr_par' dir='ltr' id='par_1_31' title="bbox 517 3191 2111 3272">
     <span class='ocr_line' id='line_1_31' title="bbox 517 3191 2111 3272; baseline 0.009 -29"><span class='ocrx_word' id='word_1_254' title='bbox 517 3205 645 3245; x_wconf 84' lang='lat' dir='ltr'><strong>vero</strong></span> <span class='ocrx_word' id='word_1_255' title='bbox 676 3207 782 3245; x_wconf 91' lang='lat' dir='ltr'><strong>non</strong></span> <span class='ocrx_word' id='word_1_256' title='bbox 813 3191 940 3262; x_wconf 88' lang='lat' dir='ltr'><strong>agit,</strong></span> <span class='ocrx_word' id='word_1_257' title='bbox 970 3203 1027 3246; x_wconf 90' lang='lat' dir='ltr'><strong>ut</strong></span> <span class='ocrx_word' id='word_1_258' title='bbox 1053 3208 1174 3247; x_wconf 90' lang='lat' dir='ltr'><strong>eum</strong></span> <span class='ocrx_word' id='word_1_259' title='bbox 1205 3194 1293 3264; x_wconf 89' lang='lat' dir='ltr'><strong>qui</strong></span> <span class='ocrx_word' id='word_1_260' title='bbox 1319 3196 1370 3248; x_wconf 93' lang='lat' dir='ltr'><strong>in</strong></span> <span class='ocrx_word' id='word_1_261' title='bbox 1402 3196 1592 3251; x_wconf 61' lang='lat' dir='ltr'><strong>caelum</strong></span> <span class='ocrx_word' id='word_1_262' title='bbox 1624 3199 2111 3272; x_wconf 77' lang='lat' dir='ltr'><strong>advolatsupplan-</strong></span> 
     </span>
    </p>
   </div>
   <div class='ocr_carea' id='block_1_32' title="bbox 516 3283 2107 3355">
    <p class='ocr_par' dir='ltr' id='par_1_32' title="bbox 516 3283 2107 3355">
     <span class='ocr_line' id='line_1_32' title="bbox 516 3283 2107 3355; baseline 0.013 -20"><span class='ocrx_word' id='word_1_263' title='bbox 516 3291 592 3337; x_wconf 90' lang='lat' dir='ltr'><strong>tet</strong></span> <span class='ocrx_word' id='word_1_264' title='bbox 614 3293 665 3338; x_wconf 90' lang='lat' dir='ltr'><strong>et</strong></span> <span class='ocrx_word' id='word_1_265' title='bbox 695 3283 932 3354; x_wconf 87' lang='lat' dir='ltr'><strong>dejiciat,</strong></span> <span class='ocrx_word' id='word_1_266' title='bbox 961 3295 1244 3342; x_wconf 89' lang='lat' dir='ltr'><strong>accuratus</strong></span> <span class='ocrx_word' id='word_1_267' title='bbox 1272 3287 1468 3344; x_wconf 89' lang='lat' dir='ltr'><strong>diaboli</strong></span> <span class='ocrx_word' id='word_1_268' title='bbox 1497 3291 1732 3348; x_wconf 83' lang='lat' dir='ltr'><strong>imitator</strong></span> <span class='ocrx_word' id='word_1_269' title='bbox 1757 3296 1945 3351; x_wconf 88' lang='lat' dir='ltr'><strong>factus.</strong></span> <span class='ocrx_word' id='word_1_270' title='bbox 1972 3296 2107 3355; x_wconf 85' lang='lat' dir='ltr'><strong>Nam</strong></span> 
     </span>
    </p>
   </div>
   <div class='ocr_carea' id='block_1_33' title="bbox 514 3375 2111 3457">
    <p class='ocr_par' dir='ltr' id='par_1_33' title="bbox 514 3375 2111 3457">
     <span class='ocr_line' id='line_1_33' title="bbox 514 3375 2111 3457; baseline 0.012 -29"><span class='ocrx_word' id='word_1_271' title='bbox 514 3384 572 3428; x_wconf 84' lang='lat' dir='ltr'><strong>et</strong></span> <span class='ocrx_word' id='word_1_272' title='bbox 598 3375 684 3431; x_wconf 93' lang='lat' dir='ltr'><strong>ille</strong></span> <span class='ocrx_word' id='word_1_273' title='bbox 710 3376 896 3431; x_wconf 85' lang='lat' dir='ltr'><strong>videns</strong></span> <span class='ocrx_word' id='word_1_274' title='bbox 925 3377 1198 3434; x_wconf 89' lang='lat' dir='ltr'><strong>hominem</strong></span> <span class='ocrx_word' id='word_1_275' title='bbox 1232 3380 1283 3435; x_wconf 93' lang='lat' dir='ltr'><strong>in</strong></span> <span class='ocrx_word' id='word_1_276' title='bbox 1326 3381 1594 3452; x_wconf 88' lang='lat' dir='ltr'><strong>paradiso,</strong></span> <span class='ocrx_word' id='word_1_277' title='bbox 1630 3401 1735 3439; x_wconf 91' lang='lat' dir='ltr'><strong>non</strong></span> <span class='ocrx_word' id='word_1_278' title='bbox 1766 3387 1880 3457; x_wconf 87' lang='lat' dir='ltr'><strong>ipse</strong></span> <span class='ocrx_word' id='word_1_279' title='bbox 1908 3390 2111 3447; x_wconf 88' lang='lat' dir='ltr'><strong>studuit</strong></span> 
     </span>
    </p>
   </div>
   <div class='ocr_carea' id='block_1_34' title="bbox 518 3468 2107 3544">
    <p class='ocr_par' dir='ltr' id='par_1_34' title="bbox 518 3468 2107 3544">
     <span class='ocr_line' id='line_1_34' title="bbox 518 3468 2107 3544; baseline 0.013 -25"><span class='ocrx_word' id='word_1_280' title='bbox 518 3468 735 3533; x_wconf 86' lang='lat' dir='ltr'><strong>mutari,</strong></span> <span class='ocrx_word' id='word_1_281' title='bbox 769 3468 863 3524; x_wconf 91' lang='lat' dir='ltr'><strong>sed</strong></span> <span class='ocrx_word' id='word_1_282' title='bbox 893 3469 1041 3523; x_wconf 85' lang='lat' dir='ltr'><strong>illum</strong></span> <span class='ocrx_word' id='word_1_283' title='bbox 1072 3471 1272 3542; x_wconf 88' lang='lat' dir='ltr'><strong>ejicere</strong></span> <span class='ocrx_word' id='word_1_284' title='bbox 1309 3489 1374 3528; x_wconf 87' lang='lat' dir='ltr'><strong>ex</strong></span> <span class='ocrx_word' id='word_1_285' title='bbox 1406 3476 1656 3544; x_wconf 87' lang='lat' dir='ltr'><strong>paradiso</strong></span> <span class='ocrx_word' id='word_1_286' title='bbox 1687 3496 1700 3533; x_wconf 92' lang='lat'><strong>:</strong></span> <span class='ocrx_word' id='word_1_287' title='bbox 1730 3489 1785 3535; x_wconf 91' lang='lat' dir='ltr'><strong>et</strong></span> <span class='ocrx_word' id='word_1_288' title='bbox 1814 3497 2000 3538; x_wconf 89' lang='lat' dir='ltr'><strong>rursus</strong></span> <span class='ocrx_word' id='word_1_289' title='bbox 2028 3486 2107 3540; x_wconf 85' lang='lat' dir='ltr'><strong>vi-</strong></span> 
     </span>
    </p>
   </div>
   <div class='ocr_carea' id='block_1_35' title="bbox 512 3556 2105 3643">
    <p class='ocr_par' dir='ltr' id='par_1_35' title="bbox 512 3556 2105 3643">
     <span class='ocr_line' id='line_1_35' title="bbox 512 3556 2105 3643; baseline 0.013 -32"><span class='ocrx_word' id='word_1_290' title='bbox 512 3556 649 3612; x_wconf 90' lang='lat' dir='ltr'><strong>dens</strong></span> <span class='ocrx_word' id='word_1_291' title='bbox 677 3558 825 3614; x_wconf 90' lang='lat' dir='ltr'><strong>illum</strong></span> <span class='ocrx_word' id='word_1_292' title='bbox 855 3558 907 3614; x_wconf 91' lang='lat' dir='ltr'><strong>in</strong></span> <span class='ocrx_word' id='word_1_293' title='bbox 938 3560 1073 3615; x_wconf 64' lang='lat' dir='ltr'><strong>caalo</strong></span> <span class='ocrx_word' id='word_1_294' title='bbox 1100 3561 1399 3629; x_wconf 88' lang='lat' dir='ltr'><strong>sedentem,</strong></span> <span class='ocrx_word' id='word_1_295' title='bbox 1429 3565 1634 3621; x_wconf 67' lang='lat' dir='ltr'><strong>et&#39;alios</strong></span> <span class='ocrx_word' id='word_1_296' title='bbox 1657 3568 1749 3624; x_wconf 93' lang='lat' dir='ltr'><strong>illo</strong></span> <span class='ocrx_word' id='word_1_297' title='bbox 1773 3569 2105 3643; x_wconf 67' lang='lat' dir='ltr'><strong>festinantes,</strong></span> 
     </span>
    </p>
   </div>
   <div class='ocr_carea' id='block_1_36' title="bbox 513 3648 2106 3736">
    <p class='ocr_par' dir='ltr' id='par_1_36' title="bbox 513 3648 2106 3736">
     <span class='ocr_line' id='line_1_36' title="bbox 513 3648 2106 3736; baseline 0.013 -34"><span class='ocrx_word' id='word_1_298' title='bbox 513 3648 745 3719; x_wconf 88' lang='lat' dir='ltr'><strong>idipsnm</strong></span> <span class='ocrx_word' id='word_1_299' title='bbox 776 3649 1088 3718; x_wconf 89' lang='lat' dir='ltr'><strong>meditatur,</strong></span> <span class='ocrx_word' id='word_1_300' title='bbox 1116 3667 1212 3708; x_wconf 89' lang='lat' dir='ltr'><strong>eos</strong></span> <span class='ocrx_word' id='word_1_301' title='bbox 1242 3654 1328 3724; x_wconf 88' lang='lat' dir='ltr'><strong>qui</strong></span> <span class='ocrx_word' id='word_1_302' title='bbox 1353 3654 1443 3710; x_wconf 88' lang='lat' dir='ltr'><strong>illo</strong></span> <span class='ocrx_word' id='word_1_303' title='bbox 1480 3669 1711 3728; x_wconf 84' lang='lat' dir='ltr'><strong>pergunt</strong></span> <span class='ocrx_word' id='word_1_304' title='bbox 1735 3665 2106 3736; x_wconf 86' lang='lat' dir='ltr'><strong>supplantans,</strong></span> 
     </span>
    </p>
   </div>
   <div class='ocr_carea' id='block_1_37' title="bbox 512 3741 2108 3832">
    <p class='ocr_par' dir='ltr' id='par_1_37' title="bbox 512 3741 2108 3832">
     <span class='ocr_line' id='line_1_37' title="bbox 512 3741 2108 3832; baseline 0.014 -37"><span class='ocrx_word' id='word_1_305' title='bbox 512 3749 570 3795; x_wconf 90' lang='lat' dir='ltr'><strong>et</strong></span> <span class='ocrx_word' id='word_1_306' title='bbox 617 3741 740 3796; x_wconf 91' lang='lat' dir='ltr'><strong>hinc</strong></span> <span class='ocrx_word' id='word_1_307' title='bbox 786 3741 1048 3812; x_wconf 85' lang='lat' dir='ltr'><strong>majorem</strong></span> <span class='ocrx_word' id='word_1_308' title='bbox 1079 3744 1182 3799; x_wconf 89' lang='lat' dir='ltr'><strong>sibi</strong></span> <span class='ocrx_word' id='word_1_309' title='bbox 1208 3760 1508 3817; x_wconf 89' lang='lat' dir='ltr'><strong>congerens</strong></span> <span class='ocrx_word' id='word_1_310' title='bbox 1560 3750 1851 3811; x_wconf 82' lang='lat' dir='ltr'><strong>fornacem.</strong></span> <span class='ocrx_word' id='word_1_311' title='bbox 1902 3757 2108 3832; x_wconf 86' lang='lat' dir='ltr'><strong>Ubique</strong></span> 
     </span>
    </p>
   </div>
   <div class='ocr_carea' id='block_1_38' title="bbox 510 3832 2105 3925">
    <p class='ocr_par' dir='ltr' id='par_1_38' title="bbox 510 3832 2105 3925">
     <span class='ocr_line' id='line_1_38' title="bbox 510 3832 2105 3925; baseline 0.016 -40"><span class='ocrx_word' id='word_1_312' title='bbox 510 3832 657 3886; x_wconf 87' lang='lat' dir='ltr'><strong>enim</strong></span> <span class='ocrx_word' id='word_1_313' title='bbox 686 3833 788 3888; x_wconf 89' lang='lat' dir='ltr'><strong>hoc</strong></span> <span class='ocrx_word' id='word_1_314' title='bbox 808 3834 1103 3904; x_wconf 90' lang='lat' dir='ltr'><strong>contingit;</strong></span> <span class='ocrx_word' id='word_1_315' title='bbox 1152 3852 1273 3891; x_wconf 91' lang='lat' dir='ltr'><strong>nam</strong></span> <span class='ocrx_word' id='word_1_316' title='bbox 1306 3838 1352 3893; x_wconf 91' lang='lat' dir='ltr'><strong>is</strong></span> <span class='ocrx_word' id='word_1_317' title='bbox 1379 3841 1463 3894; x_wconf 90' lang='lat' dir='ltr'><strong>cui</strong></span> <span class='ocrx_word' id='word_1_318' title='bbox 1494 3842 1779 3915; x_wconf 71' lang='lat' dir='ltr'><strong>invidetur,</strong></span> <span class='ocrx_word' id='word_1_319' title='bbox 1813 3849 1858 3904; x_wconf 79' lang='lat' dir='ltr'><strong>si</strong></span> <span class='ocrx_word' id='word_1_320' title='bbox 1905 3853 2105 3925; x_wconf 86' lang='lat' dir='ltr'><strong>vigilet,</strong></span> 
     </span>
    </p>
   </div>
   <div class='ocr_carea' id='block_1_39' title="bbox 1217 412 3722 504">
    <p class='ocr_par' dir='ltr' id='par_1_39' title="bbox 1217 412 3722 504">
     <span class='ocr_line' id='line_1_39' title="bbox 1217 412 3722 504; baseline 0 -31"><span class='ocrx_word' id='word_1_321' title='bbox 1217 418 1273 473; x_wconf 87' lang='lat' dir='ltr'><strong>S.</strong></span> <span class='ocrx_word' id='word_1_322' title='bbox 1316 416 1590 473; x_wconf 74' lang='lat' dir='ltr'><strong>JOANNIS</strong></span> <span class='ocrx_word' id='word_1_323' title='bbox 1630 412 2104 472; x_wconf 79' lang='lat' dir='ltr'><strong>CllllYSOSTOMl</strong></span> <span class='ocrx_word' id='word_1_324' title='bbox 2148 414 2467 472; x_wconf 82' lang='lat' dir='ltr'><strong>ARCHIEP.</strong></span> <span class='ocrx_word' id='word_1_325' title='bbox 2506 416 3037 475; x_wconf 70' lang='lat' dir='ltr'><strong>CONSTAâ€˜NTINOP.</strong></span> <span class='ocrx_word' id='word_1_326' title='bbox 3641 442 3722 504; x_wconf 54' lang='grc' dir='ltr'><strong>ÎµÎµÎ¹</strong></span> 
     </span>
    </p>
   </div>
   <div class='ocr_carea' id='block_1_40' title="bbox 2204 530 3728 620">
    <p class='ocr_par' dir='ltr' id='par_1_40' title="bbox 2204 530 3728 620">
     <span class='ocr_line' id='line_1_40' title="bbox 2204 530 3728 620; baseline 0.025 -38"><span class='ocrx_word' id='word_1_327' title='bbox 2204 530 2536 599; x_wconf 86' lang='lat' dir='ltr'><strong>splendidior</strong></span> <span class='ocrx_word' id='word_1_328' title='bbox 2565 535 2773 602; x_wconf 84' lang='lat' dir='ltr'><strong>evadit;</strong></span> <span class='ocrx_word' id='word_1_329' title='bbox 2818 539 3027 595; x_wconf 88' lang='lat' dir='ltr'><strong>invidus</strong></span> <span class='ocrx_word' id='word_1_330' title='bbox 3056 556 3182 598; x_wconf 89' lang='lat' dir='ltr'><strong>vero</strong></span> <span class='ocrx_word' id='word_1_331' title='bbox 3220 546 3366 615; x_wconf 87' lang='lat' dir='ltr'><strong>plura</strong></span> <span class='ocrx_word' id='word_1_332' title='bbox 3391 550 3482 608; x_wconf 86' lang='lat' dir='ltr'><strong>sibi</strong></span> <span class='ocrx_word' id='word_1_333' title='bbox 3509 557 3629 614; x_wconf 84' lang='lat' dir='ltr'><strong>mala</strong></span> <span class='ocrx_word' id='word_1_334' title='bbox 3654 578 3728 620; x_wconf 87' lang='lat' dir='ltr'><strong>ac-</strong></span> 
     </span>
    </p>
   </div>
   <div class='ocr_carea' id='block_1_41' title="bbox 2203 624 3728 711">
    <p class='ocr_par' dir='ltr' id='par_1_41' title="bbox 2203 624 3728 711">
     <span class='ocr_line' id='line_1_41' title="bbox 2203 624 3728 711; baseline 0.022 -35"><span class='ocrx_word' id='word_1_335' title='bbox 2203 624 2459 678; x_wconf 86' lang='lat' dir='ltr'><strong>cumulat.</strong></span> <span class='ocrx_word' id='word_1_336' title='bbox 2489 626 2576 679; x_wconf 76' lang='lat' dir='ltr'><strong>Sic</strong></span> <span class='ocrx_word' id='word_1_337' title='bbox 2594 636 2648 680; x_wconf 86' lang='lat' dir='ltr'><strong>et</strong></span> <span class='ocrx_word' id='word_1_338' title='bbox 2665 627 2863 698; x_wconf 76' lang='lat' dir='ltr'><strong>Joseph</strong></span> <span class='ocrx_word' id='word_1_339' title='bbox 2882 631 3109 688; x_wconf 89' lang='lat' dir='ltr'><strong>illustris</strong></span> <span class='ocrx_word' id='word_1_340' title='bbox 3127 634 3344 694; x_wconf 76' lang='lat' dir='ltr'><strong>effectus</strong></span> <span class='ocrx_word' id='word_1_341' title='bbox 3361 651 3436 697; x_wconf 88' lang='lat' dir='ltr'><strong>est</strong></span> <span class='ocrx_word' id='word_1_342' title='bbox 3458 661 3471 709; x_wconf 89' lang='lat'><strong>;</strong></span> <span class='ocrx_word' id='word_1_343' title='bbox 3492 648 3561 704; x_wconf 88' lang='lat' dir='ltr'><strong>sic</strong></span> <span class='ocrx_word' id='word_1_344' title='bbox 3581 651 3728 711; x_wconf 76' lang='lat' dir='ltr'><strong>Aaron</strong></span> 
     </span>
    </p>
   </div>
   <div class='ocr_carea' id='block_1_42' title="bbox 2204 716 3732 802">
    <p class='ocr_par' dir='ltr' id='par_1_42' title="bbox 2204 716 3732 802">
     <span class='ocr_line' id='line_1_42' title="bbox 2204 716 3732 802; baseline 0.02 -35"><span class='ocrx_word' id='word_1_345' title='bbox 2204 716 2457 772; x_wconf 87' lang='lat' dir='ltr'><strong>sacerdos</strong></span> <span class='ocrx_word' id='word_1_346' title='bbox 2487 736 2500 772; x_wconf 89' lang='lat'><strong>:</strong></span> <span class='ocrx_word' id='word_1_347' title='bbox 2534 734 2655 773; x_wconf 88' lang='lat' dir='ltr'><strong>nam</strong></span> <span class='ocrx_word' id='word_1_348' title='bbox 2689 721 2988 779; x_wconf 83' lang='lat' dir='ltr'><strong>invidorum</strong></span> <span class='ocrx_word' id='word_1_349' title='bbox 3012 726 3219 783; x_wconf 68' lang='lat' dir='ltr'><strong>insidiae</strong></span> <span class='ocrx_word' id='word_1_350' title='bbox 3239 730 3512 792; x_wconf 80' lang='lat' dir='ltr'><strong>eï¬‚â€˜ecerunt</strong></span> <span class='ocrx_word' id='word_1_351' title='bbox 3541 749 3594 795; x_wconf 93' lang='lat' dir='ltr'><strong>ut</strong></span> <span class='ocrx_word' id='word_1_352' title='bbox 3618 743 3732 802; x_wconf 81' lang='lat' dir='ltr'><strong>Deus</strong></span> 
     </span>
    </p>
   </div>
   <div class='ocr_carea' id='block_1_43' title="bbox 2204 808 3733 907">
    <p class='ocr_par' dir='ltr' id='par_1_43' title="bbox 2204 808 3733 907">
     <span class='ocr_line' id='line_1_43' title="bbox 2204 808 3733 907; baseline 0.018 -45"><span class='ocrx_word' id='word_1_353' title='bbox 2204 808 2371 864; x_wconf 90' lang='lat' dir='ltr'><strong>semel</strong></span> <span class='ocrx_word' id='word_1_354' title='bbox 2393 818 2444 864; x_wconf 93' lang='lat' dir='ltr'><strong>et</strong></span> <span class='ocrx_word' id='word_1_355' title='bbox 2472 809 2553 866; x_wconf 89' lang='lat' dir='ltr'><strong>bis</strong></span> <span class='ocrx_word' id='word_1_356' title='bbox 2583 814 2825 868; x_wconf 89' lang='lat' dir='ltr'><strong>eamdem</strong></span> <span class='ocrx_word' id='word_1_357' title='bbox 2858 816 3025 873; x_wconf 86' lang='lat' dir='ltr'><strong>ferret</strong></span> <span class='ocrx_word' id='word_1_358' title='bbox 3067 825 3403 894; x_wconf 86' lang='lat' dir='ltr'><strong>sententiam,</strong></span> <span class='ocrx_word' id='word_1_359' title='bbox 3432 838 3484 884; x_wconf 92' lang='lat' dir='ltr'><strong>et</strong></span> <span class='ocrx_word' id='word_1_360' title='bbox 3516 842 3568 886; x_wconf 90' lang='lat' dir='ltr'><strong>ut</strong></span> <span class='ocrx_word' id='word_1_361' title='bbox 3612 836 3733 907; x_wconf 79' lang='lat' dir='ltr'><strong>virga</strong></span> 
     </span>
    </p>
   </div>
   <div class='ocr_carea' id='block_1_44' title="bbox 2203 900 3737 989">
    <p class='ocr_par' dir='ltr' id='par_1_44' title="bbox 2203 900 3737 989">
     <span class='ocr_line' id='line_1_44' title="bbox 2203 900 3737 989; baseline 0.022 -40"><span class='ocrx_word' id='word_1_362' title='bbox 2203 900 2548 968; x_wconf 76' lang='lat' dir='ltr'><strong>germinaret.</strong></span> <span class='ocrx_word' id='word_1_363' title='bbox 2580 903 2666 958; x_wconf 83' lang='lat' dir='ltr'><strong>Sic</strong></span> <span class='ocrx_word' id='word_1_364' title='bbox 2700 914 2754 959; x_wconf 91' lang='lat' dir='ltr'><strong>et</strong></span> <span class='ocrx_word' id='word_1_365' title='bbox 2782 905 2950 963; x_wconf 84' lang='lat' dir='ltr'><strong>Jaeob</strong></span> <span class='ocrx_word' id='word_1_366' title='bbox 2975 911 3136 965; x_wconf 87' lang='lat' dir='ltr'><strong>multa</strong></span> <span class='ocrx_word' id='word_1_367' title='bbox 3164 929 3338 969; x_wconf 83' lang='lat' dir='ltr'><strong>rerum</strong></span> <span class='ocrx_word' id='word_1_368' title='bbox 3365 921 3506 989; x_wconf 78' lang='lat' dir='ltr'><strong>copia</strong></span> <span class='ocrx_word' id='word_1_369' title='bbox 3534 900 3737 981; x_wconf 72' lang='lat' dir='ltr'><strong>abunda-</strong></span> 
     </span>
    </p>
   </div>
   <div class='ocr_carea' id='block_1_45' title="bbox 2205 992 3739 1077">
    <p class='ocr_par' dir='ltr' id='par_1_45' title="bbox 2205 992 3739 1077">
     <span class='ocr_line' id='line_1_45' title="bbox 2205 992 3739 1077; baseline 0.02 -33"><span class='ocrx_word' id='word_1_370' title='bbox 2205 992 2313 1058; x_wconf 89' lang='lat' dir='ltr'><strong>vit,</strong></span> <span class='ocrx_word' id='word_1_371' title='bbox 2369 994 2594 1066; x_wconf 90' lang='lat' dir='ltr'><strong>aliisque</strong></span> <span class='ocrx_word' id='word_1_372' title='bbox 2633 1000 2904 1056; x_wconf 87' lang='lat' dir='ltr'><strong>omnibus.</strong></span> <span class='ocrx_word' id='word_1_373' title='bbox 2950 1002 3039 1059; x_wconf 91' lang='lat' dir='ltr'><strong>Sic</strong></span> <span class='ocrx_word' id='word_1_374' title='bbox 3075 1005 3236 1061; x_wconf 91' lang='lat' dir='ltr'><strong>invidi</strong></span> <span class='ocrx_word' id='word_1_375' title='bbox 3284 1008 3333 1063; x_wconf 92' lang='lat' dir='ltr'><strong>in</strong></span> <span class='ocrx_word' id='word_1_376' title='bbox 3361 1013 3577 1071; x_wconf 87' lang='lat' dir='ltr'><strong>millese</strong></span> <span class='ocrx_word' id='word_1_377' title='bbox 3610 1022 3739 1077; x_wconf 84' lang='lat' dir='ltr'><strong>malis</strong></span> 
     </span>
    </p>
   </div>
   <div class='ocr_carea' id='block_1_46' title="bbox 2204 1088 3739 1182">
    <p class='ocr_par' dir='ltr' id='par_1_46' title="bbox 2204 1088 3739 1182">
     <span class='ocr_line' id='line_1_46' title="bbox 2204 1088 3739 1182; baseline 0.019 -44"><span class='ocrx_word' id='word_1_378' title='bbox 2204 1088 2613 1155; x_wconf 85' lang='lat' dir='ltr'><strong>complicarunt.</strong></span> <span class='ocrx_word' id='word_1_379' title='bbox 2646 1092 2774 1157; x_wconf 80' lang='lat' dir='ltr'><strong>Quae</strong></span> <span class='ocrx_word' id='word_1_380' title='bbox 2796 1096 2974 1150; x_wconf 89' lang='lat' dir='ltr'><strong>omnia</strong></span> <span class='ocrx_word' id='word_1_381' title='bbox 3013 1098 3267 1169; x_wconf 90' lang='lat' dir='ltr'><strong>scientes,</strong></span> <span class='ocrx_word' id='word_1_382' title='bbox 3311 1102 3560 1173; x_wconf 87' lang='lat' dir='ltr'><strong>fugiamus</strong></span> <span class='ocrx_word' id='word_1_383' title='bbox 3584 1109 3739 1182; x_wconf 88' lang='lat' dir='ltr'><strong>hujus-</strong></span> 
     </span>
    </p>
   </div>
   <div class='ocr_carea' id='block_1_47' title="bbox 2207 1178 3736 1271">
    <p class='ocr_par' dir='ltr' id='par_1_47' title="bbox 2207 1178 3736 1271">
     <span class='ocr_line' id='line_1_47' title="bbox 2207 1178 3736 1271; baseline 0.017 -39"><span class='ocrx_word' id='word_1_384' title='bbox 2207 1178 2349 1271; x_wconf 80' lang='lat' dir='ltr'><strong>mudi</strong></span> <span class='ocrx_word' id='word_1_385' title='bbox 2378 1181 2573 1235; x_wconf 85' lang='lat' dir='ltr'><strong>zelum.</strong></span> <span class='ocrx_word' id='word_1_386' title='bbox 2602 1182 2711 1238; x_wconf 88' lang='lat' dir='ltr'><strong>Cur</strong></span> <span class='ocrx_word' id='word_1_387' title='bbox 2748 1185 2914 1255; x_wconf 90' lang='lat' dir='ltr'><strong>enim,</strong></span> <span class='ocrx_word' id='word_1_388' title='bbox 2947 1203 3151 1259; x_wconf 71' lang='lat' dir='ltr'><strong>quwso,</strong></span> <span class='ocrx_word' id='word_1_389' title='bbox 3201 1192 3441 1251; x_wconf 72' lang='lat' dir='ltr'><strong>invides?</strong></span> <span class='ocrx_word' id='word_1_390' title='bbox 3466 1201 3579 1270; x_wconf 88' lang='lat' dir='ltr'><strong>quia</strong></span> <span class='ocrx_word' id='word_1_391' title='bbox 3603 1178 3736 1271; x_wconf 76' lang='lat' dir='ltr'><strong>spiri-</strong></span> 
     </span>
    </p>
   </div>
   <div class='ocr_carea' id='block_1_48' title="bbox 2210 1270 3732 1362">
    <p class='ocr_par' dir='ltr' id='par_1_48' title="bbox 2210 1270 3732 1362">
     <span class='ocr_line' id='line_1_48' title="bbox 2210 1270 3732 1362; baseline 0.016 -39"><span class='ocrx_word' id='word_1_392' title='bbox 2210 1270 2403 1325; x_wconf 88' lang='lat' dir='ltr'><strong>tualetn</strong></span> <span class='ocrx_word' id='word_1_393' title='bbox 2458 1273 2683 1343; x_wconf 85' lang='lat' dir='ltr'><strong>gratiam</strong></span> <span class='ocrx_word' id='word_1_394' title='bbox 2743 1274 2909 1332; x_wconf 86' lang='lat' dir='ltr'><strong>frater</strong></span> <span class='ocrx_word' id='word_1_395' title='bbox 2954 1283 3201 1354; x_wconf 83' lang='lat' dir='ltr'><strong>accepit?</strong></span> <span class='ocrx_word' id='word_1_396' title='bbox 3248 1284 3313 1339; x_wconf 86' lang='lat' dir='ltr'><strong>Et</strong></span> <span class='ocrx_word' id='word_1_397' title='bbox 3349 1270 3732 1362; x_wconf 47' lang='lat' dir='ltr'><strong>aquo,qua&amp;o,</strong></span> 
     </span>
    </p>
   </div>
   <div class='ocr_carea' id='block_1_49' title="bbox 2208 1364 3742 1444">
    <p class='ocr_par' dir='ltr' id='par_1_49' title="bbox 2208 1364 3742 1444">
     <span class='ocr_line' id='line_1_49' title="bbox 2208 1364 3742 1444; baseline 0.015 -27"><span class='ocrx_word' id='word_1_398' title='bbox 2208 1364 2451 1434; x_wconf 87' lang='lat' dir='ltr'><strong>accepit?</strong></span> <span class='ocrx_word' id='word_1_399' title='bbox 2478 1381 2655 1423; x_wconf 91' lang='lat' dir='ltr'><strong>nonne</strong></span> <span class='ocrx_word' id='word_1_400' title='bbox 2673 1384 2703 1423; x_wconf 90' lang='lat' dir='ltr'><strong>a</strong></span> <span class='ocrx_word' id='word_1_401' title='bbox 2735 1369 2884 1426; x_wconf 87' lang='lat' dir='ltr'><strong>Deo?</strong></span> <span class='ocrx_word' id='word_1_402' title='bbox 2912 1372 3055 1444; x_wconf 87' lang='lat' dir='ltr'><strong>Ergo</strong></span> <span class='ocrx_word' id='word_1_403' title='bbox 3076 1384 3261 1431; x_wconf 89' lang='lat' dir='ltr'><strong>contra</strong></span> <span class='ocrx_word' id='word_1_404' title='bbox 3286 1377 3426 1433; x_wconf 88' lang='lat' dir='ltr'><strong>illttm</strong></span> <span class='ocrx_word' id='word_1_405' title='bbox 3453 1381 3742 1441; x_wconf 82' lang='lat' dir='ltr'><strong>inimicitiam</strong></span> 
     </span>
    </p>
   </div>
   <div class='ocr_carea' id='block_1_50' title="bbox 2208 1458 3738 1542">
    <p class='ocr_par' dir='ltr' id='par_1_50' title="bbox 2208 1458 3738 1542">
     <span class='ocr_line' id='line_1_50' title="bbox 2208 1458 3738 1542; baseline 0.014 -32"><span class='ocrx_word' id='word_1_406' title='bbox 2208 1458 2441 1528; x_wconf 87' lang='lat' dir='ltr'><strong>suscipe,</strong></span> <span class='ocrx_word' id='word_1_407' title='bbox 2470 1460 2560 1530; x_wconf 86' lang='lat' dir='ltr'><strong>qui</strong></span> <span class='ocrx_word' id='word_1_408' title='bbox 2587 1460 2785 1517; x_wconf 91' lang='lat' dir='ltr'><strong>donum</strong></span> <span class='ocrx_word' id='word_1_409' title='bbox 2813 1465 3061 1520; x_wconf 89' lang='lat' dir='ltr'><strong>contulit.</strong></span> <span class='ocrx_word' id='word_1_410' title='bbox 3092 1467 3280 1525; x_wconf 85' lang='lat' dir='ltr'><strong>Vidcnâ€˜</strong></span> <span class='ocrx_word' id='word_1_411' title='bbox 3300 1486 3407 1542; x_wconf 89' lang='lat' dir='ltr'><strong>quo</strong></span> <span class='ocrx_word' id='word_1_412' title='bbox 3442 1475 3625 1530; x_wconf 86' lang='lat' dir='ltr'><strong>malum</strong></span> <span class='ocrx_word' id='word_1_413' title='bbox 3645 1493 3738 1533; x_wconf 85' lang='lat' dir='ltr'><strong>ser-</strong></span> 
     </span>
    </p>
   </div>
   <div class='ocr_carea' id='block_1_51' title="bbox 2209 1550 3748 1636">
    <p class='ocr_par' dir='ltr' id='par_1_51' title="bbox 2209 1550 3748 1636">
     <span class='ocr_line' id='line_1_51' title="bbox 2209 1550 3748 1636; baseline 0.017 -35"><span class='ocrx_word' id='word_1_414' title='bbox 2209 1550 2304 1618; x_wconf 87' lang='lat' dir='ltr'><strong>pit,</strong></span> <span class='ocrx_word' id='word_1_415' title='bbox 2334 1561 2388 1605; x_wconf 89' lang='lat' dir='ltr'><strong>et</strong></span> <span class='ocrx_word' id='word_1_416' title='bbox 2413 1553 2625 1623; x_wconf 89' lang='lat' dir='ltr'><strong>qualem</strong></span> <span class='ocrx_word' id='word_1_417' title='bbox 2674 1557 3030 1627; x_wconf 84' lang='lat' dir='ltr'><strong>colaphonem</strong></span> <span class='ocrx_word' id='word_1_418' title='bbox 3081 1574 3419 1632; x_wconf 88' lang='lat' dir='ltr'><strong>peccatorum</strong></span> <span class='ocrx_word' id='word_1_419' title='bbox 3460 1568 3661 1636; x_wconf 87' lang='lat' dir='ltr'><strong>inducit,</strong></span> <span class='ocrx_word' id='word_1_420' title='bbox 3704 1581 3748 1627; x_wconf 83' lang='lat' dir='ltr'><strong>et</strong></span> 
     </span>
    </p>
   </div>
   <div class='ocr_carea' id='block_1_52' title="bbox 2209 1644 3745 1730">
    <p class='ocr_par' dir='ltr' id='par_1_52' title="bbox 2209 1644 3745 1730">
     <span class='ocr_line' id='line_1_52' title="bbox 2209 1644 3745 1730; baseline 0.014 -35"><span class='ocrx_word' id='word_1_421' title='bbox 2209 1653 2464 1711; x_wconf 89' lang='lat' dir='ltr'><strong>quantum</strong></span> <span class='ocrx_word' id='word_1_422' title='bbox 2527 1646 2747 1703; x_wconf 84' lang='lat' dir='ltr'><strong>sull&#39;odit</strong></span> <span class='ocrx_word' id='word_1_423' title='bbox 2808 1644 3057 1721; x_wconf 85' lang='lat' dir='ltr'><strong>supplicii</strong></span> <span class='ocrx_word' id='word_1_424' title='bbox 3112 1654 3453 1712; x_wconf 88' lang='lat' dir='ltr'><strong>barathrum?</strong></span> <span class='ocrx_word' id='word_1_425' title='bbox 3495 1658 3745 1730; x_wconf 83' lang='lat' dir='ltr'><strong>Fugiamtts</strong></span> 
     </span>
    </p>
   </div>
   <div class='ocr_carea' id='block_1_53' title="bbox 2210 1736 3752 1816">
    <p class='ocr_par' dir='ltr' id='par_1_53' title="bbox 2210 1736 3752 1816">
     <span class='ocr_line' id='line_1_53' title="bbox 2210 1736 3752 1816; baseline 0.012 -29"><span class='ocrx_word' id='word_1_426' title='bbox 2210 1749 2377 1806; x_wconf 89' lang='lat' dir='ltr'><strong>ergo,</strong></span> <span class='ocrx_word' id='word_1_427' title='bbox 2435 1736 2637 1803; x_wconf 84' lang='lat' dir='ltr'><strong>dilecti,</strong></span> <span class='ocrx_word' id='word_1_428' title='bbox 2688 1738 2790 1796; x_wconf 90' lang='lat' dir='ltr'><strong>hoc</strong></span> <span class='ocrx_word' id='word_1_429' title='bbox 2840 1742 3049 1807; x_wconf 90' lang='lat' dir='ltr'><strong>vitium,</strong></span> <span class='ocrx_word' id='word_1_430' title='bbox 3096 1760 3271 1816; x_wconf 90' lang='lat' dir='ltr'><strong>neque</strong></span> <span class='ocrx_word' id='word_1_431' title='bbox 3318 1747 3655 1813; x_wconf 84' lang='lat' dir='ltr'><strong>invideanms.</strong></span> <span class='ocrx_word' id='word_1_432' title='bbox 3702 1767 3752 1807; x_wconf 87' lang='lat' dir='ltr'><strong>ac</strong></span> 
     </span>
    </p>
   </div>
   <div class='ocr_carea' id='block_1_54' title="bbox 2212 1830 3752 1913">
    <p class='ocr_par' dir='ltr' id='par_1_54' title="bbox 2212 1830 3752 1913">
     <span class='ocr_line' id='line_1_54' title="bbox 2212 1830 3752 1913; baseline 0.01 -31"><span class='ocrx_word' id='word_1_433' title='bbox 2212 1844 2307 1898; x_wconf 91' lang='lat' dir='ltr'><strong>pro</strong></span> <span class='ocrx_word' id='word_1_434' title='bbox 2334 1830 2526 1887; x_wconf 86' lang='lat' dir='ltr'><strong>invidis</strong></span> <span class='ocrx_word' id='word_1_435' title='bbox 2573 1848 2875 1903; x_wconf 90' lang='lat' dir='ltr'><strong>precemur,</strong></span> <span class='ocrx_word' id='word_1_436' title='bbox 2903 1836 3142 1909; x_wconf 88' lang='lat' dir='ltr'><strong>nihilque</strong></span> <span class='ocrx_word' id='word_1_437' title='bbox 3168 1856 3274 1894; x_wconf 85' lang='lat' dir='ltr'><strong>non</strong></span> <span class='ocrx_word' id='word_1_438' title='bbox 3303 1855 3539 1913; x_wconf 82' lang='lat' dir='ltr'><strong>agamus,</strong></span> <span class='ocrx_word' id='word_1_439' title='bbox 3563 1853 3609 1897; x_wconf 88' lang='lat' dir='ltr'><strong>ut</strong></span> <span class='ocrx_word' id='word_1_440' title='bbox 3632 1859 3752 1898; x_wconf 88' lang='lat' dir='ltr'><strong>mor-</strong></span> 
     </span>
    </p>
   </div>
   <div class='ocr_carea' id='block_1_55' title="bbox 2213 1922 3758 2004">
    <p class='ocr_par' dir='ltr' id='par_1_55' title="bbox 2213 1922 3758 2004">
     <span class='ocr_line' id='line_1_55' title="bbox 2213 1922 3758 2004; baseline 0.01 -29"><span class='ocrx_word' id='word_1_441' title='bbox 2213 1922 2336 1976; x_wconf 92' lang='lat' dir='ltr'><strong>bum</strong></span> <span class='ocrx_word' id='word_1_442' title='bbox 2387 1923 2597 1979; x_wconf 87' lang='lat' dir='ltr'><strong>illorum</strong></span> <span class='ocrx_word' id='word_1_443' title='bbox 2643 1927 3074 1999; x_wconf 80' lang='lat' dir='ltr'><strong>exstinguamus.</strong></span> <span class='ocrx_word' id='word_1_444' title='bbox 3125 1929 3233 1987; x_wconf 86' lang='lat' dir='ltr'><strong>Sed</strong></span> <span class='ocrx_word' id='word_1_445' title='bbox 3261 1949 3330 1989; x_wconf 90' lang='lat' dir='ltr'><strong>ne</strong></span> <span class='ocrx_word' id='word_1_446' title='bbox 3355 1933 3537 1988; x_wconf 86' lang='lat' dir='ltr'><strong>eadem</strong></span> <span class='ocrx_word' id='word_1_447' title='bbox 3566 1951 3672 2004; x_wconf 70' lang='lat' dir='ltr'><strong>qua:</strong></span> <span class='ocrx_word' id='word_1_448' title='bbox 3694 1935 3758 1989; x_wconf 85' lang='lat' dir='ltr'><strong>in-</strong></span> 
     </span>
    </p>
   </div>
   <div class='ocr_carea' id='block_1_56' title="bbox 2208 2018 3756 2099">
    <p class='ocr_par' dir='ltr' id='par_1_56' title="bbox 2208 2018 3756 2099">
     <span class='ocr_line' id='line_1_56' title="bbox 2208 2018 3756 2099; baseline 0.008 -28"><span class='ocrx_word' id='word_1_449' title='bbox 2208 2018 2327 2072; x_wconf 89' lang='lat' dir='ltr'><strong>sani</strong></span> <span class='ocrx_word' id='word_1_450' title='bbox 2352 2018 2425 2073; x_wconf 92' lang='lat' dir='ltr'><strong>illi</strong></span> <span class='ocrx_word' id='word_1_451' title='bbox 2451 2020 2735 2089; x_wconf 87' lang='lat' dir='ltr'><strong>patiamur,</strong></span> <span class='ocrx_word' id='word_1_452' title='bbox 2760 2020 2852 2091; x_wconf 91' lang='lat' dir='ltr'><strong>qui</strong></span> <span class='ocrx_word' id='word_1_453' title='bbox 2873 2023 3115 2079; x_wconf 86' lang='lat' dir='ltr'><strong>volentes</strong></span> <span class='ocrx_word' id='word_1_454' title='bbox 3136 2040 3323 2095; x_wconf 77' lang='lat' dir='ltr'><strong>poenas</strong></span> <span class='ocrx_word' id='word_1_455' title='bbox 3344 2028 3412 2082; x_wconf 91' lang='lat' dir='ltr'><strong>ab</strong></span> <span class='ocrx_word' id='word_1_456' title='bbox 3434 2027 3534 2083; x_wconf 88' lang='lat' dir='ltr'><strong>illis</strong></span> <span class='ocrx_word' id='word_1_457' title='bbox 3555 2028 3756 2099; x_wconf 86' lang='lat' dir='ltr'><strong>exigere,</strong></span> 
     </span>
    </p>
   </div>
   <div class='ocr_carea' id='block_1_57' title="bbox 2211 2111 3758 2176">
    <p class='ocr_par' dir='ltr' id='par_1_57' title="bbox 2211 2111 3758 2176">
     <span class='ocr_line' id='line_1_57' title="bbox 2211 2111 3758 2176; baseline 0.007 -13"><span class='ocrx_word' id='word_1_458' title='bbox 2211 2111 2387 2164; x_wconf 88' lang='lat' dir='ltr'><strong>omnia</strong></span> <span class='ocrx_word' id='word_1_459' title='bbox 2420 2111 2618 2166; x_wconf 86' lang='lat' dir='ltr'><strong>faciunt</strong></span> <span class='ocrx_word' id='word_1_460' title='bbox 2662 2122 2717 2167; x_wconf 93' lang='lat' dir='ltr'><strong>ut</strong></span> <span class='ocrx_word' id='word_1_461' title='bbox 2745 2112 3015 2170; x_wconf 82' lang='lat' dir='ltr'><strong>ï¬‚ammam</strong></span> <span class='ocrx_word' id='word_1_462' title='bbox 3042 2116 3143 2173; x_wconf 88' lang='lat' dir='ltr'><strong>sibi</strong></span> <span class='ocrx_word' id='word_1_463' title='bbox 3184 2119 3503 2175; x_wconf 90' lang='lat' dir='ltr'><strong>accendant.</strong></span> <span class='ocrx_word' id='word_1_464' title='bbox 3534 2121 3678 2176; x_wconf 74' lang='lat' dir='ltr'><strong>Alne</strong></span> <span class='ocrx_word' id='word_1_465' title='bbox 3701 2120 3758 2174; x_wconf 83' lang='lat' dir='ltr'><strong>ita</strong></span> 
     </span>
    </p>
   </div>
   <div class='ocr_carea' id='block_1_58' title="bbox 2214 2206 3760 2283">
    <p class='ocr_par' dir='ltr' id='par_1_58' title="bbox 2214 2206 3760 2283">
     <span class='ocr_line' id='line_1_58' title="bbox 2214 2206 3760 2283; baseline 0.003 -22"><span class='ocrx_word' id='word_1_466' title='bbox 2214 2220 2332 2273; x_wconf 78' lang='lat' dir='ltr'><strong>nos,</strong></span> <span class='ocrx_word' id='word_1_467' title='bbox 2386 2206 2479 2261; x_wconf 77' lang='lat' dir='ltr'><strong>Sed</strong></span> <span class='ocrx_word' id='word_1_468' title='bbox 2531 2206 2637 2262; x_wconf 85' lang='lat' dir='ltr'><strong>dell</strong></span> <span class='ocrx_word' id='word_1_469' title='bbox 2671 2222 2826 2264; x_wconf 92' lang='lat' dir='ltr'><strong>amus</strong></span> <span class='ocrx_word' id='word_1_470' title='bbox 2855 2208 2974 2264; x_wconf 87' lang='lat' dir='ltr'><strong>illos</strong></span> <span class='ocrx_word' id='word_1_471' title='bbox 3000 2218 3055 2266; x_wconf 89' lang='lat' dir='ltr'><strong>et</strong></span> <span class='ocrx_word' id='word_1_472' title='bbox 3083 2209 3461 2267; x_wconf 86' lang='lat' dir='ltr'><strong>lamentemur.</strong></span> <span class='ocrx_word' id='word_1_473' title='bbox 3512 2212 3610 2283; x_wconf 91' lang='lat' dir='ltr'><strong>lpsi</strong></span> <span class='ocrx_word' id='word_1_474' title='bbox 3643 2213 3760 2269; x_wconf 89' lang='lat' dir='ltr'><strong>enim</strong></span> 
     </span>
    </p>
   </div>
   <div class='ocr_carea' id='block_1_59' title="bbox 2214 2297 3764 2375">
    <p class='ocr_par' dir='ltr' id='par_1_59' title="bbox 2214 2297 3764 2375">
     <span class='ocr_line' id='line_1_59' title="bbox 2214 2297 3764 2375; baseline 0.005 -24"><span class='ocrx_word' id='word_1_475' title='bbox 2214 2307 2340 2352; x_wconf 89' lang='lat' dir='ltr'><strong>sunt</strong></span> <span class='ocrx_word' id='word_1_476' title='bbox 2382 2298 2473 2368; x_wconf 92' lang='lat' dir='ltr'><strong>qui</strong></span> <span class='ocrx_word' id='word_1_477' title='bbox 2502 2297 2784 2366; x_wconf 82' lang='lat' dir='ltr'><strong>laeduntur,</strong></span> <span class='ocrx_word' id='word_1_478' title='bbox 2818 2315 3053 2357; x_wconf 87' lang='lat' dir='ltr'><strong>vermem</strong></span> <span class='ocrx_word' id='word_1_479' title='bbox 3078 2301 3335 2359; x_wconf 91' lang='lat' dir='ltr'><strong>habentes</strong></span> <span class='ocrx_word' id='word_1_480' title='bbox 3366 2314 3670 2375; x_wconf 87' lang='lat' dir='ltr'><strong>perpetuum</strong></span> <span class='ocrx_word' id='word_1_481' title='bbox 3690 2318 3764 2358; x_wconf 87' lang='lat' dir='ltr'><strong>cor</strong></span> 
     </span>
    </p>
   </div>
   <div class='ocr_carea' id='block_1_60' title="bbox 2214 2388 3762 2467">
    <p class='ocr_par' dir='ltr' id='par_1_60' title="bbox 2214 2388 3762 2467">
     <span class='ocr_line' id='line_1_60' title="bbox 2214 2388 3762 2467; baseline 0.004 -26"><span class='ocrx_word' id='word_1_482' title='bbox 2214 2388 2450 2456; x_wconf 81' lang='lat' dir='ltr'><strong>ipsorum</strong></span> <span class='ocrx_word' id='word_1_483' title='bbox 2489 2389 2855 2458; x_wconf 87' lang='lat' dir='ltr'><strong>arrodcntem,</strong></span> <span class='ocrx_word' id='word_1_484' title='bbox 2904 2400 2963 2448; x_wconf 89' lang='lat' dir='ltr'><strong>et</strong></span> <span class='ocrx_word' id='word_1_485' title='bbox 3010 2394 3202 2449; x_wconf 87' lang='lat' dir='ltr'><strong>veneni</strong></span> <span class='ocrx_word' id='word_1_486' title='bbox 3237 2403 3569 2467; x_wconf 86' lang='lat' dir='ltr'><strong>congregant</strong></span> <span class='ocrx_word' id='word_1_487' title='bbox 3595 2396 3762 2449; x_wconf 80' lang='lat' dir='ltr'><strong>fontem</strong></span> 
     </span>
    </p>
   </div>
   <div class='ocr_carea' id='block_1_61' title="bbox 2213 2480 3766 2558">
    <p class='ocr_par' dir='ltr' id='par_1_61' title="bbox 2213 2480 3766 2558">
     <span class='ocr_line' id='line_1_61' title="bbox 2213 2480 3766 2558; baseline 0.003 -25"><span class='ocrx_word' id='word_1_488' title='bbox 2213 2480 2360 2535; x_wconf 91' lang='lat' dir='ltr'><strong>omni</strong></span> <span class='ocrx_word' id='word_1_489' title='bbox 2425 2480 2549 2536; x_wconf 89' lang='lat' dir='ltr'><strong>felle</strong></span> <span class='ocrx_word' id='word_1_490' title='bbox 2605 2483 2948 2539; x_wconf 83' lang='lat' dir='ltr'><strong>amariorem.</strong></span> <span class='ocrx_word' id='word_1_491' title='bbox 3000 2483 3270 2556; x_wconf 81' lang='lat' dir='ltr'><strong>Rogemus</strong></span> <span class='ocrx_word' id='word_1_492' title='bbox 3330 2502 3463 2558; x_wconf 88' lang='lat' dir='ltr'><strong>ergo</strong></span> <span class='ocrx_word' id='word_1_493' title='bbox 3516 2486 3766 2556; x_wconf 87' lang='lat' dir='ltr'><strong>benignum</strong></span> 
     </span>
    </p>
   </div>
   <div class='ocr_carea' id='block_1_62' title="bbox 2216 2573 3767 2645">
    <p class='ocr_par' dir='ltr' id='par_1_62' title="bbox 2216 2573 3767 2645">
     <span class='ocr_line' id='line_1_62' title="bbox 2216 2573 3767 2645; baseline 0.005 -19"><span class='ocrx_word' id='word_1_494' title='bbox 2216 2573 2404 2635; x_wconf 83' lang='lat' dir='ltr'><strong>Deum,</strong></span> <span class='ocrx_word' id='word_1_495' title='bbox 2438 2582 2494 2626; x_wconf 93' lang='lat' dir='ltr'><strong>ut</strong></span> <span class='ocrx_word' id='word_1_496' title='bbox 2519 2581 2574 2628; x_wconf 89' lang='lat' dir='ltr'><strong>et</strong></span> <span class='ocrx_word' id='word_1_497' title='bbox 2616 2573 2720 2628; x_wconf 90' lang='lat' dir='ltr'><strong>illis</strong></span> <span class='ocrx_word' id='word_1_498' title='bbox 2763 2574 3011 2631; x_wconf 89' lang='lat' dir='ltr'><strong>morbum</strong></span> <span class='ocrx_word' id='word_1_499' title='bbox 3058 2576 3330 2645; x_wconf 87' lang='lat' dir='ltr'><strong>immutet,</strong></span> <span class='ocrx_word' id='word_1_500' title='bbox 3372 2586 3428 2634; x_wconf 91' lang='lat' dir='ltr'><strong>et</strong></span> <span class='ocrx_word' id='word_1_501' title='bbox 3455 2592 3551 2633; x_wconf 90' lang='lat' dir='ltr'><strong>nos</strong></span> <span class='ocrx_word' id='word_1_502' title='bbox 3583 2592 3645 2633; x_wconf 90' lang='lat' dir='ltr'><strong>ne</strong></span> <span class='ocrx_word' id='word_1_503' title='bbox 3669 2591 3767 2632; x_wconf 89' lang='lat' dir='ltr'><strong>um-</strong></span> 
     </span>
    </p>
   </div>
   <div class='ocr_carea' id='block_1_63' title="bbox 2213 2664 3768 2736">
    <p class='ocr_par' dir='ltr' id='par_1_63' title="bbox 2213 2664 3768 2736">
     <span class='ocr_line' id='line_1_63' title="bbox 2213 2664 3768 2736; baseline 0.003 -19"><span class='ocrx_word' id='word_1_504' title='bbox 2213 2680 2371 2736; x_wconf 90' lang='lat' dir='ltr'><strong>quam</strong></span> <span class='ocrx_word' id='word_1_505' title='bbox 2405 2666 2457 2719; x_wconf 88' lang='lat' dir='ltr'><strong>in</strong></span> <span class='ocrx_word' id='word_1_506' title='bbox 2485 2664 2627 2721; x_wconf 89' lang='lat' dir='ltr'><strong>hunc</strong></span> <span class='ocrx_word' id='word_1_507' title='bbox 2656 2666 2970 2724; x_wconf 84' lang='lat' dir='ltr'><strong>incidamus.</strong></span> <span class='ocrx_word' id='word_1_508' title='bbox 2995 2667 3129 2725; x_wconf 85' lang='lat' dir='ltr'><strong>Nam</strong></span> <span class='ocrx_word' id='word_1_509' title='bbox 3155 2671 3493 2728; x_wconf 87' lang='lat' dir='ltr'><strong>inaccessum</strong></span> <span class='ocrx_word' id='word_1_510' title='bbox 3518 2679 3598 2727; x_wconf 86' lang='lat' dir='ltr'><strong>est</strong></span> <span class='ocrx_word' id='word_1_511' title='bbox 3612 2670 3768 2725; x_wconf 72' lang='lat' dir='ltr'><strong>czeltttn</strong></span> 
     </span>
    </p>
   </div>
   <div class='ocr_carea' id='block_1_64' title="bbox 2213 2757 3767 2828">
    <p class='ocr_par' dir='ltr' id='par_1_64' title="bbox 2213 2757 3767 2828">
     <span class='ocr_line' id='line_1_64' title="bbox 2213 2757 3767 2828; baseline 0.001 -17"><span class='ocrx_word' id='word_1_512' title='bbox 2213 2757 2263 2812; x_wconf 90' lang='lat' dir='ltr'><strong>ei</strong></span> <span class='ocrx_word' id='word_1_513' title='bbox 2284 2758 2374 2828; x_wconf 89' lang='lat' dir='ltr'><strong>qui</strong></span> <span class='ocrx_word' id='word_1_514' title='bbox 2411 2760 2509 2813; x_wconf 89' lang='lat' dir='ltr'><strong>hac</strong></span> <span class='ocrx_word' id='word_1_515' title='bbox 2530 2758 2651 2813; x_wconf 86' lang='lat' dir='ltr'><strong>tabe</strong></span> <span class='ocrx_word' id='word_1_516' title='bbox 2693 2759 2921 2828; x_wconf 86' lang='lat' dir='ltr'><strong>laborat,</strong></span> <span class='ocrx_word' id='word_1_517' title='bbox 2952 2771 3005 2818; x_wconf 87' lang='lat' dir='ltr'><strong>et</strong></span> <span class='ocrx_word' id='word_1_518' title='bbox 3035 2771 3161 2818; x_wconf 83' lang='lat' dir='ltr'><strong>ante</strong></span> <span class='ocrx_word' id='word_1_519' title='bbox 3185 2763 3383 2818; x_wconf 62' lang='lat' dir='ltr'><strong>caelum</strong></span> <span class='ocrx_word' id='word_1_520' title='bbox 3416 2763 3532 2819; x_wconf 59' lang='lat' dir='ltr'><strong>haec</strong></span> <span class='ocrx_word' id='word_1_521' title='bbox 3559 2763 3659 2817; x_wconf 88' lang='lat' dir='ltr'><strong>vita</strong></span> <span class='ocrx_word' id='word_1_522' title='bbox 3682 2775 3767 2815; x_wconf 88' lang='lat' dir='ltr'><strong>non</strong></span> 
     </span>
    </p>
   </div>
   <div class='ocr_carea' id='block_1_65' title="bbox 2214 2849 3771 2926">
    <p class='ocr_par' dir='ltr' id='par_1_65' title="bbox 2214 2849 3771 2926">
     <span class='ocr_line' id='line_1_65' title="bbox 2214 2849 3771 2926; baseline 0.004 -25"><span class='ocrx_word' id='word_1_523' title='bbox 2214 2849 2388 2904; x_wconf 88' lang='lat' dir='ltr'><strong>vitalis</strong></span> <span class='ocrx_word' id='word_1_524' title='bbox 2406 2860 2507 2905; x_wconf 88' lang='lat' dir='ltr'><strong>est.</strong></span> <span class='ocrx_word' id='word_1_525' title='bbox 2529 2850 2712 2922; x_wconf 86' lang='lat' dir='ltr'><strong>Neque</strong></span> <span class='ocrx_word' id='word_1_526' title='bbox 2731 2851 2876 2908; x_wconf 88' lang='lat' dir='ltr'><strong>enim</strong></span> <span class='ocrx_word' id='word_1_527' title='bbox 2898 2853 3097 2926; x_wconf 88' lang='lat' dir='ltr'><strong>lignum</strong></span> <span class='ocrx_word' id='word_1_528' title='bbox 3121 2864 3176 2912; x_wconf 92' lang='lat' dir='ltr'><strong>et</strong></span> <span class='ocrx_word' id='word_1_529' title='bbox 3198 2856 3377 2911; x_wconf 83' lang='lat' dir='ltr'><strong>lanam</strong></span> <span class='ocrx_word' id='word_1_530' title='bbox 3403 2855 3636 2911; x_wconf 89' lang='lat' dir='ltr'><strong>insidens</strong></span> <span class='ocrx_word' id='word_1_531' title='bbox 3657 2854 3771 2909; x_wconf 81' lang='lat' dir='ltr'><strong>tinea</strong></span> 
     </span>
    </p>
   </div>
   <div class='ocr_carea' id='block_1_66' title="bbox 2216 2940 3772 3010">
    <p class='ocr_par' dir='ltr' id='par_1_66' title="bbox 2216 2940 3772 3010">
     <span class='ocr_line' id='line_1_66' title="bbox 2216 2940 3772 3010; baseline 0.004 -17"><span class='ocrx_word' id='word_1_532' title='bbox 2216 2940 2287 2994; x_wconf 89' lang='lat' dir='ltr'><strong>ita</strong></span> <span class='ocrx_word' id='word_1_533' title='bbox 2333 2941 2527 2998; x_wconf 80' lang='lat' dir='ltr'><strong>rodere</strong></span> <span class='ocrx_word' id='word_1_534' title='bbox 2571 2942 2730 3010; x_wconf 88' lang='lat' dir='ltr'><strong>solet,</strong></span> <span class='ocrx_word' id='word_1_535' title='bbox 2774 2954 2832 3000; x_wconf 90' lang='lat' dir='ltr'><strong>ut</strong></span> <span class='ocrx_word' id='word_1_536' title='bbox 2880 2945 3098 3002; x_wconf 79' lang='lat' dir='ltr'><strong>invidia:</strong></span> <span class='ocrx_word' id='word_1_537' title='bbox 3130 2947 3297 3004; x_wconf 91' lang='lat' dir='ltr'><strong>febris</strong></span> <span class='ocrx_word' id='word_1_538' title='bbox 3338 2965 3464 3005; x_wconf 88' lang='lat' dir='ltr'><strong>ossa</strong></span> <span class='ocrx_word' id='word_1_539' title='bbox 3508 2948 3772 3004; x_wconf 88' lang='lat' dir='ltr'><strong>invidorum</strong></span> 
     </span>
    </p>
   </div>
   <div class='ocr_carea' id='block_1_67' title="bbox 2214 3032 3777 3110">
    <p class='ocr_par' dir='ltr' id='par_1_67' title="bbox 2214 3032 3777 3110">
     <span class='ocr_line' id='line_1_67' title="bbox 2214 3032 3777 3110; baseline 0.003 -24"><span class='ocrx_word' id='word_1_540' title='bbox 2214 3032 2473 3101; x_wconf 77' lang='lat' dir='ltr'><strong>cut-rodit,</strong></span> <span class='ocrx_word' id='word_1_541' title='bbox 2501 3040 2555 3087; x_wconf 91' lang='lat' dir='ltr'><strong>et</strong></span> <span class='ocrx_word' id='word_1_542' title='bbox 2573 3034 2767 3089; x_wconf 84' lang='lat' dir='ltr'><strong>animae</strong></span> <span class='ocrx_word' id='word_1_543' title='bbox 2796 3038 3198 3107; x_wconf 87' lang='lat' dir='ltr'><strong>temperantiam</strong></span> <span class='ocrx_word' id='word_1_544' title='bbox 3225 3039 3535 3097; x_wconf 87' lang='lat' dir='ltr'><strong>labefactat.</strong></span> <span class='ocrx_word' id='word_1_545' title='bbox 3564 3039 3629 3098; x_wconf 87' lang='lat' dir='ltr'><strong>Ut</strong></span> <span class='ocrx_word' id='word_1_546' title='bbox 3646 3039 3777 3110; x_wconf 86' lang='lat' dir='ltr'><strong>igitur</strong></span> 
     </span>
    </p>
   </div>
   <div class='ocr_carea' id='block_1_68' title="bbox 2215 3125 3774 3203">
    <p class='ocr_par' dir='ltr' id='par_1_68' title="bbox 2215 3125 3774 3203">
     <span class='ocr_line' id='line_1_68' title="bbox 2215 3125 3774 3203; baseline 0.006 -27"><span class='ocrx_word' id='word_1_547' title='bbox 2215 3133 2271 3177; x_wconf 89' lang='lat' dir='ltr'><strong>et</strong></span> <span class='ocrx_word' id='word_1_548' title='bbox 2297 3138 2394 3178; x_wconf 88' lang='lat' dir='ltr'><strong>nos</strong></span> <span class='ocrx_word' id='word_1_549' title='bbox 2420 3135 2474 3179; x_wconf 90' lang='lat' dir='ltr'><strong>et</strong></span> <span class='ocrx_word' id='word_1_550' title='bbox 2499 3125 2635 3181; x_wconf 90' lang='lat' dir='ltr'><strong>alios</strong></span> <span class='ocrx_word' id='word_1_551' title='bbox 2659 3126 2727 3181; x_wconf 89' lang='lat' dir='ltr'><strong>ab</strong></span> <span class='ocrx_word' id='word_1_552' title='bbox 2757 3128 3054 3185; x_wconf 90' lang='lat' dir='ltr'><strong>innumeris</strong></span> <span class='ocrx_word' id='word_1_553' title='bbox 3080 3145 3337 3188; x_wconf 87' lang='lat' dir='ltr'><strong>eruamus</strong></span> <span class='ocrx_word' id='word_1_554' title='bbox 3364 3134 3542 3200; x_wconf 87' lang='lat' dir='ltr'><strong>malis,</strong></span> <span class='ocrx_word' id='word_1_555' title='bbox 3569 3131 3774 3203; x_wconf 76' lang='lat' dir='ltr'><strong>expella-</strong></span> 
     </span>
    </p>
   </div>
   <div class='ocr_carea' id='block_1_69' title="bbox 2215 3216 3778 3294">
    <p class='ocr_par' dir='ltr' id='par_1_69' title="bbox 2215 3216 3778 3294">
     <span class='ocr_line' id='line_1_69' title="bbox 2215 3216 3778 3294; baseline 0.004 -25"><span class='ocrx_word' id='word_1_556' title='bbox 2215 3231 2338 3270; x_wconf 90' lang='lat' dir='ltr'><strong>mns</strong></span> <span class='ocrx_word' id='word_1_557' title='bbox 2364 3234 2392 3269; x_wconf 89' lang='lat' dir='ltr'><strong>a</strong></span> <span class='ocrx_word' id='word_1_558' title='bbox 2421 3216 2574 3272; x_wconf 83' lang='lat' dir='ltr'><strong>nobis</strong></span> <span class='ocrx_word' id='word_1_559' title='bbox 2603 3217 2742 3275; x_wconf 89' lang='lat' dir='ltr'><strong>hanc</strong></span> <span class='ocrx_word' id='word_1_560' title='bbox 2766 3221 2960 3275; x_wconf 90' lang='lat' dir='ltr'><strong>malam</strong></span> <span class='ocrx_word' id='word_1_561' title='bbox 2991 3220 3180 3278; x_wconf 87' lang='lat' dir='ltr'><strong>febrim</strong></span> <span class='ocrx_word' id='word_1_562' title='bbox 3212 3226 3408 3294; x_wconf 89' lang='lat' dir='ltr'><strong>quavis</strong></span> <span class='ocrx_word' id='word_1_563' title='bbox 3437 3221 3559 3281; x_wconf 84' lang='lat' dir='ltr'><strong>tabe</strong></span> <span class='ocrx_word' id='word_1_564' title='bbox 3576 3221 3778 3279; x_wconf 87' lang='lat' dir='ltr'><strong>deterio-</strong></span> 
     </span>
    </p>
   </div>
   <div class='ocr_carea' id='block_1_70' title="bbox 2215 3308 3776 3387">
    <p class='ocr_par' dir='ltr' id='par_1_70' title="bbox 2215 3308 3776 3387">
     <span class='ocr_line' id='line_1_70' title="bbox 2215 3308 3776 3387; baseline 0.005 -28"><span class='ocrx_word' id='word_1_565' title='bbox 2215 3323 2361 3372; x_wconf 85' lang='lat' dir='ltr'><strong>rem;</strong></span> <span class='ocrx_word' id='word_1_566' title='bbox 2397 3316 2453 3361; x_wconf 91' lang='lat' dir='ltr'><strong>ut</strong></span> <span class='ocrx_word' id='word_1_567' title='bbox 2481 3308 2747 3380; x_wconf 80' lang='lat' dir='ltr'><strong>Spirituali</strong></span> <span class='ocrx_word' id='word_1_568' title='bbox 2784 3321 3036 3383; x_wconf 89' lang='lat' dir='ltr'><strong>suscepto</strong></span> <span class='ocrx_word' id='word_1_569' title='bbox 3078 3312 3301 3383; x_wconf 89' lang='lat' dir='ltr'><strong>robore,</strong></span> <span class='ocrx_word' id='word_1_570' title='bbox 3336 3326 3396 3371; x_wconf 91' lang='lat' dir='ltr'><strong>et</strong></span> <span class='ocrx_word' id='word_1_571' title='bbox 3423 3329 3655 3387; x_wconf 71' lang='lat' dir='ltr'><strong>prmseas</strong></span> <span class='ocrx_word' id='word_1_572' title='bbox 3678 3328 3776 3368; x_wconf 88' lang='lat' dir='ltr'><strong>cer-</strong></span> 
     </span>
    </p>
   </div>
   <div class='ocr_carea' id='block_1_71' title="bbox 2217 3404 3778 3479">
    <p class='ocr_par' dir='ltr' id='par_1_71' title="bbox 2217 3404 3778 3479">
     <span class='ocr_line' id='line_1_71' title="bbox 2217 3404 3778 3479; baseline 0.002 -24"><span class='ocrx_word' id='word_1_573' title='bbox 2217 3409 2392 3455; x_wconf 88' lang='lat' dir='ltr'><strong>tamen</strong></span> <span class='ocrx_word' id='word_1_574' title='bbox 2426 3404 2784 3471; x_wconf 79' lang='lat' dir='ltr'><strong>perficiamus,</strong></span> <span class='ocrx_word' id='word_1_575' title='bbox 2817 3414 2873 3462; x_wconf 90' lang='lat' dir='ltr'><strong>et</strong></span> <span class='ocrx_word' id='word_1_576' title='bbox 2894 3404 3099 3461; x_wconf 88' lang='lat' dir='ltr'><strong>futuras</strong></span> <span class='ocrx_word' id='word_1_577' title='bbox 3124 3421 3527 3479; x_wconf 87' lang='lat' dir='ltr'><strong>consequamur</strong></span> <span class='ocrx_word' id='word_1_578' title='bbox 3552 3420 3778 3463; x_wconf 88' lang='lat' dir='ltr'><strong>coronas:</strong></span> 
     </span>
    </p>
   </div>
   <div class='ocr_carea' id='block_1_72' title="bbox 2215 3495 3781 3573">
    <p class='ocr_par' dir='ltr' id='par_1_72' title="bbox 2215 3495 3781 3573">
     <span class='ocr_line' id='line_1_72' title="bbox 2215 3495 3781 3573; baseline 0.001 -27"><span class='ocrx_word' id='word_1_579' title='bbox 2215 3509 2348 3567; x_wconf 89' lang='lat' dir='ltr'><strong>quas</strong></span> <span class='ocrx_word' id='word_1_580' title='bbox 2373 3495 2575 3550; x_wconf 91' lang='lat' dir='ltr'><strong>utinam</strong></span> <span class='ocrx_word' id='word_1_581' title='bbox 2604 3511 2702 3552; x_wconf 90' lang='lat' dir='ltr'><strong>nos</strong></span> <span class='ocrx_word' id='word_1_582' title='bbox 2753 3513 2941 3554; x_wconf 89' lang='lat' dir='ltr'><strong>omnes</strong></span> <span class='ocrx_word' id='word_1_583' title='bbox 2971 3497 3196 3571; x_wconf 89' lang='lat' dir='ltr'><strong>adipisci</strong></span> <span class='ocrx_word' id='word_1_584' title='bbox 3225 3501 3534 3573; x_wconf 85' lang='lat' dir='ltr'><strong>contingat,</strong></span> <span class='ocrx_word' id='word_1_585' title='bbox 3563 3498 3714 3572; x_wconf 82' lang='lat' dir='ltr'><strong>gratia</strong></span> <span class='ocrx_word' id='word_1_586' title='bbox 3738 3505 3781 3549; x_wconf 89' lang='lat' dir='ltr'><strong>et</strong></span> 
     </span>
    </p>
   </div>
   <div class='ocr_carea' id='block_1_73' title="bbox 2216 3585 3779 3665">
    <p class='ocr_par' dir='ltr' id='par_1_73' title="bbox 2216 3585 3779 3665">
     <span class='ocr_line' id='line_1_73' title="bbox 2216 3585 3779 3665; baseline 0 -23"><span class='ocrx_word' id='word_1_587' title='bbox 2216 3587 2545 3658; x_wconf 87' lang='lat' dir='ltr'><strong>benignitate</strong></span> <span class='ocrx_word' id='word_1_588' title='bbox 2573 3590 2784 3646; x_wconf 90' lang='lat' dir='ltr'><strong>Domini</strong></span> <span class='ocrx_word' id='word_1_589' title='bbox 2808 3591 2979 3646; x_wconf 84' lang='lat' dir='ltr'><strong>nostri</strong></span> <span class='ocrx_word' id='word_1_590' title='bbox 3006 3591 3134 3647; x_wconf 85' lang='lat' dir='ltr'><strong>Jesu</strong></span> <span class='ocrx_word' id='word_1_591' title='bbox 3159 3591 3388 3662; x_wconf 89' lang='lat' dir='ltr'><strong>Christi,</strong></span> <span class='ocrx_word' id='word_1_592' title='bbox 3427 3594 3637 3665; x_wconf 91' lang='lat' dir='ltr'><strong>quicum</strong></span> <span class='ocrx_word' id='word_1_593' title='bbox 3664 3585 3779 3646; x_wconf 81' lang='lat' dir='ltr'><strong>Patri</strong></span> 
     </span>
    </p>
   </div>
   <div class='ocr_carea' id='block_1_74' title="bbox 2216 3681 3783 3758">
    <p class='ocr_par' dir='ltr' id='par_1_74' title="bbox 2216 3681 3783 3758">
     <span class='ocr_line' id='line_1_74' title="bbox 2216 3681 3783 3758; baseline -0.001 -22"><span class='ocrx_word' id='word_1_594' title='bbox 2216 3697 2427 3752; x_wconf 91' lang='lat' dir='ltr'><strong>ttnaque</strong></span> <span class='ocrx_word' id='word_1_595' title='bbox 2451 3681 2670 3754; x_wconf 86' lang='lat' dir='ltr'><strong>Spiritui</strong></span> <span class='ocrx_word' id='word_1_596' title='bbox 2693 3695 2883 3740; x_wconf 88' lang='lat' dir='ltr'><strong>sancto</strong></span> <span class='ocrx_word' id='word_1_597' title='bbox 2903 3685 3091 3755; x_wconf 80' lang='lat' dir='ltr'><strong>gloria,</strong></span> <span class='ocrx_word' id='word_1_598' title='bbox 3117 3686 3434 3758; x_wconf 88' lang='lat' dir='ltr'><strong>imperium,</strong></span> <span class='ocrx_word' id='word_1_599' title='bbox 3460 3687 3647 3752; x_wconf 88' lang='lat' dir='ltr'><strong>honor,</strong></span> <span class='ocrx_word' id='word_1_600' title='bbox 3668 3694 3783 3739; x_wconf 84' lang='lat' dir='ltr'><strong>nunc</strong></span> 
     </span>
    </p>
   </div>
   <div class='ocr_carea' id='block_1_75' title="bbox 2214 3773 3534 3845">
    <p class='ocr_par' dir='ltr' id='par_1_75' title="bbox 2214 3773 3534 3845">
     <span class='ocr_line' id='line_1_75' title="bbox 2214 3773 3534 3845; baseline 0.002 -17"><span class='ocrx_word' id='word_1_601' title='bbox 2214 3783 2267 3828; x_wconf 87' lang='lat' dir='ltr'><strong>et</strong></span> <span class='ocrx_word' id='word_1_602' title='bbox 2298 3789 2531 3845; x_wconf 85' lang='lat' dir='ltr'><strong>semper,</strong></span> <span class='ocrx_word' id='word_1_603' title='bbox 2566 3786 2619 3829; x_wconf 88' lang='lat' dir='ltr'><strong>et</strong></span> <span class='ocrx_word' id='word_1_604' title='bbox 2642 3773 2693 3830; x_wconf 91' lang='lat' dir='ltr'><strong>in</strong></span> <span class='ocrx_word' id='word_1_605' title='bbox 2733 3774 2929 3831; x_wconf 76' lang='lat' dir='ltr'><strong>sarcula</strong></span> <span class='ocrx_word' id='word_1_606' title='bbox 2955 3775 3297 3833; x_wconf 61' lang='lat' dir='ltr'><strong>saeculorum.</strong></span> <span class='ocrx_word' id='word_1_607' title='bbox 3334 3779 3534 3834; x_wconf 81' lang='lat' dir='ltr'><strong>Amen.</strong></span> 
     </span>
    </p>
   </div>
   <div class='ocr_carea' id='block_1_76' title="bbox 1302 3978 3784 4012">
    <p class='ocr_par' dir='ltr' id='par_1_76' title="bbox 1302 3978 3784 4012">
     <span class='ocr_line' id='line_1_76' title="bbox 1302 3978 3784 4012; baseline 0.005 -24"><span class='ocrx_word' id='word_1_608' title='bbox 1302 3978 3784 4012; x_wconf 44' lang='grc' dir='ltr'><strong>á¼ª...</strong></span> 
     </span>
    </p>
   </div>
   <div class='ocr_carea' id='block_1_77' title="bbox 1857 4068 2527 4138">
    <p class='ocr_par' dir='ltr' id='par_1_77' title="bbox 1857 4068 2527 4138">
     <span class='ocr_line' id='line_1_77' title="bbox 1857 4068 2527 4138; baseline 0.009 -9"><span class='ocrx_word' id='word_1_609' title='bbox 1857 4068 2206 4135; x_wconf 80' lang='lat' dir='ltr'><strong>HOMILIA</strong></span> <span class='ocrx_word' id='word_1_610' title='bbox 2249 4074 2527 4138; x_wconf 79' lang='lat' dir='ltr'><strong>XXXII.</strong></span> 
     </span>
    </p>
   </div>
   <div class='ocr_carea' id='block_1_78' title="bbox 506 4204 2104 4287">
    <p class='ocr_par' dir='ltr' id='par_1_78' title="bbox 506 4204 2104 4287">
     <span class='ocr_line' id='line_1_78' title="bbox 506 4204 2104 4287; baseline 0.013 -30"><span class='ocrx_word' id='word_1_611' title='bbox 506 4204 637 4259; x_wconf 64' lang='lat' dir='ltr'><strong>Car.</strong></span> <span class='ocrx_word' id='word_1_612' title='bbox 683 4204 777 4268; x_wconf 74' lang='grc'><strong>12,</strong></span> <span class='ocrx_word' id='word_1_613' title='bbox 812 4221 859 4259; x_wconf 90' lang='lat' dir='ltr'><strong>v.</strong></span> <span class='ocrx_word' id='word_1_614' title='bbox 901 4207 993 4260; x_wconf 76' lang='lat'><strong>27.</strong></span> <span class='ocrx_word' id='word_1_615' title='bbox 1046 4205 1145 4261; x_wconf 80' lang='lat' dir='ltr'><strong>Vcs</strong></span> <span class='ocrx_word' id='word_1_616' title='bbox 1187 4217 1356 4263; x_wconf 80' lang='lat' dir='ltr'><strong>autent</strong></span> <span class='ocrx_word' id='word_1_617' title='bbox 1399 4212 1518 4266; x_wconf 85' lang='lat' dir='ltr'><strong>estis</strong></span> <span class='ocrx_word' id='word_1_618' title='bbox 1556 4228 1743 4284; x_wconf 75' lang='lat' dir='ltr'><strong>corpus</strong></span> <span class='ocrx_word' id='word_1_619' title='bbox 1782 4216 2013 4287; x_wconf 78' lang='lat' dir='ltr'><strong>Christi,</strong></span> <span class='ocrx_word' id='word_1_620' title='bbox 2055 4230 2104 4277; x_wconf 82' lang='lat' dir='ltr'><strong>et</strong></span> 
     </span>
    </p>
   </div>
   <div class='ocr_carea' id='block_1_79' title="bbox 1061 4300 1570 4374">
    <p class='ocr_par' dir='ltr' id='par_1_79' title="bbox 1061 4300 1570 4374">
     <span class='ocr_line' id='line_1_79' title="bbox 1061 4300 1570 4374; baseline 0.014 -22"><span class='ocrx_word' id='word_1_621' title='bbox 1061 4300 1288 4355; x_wconf 86' lang='lat' dir='ltr'><strong>membra</strong></span> <span class='ocrx_word' id='word_1_622' title='bbox 1313 4319 1377 4357; x_wconf 76' lang='lat' dir='ltr'><strong>ea:</strong></span> <span class='ocrx_word' id='word_1_623' title='bbox 1405 4314 1570 4374; x_wconf 83' lang='lat' dir='ltr'><strong>parte.</strong></span> 
     </span>
    </p>
   </div>
   <div class='ocr_carea' id='block_1_80' title="bbox 586 4389 2104 4476">
    <p class='ocr_par' dir='ltr' id='par_1_80' title="bbox 586 4389 2104 4476">
     <span class='ocr_line' id='line_1_80' title="bbox 586 4389 2104 4476; baseline 0.012 -32"><span class='ocrx_word' id='word_1_624' title='bbox 586 4391 639 4445; x_wconf 81' lang='lat' dir='ltr'><strong>l.</strong></span> <span class='ocrx_word' id='word_1_625' title='bbox 678 4389 755 4445; x_wconf 87' lang='lat' dir='ltr'><strong>Ne</strong></span> <span class='ocrx_word' id='word_1_626' title='bbox 793 4392 914 4461; x_wconf 88' lang='lat' dir='ltr'><strong>quis</strong></span> <span class='ocrx_word' id='word_1_627' title='bbox 953 4393 1097 4447; x_wconf 86' lang='lat' dir='ltr'><strong>enim</strong></span> <span class='ocrx_word' id='word_1_628' title='bbox 1137 4393 1364 4464; x_wconf 90' lang='lat' dir='ltr'><strong>diceret,</strong></span> <span class='ocrx_word' id='word_1_629' title='bbox 1396 4395 1536 4465; x_wconf 89' lang='lat' dir='ltr'><strong>Quid</strong></span> <span class='ocrx_word' id='word_1_630' title='bbox 1572 4398 1640 4454; x_wconf 85' lang='lat' dir='ltr'><strong>ad</strong></span> <span class='ocrx_word' id='word_1_631' title='bbox 1671 4416 1770 4458; x_wconf 92' lang='lat' dir='ltr'><strong>nos</strong></span> <span class='ocrx_word' id='word_1_632' title='bbox 1798 4406 2104 4476; x_wconf 85' lang='lat' dir='ltr'><strong>exemplum</strong></span> 
     </span>
    </p>
   </div>
   <div class='ocr_carea' id='block_1_81' title="bbox 510 4481 2107 4555">
    <p class='ocr_par' dir='ltr' id='par_1_81' title="bbox 510 4481 2107 4555">
     <span class='ocr_line' id='line_1_81' title="bbox 510 4481 2107 4555; baseline 0.013 -20"><span class='ocrx_word' id='word_1_633' title='bbox 510 4481 795 4552; x_wconf 88' lang='lat' dir='ltr'><strong>corporis?</strong></span> <span class='ocrx_word' id='word_1_634' title='bbox 827 4482 957 4537; x_wconf 89' lang='lat' dir='ltr'><strong>illud</strong></span> <span class='ocrx_word' id='word_1_635' title='bbox 982 4483 1127 4540; x_wconf 89' lang='lat' dir='ltr'><strong>enim</strong></span> <span class='ocrx_word' id='word_1_636' title='bbox 1153 4493 1362 4542; x_wconf 69' lang='lat' dir='ltr'><strong>natura:</strong></span> <span class='ocrx_word' id='word_1_637' title='bbox 1382 4488 1569 4555; x_wconf 87' lang='lat' dir='ltr'><strong>servit,</strong></span> <span class='ocrx_word' id='word_1_638' title='bbox 1596 4503 1780 4548; x_wconf 87' lang='lat' dir='ltr'><strong>nostra</strong></span> <span class='ocrx_word' id='word_1_639' title='bbox 1807 4510 1936 4551; x_wconf 90' lang='lat' dir='ltr'><strong>vero</strong></span> <span class='ocrx_word' id='word_1_640' title='bbox 1961 4508 2107 4555; x_wconf 89' lang='lat' dir='ltr'><strong>recte</strong></span> 
     </span>
    </p>
   </div>
   <div class='ocr_carea' id='block_1_82' title="bbox 514 4571 2108 4644">
    <p class='ocr_par' dir='ltr' id='par_1_82' title="bbox 514 4571 2108 4644">
     <span class='ocr_line' id='line_1_82' title="bbox 514 4571 2108 4644; baseline 0.012 -18"><span class='ocrx_word' id='word_1_641' title='bbox 514 4571 653 4626; x_wconf 88' lang='lat' dir='ltr'><strong>facta</strong></span> <span class='ocrx_word' id='word_1_642' title='bbox 684 4573 834 4628; x_wconf 90' lang='lat' dir='ltr'><strong>liberi</strong></span> <span class='ocrx_word' id='word_1_643' title='bbox 866 4574 1078 4630; x_wconf 88' lang='lat' dir='ltr'><strong>arbitrii</strong></span> <span class='ocrx_word' id='word_1_644' title='bbox 1115 4585 1241 4631; x_wconf 92' lang='lat' dir='ltr'><strong>sunt</strong></span> <span class='ocrx_word' id='word_1_645' title='bbox 1274 4594 1290 4633; x_wconf 91' lang='lat'><strong>:</strong></span> <span class='ocrx_word' id='word_1_646' title='bbox 1337 4577 1390 4632; x_wconf 91' lang='lat' dir='ltr'><strong>id</strong></span> <span class='ocrx_word' id='word_1_647' title='bbox 1416 4578 1482 4632; x_wconf 89' lang='lat' dir='ltr'><strong>ad</strong></span> <span class='ocrx_word' id='word_1_648' title='bbox 1503 4581 1747 4639; x_wconf 89' lang='lat' dir='ltr'><strong>actiones</strong></span> <span class='ocrx_word' id='word_1_649' title='bbox 1774 4594 1984 4641; x_wconf 90' lang='lat' dir='ltr'><strong>nostras</strong></span> <span class='ocrx_word' id='word_1_650' title='bbox 2013 4588 2108 4644; x_wconf 89' lang='lat' dir='ltr'><strong>ad-</strong></span> 
     </span>
    </p>
   </div>
   <div class='ocr_carea' id='block_1_83' title="bbox 515 4663 2108 4736">
    <p class='ocr_par' dir='ltr' id='par_1_83' title="bbox 515 4663 2108 4736">
     <span class='ocr_line' id='line_1_83' title="bbox 515 4663 2108 4736; baseline 0.014 -22"><span class='ocrx_word' id='word_1_651' title='bbox 515 4663 741 4730; x_wconf 88' lang='lat' dir='ltr'><strong>ducens,</strong></span> <span class='ocrx_word' id='word_1_652' title='bbox 786 4672 841 4719; x_wconf 89' lang='lat' dir='ltr'><strong>et</strong></span> <span class='ocrx_word' id='word_1_653' title='bbox 886 4664 1181 4720; x_wconf 89' lang='lat' dir='ltr'><strong>ostendens</strong></span> <span class='ocrx_word' id='word_1_654' title='bbox 1205 4681 1304 4721; x_wconf 91' lang='lat' dir='ltr'><strong>nos</strong></span> <span class='ocrx_word' id='word_1_655' title='bbox 1334 4683 1399 4723; x_wconf 79' lang='lat' dir='ltr'><strong>ex</strong></span> <span class='ocrx_word' id='word_1_656' title='bbox 1431 4670 1593 4726; x_wconf 91' lang='lat' dir='ltr'><strong>animi</strong></span> <span class='ocrx_word' id='word_1_657' title='bbox 1620 4676 1883 4730; x_wconf 89' lang='lat' dir='ltr'><strong>sententia</strong></span> <span class='ocrx_word' id='word_1_658' title='bbox 1909 4677 2108 4736; x_wconf 89' lang='lat' dir='ltr'><strong>debere</strong></span> 
     </span>
    </p>
   </div>
   <div class='ocr_carea' id='block_1_84' title="bbox 513 4754 2107 4833">
    <p class='ocr_par' dir='ltr' id='par_1_84' title="bbox 513 4754 2107 4833">
     <span class='ocr_line' id='line_1_84' title="bbox 513 4754 2107 4833; baseline 0.013 -26"><span class='ocrx_word' id='word_1_659' title='bbox 513 4754 758 4807; x_wconf 83' lang='lat' dir='ltr'><strong>eamdem</strong></span> <span class='ocrx_word' id='word_1_660' title='bbox 803 4754 1144 4810; x_wconf 67' lang='lat' dir='ltr'><strong>concordiam</strong></span> <span class='ocrx_word' id='word_1_661' title='bbox 1176 4755 1395 4824; x_wconf 85' lang='lat' dir='ltr'><strong>habere,</strong></span> <span class='ocrx_word' id='word_1_662' title='bbox 1440 4775 1599 4831; x_wconf 84' lang='lat' dir='ltr'><strong>quam</strong></span> <span class='ocrx_word' id='word_1_663' title='bbox 1635 4763 1747 4833; x_wconf 85' lang='lat' dir='ltr'><strong>ipsa</strong></span> <span class='ocrx_word' id='word_1_664' title='bbox 1777 4769 2013 4827; x_wconf 70' lang='lat' dir='ltr'><strong>membra</strong></span> <span class='ocrx_word' id='word_1_665' title='bbox 2038 4786 2107 4826; x_wconf 81' lang='lat' dir='ltr'><strong>ex</strong></span> 
     </span>
    </p>
   </div>
   <div class='ocr_carea' id='block_1_85' title="bbox 514 4845 2107 4924">
    <p class='ocr_par' dir='ltr' id='par_1_85' title="bbox 514 4845 2107 4924">
     <span class='ocr_line' id='line_1_85' title="bbox 514 4845 2107 4924; baseline 0.013 -27"><span class='ocrx_word' id='word_1_666' title='bbox 514 4855 724 4908; x_wconf 79' lang='lat' dir='ltr'><strong>natura,</strong></span> <span class='ocrx_word' id='word_1_667' title='bbox 757 4845 887 4901; x_wconf 85' lang='lat' dir='ltr'><strong>dicit</strong></span> <span class='ocrx_word' id='word_1_668' title='bbox 915 4863 928 4899; x_wconf 93' lang='lat'><strong>:</strong></span> <span class='ocrx_word' id='word_1_669' title='bbox 968 4845 1068 4901; x_wconf 79' lang='lat' dir='ltr'><strong>Vos</strong></span> <span class='ocrx_word' id='word_1_670' title='bbox 1097 4857 1265 4903; x_wconf 82' lang='lat' dir='ltr'><strong>autem</strong></span> <span class='ocrx_word' id='word_1_671' title='bbox 1297 4852 1414 4906; x_wconf 85' lang='lat' dir='ltr'><strong>estis</strong></span> <span class='ocrx_word' id='word_1_672' title='bbox 1441 4869 1625 4924; x_wconf 87' lang='lat' dir='ltr'><strong>corpus</strong></span> <span class='ocrx_word' id='word_1_673' title='bbox 1654 4853 1862 4916; x_wconf 82' lang='lat' dir='ltr'><strong>Christi.</strong></span> <span class='ocrx_word' id='word_1_674' title='bbox 1910 4859 1970 4917; x_wconf 70' lang='lat' dir='ltr'><strong>Si</strong></span> <span class='ocrx_word' id='word_1_675' title='bbox 2010 4877 2107 4917; x_wconf 88' lang='lat' dir='ltr'><strong>au-</strong></span> 
     </span>
    </p>
   </div>
   <div class='ocr_carea' id='block_1_86' title="bbox 514 4946 2107 5022">
    <p class='ocr_par' dir='ltr' id='par_1_86' title="bbox 514 4946 2107 5022">
     <span class='ocr_line' id='line_1_86' title="bbox 514 4946 2107 5022; baseline 0.014 -33"><span class='ocrx_word' id='word_1_676' title='bbox 514 4947 622 4991; x_wconf 65' lang='lat' dir='ltr'><strong>tum</strong></span> <span class='ocrx_word' id='word_1_677' title='bbox 675 4951 782 4992; x_wconf 91' lang='lat' dir='ltr'><strong>non</strong></span> <span class='ocrx_word' id='word_1_678' title='bbox 822 4946 1035 5008; x_wconf 89' lang='lat' dir='ltr'><strong>oportet</strong></span> <span class='ocrx_word' id='word_1_679' title='bbox 1076 4955 1274 5011; x_wconf 91' lang='lat' dir='ltr'><strong>corpus</strong></span> <span class='ocrx_word' id='word_1_680' title='bbox 1315 4954 1557 4999; x_wconf 84' lang='lat' dir='ltr'><strong>nostrum</strong></span> <span class='ocrx_word' id='word_1_681' title='bbox 1603 4947 1891 5022; x_wconf 87' lang='lat' dir='ltr'><strong>dissidere,</strong></span> <span class='ocrx_word' id='word_1_682' title='bbox 1935 4956 2107 5012; x_wconf 86' lang='lat' dir='ltr'><strong>multo</strong></span> 
     </span>
    </p>
   </div>
   <div class='ocr_carea' id='block_1_87' title="bbox 517 5029 2107 5117">
    <p class='ocr_par' dir='ltr' id='par_1_87' title="bbox 517 5029 2107 5117">
     <span class='ocr_line' id='line_1_87' title="bbox 517 5029 2107 5117; baseline 0.013 -35"><span class='ocrx_word' id='word_1_683' title='bbox 517 5029 685 5098; x_wconf 78' lang='lat' dir='ltr'><strong>magis</strong></span> <span class='ocrx_word' id='word_1_684' title='bbox 711 5045 816 5085; x_wconf 92' lang='lat' dir='ltr'><strong>non</strong></span> <span class='ocrx_word' id='word_1_685' title='bbox 847 5041 1060 5101; x_wconf 88' lang='lat' dir='ltr'><strong>oportet</strong></span> <span class='ocrx_word' id='word_1_686' title='bbox 1084 5030 1279 5088; x_wconf 86' lang='lat' dir='ltr'><strong>Christi</strong></span> <span class='ocrx_word' id='word_1_687' title='bbox 1320 5049 1538 5105; x_wconf 86' lang='lat' dir='ltr'><strong>corpus,</strong></span> <span class='ocrx_word' id='word_1_688' title='bbox 1574 5049 1630 5094; x_wconf 89' lang='lat' dir='ltr'><strong>et</strong></span> <span class='ocrx_word' id='word_1_689' title='bbox 1672 5055 1739 5096; x_wconf 92' lang='lat' dir='ltr'><strong>eo</strong></span> <span class='ocrx_word' id='word_1_690' title='bbox 1777 5046 1967 5115; x_wconf 77' lang='lat' dir='ltr'><strong>magis,</strong></span> <span class='ocrx_word' id='word_1_691' title='bbox 1996 5060 2107 5117; x_wconf 91' lang='lat' dir='ltr'><strong>quo</strong></span> 
     </span>
    </p>
   </div>
   <div class='ocr_carea' id='block_1_88' title="bbox 512 5121 2106 5205">
    <p class='ocr_par' dir='ltr' id='par_1_88' title="bbox 512 5121 2106 5205">
     <span class='ocr_line' id='line_1_88' title="bbox 512 5121 2106 5205; baseline 0.014 -34"><span class='ocrx_word' id='word_1_692' title='bbox 512 5121 681 5190; x_wconf 84' lang='lat' dir='ltr'><strong>gratia</strong></span> <span class='ocrx_word' id='word_1_693' title='bbox 712 5124 979 5191; x_wconf 90' lang='lat' dir='ltr'><strong>potentior</strong></span> <span class='ocrx_word' id='word_1_694' title='bbox 1007 5132 1092 5179; x_wconf 90' lang='lat' dir='ltr'><strong>est</strong></span> <span class='ocrx_word' id='word_1_695' title='bbox 1118 5135 1326 5181; x_wconf 89' lang='lat' dir='ltr'><strong>natura.</strong></span> <span class='ocrx_word' id='word_1_696' title='bbox 1363 5124 1431 5180; x_wconf 86' lang='lat' dir='ltr'><strong>Et</strong></span> <span class='ocrx_word' id='word_1_697' title='bbox 1458 5130 1682 5186; x_wconf 82' lang='lat' dir='ltr'><strong>membra</strong></span> <span class='ocrx_word' id='word_1_698' title='bbox 1710 5150 1773 5188; x_wconf 82' lang='lat' dir='ltr'><strong>ea:</strong></span> <span class='ocrx_word' id='word_1_699' title='bbox 1800 5147 1962 5205; x_wconf 86' lang='lat' dir='ltr'><strong>parte.</strong></span> <span class='ocrx_word' id='word_1_700' title='bbox 1997 5137 2106 5194; x_wconf 84' lang='lat' dir='ltr'><strong>Ne-</strong></span> 
     </span>
    </p>
   </div>
   <div class='ocr_carea' id='block_1_89' title="bbox 514 5213 2107 5286">
    <p class='ocr_par' dir='ltr' id='par_1_89' title="bbox 514 5213 2107 5286">
     <span class='ocr_line' id='line_1_89' title="bbox 514 5213 2107 5286; baseline 0.013 -20"><span class='ocrx_word' id='word_1_701' title='bbox 514 5218 627 5282; x_wconf 85' lang='lat' dir='ltr'><strong>que&#39;</strong></span> <span class='ocrx_word' id='word_1_702' title='bbox 642 5213 788 5268; x_wconf 89' lang='lat' dir='ltr'><strong>enim</strong></span> <span class='ocrx_word' id='word_1_703' title='bbox 820 5230 1016 5284; x_wconf 87' lang='lat' dir='ltr'><strong>corpus</strong></span> <span class='ocrx_word' id='word_1_704' title='bbox 1046 5231 1232 5271; x_wconf 91' lang='lat' dir='ltr'><strong>sumus</strong></span> <span class='ocrx_word' id='word_1_705' title='bbox 1261 5225 1490 5285; x_wconf 87' lang='lat' dir='ltr'><strong>tantum,</strong></span> <span class='ocrx_word' id='word_1_706' title='bbox 1541 5221 1637 5278; x_wconf 90' lang='lat' dir='ltr'><strong>sed</strong></span> <span class='ocrx_word' id='word_1_707' title='bbox 1664 5233 1721 5280; x_wconf 93' lang='lat' dir='ltr'><strong>et</strong></span> <span class='ocrx_word' id='word_1_708' title='bbox 1747 5228 1985 5284; x_wconf 87' lang='lat' dir='ltr'><strong>membra</strong></span> <span class='ocrx_word' id='word_1_709' title='bbox 2015 5244 2107 5286; x_wconf 86' lang='lat' dir='ltr'><strong>su-</strong></span> 
     </span>
    </p>
   </div>
   <div class='ocr_carea' id='block_1_90' title="bbox 511 5302 2106 5387">
    <p class='ocr_par' dir='ltr' id='par_1_90' title="bbox 511 5302 2106 5387">
     <span class='ocr_line' id='line_1_90' title="bbox 511 5302 2106 5387; baseline 0.011 -30"><span class='ocrx_word' id='word_1_710' title='bbox 511 5316 654 5357; x_wconf 80' lang='lat' dir='ltr'><strong>mus.</strong></span> <span class='ocrx_word' id='word_1_711' title='bbox 688 5302 818 5357; x_wconf 87' lang='lat' dir='ltr'><strong>Nam</strong></span> <span class='ocrx_word' id='word_1_712' title='bbox 848 5303 916 5359; x_wconf 90' lang='lat' dir='ltr'><strong>de</strong></span> <span class='ocrx_word' id='word_1_713' title='bbox 944 5303 1029 5359; x_wconf 88' lang='lat' dir='ltr'><strong>his</strong></span> <span class='ocrx_word' id='word_1_714' title='bbox 1063 5306 1325 5362; x_wconf 90' lang='lat' dir='ltr'><strong>ambobus</strong></span> <span class='ocrx_word' id='word_1_715' title='bbox 1351 5312 1599 5379; x_wconf 89' lang='lat' dir='ltr'><strong>superius</strong></span> <span class='ocrx_word' id='word_1_716' title='bbox 1624 5313 1938 5387; x_wconf 85' lang='lat' dir='ltr'><strong>disputavit,</strong></span> <span class='ocrx_word' id='word_1_717' title='bbox 1969 5322 2106 5375; x_wconf 88' lang='lat' dir='ltr'><strong>nuti-</strong></span> 
     </span>
    </p>
   </div>
   <div class='ocr_carea' id='block_1_91' title="bbox 512 5394 2101 5468">
    <p class='ocr_par' dir='ltr' id='par_1_91' title="bbox 512 5394 2101 5468">
     <span class='ocr_line' id='line_1_91' title="bbox 512 5394 2101 5468; baseline 0.013 -20"><span class='ocrx_word' id='word_1_718' title='bbox 512 5403 601 5450; x_wconf 82' lang='lat' dir='ltr'><strong>tos</strong></span> <span class='ocrx_word' id='word_1_719' title='bbox 647 5394 700 5448; x_wconf 92' lang='lat' dir='ltr'><strong>in</strong></span> <span class='ocrx_word' id='word_1_720' title='bbox 745 5410 908 5449; x_wconf 88' lang='lat' dir='ltr'><strong>unum</strong></span> <span class='ocrx_word' id='word_1_721' title='bbox 960 5397 1240 5468; x_wconf 89' lang='lat' dir='ltr'><strong>colligens,</strong></span> <span class='ocrx_word' id='word_1_722' title='bbox 1300 5409 1356 5456; x_wconf 87' lang='lat' dir='ltr'><strong>et</strong></span> <span class='ocrx_word' id='word_1_723' title='bbox 1402 5406 1696 5463; x_wconf 78' lang='lat' dir='ltr'><strong>Ostendens</strong></span> <span class='ocrx_word' id='word_1_724' title='bbox 1723 5423 1911 5466; x_wconf 89' lang='lat' dir='ltr'><strong>omnes</strong></span> <span class='ocrx_word' id='word_1_725' title='bbox 1938 5428 2101 5468; x_wconf 88' lang='lat' dir='ltr'><strong>unum</strong></span> 
     </span>
    </p>
   </div>
   <div class='ocr_carea' id='block_1_92' title="bbox 510 5485 2102 5565">
    <p class='ocr_par' dir='ltr' id='par_1_92' title="bbox 510 5485 2102 5565">
     <span class='ocr_line' id='line_1_92' title="bbox 510 5485 2102 5565; baseline 0.014 -28"><span class='ocrx_word' id='word_1_726' title='bbox 510 5485 807 5541; x_wconf 82' lang='lat' dir='ltr'><strong>secundum</strong></span> <span class='ocrx_word' id='word_1_727' title='bbox 848 5486 1136 5558; x_wconf 89' lang='lat' dir='ltr'><strong>imaginem</strong></span> <span class='ocrx_word' id='word_1_728' title='bbox 1185 5492 1428 5561; x_wconf 87' lang='lat' dir='ltr'><strong>corporis</strong></span> <span class='ocrx_word' id='word_1_729' title='bbox 1476 5494 1642 5553; x_wconf 82' lang='lat' dir='ltr'><strong>factos</strong></span> <span class='ocrx_word' id='word_1_730' title='bbox 1694 5512 1835 5565; x_wconf 87' lang='lat' dir='ltr'><strong>esse,</strong></span> <span class='ocrx_word' id='word_1_731' title='bbox 1890 5511 1945 5556; x_wconf 93' lang='lat' dir='ltr'><strong>et</strong></span> <span class='ocrx_word' id='word_1_732' title='bbox 1999 5502 2102 5559; x_wconf 90' lang='lat' dir='ltr'><strong>hoc</strong></span> 
     </span>
    </p>
   </div>
   <div class='ocr_carea' id='block_1_93' title="bbox 511 5578 2103 5661">
    <p class='ocr_par' dir='ltr' id='par_1_93' title="bbox 511 5578 2103 5661">
     <span class='ocr_line' id='line_1_93' title="bbox 511 5578 2103 5661; baseline 0.011 -29"><span class='ocrx_word' id='word_1_733' title='bbox 511 5592 673 5633; x_wconf 87' lang='lat' dir='ltr'><strong>unum</strong></span> <span class='ocrx_word' id='word_1_734' title='bbox 705 5591 802 5647; x_wconf 87' lang='lat' dir='ltr'><strong>per</strong></span> <span class='ocrx_word' id='word_1_735' title='bbox 828 5578 993 5634; x_wconf 88' lang='lat' dir='ltr'><strong>multa</strong></span> <span class='ocrx_word' id='word_1_736' title='bbox 1016 5581 1290 5649; x_wconf 91' lang='lat' dir='ltr'><strong>constitui,</strong></span> <span class='ocrx_word' id='word_1_737' title='bbox 1335 5591 1496 5654; x_wconf 91' lang='lat' dir='ltr'><strong>atque</strong></span> <span class='ocrx_word' id='word_1_738' title='bbox 1540 5587 1592 5640; x_wconf 91' lang='lat' dir='ltr'><strong>in</strong></span> <span class='ocrx_word' id='word_1_739' title='bbox 1633 5590 1810 5643; x_wconf 88' lang='lat' dir='ltr'><strong>multis</strong></span> <span class='ocrx_word' id='word_1_740' title='bbox 1854 5606 1995 5661; x_wconf 87' lang='lat' dir='ltr'><strong>esse,</strong></span> <span class='ocrx_word' id='word_1_741' title='bbox 2047 5604 2103 5649; x_wconf 89' lang='lat' dir='ltr'><strong>et</strong></span> 
     </span>
    </p>
   </div>
   <div class='ocr_carea' id='block_1_94' title="bbox 508 5669 2100 5751">
    <p class='ocr_par' dir='ltr' id='par_1_94' title="bbox 508 5669 2100 5751">
     <span class='ocr_line' id='line_1_94' title="bbox 508 5669 2100 5751; baseline 0.014 -30"><span class='ocrx_word' id='word_1_742' title='bbox 508 5669 677 5723; x_wconf 89' lang='lat' dir='ltr'><strong>multa</strong></span> <span class='ocrx_word' id='word_1_743' title='bbox 718 5685 784 5726; x_wconf 82' lang='lat' dir='ltr'><strong>ex</strong></span> <span class='ocrx_word' id='word_1_744' title='bbox 812 5685 879 5726; x_wconf 89' lang='lat' dir='ltr'><strong>eo</strong></span> <span class='ocrx_word' id='word_1_745' title='bbox 905 5672 1169 5728; x_wconf 85' lang='lat' dir='ltr'><strong>contineri</strong></span> <span class='ocrx_word' id='word_1_746' title='bbox 1200 5685 1255 5728; x_wconf 91' lang='lat' dir='ltr'><strong>et</strong></span> <span class='ocrx_word' id='word_1_747' title='bbox 1281 5689 1440 5744; x_wconf 69' lang='lat' dir='ltr'><strong>posse</strong></span> <span class='ocrx_word' id='word_1_748' title='bbox 1468 5679 1633 5733; x_wconf 87' lang='lat' dir='ltr'><strong>multa</strong></span> <span class='ocrx_word' id='word_1_749' title='bbox 1673 5695 1814 5737; x_wconf 91' lang='lat' dir='ltr'><strong>esse.</strong></span> <span class='ocrx_word' id='word_1_750' title='bbox 1846 5685 1984 5751; x_wconf 90' lang='lat' dir='ltr'><strong>Quid</strong></span> <span class='ocrx_word' id='word_1_751' title='bbox 2015 5699 2100 5744; x_wconf 90' lang='lat' dir='ltr'><strong>est</strong></span> 
     </span>
    </p>
   </div>
   <div class='ocr_carea' id='block_1_95' title="bbox 513 5761 2104 5836">
    <p class='ocr_par' dir='ltr' id='par_1_95' title="bbox 513 5761 2104 5836">
     <span class='ocr_line' id='line_1_95' title="bbox 513 5761 2104 5836; baseline 0.016 -25"><span class='ocrx_word' id='word_1_752' title='bbox 513 5772 692 5814; x_wconf 82' lang='lat' dir='ltr'><strong>autem</strong></span> <span class='ocrx_word' id='word_1_753' title='bbox 736 5761 889 5829; x_wconf 91' lang='lat' dir='ltr'><strong>illud,</strong></span> <span class='ocrx_word' id='word_1_754' title='bbox 922 5762 1004 5817; x_wconf 79' lang='lat' dir='ltr'><strong>Ea:</strong></span> <span class='ocrx_word' id='word_1_755' title='bbox 1028 5765 1217 5834; x_wconf 83' lang='lat' dir='ltr'><strong>parte?</strong></span> <span class='ocrx_word' id='word_1_756' title='bbox 1260 5767 1529 5833; x_wconf 84' lang='lat' dir='ltr'><strong>Quantum</strong></span> <span class='ocrx_word' id='word_1_757' title='bbox 1576 5772 1642 5827; x_wconf 90' lang='lat' dir='ltr'><strong>ad</strong></span> <span class='ocrx_word' id='word_1_758' title='bbox 1684 5789 1780 5829; x_wconf 87' lang='lat' dir='ltr'><strong>vos</strong></span> <span class='ocrx_word' id='word_1_759' title='bbox 1817 5778 2009 5833; x_wconf 87' lang='lat' dir='ltr'><strong>attinet</strong></span> <span class='ocrx_word' id='word_1_760' title='bbox 2048 5789 2104 5836; x_wconf 90' lang='lat' dir='ltr'><strong>et</strong></span> 
     </span>
    </p>
   </div>
   <div class='ocr_carea' id='block_1_96' title="bbox 514 5856 2102 5932">
    <p class='ocr_par' dir='ltr' id='par_1_96' title="bbox 514 5856 2102 5932">
     <span class='ocr_line' id='line_1_96' title="bbox 514 5856 2102 5932; baseline 0.018 -32"><span class='ocrx_word' id='word_1_761' title='bbox 514 5856 773 5914; x_wconf 81' lang='lat' dir='ltr'><strong>quantum</strong></span> <span class='ocrx_word' id='word_1_762' title='bbox 812 5863 1229 5911; x_wconf 83' lang='lat' dir='ltr'><strong>consentaneum</strong></span> <span class='ocrx_word' id='word_1_763' title='bbox 1279 5867 1384 5926; x_wconf 87' lang='lat' dir='ltr'><strong>est,</strong></span> <span class='ocrx_word' id='word_1_764' title='bbox 1435 5874 1556 5916; x_wconf 88' lang='lat' dir='ltr'><strong>esse</strong></span> <span class='ocrx_word' id='word_1_765' title='bbox 1596 5875 1800 5932; x_wconf 88' lang='lat' dir='ltr'><strong>partem</strong></span> <span class='ocrx_word' id='word_1_766' title='bbox 1843 5883 1908 5923; x_wconf 87' lang='lat' dir='ltr'><strong>ex</strong></span> <span class='ocrx_word' id='word_1_767' title='bbox 1950 5871 2102 5927; x_wconf 91' lang='lat' dir='ltr'><strong>vobis</strong></span> 
     </span>
    </p>
   </div>
   <div class='ocr_carea' id='block_1_97' title="bbox 2224 4220 3784 4297">
    <p class='ocr_par' dir='ltr' id='par_1_97' title="bbox 2224 4220 3784 4297">
     <span class='ocr_line' id='line_1_97' title="bbox 2224 4220 3784 4297; baseline -0.004 -18"><span class='ocrx_word' id='word_1_768' title='bbox 2224 4223 2558 4279; x_wconf 67' lang='lat' dir='ltr'><strong>mdilicatam.</strong></span> <span class='ocrx_word' id='word_1_769' title='bbox 2607 4224 2741 4291; x_wconf 85' lang='lat' dir='ltr'><strong>Quia</strong></span> <span class='ocrx_word' id='word_1_770' title='bbox 2779 4225 2921 4281; x_wconf 90' lang='lat' dir='ltr'><strong>enim</strong></span> <span class='ocrx_word' id='word_1_771' title='bbox 2961 4224 3132 4292; x_wconf 84' lang='lat' dir='ltr'><strong>dixit,</strong></span> <span class='ocrx_word' id='word_1_772' title='bbox 3177 4220 3406 4297; x_wconf 80' lang='lat' dir='ltr'><strong>Corpus,</strong></span> <span class='ocrx_word' id='word_1_773' title='bbox 3436 4232 3605 4281; x_wconf 92' lang='lat' dir='ltr'><strong>totum</strong></span> <span class='ocrx_word' id='word_1_774' title='bbox 3634 4228 3784 4276; x_wconf 83' lang='lat' dir='ltr'><strong>autem</strong></span> 
     </span>
    </p>
   </div>
   <div class='ocr_carea' id='block_1_98' title="bbox 2219 4313 3785 4386">
    <p class='ocr_par' dir='ltr' id='par_1_98' title="bbox 2219 4313 3785 4386">
     <span class='ocr_line' id='line_1_98' title="bbox 2219 4313 3785 4386; baseline -0.002 -15"><span class='ocrx_word' id='word_1_775' title='bbox 2219 4324 2337 4371; x_wconf 89' lang='lat' dir='ltr'><strong>erat</strong></span> <span class='ocrx_word' id='word_1_776' title='bbox 2374 4330 2591 4386; x_wconf 88' lang='lat' dir='ltr'><strong>corpus,</strong></span> <span class='ocrx_word' id='word_1_777' title='bbox 2634 4331 2745 4371; x_wconf 91' lang='lat' dir='ltr'><strong>non</strong></span> <span class='ocrx_word' id='word_1_778' title='bbox 2792 4315 3193 4371; x_wconf 89' lang='lat' dir='ltr'><strong>Corinthiorum</strong></span> <span class='ocrx_word' id='word_1_779' title='bbox 3241 4316 3519 4383; x_wconf 86' lang='lat' dir='ltr'><strong>Ecclesia,</strong></span> <span class='ocrx_word' id='word_1_780' title='bbox 3565 4313 3655 4370; x_wconf 87' lang='lat' dir='ltr'><strong>sed</strong></span> <span class='ocrx_word' id='word_1_781' title='bbox 3687 4320 3785 4380; x_wconf 63' lang='lat' dir='ltr'><strong>qum</strong></span> 
     </span>
    </p>
   </div>
   <div class='ocr_carea' id='block_1_99' title="bbox 2218 4404 3785 4481">
    <p class='ocr_par' dir='ltr' id='par_1_99' title="bbox 2218 4404 3785 4481">
     <span class='ocr_line' id='line_1_99' title="bbox 2218 4404 3785 4481; baseline 0.002 -19"><span class='ocrx_word' id='word_1_782' title='bbox 2218 4407 2415 4479; x_wconf 91' lang='lat' dir='ltr'><strong>ubique</strong></span> <span class='ocrx_word' id='word_1_783' title='bbox 2457 4418 2722 4463; x_wconf 89' lang='lat' dir='ltr'><strong>terrarum</strong></span> <span class='ocrx_word' id='word_1_784' title='bbox 2751 4416 2907 4473; x_wconf 87' lang='lat' dir='ltr'><strong>erat;</strong></span> <span class='ocrx_word' id='word_1_785' title='bbox 2949 4407 3073 4465; x_wconf 89' lang='lat' dir='ltr'><strong>ideo</strong></span> <span class='ocrx_word' id='word_1_786' title='bbox 3102 4409 3255 4476; x_wconf 91' lang='lat' dir='ltr'><strong>dixit,</strong></span> <span class='ocrx_word' id='word_1_787' title='bbox 3292 4408 3382 4464; x_wconf 79' lang='lat' dir='ltr'><strong>Ea:</strong></span> <span class='ocrx_word' id='word_1_788' title='bbox 3415 4418 3603 4481; x_wconf 78' lang='lat' dir='ltr'><strong>parte;</strong></span> <span class='ocrx_word' id='word_1_789' title='bbox 3630 4404 3676 4460; x_wconf 92' lang='lat' dir='ltr'><strong>id</strong></span> <span class='ocrx_word' id='word_1_790' title='bbox 3701 4408 3785 4465; x_wconf 62' lang='lat' dir='ltr'><strong>est.</strong></span> 
     </span>
    </p>
   </div>
   <div class='ocr_carea' id='block_1_100' title="bbox 2217 4500 3784 4574">
    <p class='ocr_par' dir='ltr' id='par_1_100' title="bbox 2217 4500 3784 4574">
     <span class='ocr_line' id='line_1_100' title="bbox 2217 4500 3784 4574; baseline -0.001 -21"><span class='ocrx_word' id='word_1_791' title='bbox 2217 4500 2339 4570; x_wconf 87' lang='lat' dir='ltr'><strong>quia</strong></span> <span class='ocrx_word' id='word_1_792' title='bbox 2370 4500 2605 4555; x_wconf 87' lang='lat' dir='ltr'><strong>Ecclesia</strong></span> <span class='ocrx_word' id='word_1_793' title='bbox 2634 4509 2811 4558; x_wconf 90' lang='lat' dir='ltr'><strong>vestra</strong></span> <span class='ocrx_word' id='word_1_794' title='bbox 2844 4515 2969 4572; x_wconf 90' lang='lat' dir='ltr'><strong>pars</strong></span> <span class='ocrx_word' id='word_1_795' title='bbox 2995 4511 3078 4557; x_wconf 91' lang='lat' dir='ltr'><strong>est</strong></span> <span class='ocrx_word' id='word_1_796' title='bbox 3104 4501 3221 4571; x_wconf 88' lang='lat' dir='ltr'><strong>ejus</strong></span> <span class='ocrx_word' id='word_1_797' title='bbox 3255 4518 3382 4574; x_wconf 73' lang='lat' dir='ltr'><strong>qua:</strong></span> <span class='ocrx_word' id='word_1_798' title='bbox 3413 4502 3612 4573; x_wconf 89' lang='lat' dir='ltr'><strong>ubique</strong></span> <span class='ocrx_word' id='word_1_799' title='bbox 3646 4507 3784 4551; x_wconf 78' lang='lat' dir='ltr'><strong>terra-</strong></span> 
     </span>
    </p>
   </div>
   <div class='ocr_carea' id='block_1_101' title="bbox 2217 4587 3782 4667">
    <p class='ocr_par' dir='ltr' id='par_1_101' title="bbox 2217 4587 3782 4667">
     <span class='ocr_line' id='line_1_101' title="bbox 2217 4587 3782 4667; baseline 0 -19"><span class='ocrx_word' id='word_1_800' title='bbox 2217 4609 2335 4648; x_wconf 91' lang='lat' dir='ltr'><strong>rum</strong></span> <span class='ocrx_word' id='word_1_801' title='bbox 2365 4604 2448 4650; x_wconf 92' lang='lat' dir='ltr'><strong>est</strong></span> <span class='ocrx_word' id='word_1_802' title='bbox 2491 4594 2745 4649; x_wconf 80' lang='lat' dir='ltr'><strong>Ecclesia:</strong></span> <span class='ocrx_word' id='word_1_803' title='bbox 2767 4636 2782 4660; x_wconf 92' lang='lat'><strong>,</strong></span> <span class='ocrx_word' id='word_1_804' title='bbox 2814 4603 2869 4649; x_wconf 94' lang='lat' dir='ltr'><strong>et</strong></span> <span class='ocrx_word' id='word_1_805' title='bbox 2893 4597 3160 4664; x_wconf 86' lang='lat' dir='ltr'><strong>corporis,</strong></span> <span class='ocrx_word' id='word_1_806' title='bbox 3192 4595 3337 4666; x_wconf 90' lang='lat' dir='ltr'><strong>quod</strong></span> <span class='ocrx_word' id='word_1_807' title='bbox 3371 4612 3472 4667; x_wconf 92' lang='lat' dir='ltr'><strong>per</strong></span> <span class='ocrx_word' id='word_1_808' title='bbox 3498 4607 3680 4650; x_wconf 87' lang='lat' dir='ltr'><strong>omnes</strong></span> <span class='ocrx_word' id='word_1_809' title='bbox 3704 4587 3782 4642; x_wconf 74' lang='lat' dir='ltr'><strong>EC-</strong></span> 
     </span>
    </p>
   </div>
   <div class='ocr_carea' id='block_1_102' title="bbox 2217 4674 3778 4747">
    <p class='ocr_par' dir='ltr' id='par_1_102' title="bbox 2217 4674 3778 4747">
     <span class='ocr_line' id='line_1_102' title="bbox 2217 4674 3778 4747; baseline -0.004 -8"><span class='ocrx_word' id='word_1_810' title='bbox 2217 4684 2408 4739; x_wconf 78' lang='lat' dir='ltr'><strong>slesias</strong></span> <span class='ocrx_word' id='word_1_811' title='bbox 2435 4684 2781 4740; x_wconf 88' lang='lat' dir='ltr'><strong>constituitur</strong></span> <span class='ocrx_word' id='word_1_812' title='bbox 2816 4704 2829 4740; x_wconf 91' lang='lat'><strong>:</strong></span> <span class='ocrx_word' id='word_1_813' title='bbox 2856 4685 2927 4740; x_wconf 89' lang='lat' dir='ltr'><strong>ita</strong></span> <span class='ocrx_word' id='word_1_814' title='bbox 2955 4695 3011 4739; x_wconf 81' lang='grc' dir='ltr'><strong>Î¹Î¹Î¹</strong></span> <span class='ocrx_word' id='word_1_815' title='bbox 3044 4702 3148 4739; x_wconf 91' lang='lat' dir='ltr'><strong>non</strong></span> <span class='ocrx_word' id='word_1_816' title='bbox 3177 4686 3354 4741; x_wconf 89' lang='lat' dir='ltr'><strong>solum</strong></span> <span class='ocrx_word' id='word_1_817' title='bbox 3388 4687 3537 4747; x_wconf 89' lang='lat' dir='ltr'><strong>inter</strong></span> <span class='ocrx_word' id='word_1_818' title='bbox 3562 4700 3679 4747; x_wconf 88' lang='lat' dir='ltr'><strong>vos,</strong></span> <span class='ocrx_word' id='word_1_819' title='bbox 3708 4674 3778 4733; x_wconf 80' lang='lat' dir='ltr'><strong>sed</strong></span> 
     </span>
    </p>
   </div>
   <div class='ocr_carea' id='block_1_103' title="bbox 2214 4777 3772 4849">
    <p class='ocr_par' dir='ltr' id='par_1_103' title="bbox 2214 4777 3772 4849">
     <span class='ocr_line' id='line_1_103' title="bbox 2214 4777 3772 4849; baseline -0.003 -18"><span class='ocrx_word' id='word_1_820' title='bbox 2214 4778 2377 4831; x_wconf 87' lang='lat' dir='ltr'><strong>etiam</strong></span> <span class='ocrx_word' id='word_1_821' title='bbox 2405 4791 2526 4829; x_wconf 91' lang='lat' dir='ltr'><strong>cum</strong></span> <span class='ocrx_word' id='word_1_822' title='bbox 2562 4787 2671 4831; x_wconf 90' lang='lat' dir='ltr'><strong>tota</strong></span> <span class='ocrx_word' id='word_1_823' title='bbox 2704 4777 2961 4841; x_wconf 74' lang='lat' dir='ltr'><strong>Ecclesia,</strong></span> <span class='ocrx_word' id='word_1_824' title='bbox 3012 4792 3132 4848; x_wconf 68' lang='lat' dir='ltr'><strong>qum</strong></span> <span class='ocrx_word' id='word_1_825' title='bbox 3177 4787 3262 4831; x_wconf 89' lang='lat' dir='ltr'><strong>est</strong></span> <span class='ocrx_word' id='word_1_826' title='bbox 3309 4778 3366 4832; x_wconf 90' lang='lat' dir='ltr'><strong>in</strong></span> <span class='ocrx_word' id='word_1_827' title='bbox 3417 4778 3587 4849; x_wconf 77' lang='lat' dir='ltr'><strong>orbe,</strong></span> <span class='ocrx_word' id='word_1_828' title='bbox 3631 4781 3772 4845; x_wconf 81' lang='lat' dir='ltr'><strong>pacem</strong></span> 
     </span>
    </p>
   </div>
   <div class='ocr_carea' id='block_1_104' title="bbox 2216 4860 3778 4939">
    <p class='ocr_par' dir='ltr' id='par_1_104' title="bbox 2216 4860 3778 4939">
     <span class='ocr_line' id='line_1_104' title="bbox 2216 4860 3778 4939; baseline -0.001 -19"><span class='ocrx_word' id='word_1_829' title='bbox 2216 4866 2416 4922; x_wconf 88' lang='lat' dir='ltr'><strong>habere</strong></span> <span class='ocrx_word' id='word_1_830' title='bbox 2454 4867 2732 4935; x_wconf 86' lang='lat' dir='ltr'><strong>debeatis;</strong></span> <span class='ocrx_word' id='word_1_831' title='bbox 2789 4868 2832 4923; x_wconf 89' lang='lat' dir='ltr'><strong>si</strong></span> <span class='ocrx_word' id='word_1_832' title='bbox 2880 4867 3097 4938; x_wconf 87' lang='lat' dir='ltr'><strong>quidem</strong></span> <span class='ocrx_word' id='word_1_833' title='bbox 3136 4869 3270 4923; x_wconf 88' lang='lat' dir='ltr'><strong>estis</strong></span> <span class='ocrx_word' id='word_1_834' title='bbox 3302 4868 3467 4939; x_wconf 88' lang='lat' dir='ltr'><strong>justi,</strong></span> <span class='ocrx_word' id='word_1_835' title='bbox 3497 4868 3544 4924; x_wconf 90' lang='lat' dir='ltr'><strong>si</strong></span> <span class='ocrx_word' id='word_1_836' title='bbox 3575 4860 3778 4921; x_wconf 61' lang='lat' dir='ltr'><strong>membra</strong></span> 
     </span>
    </p>
   </div>
   <div class='ocr_carea' id='block_1_105' title="bbox 2217 4951 3784 5035">
    <p class='ocr_par' dir='ltr' id='par_1_105' title="bbox 2217 4951 3784 5035">
     <span class='ocr_line' id='line_1_105' title="bbox 2217 4951 3784 5035; baseline -0.001 -22"><span class='ocrx_word' id='word_1_837' title='bbox 2217 4960 2380 5014; x_wconf 89' lang='lat' dir='ltr'><strong>totius</strong></span> <span class='ocrx_word' id='word_1_838' title='bbox 2423 4962 2691 5031; x_wconf 90' lang='lat' dir='ltr'><strong>corporis.</strong></span> <span class='ocrx_word' id='word_1_839' title='bbox 2739 4961 2832 5018; x_wconf 72' lang='lat'><strong>28.</strong></span> <span class='ocrx_word' id='word_1_840' title='bbox 2892 4960 2956 5015; x_wconf 81' lang='lat' dir='ltr'><strong>Et</strong></span> <span class='ocrx_word' id='word_1_841' title='bbox 2983 4977 3109 5032; x_wconf 85' lang='lat' dir='ltr'><strong>quos</strong></span> <span class='ocrx_word' id='word_1_842' title='bbox 3134 4962 3339 5033; x_wconf 76' lang='lat' dir='ltr'><strong>quidem</strong></span> <span class='ocrx_word' id='word_1_843' title='bbox 3379 4962 3557 5035; x_wconf 73' lang='lat' dir='ltr'><strong>posuit</strong></span> <span class='ocrx_word' id='word_1_844' title='bbox 3582 4958 3712 5015; x_wconf 74' lang='lat' dir='ltr'><strong>Dm</strong></span> <span class='ocrx_word' id='word_1_845' title='bbox 3743 4951 3784 5004; x_wconf 73' lang='grc' dir='ltr'><strong>á¼±Ï€</strong></span> 
     </span>
    </p>
   </div>
   <div class='ocr_carea' id='block_1_106' title="bbox 2214 5043 3786 5125">
    <p class='ocr_par' dir='ltr' id='par_1_106' title="bbox 2214 5043 3786 5125">
     <span class='ocr_line' id='line_1_106' title="bbox 2214 5043 3786 5125; baseline -0.001 -22"><span class='ocrx_word' id='word_1_846' title='bbox 2214 5049 2468 5118; x_wconf 82' lang='lat' dir='ltr'><strong>Ecclesia,</strong></span> <span class='ocrx_word' id='word_1_847' title='bbox 2504 5054 2724 5121; x_wconf 81' lang='lat' dir='ltr'><strong>primum</strong></span> <span class='ocrx_word' id='word_1_848' title='bbox 2752 5053 3031 5123; x_wconf 81' lang='lat' dir='ltr'><strong>apostolos,</strong></span> <span class='ocrx_word' id='word_1_849' title='bbox 3064 5054 3287 5108; x_wconf 83' lang='lat' dir='ltr'><strong>secundo</strong></span> <span class='ocrx_word' id='word_1_850' title='bbox 3321 5056 3636 5125; x_wconf 79' lang='lat' dir='ltr'><strong>prapltetas,</strong></span> <span class='ocrx_word' id='word_1_851' title='bbox 3666 5043 3786 5101; x_wconf 73' lang='lat' dir='ltr'><strong>tertio</strong></span> 
     </span>
    </p>
   </div>
   <div class='ocr_carea' id='block_1_107' title="bbox 2214 5143 3786 5216">
    <p class='ocr_par' dir='ltr' id='par_1_107' title="bbox 2214 5143 3786 5216">
     <span class='ocr_line' id='line_1_107' title="bbox 2214 5143 3786 5216; baseline 0.001 -21"><span class='ocrx_word' id='word_1_852' title='bbox 2214 5143 2461 5207; x_wconf 84' lang='lat' dir='ltr'><strong>doctores,</strong></span> <span class='ocrx_word' id='word_1_853' title='bbox 2494 5145 2676 5200; x_wconf 77' lang='lat' dir='ltr'><strong>deinde</strong></span> <span class='ocrx_word' id='word_1_854' title='bbox 2717 5146 2924 5199; x_wconf 79' lang='lat' dir='ltr'><strong>virtutes</strong></span> <span class='ocrx_word' id='word_1_855' title='bbox 2947 5187 2963 5211; x_wconf 92' lang='lat'><strong>,</strong></span> <span class='ocrx_word' id='word_1_856' title='bbox 3008 5144 3192 5199; x_wconf 81' lang='lat' dir='ltr'><strong>deinde</strong></span> <span class='ocrx_word' id='word_1_857' title='bbox 3217 5148 3419 5216; x_wconf 83' lang='lat' dir='ltr'><strong>gratias</strong></span> <span class='ocrx_word' id='word_1_858' title='bbox 3460 5145 3786 5201; x_wconf 79' lang='lat' dir='ltr'><strong>curationum.</strong></span> 
     </span>
    </p>
   </div>
   <div class='ocr_carea' id='block_1_108' title="bbox 2212 5224 3786 5308">
    <p class='ocr_par' dir='ltr' id='par_1_108' title="bbox 2212 5224 3786 5308">
     <span class='ocr_line' id='line_1_108' title="bbox 2212 5224 3786 5308; baseline 0.003 -21"><span class='ocrx_word' id='word_1_859' title='bbox 2212 5234 2569 5303; x_wconf 79' lang='lat' dir='ltr'><strong>apitalationes</strong></span> <span class='ocrx_word' id='word_1_860' title='bbox 2589 5277 2603 5301; x_wconf 93' lang='lat'><strong>,</strong></span> <span class='ocrx_word' id='word_1_861' title='bbox 2636 5236 3055 5307; x_wconf 83' lang='lat' dir='ltr'><strong>guberttationes,</strong></span> <span class='ocrx_word' id='word_1_862' title='bbox 3086 5253 3270 5307; x_wconf 81' lang='lat' dir='ltr'><strong>genera</strong></span> <span class='ocrx_word' id='word_1_863' title='bbox 3301 5238 3623 5308; x_wconf 85' lang='lat' dir='ltr'><strong>linguarum.</strong></span> <span class='ocrx_word' id='word_1_864' title='bbox 3659 5224 3786 5299; x_wconf 74' lang='lat' dir='ltr'><strong>Quod</strong></span> 
     </span>
    </p>
   </div>
   <div class='ocr_carea' id='block_1_109' title="bbox 2211 5325 3784 5399">
    <p class='ocr_par' dir='ltr' id='par_1_109' title="bbox 2211 5325 3784 5399">
     <span class='ocr_line' id='line_1_109' title="bbox 2211 5325 3784 5399; baseline -0.001 -20"><span class='ocrx_word' id='word_1_865' title='bbox 2211 5325 2355 5379; x_wconf 91' lang='lat' dir='ltr'><strong>enim</strong></span> <span class='ocrx_word' id='word_1_866' title='bbox 2405 5328 2654 5397; x_wconf 89' lang='lat' dir='ltr'><strong>superius</strong></span> <span class='ocrx_word' id='word_1_867' title='bbox 2696 5327 2827 5394; x_wconf 86' lang='lat' dir='ltr'><strong>dixi,</strong></span> <span class='ocrx_word' id='word_1_868' title='bbox 2873 5326 2976 5383; x_wconf 91' lang='lat' dir='ltr'><strong>hoc</strong></span> <span class='ocrx_word' id='word_1_869' title='bbox 3002 5343 3142 5383; x_wconf 87' lang='lat' dir='ltr'><strong>nunc</strong></span> <span class='ocrx_word' id='word_1_870' title='bbox 3178 5327 3343 5383; x_wconf 88' lang='lat' dir='ltr'><strong>facit:</strong></span> <span class='ocrx_word' id='word_1_871' title='bbox 3373 5331 3504 5399; x_wconf 87' lang='lat' dir='ltr'><strong>quia</strong></span> <span class='ocrx_word' id='word_1_872' title='bbox 3531 5327 3692 5382; x_wconf 84' lang='lat' dir='ltr'><strong>altum</strong></span> <span class='ocrx_word' id='word_1_873' title='bbox 3712 5333 3784 5374; x_wconf 75' lang='lat' dir='ltr'><strong>sa-</strong></span> 
     </span>
    </p>
   </div>
   <div class='ocr_carea' id='block_1_110' title="bbox 2212 5412 3782 5490">
    <p class='ocr_par' dir='ltr' id='par_1_110' title="bbox 2212 5412 3782 5490">
     <span class='ocr_line' id='line_1_110' title="bbox 2212 5412 3782 5490; baseline 0.003 -22"><span class='ocrx_word' id='word_1_874' title='bbox 2212 5416 2428 5486; x_wconf 84' lang='lat' dir='ltr'><strong>piebant</strong></span> <span class='ocrx_word' id='word_1_875' title='bbox 2447 5417 2515 5472; x_wconf 92' lang='lat' dir='ltr'><strong>de</strong></span> <span class='ocrx_word' id='word_1_876' title='bbox 2546 5419 2760 5490; x_wconf 87' lang='lat' dir='ltr'><strong>linguis,</strong></span> <span class='ocrx_word' id='word_1_877' title='bbox 2791 5419 2938 5475; x_wconf 91' lang='lat' dir='ltr'><strong>illam</strong></span> <span class='ocrx_word' id='word_1_878' title='bbox 2966 5435 3080 5475; x_wconf 91' lang='lat' dir='ltr'><strong>rem</strong></span> <span class='ocrx_word' id='word_1_879' title='bbox 3111 5435 3326 5490; x_wconf 87' lang='lat' dir='ltr'><strong>semper</strong></span> <span class='ocrx_word' id='word_1_880' title='bbox 3355 5420 3606 5474; x_wconf 90' lang='lat' dir='ltr'><strong>ultimam</strong></span> <span class='ocrx_word' id='word_1_881' title='bbox 3635 5412 3782 5486; x_wconf 57' lang='lat' dir='ltr'><strong>ponit.</strong></span> 
     </span>
    </p>
   </div>
   <div class='ocr_carea' id='block_1_111' title="bbox 2210 5507 3779 5579">
    <p class='ocr_par' dir='ltr' id='par_1_111' title="bbox 2210 5507 3779 5579">
     <span class='ocr_line' id='line_1_111' title="bbox 2210 5507 3779 5579; baseline 0.001 -17"><span class='ocrx_word' id='word_1_882' title='bbox 2210 5507 2342 5563; x_wconf 87' lang='lat' dir='ltr'><strong>Nam</strong></span> <span class='ocrx_word' id='word_1_883' title='bbox 2374 5508 2502 5564; x_wconf 90' lang='lat' dir='ltr'><strong>illud</strong></span> <span class='ocrx_word' id='word_1_884' title='bbox 2546 5509 2777 5579; x_wconf 91' lang='lat' dir='ltr'><strong>primum</strong></span> <span class='ocrx_word' id='word_1_885' title='bbox 2809 5521 2866 5566; x_wconf 90' lang='lat' dir='ltr'><strong>et</strong></span> <span class='ocrx_word' id='word_1_886' title='bbox 2894 5512 3189 5569; x_wconf 88' lang='lat' dir='ltr'><strong>secundum</strong></span> <span class='ocrx_word' id='word_1_887' title='bbox 3216 5527 3324 5567; x_wconf 91' lang='lat' dir='ltr'><strong>non</strong></span> <span class='ocrx_word' id='word_1_888' title='bbox 3355 5512 3481 5568; x_wconf 93' lang='lat' dir='ltr'><strong>sine</strong></span> <span class='ocrx_word' id='word_1_889' title='bbox 3509 5524 3668 5568; x_wconf 85' lang='lat' dir='ltr'><strong>causa</strong></span> <span class='ocrx_word' id='word_1_890' title='bbox 3694 5518 3779 5571; x_wconf 73' lang='grc' dir='ltr'><strong>ÏÎ¿Î‡</strong></span> 
     </span>
    </p>
   </div>
   <div class='ocr_carea' id='block_1_112' title="bbox 2212 5586 3787 5687">
    <p class='ocr_par' dir='ltr' id='par_1_112' title="bbox 2212 5586 3787 5687">
     <span class='ocr_line' id='line_1_112' title="bbox 2212 5586 3787 5687; baseline 0.006 -34"><span class='ocrx_word' id='word_1_891' title='bbox 2212 5600 2309 5665; x_wconf 83' lang='grc' dir='ltr'><strong>Î¹Î¹á½·Î¹,</strong></span> <span class='ocrx_word' id='word_1_892' title='bbox 2341 5599 2439 5655; x_wconf 89' lang='lat' dir='ltr'><strong>sed</strong></span> <span class='ocrx_word' id='word_1_893' title='bbox 2490 5601 2821 5670; x_wconf 73' lang='lat' dir='ltr'><strong>prmtuittens</strong></span> <span class='ocrx_word' id='word_1_894' title='bbox 2865 5601 2918 5657; x_wconf 90' lang='lat' dir='ltr'><strong>id</strong></span> <span class='ocrx_word' id='word_1_895' title='bbox 2957 5601 3098 5673; x_wconf 90' lang='lat' dir='ltr'><strong>quod</strong></span> <span class='ocrx_word' id='word_1_896' title='bbox 3126 5602 3418 5673; x_wconf 86' lang='lat' dir='ltr'><strong>pretiosius</strong></span> <span class='ocrx_word' id='word_1_897' title='bbox 3447 5604 3635 5687; x_wconf 61' lang='lat' dir='ltr'><strong>est,</strong></span> <span class='ocrx_word' id='word_1_898' title='bbox 3661 5586 3787 5687; x_wconf 64' lang='grc' dir='ltr'><strong>â¸1â¸â¸Î¿á¿†</strong></span> 
     </span>
    </p>
   </div>
   <div class='ocr_carea' id='block_1_113' title="bbox 2207 5682 3787 5764">
    <p class='ocr_par' dir='ltr' id='par_1_113' title="bbox 2207 5682 3787 5764">
     <span class='ocr_line' id='line_1_113' title="bbox 2207 5682 3787 5764; baseline 0.004 -20"><span class='ocrx_word' id='word_1_899' title='bbox 2207 5701 2292 5744; x_wconf 88' lang='lat' dir='ltr'><strong>est</strong></span> <span class='ocrx_word' id='word_1_900' title='bbox 2315 5688 2537 5746; x_wconf 88' lang='lat' dir='ltr'><strong>inferius</strong></span> <span class='ocrx_word' id='word_1_901' title='bbox 2566 5690 2881 5747; x_wconf 88' lang='lat' dir='ltr'><strong>ostendens.</strong></span> <span class='ocrx_word' id='word_1_902' title='bbox 2928 5692 3051 5748; x_wconf 89' lang='lat' dir='ltr'><strong>Ideo</strong></span> <span class='ocrx_word' id='word_1_903' title='bbox 3089 5694 3371 5764; x_wconf 87' lang='lat' dir='ltr'><strong>apostolos</strong></span> <span class='ocrx_word' id='word_1_904' title='bbox 3388 5682 3677 5759; x_wconf 54' lang='lat' dir='ltr'><strong>praemisâ€œ.</strong></span> <span class='ocrx_word' id='word_1_905' title='bbox 3706 5682 3787 5750; x_wconf 72' lang='grc' dir='ltr'><strong>(á¼°Î¹Î¹á½·</strong></span> 
     </span>
    </p>
   </div>
   <div class='ocr_carea' id='block_1_114' title="bbox 2207 5778 3786 5841">
    <p class='ocr_par' dir='ltr' id='par_1_114' title="bbox 2207 5778 3786 5841">
     <span class='ocr_line' id='line_1_114' title="bbox 2207 5778 3786 5841; baseline -0.006 -5"><span class='ocrx_word' id='word_1_906' title='bbox 2207 5779 2531 5837; x_wconf 89' lang='lat' dir='ltr'><strong>charismata</strong></span> <span class='ocrx_word' id='word_1_907' title='bbox 2561 5798 2657 5838; x_wconf 89' lang='lat' dir='ltr'><strong>seu</strong></span> <span class='ocrx_word' id='word_1_908' title='bbox 2687 5782 2826 5840; x_wconf 88' lang='lat' dir='ltr'><strong>dona</strong></span> <span class='ocrx_word' id='word_1_909' title='bbox 2853 5784 3034 5840; x_wconf 87' lang='lat' dir='ltr'><strong>omnia</strong></span> <span class='ocrx_word' id='word_1_910' title='bbox 3060 5785 3113 5841; x_wconf 91' lang='lat' dir='ltr'><strong>in</strong></span> <span class='ocrx_word' id='word_1_911' title='bbox 3144 5800 3204 5838; x_wconf 87' lang='lat' dir='ltr'><strong>se</strong></span> <span class='ocrx_word' id='word_1_912' title='bbox 3230 5780 3529 5836; x_wconf 78' lang='lat' dir='ltr'><strong>habebant.</strong></span> <span class='ocrx_word' id='word_1_913' title='bbox 3577 5778 3643 5832; x_wconf 84' lang='lat' dir='ltr'><strong>Et</strong></span> <span class='ocrx_word' id='word_1_914' title='bbox 3688 5786 3786 5827; x_wconf 83' lang='lat' dir='ltr'><strong>non</strong></span> 
     </span>
    </p>
   </div>
   <div class='ocr_carea' id='block_1_115' title="bbox 2206 5863 3783 5945">
    <p class='ocr_par' dir='ltr' id='par_1_115' title="bbox 2206 5863 3783 5945">
     <span class='ocr_line' id='line_1_115' title="bbox 2206 5863 3783 5945; baseline -0.006 -20"><span class='ocrx_word' id='word_1_915' title='bbox 2206 5871 2361 5941; x_wconf 83' lang='lat' dir='ltr'><strong>dixit,</strong></span> <span class='ocrx_word' id='word_1_916' title='bbox 2405 5872 2550 5941; x_wconf 89' lang='lat' dir='ltr'><strong>Quos</strong></span> <span class='ocrx_word' id='word_1_917' title='bbox 2572 5875 2754 5945; x_wconf 86' lang='lat' dir='ltr'><strong>posuit</strong></span> <span class='ocrx_word' id='word_1_918' title='bbox 2779 5876 2923 5931; x_wconf 86' lang='lat' dir='ltr'><strong>Deus</strong></span> <span class='ocrx_word' id='word_1_919' title='bbox 2945 5877 2996 5931; x_wconf 89' lang='lat' dir='ltr'><strong>itt</strong></span> <span class='ocrx_word' id='word_1_920' title='bbox 3027 5872 3263 5931; x_wconf 87' lang='lat' dir='ltr'><strong>Ecclesia</strong></span> <span class='ocrx_word' id='word_1_921' title='bbox 3304 5870 3626 5941; x_wconf 86' lang='lat' dir='ltr'><strong>apostolos,</strong></span> <span class='ocrx_word' id='word_1_922' title='bbox 3664 5863 3783 5919; x_wconf 80' lang='lat' dir='ltr'><strong>situ-</strong></span> 
     </span>
    </p>
   </div>
  </div>
