3962 6442
210 471 300 532 263
1174 478 1242 534 IN
1283 476 1500 535 EPIST.
1556 480 1575 532 1
1614 477 1704 533 AD
1741 476 1764 531 (

1869 479 1908 530 ἰ.
1951 473 2186 531 1103111..
2233 472 2449 529 XXXII.

203 588 287 658 τὴν
309 587 480 662 αὲτὴν
519 590 733 665 φθάσῃς
767 590 1033 664 κορυφὴν,
1078 591 1165 645 ἵνα
1205 591 1305 662 τὴν
1348 591 1517 662 αὐτὴν
1557 589 1760 661 ἀρετὴν

200 669 450 742 ἐπιδείξῃ.
477 672 648 727 Τοῦτο
670 673 828 744 ζῆλος
849 675 1034 739 καλὸς,
1056 674 1117 727 τὸ
1136 675 1421 745 μιμεῖσθαι
1442 674 1536 727 καί
1562 673 1635 745 μὴ
1664 688 1762 722 πο-

196 753 385 824 λεμεῖν,
417 755 481 809 τὸ
514 757 591 826 μὴ
631 756 817 824 ἀλγεῖν
852 758 945 810 ἐπὶ
978 758 1091 819 τοῖς
1126 758 1328 829 ἑτέρων
1356 757 1600 825 ἀγαθοῖς,
1626 753 1763 807 ἁλλά

193 837 475 892 δάκνεσθαι
504 839 598 892 ἐπὶ
628 843 738 903 τοῖς
762 841 981 904 οἰκείοις
1018 844 1210 903 κακοῖς
1232 858 1247 872 ·
1277 835 1338 896 οὗ
1369 842 1430 893 τὸ
1462 840 1704 893 ἐναντίον
1733 838 1761 888 6

194 920 375 990 φθόνος
409 923 587 975 ποιεῖ’
617 923 727 976 τῶν
764 923 873 995 γάρ
909 926 1127 978 οἰκείων
1158 924 1346 978 κακῶν
1385 923 1624 991 ἀμελῶν,
1670 923 1763 976 ἐπὶ

190 1007 294 1068 τῶς
318 1005 620 1074 ἀλλοτρίοις
644 1008 870 1078 τήκεται
901 1008 1112 1071 καλοῖς.
1140 1009 1248 1062 Καὶ
1271 1012 1378 1078 γὰρ
1405 1009 1432 1061 6
1468 1008 1636 1077 πένης
1665 1008 1763 1077 οὐχ

191 1088 332 1162 [284]
353 1090 497 1143 οὕτω
516 1094 584 1162 τῇ
611 1092 786 1162 οἰκείᾳ
805 1092 1062 1146 δάκνεται
1092 1093 1273 1164 πενία,
1306 1092 1382 1155 ὡς
1408 1095 1473 1162 τῇ
1503 1090 1597 1145 τοῦ
1627 1089 1760 1160 πλη-

195 1173 298 1227 σίον
326 1174 579 1245 εὐπορίᾳ,
618 1169 678 1229 οὗ
724 1175 777 1227 τί
804 1175 1001 1243 γένοιτ’
1031 1176 1097 1229 ἂν
1143 1175 1552 1248 χαλεπώτερονς
1598 1169 1764 1235 Οὗτος

192 1260 292 1331 γὰρ
326 1260 469 1313 κατά
508 1260 688 1323 τοῦτο,
726 1261 863 1331 ὅπερ
892 1261 1063 1334 ἔφθην
1092 1263 1283 1324 εἰπὼν,
1316 1263 1410 1316 καὶ
1443 1261 1536 1315 τοῦ
1566 1260 1764 1314 πλεον-

194 1343 342 1396 έκτου
376 1343 601 1414 χείρων·
634 1345 663 1398 6
690 1344 789 1415 μὲν
826 1345 937 1417 γὰρ
982 1347 1111 1401 ὅταν
1150 1348 1312 1411 αὑτός
1345 1364 1399 1400 τι
1450 1345 1613 1419 λάϐῃ,
1644 1346 1763 1417 χαί-

192 1440 304 1494 ρει·
338 1427 368 1477 6
397 1425 477 1489 δὲ,
510 1427 641 1480 ὅταν
680 1427 865 1499 ἓτερος
894 1429 969 1501 μὴ
1010 1429 1174 1501 λάϐῃ.
1216 1431 1341 1483 τότε
1387 1428 1760 1500 εὐφραίνεται.

190 1507 276 1559 Διὸ
314 1508 621 1578 παρακαλῶ
661 1511 759 1580 τὴν
807 1511 1052 1582 πονηρὰν
1102 1512 1308 1582 ταύτην
1350 1513 1587 1582 ἀφέντας
1623 1512 1760 1577 ὁδὸν,

190 1593 280 1642 καὶ
318 1590 720 1660 μεταϐαλόντας
763 1592 898 1666 πρὸς
942 1594 1101 1665 ζῆλον
1141 1595 1308 1650 καλὸν
1351 1596 1471 1665 (καὶ
1507 1595 1616 1666 γάρ
1649 1598 1764 1649 ἐστι

189 1675 416 1745 σφοδρὸν
469 1676 564 1728 καὶ
615 1677 785 1747 πυρὸς
833 1678 1033 1743 παντὸς
1082 1680 1415 1753 θερμότερον
1456 1682 1485 1732 6
1525 1679 1686 1750 ζῆλος
1736 1681 1763 1732 6

184 1759 466 1830 τοιοῦτος),
531 1761 743 1831 μεγάλα
795 1763 1045 1816 ἐντεῦθεν
1110 1763 1507 1834 καρπώσασθαι
1562 1763 1760 1831 ἀγαθά.

184 1842 341 1895 Οῦτω
375 1842 470 1895 καὶ
507 1842 716 1906 Παῦλος
748 1845 875 1907 τοὺς
913 1847 1022 1899 ἀπὸ
1059 1846 1170 1899 τῶν
1212 1846 1483 1899 Ἰουδαίων
1530 1848 1623 1899 ἐπὶ
1664 1847 1763 1916 τὴν

180 1926 367 1979 πίστιν
397 1926 781 1997 ἐχειραγώγει,
833 1926 1038 1996 λέγων·
1085 1929 1157 1982 El
1197 1943 1324 1995 πως
1361 1927 1766 1997 παραζηλώσω

170 2026 296 2078 μου
332 2008 450 2076 τὴν
491 2009 714 2079 σάρκα,
754 2011 855 2065 καί
904 2012 1084 2067 σώσω
1133 2016 1304 2078 τινὰς
1339 2012 1408 2078 ἐξ
1449 2013 1665 2068 αὐτῶν.
1707 2012 1765 2065 Ὀ

174 2092 289 2162 γὰρ
326 2090 471 2146 οὕτω
509 2092 710 2163 ζηλῶν,
759 2093 835 2157 ὡς
876 2095 1086 2159 ἐκεῖνος
1123 2095 1410 2158 ἐϐούλετο,
1444 2094 1506 2146 οὐ
1536 2096 1765 2163 τήκεται

168 2175 306 2229 ὅταν
339 2176 432 2229 τὸν
457 2176 645 2247 ἔτερον
689 2177 1082 2249 εὐδοκιμοῦντα
1129 2180 1236 2250 ῐδῃ.
1270 2178 1386 2233 ἀλλ’
1414 2179 1543 2232 ὅταν
1573 2177 1765 2232 ἑαυτὸν

168 2260 712 2332 ἀπολιμπανόμενον.
737 2262 796 2316 '0
819 2263 874 2316 δὲ
894 2263 1155 2332 φθονερὸς
1174 2265 1272 2335 οὐχ
1293 2263 1486 2327 οὕτως,
1503 2263 1618 2316 ἀλλ’
1636 2264 1766 2316 ὃταν

166 2342 367 2413 ἕτερον
403 2339 463 2397 εὖ
496 2344 804 2414 πράττοντα
849 2346 934 2419 ῖδῃ
973 2363 987 2376 ·
1031 2348 1124 2400 καὶ
1171 2347 1425 2417 καθάπερ
1463 2347 1644 2417 κηφήν
1682 2345 1767 2408 τίς

164 2426 295 2479 ἐστι
320 2428 440 2488 τοῖς
474 2425 775 2499 ἀλλοτρίοις
807 2428 1207 2499 λυμαινόμενος
1241 2430 1445 2492 πόνοις,
1479 2428 1574 2481 καί
1606 2426 1766 2490 αὐτὸς

167 2509 279 2579 μὲν
304 2510 567 2564 οὐδέποτε
592 2511 894 2582 ἀναστῆναι
927 2512 1263 2577 σπουδάζων,
1288 2510 1539 2583 δακρύων
1559 2510 1615 2564 δὲ
1635 2511 1765 2564 ὅταν

161 2595 365 2666 ἓτερον
406 2595 717 2649 ἀναστάντα
746 2596 852 2667 ἴδῃ,
889 2597 983 2651 καὶ
1007 2597 1187 2650 πάντα
1226 2593 1396 2649 ποιῶν
1428 2595 1569 2648 ὥστε
1602 2593 1765 2648 αὐτὸν

162 2678 530 2731 καταϐαλεῖν.
560 2677 680 2730 Τίνι
710 2674 803 2732 οὖν
834 2679 898 2734 ἀν
935 2696 1019 2742 τις
1048 2678 1207 2731 τοῦτο
1231 2677 1540 2749 παραϐάλοι
1563 2676 1623 2730 τὸ
1658 2680 1763 2729 πά-

161 2760 298 2828 θος;
330 2762 559 2831 Ὅμοιον
588 2756 729 2814 εἶναί
763 2778 855 2830 μοι
880 2762 1030 2815 δοκεῖ
1050 2760 1225 2825 τοῦτο,
1260 2755 1374 2814 οἷον
1402 2761 1471 2814 ἂν
1508 2760 1558 2812 εἰ
1589 2757 1765 2829 νωθὴς

160 2844 292 2906 ϐνος
320 2844 420 2898 καὶ
449 2842 790 2915 πολυσαρκίᾳ
824 2844 1199 2916 βεϐαρημένος
1233 2844 1385 2913 ἵππῳ
1414 2840 1603 2912 πτηνῷ
1631 2858 1760 2893 συν-

160 2926 534 2999 εξευγμένος,
579 2928 716 2999 μήτε
751 2928 913 2991 αὐτὸς
949 2926 1324 2980 διανίστασθαι
1365 2924 1624 2995 βούλοιτο,
1669 2922 1762 2976 καὶ

162 3011 387 3063 ἐκεῖνον
415 3011 496 3082 τῷ
532 3010 688 3081 βάρει
716 3011 827 3064 τῶν
860 3010 1078 3082 σαρκῶν
1113 3008 1398 3063 καθέλκειν
1431 3004 1758 3079 ἐπιχειροίη.

162 3095 286 3147 Καὶ
308 3096 429 3168 γὰρ
457 3096 554 3149 καὶ
577 3088 753 3159 οὗτος,
793 3094 942 3156 ὅπως
982 3094 1081 3164 μὲν
1114 3091 1275 3154 αὐτὸς
1302 3090 1640 3159 ἀπαλλαγείη
1665 3086 1760 3142 τοῦ

170 3177 374 3248 βαθέος
400 3177 573 3234 ὕπνου
610 3178 826 3241 τούτου,
856 3178 1009 3231 οὐδὲν
1049 3175 1172 3230 οὔτε
1210 3176 1400 3238 ὲννοεῖ,
1438 3172 1563 3226 οὔτε
1600 3188 1767 3225 σπου·

170 3261 336 3325 δάζει
362 3278 378 3293 ·
413 3263 594 3317 πάντα
620 3262 678 3315 δὲ
703 3264 848 3315 ποιεῖ
872 3260 1011 3313 ὥστε
1033 3259 1125 3313 τὸν
1138 3260 1218 3320 εἰς
1240 3258 1331 3310 τὸν
1349 3255 1576 3328 οὐρανὸν
1605 3255 1765 3308 ἰπτά-

176 3363 345 3413 μενον
409 3345 767 3398 ὑποσκελίσαι
822 3345 916 3396 καί
976 3341 1340 3402 καταϐαλεῖν,
1394 3338 1629 3409 ἀκριϐὴς
1669 3336 1767 3390 τοῦ

170 3428 429 3481 διαϐόλου
468 3427 716 3499 ζηλωτὴς
742 3426 1045 3497 γινόμενος.
1082 3424 1194 3479 Καὶ
1230 3423 1343 3494 γὰρ
1370 3425 1580 3485 ἐκεῖνος
1626 3422 1767 3491 ὁρῶν

173 3510 270 3563 τὸν
309 3510 602 3581 ἄνθρωπον
639 3512 698 3563 ὲν
748 3508 1081 3579 παραδείσῳ,
1120 3508 1219 3561 οὐκ
1257 3505 1419 3569 αὐτὸς
1462 3503 1767 3568 ἐσπούδαζε

179 3593 615 3662 μεταϐαλέσθαι,
642 3591 756 3646 ἀλλ’
773 3593 978 3645 ἐκεῖνον
1001 3590 1253 3644 ἐκϐαλεῖν
1275 3588 1371 3642 τοῦ
1397 3586 1726 3658 παραδείσου
1750 3602 1764 3614 ·

180 3677 277 3729 καὶ
304 3677 471 3731 πάλιν
499 3675 624 3730 ἰδὼν
655 3674 823 3728 αὐτὸν
845 3676 905 3727 ἐν
937 3670 1150 3743 οὐρανῷ
1174 3671 1503 3742 καθήμενον,
1529 3666 1769 3731 καὶτοὺς

180 3757 373 3823 ἄλλους
400 3758 787 3827 ἐπειγομένους
811 3759 945 3821 ἐκεῖ,
970 3757 1072 3825 τῆς
1100 3754 1272 3824 αὐτῆς
1302 3754 1485 3824 ἔχεται
1513 3750 1764 3820 μελέτης,

180 3840 305 3903 τοὺς
331 3843 452 3895 ἐκεῖ
482 3840 811 3904 σπεύδοντας
851 3838 1247 3902 ὑποσκελίζων,
1286 3837 1380 3890 καὶ
1415 3832 1639 3886 πλείονα
1676 3832 1765 3884 ὲν-

180 3921 373 3977 τεῦθεν
393 3923 572 3995 ἐαυτῷ
607 3923 863 3995 σωρεύων
884 3922 985 3993 τὴν
1013 3921 1264 3991 κάμινον.
1307 3918 1417 3971 Καὶ
1455 3916 1564 3985 γὰρ
1588 3915 1762 3968 ἀπαν-

181 4006 348 4075 ταχοῦ
378 4005 541 4059 τοῦτο
583 4005 870 4077 συμϐαίνει
906 4023 921 4038 ·
954 4006 984 4058 6
1016 4003 1115 4074 μὲν
1159 4002 1269 4073 γὰρ
1308 3999 1671 4071 φθονούμενος
1696 3995 1764 4049 ἂν

183 4090 348 4162 νήφη,
392 4089 775 4162 λαμπρότερος
802 4086 1009 4158 γίνεται
1028 4104 1040 4116 ·
1064 4089 1093 4140 6
1125 4084 1180 4139 δὲ
1203 4085 1511 4156 βασκαίνων
1543 4081 1766 4135 πλείονα

182 4171 362 4245 ἑαυτῷ
398 4172 623 4243 συνάγει
667 4172 831 4227 κακά.
885 4169 1042 4224 Οὕτω
1086 4168 1180 4222 καὶ
1225 4171 1253 4222 6
1308 4167 1506 4237 Ἰωσὴφ
1548 4164 1765 4233 ἐγένετο

241 4316 1419 4348 Μ

1429 4301 3297 4331 ___________________________________________._.

3344 475 3449 529 εσι

1862 586 2148 658 λαμπρός·
2189 587 2364 652 οὕτως
2412 584 2622 657 Ἀαρὼν
2652 587 2681 640 6
2718 585 2927 656 ίερεύς·
2966 587 2999 656 ή
3031 586 3139 657 γὰρ
3170 587 3277 642 τῶν
3312 589 3444 659 φθο-

1863 671 2100 725 νούντων
2129 670 2391 742 ἐπιϐουλὴ
2414 670 2511 723 καί
2544 668 2693 734 ἅπαξ
2725 669 2820 722 καὶ
2841 668 2922 732 δὶς
2966 669 3308 740 ψηφίσασθαι
3349 672 3448 726 a6-

1862 755 1987 807 τὺν⁸
2026 753 2117 806 τὸν
2161 752 2292 806 Θεὸν
2350 754 2597 823 ἐποίησε,
2639 753 2736 806 καὶ
2774 751 2875 823 τήν
2909 752 3105 822 ῥάϐδον
3149 751 3451 824 βλαστῆσαι

1864 836 2302 908 παρεσκεύασεν.
2329 835 2513 898 Οὕτως
2539 837 2568 888 6
2605 834 2802 888 Ἰακὼϐ
2829 835 2929 904 τῆς
2956 835 3163 905 πολλῆς
3184 837 3450 908 εὐπορίας

1863 920 2163 978 ἀπέλαυσε.
2210 920 2305 973 καὶ
2337 918 2447 971 τῶν
2492 918 2666 973 ἄλλων
2702 918 2977 972 ἁπάντων.
3011 918 3200 983 Οὕτως
3245 921 3295 974 οἰ
3352 921 3450 989 βα·-

1867 1003 2179 1066 σκαίνοντες
2244 1003 2458 1074 μυρίοις
2526 1004 2756 1065 ἑαυτοὺς
2823 1004 3179 1073 περιέπειραν
3234 1008 3447 1069 κακοῖς.

1866 1087 2048 1158 Ἀπερ
2073 1087 2270 1149 εἰδότες
2300 1088 2536 1149 ἅπαντα,
2582 1086 2845 1157 φύγωμεν
2875 1087 2967 1140 τὸν
2991 1088 3232 1141 τοιοῦτον
3264 1088 3445 1159 ζῆλον.

1865 1169 2023 1233 Τίνος
2045 1170 2152 1238 γὰρ
2174 1170 2380 1235 ἕνεκεν,
2412 1171 2533 1223 εἰπέ
2568 1187 2678 1240 μοι,
2712 1170 2958 1240 φθονεῖς;
2987 1172 3069 1224 ὅτι
3093 1172 3255 1243 χάριν
3286 1173 3448 1227 ἔλαϐε

1865 1254 2246 1323 πνευματικὴν
2294 1254 2323 1306 6
2374 1253 2633 1322 ἀδελφός;
2682 1255 2790 1307 Καὶ
2841 1255 2992 1323 παρὰ
3039 1254 3180 1318 τίνος
3230 1255 3445 1320 έλαϐενς

1864 1336 1987 1389 εἰπέ
2029 1350 2161 1407 μοι·
2201 1336 2263 1389 ού
2312 1336 2461 1416 παρ)
2492 1336 2586 1391 τοῦ
2617 1336 2752 1390 Θεοῦ
2779 1354 2794 1403 ;
2836 1337 3046 1390 Οὐκοῦν
3082 1339 3218 1409 πρὸς
3244 1340 3453 1395 ἐκεῖνον

1863 1418 1964 1489 τὴν
1996 1419 2294 1489 ἀπέχθειαν
2347 1419 2583 1494 ἀναδέχῃ
2634 1420 2724 1473 τὸν
2767 1420 3037 1474 δεδωκότα
3075 1422 3173 1492 τὴν
3218 1422 3447 1495 δωρεάν,

1864 1499 2020 1565 Εἶδες
2054 1505 2146 1557 ποῖ
2167 1504 2226 1556 τὸ
2254 1503 2421 1557 κακὸν
2446 1504 2625 1575 ἕρπει,
2653 1504 2747 1557 καὶ
2776 1498 2888 1557 οἷον
2915 1504 3008 1557 τὸν
3028 1505 3311 1574 κολοφῶνα
3344 1507 3454 1560 τῶν

1863 1589 2282 1659 ἁμαρτημάτων
2312 1589 2528 1656 ἐπάγει,
2566 1590 2661 1643 καὶ
2697 1590 2820 1642 ὅσον
2861 1588 3145 1660 ἀνορύττει
3182 1590 3452 1660 βάραθρον

1862 1674 2170 1745 τιμωρίας;
2198 1673 2494 1744 Φεύγωμεν
2522 1674 2704 1727 τοίνυν
2740 1672 2900 1726 τοῦτο
2931 1672 2993 1726 τὸ
3036 1673 3207 1736 πάθος
3233 1673 3282 1740 δ,
3310 1676 3451 1743 ἀγα-

1867 1758 2054 1826 πητο“τ,
2086 1757 2179 1809 καὶ
2211 1757 2349 1826 μήτε
2378 1756 2682 1825 φθονῶμεν,
2708 1748 2846 1810 ἀλλά
2865 1758 2956 1809 καὶ
2978 1745 3088 1809 τῶν
3112 1757 3452 1825 φθονούντων

1867 1838 2321 1910 ύπερευχώμεθα,
2351 1840 2447 1892 καί
2478 1840 2656 1894 πάντα
2689 1840 2935 1910 ποιῶμεν
2970 1839 3107 1893 ὥστε
3146 1840 3328 1893 αὐτῶν
3355 1857 3455 1894 κα-

1864 1923 2125 1975 τασϐέσαι
2161 1924 2219 1975 τὸ
2246 1924 2437 1987 πάθος.
2483 1922 2645 1975 Ἀλλά
2682 1923 2755 1994 μὴ
2800 1924 2869 1975 τά
2913 1922 3023 1975 τῶν
3066 1922 3313 1993 ἀνοήτων
3344 1924 3453 1977 πά-

1868 2028 2116 2082 σχωμεν,
2163 2012 2237 2077 οἳ,
2298 2013 2612 2083 βουλόμενοι
2660 2012 2816 2083 δίκην
2863 2012 3061 2075 αὐτοὺς
3124 2013 3448 2085 ἀπαιτῆσαι,

1866 2095 2045 2149 πάντα
2069 2096 2313 2149 ποιοῦσιν
2340 2097 2479 2151 ὥστε
2502 2096 2684 2149 αὐτῶν
2704 2096 2907 2165 ἀνάψαι
2930 2096 3028 2165 τὴν
3060 2096 3256 2166 φλόγα.
3292 2097 3452 2150 Ἀλλά

1869 2179 1944 2249 μὴ
1980 2182 2141 2251 ἡμεῖς
2174 2180 2368 2242 οὕτως,
2413 2181 2547 2234 ἀλλὰ
2589 2180 2917 2251 δακρύωμεν
2945 2180 3145 2244 αὐτοὺς
3179 2183 3276 2235 καὶ
3321 2182 3452 2253 θρη-

1866 2262 2067 2332 νῶμεν.
2091 2264 2254 2315 Αὐτοὶ
2273 2264 2382 2333 γάρ
2402 2266 2538 2316 εἰσιν
2563 2264 2612 2315 οί
2642 2260 2790 2335 [285]
2821 2262 3161 2334 ἠδικημένοι,
3192 2262 3454 2335 σκώληκα

1866 2344 2084 2416 ἔχοντες
2128 2346 2351 2418 διηνεκῆ
2403 2346 2778 2418 διατρώγοντα
2832 2346 3012 2398 αὐτῶν
3061 2346 3160 2415 τὴν
3198 2346 3449 2417 καρδίαν,

1866 2429 1961 2483 καὶ
1992 2428 2174 2499 πηγὴν
2205 2430 2285 2483 ἰοῦ
2320 2430 2648 2499 συνάγοντες
2691 2430 2873 2498 πάσης
2900 2429 3065 2500 χολῆς
3094 2430 3449 2502 πικροτέραν.

1868 2512 2288 2582 Παρακαλῶμεν
2343 2514 2526 2567 τοίνυν
2577 2512 2670 2566 τὸν
2726 2512 3111 2582 φιλάνθρωπον
3168 2511 3303 2565 Θεὸν
3355 2511 3453 2566 καὶ

1866 2596 2099 2659 ἐκείνοις
2121 2596 2184 2649 τὸ
2218 2596 2389 2660 πάθος
2421 2596 2767 2668 μεταϐαλεῖν,
2798 2596 2893 2648 καὶ
2930 2597 3079 2666 ἡμᾶς
3108 2595 3316 2665 μήποτε
3345 2595 3450 2665 ὲμι

1867 2681 2052 2731 πεσεῖν
2085 2678 2162 2748 τῷ
2201 2680 2489 2750 νοσήματι.
2522 2681 2627 2732 Καὶ
2661 2678 2772 2749 γάρ
2814 2677 3014 2740 ἄϐατος
3042 2678 3073 2729 6
3107 2677 3336 2748 οὐρανὸς
3373 2675 3452 2744 τῷ

1866 2761 2069 2831 ταύτην
2091 2760 2268 2830 ἔχοντι
2305 2761 2405 2831 τὴν
2432 2761 2698 2831 τηκεδόνα
2719 2777 2734 2791 ⁶
2761 2760 2858 2813 καλ⁸
2885 2760 2991 2832 πρὸ
3016 2759 3114 2813 τοῦ
3141 2759 3370 2830 οὐρανοῦ
3394 2758 3454 2812 δὲ

1866 2846 1961 2898 καὶ
1988 2846 2018 2897 6
2047 2843 2237 2914 παρὼν
2266 2844 2378 2914 βίος
2409 2844 2662 2908 ἀϐίωτος.
2700 2843 2838 2897 Οὐδὲ
2868 2842 2978 2914 γὰρ
3006 2842 3149 2897 οὕτω
3171 2843 3325 2907 ξύλον
3358 2844 3455 2897 καί

1866 2926 2013 2999 ἔριον
2057 2928 2156 2999 σὴς
2185 2928 2561 2999 ἐγκαθήμενος
2593 2928 2688 2983 καὶ
2720 2926 2936 3000 σκώληξ
2961 2926 3286 3001 διατρώγειν
3326 2928 3453 2981 εἰω-

1867 3012 1979 3073 θεν,
2015 3010 2091 3074 ώς
2112 3014 2140 3064 ὁ
2168 3011 2271 3080 τῆς
2310 3010 2613 3081 βασκανίας
2639 3011 2873 3082 πυρετὸς
2902 3011 3044 3065 αύτά
3073 3010 3351 3065 κατεσθίει
3383 3011 3453 3065 τά

1870 3094 2007 3147 όστᾶ
2026 3092 2135 3145 τῶν
2165 3093 2588 3164 βασκαινόντων,
2628 3095 2725 3148 καί
2756 3095 2856 3165 τῆς
2884 3094 3062 3165 ψυχῆς
3104 3094 3201 3164 τὴν
3236 3110 3452 3166 σωφρο-

1874 3176 2043 3246 σύνην
2073 3175 2418 3247 λυμαίνεται.
2458 3177 2554 3229 ’Ὶν’
2591 3173 2688 3231 οὖν
2729 3179 2823 3232 καὶ
2858 3179 3082 3241 ἑαυτοὺς
3110 3178 3204 3231 καὶ
3235 3178 3456 3250 ἑτέρους

1875 3259 1984 3313 τῶν
2033 3261 2244 3331 μυρίων
2278 3258 2680 3331 ἀπαλλάξωμεν
2723 3260 2933 3326 κακῶν,
2968 3261 3329 3332 ἀπελάσωμεν
3367 3262 3457 3315 τὴν

1874 3344 2110 3415 πονηρὸν
2137 3344 2327 3397 τοῦτον
2360 3343 2419 3407 ἐξ
2448 3344 2604 3413 ἡμῶν
2638 3343 2893 3414 πυρετόν,
2941 3344 3034 3396 τὸν
3074 3344 3259 3414 πάσης
3291 3361 3457 3413 τηκε-

1874 3429 2026 3490 δόνος
2073 3425 2452 3497 χαλεπώτερον
2491 3441 2504 3455 ’
2557 3426 2646 3479 ἵνα
2680 3426 3057 3497 πνευματικὴν
3099 3427 3458 3490 ἀναλαϐόντες

1877 3513 2053 3584 ἰσχὺν,
2083 3511 2289 3565 καὶτὸν
2330 3509 2576 3580 παρόντα
2604 3509 2945 3580 διανύσωμεν
2972 3508 3178 3579 ἀγῶνα,
3218 3508 3313 3562 καὶ
3348 3510 3457 3563 τῶν

1878 3596 2179 3667 μελλόντων
2225 3592 2573 3662 ὲπιτύχωμεν
2614 3592 2898 3660 στεφάνων
2922 3608 2936 3621 ·
2969 3588 3043 3643 ὧν
3072 3592 3283 3660 γένοιτο
3321 3593 3458 3646 πάν-

1872 3697 1967 3743 τας
1998 3680 2144 3750 ήμᾶς
2165 3678 2462 3746 ἐπιτυχεῖν,
2485 3676 2669 3748 χάριτι
2694 3677 2788 3729 καὶ
2816 3676 3200 3748 φιλανθρωπίᾳ
3223 3675 3320 3729 τοῦ
3341 3678 3448 3731 Ku-

1876 3764 1994 3834 ρίου
2025 3761 2183 3831 ήμῶν
2227 3758 2402 3829 Ἰησοῦ
2434 3757 2697 3827 Χριστοῦ,
2741 3758 2861 3828 μεθ’
2900 3753 2963 3812 οὗ
2992 3759 3069 3829 τῷ
3103 3759 3304 3828 Πατρί,
3334 3758 3454 3829 ἃμα

1870 3845 1950 3914 τῷ
1980 3844 2119 3914 ἁγίῳ
2152 3842 2451 3911 Πνεύματι,
2477 3841 2627 3907 δόξα,
2661 3840 2881 3910 κράτος,
2910 3841 3066 3911 τιμὴ,
3107 3841 3203 3895 νῦν
3225 3842 3319 3895 καὶ
3342 3842 3454 3907 ἀεὶ,

1873 3929 1969 3980 καὶ
1991 3929 2069 3989 εἰς
2100 3925 2228 3989 τοὺς
2259 3924 2461 3986 αἰῶνας
2493 3925 2603 3977 τῶν
2640 3926 2873 3977 αἰώνων.
2921 3923 3115 3995 Ἀμήν.

1938 4100 2157 4171 ιιεανίἰ.
2205 4101 2267 4171 ίῐι⁸
2309 4111 2487 4171 marg”
2533 4097 2833 4171 ψηφίσασθαι
2865 4095 3026 4158 αὐτῷ,
3083 4093 3211 4144 forte
3255 4094 3453 4143 melius.

1872 4165 1902 4207 ι’
1933 4164 2141 4217 Aberanl
2163 4160 2330 4222 verba,
2352 4160 2496 4209 τοῦτο
2520 4161 2576 4206 τὸ
2609 4160 2773 4213 πάθος.

3302 4301 3387 4310 η

1606 4437 1855 4495 OMIAIA
1908 4430 2036 4488 AB’.

193 4550 380 4622 Ὑμεῖς
404 4548 475 4604 δέ
509 4549 654 4605 ἐστε
683 4549 860 4619 σῶμα
908 4544 1167 4616 Χριστοῦ
1181 4583 1198 4608 ,
1237 4542 1338 4597 καί
1362 4540 1520 4611 μέλη
1551 4539 1619 4591 ἐκ
1661 4535 1770 4607 μέ-

864 4642 1075 4701 ρουςι-

255 4733 322 4783 α’.
344 4728 464 4783 Ἰνα
491 4728 600 4801 γὰρ
619 4729 691 4800 μή
708 4744 792 4792 τις
819 4725 1051 4801 λέγη,Τί
1082 4722 1218 4796 πρὸς
1244 4722 1394 4792 ἡμᾶς
1408 4720 1501 4773 τοῦ
1521 4716 1771 4789 σώματος

186 4814 247 4867 τὸ
276 4811 617 4883 ῦτούδειγμα;
667 4814 843 4866 ἐκεῖνο
883 4812 981 4882 μὲν
1031 4808 1137 4878 γὰρ
1176 4803 1337 4873 φύσει
1380 4801 1660 4867 δουλεύει,
1698 4801 1769 4853 τὰ

192 4895 251 4949 δὲ
277 4894 520 4965 ἡμέτερα
566 4893 941 4965 προαιρέσεώς
988 4893 1106 4944 ἐστι
1149 4885 1585 4957 κατορθώματαο
1634 4901 1765 4956 προ-

198 4978 339 5046 ἀγων
359 4977 389 5017 δ
425 4976 558 5031 αὐτὸ
592 4980 706 5042 τοῖς
742 4977 864 5031 καθ’
893 4977 1042 5048 ἡμᾶς
1077 4974 1401 5046 πράγμασι,
1432 4970 1526 5024 καὶ
1554 4968 1769 5031 δεικνὺς

196 5061 275 5114 ὅτι
300 5060 564 5131 τοσαύτην
592 5060 702 5114 ἀπὸ
729 5058 951 5131 γνώμης
980 5056 1267 5127 ὀφείλομεν
1311 5054 1456 5125 ἔχειν
1488 5051 1764 5123 ὁμόνοιαν,

197 5144 318 5215 ὅσην
360 5143 467 5196 ἀπὸ
513 5143 726 5211 φύσεως
777 5144 980 5204 ἐκεῖνα,
1028 5142 1216 5211 φησὶν,
1275 5137 1475 5207 ’Υμεῖς
1518 5134 1588 5189 δέ
1625 5135 1769 5189 ἐστε

196 5226 357 5294 σῶμα
384 5227 663 5295 Χριστοῦ.
697 5226 759 5278 Εἰ
784 5225 840 5279 δὲ
866 5226 925 5279 τὸ
952 5224 1220 5295 ἡμέτερον
1248 5223 1308 5275 οὐ
1342 5222 1424 5274 δεῖ
1452 5218 1767 5282 στασιάζειν

202 5311 370 5380 σῶμα,
411 5309 589 5380 πολλῷ
622 5309 823 5380 μᾶλλον
864 5309 927 5361 τὸ
969 5307 1062 5360 τοῦ
1107 5305 1367 5377 Χριστοῦ.
1401 5305 1500 5358 καί
1528 5302 1767 5374 τοσούτῳ

204 5394 423 5464 μᾶλλον,
462 5394 570 5462 ὅσῳ
616 5391 831 5460 φύσεως
876 5391 1037 5461 χάρις
1067 5389 1430 5461 δυνατωτέρα.
1471 5386 1579 5441 Καὶ
1607 5386 1765 5455 μέλη

200 5476 260 5531 ἐκ
279 5477 515 5547 μέρους.
546 5476 620 5529 Οὐ
650 5476 758 5548 γὰρ
778 5473 842 5545 δὴ
873 5474 1033 5543 σῶμα
1056 5473 1242 5543 μόνον,
1287 5471 1472 5541 φησὶν,
1501 5468 1638 5523 ἀλλά
1669 5468 1767 5521 καὶ

207 5561 330 5626 μέλη
361 5560 548 5630 ἐσμέν.
585 5558 721 5629 Περί
762 5558 872 5628 γὰρ
912 5554 1241 5627 ἀμφοτέρων
1270 5554 1479 5607 τούτων
1508 5551 1766 5620 ἀνωτέρω

203 5638 457 5710 διελέχθη.
497 5642 622 5704 τοὺς
647 5641 875 5704 πολλοὺς
901 5642 983 5703 εἰς
1016 5639 1074 5692 ἒν
1104 5639 1376 5706 συνάγων,
1410 5638 1509 5690 καὶ
1551 5636 1765 5698 δεικνὺς

203 5724 429 5784 ἅπαντας
460 5720 520 5773 ἓν
542 5736 598 5771 τι
625 5722 768 5776 κατά
791 5722 890 5794 τὴν
917 5722 1014 5776 τοῦ
1046 5721 1304 5792 σώματος
1336 5720 1520 5774 εἰκόνα
1543 5717 1767 5788 γινομέ-

259 5838 282 5866 ⁸
306 5837 553 5894 !nterpres
572 5832 799 5895 Vulgata
818 5834 902 5895 qui
926 5836 1095 5889 vertit.
1140 5838 1186 5885 et
1206 5831 1420 5895 membra
1440 5832 1503 5883 de
1527 5829 1759 5889 membro,

212 5898 333 5958 legit.
364 5898 447 5945 καὶ
472 5896 601 5958 μέλη·
627 5893 690 5942 ἐκ
726 5893 909 5956 μέλους.
960 5896 1059 5944 Sed
1095 5895 1272 5958 eodem
1311 5893 1444 5945 redit
1491 5896 1757 5943 sententia.

211 5963 231 5995 ι’
250 5955 392 6010 Sam.
420 5955 687 6019 legendum
704 5955 979 6018 suspicatur
997 5956 1269 6020 προσάγων.

1870 4545 2020 4592 νους,
2047 4524 2144 4581 καὶ
2172 4524 2233 4578 τὸ
2262 4522 2323 4576 ἓν
2349 4520 2512 4576 τοῦτο
2535 4520 2626 4575 διά
2654 4519 2764 4573 τῶν
2801 4516 3011 4572 πολλῶν
3028 4516 3453 4589 συνιστάμενον,

1870 4613 1964 4667 καὶ
1999 4613 2057 4664 ὲν
2083 4611 2197 4671 τοῖς
2225 4606 2440 4669 πολλοῖς
2471 4604 2553 4671 δν,
2581 4606 2675 4659 καί
2705 4602 2776 4656 τά
2803 4602 2973 4656 πολλά
3006 4602 3070 4654 ὲκ
3097 4601 3290 4655 τούτου
3325 4618 3456 4657 συν·

1871 4696 2104 4767 εχόμενα
2147 4691 2245 4745 καὶ
2284 4690 2560 4760 δυνάμενα
2600 4684 2740 4741 εἰναι
2777 4685 2979 4767 πολλά.
3009 4683 3074 4738 Τί
3117 4684 3175 4737 δέ
3211 4686 3328 4738 ἐστι
3367 4685 3452 4751 τὸ,

1882 4764 1979 4831 ’ἐκ
2001 4774 2261 4847 μέρους;
2283 4774 2357 4826 Τό
2382 4788 2447 4841 γε
2475 4772 2556 4835 εἰς
2596 4771 2742 4842 ὑμᾶς
2769 4764 2927 4841 ἧκον,
2952 4767 3048 4820 καὶ
3072 4767 3198 4847 ὅσον
3220 4767 3370 4831 εἰκὸς
3394 4768 3457 4833 ἐξ

1870 4846 2027 4930 ὑμῶν
2045 4855 2465 4927 οἰκοδομηθῆναι
2490 4854 2677 4925 μέρος.
2714 4852 2934 4922 Ἐπειδὴ
2959 4851 3068 4923 γάρ
3092 4846 3234 4914 εἷπε,
3257 4848 3452 4920 Σῶμα,

1868 4944 1931 4997 τὸ
1960 4944 2019 4997 δὲ
2043 4944 2153 4995 πᾶν
2177 4940 2337 5011 σῶμα
2364 4935 2453 5010 ἦν,
2486 4940 2605 5008 ούχί
2633 4939 2666 5007 ἡ
2695 4935 2847 5007 παρά
2878 4932 3187 5005 Κορινθίοις
3225 4933 3456 5005 Ἐκκλη-

1871 5028 1983 5090 σία,
2037 5026 2153 5079 ἀλλ’
2201 5026 2235 5095 ἡ
2286 5020 2559 5091 πανταχοῦ
2610 5020 2709 5091 τῆς
2752 5018 3102 5088 οἰκουμένης,
3150 5016 3239 5069 διὰ
3294 5015 3455 5070 τοῦτο

1868 5112 2091 5182 ἔφησεν,
2128 5112 2230 5163 Ἕκ
2257 5106 2479 5177 μέρους
2500 5122 2513 5135 ο
2546 5104 2847 5167 τουτέστιν,
2875 5102 2958 5154 ὅτι
2991 5101 3057 5152 Ἦ
3088 5098 3388 5171 Ἐκκλησία
3415 5102 3449 5171 ή

1868 5196 1999 5266 παρ’
2041 5194 2172 5263 ὑμῖν
2225 5190 2390 5261 μέρος
2429 5189 2549 5241 ἐστὶ
2580 5188 2679 5256 τῆς
2711 5183 2989 5254 πανταχοῦ
3025 5182 3286 5253 κειμένης
3326 5182 3451 5236 Ἐκ-

1868 5279 2117 5349 κλησίας,
2147 5277 2242 5330 καὶ
2282 5273 2377 5327 τοῦ
2423 5271 2675 5342 σώματος
2704 5269 2800 5321 τοῦ
2852 5268 2942 5321 διὰ
2981 5266 3170 5320 πασῶν
3205 5281 3454 5349 συνιστα-

1871 5347 2033 5435 μένου
2065 5359 2175 5414 τῶν
2229 5356 2566 5424 Ἐκκλησιῶν
2590 5371 2604 5383 δ
2653 5352 2795 5406 ὥστε
2840 5351 2962 5422 οὐχὶ
3008 5350 3147 5435 πρδς
3190 5347 3452 5435 ἀλλήλους

1870 5432 2052 5517 μόνον,
2083 5441 2223 5497 ἀλλά
2260 5439 2356 5493 καὶ
2391 5438 2528 5510 πρὸς
2558 5438 2741 5490 πᾶσαν
2766 5435 2869 5507 τὴν
2896 5433 3039 5487 κατά
3060 5432 3161 5517 τὴν
3189 5432 3451 5517 οἰκουμέ-

1866 5514 1965 5598 νην
2003 5522 2335 5596 Ἐκκλησίαν
2380 5518 2686 5591 εἰρηνεύειν
2716 5517 2783 5572 ἂν
2832 5518 2982 5587 είητε
3025 5516 3263 5580 δίκαιοι,
3306 5514 3361 5598 εί
3387 5529 3451 5581 γε

1868 5597 2069 5673 παντός
2101 5611 2226 5662 ἐστε
2261 5604 2398 5676 μέλη
2427 5604 2521 5656 τοῦ
2563 5601 2836 5674 σώματος.
2863 5602 2975 5657 Καὶ
3003 5599 3111 5665 οὓς
3141 5598 3257 5669 μέν
3285 5597 3453 5652 ἔθετο

1867 5698 1900 5748 ὁ
1930 5693 2076 5757 Θεὸς
2121 5692 2194 5745 έν
2235 5688 2311 5758 τῇ
2364 5687 2708 5754 Ἐκκλησία,
2756 5685 2996 5754 πρῶτον
3040 5682 3451 5745 ἀποστόλους,

1867 5774 2019 5848 [286]
2068 5773 2352 5840 δεύτερον
2390 5769 2703 5839 προφήτας
2722 5811 2739 5835 ,
2768 5769 2972 5837 τρίτον·
3002 5762 3417 5848 διδασκάλοιζς
3436 5803 3453 5827 ,

1866 5845 2074 5913 ἔπειτα
2098 5855 2406 5924 δυνάμεις,
2437 5853 2643 5906 ἔπειτα
2670 5853 3009 5924 χαρίσματα
3037 5845 3322 5917 ἰαμάτων,
3346 5846 3452 5898 ἀν-

1866 5941 2161 6009 τιλήψεις,
2218 5936 2634 6005 κυϐερνήσεις,
2695 5933 2839 6003 γένη
2898 5928 3215 6001 γλωσσῶν.
3273 5928 3452 5998 Ὅπερ
