3962 6432
295 360 389 414 965

295 476 513 546 ιιιῑριιθν,
546 482 637 527 aut
664 471 948 543 prOphctas
975 489 990 539 ;
1015 470 1112 529 sed
1140 469 1369 543 primum
1398 480 1453 527 et
1482 469 1776 527 secundum
1808 476 1864 523 et

294 564 500 620 tertium
535 567 713 633 ponit;
761 563 861 618 hoc
889 564 1060 632 ipsum
1088 562 1230 634 quod
1266 561 1375 617 dixi
1402 562 1725 632 signiﬁcans.
1768 559 1865 615 Se-

288 656 447 709 cundo
477 655 767 724 prophetas.
811 654 1205 724 Prophetahant
1241 654 1406 720 enim,
1434 662 1493 708 ut
1512 654 1635 707 lilia:
1657 651 1865 722 Philip-

290 748 367 816 pi,
395 756 455 801 ut
487 747 722 817 Agabus,
760 757 817 800 ut
838 746 921 800 isti
947 748 1043 816 ipsi
1069 748 1156 818 qui
1189 756 1342 802 erant
1367 747 1505 817 apud
1531 744 1860 808 Corinthios,

286 839 350 894 de
389 839 583 905 quibus
625 839 774 902 dicit,
835 838 1109 908 Propheta:
1164 840 1265 894 duo
1317 850 1406 894 aut
1452 852 1550 894 tres
1598 839 1866 910 loquantur

283 931 333 1001 (ι
381 928 504 984 Cor.
533 930 622 1002 14,
651 930 782 1000 ‘29).
830 929 895 985 Et
947 931 1013 985 ad
1058 931 1397 987 Timotheum
1429 932 1670 987 scribens
1721 930 1864 986 dice-

283 1021 370 1074 bat
412 1038 427 1074 :
478 1020 602 1074 Noli
644 1021 894 1092 negligere
921 1022 1137 1093 gratiam
1174 1030 1286 1093 qua:
1317 1025 1371 1077 in
1398 1032 1445 1077 te
1467 1034 1575 1090 est,
1621 1038 1733 1093 quae
1777 1022 1866 1076 tibi

280 1117 401 1167 data
429 1124 505 1168 est
542 1131 633 1184 per
660 1115 976 1183 prophetiam
1006 1116 1057 1186 (i
1112 1114 1248 1170 Tim.
1279 1116 1471 1192 4,14).
1844 1124 1847 1131 ‘

351 1204 541 1261 Plures
565 1208 824 1277 prop/tcta:
858 1216 1003 1260 erant
1028 1207 1080 1260 in
1114 1206 1338 1262 Ecclesia
1368 1205 1591 1272 Christi,
1639 1223 1789 1277 quant
1811 1206 1866 1261 in

277 1299 389 1369 lege
405 1300 579 1353 veteri.
610 1329 682 1338 —
702 1299 778 1353 Ac
819 1298 977 1367 longe
1014 1299 1194 1369 plures
1223 1305 1350 1354 tunc
1378 1306 1532 1354 erant
1556 1298 1827 1369 propheta:
1845 1339 1863 1364 ,

275 1408 438 1463 quam
467 1393 521 1447 in
552 1391 730 1447 Veteri
761 1392 1124 1447 Testamento.
1168 1390 1353 1463 Neque
1396 1391 1539 1446 enim
1569 1390 1635 1444 ad
1680 1389 1864 1444 decem

277 1493 331 1552 et
373 1482 562 1552 viginti
601 1491 659 1536 et
696 1483 1076 1553 quinquaginta
1119 1490 1172 1537 et
1202 1492 1415 1537 centum
1451 1480 1721 1536 redactum
1752 1488 1867 1534 erat

275 1573 577 1643 prophetia:
622 1573 863 1638 donum;
912 1573 1006 1628 sed
1052 1572 1167 1628 haec
1208 1573 1378 1643 gratia
1422 1573 1650 1627 ubertim
1696 1571 1865 1625 elfnn-

273 1667 542 1732 dcbatur,
591 1675 645 1721 et
689 1667 912 1737 singula:
957 1665 1216 1720 Ecclesia:
1244 1664 1441 1718 multos
1475 1664 1739 1719 habebant
1777 1663 1865 1732 qui

272 1757 694 1828 prophetabant.
718 1756 869 1824 Quod
897 1756 943 1811 si
972 1755 1218 1811 Christus
1244 1755 1407 1818 dicat,
1438 1754 1546 1809 Lex
1569 1764 1614 1809 et
1644 1753 1864 1823 prophe-

271 1861 338 1903 tae
386 1865 549 1919 usque
597 1848 665 1901 ad
702 1847 955 1903 Joannem
984 1846 1198 1918 (Matth.
1231 1848 1317 1901 ll.
1353 1846 1466 1916 l5),
1490 1846 1558 1900 de
1590 1846 1692 1900 illis
1730 1845 1868 1900 dixit

270 1942 577 2013 prophetis,
627 1944 716 2012 qui
761 1942 877 2011 ejus
919 1941 1206 1996 adventum
1252 1940 1638 2011 prmdixerunt.
1698 1937 1865 1992 Tertio

265 2035 533 2087 doctores.
569 2032 701 2087 Nam
733 2032 824 2103 qui
854 2031 1162 2102 prophetat,
1191 2031 1370 2086 omnia
1410 2047 1439 2084 a
1469 2030 1669 2100 Spiritu
1697 2029 1868 2100 loqui-

265 2136 358 2179 tur
399 2143 411 2175 :
445 2126 536 2193 qui
580 2123 736 2178 dOCel
781 2134 983 2187 autem,
1035 2123 1324 2192 aliquando
1349 2138 1412 2176 ex
1439 2122 1653 2191 propria
1687 2129 1867 2176 mente

256 2214 514 2268 disserit.
546 2213 671 2269 Ideo
699 2214 912 2268 dicebat
941 2231 955 2267 :
990 2213 1090 2281 Qui
1138 2214 1258 2268 bene
1296 2222 1517 2285 praesunt
1557 2213 1861 2284 presbyteri,

259 2306 472 2373 duplici
523 2307 711 2360 honore
758 2306 901 2377 digni
947 2306 1259 2372 habeantur,
1307 2306 1525 2359 maxime
1567 2315 1736 2359 autem
1780 2305 1868 2375 qui

258 2398 510 2452 laborant
533 2399 587 2451 in
614 2398 761 2452 verbo
791 2409 837 2452 et
861 2399 1094 2453 doctrina
1134 2399 1211 2471 (l.
1246 2398 1377 2452 Tim.
1406 2399 1461 2453 5.
1489 2398 1599 2469 17).
1628 2397 1729 2466 Qui
1773 2414 1870 2452 au-

260 2501 380 2546 tem
424 2492 632 2562 Spiritu
677 2492 858 2546 omnia
902 2492 1159 2562 loquitur,
1205 2508 1311 2546 non
1358 2492 1602 2553 laborat;
1637 2493 1866 2562 ideoque

256 2592 395 2654 post
422 2584 739 2654 pi-Ophetam
773 2583 921 2636 illum
950 2584 1163 2652 posuit;
1204 2583 1458 2653 quoniam
1492 2581 1621 2638 illud
1652 2582 1865 2653 quidem

255 2687 445 2731 totum
476 2686 562 2732 est
588 2674 811 2740 donum,
860 2675 962 2730 hoc
997 2686 1175 2730 autem
1207 2675 1371 2730 etiam
1412 2674 1674 2729 humanus
1696 2674 1865 2730 labor.

226 2766 231 2771 ’
255 2769 487 2823 Etenim
514 2783 579 2822 ex
605 2783 664 2821 se
690 2782 900 2837 quoque
922 2766 1086 2821 multa
1119 2766 1373 2836 loquitur,
1404 2781 1524 2836 quae
1548 2776 1722 2821 tamen
1744 2781 1865 2820 cum

250 2859 469 2913 divinis
494 2855 787 2928 Scripturis
815 2866 1132 2913 consonant.
1164 2856 1365 2911 Deinde
1391 2858 1601 2911 virtutes
1626 2899 1641 2923 ,
1685 2856 1868 2911 deinde

249 2951 465 3020 gratias
490 2949 831 3003 curationum.
881 2948 1066 3004 Viden’
1107 2947 1377 3019 quomodo
1414 2964 1627 3002 rursum
1672 2947 1867 3002 distin-

250 3042 380 3112 guit
427 3042 737 3098 curationes
784 3056 814 3096 a
862 3041 1095 3105 virtute,
1124 3040 1265 3110 quod
1303 3041 1464 3096 etiam
1513 3050 1671 3095 antea
1702 3041 1866 3096 fecit?

254 3134 444 3187 virtus
464 3134 611 3187 enim
636 3133 809 3202 majus
837 3132 1109 3203 quidpiam
1137 3141 1221 3186 est
1241 3173 1256 3199 ,
1284 3147 1444 3202 quam
1472 3133 1700 3186 curatio.
1734 3132 1864 3187 Nam

250 3227 353 3295 qui
400 3226 653 3290 virtutem
700 3225 879 3290 habet,
924 3234 980 3280 et
1017 3225 1245 3296 castigat
1273 3233 1330 3281 et
1380 3235 1573 3280 curat:
1605 3226 1697 3296 qui
1739 3241 1865 3282 vero

250 3320 498 3389 gratiam
524 3319 863 3373 curationum
896 3317 1077 3382 habet,
1111 3318 1331 3375 morbos
1358 3327 1563 3374 tantum
1583 3329 1765 3373 curat.
1801 3320 1866 3374 Et

254 3410 393 3465 vide
437 3424 598 3480 quam
627 3410 831 3480 optimo
859 3425 987 3464 usus
1012 3409 1085 3465 sit
1109 3408 1300 3466 ordine
1320 3452 1335 3476 ,
1378 3425 1499 3466 cum
1529 3411 1862 3481 prophetiam

253 3510 392 3555 ante
438 3502 667 3556 virtutes
716 3509 770 3555 et
820 3502 1125 3557 curationes
1170 3501 1370 3571 posuit.
1417 3503 1677 3572 Superius
1720 3504 1862 3558 enim

255 3592 353 3646 ubi
385 3591 603 3646 dicebat
635 3609 647 3644 :
680 3591 783 3645 Alii
811 3591 1014 3662 quidem
1041 3608 1133 3661 per
1155 3590 1410 3663 Spiritum
1432 3594 1580 3647 datus
1608 3602 1681 3648 est
1699 3610 1864 3649 sermo

255 3683 554 3752 sapientia,
592 3692 639 3736 et
665 3683 755 3737 alii
780 3699 945 3737 sermo
971 3684 1239 3747 scientiis;
1284 3699 1389 3739 non
1428 3685 1619 3739 ordine
1659 3701 1861 3755 ponens

253 3772 502 3839 dicebat,
537 3773 630 3828 sed
662 3773 1166 3841 indiscriminatim;
1198 3773 1284 3829 hic
1317 3784 1496 3831 autem
1524 3784 1578 3831 et
1604 3778 1865 3846 praeponit

253 3877 315 3923 et
360 3867 598 3937 sulijieit.
648 3866 757 3922 Cur
806 3882 936 3937 ergo
976 3868 1314 3937 prophetiam
1362 3869 1678 3939 praeponit?
1726 3870 1861 3937 Quia

256 3960 428 4014 etiam
457 3959 511 4012 in
534 3957 712 4013 Veteri
733 3958 1075 4013 Testamento
1103 3960 1262 4014 talem
1292 3959 1537 4015 ordinem
1559 3960 1646 4014 illa
1672 3959 1857 4015 habet.

257 4051 403 4106 Cum
431 4052 577 4104 enim
599 4050 761 4104 lsaias
786 4049 1003 4104 Judaaos
1033 4050 1418 4120 alloqueretur,
1447 4058 1503 4107 et
1527 4050 1736 4104 virtutis
1767 4050 1862 4107 Dei

258 4140 785 4197 demonstrationem
818 4141 1105 4210 praeberet,
1133 4141 1353 4196 vilitatis
1375 4140 1682 4196 daemonum
1712 4157 1876 4212 argu-.

260 4244 513 4289 mentum
544 4235 595 4288 in
624 4233 859 4288 medium
887 4233 1113 4289 adduxit
1141 4249 1157 4289 ε
1182 4243 1237 4289 et
1263 4235 1365 4290 hoc
1394 4233 1695 4289 divinitatis
1741 4237 1860 4303 ejus

258 4328 405 4382 dixit
431 4342 553 4381 esse
583 4326 837 4383 indicium
863 4330 1181 4395 maximum,
1226 4327 1371 4399 quod
1399 4327 1573 4383 futura
1602 4328 1859 4399 praedico.

264 4435 369 4477 ret.
412 4422 659 4477 Christus
701 4437 830 4477 vero
870 4421 961 4492 qui
1010 4428 1089 4476 tot
1129 4421 1387 4476 miracula
1433 4429 1690 4491 patrarat,
1740 4437 1850 4476 non

262 4529 490 4585 parvum
534 4513 636 4569 hoc
664 4512 794 4569 dicit
835 4528 959 4570 esse
1003 4513 1300 4569 divinitatis
1338 4528 1452 4568 sua:
1498 4514 1748 4585 signum;
1803 4523 1859 4569 et

267 4611 575 4680 frequenter
602 4610 680 4664 sic
705 4622 1008 4663 sermonem
1035 4605 1311 4662 concludit
1340 4622 1355 4661 :
1387 4604 1513 4662 Hatc
1538 4616 1709 4662 autem
1745 4608 1856 4663 dixi

267 4704 438 4767 vobis,
489 4711 543 4755 ut
591 4717 705 4757 cum
749 4700 887 4772 facta
928 4702 1149 4773 fuerint,
1203 4699 1423 4755 credatis
1459 4702 1580 4772 quia
1612 4717 1704 4772 ego
1739 4717 1856 4757 sum

265 4793 457 4865 (Joan.
490 4796 586 4858 15,
622 4794 743 4865 l9).
803 4793 910 4850 Sed
958 4792 1256 4863 prophetiae
1294 4791 1418 4860 jure
1457 4803 1855 4863 postponuntur

267 4888 451 4954 gratia:
490 4886 825 4940 curationum
860 4902 874 4938 :
913 4900 1010 4939 cur
1036 4900 1166 4938 vero
1196 4883 1358 4939 etiam
1385 4883 1646 4940 doctrina:
1665 4883 1690 4937 'l
1718 4884 1853 4953 Quia

274 4992 375 5030 non
405 4990 502 5045 par
526 4991 615 5031 res
642 4987 747 5044 est,
779 4977 1003 5031 verbum
1033 4975 1430 5046 praedicationis
1455 4974 1776 5031 annuntiare
1800 4984 1855 5031 et

271 5068 408 5140 piam
439 5068 749 5138 religionem
791 5069 1060 5125 seminare
1088 5069 1140 5123 in
1166 5068 1472 5124 auditorum
1511 5070 1726 5136 animis,
1766 5079 1852 5124 at-

269 5178 369 5230 que
417 5164 640 5219 virtutes
681 5162 894 5229 facere;
950 5162 1202 5233 quoniam
1261 5164 1392 5234 ipsa:
1444 5172 1667 5234 propter
1716 5161 1850 5217 illud

267 5258 414 5311 ﬁunt.

330 5348 387 5402 2.
416 5349 550 5403 Cum
573 5362 700 5421 ergo
723 5351 845 5419 quis
872 5357 929 5405 et
953 5349 1119 5405 verbo
1147 5356 1202 5405 et
1227 5349 1350 5404 vine
1374 5348 1622 5419 exemplo
1647 5348 1846 5410 erudit,

264 5442 433 5511 major
474 5449 558 5496 est
599 5441 869 5496 omnibus.
920 5440 1045 5497 Illos
1080 5440 1225 5496 enim
1263 5441 1394 5496 dicit
1427 5440 1708 5505 doctores,
1757 5439 1849 5511 qui

263 5535 421 5589 etiam
448 5531 701 5603 operibus
738 5532 932 5589 docent
954 5541 1013 5588 et
1043 5532 1210 5588 verbo
1233 5532 1508 5588 erudiunt.
1546 5532 1660 5587 Hoc
1689 5532 1849 5603 igitur

263 5627 419 5680 etiam
462 5624 735 5696 apostolos
774 5640 895 5680 esse
920 5622 1049 5681 fecit
1082 5623 1376 5695 apostolos.
1410 5623 1478 5679 Et
1510 5624 1600 5678 illa
1628 5623 1845 5694 quidem

262 5719 348 5774 alii
375 5717 617 5773 nonnulli
639 5733 745 5773 non
773 5717 949 5789 magni
982 5717 1137 5788 pretii
1166 5717 1319 5772 initio
1349 5716 1673 5781 habuerunt,
1724 5726 1782 5769 ut
1809 5716 1844 5771 ii

263 5813 347 5884 qui
373 5810 648 5881 dicebant,
680 5810 919 5879 Domine,
941 5825 1109 5867 nonne
1136 5806 1192 5866 in
1218 5809 1422 5895 nomine
1450 5817 1536 5866 tuo
1558 5808 1837 5880 propheta-

1328 354 1395 413 IN
1434 354 1653 413 EPIST.
1695 357 1714 411 Ι
1778 356 1871 412 AD
1907 354 2064 413 COR.
2110 355 2338 411 ll0.\llL.
2386 356 2603 414 XXX”.

3450 365 3554 418 9.05

1974 468 2156 535 vimus,
2200 480 2248 524 et
2292 473 2498 526 virtutes
2542 473 2729 528 multas
2767 476 3022 541 fecimus?
3065 490 3115 532 ot
3148 488 3329 547 postea
3372 481 3554 534 audie-

1970 570 2108 625 runt,
2139 560 2432 633 Numquam
2455 565 2569 617 novi
2587 581 2711 630 vos;
2739 566 2981 622 discedite
3005 588 3034 622 α
3061 571 3249 642 ηιμ,ηηί
3273 576 3556 639 operamini

1969 651 2287 722 iniquitatem
2329 654 2540 723 (Matt/2.
2571 658 2622 727 7,
2650 657 2859 726 229,25)
2895 678 2909 714 :
2936 660 3195 715 doetriuze
3227 673 3404 717 autem
3439 679 3553 717 vcr-

1971 741 2097 796 hum
2135 744 2332 813 duplex
2381 747 2545 811 illud,
2575 748 2715 819 quod
2751 764 2844 818 per
2871 767 3033 820 opera
3064 762 3117 805 et
3146 767 3241 822 per
3269 754 3427 807 verba
3458 771 3553 808 ex-

1971 833 2199 897 hibetur,
2230 838 2400 891 malus
2431 838 2589 892 homo
2632 856 2917 910 numquam
2946 845 3261 913 susceperit.
3314 844 3466 912 Quod
3512 846 3555 900 si

1972 927 2263 996 prophetas
2296 941 2586 999 pru‘pouat,
2622 947 2688 987 ne
2716 932 2927 988 mireris
2958 948 2972 985 :
3003 950 3106 987 non
3131 937 3276 989 enim
3300 936 3557 1004 simplici-

1972 1028 2055 1073 ter
2093 1020 2379 1091 prophetas
2405 1022 2551 1087 dicit,
2582 1025 2675 1078 sed
2716 1040 2811 1079 eos
2853 1026 2941 1095 qui
2996 1044 3089 1094 per
3139 1028 3469 1098 prophetiam
3504 1040 3552 1085 et

1972 1110 2274 1167 docuerunt
2314 1122 2367 1168 et
2409 1114 2458 1168 iu
2501 1129 2840 1170 conunuuem
2869 1117 3150 1172 utilitatem
3191 1121 3366 1174 omnia
3402 1121 3555 1175 d‘ixe«

1972 1213 2099 1258 runt
2131 1220 2144 1256 ς
2176 1205 2321 1274 quod
2369 1206 2419 1259 in
2467 1209 2813 1276 sequentibus
2866 1209 3199 1266 manifestius
3248 1213 3403 1268 nobis
3457 1214 3555 1269 de-

1969 1297 2137 1352 clarat
2170 1315 2184 1352 :
2214 1298 2603 1365 Upitulationes,
2635 1302 3047 1372 gubernationes.
3075 1303 3211 1371 Quid
3236 1315 3338 1368 est,
3377 1305 3559 1377 Opim-

1970 1388 2224 1443 lationes?
2253 1390 2321 1446 Ut
2350 1390 2547 1444 inﬁrmi
2578 1403 2945 1462 protegantur.
2999 1394 3233 1451 Hoceine
3266 1412 3449 1466 quaeso
3476 1408 3558 1452 est

1970 1480 2237 1535 charisma
2260 1482 2287 1535 ?
2321 1486 2461 1537 Sane
2493 1483 2707 1552 quidem
2737 1486 2837 1539 hoc
2859 1501 2924 1539 ex
2958 1486 3050 1541 Dei
3081 1487 3223 1540 dono
3254 1498 3338 1542 est
3370 1499 3556 1558 prote-

1970 1587 2116 1642 gere,
2159 1583 2214 1627 et
2258 1589 2344 1627 res
2389 1573 2702 1642 dispensare
2743 1575 3052 1646 spirituales
3089 1578 3372 1648 :alioqnin
3397 1581 3558 1635 etiam

1972 1664 2136 1717 multa
2162 1679 2189 1715 a
2214 1663 2369 1717 nobis
2400 1665 2657 1734 praeclare
2686 1677 2834 1736 gesta
2861 1667 3185 1723 charismata
3221 1680 3410 1734 vocat,
3455 1688 3551 1724 no-

1954 1756 2087 1809 “lcns
2115 1763 2172 1808 ut
2197 1755 2575 1823 concidamus,
2603 1756 2698 1811 sed
2724 1758 3017 1814 ostendens
3049 1774 3145 1814 nos
3170 1774 3388 1829 semper
3407 1764 3558 1816 auxi-

1972 1846 2041 1900 lio
2071 1846 2160 1900 Dei
2190 1845 2430 1917 indigere
2449 1886 2466 1912 ,
2514 1856 2569 1902 et
2596 1862 2698 1903 nos
2721 1849 3007 1905 instituens
3038 1859 3093 1903 ut
3117 1851 3254 1921 grati
3276 1852 3440 1906 animi
3469 1855 3560 1907 si—

1971 1954 2109 2005 mus,
2156 1940 2338 2009 sicque
2370 1940 2658 1994 alacriores
2700 1940 2962 2001 reddens,
3013 1932 3339 2012 illorumque
3369 1958 3561 1999 sensus

1972 2030 2240 2085 excitans.
2268 2028 2465 2084 Genera
2495 2032 2809 2103 linguarum.
2836 2030 3083 2086 Vidistin'
3109 2033 3332 2089 ubi‘hoc
3359 2035 3560 2091 denunt

1972 2122 2230 2191 posuerit,
2258 2130 2313 2174 et
2337 2123 2607 2192 quomodo
2641 2123 2835 2193 ubique
2859 2124 3102 2178 ultimum
3132 2125 3207 2179 illi
3245 2127 3445 2182 tribuat
3467 2145 3557 2182 or—

1969 2213 2187 2268 dinem?
2217 2213 2438 2278 Deinde,
2469 2216 2588 2283 quia
2619 2230 2682 2269 ex
2721 2216 2822 2269 hoc
2848 2217 3094 2284 catalogo
3123 2218 3344 2273 multant
3373 2228 3559 2274 osten-

1970 2303 2050 2359 dit
2091 2302 2477 2368 differentiam,
2519 2314 2574 2358 et
2617 2304 2765 2359 illum
2799 2307 3052 2360 excitavit
3084 2308 3331 2363 tuorbum
3372 2325 3561 2364 eorum

1970 2395 2059 2463 qui
2087 2396 2291 2449 minora
2323 2394 2586 2450 habebant
2609 2395 2967 2461 charismata;
2997 2398 3214 2453 demum
3245 2414 3367 2455 cum
3392 2384 3575 2457 vehe-x

1971 2485 2171 2540 mentia
2215 2501 2406 2556 magna
2436 2485 2559 2542 illos
2601 2487 2925 2556 aggreditur.
2957 2487 3085 2542 dum
3119 2490 3184 2543 iis
3214 2491 3382 2546 multa
3416 2507 3556 2562 prae-

1970 2577 2063 2632 bet
2086 2586 2415 2648 argumenta,
2442 2578 2585 2648 quod
2618 2593 2723 2634 non
2753 2579 2803 2632 in
2829 2580 2998 2634 multo
3024 2581 3287 2637 minorem
3312 2583 3555 2639 ordinem

1970 2667 2172 2723 redacti
2198 2669 2324 2723 sint.
2375 2669 2509 2734 Quia
2538 2669 2681 2724 enim
2712 2670 3009 2745 verisimile
3029 2682 3149 2727 erat
3181 2673 3302 2728 illos
3331 2675 3446 2730 lucc
3468 2692 3534 2728 an
3553 2702 3565 2711 ~

1971 2759 2182 2815 dientes
2208 2759 2391 2815 dicere
2422 2779 2435 2814 :
2464 2761 2530 2815 Et
2560 2775 2658 2815 cur
2685 2778 2791 2816 non
2818 2776 3010 2817 omnes
3039 2765 3270 2833 apostoli
3316 2765 3442 2822 facti
3482 2783 3565 2823 su-

1973 2850 2128 2904 mus?
2167 2850 2415 2919 superius
2457 2850 2673 2920 quidem
2718 2853 2888 2924 magis
2925 2854 3285 2909 consolatoria
3320 2858 3566 2914 oratione

1971 2955 2099 2996 usus
2118 2950 2219 3006 est,
2245 2942 2425 2997 multis
2445 2942 2735 2998 ostendens
2759 2944 2837 2998 sic
2858 2947 3166 3001 necessario
3190 2946 3390 3003 factum
3411 2965 3557 3016 esse,

1970 3033 2128 3087 etiam
2160 3033 2228 3087 ab
2250 3034 2481 3103 imagine
2509 3036 2751 3104 corporis
2787 3053 2800 3090 :
2832 3035 3028 3107 Corpus
3050 3037 3216 3104 enim,
3248 3039 3437 3110 inquit,
3463 3058 3564 3096 non

1969 3133 2041 3178 est
2067 3140 2224 3177 unum
2250 3126 2531 3179 membrum
2562 3140 2581 3180 :
2609 3138 2661 3180 et
2700 3141 2937 3192 rursum,
2972 3127 3035 3183 Si
3069 3141 3239 3184 autem
3264 3142 3426 3186 essent
3454 3149 3566 3187 ont-

1969 3216 2057 3272 nia
2084 3234 2240 3271 unum
2265 3217 2560 3287 membrum,
2583 3220 2667 3274 ubi
2694 3236 2877 3291 corpus
2897 3221 2924 3276 7
2950 3231 3005 3276 et
3033 3222 3176 3293 quod
3210 3224 3413 3280 utiliter
3439 3227 3560 3283 data

1970 3310 2119 3365 sint:
2153 3309 2439 3382 Unicuique
2487 3312 2652 3374 enim,
2699 3312 2891 3381 inquit,
2940 3315 3285 3385 manifestatio
3337 3317 3572 3387 Spiritus

1968 3402 2123 3455 datur
2156 3403 2222 3456 ad
2250 3403 2555 3467 utilitatem;
2591 3412 2643 3457 et
2677 3420 2740 3457 ex
2767 3418 2833 3458 eo
2860 3404 3003 3474 quod
3031 3420 3222 3461 omnes
3262 3423 3330 3462 ex
3374 3410 3489 3463 eodt
3514 3425 3563 3463 nt

1970 3492 2174 3562 Spiritu
2221 3493 2462 3559 audiant,
2518 3502 2573 3547 et
2616 3495 2758 3563 quod
2801 3494 3069 3551 charisma
3100 3497 3303 3552 donum
3331 3500 3435 3562 sit,
3468 3505 3562 3554 sed

1973 3601 2079 3638 non
2137 3584 2376 3638 debitum
2408 3603 2421 3635 τ
2452 3584 2737 3639 Divisioncs
2789 3588 2966 3651 enim,
3019 3588 3224 3658 inquit,
3274 3592 3562 3660 gratiarum

1966 3686 2104 3741 sunt,
2146 3677 2282 3729 idem
2309 3692 2423 3731 vero
2452 3676 2680 3747 Spiritus
2703 3692 2722 3741 ;
2750 3687 2804 3731 et
2830 3676 2973 3748 quod
2999 3679 3361 3735 manifestatio
3390 3682 3561 3752 Spiri-

1968 3776 2053 3821 tus
2092 3782 2188 3835 per
2226 3768 2402 3821 omnia
2448 3771 2539 3821 liat
2566 3786 2580 3818 :
2616 3767 2898 3840 Unicuique
2923 3772 3093 3838 enim,
3124 3772 3316 3843 inquit,
3345 3777 3561 3846 manifec

1964 3861 2114 3911 statio
2137 3857 2292 3911 datur
2316 3877 2406 3927 per
2429 3858 2716 3929 Spiritum;
2755 3871 2811 3915 et
2842 3876 2906 3916 ex
2937 3879 3003 3916 eo
3032 3864 3176 3933 quod
3209 3876 3370 3934 prout
3405 3866 3527 3921 vide
3547 3897 3561 3907 -

1968 3961 2053 4006 tur
2080 3951 2300 4021 Spiritui
2345 3962 2400 4006 et
2450 3953 2560 4007 Deo
2604 3953 2721 4008 hmc
2767 3952 2993 4024 ﬁgurata
3046 3957 3198 4011 sint:
3237 3957 3363 4013 Haec
3414 3962 3558 4015 enim

1965 4047 2156 4111 omnia,
2218 4046 2408 4115 inquit,
2447 4054 2688 4115 operatur
2724 4063 2856 4101 unus
2885 4057 2932 4101 et
2961 4049 3097 4103 idem
3125 4050 3382 4118 Spiritus,
3436 4053 3560 4107 divi-

1964 4140 2088 4194 dens
2137 4140 2350 4211 singulis
2397 4151 2546 4211 prout
2597 4140 2747 4205 vult;
2778 4149 2861 4206 et,
2915 4140 3101 4196 Posuit
3146 4142 3286 4198 Deus
3334 4146 3558 4201 membra

1964 4233 2355 4304 unumquodque
2397 4249 2572 4287 eorum
2610 4234 2665 4287 in
2694 4249 2910 4303 corpore
2935 4236 3064 4288 sicut
3091 4236 3283 4290 voluit:
3320 4247 3374 4293 et
3414 4239 3554 4307 quod

1965 4325 2268 4380 necessaria
2314 4324 2423 4380 sint
2470 4325 2630 4380 etiam
2670 4325 2880 4381 minora
2914 4345 2930 4382 :
2961 4326 3089 4390 Quae
3126 4329 3268 4382 enim
3293 4330 3547 4399 videntur,

1964 4418 2157 4488 inquit,
2188 4418 2473 4487 inﬁrmiora
2498 4434 2624 4483 esse,
2655 4419 2939 4474 necessaria
2959 4429 3074 4473 sunt
3096 4435 3204 4484 ;ex
3226 4435 3292 4476 eo
3314 4422 3456 4491 quod
3477 4426 3547 4476 si-

1963 4510 2162 4565 militer
2201 4510 2505 4565 necessaria
2548 4510 2661 4565 sint
2684 4551 2699 4575 ,
2749 4510 2803 4565 in
2841 4525 2910 4567 eo
2934 4510 3075 4581 quod
3106 4527 3302 4581 corpus
3334 4515 3553 4581 periti-tle

1962 4611 2276 4660 construant
2296 4612 2457 4673 atque
2480 4615 2546 4657 ea
2567 4616 2686 4673 quae
2716 4602 2919 4673 majora
2948 4612 3075 4658 sunt
3102 4621 3117 4658 :
3151 4603 3348 4675 Corpus
3380 4608 3513 4660 enim
3533 4650 3547 4668 ,

1959 4694 2153 4764 inquit,
2181 4710 2283 4748 non
2307 4701 2380 4747 est
2400 4710 2557 4748 unum
2584 4693 2880 4762 membrum,
2905 4695 2996 4748 sed
3014 4694 3210 4762 multa;
3232 4711 3298 4751 ex
3320 4713 3385 4753 eo
3406 4701 3550 4768 quod

1960 4789 2162 4856 majora
2193 4786 2490 4842 minoribus
2519 4803 2653 4855 opus
2683 4788 2917 4843 habeant
2961 4806 2974 4839 :
3015 4786 3129 4842 Non
3162 4801 3324 4859 potest
3364 4793 3543 4858 enim,

1959 4882 2167 4953 inquit,
2207 4891 2360 4951 caput
2388 4881 2554 4935 dicere
2587 4880 2815 4949 pedibus,
2869 4879 3046 4935 Vestra
3084 4898 3237 4952 opera
3267 4900 3368 4938 non
3393 4902 3552 4957 egeo;

1957 4988 2024 5028 ex
2060 4988 2127 5027 eo
2167 4971 2309 5043 quod
2337 4971 2523 5041 majori
2554 4971 2669 5026 hinc
2706 4970 2952 5025 fruantur
2998 4970 3204 5026 honore
3231 4991 3243 5026 :
3266 4971 3336 5027 Ei
3380 4987 3551 5030 autem

1960 5064 2043 5119 cui
2070 5065 2242 5126 deest,
2277 5063 2480 5132 inquit,
2522 5062 2942 5117 abundantiorem
2979 5061 3119 5117 dedit
3145 5063 3436 5130 honorem;
3480 5084 3546 5123 ex

1957 5169 2026 5209 eo
2055 5153 2201 5225 quod
2232 5168 2574 5209 communem
2618 5162 2673 5207 et
2714 5168 2894 5222 parem
2927 5168 3113 5209 curam
3145 5154 3379 5211 habeant
3424 5175 3436 5210 :
3481 5157 3551 5213 In

1954 5248 2178 5313 id'psum
2234 5246 2379 5301 enim
2426 5255 2544 5301 sunt
2582 5246 2714 5300 inter
2752 5262 2809 5301 se
2847 5246 3061 5302 invicem
3107 5248 3330 5304 sollicita
3376 5250 3550 5304 omnia

1955 5342 2222 5398 membra:
2265 5349 2316 5395 et
2345 5355 2413 5396 ex
2446 5355 2514 5396 eo
2547 5340 2687 5412 quod
2716 5341 2787 5395 sit
2813 5356 2915 5395 una
2943 5342 3114 5412 gloria
3139 5352 3197 5399 et
3223 5359 3362 5399 unus
3391 5343 3548 5400 dolor

1955 5434 2194 5505 ipsorum
2226 5434 2509 5488 omnium:
2540 5432 2660 5488 Sive
2691 5435 2906 5500 patitur,
2945 5433 3150 5504 inquit,
3188 5452 3346 5490 unum
3383 5451 3545 5489 mem-

1951 5525 2119 5593 brum,
2167 5527 2550 5598 compatiuntur
2572 5525 2747 5581 omnia
2775 5526 3000 5581 membra
3020 5542 3044 5591 ;
3086 5529 3192 5583 sive
3229 5528 3548 5599 gloriﬁcatur

1952 5636 2111 5674 unum
2139 5623 2437 5686 membrum,
2464 5621 2785 5692 congaudent
2812 5620 2988 5674 omnia
3010 5620 3253 5676 membra.
3281 5621 3547 5690 Superius

1951 5714 2110 5785 igitur
2139 5730 2230 5782 per
2258 5712 2373 5768 haec
2411 5713 2725 5769 consolatus
2749 5722 2833 5768 est
2860 5728 2876 5775 ;
2910 5711 3001 5767 hic
3028 5722 3211 5768 autem
3239 5712 3542 5768 vehemen.

1953 5817 2030 5863 ter
2059 5815 2115 5863 ct
2143 5805 2470 5875 increpantis
2514 5819 2665 5862 more
2705 5803 2871 5860 verbo
2898 5802 3089 5860 utitur.
3126 5802 3282 5867 Nam,
3312 5812 3368 5859 ut
3398 5801 3532 5868 doti,
