3962 6460
501 318 608 378 267

504 451 684 509 neque
711 450 926 505 semper
952 433 1259 499 consolari,
1289 446 1465 501 neque
1493 446 1707 501 semper
1729 444 1792 486 os
1815 430 2094 495 obstruere

505 537 744 600 oportet.
784 528 912 584 Ideo
960 537 1013 583 ct
1060 528 1196 596 ipse,
1243 525 1367 595 quia
1396 523 1580 579 multis
1625 522 1745 577 illus
1787 520 2095 577 consolatus

512 628 665 689 erat,
697 620 1051 677 vehementer
1078 617 1334 685 deinceps
1364 614 1485 670 illos
1520 615 1832 678 insectatur,
1867 613 2091 667 dicens:

506 713 599 768 9.9.
636 712 907 783 Numquid
932 727 1103 771 omnes
1130 708 1386 779 apostoli?
1415 707 1661 778 numquid
1689 722 1864 761 omnes
1886 704 2097 774 pt'Op/te-

507 806 614 861 tm?
658 803 903 872 numquid
931 819 1100 857 omnes
1126 801 1344 872 gratiam
1374 799 1558 853 habent
1588 796 1949 852 curationum?
1993 795 2097 851 Nc-

506 912 612 968 qnc
652 895 901 951 consistit
932 894 985 949 in
1016 894 1188 964 primo
1217 892 1300 947 vel
1333 890 1569 947 secundo
1598 889 1955 955 charismate,
1999 885 2095 943 sed

507 986 681 1059 pergit
710 1001 878 1057 usque
902 986 967 1040 ad
998 995 1303 1056 postrema;
1333 993 1426 1038 aut
1456 982 1559 1038 hoc
1585 982 1768 1040 dicens
1788 1023 1803 1045 ,
1829 980 1943 1036 Non
1976 994 2097 1050 pos-

506 1088 633 1133 sunt
674 1092 863 1133 onmes
891 1091 1013 1133 esse
1046 1075 1266 1141 omnia;
1293 1073 1742 1144 quemadmodum
1774 1073 1883 1128 illic
1921 1070 2052 1127 dicit
2080 1090 2096 1126 :

507 1171 569 1227 Si
592 1170 766 1224 munia
790 1177 952 1227 essent
979 1184 1137 1223 unum
1160 1166 1460 1231 membrum,
1485 1164 1571 1218 ubi
1591 1180 1776 1234 corpus
1793 1164 1819 1218 ?
1846 1163 1929 1217 vel
1954 1159 2098 1216 aliud

505 1262 778 1335 quidpiam
802 1261 928 1335 hinc
951 1270 1133 1329 postea
1162 1274 1429 1332 apparans
1467 1258 1532 1311 ad
1560 1256 1946 1312 consolationis
1975 1270 2099 1309 ver-

505 1358 654 1427 bum.
693 1356 863 1425 Quale
879 1354 1048 1409 illud?
1082 1353 1234 1429 Quod
1272 1351 1517 1408 ostendat
1544 1350 1613 1407 de
1639 1350 1937 1405 minoribus
1966 1363 2095 1419 per-

508 1450 633 1509 inde
679 1459 839 1519 atque
868 1446 937 1502 de
965 1446 1256 1515 majoribus
1311 1442 1598 1507 contendi,
1644 1456 1711 1498 eo
1741 1441 1886 1512 quod
1928 1455 2103 1512 neque

508 1542 627 1598 hme
652 1540 910 1596 omnibus
937 1537 1061 1593 data
1086 1538 1302 1592 fuerint.
1334 1535 1472 1604 Quid
1500 1535 1667 1601 enim,
1699 1533 1888 1604 inquit,
1922 1530 2098 1598 doles,

507 1634 650 1705 ιμιυὰ
678 1651 784 1691 non
814 1633 1013 1688 habeas
1038 1631 1264 1703 gratiam
1285 1628 1660 1685 curationum?
1683 1628 1856 1699 cogita
1882 1626 1934 1693 id
1959 1624 2102 1698 quod

515 1741 573 1783 tu
624 1728 811 1793 habes,
859 1725 1067 1783 etiamsi
1110 1725 1181 1780 sit
1209 1724 1405 1790 minus,
1439 1738 1582 1793 saepe
1612 1739 1716 1777 non
1750 1722 1951 1777 habere
1978 1736 2101 1777 eum

510 1821 603 1890 qui
636 1821 811 1890 majus
848 1819 1121 1890 quidpiam
1168 1815 1349 1872 habet.
1401 1814 1525 1873 ldeo
1568 1815 1644 1869 ait
1673 1830 1688 1869 :
1718 1813 1808 1869 30.
1839 1810 2105 1884 Numquid

510 1929 685 1970 omnes
712 1911 900 1984 linguis
931 1908 1244 1981 loquuntur?
1286 1906 1536 1978 numquid
1560 1921 1734 1961 omnes
1763 1906 2103 1976 interpretan-

516 2005 640 2060 tur‘.’
663 2002 1127 2071 Quemadmodum
1158 2001 1301 2067 enim
1325 2014 1517 2070 magna
1548 2013 1654 2054 non
1676 1997 1927 2053 omnibus
1958 1995 2105 2053 dedit

522 2098 695 2165 Deus,
725 2094 819 2153 sed
848 2093 968 2161 aliis
993 2092 1130 2157 hoc,
1157 2092 1277 2148 aliis
1306 2091 1433 2147 illud
1466 2109 1481 2148 :
1510 2091 1589 2146 sic
1622 2099 1678 2146 et
1715 2090 1768 2145 in
1809 2088 2106 2144 minoribus

515 2190 665 2257 fecit,
696 2204 817 2260 qua:
847 2201 949 2243 nec
974 2185 1224 2242 omnibus
1252 2182 1549 2254 proposuit.
1582 2181 1715 2238 Illud
1752 2191 1932 2237 autem
1957 2180 2103 2246 fecit,

514 2282 737 2339 multam
767 2279 892 2339 inde
917 2276 1259 2343 concordiam
1292 2285 1344 2331 et
1380 2274 1661 2341 caritatem
1691 2271 1997 2339 acdiflcans,
2047 2282 2107 2331 ut

515 2374 885 2446 unusquisque
914 2371 1160 2443 proximo
1186 2383 1323 2440 opus
1353 2367 1580 2431 habens,
1625 2382 1745 2421 eum
1776 2365 1941 2421 fratre
1976 2378 2104 2425 con-

513 2476 787 2541 gregetur.
816 2465 933 2529 Hoc
970 2465 1025 2523 in
1050 2463 1259 2524 artibus
1289 2476 1507 2532 quoque
1532 2459 1884 2530 dispensavit,
1930 2457 2107 2512 hocin

516 2556 819 2623 elementis,
852 2555 956 2613 hoc
983 2554 1036 2616 in
1062 2553 1261 2625 plantis
1288 2559 1343 2609 et
1371 2553 1427 2613 in
1451 2551 1713 2619 membris
1737 2550 1936 2606 nostris
1960 2556 2014 2606 et
2055 2549 2108 2603 in

516 2650 790 2711 omnibus.

589 2743 644 2797 5.
684 2739 892 2804 Deinde
912 2736 1422 2810 opportunissimam
1443 2734 1628 2807 adjicit
1645 2732 2072 2792 consolationem
2092 2774 2107 2797 .

517 2848 641 2904 qua:
650 2831 819 2903 possit
834 2844 1078 2892 recreare
1098 2844 1162 2891 ac
1181 2827 1372 2889 sedare
1388 2827 1661 2883 dolentem
1682 2826 1936 2881 animam.
1950 2824 2112 2893 Qum-

521 2940 646 2982 nam
662 2925 753 2987 illa
776 2924 901 2985 esti.
926 2924 1018 2981 3|.
1051 2920 1419 2986 Eutulantini,
1442 2919 1637 2990 inquit,
1665 2918 1976 2973 charismata
2010 2933 2115 2971 mc-

521 3018 673 3073 liora.
696 3014 762 3071 Et
778 3015 946 3081 adhuc
957 3012 1360 3072 excellentiam
1374 3011 1512 3065 vobis
1524 3010 1659 3066 viam
1676 3009 1984 3063 demonstro.
2003 3007 2116 3063 Hoc

521 3120 700 3166 autem
730 3108 918 3166 dicens
953 3104 1313 3169 subindicavit
1340 3102 1461 3158 illos
1501 3102 1553 3156 in
1591 3115 1753 3158 causa
1782 3100 1950 3156 fuisse
1972 3099 2117 3170 quod

522 3204 731 3261 minora
753 3199 1082 3269 acceperint,
1120 3207 1176 3251 et
1202 3210 1367 3265 penes
1395 3194 1515 3251 illos
1539 3208 1680 3257 esse,
1711 3193 1756 3248 si
1787 3192 1974 3259 velint,
2006 3205 2119 3247 ma-

518 3295 640 3367 jora
678 3293 945 3361 accipere.
979 3288 1113 3347 Cum
1141 3289 1284 3343 enim
1315 3287 1466 3352 dicit,
1496 3284 1866 3352 JEmulamini,
1914 3286 1982 3340 ab
2012 3284 2119 3340 illis

523 3384 759 3443 studium
808 3382 977 3452 exigit
1019 3389 1075 3437 et
1103 3378 1433 3439 desiderium
1473 3379 1618 3432 circa
1661 3390 1748 3432 res
1790 3376 2113 3447 spirituales.

524 3477 708 3549 Neque
733 3475 887 3541 dixit,
930 3473 1151 3543 Majora,
1197 3469 1316 3537 sed,
1350 3468 1605 3535 Meliora;
1635 3469 1688 3524 id
1729 3479 1834 3536 est,
1882 3469 2115 3535 utiliora,

523 3585 646 3640 qua:
671 3566 972 3630 conferant.
1008 3565 1122 3624 lloc
1167 3572 1347 3619 autem
1378 3561 1495 3616 vult
1533 3560 1880 3631 signiﬁcare:
1913 3560 2121 3616 Manete

523 3662 846 3725 charismata
874 3658 1267 3723 desiderantes,
1299 3663 1355 3712 et
1388 3653 1613 3710 ostendo
1642 3654 1798 3711 vobis
1823 3654 2121 3710 charisma-

526 3766 640 3812 tum
670 3755 832 3809 viam.
860 3751 981 3810 Non
1008 3751 1152 3807 enim
1181 3748 1339 3816 dixit,
1377 3747 1679 3814 Charisma,
1706 3749 1824 3814 sed,
1864 3746 2032 3814 Viam,
2066 3755 2124 3802 ut

526 3852 699 3924 magis
747 3849 974 3905 extollat
1018 3846 1070 3902 id
1115 3845 1258 3916 quod
1311 3851 1397 3900 est
1436 3843 1696 3899 dicturus.
1730 3842 1923 3917 Neque
1975 3842 2120 3897 enim

528 3960 694 4001 unum
724 3943 808 3999 vel
833 3941 941 3998 duo
968 3940 1053 3995 vel
1082 3940 1180 3994 tria
1210 3937 1534 3994 charismata
1561 3935 1791 3993 ostendo
1820 3937 1995 4004 vobis,
2026 3935 2122 3991 sed

528 4037 671 4093 viam
728 4050 888 4091 unam
939 4032 1008 4089 ad
1053 4031 1173 4087 haec
1218 4030 1399 4086 omnia
1445 4028 1767 4095 ducentem;
1821 4043 1922 4086 nec
1963 4028 2124 4084 modo

528 4129 695 4196 viam,
723 4124 817 4182 sed
844 4124 1004 4179 etiam
1025 4136 1148 4179 cum
1170 4119 1490 4194 hyperbole,
1516 4129 1572 4177 et
1596 4119 1846 4177 omnibus
1871 4136 1972 4176 una
1996 4136 2123 4191 pro-

528 4218 780 4290 positam.
809 4213 926 4271 Nou
956 4213 1096 4269 sicut
1124 4212 1448 4269 charismata
1472 4211 1555 4266 his
1574 4210 1712 4280 lucc,
1741 4210 1864 4266 aliis
1893 4211 2005 4280 illa,
2028 4211 2124 4267 sed

531 4326 641 4366 non
670 4307 851 4364 omnia
878 4304 1130 4364 omnibus
1149 4304 1381 4369 dantur;
1421 4304 1495 4362 ita
1519 4310 1573 4360 et
1603 4302 1737 4370 hoc;
1769 4301 1866 4359 sed
1903 4302 2123 4359 univer-

536 4402 655 4461 sale
679 4401 883 4459 donum
911 4408 1016 4457 est.
1051 4398 1284 4466 ideoque
1324 4411 1513 4454 omnes
1541 4395 1609 4451 ad
1638 4396 1743 4452 hoc
1769 4405 1926 4452 vocat
1956 4414 1969 4450 :
2001 4412 2124 4451 nam

529 4497 627 4561 ait,
658 4491 1006 4550 Emulamiui
1037 4490 1345 4546 charismata
1373 4488 1588 4544 meliora
1617 4503 1637 4543 :
1661 4497 1711 4542 et
1734 4487 1905 4541 adhuc
1942 4488 2126 4543 excel-

531 4588 797 4644 lentiorem
818 4587 957 4641 uiam
980 4582 1118 4639 nobis
1137 4582 1427 4654 demonstro
1447 4595 1471 4653 ;_
1492 4580 1770 4652 caritatem
1797 4580 1984 4637 dicens
2000 4596 2125 4653 erga

532 4678 858 4751 proximum.
886 4675 1097 4733 Deinde
1124 4688 1428 4731 sermonem
1454 4672 1524 4729 de
1564 4672 1654 4728 illa
1692 4687 2046 4744 aggressurus
2072 4683 2129 4730 et

533 4771 840 4830 encomium
884 4768 1044 4839 hujus
1074 4767 1332 4836 prmclaro
1383 4765 1530 4833 lacti,
1563 4766 1795 4836 primum
1825 4767 1959 4823 facta
2002 4783 2123 4823 cum

533 4864 628 4921 illa
657 4861 1216 4933 comparatione,hsec
1230 4857 1299 4915 de
1342 4857 1524 4913 medio
1560 4857 1719 4923 tollit,
1746 4859 2037 4921 ostendens
2062 4875 2125 4915 ea

536 4956 672 5014 nihil
705 4968 829 5012 esse
856 4955 974 5010 sine
1001 4953 1114 5020 illa,
1145 4950 1547 5021 admodumque
1579 4949 1889 5020 prudenter.
1919 4950 2055 5006 Nam
2082 4952 2127 5006 si

535 5051 719 5110 statim
753 5046 823 5104 de
858 5045 1083 5103 caritate
1106 5045 1472 5109 disseruisset,
1501 5054 1558 5100 et
1582 5054 1868 5115 postquam
1893 5044 2125 5110 dixerat,

545 5139 699 5195 Viam
723 5139 863 5195 uobis
889 5138 1201 5203 demonstro,
1241 5135 1634 5205 subjunxisset,
1670 5133 1799 5190 Hac
1828 5144 2009 5191 autem
2046 5145 2129 5190 est

532 5237 750 5297 (raritas,
798 5238 853 5286 et
890 5245 998 5285 non
1025 5244 1121 5299 per
1162 5227 1630 5297 comparationem
1670 5227 1969 5283 orationem
2001 5242 2126 5297 proe-

533 5325 812 5387 duxisset;
834 5322 1039 5380 dictum
1056 5319 1273 5391 quidam
1303 5317 1752 5389 subsannassent,
1779 5318 1860 5374 rei
1883 5320 1986 5374 vim
2018 5334 2124 5375 non

533 5420 684 5476 clare
718 5418 977 5481 scientes,
1000 5414 1096 5484 sed
1125 5413 1300 5471 adhuc
1325 5411 1393 5467 ad
1422 5411 1538 5468 haec
1567 5410 1851 5468 inhiantes.
1876 5412 2124 5484 Quapro-

537 5523 657 5586 pter
685 5525 792 5567 non
816 5507 998 5565 statim
1026 5505 1173 5565 illam
1214 5503 1451 5568 revelat;
1493 5502 1597 5561 sed
1614 5518 1739 5560 cum
1764 5505 1942 5574 primo
1968 5504 2127 5561 audi.

539 5610 673 5662 toris
697 5608 940 5661 animum
968 5614 1064 5671 per
1088 5596 1502 5669 promissionem
1528 5596 1832 5665 extulisset,
1870 5613 1934 5655 ac
1960 5597 2130 5655 dixisr

539 5704 644 5762 set,
671 5690 1095 5750 Excellentiorem
1117 5687 1252 5743 viam
1277 5688 1417 5743 vobis
1434 5686 1748 5755 demonstro,
1770 5688 1899 5745 etin
1923 5690 2128 5748 deside-

540 5783 675 5842 rium
695 5786 993 5849 induxisset
1012 5800 1028 5850 ;
1054 5796 1226 5853 neque
1250 5779 1329 5837 sic
1348 5778 1531 5836 statim
1555 5779 1610 5835 in
1639 5779 1782 5837 illam
1798 5779 2121 5854 ingreditur,

1278 316 1334 372 S.
1373 314 1652 372 JOANNIS
1689 308 2166 371 CllllYSl)STO.\ll
2204 312 2524 385 ARClllEP.
2564 313 3096 372 CONSTANTINOP.

3673 328 3766 386 268

2196 427 2294 493 sed
2316 445 2514 501 augens
2532 431 2712 489 adhuc
2728 432 3056 489 desiderium
3082 432 3234 501 illud,
3263 434 3333 492 de
3355 435 3442 493 his
3463 438 3593 508 ipsis
3612 444 3770 511 primo

2194 521 2434 588 disserit,
2464 533 2519 587 et
2539 526 2794 594 ostendit,
2825 526 2870 581 si
2915 526 3002 582 illa
3029 541 3136 582 non
3161 528 3251 594 sit,
3280 544 3344 585 ea
3373 530 3507 585 nihil
3535 548 3680 601 esse;
3723 541 3769 592 in

2199 614 2489 674 maximam
2522 614 2644 670 illos
2674 617 3052 683 necessitatem
3082 617 3339 676 inducens
3365 637 3427 676 se
3450 635 3635 680 mutuo
3659 626 3771 681 dili-

2196 706 2378 775 gendi,
2403 707 2654 777 quoniam
2675 724 2742 763 ex
2766 723 2833 765 eo
2849 709 2992 778 quod
3014 710 3106 764 illa
3132 711 3374 781 neglecta
3397 711 3606 782 fuisset,
3628 730 3773 772 emiss

2199 797 2324 853 hinc
2368 799 2605 854 omnium
2652 802 2913 855 malorum
2957 811 3095 856 erat.
3131 802 3497 870 Quamobrem
3535 807 3616 861 vel
3662 808 3775 863 inde

2199 891 2392 945 merito
2435 905 2626 961 magna
2658 891 2745 946 illa
2791 903 3082 963 appareat;
3130 894 3175 949 si
3205 894 3424 964 quidem
3467 895 3773 959 charismata

2199 996 2307 1036 non
2337 982 2496 1038 modo
2516 982 2635 1039 illos
2662 999 2767 1045 non
2797 985 3151 1041 conciliarunt
3177 995 3232 1042 et
3259 1000 3673 1059 congregarunt,
3692 994 3772 1049 sed

2199 1074 2360 1128 etiam
2391 1075 2708 1145 conjunctos
2732 1088 3053 1147 separarent
3077 1093 3092 1132 :
3116 1077 3236 1134 haec
3259 1095 3392 1134 vero
3418 1080 3562 1145 illos,
3586 1083 3673 1151 qui
3693 1098 3779 1153 per

2201 1165 2520 1222 charismata
2558 1168 2810 1240 disjuncti
2839 1168 3074 1239 fuerant,
3118 1186 3214 1240 per
3248 1172 3488 1242 seipsam
3533 1175 3773 1228 concilia-

2203 1267 2319 1314 tura
2346 1270 2400 1314 ct
2421 1275 2581 1316 unum
2603 1275 2800 1333 corpus
2821 1260 3081 1318 effectura
3103 1271 3204 1317 est.
3233 1262 3339 1318 Sed
3363 1279 3471 1318 non
3494 1266 3668 1319 statim
3689 1265 3775 1320 hoc

2201 1348 2350 1414 dicit,
2395 1366 2583 1407 verum
2629 1353 2773 1422 quod
2821 1354 3056 1425 maxime
3104 1354 3184 1408 illi
3229 1353 3634 1422 desiderabant,
3688 1354 3775 1411 hoc

2204 1442 2388 1511 ponit;
2422 1457 2616 1513 uetnpe
2641 1442 2783 1514 quod
2814 1459 2902 1499 res
2932 1444 3047 1515 ipsa
3076 1445 3347 1500 charisma
3377 1447 3469 1513 sit,
3498 1456 3553 1500 et
3585 1447 3647 1500 ad
3668 1447 3777 1502 cha-

2204 1532 2419 1587 rismata
2446 1534 2624 1588 omnia
2656 1533 2740 1589 via
2768 1533 3060 1591 excellens.
3082 1534 3429 1606 Quapropter
3452 1536 3658 1592 etiamsi
3684 1552 3775 1592 non

2203 1638 2270 1678 eo
2298 1623 2441 1696 quod
2481 1624 2703 1691 debeas,
2743 1626 2880 1681 velis
2908 1624 3126 1682 fratrem
3158 1627 3406 1697 diligere,
3457 1643 3527 1682 ex
3568 1642 3633 1682 eo
3655 1627 3777 1697 quod

2204 1715 2377 1786 majus
2405 1716 2640 1788 accipias
2688 1718 2901 1789 signum
2941 1728 2997 1774 et
3026 1720 3306 1789 copiosum
3340 1719 3631 1787 charisma,
3659 1720 3777 1775 cari-

2207 1814 2369 1862 tatem
2390 1808 2625 1876 suscipe.
2653 1807 2722 1863 Et
2744 1808 2865 1863 vide
2891 1809 3159 1866 undenam
3186 1810 3413 1880 incipiat
3439 1827 3454 1866 :
3480 1812 3700 1881 primum
3721 1811 3777 1864 ah

2205 1913 2272 1954 eo
2300 1900 2442 1970 quod
2490 1901 2734 1958 mirabile
2767 1902 3053 1959 videbatur
3090 1913 3145 1958 et
3187 1918 3447 1974 magnum
3492 1904 3630 1975 apud
3673 1906 3776 1960 illos

2205 2006 2348 2059 esse,
2388 2007 2419 2047 a
2446 1991 2642 2064 linguis
2682 2003 3000 2065 nempe:et
3041 1994 3309 2050 charisma
3344 1995 3399 2050 in
3446 1996 3673 2051 medium
3698 1995 3779 2049 ad-

2206 2083 2429 2151 ducens,
2458 2102 2564 2140 non
2606 2096 2812 2142 tantum
2851 2088 2982 2144 illud
3012 2089 3189 2158 posuit
3214 2098 3479 2157 quantum
3510 2090 3605 2159 ipsi
3637 2088 3778 2143 habe-

2207 2175 2357 2244 bant,
2390 2178 2485 2234 sed
2520 2179 2677 2249 longe
2703 2180 2897 2250 majus.
2945 2180 3130 2252 Neque
3157 2181 3305 2236 enim
3335 2182 3496 2246 dixit,
3527 2182 3584 2237 Si
3610 2183 3776 2252 linguis

2208 2270 2420 2342 loquar,
2452 2271 2546 2328 sed
2570 2314 2588 2340 ,
2621 2272 2772 2345 (Cap.
2803 2274 2894 2341 l5)
2923 2274 2975 2330 ί.
3002 2273 3064 2328 Si
3091 2274 3279 2344 linguis
3306 2274 3571 2329 hominum
3599 2274 3773 2344 loquar.

2208 2364 2346 2432 Quid
2377 2366 2641 2436 signiﬁcat
2670 2368 2824 2435 illud,
2857 2367 3181 2425 Hominum!
3209 2367 3468 2425 Omnium
3497 2370 3591 2439 per
3615 2369 3774 2424 orbem

2208 2459 2467 2528 gentium.
2500 2458 2686 2530 Neque
2710 2469 2888 2516 tamen
2918 2462 3019 2516 hac
3047 2461 3345 2532 hyperbole
3372 2470 3653 2518 contentus
3676 2461 3773 2526 fuit,

2210 2551 2305 2606 sed
2335 2550 2496 2606 aliam
2524 2551 2683 2623 longe
2732 2553 2994 2624 majorem
3027 2554 3200 2624 ponit,
3251 2556 3587 2626 subjungeus
3629 2571 3688 2610 ac
3711 2555 3776 2609 di-

2211 2656 2363 2709 cens,
2415 2642 2483 2697 Et
2529 2644 2849 2713 angelorum,
2893 2648 3160 2702 caritatem
3210 2657 3383 2702 autem
3428 2664 3529 2702 non
3574 2645 3773 2706 habeam.

2213 2741 2379 2810 factus
2415 2752 2528 2791 sum
2562 2753 2632 2793 aes
2665 2753 2855 2798 sonans
2893 2747 2983 2795 aut
3016 2740 3304 2810 cymbalum
3348 2740 3585 2795 tiuniens.
3619 2737 3775 2792 Viden‘

2213 2843 2445 2898 quonam
2474 2844 2644 2899 usque
2669 2829 2869 2885 elatum
2899 2830 3193 2898 charisma,
3230 2846 3471 2901 quonam
3502 2845 3661 2900 usque
3695 2827 3775 2882 de-

2216 2921 2425 2977 miserit
2450 2924 2621 2990 ipsum
2644 2930 2700 2976 et
2723 2920 3056 2992 projecerit?
3080 2919 3270 2992 Neque
3289 2923 3440 2979 enim
3459 2922 3626 2978 solum
3644 2919 3773 2983 dixit,

2215 3011 2357 3067 Nihil
2377 3027 2517 3079 sum,
2546 3013 2643 3068 sed
2665 3010 2857 3068 Factus
2881 3030 2994 3074 sum
3017 3028 3089 3069 (es
3109 3030 3321 3082 sonans,
3346 3012 3651 3071 insensibile
3673 3007 3775 3078 quid

2217 3113 2273 3160 et
2300 3104 2668 3161 inanimatum.
2701 3104 2985 3173 Quomodo
3009 3114 3189 3161 autem
3235 3122 3312 3163 ωε
3343 3104 3585 3162 sonans?
3609 3102 3775 3158 Vocem

2215 3195 2436 3267 quidem
2478 3197 2753 3262 eminens,
2797 3197 2892 3253 sed
2921 3199 3116 3257 frustra
3156 3209 3210 3255 et
3236 3208 3465 3263 temere,
3509 3196 3572 3253 ad
3603 3195 3776 3251 nullum

2218 3304 2394 3345 usum.
2424 3289 2788 3361 Praeterquam
2832 3291 2975 3349 enim
3006 3288 3151 3360 quod
3196 3291 3331 3347 nihil
3360 3290 3593 3361 perﬁcio,
3636 3285 3778 3342 mole-

2218 3381 2378 3436 stiam
2405 3396 2596 3437 creare
2623 3382 2809 3443 videor
2854 3393 2908 3441 et
2938 3383 3202 3442 molestus
3244 3399 3370 3441 esse
3398 3384 3593 3438 multis.
3625 3378 3777 3436 Viden'

2220 3475 2490 3545 quomodo
2511 3476 2557 3531 is
2582 3476 2673 3547 qui
2704 3476 2947 3532 caritatis
2966 3491 3161 3547 expers
3180 3487 3286 3545 est,
3318 3477 3616 3533 inanimatis
3638 3482 3688 3529 et
3709 3472 3775 3526 in-

2222 3569 2515 3625 sensilibus
2540 3571 2611 3625 sit
2630 3570 2860 3626 similis?
2885 3570 3148 3642 Linguam
3177 3582 3361 3629 autem
3392 3574 3686 3644 angelorum
3708 3565 3775 3621 hic

2221 3660 2373 3728 dicit,
2407 3675 2515 3715 non
2543 3676 2741 3731 corpus
2779 3663 2988 3732 angelis
3025 3663 3290 3733 tribuens,
3336 3664 3433 3720 sed
3463 3666 3562 3720 hoc
3582 3660 3682 3716 vult
3712 3659 3772 3713 si-

2222 3753 2478 3823 gniﬁcare
2507 3770 2521 3807 :
2553 3753 2779 3809 Etiamsi
2819 3754 2892 3808 ita
2921 3754 3129 3825 loquar,
3165 3765 3227 3811 ut
3255 3757 3435 3828 angeli
3475 3755 3642 3810 solent
3664 3753 3775 3807 inter

2225 3861 2286 3902 se
2306 3846 2563 3916 colloqui,
2594 3846 2712 3902 sine
2741 3847 2966 3902 caritate
2987 3846 3120 3902 nihil
3150 3863 3270 3904 sum
3296 3864 3313 3914 ;
3347 3849 3457 3904 imo
3482 3857 3716 3901 onerosus
3732 3848 3774 3893 et

2225 3938 2504 3995 molestus.
2541 3937 2630 3994 Sic
2656 3938 2801 3994 enim
2829 3937 2954 3993 alibi
2985 3952 3198 4008 quoque
3225 3953 3351 3993 cum
3378 3938 3510 3994 dicit
3533 3955 3546 3992 :
3572 3934 3672 4005 Ipsi
3696 3931 3771 4000 [le-

2225 4040 2389 4086 ctetur
2414 4047 2560 4085 omne
2588 4048 2717 4103 genu
2745 4031 3043 4099 cwlestium,
3072 4032 3389 4086 terrestrium
3421 4040 3468 4086 et
3503 4031 3772 4098 infernarum

2230 4120 2491 4192 (Philipp.
2516 4121 2573 4186 Ξ,
2592 4121 2681 4192 ill)
2701 4138 2718 4187 ;
2751 4135 2861 4177 non
2884 4137 3059 4193 genua
3085 4131 3141 4178 et
3160 4137 3285 4178 ossa
3301 4122 3508 4193 angelis
3521 4118 3771 4174 attribuens

2228 4213 2347 4269 haec
2375 4215 2539 4280 dicit;
2559 4213 2734 4280 absit;
2767 4214 2863 4271 sed
2890 4224 2945 4270 et
2968 4218 3233 4271 intonsam
3257 4224 3314 4271 et
3335 4213 3585 4286 grandem
3611 4208 3771 4263 adora-

2229 4306 2432 4361 tioncm
2460 4322 2555 4377 per
2579 4307 2732 4362 illum
2760 4321 2868 4379 quo
2911 4307 3052 4378 apud
3093 4322 3195 4363 nos
3226 4308 3287 4363 fit
3312 4308 3529 4363 modum
3569 4296 3768 4360 subindi-

2229 4412 2358 4454 care
2386 4399 2516 4454 vult.
2549 4400 2639 4459 Sic
2663 4408 2720 4454 et
2747 4400 2850 4454 hoc
2876 4399 2994 4454 loco
3036 4400 3271 4468 linguam
3304 4399 3530 4463 vocavit,
3562 4409 3655 4449 non
3675 4401 3769 4443 car-

2230 4491 2316 4546 nis
2344 4506 2603 4562 organum
2630 4492 2961 4563 signiiicans,
3004 4491 3100 4547 sed
3128 4491 3344 4547 illorum
3373 4501 3609 4545 mutuum
3636 4479 3768 4537 collo-

2230 4592 2413 4662 quium
2438 4595 2571 4642 noto.
2586 4586 2726 4657 apud
2752 4600 2851 4641 nos
2873 4584 3034 4640 modo
3058 4583 3384 4640 adumbrare
3409 4579 3586 4638 voluit.
3609 4567 3767 4631 Deinde

2231 4692 2291 4737 ut
2314 4679 2583 4751 acceptior
2614 4677 2707 4734 fiat
2752 4677 2945 4742 oratio,
2989 4692 3098 4732 non
3135 4676 3203 4731 ad
3233 4677 3438 4748 linguas
3482 4682 3638 4742 usque
3671 4675 3763 4751 cur

2231 4772 2395 4835 sistit,
2423 4748 2525 4829 sed
2544 4771 2611 4831 ad
2635 4770 2844 4842 reliqua
2874 4769 3049 4841 pergit
3067 4767 3415 4832 charismata,
3444 4748 3755 4828 omniaquesi

2233 4865 2324 4921 illa
2354 4863 2514 4927 absit,
2545 4862 2827 4933 dejiciens,
2857 4870 2987 4917 tunc
3010 4861 3127 4931 ejus
3155 4859 3395 4931 depingit
3422 4855 3682 4926 imaginem
3703 4848 3763 4897 :el

2231 4956 2491 5027 quoniam
2537 4954 2873 5023 ampliﬁcare
2916 4952 3030 5008 vult
3081 4953 3403 5017 orationem,
3448 4964 3479 5003 a
3517 4935 3763 5027 minoribus

2233 5023 2514 5118 incipiens,
2557 5046 2627 5103 ad
2667 5046 2868 5116 majora
2918 5044 3181 5102 ascendit.
3212 5044 3366 5112 Quod
3408 5040 3565 5103 enim,
3594 5023 3763 5104 quando

2231 5154 2421 5197 eorum
2453 5139 2707 5211 indicavit
2732 5137 3000 5203 ordinem,
3031 5146 3373 5209 postremum
3391 5131 3575 5204 posuit,
3611 5128 3762 5184 uemi’e

2231 5230 2435 5289 donum
2463 5231 2788 5300 linguarum,
2817 5229 2923 5285 hoc
2949 5244 3092 5284 nunc
3118 5229 3347 5298 primum
3389 5226 3638 5280 numeral.
3663 5220 3763 5300 Ρ³¹ξ⁸

2235 5322 2407 5391 latim,
2451 5332 2509 5377 ut
2542 5294 2689 5385 vdixi,
2722 5320 2795 5379 ad
2823 5321 3030 5390 majora
3075 5294 3391 5377 ascendens.
3420 5314 3543 5369 Nam
3584 5294 3760 5398 camille

2232 5414 2430 5486 linguis
2452 5413 2698 5481 dixisset,
2726 5398 2797 5471 ad
2826 5413 3163 5483 prophetiam
3194 5426 3314 5469 mox
3347 5404 3545 5467 transit,
3588 5405 3634 5451 et
3667 5396 3751 5443 ait:

2231 5506 2287 5562 2ο
2322 5505 2391 5561 E‘
2432 5508 2483 5565 δίε
2507 5505 2729 5567 ηειδΜο
2761 5504 3120 5577 prophetiam;
3166 5514 3223 5561 et
3259 5503 3397 5561 hanc
3432 5501 3627 5551 rursum
3663 5487 3755 5577 ευιιξ

2235 5565 2567 5673 hyperbole.
2596 5565 2942 5658 smmi...
2994 5597 3065 5654 ibi
3094 5565 3302 5668 linguas
3345 5605 3451 5650 non
3476 5577 3648 5656 possit.
3682 5565 3755 5673 5f"

2234 5666 2512 5749 hominum
2538 5689 2791 5747 omnium,
2809 5688 3040 5758 linguas,
3063 5696 3119 5742 et
3144 5666 3452 5758 progressus
3469 5672 3610 5728 ⁸⁸⁵³³³
3626 5666 3754 5758 “ire?

2235 5784 2433 5853 lorum,
2460 5793 2516 5841 et
2547 5794 2674 5841 tunc
2698 5756 2933 5842 ostendit
2960 5781 3065 5841 hoc
3088 5756 3352 5843 charisma
3390 5766 3513 5835 nihil
3534 5771 3637 5819 esse
3660 5756 3750 5807 ⁸⁸⁸³⁸
