3962 6442
292 330 383 385 267

282 442 453 513 μέλη·
469 444 592 496 εἴτε
613 442 914 510 δοξάζεται
929 443 1000 499 ἐν
1012 444 1221 513 μέλος,
1240 440 1554 512 συγχαίρει
1578 438 1777 493 πάντα
1790 436 1862 491 τὰ

282 523 452 593 μέλη.
503 525 789 598 Ἀνωτέρω
833 527 932 597 μὲν
963 522 1055 581 οὖν
1094 524 1443 598 παρεκάλεσε
1481 522 1570 577 διά
1613 520 1859 576 τούτων·

289 606 516 662 ἐνταῦθα
542 608 601 661 δέ
627 611 1008 681 καταφορικῶς
1036 610 1130 663 καὶ
1158 605 1562 678 ἐπιτιμητικῶς
1596 605 1863 676 κέχρηται

286 690 359 762 τῷ
379 691 525 761 λόγῳ
550 691 757 746 λοιπόν.
792 694 971 764 Ὅπερ
1001 692 1109 763 γάρ
1143 691 1304 761 ἔφην,
1332 687 1457 745 οὔτε
1490 689 1579 743 ἀεὶ
1608 705 1864 758 παρακα-

285 776 412 837 λεῖν,
437 776 562 830 οὔτε
590 775 964 844 ἐπιστομίζειν
990 776 1077 829 ἀεὶ
1102 776 1228 846 χρή.
1256 773 1355 828 Διά
1376 772 1534 827 τοῦτο
1561 772 1657 826 καὶ
1679 771 1863 835 αὐτὸς,

284 859 465 931 ἐπειδὴ
497 859 584 913 διὰ
615 860 823 913 πολλῶν
847 861 1043 923 αὐτοὺς
1075 859 1443 930 παρεκάλεσε,
1478 856 1723 929 σφοδρῶς
1750 855 1865 909 λοιο

283 944 384 997 πον
412 943 744 1010 ἐπιτίθεται,
775 944 948 1013 λέγων
968 961 982 974 ·
1009 944 1107 1012 Μὴ
1130 943 1353 1009 πάντες
1377 942 1709 997 ἀπόστολοι
1732 956 1752 1005 ;
1777 938 1863 1009 μὴ

281 1027 506 1094 πάντες
527 1028 863 1097 προφῆταις
886 1028 967 1096 μὴ
991 1027 1215 1093 πάντες
1247 1028 1586 1095 χαρίσματα
1610 1022 1866 1093 ἔχουσιν

281 1110 585 1179 ίαμὰτων;
630 1111 742 1166 Καὶ
775 1113 873 1182 οὐχ
912 1112 1125 1165 ἵσταται
1167 1110 1330 1182 μέχρι
1376 1108 1471 1162 τοῦ
1507 1105 1727 1180 πρώτου
1770 1106 1865 1159 καὶ

282 1193 372 1247 τοῦ
400 1193 660 1265 δευτέρου
685 1194 1046 1266 χαρίσματος,
1080 1194 1220 1248 ἀλλά
1252 1194 1448 1264 μέχρις
1468 1191 1714 1262 ἐσχάτων
1737 1190 1866 1261 πρό-

280 1293 437 1330 εισιν·
472 1276 507 1346 ἢ
540 1276 696 1332 τοῦτο
723 1278 896 1347 λέγων
917 1320 932 1344 ,
967 1279 1053 1331 ὅτι
1084 1279 1158 1332 Οὐ
1205 1275 1432 1331 δυνατὸν
1471 1275 1679 1337 πάντας
1724 1271 1865 1327 εἶναι

281 1358 483 1413 πάντα·
520 1359 708 1433 ὥσπερ
742 1362 859 1414 ἐκεῖ
888 1377 1075 1431 φησιν,
1108 1362 1174 1415 Εἰ
1205 1356 1283 1429 ἦν
1315 1357 1386 1413 τὰ
1423 1357 1622 1411 πάντα
1659 1355 1728 1409 ἓν
1755 1356 1861 1426 μέ-

277 1445 408 1508 λος,
452 1441 573 1497 ποῦ
598 1441 663 1495 τὸ
704 1440 916 1513 σῶμα;
954 1444 987 1514 ἢ
1033 1443 1127 1496 καὶ
1154 1442 1341 1513 ἕτερόν
1381 1458 1434 1493 τι
1476 1440 1615 1511 μετά
1660 1439 1865 1492 τούτων

277 1523 714 1588 κατασκευάζων
761 1528 842 1589 εἰς
889 1526 1247 1597 παραμυθίας
1280 1524 1438 1594 λόγον
1477 1523 1661 1577 πάλιν.
1708 1524 1865 1576 Ποῖον

275 1606 337 1677 δὴ
385 1608 586 1674 τοῦτο;
623 1608 697 1662 Τὸ
743 1608 915 1675 δεῖξαι
962 1609 1056 1662 καὶ
1094 1608 1164 1663 τὰ
1216 1607 1480 1662 ἐλάττονα
1508 1604 1710 1677 ὁμοίως
1753 1607 1866 1669 τοῖς

279 1689 497 1761 μείζοσι
532 1690 886 1764 περιμάχητα
921 1692 986 1744 ἐκ
1015 1691 1109 1745 τοῦ
1139 1690 1274 1763 μηδὲ
1305 1689 1478 1744 ταῦτα
1510 1688 1699 1752 ἁπλῶς
1731 1690 1865 1742 πᾶσι

273 1773 546 1828 δεδόσθαι.
605 1774 671 1826 Τί
722 1774 853 1845 γάρ,
915 1774 1103 1845 φησὶν,
1157 1773 1374 1842 ἀλγεῖς,
1428 1773 1510 1826 ὅτι
1559 1773 1661 1826 οὐκ
1722 1771 1866 1842 ἔχεις

275 1858 601 1929 χαρίσματα
650 1859 930 1928 ἰαμάτων;
984 1858 1236 1930 ἐννόησον
1275 1859 1358 1912 ὅτι
1395 1858 1533 1928 ὅπερ
1579 1857 1725 1927 ἔχεις
1774 1857 1861 1919 σὺ,

273 1940 381 1993 κάν
422 1940 646 1994 ἔλαττον
682 1936 753 2014 ᾗ,
805 1940 1068 2005 πολλάκις
1120 1942 1149 1994 ό
1194 1940 1254 1994 τὸ
1308 1937 1496 2011 μεῖζον
1542 1939 1715 2010 ἔχων,
1764 1940 1865 1993 οὐκ

271 2020 411 2093 ἔχει.
453 2022 556 2077 Διά
583 2023 743 2078 τοῦτό
786 2042 941 2096 φησι·
989 2024 1086 2093 Μὴ
1133 2023 1359 2090 πάντες
1404 2022 1716 2092 γλώσσαις
1755 2026 1864 2076 λα-

269 2105 496 2171 λοῦσις
524 2107 612 2175 μὴ
651 2107 874 2174 πάντες
909 2107 1450 2176 διερμηνεύουσιν;
1494 2106 1709 2171 Ὥσπερ
1753 2104 1865 2176 γὰρ

269 2189 345 2243 τὰ
380 2189 598 2260 μεγάλα
640 2191 700 2243 ού
734 2192 900 2244 πᾶσιν
932 2191 1226 2261 ἐχαρίσατο
1254 2192 1282 2244 ό
1312 2190 1447 2254 Θεὸς
1489 2190 1689 2254 πάντα,
1725 2188 1865 2244 ἀλλά

269 2276 391 2337 τοῖς
433 2276 539 2344 μὲν
588 2276 769 2341 τοῦτο,
805 2278 918 2340 τοῖς
960 2275 1017 2329 δὲ
1056 2276 1254 2329 ἐκεῖνο·
1304 2276 1446 2330 οὓτω
1480 2276 1574 2329 καὶ
1618 2277 1712 2329 ἐπὶ
1755 2274 1863 2329 τῶν

267 2356 581 2411 ἐλαττόνων
659 2358 952 2429 ἐποίησεν,
1006 2358 1126 2412 οὐδὲ
1197 2358 1369 2412 ταῦτα
1426 2359 1560 2412 πᾶσι
1616 2357 1860 2428 προθείς.

281 2439 548 2510 Ἐποίησε
574 2440 631 2494 δὲ
656 2439 837 2507 τοῦτο,
872 2440 1076 2511 πολλὴν
1111 2443 1175 2494 ἐκ
1195 2440 1389 2495 τούτου
1420 2440 1519 2511 τὴν
1544 2440 1865 2512 συμφωνίαν

261 2522 370 2575 καὶ
400 2523 507 2595 τὴν
540 2522 761 2594 ἀγάπην
784 2523 1104 2596 οἰκοδομῶν,
1132 2524 1218 2578 ἵνα
1247 2524 1480 2589 ἕκαστος
1509 2523 1604 2577 τοῦ
1632 2524 1865 2595 πλησίον

258 2603 533 2675 δεόμενος
583 2606 884 2677 συνάγηται
938 2607 1077 2677 πρὸς
1120 2607 1213 2659 τὸν
1260 2607 1509 2675 ἀδελφόν.
1550 2606 1721 2659 Τοῦτο
1771 2607 1866 2658 καὶ

259 2687 327 2739 ἐν
350 2690 478 2750 ταῖς
502 2688 717 2758 τέχναις
748 2688 1091 2760 ᾠκονόμησε,
1137 2688 1302 2743 τοῦτο
1343 2690 1438 2743 καὶ
1478 2690 1536 2742 ἐν
1581 2691 1693 2751 τοῖς
1724 2705 1867 2741 στοι-

259 2771 466 2841 χείοις,
499 2771 659 2823 τοῦτο
685 2771 780 2824 καὶ
822 2773 887 2825 ἐν
910 2775 1024 2836 τοῖς
1072 2775 1262 2841 φυτοῖς
1311 2773 1406 2826 καὶ
1437 2774 1494 2827 ἐν
1537 2774 1649 2836 τοῖς
1679 2771 1866 2843 μέλεσι

256 2855 387 2916 τοῖς
420 2854 715 2924 ἡμετέροις
739 2855 835 2907 καὶ
869 2856 927 2908 ἐν
957 2859 1125 2909 πᾶσιν
1152 2855 1361 2919 ἁπλῶς.

339 2942 417 3003 γ’.
436 2931 576 2989 Εἶτα
591 2936 984 3005 ἐπάγειλοιπὺν
1000 2937 1099 3008 τὴν
1130 2937 1473 3008 κυριωτάτην
1490 2935 1866 3008 παραμυθίαν,

256 3019 366 3072 καὶ
402 3018 595 3089 ἱκανὴν
626 3019 824 3083 αὐτοὺς
853 3020 1277 3091 ἀνακτήσασθαι
1298 3021 1393 3073 καὶ
1425 3019 1736 3072 ἀναπαῦσαι
1765 3020 1866 3089 τήν

253 3101 623 3172 ὀδυνωμένην
670 3102 872 3173 ψυχήν.
922 3102 1017 3166 Τίς
1070 3103 1126 3157 δέ
1182 3102 1319 3173 αῦτη
1376 3101 1526 3167 ἐστί;
1575 3100 1865 3168 Ζηλοῦτε,

257 3185 435 3255 φησὶ,
476 3184 553 3238 τὰ
599 3186 940 3255 χαρίσματα
974 3186 1048 3240 τὰ
1078 3187 1409 3255 κρείττονα.
1457 3183 1569 3238 Καὶ
1616 3184 1705 3239 ἐτι
1738 3187 1866 3238 καθ’

259 3267 628 3336 ὑπερϐολὴν
673 3268 819 3323 ὁδὸν
865 3268 1139 3338 δείκνυμι
1189 3269 1351 3337 ὑμῖν.
1402 3266 1573 3321 Τοῦτο
1604 3267 1659 3321 δὲ
1693 3265 1867 3321 εἰπὼν

257 3352 469 3421 ἠρέμα
513 3351 736 3422 ᾐνίξατο
761 3353 969 3415 αἰτίους
1004 3352 1167 3415 ὄντας
1199 3350 1294 3406 τοῦ
1330 3350 1400 3404 τὰ
1432 3351 1692 3405 ἐλάττονα
1723 3350 1867 3422 λαμ-

258 3434 488 3501 ϐάνειν,
543 3434 637 3487 καὶ
668 3434 915 3505 κυρίους,
968 3437 1018 3489 εἰ
1069 3435 1364 3504 βούλοιντο,
1393 3435 1488 3489 τοῦ
1521 3435 1589 3489 τά
1646 3435 1869 3507 μείζονα

258 3516 487 3573 λαῦεῖν.
526 3518 697 3571 Ὅταν
744 3518 856 3590 γάρ
884 3518 1036 3590 εἴπῃ,
1070 3518 1223 3590 [ἳδθ]
1258 3519 1547 3587 Ζηλοῦτε,
1592 3518 1692 3590 τὴν
1736 3520 1869 3590 παρ’

260 3603 505 3658 ἐκείνων
535 3603 773 3673 σπουδὴν
797 3604 1020 3657 ἀπαιτεῖ
1040 3605 1134 3657 καὶ
1165 3603 1264 3676 τὴν
1303 3602 1598 3674 ἐπιθυμίαν
1620 3603 1719 3674 τὴν
1741 3604 1869 3674 περὶ

262 3686 341 3740 τά
375 3687 754 3755 πνευματικά.
785 3687 896 3741 Καὶ
940 3687 1041 3739 οὐκ
1090 3682 1235 3752 εἶπε,
1288 3687 1369 3739 Τὰ
1419 3686 1665 3755 μείζονα,
1709 3686 1866 3750 ἀλλά,

268 3766 360 3824 Τὰ
396 3769 733 3837 κρείττονα,
766 3768 1036 3834 τουτέστι,
1072 3769 1138 3821 τά
1171 3766 1588 3841 χρησιμώτερα,
1623 3768 1693 3821 τά
1726 3785 1867 3839 συμ-

267 3852 542 3923 φέροντα.
579 3854 645 3905 "0
695 3852 752 3905 δὲ
794 3852 968 3922 λέγει,
1020 3852 1181 3907 τοῦτό
1233 3854 1382 3905 ἐστι·
1416 3851 1623 3905 Μένετε
1683 3853 1869 3905 ἐπιθυ-

269 3934 516 4004 μοῦντες
546 3937 925 4007 χαρισμάτων,
953 3936 1049 3990 καὶ
1069 3936 1318 4001 δείκνυμι
1343 3933 1461 3987 ὁδὸν
1482 3936 1866 4006 χαρισμάτων·

268 4016 432 4086 ὑμῖν.
486 4017 622 4070 Οὐδὲ
667 4017 777 4088 γάρ
823 4013 970 4084 εἷπε,
1022 4019 1306 4091 Χάρισμα,
1364 4017 1481 4072 ἀλλ’
1540 4017 1736 4081 Ὀδὸν,
1778 4019 1867 4073 ἴνα.

270 4098 548 4167 μειζόνως
580 4100 763 4174 ἐπάρῃ
807 4100 995 4168 τοῦτο,
1031 4101 1062 4156 δ
1098 4101 1282 4173 μέλλει
1332 4101 1545 4169 λέγειν·
1603 4102 1722 4155 οὐδὲ
1759 4105 1865 4175 γάρ

275 4182 334 4233 ἐν
371 4184 467 4236 καὶ
514 4182 607 4237 δύο
658 4186 752 4238 καὶ
791 4184 921 4257 τρία
952 4185 1271 4256 χαρίσματα
1294 4185 1547 4255 δείκνυμι
1577 4186 1726 4256 ύμῖν,
1750 4187 1865 4241 ἀλλ’

266 4264 397 4317 ὁδὸν
436 4266 567 4336 μίαν
608 4268 709 4335 τὴν
735 4268 828 4321 ἐπὶ
873 4268 1051 4322 πάντα
1099 4268 1273 4322 ταῦτα
1305 4269 1577 4342 φέρουσαν
1598 4286 1611 4300 ·
1643 4270 1741 4323 καὶ
1769 4271 1866 4342 οὐχ

271 4347 468 4410 ἁπλῶς
491 4348 632 4413 ὁδὸν,
660 4349 798 4402 ἀλλά
821 4352 916 4403 καὶ
941 4351 1061 4421 μεθ’
1086 4350 1413 4425 ὑπερϐολῆς,
1440 4352 1534 4405 καὶ
1555 4355 1706 4424 κοινῇ
1733 4355 1867 4407 πᾶσι

270 4432 670 4503 προκειμένην.
706 4434 783 4486 Ού
812 4435 921 4504 γὰρ
949 4434 1138 4504 ὥσπερ
1181 4433 1251 4487 τά
1278 4435 1591 4505 χαρίσματα
1624 4440 1737 4500 τοῖς
1768 4437 1866 4507 μὲν

269 4515 474 4579 ταῦτα,
504 4518 618 4582 τοῖς
659 4516 717 4570 δέ
748 4519 954 4583 ἐκεῖνα,
991 4518 1105 4571 ἀλλ’
1143 4518 1205 4570 ού
1250 4519 1388 4572 πᾶσι
1431 4517 1611 4573 πάντα
1636 4518 1862 4587 δέδοται,

272 4595 424 4649 οὕτω
451 4599 550 4651 καὶ
576 4598 734 4653 τοῦτο
754 4615 766 4629 '
796 4600 933 4655 ἀλλά
960 4600 1249 4655 καθολικὸν
1278 4599 1450 4670 δῶρόν
1477 4602 1616 4654 ἐστι.
1649 4601 1742 4655 Διὸ
1771 4603 1865 4657 καὶ

279 4683 489 4749 πάντας
535 4686 616 4749 εἰς
652 4686 811 4741 τοῦτο
856 4689 1046 4742 καλεῖ·
1095 4686 1363 4756 Ζηλοῦτε
1411 4687 1542 4759 γάρ,
1594 4689 1748 4759 φησὶ,
1791 4690 1865 4745 τὰ

276 4772 622 4840 χαρίσματα
643 4774 721 4828 τά
743 4775 1057 4842 κρείττονα
1072 4790 1087 4806 ο
1112 4773 1213 4828 καί
1238 4774 1327 4829 ἐτι
1356 4774 1486 4829 καθ’
1519 4777 1781 4845 ὑπερσολ
1790 4776 1865 4844 ὴν

279 4854 428 4908 ὁδὸν
452 4854 726 4925 δείκνυμι
760 4857 933 4927 ὑμῖν·
973 4856 1076 4924 τὴν
1127 4858 1347 4928 ἀγάπην
1375 4857 1550 4926 λέγων
1596 4858 1697 4928 τὴν
1726 4858 1865 4931 πρὸς

282 4936 374 4989 τὸν
412 4938 660 5009 πλησίον.
714 4936 851 4994 Εἶτα
902 4940 1111 5012 μέλλων
1159 4941 1443 5013 ἐμϐαίνειν
1488 4942 1571 5004 εἰς
1607 4942 1699 4996 τὸν
1734 4944 1862 5014 περὶ

284 5019 448 5092 αὐτῆς
467 5020 626 5090 λόγον
654 5024 747 5076 καὶ
772 5024 834 5077 τὸ
858 5023 1132 5095 ἐγκώμιον
1158 5025 1254 5078 τοῦ
1285 5024 1713 5096 κατορθώματος
1738 5026 1863 5080 τού-

278 5120 397 5169 του,
445 5105 666 5177 πρῶτον
703 5106 960 5178 καθαιρεῖ
1000 5107 1176 5162 ταῦτα
1205 5111 1270 5179 τῇ
1308 5109 1447 5181 πρὸς
1482 5108 1697 5182 ἐκείνην
1728 5126 1861 5176 συγ-

279 5186 482 5255 κρίσει,
531 5189 683 5243 οὐδὲν
721 5189 850 5243 ὄντα
903 5192 1120 5256 δεικνὺς
1171 5190 1377 5261 ταύτης
1410 5191 1605 5263 χωρὶς,
1656 5192 1863 5264 σφόδρα

279 5272 540 5335 συνετῶς.
576 5274 639 5325 Εἰ
671 5272 782 5345 γάρ
817 5275 1020 5338 εὐθέως
1057 5274 1188 5344 περὶ
1213 5276 1435 5346 ἀγάπης
1461 5274 1731 5346 διελέχθη,
1766 5277 1861 5329 καὶ

276 5353 472 5421 εἰπὼν,
534 5355 710 5411 Ὀδὸν
742 5356 884 5427 ὑμῖν
935 5357 1230 5426 δείκνυμι,
1274 5358 1579 5429 ἐπήγαγεν,
1622 5359 1771 5431 Αὕτη
1803 5358 1862 5412 δέ

277 5439 431 5491 ἐστιν
474 5441 517 5510 ή
559 5439 778 5511 ἀγάπη,
827 5442 921 5495 καὶ
969 5441 1046 5512 μὴ
1073 5441 1215 5495 κατά
1260 5440 1552 5514 σύγκρισιν
1582 5441 1676 5495 τὸν
1702 5441 1862 5511 λόγον

279 5525 599 5594 προήγαγε·
640 5524 746 5579 κᾶν
797 5525 1176 5596 ἐμυκτήρισάν
1230 5541 1377 5589 τινες
1418 5526 1480 5579 τὸ
1522 5524 1731 5595 λεχθὲν,
1761 5527 1863 5581 οὐκ

277 5604 481 5668 εἰδότες
525 5606 712 5676 σαφῶς
739 5607 837 5662 τοῦ
888 5608 1219 5680 πράγματος
1262 5607 1362 5679 τὴν
1410 5609 1587 5679 ἰσχὺν,
1631 5609 1746 5662 ἀλλ’
1777 5610 1860 5664 ἐτι

280 5691 415 5762 πρὸς
446 5691 628 5744 ταῦτα
672 5692 980 5763 κεχηνότες.
1026 5692 1226 5761 Διόπερ
1282 5692 1383 5745 οὐκ
1437 5691 1641 5756 εὐθέως
1691 5691 1861 5765 αὐτὴν

336 5792 357 5816 ⁸
380 5793 538 5844 Vetus
562 5792 827 5860 interpres.
837 5798 922 5860 qui
948 5798 1117 5858 venit,
1138 5794 1317 5860 {unum
1334 5794 1593 5856 donorum,
1610 5798 1737 5857 legit
1766 5815 1859 5858 πη·-

281 5857 365 5921 γήν
382 5858 710 5920 χαρισμάτων.

1263 324 1330 380 IN
1371 323 1590 382 EPIST.
1632 321 1773 377 ιΑυ
1803 321 1964 378 COR.
2006 322 2240 379 HOMIL.
2282 325 2498 380 XXXII.

3440 332 3550 388 268

1968 437 2362 505 ἀνακαλύπτει,
2396 440 2530 494 ἀλλά
2554 444 2766 510 πρῶτον
2794 446 2858 514 τῇ
2887 442 3191 515 ἐπαγγελίᾳ.
3227 444 3318 497 τὸν
3348 445 3554 517 ἀκροαο

1967 522 2068 593 τὴν
2120 523 2353 594 ἐπάρας,
2412 524 2505 578 καὶ
2559 524 2751 588 εἰπὼν,
2812 528 2950 581 Καθ’
3015 528 3360 597 ὑπερϐολὴν
3410 530 3555 583 ὁδὸν

1965 606 2236 676 δείκνυμι
2265 607 2424 676 ὑμῖν,
2444 609 2541 663 καὶ
2557 611 2638 672 εἰς
2660 610 2953 680 ἐπιθυμίαν
2972 612 3134 665 αὐτὸν
3163 612 3411 683 ἀγαγὼν,
3430 614 3552 667 οὐδὲ

1964 687 2136 753 οὕτως
2168 691 2369 754 εὐθέως
2408 693 2488 755 είς
2534 692 2705 765 αὐτὴν
2753 694 3027 765 ἐμϐαίνει,
3077 696 3193 750 ἀλλ’
3246 696 3427 765 αὔξων
3474 696 3554 751 ἔτι

1966 772 2062 825 καὶ
2100 774 2387 827 ἐπιτείνων
2438 775 2618 829 αὐτῶν
2647 777 2747 849 τὴν
2789 778 3110 849 ἐπιθυμίαν,
3166 782 3299 852 περὶ
3346 780 3554 834 τούτων

1966 856 2147 909 αὐτῶν
2195 856 2505 926 διαλέγεται
2556 861 2796 932 πρῶτον,
2859 862 2955 917 καὶ
3008 862 3279 918 δείκνυσιν
3335 866 3555 936 ἐκείνης

1967 940 2069 994 ούκ
2091 939 2279 1011 οὔσης,
2308 942 2463 996 οὐδὲν
2492 942 2642 1010 ὄντα,
2671 945 2750 1007 εἰς
2788 945 3051 1016 μεγίστην
3079 947 3279 1011 αὐτοὺς
3306 949 3554 1019 ἀνάγκην

1965 1022 2060 1105 τοῦ
2113 1024 2289 1093 φιλεῖν
2334 1026 2598 1105 ἀλλήλους
2643 1027 2906 1092 καθιστάς
2928 1047 2943 1062 ·
2976 1030 3165 1105 ἐπειδὴ
3211 1032 3305 1086 καὶ
3353 1036 3417 1087 ἐκ
3455 1030 3555 1086 τοῦ

1966 1104 2175 1173 ταύτην
2220 1103 2530 1174 ἠμελῆσθαι
2573 1106 2606 1176 ἡ
2634 1106 2781 1159 αἰτία
2812 1106 2923 1160 τῶν
2951 1103 3437 1165 κακῶνήάπάντων
3462 1108 3551 1182 ἦν.

1971 1183 2137 1239 Ὥστε
2171 1189 2267 1240 καί¹
2305 1187 2447 1241 κατὰ
2478 1187 2637 1241 τοῦτο
2661 1189 2885 1252 εἰκότως
2915 1188 2981 1243 ἂν
3011 1191 3220 1263 μεγάλη
3247 1195 3465 1265 φανείη,
3505 1194 3561 1249 εἷ

1964 1279 2028 1330 γε
2058 1264 2126 1318 τά
2152 1266 2250 1335 μὲν
2275 1267 2593 1337 χαρίσματα
2624 1268 2685 1320 οὐ
2719 1270 2879 1337 μόνον
2905 1270 3103 1334 αὐτοὺς
3129 1272 3190 1324 ού
3222 1264 3552 1344 συνήγαγεν,

1964 1346 2102 1400 ἀλλά
2156 1349 2249 1402 καὶ
2291 1350 2603 1420 ἡνωμένους
2652 1352 2970 1421 διέστησεν·
3027 1353 3166 1425 αῦτη
3215 1355 3273 1409 δὲ
3317 1360 3444 1421 τοὺς
3487 1360 3554 1412 δι’

1964 1430 2188 1484 ἐκείνων
2236 1432 2563 1496 διαστάντας
2606 1434 2673 1488 δι’
2700 1437 2902 1505 ἑαυτῆς
2948 1435 3130 1507 μέλλοι
3162 1440 3417 1508 συνάγειν
3462 1444 3556 1497 καὶ

1965 1518 2138 1569 ποιεῖν
2170 1517 2331 1587 σῶμα
2361 1518 2438 1572 ἐν.
2483 1519 2623 1571 Ἀλλ’
2665 1520 2727 1573 ού
2757 1519 2906 1589 λέγει
2935 1519 3095 1574 τοῦτο
3118 1521 3343 1586 εὐθέως,
3378 1525 3493 1578 ἀλλ’
3525 1526 3557 1579 ὃ

1967 1599 2202 1669 μάλιστα
2228 1601 2479 1662 ἐπόθουν.
2516 1602 2674 1656 τοῦτο
2700 1602 2916 1674 τίθησιν
2933 1620 2947 1634 ⁸
2976 1599 3086 1657 οἷον
3109 1604 3191 1657 ὅτι
3214 1606 3464 1678 χάρισμα
3492 1609 3554 1661 τὸ

1966 1684 2201 1753 πρᾶγμά
2245 1686 2383 1748 ἐστι,
2437 1686 2533 1737 καὶ
2571 1686 2680 1739 τῶν
2734 1686 3093 1757 χαρισμάτων
3142 1689 3399 1743 ἁπάντων
3434 1691 3555 1754 ὁδὸς

1966 1765 2086 1835 μεθ’
2143 1767 2467 1838 ὑπερϐολῆς.
2526 1769 2689 1822 Ὥστε
2739 1770 2789 1822 εἰ
2837 1770 2934 1822 καὶ
2979 1770 3176 1841 μὴδιά
3207 1771 3270 1825 τὸ
3316 1772 3554 1843 ὀφείλειν

1966 1848 2143 1919 βούλει
2185 1851 2277 1904 τὸν
2325 1852 2554 1922 ἀδελφὸν
2587 1855 2831 1924 ἀγαπᾷν,
2866 1853 2955 1907 διά
2997 1855 3059 1907 τὸ
3090 1854 3402 1927 κρείττονος
3430 1859 3554 1912 ἐπι-

1962 1931 2338 2002 λαμϐάνεσθαι
2378 1935 2609 2006 σημείου
2656 1936 2753 1990 καὶ
2781 1936 3124 2009 χαρίσματος
3170 1938 3427 2009 δαψιλοῦς
3452 1957 3555 1995 κα-

1961 2016 2179 2082 τάδεξαι
2198 2018 2296 2088 τὴν
2322 2018 2563 2091 ἀγάπην.
2594 2019 2705 2074 Καὶ
2732 2021 2834 2091 ὅρα
2858 2021 3023 2074 πόθεν
3046 2022 3278 2094 ἄρχεται
3295 2041 3309 2055 ’
3338 2026 3556 2095 πρῶτον

1963 2100 2072 2154 ἀπὸ
2101 2100 2195 2154 τοῦ
2238 2101 2558 2173 θαυμαστοῦ
2598 2102 2883 2167 δοκοῦντος
2915 2100 3055 2159 εἶναι
3083 2108 3216 2178 παρ’
3246 2109 3432 2174 αὐτοῖς
3465 2110 3556 2163 καὶ

1968 2183 2228 2252 μεγάλου,
2283 2184 2393 2239 τῶν
2438 2185 2734 2254 γλωσσῶν·
2791 2189 2885 2242 καὶ
2919 2188 3142 2258 ἀγαγὼν
3180 2192 3260 2254 εἰς
3302 2190 3467 2261 μέσον
3494 2194 3556 2247 τὸ

1965 2268 2233 2337 χάρισμα,
2287 2268 2349 2320 ού
2410 2268 2669 2324 τοσοῦτον
2720 2269 2955 2340 τίθησιν,
3010 2273 3136 2326 ὅσον
3192 2270 3358 2345 εἶχον,
3419 2276 3557 2331 ἀλλά

1963 2349 2143 2421 πολλῷ
2175 2350 2357 2405 πλέον.
2385 2352 2520 2406 Ούδέ
2554 2353 2664 2423 γὰρ
2695 2348 2872 2421 εἶπεν,
2913 2355 3040 2410 Ἐἀν
3077 2354 3356 2423 γλώσσαις
3385 2358 3553 2424 λαλῶ,

1963 2433 2078 2487 ἀλλ’
2128 2434 2270 2488 Ἐὰν
2306 2434 2437 2502 ταῖς
2489 2436 2800 2504 γλώσσαις
2829 2437 2951 2491 τῶν
2998 2438 3327 2505 ἀνθρώπων
3362 2443 3552 2496 λαλῶ.

1965 2514 2031 2569 Τί
2061 2519 2200 2583 ἐστι,
2233 2516 2355 2572 Τῶν
2381 2519 2743 2587 ἀνθρώπων;
2767 2520 2991 2573 Πάντων
3020 2519 3131 2573 τῶν
3157 2523 3435 2593 πανταχοῦ
3456 2525 3557 2596 τῆς

1963 2601 2287 2672 οἰκουμένης
2317 2601 2510 2656 ἐθνῶν.
2540 2603 2649 2656 Καὶ
2672 2603 2795 2656 οὐδὲ
2817 2603 2992 2676 ταύτῃ
3013 2604 3259 2678 ἠρκέσθη
3287 2609 3353 2677 τῇ
3384 2607 3557 2682 ὑπερ-

1966 2682 2115 2752 ϐολῇ,
2151 2682 2287 2736 ἀλλά
2326 2684 2420 2737 καὶ
2462 2685 2659 2755 ἐτέραν
2697 2684 2879 2756 πολλῷ
2914 2685 3141 2756 μείζονα
3183 2688 3421 2760 τίθησιν,
3455 2693 3557 2745 ἐπ-

1966 2765 2117 2831 άγων
2145 2768 2239 2819 καὶ
2261 2767 2456 2835 λέγων,
2489 2766 2597 2820 Καὶ
2625 2766 2744 2820 τῶν
2770 2767 3063 2836 ἀγγέλων,
3092 2770 3340 2840 ἀγάπην
3371 2772 3440 2825 δὲ
3465 2772 3554 2841 μὴ

1968 2845 2117 2919 [290]
2165 2849 2305 2917 ἔχω,
2352 2848 2575 2919 γέγονα
2632 2850 2862 2919 χαλκὸς
2918 2850 3089 2919 ἠχῶν
3148 2853 3182 2922 ἣ
3241 2856 3557 2924 κύμϐαλον

1964 2930 2290 2992 ἀλαλάζον.
2330 2928 2485 2996 Εἶδες
2519 2931 2623 2985 ποῦ
2650 2933 2712 2986 τὸ
2734 2933 2979 3005 χάρισμα
3010 2935 3242 3006 ἐπάρας,
3281 2937 3385 2992 ποῦ
3416 2939 3553 2993 καθ-

1966 3014 2105 3067 εῖλεν
2144 3014 2279 3069 αὐτὸ
2316 3016 2411 3069 καλ¹
2437 3014 2801 3085 κατέῤῥιψεν;
2840 3017 2974 3070 Οὐδὲ
3001 3016 3113 3089 γὰρ
3153 3020 3339 3085 ἁπλῶς
3377 3018 3550 3088 εἶπεν,

1964 3096 2047 3150 ὃτι
2110 3098 2275 3151 Οὐδέν
2327 3102 2466 3169 εἰμι,
2506 3098 2622 3152 ἀλλ’
2677 3100 2759 3152 ὅτι
2800 3099 3037 3169 Γέγονα
3086 3103 3316 3169 χαλκός
3363 3104 3553 3173 ἠχῶν,

1966 3179 2288 3251 ἀναίσθητόν
2345 3199 2397 3235 τι
2446 3183 2540 3237 καὶ
2571 3181 2799 3253 ἄψυχον.
2851 3183 2978 3249 Πῶς
3023 3185 3080 3238 δὲ
3115 3186 3314 3257 χαλκὸς
3369 3189 3551 3258 ήχῶν;

1965 3266 2153 3337 Φωνὴν
2196 3267 2295 3336 μὲν
2324 3268 2531 3337 ἀφιεὶς,
2571 3269 2694 3339 εἰκῆ
2722 3267 2779 3321 δέ
2811 3270 2905 3322 καὶ
2937 3270 3136 3340 μάτην,
3171 3272 3265 3325 καὶ
3288 3275 3367 3337 είς
3400 3274 3552 3327 οὐδὲν

1966 3349 2108 3402 δέον.
2161 3350 2304 3420 Πρὸς
2347 3350 2457 3422 γάρ
2504 3350 2584 3422 τῷ
2625 3350 2793 3421 μηδὲν
2843 3352 3027 3408 ἀνύειν
3064 3355 3157 3408 καὶ
3202 3356 3554 3427 παρενοχλεῖν

1967 3433 2109 3487 δοκῶ
2153 3436 2247 3487 καὶ
2281 3434 2538 3504 φορτικός
2578 3452 2661 3499 τις
2694 3431 2836 3490 εἶναι
2871 3437 2963 3490 καλ⁸
2980 3438 3240 3510 ἐπαχθὴς
3271 3442 3383 3504 τοῖς
3423 3439 3554 3493 πολ⁴

1967 3517 2080 3580 λοῖς
2101 3537 2115 3551 ·
2164 3519 2298 3590 ὁρᾷς
2332 3517 2446 3581 πῶς
2478 3520 2506 3571 ό
2534 3518 2755 3586 ἀγάπης
2795 3520 3242 3591 ἀπεστερημένος
3278 3525 3390 3585 τοῖς
3413 3523 3554 3591 ἀψύο

1967 3619 2083 3671 χοις
2109 3601 2396 3670 προσέοικε
2426 3601 2520 3654 καὶ
2544 3601 2895 3673 ἀναισθήτοις
2912 3622 2928 3667 ;
2947 3602 3199 3658 Γλῶτταν
3219 3605 3274 3658 δὲ
3303 3605 3552 3675 ἀγγέλων

1969 3683 2206 3738 ἐνταῦθά
2230 3699 2414 3753 φησιν,
2450 3684 2569 3754 οὐχὶ
2600 3685 2758 3755 σῶμα
2801 3687 3104 3756 περιτιθεὶς
3133 3688 3404 3757 ἀγγέλοις,
3435 3689 3551 3743 ἀλλ’

1968 3768 1997 3822 ὃ
2024 3768 2194 3835 λέγει,
2241 3766 2482 3820 τοιοῦτόν
2533 3769 2685 3822 ἐστι·
2733 3768 2853 3823 Κᾶν
2903 3769 3046 3823 οὕτω
3097 3771 3443 3842 φθέγγωμαι,
3475 3772 3554 3837 ὡς

1967 3851 2220 3919 ἀγγέλοις
2257 3849 2425 3920 νόμος
2473 3849 2611 3920 πρὸς
2653 3850 2919 3922 ἀλλήλους
2954 3852 3320 3922 διαλέγεσθαι,
3350 3855 3552 3927 ταύτης

1967 3935 2096 3988 ἄνευ
2137 3933 2292 3987 οὐδέν
2329 3935 2468 4003 εἰμι,
2519 3933 2656 3985 ἀλλὰ
2708 3935 2802 3987 καὶ
2853 3936 3098 4011 ἐπαχθὴς
3137 3938 3232 3991 καὶ
3272 3940 3545 4009 φορτικός.

1968 4015 2125 4071 Οὕτω
2153 4016 2283 4084 γοῦν
2314 4016 2408 4069 καὶ
2431 4014 2666 4086 ἀλλαχοῦ
2695 4018 2824 4071 ὅταν
2846 4017 3002 4091 λέγῃ,
3029 4020 3108 4073 ὅτι
3127 4020 3298 4087 Αὑτῷ
3326 4022 3549 4093 κάμψει

1965 4098 2090 4154 πᾶν
2114 4098 2262 4168 γόνυ
2283 4098 2659 4167 ἐπουρανίων
2687 4101 2787 4153 καὶ
2826 4100 3103 4169 ἐπιγείων
3135 4102 3230 4159 καὶ
3257 4110 3546 4172 καταχθο-

1964 4181 2131 4246 νίων,
2176 4181 2237 4234 ού
2271 4181 2474 4250 γόνατα
2505 4181 2600 4235 καὶ
2630 4182 2765 4236 όστά
2813 4184 3112 4254 περιτιθεὶς,
3161 4189 3273 4249 τοῖς
3299 4187 3552 4255 ἀγγέλοις

1964 4263 2140 4318 ταῦτα
2178 4263 2349 4332 λέγει,
2397 4263 2599 4333 ἄπαγε,
2635 4264 2771 4319 ἀλλά
2805 4265 2903 4337 τὴν
2950 4268 3349 4339 ἐπιτεταμένην
3375 4286 3549 4342 προσ-

1966 4347 2194 4418 κύνησιν
2217 4346 2306 4401 διὰ
2329 4346 2423 4400 τοῦ
2465 4347 2595 4421 παρ’
2623 4351 2757 4418 ἡμῖν
2789 4350 3068 4419 σχήματος
3095 4351 3401 4415 αἰνίξασθαι
3427 4353 3548 4421 βού-

1964 4431 2137 4486 λεται.
2197 4431 2358 4487 Οὕτω
2406 4432 2500 4486 καὶ
2548 4432 2784 4486 ἐνταῦθα
2840 4434 3093 4501 γλῶσσαν
3149 4434 3429 4500 ἐκάλεσεν,
3485 4436 3547 4489 ού

1965 4514 2168 4586 σαρκὸς
2197 4514 2430 4585 ὄργανον
2456 4514 2655 4584 δηλῶν,
2684 4514 2821 4569 ἀλλά
2845 4515 2945 4585 τὴν
2985 4515 3121 4587 πρὸς
3144 4516 3408 4588 ἀλλήλους
3452 4520 3549 4571 αὐ-

1963 4599 2075 4652 τῶν
2113 4599 2331 4669 ὁμιλίαν
2384 4596 2463 4669 τῷ
2497 4597 2762 4669 γνωρίμῳ
2795 4598 2927 4670 παρ’
2959 4599 3091 4668 ἡμῖν
3129 4601 3314 4671 τρόπῳ
3342 4602 3549 4667 αἰνίξα-

1965 4682 2091 4736 σθαι
2123 4681 2466 4752 βουλόμενος.
2500 4678 2633 4734 Είτα
2681 4680 2823 4735 ὥστε
2856 4681 3262 4752 εὐπαράδεκτον
3293 4684 3548 4751 γενέσθαι

1962 4765 2053 4819 τὸν
2080 4763 2259 4833 λόγον,
2288 4765 2350 4817 ού
2396 4765 2561 4835 μέχρι
2585 4764 2692 4819 τῶν
2737 4764 2999 4832 γλωσσῶν
3032 4766 3267 4832 ἵσταται,
3294 4766 3429 4820 ἀλλά
3456 4769 3549 4821 καὶ

1962 4848 2057 4901 ἐπὶ
2081 4847 2152 4901 τὰ
2175 4847 2337 4901 λοιπά
2364 4847 2580 4918 πρόεισι
2615 4849 2954 4920 χαρίσματα,
2990 4849 3086 4901 καὶ
3116 4850 3293 4903 πάντα
3328 4853 3394 4921 τῇ
3444 4852 3545 4906 αύ-

1960 4931 2061 5002 τῆς
2100 4931 2340 5002 ἀπουσίᾳ
2399 4930 2663 4992 καθελὼν,
2721 4931 2843 4983 τότε
2873 4931 3046 5001 αὐτῆς
3094 4932 3404 5004 ὑπογράφει
3445 4935 3546 5006 τὴν

1961 5015 2175 5068 εἰκόνα·
2210 5013 2305 5067 καὶ
2345 5013 2535 5080 ἐπειδὴ
2565 5012 2793 5084 αὔξησιν
2837 5014 3063 5083 ποιῆσαι
3110 5015 3422 5087 προῄρηται
3448 5017 3545 5072 τοῦ

1960 5099 2145 5167 λόγου,
2178 5097 2287 5152 ἀπὸ
2314 5096 2422 5152 τῶν
2447 5097 2746 5151 ἐλαττόνων
2774 5096 3076 5167 ἀρχόμενος
3108 5099 3314 5154 ἄνεισιν
3354 5100 3448 5153 ἐπὶ
3476 5100 3546 5156 τά

1964 5181 2155 5253 μείζω.
2190 5181 2366 5251 Ὅπερ
2394 5181 2523 5253 γὰρ,
2551 5181 2716 5251 ἡνίκα
2738 5178 2836 5252 τὴν
2878 5178 3030 5246 τάξιν
3055 5181 3235 5235 αὐτῶν
3260 5182 3544 5254 ἐνέφηνεν,

1962 5264 2190 5335 ὕστερον
2245 5263 2458 5319 τέθεικε
2513 5263 2576 5318 τὸ
2616 5262 2726 5317 τῶν
2763 5263 3047 5332 γλωσσῶν,
3101 5264 3263 5319 τοῦτο
3324 5266 3543 5337 πρῶτον

1960 5348 2185 5420 ἀριθμεῖ
2212 5345 2307 5401 νῦν
2336 5347 2478 5402 κατά
2515 5347 2731 5419 μικρὸν,
2764 5348 2902 5419 ὅπερ
2925 5348 3084 5419 ἐφην,
3112 5349 3204 5405 ἐπὶ
3222 5349 3290 5404 τὰ
3317 5349 3543 5417 μείζονα

1960 5430 2289 5486 ἀναϐαίνων.
2326 5429 2510 5487 Εἰπὼν
2540 5432 2650 5502 γάρ
2685 5432 2813 5503 περὶ
2850 5432 2958 5485 τῶν
2990 5431 3273 5500 γλωσσῶν,
3312 5434 3406 5486 ἐπὶ
3442 5434 3542 5502 τὴν

1962 5514 2301 5588 προφητείαν
2319 5514 2522 5578 εὐθέως
2551 5514 2813 5579 ἐκϐαίνει,
2842 5515 2937 5569 καί
2962 5532 3126 5587 φησι·
3157 5517 3266 5571 Καὶ
3288 5517 3397 5569 ἐὰν
3425 5516 3542 5584 ἔχω

1959 5598 2358 5667 προφητείαν·
2418 5599 2515 5652 καὶ
2564 5597 2770 5665 ταύτην
2830 5599 2995 5652 πάλιν
3044 5598 3163 5669 μεθ’
3209 5597 3539 5668 ὑπερϐολῆς.

1962 5681 2173 5754 ’Ὠσπερ
2197 5681 2306 5752 γάρ
2328 5683 2446 5736 ἐκεῖ
2470 5682 2534 5737 ού
2572 5680 2825 5751 γλώσσας
2854 5682 3072 5753 έθηκεν,
3105 5682 3242 5735 ἀλλὰ
3269 5682 3368 5746 τὰς
3403 5683 3540 5737 πάν-

1960 5783 2067 5819 των
2110 5766 2218 5819 τῶν
2269 5764 2574 5838 ἀνθρώπων
2612 5764 2881 5833 γλώσσας,
2918 5768 3014 5820 καὶ
3052 5765 3258 5836 προῖὼν
3286 5767 3388 5829 τὰς
3430 5766 3539 5819 τῶν

1962 5848 2233 5920 ἀγγέλων,
2257 5850 2350 5904 καὶ
2373 5849 2492 5904 τότε
2516 5849 2714 5914 ἔδειξεν
2730 5849 2880 5904 οὐδὲν
2901 5849 2959 5903 ὃν
2979 5850 3040 5904 τὸ
3058 5849 3304 5921 χάρισμα
3317 5850 3536 5921 ἀγάπης
