3962 6424
514 333 623 388 ⁴269

516 449 688 524 χωρίς
708 465 724 479 ο
754 449 895 502 οῦτω
929 447 1024 501 καὶ
1060 446 1287 500 ἐνταῦθα
1315 448 1377 499 οὑ
1420 447 1518 517 τὴν
1546 448 1884 518 προφητείαν
1914 448 2095 519 τίθησι

520 532 707 602 μόνον,
736 530 871 584 ἀλλὰ
895 530 990 582 καὶ
1021 528 1117 599 τὴν
1154 528 1493 598 ὑψηλοτάτην
1529 529 1886 600 προφητείαν.
1917 528 2103 585 Εἰπὼν

516 616 649 686 γάρ,
706 613 840 667 Ἐὰν
869 612 986 682 ἔχω
1028 612 1417 680 προφητείαν,
1466 614 1755 685 ἐπήγαγε’
1813 615 1924 670 Καὶ
1967 613 2106 669 εἰδῶ

516 700 589 752 τὰ
609 697 909 768 μυστήρια
937 695 1153 754 πάντα.
1183 694 1279 747 καὶ
1312 694 1521 749 πᾶσαν
1554 696 1669 764 τὴν
1692 695 1952 766 γνῶσιν·
1986 697 2104 770 μετ’

517 782 822 843 ἐπιτάσεως
850 778 1018 841 τιθεὶς
1053 778 1148 830 καὶ
1180 776 1340 831 τοῦτο
1367 779 1428 832 τὸ
1457 780 1707 851 χάρισμα

586 919 650 972 δ’.
683 914 814 971 Εἶτα
856 915 994 987 μετὰ
1045 917 1204 969 τοῦτο
1238 916 1329 970 καὶ
1359 917 1451 969 ἐπὶ
1478 916 1546 970 τά
1582 916 1745 972 λοιπά
1790 918 2103 989 χαρίσματα

520 1000 823 1067 προϐαίνει.
859 1000 968 1052 Καὶ
991 999 1077 1052 ἴνα
1108 1002 1185 1070 μὴ
1216 1000 1275 1053 τὸ
1301 1000 1421 1053 καθ’
1453 1000 1683 1076 ἕκαστον
1714 1001 1893 1053 αὑτων
1924 1001 2103 1071 λέγων

517 1085 646 1155 δοκῇ
676 1083 838 1137 πάλιν
857 1083 1115 1153 ἐνοχλεῖν,
1148 1084 1248 1155 τὴν
1273 1084 1487 1155 μητέρα
1509 1085 1601 1137 καὶ
1631 1086 1814 1156 πηγὴν
1848 1087 2103 1141 ἁπάντων

516 1165 718 1236 τίθηστ,
759 1167 855 1218 καὶ
896 1165 1067 1237 αὐτὴν
1099 1165 1262 1220 πάλιν
1307 1166 1427 1237 μεθ’
1466 1166 1795 1238 ὑπερϐολῆς,
1835 1166 1979 1221 οὕτω
2015 1168 2104 1222 λέο

517 1264 662 1310 γωνσ
700 1249 810 1302 Καὶ
852 1248 962 1302 ἐὰν
989 1250 1108 1317 ἔχω
1145 1249 1355 1305 πᾶσαν
1386 1249 1503 1318 τὴν
1553 1251 1781 1304 πίστιν.
1832 1251 1939 1304 Καὶ
1980 1250 2103 1304 ούδέ

516 1332 760 1403 ἠρκέσθη
790 1331 986 1401 τούτῳ,
1026 1332 1164 1386 ἀλλά
1194 1333 1321 1394 καὶ..
1341 1332 1478 1403 ὅπερ
1507 1332 1582 1396 ὡς
1614 1334 1868 1404 μέγιστον
1896 1329 2049 1387 εἶπεν
2073 1334 2103 1387 6

518 1415 774 1487 Χριστὸς,
815 1416 909 1469 καὶ
952 1414 1111 1469 τοῦτο
1157 1414 1499 1485 προσέθηκεν
1528 1414 1730 1469 εἰπών·
1782 1417 1967 1472 Ὥστε
1992 1416 2100 1484 ὅρη

512 1499 920 1569 μεθιστάνειν,
950 1498 1195 1568 ἀγάπην
1236 1497 1306 1554 δὲ
1325 1500 1412 1569 μὴ
1440 1499 1580 1569 ἔχω,
1611 1500 1794 1555 οὐδέν
1818 1503 1959 1570 ειμι.
1990 1500 2103 1554 Kal

518 1583 711 1636 σκόπει
750 1582 868 1645 πῶς
900 1582 1061 1635 πάλιν
1091 1581 1370 1640 κάνταῦθα
1416 1582 1672 1655 καθαιρεῖ
1700 1584 1809 1637 τῶν
1839 1582 2102 1652 γλωσσῶν

513 1666 576 1719 τὸ
605 1666 847 1737 ἀξίωμα.
898 1666 1019 1720 Ἐπὶ
1058 1667 1157 1736 μὲν
1196 1670 1305 1738 γάρ
1350 1666 1451 1737 τῆς
1492 1667 1831 1737 προφητείας
1860 1666 2101 1721 δείκνυσι

516 1749 654 1804 πολὺ
683 1750 744 1802 τὸ
775 1749 964 1820 κέρδος
989 1749 1049 1802 τὸ
1078 1750 1173 1802 ἀπ’
1197 1748 1389 1819 αὑτῆς,
1412 1749 1475 1803 τὸ
1501 1750 1705 1803 εἰδέναι
1725 1750 1793 1803 τά
1824 1750 2101 1822 μυστήρια

519 1835 615 1887 καὶ
650 1833 749 1905 τὴν
790 1832 991 1903 γνῶσιν
1023 1832 1166 1903 ἔχειν
1193 1832 1435 1896 ἃπασαν,
1469 1833 1567 1886 καὶ¹
1604 1834 1698 1887 ἐπὶ
1718 1834 1820 1903 τῆς
1864 1834 2103 1897 πίστεως

516 1918 678 1988 ἔργον
725 1917 784 1970 οὑ
821 1916 1035 1987 μικρὸν,
1065 1915 1125 1968 τὸ
1150 1916 1218 1968 τά
1248 1914 1351 1987 ὅρη
1387 1915 1731 1987 μεθιστάνειν
1750 1933 1765 1949 ο
1794 1917 1888 1969 ἐπὶ
1914 1915 1971 1970 δέ
1995 1916 2102 1970 τῶν

517 1999 780 2069 γλωσσῶν
828 1999 960 2053 αὐτὸ
1009 1998 1168 2069 μόνον
1214 1996 1386 2052 εἰπὼν
1427 1997 1576 2072 [291]
1609 1998 1672 2053 τὸ
1702 1999 1969 2071 χάρισμα,
2006 2001 2101 2054 ἀν-

513 2084 783 2156 εχώρησε.
814 2082 887 2135 Σὺ
929 2081 986 2135 δέ
1025 2098 1117 2152 μοι
1153 2082 1375 2135 κάκεῖνο
1403 2082 1618 2147 σκόπει,
1656 2083 1774 2145 πῶς
1805 2084 1864 2136 ἐν
1906 2082 2105 2153 βραχεῖ

515 2168 695 2223 πάντα
728 2166 1019 2237 περιέλαϐε
1061 2166 1132 2218 τὰ
1175 2167 1511 2237 χαρίσματα,
1560 2167 1902 2239 προφητείαν
1931 2163 2103 2224 εἰπὼν

515 2253 614 2307 καὶ
640 2252 853 2306 πίστινο
901 2250 933 2321 ἢ
976 2248 1088 2320 γὰρ
1135 2252 1193 2304 ἐν
1238 2249 1438 2318 λόγοις,
1472 2251 1507 2322 ἢ
1556 2253 1615 2305 ἐν
1653 2251 1838 2323 ἔργοις
1872 2252 1991 2306 ἐστὶ
2032 2253 2102 2306 τὰ

515 2337 792 2408 θαύματα.
847 2335 957 2390 Kal
1012 2334 1128 2398 πῶς
1177 2337 1206 2389 6
1244 2336 1482 2405 Χριστός
1542 2353 1726 2407 φησιν,
1787 2336 2102 2407 Ἐλάχιστον

518 2422 684 2493 μέρος
716 2420 816 2490 τῆς
849 2418 1086 2481 πίστεως
1117 2413 1259 2471 εἶναι
1290 2418 1352 2471 τὸ
1378 2418 1640 2473 δύνασθαι
1672 2420 1802 2490 ὅρος
1830 2423 2102 2493 μεταπή-

517 2523 609 2560 σαι
637 2504 747 2573 (ὡς
775 2502 885 2574 γάρ
918 2502 1204 2571 ἐλάχιστον
1238 2501 1435 2569 λέγων,
1464 2500 1639 2567 οὑτως
1677 2503 1874 2574 ἔθηκεν
1903 2505 2097 2571 είπὼν,

526 2588 671 2643 Ἐὰν
699 2587 878 2657 ἔχητε
922 2585 1133 2639 πίστιν
1173 2585 1254 2650 ὡς
1298 2585 1522 2639 κόκκον
1561 2586 1883 2653 σινάπεως,
1915 2586 2101 2655 ἐρεῖτε

514 2670 596 2737 τῷ
621 2669 742 2738 ὄρει
766 2669 974 2733 τούτῳ,
1011 2665 1331 2735 Μετάϐηθι,
1362 2668 1460 2722 καὶ
1486 2668 1957 2740 μεταϐήσεται)⁹
1986 2671 2014 2722 6
2042 2669 2099 2724 δὲ

517 2753 729 2815 Παῦλος
759 2753 943 2805 πᾶσαν
971 2750 1072 2820 τὴν
1104 2750 1291 2803 πίστιν
1314 2750 1521 2820 ταύτην
1548 2747 1686 2805 εἷναί
1720 2770 1886 2823 (pnas;
1915 2752 1982 2806 Τί
2006 2750 2101 2806 οὖν

517 2836 666 2891 ἔστιν
694 2836 902 2899 είπεῖν;
945 2831 1167 2904 Ἐπειδὴ
1208 2833 1352 2903 μέγα
1380 2828 1448 2905 ἦν
1477 2834 1655 2899 τοῦτο,
1692 2834 1755 2888 τὸ
1778 2835 1905 2907 δρος
1936 2853 2102 2905 μετα·-

516 2921 735 2989 στῆσαι,
772 2918 860 2971 διά
888 2915 1050 2969 τοῦτο
1081 2916 1176 2970 καὶ
1205 2916 1372 2969 αὑτοῦ
1423 2918 1855 2988 ἐμνημόνευσεν,
1894 2921 1992 2990 οὑχ
2025 2920 2100 2983 ὡς

514 3004 676 3058 τοῦτο
722 3002 892 3073 μόνης
921 2998 1231 3070 δυναμένης
1281 3000 1461 3072 πάσης
1512 3002 1613 3071 τῆς
1657 3002 1916 3067 πίστεως,
1964 3003 2101 3057 ἀλλά

517 3085 707 3155 ἐπειδὴ
746 3084 905 3137 τοῦτο
945 3082 1091 3153 μέγα
1130 3079 1268 3136 εἷναι
1307 3083 1479 3137 ἐδόκει
1509 3088 1623 3149 τοῖς
1660 3086 1991 3156 παχυτέροις
2012 3086 2103 3139 διὰ

516 3170 609 3223 τὸν
647 3168 811 3236 ὄγκον
848 3164 941 3219 τοῦ
981 3163 1255 3235 σώματος,
1290 3166 1585 3221 κάντεῦθεν
1623 3169 1838 3241 ἐπαίρει
1864 3169 1927 3221 τὸ
1965 3186 2101 3240 προ·
2132 3177 2139 3184 “

518 3253 791 3324 κείμενον.
832 3252 898 3304 "U
923 3249 981 3303 δὲ
1011 3248 1182 3316 λέγει,
1212 3249 1369 3304 τοῦτό
1401 3251 1581 3304 ἐστιν’
1626 3251 1750 3305 Ἐὰν
1776 3251 1885 3323 ἔχω
1919 3254 2102 3306 πᾶσαν

515 3336 615 3405 τὴν
633 3334 838 3398 πίστιν,
860 3332 955 3387 καὶ
976 3331 1071 3386 ἐὰν
1088 3330 1333 3401 δύνωμαι
1356 3331 1457 3404 ὅρη
1483 3332 1852 3403 μεθιστάνειν,
1875 3335 2097 3405 ἀγάπην

516 3419 574 3471 δὲ
599 3417 675 3489 μὴ
717 3417 846 3488 ἔχω,
878 3414 1032 3469 οὐδέν
1057 3416 1175 3485 είμι
1195 3428 1208 3443 ⁸
1239 3414 1353 3469 Καὶ
1383 3416 1492 3469 ἐὰν
1528 3418 1780 3485 ψωμίσω
1806 3416 2002 3471 πάντα
2029 3419 2101 3471 τὰ

516 3498 871 3571 ὑπάρχοντά
889 3516 1033 3568 μου,
1061 3499 1157 3553 καὶ
1181 3497 1291 3553 ἐὰν
1317 3498 1561 3568 παραδῶ
1584 3499 1649 3553 τὸ
1672 3499 1844 3570 σῶμά
1866 3518 1983 3571 μου
2002 3500 2103 3553 ἵνα

517 3582 930 3651 καυθήσωμαι,
962 3580 1205 3650 ἀγάπην
1242 3580 1311 3634 δὲ
1335 3581 1422 3651 μὴ
1458 3580 1595 3651 ἔχω,
1624 3580 1805 3637 οὐδὲν
1838 3583 2102 3653 ὠφελοῦ-

513 3686 641 3738 μαι.
674 3666 849 3719 Βαϐαἰ
876 3666 976 3734 τῆς
1001 3664 1307 3736 ὑπερϐολῆς
1333 3664 1347 3718 ι
1383 3665 1478 3718 καὶ
1502 3665 1612 3738 γάρ
1641 3668 1737 3719 καὶ
1763 3667 1936 3722 ταῦτα
1962 3667 2101 3738 μετά

518 3749 841 3821 προσθήκης
883 3748 1077 3818 ἐτέρας
1116 3747 1351 3819 τίθησιν.
1397 3749 1474 3801 Ού
1503 3748 1611 3821 γὰρ
1651 3746 1825 3815 εἶπεν,
1872 3752 1998 3806 Ἐάν
2024 3751 2100 3805 δῶ

516 3836 632 3897 τοῖς
660 3833 857 3903 πένησι
889 3830 989 3902 τὴν
1028 3830 1285 3902 ἡμίσειαν
1332 3834 1529 3902 μοῖραν
1563 3833 1671 3886 τῶν
1712 3832 1904 3899 ὄντων,
1936 3835 1970 3905 ἢ
2001 3835 2101 3899 τὰς

516 3916 613 3972 δύο
650 3916 685 3987 ἢ
715 3915 816 3979 τὰς
863 3915 1015 3986 τρεῖς
1053 3914 1273 3986 μοίρας,
1313 3915 1429 3968 ἀλλ’
1474 3915 1617 3970 Ἐὰν
1644 3914 1842 3970 πάντα
1872 3934 1993 3985 μου
2028 3920 2102 3972 τὰ

518 3997 891 4068 ὑπάρχοντα.
921 3996 1033 4051 Καὶ
1068 3997 1170 4051 οὑκ
1197 3993 1343 4059 εἶπε,
1374 3997 1482 4065 Δῶ,
1521 3998 1678 4061 ἀλλὰ,
1717 3999 1993 4068 Ψωμίσω,
2024 3999 2102 4063 ὡς

519 4080 878 4154 προσκεῖσθαι
909 4082 978 4151 τῇ
1025 4079 1238 4153 δαπάνῃ
1275 4081 1368 4135 καὶ
1390 4081 1489 4151 τὴν
1533 4080 1812 4136 διακονίαν
1842 4082 1943 4152 τὴν
1982 4081 2100 4153 μετ’

517 4163 836 4234 ἐπιμελείας
860 4163 1098 4234 ἀπάσης.
1129 4165 1240 4218 Καὶ
1277 4163 1387 4217 ἐὰν
1422 4162 1668 4232 παραδώ
1698 4164 1765 4218 τὸ
1788 4162 1960 4235 σῶμά
1979 4181 2099 4233 μου

517 4249 620 4302 ἵνα
642 4246 1050 4316 καυθήσωμαι.
1102 4246 1217 4301 Οὐκ
1266 4242 1439 4311 εἶπεν,
1464 4238 1612 4301 ’Ἐὰν
1658 4246 1934 4313 ἀποθάνω,
1964 4247 2102 4301 ἀλλά

519 4330 611 4385 καὶ
635 4327 795 4383 τοῦτο
829 4328 948 4400 μεθ’
983 4328 1319 4401 ὑπερϐολῆς·
1347 4328 1438 4382 τὸν
1468 4329 1576 4401 γὰρ
1611 4328 1829 4385 πάντων
1849 4329 2099 4400 χαλεπώ-

514 4429 671 4485 τερον
692 4412 922 4467 θάνατον
943 4411 1077 4477 θεῖς,
1102 4412 1165 4465 τὸ
1186 4411 1364 4476 ζῶντα
1394 4412 1757 4483 κατακαῆναιο
1790 4414 1886 4467 καὶ
1908 4413 2099 4467 τοῦτον

512 4496 683 4569 χωρὶς
728 4494 951 4565 ἀγάπης
982 4495 1138 4549 οὐδὲν
1183 4495 1327 4565 μέγα
1370 4493 1571 4565 ἔφησεν
1602 4491 1757 4548 εἷναι.
1813 4495 2094 4567 Ἐπὴγαγε

512 4577 666 4646 γοῦν,
717 4576 912 4631 Οὐδὲν
944 4575 1311 4645 ὠφελοῦμαι.
1360 4577 1501 4629 Ἀλλ’
1531 4577 1744 4631 οὐδέπω
1788 4578 1887 4649 τὴν
1916 4581 2097 4636 πᾶσαν

513 4658 819 4731 ὑπερϐολὴν
841 4659 1041 4725 ἔδειξα,
1065 4661 1172 4722 ἐως
1195 4660 1260 4713 ἂν
1284 4658 1381 4713 τοῦ
1404 4658 1643 4728 Χριστοῦ
1669 4660 1771 4724 τὰς
1794 4663 2099 4735 μαρτυρίας

513 4744 614 4806 τὰς
657 4744 785 4814 περὶ
836 4743 1211 4813 ἐλεημοσύνης
1256 4744 1350 4797 κα)⁵
1404 4742 1636 4798 θανάτου
1685 4746 1983 4816 εἰρημένας
2016 4748 2097 4812 είς

519 4826 683 4897 μέσον
726 4825 942 4894 ἀγάγω.
989 4827 1145 4888 Τίνες
1202 4821 1297 4880 οῦν
1339 4827 1478 4883 εἰσιν
1525 4829 1581 4880 αἱ
1638 4830 1972 4899 μαρτυρίαι;
2005 4830 2096 4901 Τῷ

510 4909 753 4981 πλουσίῳ
785 4910 971 4981 φησὶν,
1001 4911 1070 4964 Εἰ
1111 4909 1309 4976 θέλεις
1332 4910 1558 4976 τέλειος
1592 4906 1766 4975 εἶναι,
1803 4911 2096 4980 πώλησόν

510 5009 629 5050 σου
665 4998 739 5049 τὰ
771 4992 1143 5064 ὑπάρχοντα,
1184 4994 1282 5048 καὶ
1323 4992 1429 5059 δὸς
1474 4993 1753 5063 πτωχοῖς,
1787 4995 1888 5050 καί
1914 4996 2094 5066 δεῦρο

507 5078 826 5133 ἀκολούθει
853 5094 959 5147 μοι
981 5092 994 5103 ⁶
1046 5077 1142 5131 καὶ
1179 5076 1309 5148 περὶ
1338 5076 1559 5147 ἀγάπης
1608 5077 1665 5131 δέ
1714 5078 2094 5151 διαλεγόμενος

506 5161 609 5231 τῆς
630 5161 709 5224 είς
736 5159 827 5214 τὸν
862 5159 1092 5231 πλησίον
1124 5160 1279 5230 φησὶ,
1312 5157 1568 5219 Μείζονα
1591 5161 1815 5229 ταύτης
1852 5161 2094 5233 ἀγάπην

508 5243 711 5311 οὐδεὶς
739 5244 886 5312 ἕχει,
926 5245 1030 5299 ἵνα
1074 5262 1164 5311 τις
1193 5242 1309 5311 τὴν
1353 5244 1570 5313 ψυχὴν
1611 5244 1801 5299 αὐτοῦ
1827 5244 1905 5315 θῇ
1938 5245 2091 5315 ὑπὲρ

506 5326 628 5381 τῶν
673 5327 870 5397 φίλων
910 5327 1122 5382 αὐτοῦ.
1176 5326 1341 5379 Ὅθεν
1392 5326 1571 5398 δῆλον,
1600 5328 1687 5380 ὅτι
1736 5330 1833 5383 καὶ
1869 5330 1962 5383 ἐπὶ
1994 5328 2089 5383 τοῦ

504 5409 641 5465 θεοῦ
671 5410 830 5465 τοῦτο
860 5408 1080 5464 πάντων
1108 5409 1366 5481 μέγιστόν
1392 5411 1558 5465 ἐστιν.
1609 5411 1749 5466 Ἀλλ’
1782 5412 1896 5482 ἐγὼ
1919 5414 2085 5483 λέγω,

504 5495 673 5565 φησὶν
702 5496 731 5547 6
780 5492 1014 5555 Παῦλος,
1060 5492 1161 5547 κᾶν
1203 5493 1344 5564 ὑπὲρ
1375 5493 1469 5547 τοῦ
1511 5493 1649 5547 Θεοῦ
1681 5493 1866 5565 θῶμεν
1894 5496 2086 5568 αὐτὴν,

504 5576 602 5632 καὶ
634 5577 771 5649 μηδὲ
803 5575 991 5640 ἁπλῶς
1021 5576 1227 5645 θῶμεν,
1251 5576 1367 5630 ἀλλ’
1399 5576 1542 5630 ὥστε
1566 5578 1663 5630 καὶ
1695 5579 2086 5650 ἐμπρησθῆναι

507 5659 691 5728 (τοῦτο
722 5661 832 5732 γάρ
855 5661 1025 5724 ἐστιν,
1088 5658 1231 5713 Ἐὰν
1260 5658 1507 5728 παραδῶ
1544 5660 1612 5715 τὸ
1637 5658 1813 5731 σῶμά
1835 5678 1956 5732 μου
1985 5664 2087 5717 ἵνα

506 5744 893 5811 καυθήσωμαι
906 5753 950 5812 ),
990 5744 1052 5795 οὑ
1088 5744 1229 5815 μέγα
1261 5743 1411 5798 ἔσται
1444 5744 1636 5814 κέρδος
1667 5745 1800 5816 ἡμῖν
1822 5746 1914 5802 τὸν
1944 5748 2082 5819 πλη-

509 5824 617 5879 σίον
652 5826 750 5880 οὑκ
779 5826 1053 5896 ἀγαπῶσι,

1217 332 1274 388 S.
1315 330 1604 385 JOANNIS
1641 327 2144 384 CIIRYSOSTUMI
2180 328 2514 385 ARCHIEP.
2552 329 3108 387 CONSTA3TISOP.

3652 344 3737 402 270

2275 447 2349 500 Τὸ
2378 447 2479 517 μὲν
2505 443 2598 503 οῦν
2625 447 2807 517 λέγειν
2839 450 2908 503 τά
2933 451 3246 523 χαρίσματα
3276 452 3421 506 οὐδὲν
3460 455 3589 525 μέγα
3620 458 3742 528 ὠφε-

2211 527 2321 581 λεῖν
2347 530 2570 601 ἀγάπης
2611 531 2876 603 ἀπούσης,
2929 534 3242 604 θαυμαστὸν
3285 536 3457 590 οὐδέν·
3516 539 3627 595 ἐπεὶ
3661 527 3741 597 καὶ

2204 611 2301 666 τοῦ
2332 613 2451 683 βίου
2499 613 2729 686 δεύτερά
2766 616 2883 669 ἐστι
2923 617 2993 671 τὰ
3026 619 3357 692 χαρίσματα.
3412 620 3592 674 Πολλοὶ
3632 624 3745 691 γοῦν

2205 693 2524 768 χαρίσματα
2568 698 2990 770 ἐπιδειξάμενοι,
3032 702 3220 773 ἐπειδὴ
3255 703 3441 771 φαῦλοι
3469 706 3743 774 γεγόνασιν,

2204 781 2598 853 ἐκολάσθησαν,
2650 784 2725 847 ὡς
2758 785 2958 838 ἐκεῖνοι
2987 786 3037 839 οἱ
3074 785 3154 857 τῷ
3186 787 3404 857 ὀνόματι
3437 788 3593 843 αὑτοῦ
3629 807 3745 861 προ-

2206 864 2575 936 φητεύσαντες
2614 866 2710 919 καὶ
2744 866 2999 937 δαιμόνια
3027 869 3199 923 πολλά
3226 870 3536 935 ἐκϐαλόντες
3560 872 3645 926 καὶ
3664 873 3742 926 δυ-

2205 948 2401 1019 νάμεις
2435 947 2637 1012 πολλάς
2666 951 3012 1021 ποιήσαντες,
3042 952 3120 1015 ὡς
3160 952 3358 1017 Ἰούδας
3403 955 3431 1007 6
3478 953 3743 1026 προδότης·

2204 1032 2381 1103 ἐτεροι
2403 1033 2458 1085 δὲ
2489 1032 2605 1103 βίον
2633 1036 3043 1107 παρασχόμενοι
3072 1036 3255 1090 πιστοὶ
3285 1036 3535 1109 καθαρὸν,
3563 1038 3747 1102 οὐδενὸς

2204 1116 2507 1187 ἐδεήθησαν
2536 1118 2724 1189 ἐτέρου
2773 1118 2910 1189 πρὸς
2956 1119 3018 1172 τὸ
3050 1119 3312 1191 σωθῆναι.
3345 1121 3419 1173 T6
3460 1123 3553 1191 μὲν
3574 1117 3658 1175 οῦν
3687 1122 3746 1175 τὰ

2205 1201 2549 1270 χαρίσματα,
2576 1200 2712 1272 ὅπερ
2750 1200 2911 1272 ἔφην,
2944 1201 3152 1257 δεῖσθαι
3180 1202 3405 1274 ταύτης,
3462 1203 3745 1275 θαυμαστὸν

2203 1286 2397 1341 οὐδέν’
2452 1287 2515 1340 τὸ
2559 1288 2618 1341 δέ
2677 1288 2773 1342 καὶ
2820 1289 2933 1360 βίον
2991 1291 3370 1362 ήκριϐωμένον
3417 1289 3565 1363 [292]
3609 1292 3748 1362 μηδὲν

2209 1370 2413 1443 ἰσχύειν
2457 1372 2664 1444 ταύτης
2708 1373 2857 1437 ἀνευ,
2898 1372 3058 1427 τοῦτό
3103 1374 3223 1427 ἐστι
3266 1373 3329 1428 τὸ
3357 1375 3455 1445 τὴν
3480 1373 3750 1445 ὑπερϐολὴν

2206 1454 2471 1525 ἐμφαῖνον
2542 1455 2639 1508 καὶ
2705 1455 2908 1525 πολλὴν
2965 1456 3156 1510 ποιοῦν
3212 1457 3316 1527 τὴν
3374 1456 3625 1527 ἀπορίαν,
3674 1457 3751 1510 καὶ

2207 1538 2443 1610 μάλιστα
2507 1539 2638 1593 ὅταν
2692 1540 2721 1592 6
2776 1540 3015 1612 Χριστὸς
3066 1541 3400 1610 ἀμφοτέροις
3457 1538 3657 1603 τούτοις
3693 1540 3752 1594 τὰ

2209 1621 2421 1693 μεγάλα
2469 1622 2731 1692 φαίνηται
2777 1621 3175 1694 ψηφιζόμενος,
3205 1625 3275 1694 τῇ
3296 1639 3356 1677 τε
3400 1622 3750 1694 ἀκτημοσύνῃ,

2205 1706 2369 1776 λέγω,
2424 1707 2522 1761 καὶ
2552 1709 2667 1771 τοῖς
2710 1707 2807 1761 τοῦ
2865 1707 3169 1779 μαρτυρίου
3205 1707 3491 1773 κινδύνοις.
3528 1708 3629 1761 Καὶ
3661 1708 3751 1778 γὰρ

2204 1788 2283 1860 τῷ
2328 1788 2569 1860 πλουσίῳ
2611 1790 2799 1861 φησὶν,
2858 1792 2997 1863 ὅπερ
3026 1790 3198 1863 ἔφθην
3248 1790 3439 1858 εἰπὼν,
3483 1793 3551 1845 El
3586 1790 3752 1855 θέλεις

2208 1873 2441 1942 τέλειος
2507 1869 2695 1938 εἶναι,
2754 1872 3051 1942 πώλησόν
3108 1890 3226 1945 σου
3286 1876 3361 1930 τὰ
3409 1875 3749 1945 ὑπάρχοντα,

2203 1957 2302 2017 καί
2339 1957 2446 2024 δὸς
2471 1957 2751 2027 πτωχοῖς,
2786 1958 2887 2013 καὶ
2932 1957 3112 2027 δεῦρο
3138 1960 3463 2014 ἀκολούθει
3501 1975 3628 2028 μοι·
3674 1958 3753 2011 καὶ

2202 2043 2315 2105 τοῖς
2349 2040 2621 2111 μαθηταῖς
2663 2042 2795 2114 περὶ
2830 2043 3134 2115 μαρτυρίου
3168 2042 3546 2114 διαλεγόμενος
3575 2042 3750 2110 ἔλεγεν,

2209 2127 2308 2191 Ὃς
2346 2124 2425 2179 ἂν
2456 2123 2733 2192 ἀπολέσῃ
2768 2124 2883 2192 τὴν
2914 2124 3130 2196 ψυχὴν
3160 2126 3352 2182 αὑτοῦ
3378 2124 3582 2181 ἕνεκεν
3609 2124 3753 2194 ἐμοῦ,

2201 2206 2448 2276 εὑρήσει
2484 2205 2708 2273 αὑτήν·
2736 2208 2854 2274 καὶ,
2910 2210 3017 2275 ’ος
3053 2208 3163 2262 ἐὰν
3188 2208 3540 2280 ὁμολογήσῃ
3572 2225 3643 2278 με
3665 2208 3753 2276 ἔμ’

2202 2293 2472 2360 προσθεν
2498 2288 2618 2345 τῶν
2642 2289 2992 2361 ἀνθρώπων,
3024 2292 3387 2363 ὁμολογήσω
3415 2291 3574 2363 κάγὼ
3595 2288 3755 2347 αὐτὸν

2202 2374 2544 2446 ἔμπροσθεν
2564 2374 2673 2429 τοῦ
2702 2376 2932 2442 Πατρός
2959 2392 3080 2445 μου
3102 2374 3210 2430 τοῦ
3240 2376 3309 2430 ἐν
3334 2374 3461 2443 τοῖς
3486 2372 3750 2444 οὐρανοῖς.

2202 2458 2312 2513 Καὶ
2349 2456 2459 2528 γὰρ
2508 2456 2678 2520 πολὺς
2724 2459 2754 2511 6
2807 2456 2902 2510 τοῦ
2949 2456 3375 2531 κατορθώματος
3406 2458 3592 2512 τούτου
3620 2456 3752 2517 πόνος

2203 2539 2301 2597 καὶ
2333 2538 2505 2612 αὑτὴν
2540 2538 2727 2611 σχεδὸν
2761 2539 3110 2612 ὑπερϐαίνων
3140 2541 3241 2610 τὴν
3276 2540 3474 2610 φύσιν·
3506 2541 3595 2594 καὶ
3621 2537 3753 2592 τοῦτο

2205 2622 2383 2677 ἴσασιν
2426 2624 2479 2676 οἱ
2517 2622 2949 2692 καταξιωθέντες
2987 2623 3098 2676 τῶν
3133 2625 3417 2693 στεφάνων
3453 2621 3646 2677 τούτων
3674 2637 3753 2674 κα-

2201 2706 2310 2771 λῶς
2336 2722 2350 2736 °
2382 2705 2541 2777 λόγος
2570 2704 2680 2779 γὰρ
2709 2706 2887 2771 οὐδεὶς
2917 2707 3049 2761 αὑτὸ
3078 2708 3435 2779 παραστῆσαι
3464 2707 3753 2779 δυνήσεται·

2202 2792 2344 2847 οὓτω
2370 2791 2621 2861 γενναίας
2641 2791 2704 2845 τὸ
2725 2792 2959 2863 πρᾶγμά
2978 2792 3097 2847 ἐστι
3127 2793 3332 2864 ψυχῆς,
3358 2793 3451 2846 καὶ
3484 2792 3598 2863 μεθ’
3614 2792 3757 2859 ὑπερ-

2202 2876 2367 2947 ϐολῆς
2393 2875 2731 2948 θαυμαστόν.

2272 2996 2334 3043 ε’.
2372 2989 2512 3044 Ἀλλ’
2524 2990 2675 3060 ὅμως
2688 2989 2749 3043 τὸ
2759 2987 3075 3061 θαυμαστὸν
3087 2987 3244 3045 τοῦτο
3264 2988 3422 3044 οὐδὲν
3438 2988 3573 3060 μέγα
3584 2988 3757 3059 ἔφησεν

2201 3074 2430 3144 ὠφελεῖν
2463 3073 2685 3143 ἀγάπης
2716 3073 2883 3144 χωρὶς
2916 3074 2945 3127 6
2979 3071 3211 3137 Παῦλος,
3258 3071 3366 3126 κᾶν
3410 3072 3507 3144 τὴν
3545 3072 3755 3141 ἀκτημο-

2204 3157 2371 3228 σύνην
2420 3148 2855 3227 συνεζευγμένην
2905 3155 3025 3227 έχη.
3070 3154 3226 3218 Τίνος
3256 3152 3355 3210 οῦν
3391 3155 3571 3209 ἐνεκεν
3610 3152 3754 3215 οὕτως

2200 3238 2430 3310 εἴρηκε;
2487 3238 2658 3293 Τοῦτο
2713 3238 2814 3311 ῆδη
2865 3237 3036 3304 δεῖξαι
3090 3239 3462 3311 πειράσομαι,
3523 3237 3755 3309 πρότερον

2204 3325 2380 3376 ἐκεῖνο
2405 3321 2667 3393 ζητήσας,
2696 3322 2815 3386 πῶς
2839 3324 2868 3377 6
2890 3321 2959 3375 τά
2985 3322 3304 3392 ὑπάρχοντα
3324 3323 3585 3393 ψωμίζων
3606 3320 3757 3374 πάντα

2202 3406 2422 3459 δύναται
2457 3407 2531 3476 μὴ
2565 3404 2710 3476 ἔχειν
2740 3405 2984 3474 ἀγάπην.
3021 3404 3126 3459 Τδν
3155 3405 3255 3476 μέν
3277 3406 3395 3478 γάρ
3417 3407 3624 3476 ἕτοιμον
3648 3404 3755 3457 ὄντα

2202 3491 2404 3562 καῆναι
2449 3490 2547 3545 καὶ
2581 3490 2653 3543 τά
2679 3489 2993 3563 χαρίσματα
3026 3489 3220 3562 ἔχοντα
3250 3493 3493 3564 ἐγχωρεῖ
3533 3492 3652 3553 ἴσως
3678 3488 3754 3541 καὶ

2205 3577 2280 3646 μὴ
2331 3574 2653 3646 ἀγαπῆσαι·
2709 3578 2738 3629 6
2780 3575 2838 3629 δὲ
2874 3574 2949 3646 μὴ
2992 3576 3154 3645 μόνον
3185 3577 3313 3640 δοὺς
3344 3578 3414 3631 τά
3453 3575 3750 3647 ὑπάρχοντα,

2201 3658 2341 3715 ἀλλά
2379 3660 2474 3714 καὶ
2505 3658 2794 3730 ψωμίζων,
2830 3659 2947 3723 πῶς
2990 3659 3092 3719 οὑκ
3143 3661 3375 3733 ἀγαπᾷς
3412 3662 3476 3716 Τί
3507 3657 3596 3716 οὖν
3631 3659 3753 3714 ἐστιν

2202 3747 2415 3811 sim-iv;
2448 3743 2518 3799 Ἦ
2551 3745 2635 3798 δτι
2678 3744 2743 3798 τὸ
2773 3744 2875 3798 οὐκ
2911 3744 2972 3798 ὃν
3011 3745 3086 3809 ὡς
3119 3743 3180 3798 δν
3220 3746 3476 3813 ὑπέθετο,
3515 3748 3641 3817 ὅπερ
3680 3742 3752 3797 ἀεὶ

2205 3829 2349 3899 φιλεῖ
2394 3830 2587 3892 ποιεῖν,
2625 3828 2755 3884 ὅταν
2783 3826 3091 3897 ὑπερϐολὴν
3131 3830 3487 3902 παραστῆσαι
3526 3826 3747 3899 βουληθῇ·

2201 3915 2278 3977 ὼς
2308 3915 2437 3967 ὅταν
2464 3910 2733 3975 Γαλάταις
2772 3909 3002 3980 γράφων
3031 3910 3185 3982 λέγῃ·
3233 3912 3379 3968 Ἐὰν
3416 3912 3583 3982 ἡμεῖς
3610 3911 3644 3979 ἢ
3668 3908 3750 3977 ἆγε

2202 4000 2381 4067 γελος
2433 3994 2504 4060 ἐξ
2556 3993 2821 4063 οὐρανοῦ
2869 3992 3318 4063 εὐαγγελίζηται
3365 3998 3507 4067 ὑμῖν
3558 3991 3678 4062 παρ’
3722 3988 3747 4043 ὃ

2202 4080 2589 4150 παρελάϐετε,
2646 4076 2916 4146 ἀνάθεμα
2964 4077 3142 4132 ἔστω.
3176 4078 3376 4132 Καίτοι
3430 4078 3551 4133 οὔτε
3595 4075 3745 4136 αὐτὸς,

2201 4154 2327 4217 οὑτε
2357 4160 2586 4229 ἄγγελος
2613 4159 2809 4230 ἔμελλε
2843 4159 3002 4213 τοῦτο
3028 4162 3220 4213 ποιεῖν’
3258 4161 3375 4213 ἀλλ’
3402 4163 3488 4215 ἵνα
3512 4161 3649 4233 δείξῃ
3670 4156 3747 4226 τὴν

2204 4243 2510 4318 ὑπερϐολὴν
2545 4243 2642 4297 τοῦ
2677 4244 3024 4313 πράγματος.
3059 4242 3241 4296 καὶτὸ
3277 4245 3404 4314 μηδ’
3429 4245 3562 4301 ὅλως
3585 4242 3746 4308 ἐσόμε-

2201 4343 2293 4381 νον
2328 4327 2561 4381 τέθεικε.
2602 4326 2715 4379 Καὶ
2762 4325 2924 4379 πάλιν
2978 4325 3106 4378 ὅταν
3148 4326 3446 4396 Ῥωμαίοις
3494 4321 3744 4389 ἐπιστέλλῃ

2202 4411 2297 4465 καὶ
2328 4410 2483 4483 λέγῃ,
2515 4409 2665 4462 Οὔτε
2705 4408 2968 4478 ἄγγελοι,
2999 4408 3141 4462 οὔτε
3179 4409 3385 4479 ἀρχαὶ,
3424 4410 3561 4465 οὐτε
3597 4402 3746 4461 δυνά·

2195 4510 2332 4563 μεις
2366 4491 2739 4559 δυνήσονται
2769 4488 2932 4560 ἡμᾶς
2966 4492 3222 4560 χωρίσαι
3258 4493 3383 4547 ἀπὸ
3414 4491 3521 4562 τῆς
3546 4489 3747 4561 ἀγάπης

2200 4578 2308 4633 τοῦ
2339 4576 2489 4633 Θεοῦ
2509 4593 2524 4607 ·
2565 4576 2689 4635 οὑδὲ
2727 4576 2838 4647 γάρ
2869 4574 3032 4629 τοῦτο
3062 4575 3290 4647 ἔμελλον
3325 4580 3503 4632 ποιεῖν
3538 4573 3740 4644 ἄγγελοί,

2199 4660 2337 4717 ἀλλὰ
2369 4659 2645 4715 κάνταῦθα
2675 4660 2738 4729 τὸ
2782 4659 2859 4731 μὴ
2883 4658 2942 4713 ὃν
2986 4659 3325 4723 ὑποτίθεται,
3353 4660 3542 4731 ὥσπερ
3568 4655 3651 4712 οὖν
3672 4656 3742 4707 καὶ

2196 4745 2260 4800 τὸ
2283 4745 2410 4813 ἑξῆς
2444 4744 2637 4814 λέγων·
2674 4744 2824 4799 Οῠτε
2863 4746 3063 4811 κτίσις
3092 4743 3285 4813 ἑτέρα.
3319 4745 3575 4813 Καίτοιγε
3613 4739 3736 4809 ἐτέρα

2196 4830 2298 4883 οὑκ
2343 4829 2461 4883 ἔστι
2514 4828 2726 4891 κτίσις·
2760 4829 2944 4883 πᾶσαν
2971 4828 3080 4899 γάρ
3117 4828 3288 4899 αὐτὴν
3339 4827 3645 4901 περιέλαϐε,
3671 4819 3735 4876 καὶ

2196 4912 2263 4967 τὰ
2300 4912 2414 4967 ἀνω
2450 4911 2545 4965 καὶ
2582 4911 2650 4965 τὰ
2683 4912 2834 4965 κάτω
2869 4912 3049 4965 πάντα
3079 4911 3270 4967 εἰπών’
3310 4913 3429 4967 ἀλλ’
3468 4913 3611 4983 ὅμως
3636 4907 3738 4962 xciv-

2193 4993 2368 5049 ταῦθα
2409 4993 2473 5047 τὸ
2519 4993 2595 5065 μὴ
2626 4993 2687 5047 ὃν
2726 4995 2845 5048 καθ’
2881 4993 3137 5050 ὑπόθεσιν
3165 4996 3402 5067 τίθησιν,
3436 4995 3575 5049 ὥστε
3603 4986 3740 5052 δεῖξαι

2194 5078 2285 5132 τὸν
2314 5076 2432 5148 μεθ’
2459 5076 2767 5148 ὑπερϐολῆς
2797 5077 2964 5132 αὑτοῦ
3007 5078 3203 5135 πόθον·
3245 5079 3274 5132 6
3314 5081 3380 5151 δὴ
3422 5078 3514 5133 καὶ
3544 5069 3740 5151 ἐνταῦθα

2195 5162 2343 5218 ποιεῖ
2367 5160 2561 5228 λέγων,
2596 5161 2680 5213 ὅτι
2711 5159 2837 5215 Κᾶν
2855 5159 3050 5216 πάντα
3082 5178 3174 5228 τις
3200 5160 3303 5226 δῷ,
3339 5148 3577 5232 ἀγάπην
3598 5154 3659 5211 δὲ
3670 5148 3738 5223 μὴ

2191 5245 2327 5314 ἔχῃ,
2352 5243 2536 5297 οὐδὲν
2566 5243 2901 5312 ὠφελεῖται.
2937 5244 3008 5296 Ἦ
3035 5242 3193 5302 τοῦτο
3220 5241 3316 5299 οὖν
3344 5245 3491 5299 ἔστιν
3521 5232 3737 5300 animi

2190 5330 2274 5382 ὅτι
2319 5327 2570 5398 βούλεται
2609 5330 2737 5391 τοὺς
2784 5328 3125 5399 παρέχοντας
3169 5330 3262 5386 καὶ
3306 5318 3738 5399 συγκεκολλῆσθαι

2187 5415 2304 5476 τοῖς
2339 5411 2703 5482 λαμϐάνουσι,
2734 5411 2829 5465 καὶ
2862 5412 2939 5483 μὴ
2968 5411 3160 5478 ἁπλῶς
3187 5410 3391 5469 διδόναι
3411 5400 3733 5483 άσυμπαθῶςν

2189 5498 2305 5553 ἀλλ’
2353 5495 2643 5561 ἐλεοῦντας
2697 5496 2793 5550 καὶ
2831 5482 3416 5569 κατακάμπτομένους,
3461 5482 3734 5569 ἐπικλωμέο

2188 5598 2314 5646 νους
2354 5580 2451 5635 καὶ
2477 5579 2877 5649 συναλγοῦντας
2898 5582 3013 5645 τοῖς
3034 5566 3327 5653 δεομένοις.
3360 5580 3460 5638 Διά
3474 5575 3623 5633 τοῦτο
3643 5566 3734 5653 γὰρ

2188 5665 2283 5720 και
2309 5665 2343 5736 ἡ
2368 5647 2707 5736 ἐλεημοσύνη
2741 5664 2897 5737 παρά
2920 5666 3016 5720 τοῦ
3036 5647 3172 5723 Θεοῦ
3194 5663 3617 5736 νενομοθέτηται.
3640 5647 3732 5737 ται

2187 5749 2296 5820 γάρ
2330 5731 2577 5818 *ἠδύνατο
2634 5731 2761 5811 τοῦς
2805 5731 3044 5819 πένητας
3088 5731 3395 5821 διατρέφειν
3438 5747 3467 5797 6
3493 5741 3614 5802 Θεὸς
3652 5731 3729 5821 ξιίιὶ

2189 5817 2601 5908 χωρὶςτούτου,
2637 5830 2749 5886 ἀλλ’
2782 5831 2868 5888 ἴνα
2901 5817 3048 5905 ἡμᾶς
3076 5835 3156 5899 εἰς
3191 5817 3286 5899 τ’ὴν
3316 5829 3530 5900 ἀγάπην
3561 5817 3724 5885 συνδῇ,
