  <div class='ocr_page' id='page_1' title='image "/cluster/home/n/w/nwhite01/storage/ocr_20150623/61:no.10/coo.31924054869619/276.png"; bbox 0 0 3962 6428; ppageno 0'>
   <div class='ocr_carea' id='block_1_1' title="bbox 232 309 323 367">
    <p class='ocr_par' dir='ltr' id='par_1_1' title="bbox 232 309 323 367">
     <span class='ocr_line' id='line_1_1' title="bbox 232 309 323 367; baseline 0.022 -2"><span class='ocrx_word' id='word_1_1' title='bbox 232 309 323 367; x_wconf 74' lang='lat'><strong><em>269</em></strong></span> 
     </span>
    </p>
   </div>
   <div class='ocr_carea' id='block_1_2' title="bbox 224 411 1790 491">
    <p class='ocr_par' dir='ltr' id='par_1_2' title="bbox 224 411 1790 491">
     <span class='ocr_line' id='line_1_2' title="bbox 224 411 1790 491; baseline -0.011 -11"><span class='ocrx_word' id='word_1_2' title='bbox 224 425 429 480; x_wconf 83' lang='lat' dir='ltr'><strong><em>caritate</em></strong></span> <span class='ocrx_word' id='word_1_3' title='bbox 458 422 574 478; x_wconf 88' lang='lat' dir='ltr'><strong><em>:sic</em></strong></span> <span class='ocrx_word' id='word_1_4' title='bbox 599 430 655 478; x_wconf 90' lang='lat' dir='ltr'><strong><em>et</em></strong></span> <span class='ocrx_word' id='word_1_5' title='bbox 681 420 783 477; x_wconf 90' lang='lat' dir='ltr'><strong><em>hoc</em></strong></span> <span class='ocrx_word' id='word_1_6' title='bbox 809 421 931 477; x_wconf 88' lang='lat' dir='ltr'><strong><em>loco</em></strong></span> <span class='ocrx_word' id='word_1_7' title='bbox 969 431 1075 474; x_wconf 92' lang='lat' dir='ltr'><strong><em>non</em></strong></span> <span class='ocrx_word' id='word_1_8' title='bbox 1115 415 1452 488; x_wconf 73' lang='lat' dir='ltr'><strong><em>prophetiam</em></strong></span> <span class='ocrx_word' id='word_1_9' title='bbox 1492 411 1642 484; x_wconf 91' lang='lat' dir='ltr'><strong><em>ponit</em></strong></span> <span class='ocrx_word' id='word_1_10' title='bbox 1670 420 1790 491; x_wconf 84' lang='lat' dir='ltr'><strong><em>tan-</em></strong></span> 
     </span>
    </p>
   </div>
   <div class='ocr_carea' id='block_1_3' title="bbox 224 503 1793 581">
    <p class='ocr_par' dir='ltr' id='par_1_3' title="bbox 224 503 1793 581">
     <span class='ocr_line' id='line_1_3' title="bbox 224 503 1793 581; baseline -0.009 -11"><span class='ocrx_word' id='word_1_11' title='bbox 224 528 340 581; x_wconf 90' lang='lat' dir='ltr'><strong><em>tum,</em></strong></span> <span class='ocrx_word' id='word_1_12' title='bbox 368 515 465 572; x_wconf 88' lang='lat' dir='ltr'><strong><em>sed</em></strong></span> <span class='ocrx_word' id='word_1_13' title='bbox 507 528 771 569; x_wconf 80' lang='lat' dir='ltr'><strong>Summam</strong></span> <span class='ocrx_word' id='word_1_14' title='bbox 817 513 975 570; x_wconf 87' lang='lat' dir='ltr'><strong><em>etiam</em></strong></span> <span class='ocrx_word' id='word_1_15' title='bbox 1005 509 1362 581; x_wconf 77' lang='lat' dir='ltr'><strong><em>prophetiam.</em></strong></span> <span class='ocrx_word' id='word_1_16' title='bbox 1393 505 1528 562; x_wconf 88' lang='lat' dir='ltr'><strong><em>Cum</em></strong></span> <span class='ocrx_word' id='word_1_17' title='bbox 1568 503 1793 559; x_wconf 84' lang='lat' dir='ltr'><strong><em>dixisset</em></strong></span> 
     </span>
    </p>
   </div>
   <div class='ocr_carea' id='block_1_4' title="bbox 216 594 1790 675">
    <p class='ocr_par' dir='ltr' id='par_1_4' title="bbox 216 594 1790 675">
     <span class='ocr_line' id='line_1_4' title="bbox 216 594 1790 675; baseline -0.011 -12"><span class='ocrx_word' id='word_1_18' title='bbox 216 608 369 673; x_wconf 83' lang='lat' dir='ltr'><strong><em>enim,</em></strong></span> <span class='ocrx_word' id='word_1_19' title='bbox 398 606 460 661; x_wconf 88' lang='lat' dir='ltr'><strong><em>Si</em></strong></span> <span class='ocrx_word' id='word_1_20' title='bbox 490 605 712 664; x_wconf 78' lang='lat' dir='ltr'><strong><em>habuero</em></strong></span> <span class='ocrx_word' id='word_1_21' title='bbox 737 603 1075 675; x_wconf 75' lang='lat' dir='ltr'><strong><em>prophetiam,</em></strong></span> <span class='ocrx_word' id='word_1_22' title='bbox 1122 598 1397 669; x_wconf 71' lang='lat' dir='ltr'><strong><em>subjunxit</em></strong></span> <span class='ocrx_word' id='word_1_23' title='bbox 1428 615 1442 653; x_wconf 92' lang='lat'><strong>:</strong></span> <span class='ocrx_word' id='word_1_24' title='bbox 1471 595 1540 650; x_wconf 84' lang='lat' dir='ltr'><strong><em>Et</em></strong></span> <span class='ocrx_word' id='word_1_25' title='bbox 1566 594 1790 648; x_wconf 83' lang='lat' dir='ltr'><strong><em>noverim</em></strong></span> 
     </span>
    </p>
   </div>
   <div class='ocr_carea' id='block_1_5' title="bbox 217 685 1793 768">
    <p class='ocr_par' dir='ltr' id='par_1_5' title="bbox 217 685 1793 768">
     <span class='ocr_line' id='line_1_5' title="bbox 217 685 1793 768; baseline -0.01 -15"><span class='ocrx_word' id='word_1_26' title='bbox 217 700 442 768; x_wconf 77' lang='lat' dir='ltr'><strong><em>mysteria</em></strong></span> <span class='ocrx_word' id='word_1_27' title='bbox 478 700 649 751; x_wconf 87' lang='lat' dir='ltr'><strong><em>omnia</em></strong></span> <span class='ocrx_word' id='word_1_28' title='bbox 676 706 723 749; x_wconf 87' lang='lat' dir='ltr'><strong><em>et</em></strong></span> <span class='ocrx_word' id='word_1_29' title='bbox 754 712 951 750; x_wconf 84' lang='lat' dir='ltr'><strong>onmem</strong></span> <span class='ocrx_word' id='word_1_30' title='bbox 978 693 1277 757; x_wconf 75' lang='lat' dir='ltr'><strong><em>scientiam;</em></strong></span> <span class='ocrx_word' id='word_1_31' title='bbox 1306 705 1428 745; x_wconf 90' lang='lat' dir='ltr'><strong><em>cum</em></strong></span> <span class='ocrx_word' id='word_1_32' title='bbox 1465 685 1708 757; x_wconf 82' lang='lat' dir='ltr'><strong><em>emphasi</em></strong></span> <span class='ocrx_word' id='word_1_33' title='bbox 1736 695 1793 740; x_wconf 89' lang='lat' dir='ltr'><strong><em>et</em></strong></span> 
     </span>
    </p>
   </div>
   <div class='ocr_carea' id='block_1_6' title="bbox 212 786 1359 853">
    <p class='ocr_par' dir='ltr' id='par_1_6' title="bbox 212 786 1359 853">
     <span class='ocr_line' id='line_1_6' title="bbox 212 786 1359 853; baseline -0.01 -8"><span class='ocrx_word' id='word_1_34' title='bbox 212 790 501 845; x_wconf 76' lang='lat' dir='ltr'><strong><em>intentione</em></strong></span> <span class='ocrx_word' id='word_1_35' title='bbox 535 789 636 842; x_wconf 91' lang='lat' dir='ltr'><strong><em>hoc</em></strong></span> <span class='ocrx_word' id='word_1_36' title='bbox 656 789 816 842; x_wconf 89' lang='lat' dir='ltr'><strong><em>etiam</em></strong></span> <span class='ocrx_word' id='word_1_37' title='bbox 842 786 1107 840; x_wconf 83' lang='lat' dir='ltr'><strong><em>charisma</em></strong></span> <span class='ocrx_word' id='word_1_38' title='bbox 1132 796 1359 853; x_wconf 89' lang='lat' dir='ltr'><strong><em>ponens.</em></strong></span> 
     </span>
    </p>
   </div>
   <div class='ocr_carea' id='block_1_7' title="bbox 271 867 1792 947">
    <p class='ocr_par' dir='ltr' id='par_1_7' title="bbox 271 867 1792 947">
     <span class='ocr_line' id='line_1_7' title="bbox 271 867 1792 947; baseline -0.01 -12"><span class='ocrx_word' id='word_1_39' title='bbox 271 884 327 935; x_wconf 75' lang='grc'><strong><em>4.</em></strong></span> <span class='ocrx_word' id='word_1_40' title='bbox 362 880 563 934; x_wconf 82' lang='lat' dir='ltr'><strong><em>Deinde</em></strong></span> <span class='ocrx_word' id='word_1_41' title='bbox 587 878 653 933; x_wconf 92' lang='lat' dir='ltr'><strong><em>ad</em></strong></span> <span class='ocrx_word' id='word_1_42' title='bbox 680 878 882 947; x_wconf 83' lang='lat' dir='ltr'><strong><em>reliqua</em></strong></span> <span class='ocrx_word' id='word_1_43' title='bbox 931 876 1254 932; x_wconf 89' lang='lat' dir='ltr'><strong><em>charismata</em></strong></span> <span class='ocrx_word' id='word_1_44' title='bbox 1303 870 1666 944; x_wconf 81' lang='lat' dir='ltr'><strong><em>progreditur.</em></strong></span> <span class='ocrx_word' id='word_1_45' title='bbox 1725 867 1792 921; x_wconf 86' lang='lat' dir='ltr'><strong><em>Et</em></strong></span> 
     </span>
    </p>
   </div>
   <div class='ocr_carea' id='block_1_8' title="bbox 207 960 1793 1042">
    <p class='ocr_par' dir='ltr' id='par_1_8' title="bbox 207 960 1793 1042">
     <span class='ocr_line' id='line_1_8' title="bbox 207 960 1793 1042; baseline -0.009 -16"><span class='ocrx_word' id='word_1_46' title='bbox 207 987 270 1027; x_wconf 88' lang='lat' dir='ltr'><strong><em>ne</em></strong></span> <span class='ocrx_word' id='word_1_47' title='bbox 325 973 536 1042; x_wconf 81' lang='lat' dir='ltr'><strong><em>singula</em></strong></span> <span class='ocrx_word' id='word_1_48' title='bbox 589 983 911 1025; x_wconf 85' lang='lat' dir='ltr'><strong><em>enumerans</em></strong></span> <span class='ocrx_word' id='word_1_49' title='bbox 962 967 1205 1023; x_wconf 78' lang='lat' dir='ltr'><strong><em>videatur</em></strong></span> <span class='ocrx_word' id='word_1_50' title='bbox 1265 979 1477 1020; x_wconf 86' lang='lat' dir='ltr'><strong>rursum</strong></span> <span class='ocrx_word' id='word_1_51' title='bbox 1534 960 1793 1017; x_wconf 88' lang='lat' dir='ltr'><strong><em>molestus</em></strong></span> 
     </span>
    </p>
   </div>
   <div class='ocr_carea' id='block_1_9' title="bbox 203 1053 1791 1129">
    <p class='ocr_par' dir='ltr' id='par_1_9' title="bbox 203 1053 1791 1129">
     <span class='ocr_line' id='line_1_9' title="bbox 203 1053 1791 1129; baseline -0.008 -13"><span class='ocrx_word' id='word_1_52' title='bbox 203 1077 365 1129; x_wconf 84' lang='lat' dir='ltr'><strong><em>esse,</em></strong></span> <span class='ocrx_word' id='word_1_53' title='bbox 412 1071 638 1117; x_wconf 89' lang='lat' dir='ltr'><strong><em>matrem</em></strong></span> <span class='ocrx_word' id='word_1_54' title='bbox 685 1072 739 1116; x_wconf 85' lang='lat' dir='ltr'><strong><em>et</em></strong></span> <span class='ocrx_word' id='word_1_55' title='bbox 788 1062 987 1117; x_wconf 85' lang='lat' dir='ltr'><strong><em>fontem</em></strong></span> <span class='ocrx_word' id='word_1_56' title='bbox 1037 1060 1276 1115; x_wconf 86' lang='lat' dir='ltr'><strong><em>omnium</em></strong></span> <span class='ocrx_word' id='word_1_57' title='bbox 1320 1056 1510 1128; x_wconf 84' lang='lat' dir='ltr'><strong><em>ponit,</em></strong></span> <span class='ocrx_word' id='word_1_58' title='bbox 1536 1065 1593 1110; x_wconf 92' lang='lat' dir='ltr'><strong><em>et</em></strong></span> <span class='ocrx_word' id='word_1_59' title='bbox 1624 1053 1791 1122; x_wconf 86' lang='lat' dir='ltr'><strong><em>ipsam</em></strong></span> 
     </span>
    </p>
   </div>
   <div class='ocr_carea' id='block_1_10' title="bbox 205 1145 1791 1227">
    <p class='ocr_par' dir='ltr' id='par_1_10' title="bbox 205 1145 1791 1227">
     <span class='ocr_line' id='line_1_10' title="bbox 205 1145 1791 1227; baseline -0.009 -16"><span class='ocrx_word' id='word_1_60' title='bbox 205 1172 390 1211; x_wconf 86' lang='lat' dir='ltr'><strong><em>rursus</em></strong></span> <span class='ocrx_word' id='word_1_61' title='bbox 416 1171 539 1212; x_wconf 91' lang='lat' dir='ltr'><strong><em>cum</em></strong></span> <span class='ocrx_word' id='word_1_62' title='bbox 592 1154 923 1227; x_wconf 82' lang='lat' dir='ltr'><strong><em>hyperbole,</em></strong></span> <span class='ocrx_word' id='word_1_63' title='bbox 972 1154 1050 1209; x_wconf 90' lang='lat' dir='ltr'><strong><em>sic</em></strong></span> <span class='ocrx_word' id='word_1_64' title='bbox 1097 1153 1324 1208; x_wconf 88' lang='lat' dir='ltr'><strong><em>dicens:</em></strong></span> <span class='ocrx_word' id='word_1_65' title='bbox 1360 1149 1426 1203; x_wconf 82' lang='lat' dir='ltr'><strong><em>Et</em></strong></span> <span class='ocrx_word' id='word_1_66' title='bbox 1474 1150 1519 1203; x_wconf 90' lang='lat' dir='ltr'><strong><em>si</em></strong></span> <span class='ocrx_word' id='word_1_67' title='bbox 1573 1145 1791 1199; x_wconf 78' lang='lat' dir='ltr'><strong><em>habuero</em></strong></span> 
     </span>
    </p>
   </div>
   <div class='ocr_carea' id='block_1_11' title="bbox 204 1237 1792 1320">
    <p class='ocr_par' dir='ltr' id='par_1_11' title="bbox 204 1237 1792 1320">
     <span class='ocr_line' id='line_1_11' title="bbox 204 1237 1792 1320; baseline -0.009 -14"><span class='ocrx_word' id='word_1_68' title='bbox 204 1267 403 1306; x_wconf 85' lang='lat' dir='ltr'><strong><em>omnem</em></strong></span> <span class='ocrx_word' id='word_1_69' title='bbox 426 1249 604 1319; x_wconf 80' lang='lat' dir='ltr'><strong><em>ﬁdem.</em></strong></span> <span class='ocrx_word' id='word_1_70' title='bbox 631 1249 810 1320; x_wconf 84' lang='lat' dir='ltr'><strong><em>Neque</em></strong></span> <span class='ocrx_word' id='word_1_71' title='bbox 851 1248 985 1303; x_wconf 88' lang='lat' dir='ltr'><strong><em>satis</em></strong></span> <span class='ocrx_word' id='word_1_72' title='bbox 1022 1247 1203 1302; x_wconf 87' lang='lat' dir='ltr'><strong><em>habuit</em></strong></span> <span class='ocrx_word' id='word_1_73' title='bbox 1259 1246 1361 1299; x_wconf 91' lang='lat' dir='ltr'><strong><em>hoc</em></strong></span> <span class='ocrx_word' id='word_1_74' title='bbox 1407 1243 1643 1306; x_wconf 76' lang='lat' dir='ltr'><strong><em>dixisse,</em></strong></span> <span class='ocrx_word' id='word_1_75' title='bbox 1697 1237 1792 1293; x_wconf 90' lang='lat' dir='ltr'><strong><em>sed</em></strong></span> 
     </span>
    </p>
   </div>
   <div class='ocr_carea' id='block_1_12' title="bbox 204 1330 1791 1411">
    <p class='ocr_par' dir='ltr' id='par_1_12' title="bbox 204 1330 1791 1411">
     <span class='ocr_line' id='line_1_12' title="bbox 204 1330 1791 1411; baseline -0.009 -13"><span class='ocrx_word' id='word_1_76' title='bbox 204 1343 363 1398; x_wconf 87' lang='lat' dir='ltr'><strong><em>etiam</em></strong></span> <span class='ocrx_word' id='word_1_77' title='bbox 392 1341 521 1396; x_wconf 92' lang='lat' dir='ltr'><strong><em>illud</em></strong></span> <span class='ocrx_word' id='word_1_78' title='bbox 548 1382 565 1407; x_wconf 96' lang='lat'><strong><em>,</em></strong></span> <span class='ocrx_word' id='word_1_79' title='bbox 609 1341 750 1411; x_wconf 89' lang='lat' dir='ltr'><strong><em>quod</em></strong></span> <span class='ocrx_word' id='word_1_80' title='bbox 798 1349 855 1394; x_wconf 92' lang='lat' dir='ltr'><strong><em>ut</em></strong></span> <span class='ocrx_word' id='word_1_81' title='bbox 899 1339 1192 1393; x_wconf 80' lang='lat' dir='ltr'><strong><em>tnaxinuun</em></strong></span> <span class='ocrx_word' id='word_1_82' title='bbox 1241 1330 1484 1390; x_wconf 79' lang='lat' dir='ltr'><strong><em>Christus</em></strong></span> <span class='ocrx_word' id='word_1_83' title='bbox 1531 1331 1696 1395; x_wconf 81' lang='lat' dir='ltr'><strong><em>dixit,</em></strong></span> <span class='ocrx_word' id='word_1_84' title='bbox 1739 1330 1791 1384; x_wconf 94' lang='lat' dir='ltr'><strong><em>id</em></strong></span> 
     </span>
    </p>
   </div>
   <div class='ocr_carea' id='block_1_13' title="bbox 201 1425 1794 1502">
    <p class='ocr_par' dir='ltr' id='par_1_13' title="bbox 201 1425 1794 1502">
     <span class='ocr_line' id='line_1_13' title="bbox 201 1425 1794 1502; baseline -0.011 -11"><span class='ocrx_word' id='word_1_85' title='bbox 201 1435 367 1491; x_wconf 85' lang='lat' dir='ltr'><strong><em>etiam</em></strong></span> <span class='ocrx_word' id='word_1_86' title='bbox 428 1434 629 1502; x_wconf 83' lang='lat' dir='ltr'><strong><em>adjecit</em></strong></span> <span class='ocrx_word' id='word_1_87' title='bbox 664 1450 679 1487; x_wconf 90' lang='lat'><strong>:</strong></span> <span class='ocrx_word' id='word_1_88' title='bbox 717 1432 797 1486; x_wconf 87' lang='lat' dir='ltr'><strong><em>Ita</em></strong></span> <span class='ocrx_word' id='word_1_89' title='bbox 824 1442 876 1485; x_wconf 90' lang='lat' dir='ltr'><strong><em>ut</em></strong></span> <span class='ocrx_word' id='word_1_90' title='bbox 903 1440 1094 1485; x_wconf 85' lang='lat' dir='ltr'><strong><em>montes</em></strong></span> <span class='ocrx_word' id='word_1_91' title='bbox 1141 1432 1445 1499; x_wconf 77' lang='lat' dir='ltr'><strong><em>transferam</em></strong></span> <span class='ocrx_word' id='word_1_92' title='bbox 1467 1469 1481 1494; x_wconf 95' lang='lat'><strong><em>,</em></strong></span> <span class='ocrx_word' id='word_1_93' title='bbox 1533 1425 1794 1478; x_wconf 76' lang='lat' dir='ltr'><strong><em>caritatem</em></strong></span> 
     </span>
    </p>
   </div>
   <div class='ocr_carea' id='block_1_14' title="bbox 199 1519 1791 1590">
    <p class='ocr_par' dir='ltr' id='par_1_14' title="bbox 199 1519 1791 1590">
     <span class='ocr_line' id='line_1_14' title="bbox 199 1519 1791 1590; baseline -0.007 -9"><span class='ocrx_word' id='word_1_94' title='bbox 199 1537 370 1581; x_wconf 87' lang='lat' dir='ltr'><strong><em>autem</em></strong></span> <span class='ocrx_word' id='word_1_95' title='bbox 397 1541 500 1581; x_wconf 88' lang='lat' dir='ltr'><strong><em>non</em></strong></span> <span class='ocrx_word' id='word_1_96' title='bbox 530 1525 753 1579; x_wconf 80' lang='lat' dir='ltr'><strong><em>habuero</em></strong></span> <span class='ocrx_word' id='word_1_97' title='bbox 774 1565 789 1589; x_wconf 91' lang='lat'><strong><em>,</em></strong></span> <span class='ocrx_word' id='word_1_98' title='bbox 828 1522 958 1578; x_wconf 88' lang='lat' dir='ltr'><strong><em>nihil</em></strong></span> <span class='ocrx_word' id='word_1_99' title='bbox 978 1539 1113 1578; x_wconf 88' lang='lat' dir='ltr'><strong><em>sum.</em></strong></span> <span class='ocrx_word' id='word_1_100' title='bbox 1142 1519 1423 1590; x_wconf 84' lang='lat' dir='ltr'><strong><em>Perpende</em></strong></span> <span class='ocrx_word' id='word_1_101' title='bbox 1447 1526 1625 1572; x_wconf 75' lang='lat' dir='ltr'><strong><em>autem</em></strong></span> <span class='ocrx_word' id='word_1_102' title='bbox 1655 1531 1791 1585; x_wconf 85' lang='lat' dir='ltr'><strong><em>quo-</em></strong></span> 
     </span>
    </p>
   </div>
   <div class='ocr_carea' id='block_1_15' title="bbox 197 1607 1795 1684">
    <p class='ocr_par' dir='ltr' id='par_1_15' title="bbox 197 1607 1795 1684">
     <span class='ocr_line' id='line_1_15' title="bbox 197 1607 1795 1684; baseline -0.008 -12"><span class='ocrx_word' id='word_1_103' title='bbox 197 1618 364 1672; x_wconf 90' lang='lat' dir='ltr'><strong><em>modo</em></strong></span> <span class='ocrx_word' id='word_1_104' title='bbox 398 1617 484 1671; x_wconf 92' lang='lat' dir='ltr'><strong><em>hic</em></strong></span> <span class='ocrx_word' id='word_1_105' title='bbox 511 1631 699 1671; x_wconf 88' lang='lat' dir='ltr'><strong><em>rursus</em></strong></span> <span class='ocrx_word' id='word_1_106' title='bbox 730 1616 1031 1684; x_wconf 80' lang='lat' dir='ltr'><strong><em>linguarum</em></strong></span> <span class='ocrx_word' id='word_1_107' title='bbox 1061 1611 1374 1683; x_wconf 82' lang='lat' dir='ltr'><strong><em>dignitatem</em></strong></span> <span class='ocrx_word' id='word_1_108' title='bbox 1399 1609 1637 1680; x_wconf 84' lang='lat' dir='ltr'><strong><em>dejiciat.</em></strong></span> <span class='ocrx_word' id='word_1_109' title='bbox 1663 1607 1795 1661; x_wconf 85' lang='lat' dir='ltr'><strong><em>Pro-</em></strong></span> 
     </span>
    </p>
   </div>
   <div class='ocr_carea' id='block_1_16' title="bbox 194 1699 1792 1780">
    <p class='ocr_par' dir='ltr' id='par_1_16' title="bbox 194 1699 1792 1780">
     <span class='ocr_line' id='line_1_16' title="bbox 194 1699 1792 1780; baseline -0.007 -17"><span class='ocrx_word' id='word_1_110' title='bbox 194 1711 398 1780; x_wconf 74' lang='lat' dir='ltr'><strong><em>pbetiae</em></strong></span> <span class='ocrx_word' id='word_1_111' title='bbox 420 1724 652 1780; x_wconf 85' lang='lat' dir='ltr'><strong><em>namque</em></strong></span> <span class='ocrx_word' id='word_1_112' title='bbox 674 1709 900 1763; x_wconf 89' lang='lat' dir='ltr'><strong><em>multum</em></strong></span> <span class='ocrx_word' id='word_1_113' title='bbox 929 1706 1167 1763; x_wconf 87' lang='lat' dir='ltr'><strong><em>ostendit</em></strong></span> <span class='ocrx_word' id='word_1_114' title='bbox 1193 1706 1398 1759; x_wconf 91' lang='lat' dir='ltr'><strong><em>lucrum</em></strong></span> <span class='ocrx_word' id='word_1_115' title='bbox 1420 1743 1436 1769; x_wconf 97' lang='lat'><strong><em>,</em></strong></span> <span class='ocrx_word' id='word_1_116' title='bbox 1477 1699 1619 1771; x_wconf 81' lang='lat' dir='ltr'><strong><em>qunti</em></strong></span> <span class='ocrx_word' id='word_1_117' title='bbox 1655 1699 1792 1754; x_wconf 84' lang='lat' dir='ltr'><strong><em>sciat</em></strong></span> 
     </span>
    </p>
   </div>
   <div class='ocr_carea' id='block_1_17' title="bbox 190 1794 1791 1873">
    <p class='ocr_par' dir='ltr' id='par_1_17' title="bbox 190 1794 1791 1873">
     <span class='ocr_line' id='line_1_17' title="bbox 190 1794 1791 1873; baseline -0.007 -16"><span class='ocrx_word' id='word_1_118' title='bbox 190 1802 458 1873; x_wconf 79' lang='lat' dir='ltr'><strong><em>mysteria</em></strong></span> <span class='ocrx_word' id='word_1_119' title='bbox 484 1810 536 1857; x_wconf 91' lang='lat' dir='ltr'><strong><em>et</em></strong></span> <span class='ocrx_word' id='word_1_120' title='bbox 587 1816 802 1855; x_wconf 88' lang='lat' dir='ltr'><strong><em>omnem</em></strong></span> <span class='ocrx_word' id='word_1_121' title='bbox 841 1800 1039 1856; x_wconf 88' lang='lat' dir='ltr'><strong><em>habeat</em></strong></span> <span class='ocrx_word' id='word_1_122' title='bbox 1080 1798 1394 1861; x_wconf 89' lang='lat' dir='ltr'><strong><em>scientiam;</em></strong></span> <span class='ocrx_word' id='word_1_123' title='bbox 1445 1794 1568 1849; x_wconf 86' lang='lat' dir='ltr'><strong><em>ﬁdei</em></strong></span> <span class='ocrx_word' id='word_1_124' title='bbox 1613 1801 1791 1847; x_wconf 85' lang='lat' dir='ltr'><strong><em>autem</em></strong></span> 
     </span>
    </p>
   </div>
   <div class='ocr_carea' id='block_1_18' title="bbox 189 1884 1791 1963">
    <p class='ocr_par' dir='ltr' id='par_1_18' title="bbox 189 1884 1791 1963">
     <span class='ocr_line' id='line_1_18' title="bbox 189 1884 1791 1963; baseline -0.006 -15"><span class='ocrx_word' id='word_1_125' title='bbox 189 1909 336 1963; x_wconf 85' lang='lat' dir='ltr'><strong><em>opus</em></strong></span> <span class='ocrx_word' id='word_1_126' title='bbox 366 1909 473 1949; x_wconf 90' lang='lat' dir='ltr'><strong><em>non</em></strong></span> <span class='ocrx_word' id='word_1_127' title='bbox 502 1908 724 1963; x_wconf 84' lang='lat' dir='ltr'><strong><em>parvum</em></strong></span> <span class='ocrx_word' id='word_1_128' title='bbox 752 1935 765 1957; x_wconf 91' lang='lat'><strong><em>,</em></strong></span> <span class='ocrx_word' id='word_1_129' title='bbox 796 1893 937 1963; x_wconf 90' lang='lat' dir='ltr'><strong><em>quod</em></strong></span> <span class='ocrx_word' id='word_1_130' title='bbox 967 1899 1181 1947; x_wconf 81' lang='lat' dir='ltr'><strong><em>montes</em></strong></span> <span class='ocrx_word' id='word_1_131' title='bbox 1223 1888 1509 1945; x_wconf 80' lang='lat' dir='ltr'><strong><em>transierat</em></strong></span> <span class='ocrx_word' id='word_1_132' title='bbox 1537 1903 1551 1940; x_wconf 94' lang='lat'><strong>:</strong></span> <span class='ocrx_word' id='word_1_133' title='bbox 1578 1885 1647 1941; x_wconf 90' lang='lat' dir='ltr'><strong><em>de</em></strong></span> <span class='ocrx_word' id='word_1_134' title='bbox 1686 1884 1791 1939; x_wconf 85' lang='lat' dir='ltr'><strong><em>lin-</em></strong></span> 
     </span>
    </p>
   </div>
   <div class='ocr_carea' id='block_1_19' title="bbox 182 1977 1789 2054">
    <p class='ocr_par' dir='ltr' id='par_1_19' title="bbox 182 1977 1789 2054">
     <span class='ocr_line' id='line_1_19' title="bbox 182 1977 1789 2054; baseline -0.005 -16"><span class='ocrx_word' id='word_1_135' title='bbox 182 1983 315 2053; x_wconf 82' lang='lat' dir='ltr'><strong><em>guis</em></strong></span> <span class='ocrx_word' id='word_1_136' title='bbox 343 1998 476 2040; x_wconf 81' lang='lat' dir='ltr'><strong><em>vero</em></strong></span> <span class='ocrx_word' id='word_1_137' title='bbox 516 1985 689 2054; x_wconf 89' lang='lat' dir='ltr'><strong><em>ipsum</em></strong></span> <span class='ocrx_word' id='word_1_138' title='bbox 721 1985 893 2039; x_wconf 89' lang='lat' dir='ltr'><strong><em>solum</em></strong></span> <span class='ocrx_word' id='word_1_139' title='bbox 937 1983 1206 2040; x_wconf 85' lang='lat' dir='ltr'><strong><em>charisma</em></strong></span> <span class='ocrx_word' id='word_1_140' title='bbox 1246 1980 1519 2043; x_wconf 88' lang='lat' dir='ltr'><strong><em>iudicans,</em></strong></span> <span class='ocrx_word' id='word_1_141' title='bbox 1568 1977 1789 2033; x_wconf 83' lang='lat' dir='ltr'><strong><em>recedit.</em></strong></span> 
     </span>
    </p>
   </div>
   <div class='ocr_carea' id='block_1_20' title="bbox 182 2070 1790 2147">
    <p class='ocr_par' dir='ltr' id='par_1_20' title="bbox 182 2070 1790 2147">
     <span class='ocr_line' id='line_1_20' title="bbox 182 2070 1790 2147; baseline -0.004 -17"><span class='ocrx_word' id='word_1_142' title='bbox 182 2076 274 2130; x_wconf 82' lang='lat' dir='ltr'><strong><em>Tu</em></strong></span> <span class='ocrx_word' id='word_1_143' title='bbox 321 2076 459 2131; x_wconf 90' lang='lat' dir='ltr'><strong><em>mihi</em></strong></span> <span class='ocrx_word' id='word_1_144' title='bbox 504 2076 635 2131; x_wconf 91' lang='lat' dir='ltr'><strong><em>illud</em></strong></span> <span class='ocrx_word' id='word_1_145' title='bbox 677 2091 890 2147; x_wconf 86' lang='lat' dir='ltr'><strong><em>quoque</em></strong></span> <span class='ocrx_word' id='word_1_146' title='bbox 936 2075 1239 2140; x_wconf 88' lang='lat' dir='ltr'><strong><em>considera,</em></strong></span> <span class='ocrx_word' id='word_1_147' title='bbox 1289 2070 1558 2144; x_wconf 91' lang='lat' dir='ltr'><strong><em>quomodo</em></strong></span> <span class='ocrx_word' id='word_1_148' title='bbox 1607 2070 1790 2139; x_wconf 70' lang='lat' dir='ltr'><strong><em>mucis</em></strong></span> 
     </span>
    </p>
   </div>
   <div class='ocr_carea' id='block_1_21' title="bbox 176 2163 1789 2240">
    <p class='ocr_par' dir='ltr' id='par_1_21' title="bbox 176 2163 1789 2240">
     <span class='ocr_line' id='line_1_21' title="bbox 176 2163 1789 2240; baseline -0.004 -17"><span class='ocrx_word' id='word_1_149' title='bbox 176 2170 381 2223; x_wconf 86' lang='lat' dir='ltr'><strong><em>omnia</em></strong></span> <span class='ocrx_word' id='word_1_150' title='bbox 417 2169 735 2240; x_wconf 83' lang='lat' dir='ltr'><strong><em>complexus</em></strong></span> <span class='ocrx_word' id='word_1_151' title='bbox 764 2168 833 2224; x_wconf 88' lang='lat' dir='ltr'><strong><em>sit</em></strong></span> <span class='ocrx_word' id='word_1_152' title='bbox 863 2168 1210 2234; x_wconf 84' lang='lat' dir='ltr'><strong><em>charismata,</em></strong></span> <span class='ocrx_word' id='word_1_153' title='bbox 1246 2165 1579 2237; x_wconf 87' lang='lat' dir='ltr'><strong><em>prophetiam</em></strong></span> <span class='ocrx_word' id='word_1_154' title='bbox 1603 2163 1789 2218; x_wconf 90' lang='lat' dir='ltr'><strong><em>dicens</em></strong></span> 
     </span>
    </p>
   </div>
   <div class='ocr_carea' id='block_1_22' title="bbox 149 2258 1789 2330">
    <p class='ocr_par' dir='ltr' id='par_1_22' title="bbox 149 2258 1789 2330">
     <span class='ocr_line' id='line_1_22' title="bbox 149 2258 1789 2330; baseline -0.002 -14"><span class='ocrx_word' id='word_1_155' title='bbox 149 2272 238 2323; x_wconf 71' lang='lat' dir='ltr'><strong><em>,et</em></strong></span> <span class='ocrx_word' id='word_1_156' title='bbox 271 2261 442 2317; x_wconf 84' lang='lat' dir='ltr'><strong><em>fidem</em></strong></span> <span class='ocrx_word' id='word_1_157' title='bbox 474 2279 489 2316; x_wconf 90' lang='lat'><strong>:</strong></span> <span class='ocrx_word' id='word_1_158' title='bbox 517 2272 610 2318; x_wconf 92' lang='lat' dir='ltr'><strong><em>aut</em></strong></span> <span class='ocrx_word' id='word_1_159' title='bbox 652 2263 797 2318; x_wconf 89' lang='lat' dir='ltr'><strong><em>enim</em></strong></span> <span class='ocrx_word' id='word_1_160' title='bbox 842 2262 894 2316; x_wconf 90' lang='lat' dir='ltr'><strong><em>in</em></strong></span> <span class='ocrx_word' id='word_1_161' title='bbox 938 2261 1116 2317; x_wconf 86' lang='lat' dir='ltr'><strong><em>verbis</em></strong></span> <span class='ocrx_word' id='word_1_162' title='bbox 1156 2269 1249 2315; x_wconf 89' lang='lat' dir='ltr'><strong><em>aut</em></strong></span> <span class='ocrx_word' id='word_1_163' title='bbox 1274 2260 1326 2314; x_wconf 93' lang='lat' dir='ltr'><strong><em>in</em></strong></span> <span class='ocrx_word' id='word_1_164' title='bbox 1357 2258 1610 2330; x_wconf 85' lang='lat' dir='ltr'><strong><em>aperibus</em></strong></span> <span class='ocrx_word' id='word_1_165' title='bbox 1638 2258 1789 2327; x_wconf 76' lang='lat' dir='ltr'><strong><em>signa</em></strong></span> 
     </span>
    </p>
   </div>
   <div class='ocr_carea' id='block_1_23' title="bbox 170 2351 1790 2425">
    <p class='ocr_par' dir='ltr' id='par_1_23' title="bbox 170 2351 1790 2425">
     <span class='ocr_line' id='line_1_23' title="bbox 170 2351 1790 2425; baseline -0.003 -17"><span class='ocrx_word' id='word_1_166' title='bbox 170 2363 340 2408; x_wconf 79' lang='lat' dir='ltr'><strong><em>sunt.</em></strong></span> <span class='ocrx_word' id='word_1_167' title='bbox 372 2354 479 2411; x_wconf 84' lang='lat' dir='ltr'><strong><em>Sed</em></strong></span> <span class='ocrx_word' id='word_1_168' title='bbox 512 2354 783 2425; x_wconf 88' lang='lat' dir='ltr'><strong><em>quomodo</em></strong></span> <span class='ocrx_word' id='word_1_169' title='bbox 824 2353 1073 2409; x_wconf 85' lang='lat' dir='ltr'><strong><em>Christus</em></strong></span> <span class='ocrx_word' id='word_1_170' title='bbox 1124 2352 1294 2419; x_wconf 78' lang='lat' dir='ltr'><strong><em>dixit,</em></strong></span> <span class='ocrx_word' id='word_1_171' title='bbox 1344 2351 1620 2406; x_wconf 88' lang='lat' dir='ltr'><strong><em>minimam</em></strong></span> <span class='ocrx_word' id='word_1_172' title='bbox 1667 2363 1790 2404; x_wconf 86' lang='lat' dir='ltr'><strong><em>esse</em></strong></span> 
     </span>
    </p>
   </div>
   <div class='ocr_carea' id='block_1_24' title="bbox 170 2441 1788 2517">
    <p class='ocr_par' dir='ltr' id='par_1_24' title="bbox 170 2441 1788 2517">
     <span class='ocr_line' id='line_1_24' title="bbox 170 2441 1788 2517; baseline -0.004 -18"><span class='ocrx_word' id='word_1_173' title='bbox 170 2444 318 2500; x_wconf 81' lang='lat' dir='ltr'><strong><em>ﬁdei</em></strong></span> <span class='ocrx_word' id='word_1_174' title='bbox 352 2456 583 2516; x_wconf 84' lang='lat' dir='ltr'><strong><em>partem,</em></strong></span> <span class='ocrx_word' id='word_1_175' title='bbox 610 2461 769 2517; x_wconf 85' lang='lat' dir='ltr'><strong><em>posse</em></strong></span> <span class='ocrx_word' id='word_1_176' title='bbox 794 2454 1033 2501; x_wconf 89' lang='lat' dir='ltr'><strong><em>montem</em></strong></span> <span class='ocrx_word' id='word_1_177' title='bbox 1062 2444 1351 2499; x_wconf 83' lang='lat' dir='ltr'><strong><em>transferre</em></strong></span> <span class='ocrx_word' id='word_1_178' title='bbox 1376 2442 1400 2497; x_wconf 87' lang='lat'><strong>?</strong></span> <span class='ocrx_word' id='word_1_179' title='bbox 1429 2457 1551 2497; x_wconf 90' lang='lat' dir='ltr'><strong><em>nam</em></strong></span> <span class='ocrx_word' id='word_1_180' title='bbox 1586 2449 1646 2495; x_wconf 91' lang='lat' dir='ltr'><strong><em>ut</em></strong></span> <span class='ocrx_word' id='word_1_181' title='bbox 1689 2441 1788 2494; x_wconf 86' lang='lat' dir='ltr'><strong><em>tui-</em></strong></span> 
     </span>
    </p>
   </div>
   <div class='ocr_carea' id='block_1_25' title="bbox 169 2531 1812 2610">
    <p class='ocr_par' dir='ltr' id='par_1_25' title="bbox 169 2531 1812 2610">
     <span class='ocr_line' id='line_1_25' title="bbox 169 2531 1812 2610; baseline -0.004 -18"><span class='ocrx_word' id='word_1_182' title='bbox 169 2537 408 2593; x_wconf 85' lang='lat' dir='ltr'><strong><em>nimum</em></strong></span> <span class='ocrx_word' id='word_1_183' title='bbox 434 2539 743 2610; x_wconf 80' lang='lat' dir='ltr'><strong><em>signiﬁcans</em></strong></span> <span class='ocrx_word' id='word_1_184' title='bbox 764 2579 779 2605; x_wconf 92' lang='lat'><strong><em>,</em></strong></span> <span class='ocrx_word' id='word_1_185' title='bbox 824 2540 896 2593; x_wconf 90' lang='lat' dir='ltr'><strong><em>ita</em></strong></span> <span class='ocrx_word' id='word_1_186' title='bbox 928 2539 1107 2608; x_wconf 85' lang='lat' dir='ltr'><strong><em>posuit</em></strong></span> <span class='ocrx_word' id='word_1_187' title='bbox 1148 2536 1334 2591; x_wconf 89' lang='lat' dir='ltr'><strong><em>dicens</em></strong></span> <span class='ocrx_word' id='word_1_188' title='bbox 1363 2552 1377 2588; x_wconf 90' lang='lat'><strong>:</strong></span> <span class='ocrx_word' id='word_1_189' title='bbox 1410 2533 1472 2591; x_wconf 97' lang='lat' dir='ltr'><strong><em>Si</em></strong></span> <span class='ocrx_word' id='word_1_190' title='bbox 1516 2531 1812 2599; x_wconf 31' lang='lat' dir='ltr'><strong><em>habueritis,</em></strong></span> 
     </span>
    </p>
   </div>
   <div class='ocr_carea' id='block_1_26' title="bbox 164 2626 1786 2704">
    <p class='ocr_par' dir='ltr' id='par_1_26' title="bbox 164 2626 1786 2704">
     <span class='ocr_line' id='line_1_26' title="bbox 164 2626 1786 2704; baseline -0.002 -21"><span class='ocrx_word' id='word_1_191' title='bbox 164 2631 347 2699; x_wconf 82' lang='lat' dir='ltr'><strong><em>[idem</em></strong></span> <span class='ocrx_word' id='word_1_192' title='bbox 383 2633 514 2687; x_wconf 90' lang='lat' dir='ltr'><strong><em>sicut</em></strong></span> <span class='ocrx_word' id='word_1_193' title='bbox 540 2649 758 2704; x_wconf 85' lang='lat' dir='ltr'><strong><em>granum</em></strong></span> <span class='ocrx_word' id='word_1_194' title='bbox 783 2632 997 2704; x_wconf 75' lang='lat' dir='ltr'><strong><em>sinapis,</em></strong></span> <span class='ocrx_word' id='word_1_195' title='bbox 1024 2632 1200 2684; x_wconf 85' lang='lat' dir='ltr'><strong><em>dicetis</em></strong></span> <span class='ocrx_word' id='word_1_196' title='bbox 1229 2630 1349 2683; x_wconf 86' lang='lat' dir='ltr'><strong><em>huic</em></strong></span> <span class='ocrx_word' id='word_1_197' title='bbox 1375 2630 1550 2691; x_wconf 87' lang='lat' dir='ltr'><strong><em>monti,</em></strong></span> <span class='ocrx_word' id='word_1_198' title='bbox 1581 2626 1786 2692; x_wconf 85' lang='lat' dir='ltr'><strong><em>Transi,</em></strong></span> 
     </span>
    </p>
   </div>
   <div class='ocr_carea' id='block_1_27' title="bbox 168 2717 1788 2795">
    <p class='ocr_par' dir='ltr' id='par_1_27' title="bbox 168 2717 1788 2795">
     <span class='ocr_line' id='line_1_27' title="bbox 168 2717 1788 2795; baseline -0.002 -20"><span class='ocrx_word' id='word_1_199' title='bbox 168 2732 223 2775; x_wconf 76' lang='lat' dir='ltr'><strong><em>et</em></strong></span> <span class='ocrx_word' id='word_1_200' title='bbox 256 2724 504 2777; x_wconf 86' lang='lat' dir='ltr'><strong><em>transibit</em></strong></span> <span class='ocrx_word' id='word_1_201' title='bbox 540 2722 559 2795; x_wconf 96' lang='lat'>(</span> <span class='ocrx_word' id='word_1_202' title='bbox 590 2723 777 2789; x_wconf 83' lang='lat' dir='ltr'><strong><em>Matth.</em></strong></span> <span class='ocrx_word' id='word_1_203' title='bbox 806 2725 898 2790; x_wconf 82' lang='grc'><strong>17,</strong></span> <span class='ocrx_word' id='word_1_204' title='bbox 924 2721 992 2777; x_wconf 84' lang='grc'><strong>19</strong></span> <span class='ocrx_word' id='word_1_205' title='bbox 1018 2733 1033 2791; x_wconf 85' lang='grc'><strong><em>)</em></strong></span> <span class='ocrx_word' id='word_1_206' title='bbox 1064 2739 1078 2775; x_wconf 91' lang='lat'><strong>:</strong></span> <span class='ocrx_word' id='word_1_207' title='bbox 1113 2722 1308 2776; x_wconf 80' lang='lat' dir='ltr'><strong><em>Paulus</em></strong></span> <span class='ocrx_word' id='word_1_208' title='bbox 1334 2734 1460 2773; x_wconf 87' lang='lat' dir='ltr'><strong><em>vero</em></strong></span> <span class='ocrx_word' id='word_1_209' title='bbox 1482 2718 1608 2775; x_wconf 89' lang='lat' dir='ltr'><strong><em>dicit</em></strong></span> <span class='ocrx_word' id='word_1_210' title='bbox 1650 2717 1788 2771; x_wconf 89' lang='lat' dir='ltr'><strong><em>hanc</em></strong></span> 
     </span>
    </p>
   </div>
   <div class='ocr_carea' id='block_1_28' title="bbox 165 2808 1784 2884">
    <p class='ocr_par' dir='ltr' id='par_1_28' title="bbox 165 2808 1784 2884">
     <span class='ocr_line' id='line_1_28' title="bbox 165 2808 1784 2884; baseline -0.003 -17"><span class='ocrx_word' id='word_1_211' title='bbox 165 2827 415 2868; x_wconf 84' lang='lat' dir='ltr'><strong><em>omuem</em></strong></span> <span class='ocrx_word' id='word_1_212' title='bbox 441 2814 601 2869; x_wconf 86' lang='lat' dir='ltr'><strong><em>ﬁdem</em></strong></span> <span class='ocrx_word' id='word_1_213' title='bbox 622 2813 783 2870; x_wconf 86' lang='lat' dir='ltr'><strong><em>esse?</em></strong></span> <span class='ocrx_word' id='word_1_214' title='bbox 809 2813 945 2883; x_wconf 84' lang='lat' dir='ltr'><strong><em>Quid</em></strong></span> <span class='ocrx_word' id='word_1_215' title='bbox 987 2828 1118 2884; x_wconf 83' lang='lat' dir='ltr'><strong><em>ergo</em></strong></span> <span class='ocrx_word' id='word_1_216' title='bbox 1159 2810 1484 2866; x_wconf 80' lang='lat' dir='ltr'><strong><em>dicendum?</em></strong></span> <span class='ocrx_word' id='word_1_217' title='bbox 1520 2808 1784 2875; x_wconf 84' lang='lat' dir='ltr'><strong><em>Quoniam</em></strong></span> 
     </span>
    </p>
   </div>
   <div class='ocr_carea' id='block_1_29' title="bbox 165 2898 1784 2976">
    <p class='ocr_par' dir='ltr' id='par_1_29' title="bbox 165 2898 1784 2976">
     <span class='ocr_line' id='line_1_29' title="bbox 165 2898 1784 2976; baseline -0.004 -17"><span class='ocrx_word' id='word_1_218' title='bbox 165 2920 449 2976; x_wconf 80' lang='lat' dir='ltr'><strong><em>magnum</em></strong></span> <span class='ocrx_word' id='word_1_219' title='bbox 480 2907 610 2961; x_wconf 84' lang='lat' dir='ltr'><strong><em>illud</em></strong></span> <span class='ocrx_word' id='word_1_220' title='bbox 636 2918 788 2971; x_wconf 89' lang='lat' dir='ltr'><strong><em>erat,</em></strong></span> <span class='ocrx_word' id='word_1_221' title='bbox 819 2917 1058 2961; x_wconf 88' lang='lat' dir='ltr'><strong><em>montem</em></strong></span> <span class='ocrx_word' id='word_1_222' title='bbox 1108 2904 1402 2959; x_wconf 83' lang='lat' dir='ltr'><strong><em>transferre</em></strong></span> <span class='ocrx_word' id='word_1_223' title='bbox 1426 2943 1442 2965; x_wconf 88' lang='lat'><strong><em>,</em></strong></span> <span class='ocrx_word' id='word_1_224' title='bbox 1488 2900 1609 2956; x_wconf 87' lang='lat' dir='ltr'><strong><em>ideo</em></strong></span> <span class='ocrx_word' id='word_1_225' title='bbox 1653 2898 1784 2954; x_wconf 92' lang='lat' dir='ltr'><strong><em>illud</em></strong></span> 
     </span>
    </p>
   </div>
   <div class='ocr_carea' id='block_1_30' title="bbox 167 2989 1786 3067">
    <p class='ocr_par' dir='ltr' id='par_1_30' title="bbox 167 2989 1786 3067">
     <span class='ocr_line' id='line_1_30' title="bbox 167 2989 1786 3067; baseline -0.002 -18"><span class='ocrx_word' id='word_1_226' title='bbox 167 2996 554 3060; x_wconf 80' lang='lat' dir='ltr'><strong><em>memoravit;</em></strong></span> <span class='ocrx_word' id='word_1_227' title='bbox 588 3012 696 3051; x_wconf 91' lang='lat' dir='ltr'><strong><em>non</em></strong></span> <span class='ocrx_word' id='word_1_228' title='bbox 720 2996 870 3067; x_wconf 77' lang='lat' dir='ltr'><strong><em>quasi</em></strong></span> <span class='ocrx_word' id='word_1_229' title='bbox 904 2997 1005 3051; x_wconf 90' lang='lat' dir='ltr'><strong><em>hoc</em></strong></span> <span class='ocrx_word' id='word_1_230' title='bbox 1033 2994 1145 3050; x_wconf 88' lang='lat' dir='ltr'><strong><em>sola</em></strong></span> <span class='ocrx_word' id='word_1_231' title='bbox 1174 3002 1355 3065; x_wconf 88' lang='lat' dir='ltr'><strong><em>posset</em></strong></span> <span class='ocrx_word' id='word_1_232' title='bbox 1378 3001 1485 3048; x_wconf 90' lang='lat' dir='ltr'><strong><em>tota</em></strong></span> <span class='ocrx_word' id='word_1_233' title='bbox 1515 2990 1670 3056; x_wconf 83' lang='lat' dir='ltr'><strong><em>ﬁdes,</em></strong></span> <span class='ocrx_word' id='word_1_234' title='bbox 1689 2989 1786 3046; x_wconf 87' lang='lat' dir='ltr'><strong><em>sed</em></strong></span> 
     </span>
    </p>
   </div>
   <div class='ocr_carea' id='block_1_31' title="bbox 168 3081 1790 3157">
    <p class='ocr_par' dir='ltr' id='par_1_31' title="bbox 168 3081 1790 3157">
     <span class='ocr_line' id='line_1_31' title="bbox 168 3081 1790 3157; baseline -0.002 -18"><span class='ocrx_word' id='word_1_235' title='bbox 168 3086 310 3155; x_wconf 86' lang='lat' dir='ltr'><strong><em>quia</em></strong></span> <span class='ocrx_word' id='word_1_236' title='bbox 346 3088 452 3141; x_wconf 89' lang='lat' dir='ltr'><strong><em>hoc</em></strong></span> <span class='ocrx_word' id='word_1_237' title='bbox 480 3102 732 3157; x_wconf 75' lang='lat' dir='ltr'><strong><em>magnum</em></strong></span> <span class='ocrx_word' id='word_1_238' title='bbox 757 3086 1109 3141; x_wconf 88' lang='lat' dir='ltr'><strong><em>crassioribus</em></strong></span> <span class='ocrx_word' id='word_1_239' title='bbox 1136 3085 1412 3141; x_wconf 82' lang='lat' dir='ltr'><strong><em>ridebatur</em></strong></span> <span class='ocrx_word' id='word_1_240' title='bbox 1436 3097 1557 3139; x_wconf 88' lang='lat' dir='ltr'><strong><em>esse</em></strong></span> <span class='ocrx_word' id='word_1_241' title='bbox 1580 3081 1651 3138; x_wconf 92' lang='lat' dir='ltr'><strong><em>ob</em></strong></span> <span class='ocrx_word' id='word_1_242' title='bbox 1672 3095 1790 3136; x_wconf 81' lang='lat' dir='ltr'><strong><em>mo-</em></strong></span> 
     </span>
    </p>
   </div>
   <div class='ocr_carea' id='block_1_32' title="bbox 170 3174 1786 3251">
    <p class='ocr_par' dir='ltr' id='par_1_32' title="bbox 170 3174 1786 3251">
     <span class='ocr_line' id='line_1_32' title="bbox 170 3174 1786 3251; baseline -0.002 -18"><span class='ocrx_word' id='word_1_243' title='bbox 170 3179 293 3234; x_wconf 86' lang='lat' dir='ltr'><strong><em>lem</em></strong></span> <span class='ocrx_word' id='word_1_244' title='bbox 322 3182 593 3251; x_wconf 84' lang='lat' dir='ltr'><strong><em>corporis,</em></strong></span> <span class='ocrx_word' id='word_1_245' title='bbox 627 3181 749 3235; x_wconf 91' lang='lat' dir='ltr'><strong><em>hinc</em></strong></span> <span class='ocrx_word' id='word_1_246' title='bbox 775 3196 989 3251; x_wconf 89' lang='lat' dir='ltr'><strong><em>quoque</em></strong></span> <span class='ocrx_word' id='word_1_247' title='bbox 1019 3195 1131 3234; x_wconf 89' lang='lat' dir='ltr'><strong><em>rem</em></strong></span> <span class='ocrx_word' id='word_1_248' title='bbox 1182 3179 1508 3249; x_wconf 87' lang='lat' dir='ltr'><strong><em>propositam</em></strong></span> <span class='ocrx_word' id='word_1_249' title='bbox 1555 3174 1786 3247; x_wconf 85' lang='lat' dir='ltr'><strong><em>amplifi-</em></strong></span> 
     </span>
    </p>
   </div>
   <div class='ocr_carea' id='block_1_33' title="bbox 173 3272 1787 3345">
    <p class='ocr_par' dir='ltr' id='par_1_33' title="bbox 173 3272 1787 3345">
     <span class='ocr_line' id='line_1_33' title="bbox 173 3272 1787 3345; baseline -0.002 -17"><span class='ocrx_word' id='word_1_250' title='bbox 173 3283 293 3329; x_wconf 87' lang='lat' dir='ltr'><strong><em>cat.</em></strong></span> <span class='ocrx_word' id='word_1_251' title='bbox 326 3273 446 3330; x_wconf 89' lang='lat' dir='ltr'><strong><em>lloc</em></strong></span> <span class='ocrx_word' id='word_1_252' title='bbox 476 3285 652 3330; x_wconf 90' lang='lat' dir='ltr'><strong><em>autem</em></strong></span> <span class='ocrx_word' id='word_1_253' title='bbox 678 3274 790 3329; x_wconf 87' lang='lat' dir='ltr'><strong><em>vult</em></strong></span> <span class='ocrx_word' id='word_1_254' title='bbox 821 3273 1125 3345; x_wconf 81' lang='lat' dir='ltr'><strong><em>signiﬁcare</em></strong></span> <span class='ocrx_word' id='word_1_255' title='bbox 1153 3290 1167 3327; x_wconf 89' lang='lat'><strong>:</strong></span> <span class='ocrx_word' id='word_1_256' title='bbox 1200 3273 1253 3329; x_wconf 89' lang='lat' dir='ltr'><strong><em>Si</em></strong></span> <span class='ocrx_word' id='word_1_257' title='bbox 1297 3272 1538 3327; x_wconf 88' lang='lat' dir='ltr'><strong><em>habuero</em></strong></span> <span class='ocrx_word' id='word_1_258' title='bbox 1565 3284 1787 3327; x_wconf 89' lang='lat' dir='ltr'><strong><em>omnem</em></strong></span> 
     </span>
    </p>
   </div>
   <div class='ocr_carea' id='block_1_34' title="bbox 180 3365 1788 3437">
    <p class='ocr_par' dir='ltr' id='par_1_34' title="bbox 180 3365 1788 3437">
     <span class='ocr_line' id='line_1_34' title="bbox 180 3365 1788 3437; baseline -0.001 -17"><span class='ocrx_word' id='word_1_259' title='bbox 180 3367 382 3429; x_wconf 85' lang='lat' dir='ltr'><strong><em>ﬁdem.</em></strong></span> <span class='ocrx_word' id='word_1_260' title='bbox 409 3379 462 3423; x_wconf 91' lang='lat' dir='ltr'><strong><em>et</em></strong></span> <span class='ocrx_word' id='word_1_261' title='bbox 489 3370 534 3423; x_wconf 93' lang='lat' dir='ltr'><strong><em>si</em></strong></span> <span class='ocrx_word' id='word_1_262' title='bbox 558 3368 757 3437; x_wconf 82' lang='lat' dir='ltr'><strong><em>possim</em></strong></span> <span class='ocrx_word' id='word_1_263' title='bbox 790 3377 1005 3423; x_wconf 91' lang='lat' dir='ltr'><strong><em>montes</em></strong></span> <span class='ocrx_word' id='word_1_264' title='bbox 1037 3365 1350 3429; x_wconf 86' lang='lat' dir='ltr'><strong><em>transferre,</em></strong></span> <span class='ocrx_word' id='word_1_265' title='bbox 1383 3365 1665 3421; x_wconf 88' lang='lat' dir='ltr'><strong><em>caritatem</em></strong></span> <span class='ocrx_word' id='word_1_266' title='bbox 1692 3378 1788 3419; x_wconf 89' lang='lat' dir='ltr'><strong><em>au-</em></strong></span> 
     </span>
    </p>
   </div>
   <div class='ocr_carea' id='block_1_35' title="bbox 184 3459 1788 3526">
    <p class='ocr_par' dir='ltr' id='par_1_35' title="bbox 184 3459 1788 3526">
     <span class='ocr_line' id='line_1_35' title="bbox 184 3459 1788 3526; baseline -0.001 -12"><span class='ocrx_word' id='word_1_267' title='bbox 184 3468 298 3514; x_wconf 84' lang='lat' dir='ltr'><strong><em>tem</em></strong></span> <span class='ocrx_word' id='word_1_268' title='bbox 332 3477 443 3515; x_wconf 88' lang='lat' dir='ltr'><strong><em>non</em></strong></span> <span class='ocrx_word' id='word_1_269' title='bbox 470 3462 727 3526; x_wconf 84' lang='lat' dir='ltr'><strong><em>habuero,</em></strong></span> <span class='ocrx_word' id='word_1_270' title='bbox 759 3461 890 3515; x_wconf 88' lang='lat' dir='ltr'><strong><em>nihil</em></strong></span> <span class='ocrx_word' id='word_1_271' title='bbox 918 3476 1059 3517; x_wconf 91' lang='lat' dir='ltr'><strong><em>sum.</em></strong></span> <span class='ocrx_word' id='word_1_272' title='bbox 1093 3461 1146 3516; x_wconf 81' lang='grc'><strong>5.</strong></span> <span class='ocrx_word' id='word_1_273' title='bbox 1180 3459 1248 3514; x_wconf 87' lang='lat' dir='ltr'><strong><em>Et</em></strong></span> <span class='ocrx_word' id='word_1_274' title='bbox 1290 3461 1336 3515; x_wconf 88' lang='lat' dir='ltr'><strong><em>si</em></strong></span> <span class='ocrx_word' id='word_1_275' title='bbox 1379 3460 1682 3513; x_wconf 82' lang='lat' dir='ltr'><strong><em>distribuere</em></strong></span> <span class='ocrx_word' id='word_1_276' title='bbox 1734 3459 1788 3513; x_wconf 87' lang='lat' dir='ltr'><strong><em>in</em></strong></span> 
     </span>
    </p>
   </div>
   <div class='ocr_carea' id='block_1_36' title="bbox 187 3552 1789 3625">
    <p class='ocr_par' dir='ltr' id='par_1_36' title="bbox 187 3552 1789 3625">
     <span class='ocr_line' id='line_1_36' title="bbox 187 3552 1789 3625; baseline 0.001 -20"><span class='ocrx_word' id='word_1_277' title='bbox 187 3554 331 3608; x_wconf 84' lang='lat' dir='ltr'><strong><em>cibos</em></strong></span> <span class='ocrx_word' id='word_1_278' title='bbox 360 3571 644 3625; x_wconf 87' lang='lat' dir='ltr'><strong><em>pauperum</em></strong></span> <span class='ocrx_word' id='word_1_279' title='bbox 673 3571 843 3610; x_wconf 89' lang='lat' dir='ltr'><strong><em>omnes</em></strong></span> <span class='ocrx_word' id='word_1_280' title='bbox 867 3557 1138 3625; x_wconf 77' lang='lat' dir='ltr'><strong><em>facultates</em></strong></span> <span class='ocrx_word' id='word_1_281' title='bbox 1165 3571 1332 3622; x_wconf 87' lang='lat' dir='ltr'><strong><em>meas,</em></strong></span> <span class='ocrx_word' id='word_1_282' title='bbox 1370 3564 1416 3609; x_wconf 88' lang='lat' dir='ltr'><strong><em>et</em></strong></span> <span class='ocrx_word' id='word_1_283' title='bbox 1459 3554 1504 3609; x_wconf 85' lang='lat' dir='ltr'><strong><em>si</em></strong></span> <span class='ocrx_word' id='word_1_284' title='bbox 1530 3552 1789 3608; x_wconf 82' lang='lat' dir='ltr'><strong><em>tradidero</em></strong></span> 
     </span>
    </p>
   </div>
   <div class='ocr_carea' id='block_1_37' title="bbox 191 3645 1788 3716">
    <p class='ocr_par' dir='ltr' id='par_1_37' title="bbox 191 3645 1788 3716">
     <span class='ocr_line' id='line_1_37' title="bbox 191 3645 1788 3716; baseline 0.001 -20"><span class='ocrx_word' id='word_1_285' title='bbox 191 3661 383 3716; x_wconf 79' lang='lat' dir='ltr'><strong><em>corpus</em></strong></span> <span class='ocrx_word' id='word_1_286' title='bbox 421 3663 588 3701; x_wconf 89' lang='lat' dir='ltr'><strong><em>meum</em></strong></span> <span class='ocrx_word' id='word_1_287' title='bbox 622 3648 693 3700; x_wconf 88' lang='lat' dir='ltr'><strong><em>ita</em></strong></span> <span class='ocrx_word' id='word_1_288' title='bbox 716 3657 771 3700; x_wconf 90' lang='lat' dir='ltr'><strong><em>ut</em></strong></span> <span class='ocrx_word' id='word_1_289' title='bbox 792 3647 1002 3700; x_wconf 85' lang='lat' dir='ltr'><strong><em>ardeam</em></strong></span> <span class='ocrx_word' id='word_1_290' title='bbox 1025 3688 1039 3712; x_wconf 97' lang='lat'><strong><em>,</em></strong></span> <span class='ocrx_word' id='word_1_291' title='bbox 1077 3648 1338 3701; x_wconf 85' lang='lat' dir='ltr'><strong><em>caritatem</em></strong></span> <span class='ocrx_word' id='word_1_292' title='bbox 1367 3654 1532 3701; x_wconf 87' lang='lat' dir='ltr'><strong><em>autem</em></strong></span> <span class='ocrx_word' id='word_1_293' title='bbox 1562 3661 1664 3700; x_wconf 86' lang='lat' dir='ltr'><strong><em>non</em></strong></span> <span class='ocrx_word' id='word_1_294' title='bbox 1690 3645 1788 3699; x_wconf 85' lang='lat' dir='ltr'><strong><em>ha-</em></strong></span> 
     </span>
    </p>
   </div>
   <div class='ocr_carea' id='block_1_38' title="bbox 196 3738 1786 3812">
    <p class='ocr_par' dir='ltr' id='par_1_38' title="bbox 196 3738 1786 3812">
     <span class='ocr_line' id='line_1_38' title="bbox 196 3738 1786 3812; baseline 0.002 -22"><span class='ocrx_word' id='word_1_295' title='bbox 196 3738 351 3793; x_wconf 86' lang='lat' dir='ltr'><strong><em>buero</em></strong></span> <span class='ocrx_word' id='word_1_296' title='bbox 377 3781 393 3806; x_wconf 91' lang='lat'><strong><em>,</em></strong></span> <span class='ocrx_word' id='word_1_297' title='bbox 420 3740 553 3794; x_wconf 88' lang='lat' dir='ltr'><strong><em>nihil</em></strong></span> <span class='ocrx_word' id='word_1_298' title='bbox 575 3741 698 3794; x_wconf 89' lang='lat' dir='ltr'><strong><em>mihi</em></strong></span> <span class='ocrx_word' id='word_1_299' title='bbox 736 3740 958 3811; x_wconf 85' lang='lat' dir='ltr'><strong><em>prodest.</em></strong></span> <span class='ocrx_word' id='word_1_300' title='bbox 1011 3740 1190 3811; x_wconf 74' lang='lat' dir='ltr'><strong><em>Papm,</em></strong></span> <span class='ocrx_word' id='word_1_301' title='bbox 1216 3749 1413 3809; x_wconf 87' lang='lat' dir='ltr'><strong><em>quanta</em></strong></span> <span class='ocrx_word' id='word_1_302' title='bbox 1458 3738 1786 3812; x_wconf 76' lang='lat' dir='ltr'><strong><em>hyperbole!</em></strong></span> 
     </span>
    </p>
   </div>
   <div class='ocr_carea' id='block_1_39' title="bbox 197 3830 1789 3904">
    <p class='ocr_par' dir='ltr' id='par_1_39' title="bbox 197 3830 1789 3904">
     <span class='ocr_line' id='line_1_39' title="bbox 197 3830 1789 3904; baseline 0 -18"><span class='ocrx_word' id='word_1_303' title='bbox 197 3830 414 3887; x_wconf 81' lang='lat' dir='ltr'><strong><em>Etenim</em></strong></span> <span class='ocrx_word' id='word_1_304' title='bbox 449 3833 562 3888; x_wconf 71' lang='lat' dir='ltr'><strong><em>hmc</em></strong></span> <span class='ocrx_word' id='word_1_305' title='bbox 591 3835 877 3904; x_wconf 90' lang='lat' dir='ltr'><strong><em>pouitcum</em></strong></span> <span class='ocrx_word' id='word_1_306' title='bbox 900 3833 1008 3890; x_wconf 91' lang='lat' dir='ltr'><strong><em>alio</em></strong></span> <span class='ocrx_word' id='word_1_307' title='bbox 1044 3834 1434 3888; x_wconf 87' lang='lat' dir='ltr'><strong><em>additamento.</em></strong></span> <span class='ocrx_word' id='word_1_308' title='bbox 1481 3833 1598 3888; x_wconf 85' lang='lat' dir='ltr'><strong><em>Non</em></strong></span> <span class='ocrx_word' id='word_1_309' title='bbox 1644 3832 1789 3887; x_wconf 91' lang='lat' dir='ltr'><strong><em>enim</em></strong></span> 
     </span>
    </p>
   </div>
   <div class='ocr_carea' id='block_1_40' title="bbox 196 3924 1789 3998">
    <p class='ocr_par' dir='ltr' id='par_1_40' title="bbox 196 3924 1789 3998">
     <span class='ocr_line' id='line_1_40' title="bbox 196 3924 1789 3998; baseline -0.002 -17"><span class='ocrx_word' id='word_1_310' title='bbox 196 3924 381 3981; x_wconf 79' lang='lat' dir='ltr'><strong><em>dixit:</em></strong></span> <span class='ocrx_word' id='word_1_311' title='bbox 428 3927 486 3983; x_wconf 87' lang='lat' dir='ltr'><strong><em>Si</em></strong></span> <span class='ocrx_word' id='word_1_312' title='bbox 524 3927 725 3983; x_wconf 89' lang='lat' dir='ltr'><strong><em>dedero</em></strong></span> <span class='ocrx_word' id='word_1_313' title='bbox 777 3928 1099 3998; x_wconf 87' lang='lat' dir='ltr'><strong><em>pauperibus</em></strong></span> <span class='ocrx_word' id='word_1_314' title='bbox 1149 3926 1425 3981; x_wconf 88' lang='lat' dir='ltr'><strong><em>dimidiam</em></strong></span> <span class='ocrx_word' id='word_1_315' title='bbox 1480 3926 1789 3981; x_wconf 77' lang='lat' dir='ltr'><strong><em>facultatum</em></strong></span> 
     </span>
    </p>
   </div>
   <div class='ocr_carea' id='block_1_41' title="bbox 195 4015 1792 4088">
    <p class='ocr_par' dir='ltr' id='par_1_41' title="bbox 195 4015 1792 4088">
     <span class='ocr_line' id='line_1_41' title="bbox 195 4015 1792 4088; baseline -0.002 -16"><span class='ocrx_word' id='word_1_316' title='bbox 195 4032 441 4074; x_wconf 87' lang='lat' dir='ltr'><strong><em>mearum</em></strong></span> <span class='ocrx_word' id='word_1_317' title='bbox 483 4029 726 4088; x_wconf 82' lang='lat' dir='ltr'><strong><em>partem,</em></strong></span> <span class='ocrx_word' id='word_1_318' title='bbox 762 4029 852 4073; x_wconf 89' lang='lat' dir='ltr'><strong><em>aut</em></strong></span> <span class='ocrx_word' id='word_1_319' title='bbox 878 4019 1012 4073; x_wconf 90' lang='lat' dir='ltr'><strong><em>duas</em></strong></span> <span class='ocrx_word' id='word_1_320' title='bbox 1040 4020 1121 4072; x_wconf 85' lang='lat' dir='ltr'><strong><em>vel</em></strong></span> <span class='ocrx_word' id='word_1_321' title='bbox 1170 4028 1278 4073; x_wconf 92' lang='lat' dir='ltr'><strong><em>tres</em></strong></span> <span class='ocrx_word' id='word_1_322' title='bbox 1324 4026 1538 4088; x_wconf 78' lang='lat' dir='ltr'><strong><em>partes;</em></strong></span> <span class='ocrx_word' id='word_1_323' title='bbox 1584 4016 1703 4081; x_wconf 91' lang='lat' dir='ltr'><strong><em>sed,</em></strong></span> <span class='ocrx_word' id='word_1_324' title='bbox 1729 4015 1792 4072; x_wconf 90' lang='lat' dir='ltr'><strong><em>Si</em></strong></span> 
     </span>
    </p>
   </div>
   <div class='ocr_carea' id='block_1_42' title="bbox 196 4098 1793 4181">
    <p class='ocr_par' dir='ltr' id='par_1_42' title="bbox 196 4098 1793 4181">
     <span class='ocr_line' id='line_1_42' title="bbox 196 4098 1793 4181; baseline -0.001 -16"><span class='ocrx_word' id='word_1_325' title='bbox 196 4128 375 4165; x_wconf 84' lang='lat' dir='ltr'><strong><em>omnes</em></strong></span> <span class='ocrx_word' id='word_1_326' title='bbox 399 4098 670 4179; x_wconf 78' lang='lat' dir='ltr'><strong><em>facultates</em></strong></span> <span class='ocrx_word' id='word_1_327' title='bbox 695 4128 850 4165; x_wconf 87' lang='lat' dir='ltr'><strong><em>meas.</em></strong></span> <span class='ocrx_word' id='word_1_328' title='bbox 875 4110 1059 4181; x_wconf 85' lang='lat' dir='ltr'><strong><em>Neque</em></strong></span> <span class='ocrx_word' id='word_1_329' title='bbox 1083 4111 1248 4177; x_wconf 83' lang='lat' dir='ltr'><strong><em>dixit,</em></strong></span> <span class='ocrx_word' id='word_1_330' title='bbox 1280 4109 1508 4178; x_wconf 91' lang='lat' dir='ltr'><strong><em>Dedero,</em></strong></span> <span class='ocrx_word' id='word_1_331' title='bbox 1538 4109 1652 4172; x_wconf 91' lang='lat' dir='ltr'><strong><em>sed,</em></strong></span> <span class='ocrx_word' id='word_1_332' title='bbox 1680 4108 1793 4164; x_wconf 89' lang='lat' dir='ltr'><strong><em>Dis-</em></strong></span> 
     </span>
    </p>
   </div>
   <div class='ocr_carea' id='block_1_43' title="bbox 148 4202 1790 4277">
    <p class='ocr_par' dir='ltr' id='par_1_43' title="bbox 148 4202 1790 4277">
     <span class='ocr_line' id='line_1_43' title="bbox 148 4202 1790 4277; baseline 0.001 -22"><span class='ocrx_word' id='word_1_333' title='bbox 148 4270 161 4277; x_wconf 32' lang='lat'><em>.</em></span> <span class='ocrx_word' id='word_1_334' title='bbox 197 4205 423 4259; x_wconf 85' lang='lat' dir='ltr'><strong><em>tribuero</em></strong></span> <span class='ocrx_word' id='word_1_335' title='bbox 449 4205 502 4258; x_wconf 86' lang='lat' dir='ltr'><strong><em>in</em></strong></span> <span class='ocrx_word' id='word_1_336' title='bbox 522 4205 702 4269; x_wconf 86' lang='lat' dir='ltr'><strong><em>cibos;</em></strong></span> <span class='ocrx_word' id='word_1_337' title='bbox 738 4205 808 4258; x_wconf 89' lang='lat' dir='ltr'><strong><em>ita</em></strong></span> <span class='ocrx_word' id='word_1_338' title='bbox 837 4213 895 4258; x_wconf 93' lang='lat' dir='ltr'><strong><em>nt</em></strong></span> <span class='ocrx_word' id='word_1_339' title='bbox 920 4221 1039 4259; x_wconf 92' lang='lat' dir='ltr'><strong><em>cum</em></strong></span> <span class='ocrx_word' id='word_1_340' title='bbox 1074 4205 1311 4275; x_wconf 88' lang='lat' dir='ltr'><strong><em>impensa</em></strong></span> <span class='ocrx_word' id='word_1_341' title='bbox 1345 4204 1505 4258; x_wconf 87' lang='lat' dir='ltr'><strong><em>etiam</em></strong></span> <span class='ocrx_word' id='word_1_342' title='bbox 1546 4202 1790 4257; x_wconf 83' lang='lat' dir='ltr'><strong><em>ministe-</em></strong></span> 
     </span>
    </p>
   </div>
   <div class='ocr_carea' id='block_1_44' title="bbox 197 4294 1792 4368">
    <p class='ocr_par' dir='ltr' id='par_1_44' title="bbox 197 4294 1792 4368">
     <span class='ocr_line' id='line_1_44' title="bbox 197 4294 1792 4368; baseline -0.004 -14"><span class='ocrx_word' id='word_1_343' title='bbox 197 4300 338 4354; x_wconf 76' lang='lat' dir='ltr'><strong><em>rium</em></strong></span> <span class='ocrx_word' id='word_1_344' title='bbox 371 4307 427 4353; x_wconf 91' lang='lat' dir='ltr'><strong><em>et</em></strong></span> <span class='ocrx_word' id='word_1_345' title='bbox 455 4313 677 4368; x_wconf 87' lang='lat' dir='ltr'><strong><em>operam</em></strong></span> <span class='ocrx_word' id='word_1_346' title='bbox 704 4298 940 4368; x_wconf 86' lang='lat' dir='ltr'><strong><em>adjiciat,</em></strong></span> <span class='ocrx_word' id='word_1_347' title='bbox 964 4314 1086 4354; x_wconf 90' lang='lat' dir='ltr'><strong><em>cum</em></strong></span> <span class='ocrx_word' id='word_1_348' title='bbox 1120 4298 1462 4353; x_wconf 88' lang='lat' dir='ltr'><strong><em>accuratioue</em></strong></span> <span class='ocrx_word' id='word_1_349' title='bbox 1506 4297 1676 4352; x_wconf 89' lang='lat' dir='ltr'><strong><em>omni.</em></strong></span> <span class='ocrx_word' id='word_1_350' title='bbox 1724 4294 1792 4348; x_wconf 81' lang='lat' dir='ltr'><strong><em>Et</em></strong></span> 
     </span>
    </p>
   </div>
   <div class='ocr_carea' id='block_1_45' title="bbox 199 4388 1791 4459">
    <p class='ocr_par' dir='ltr' id='par_1_45' title="bbox 199 4388 1791 4459">
     <span class='ocr_line' id='line_1_45' title="bbox 199 4388 1791 4459; baseline -0.001 -12"><span class='ocrx_word' id='word_1_351' title='bbox 199 4393 243 4447; x_wconf 88' lang='lat' dir='ltr'><strong><em>si</em></strong></span> <span class='ocrx_word' id='word_1_352' title='bbox 262 4391 455 4446; x_wconf 77' lang='lat' dir='ltr'><strong><em>dedero</em></strong></span> <span class='ocrx_word' id='word_1_353' title='bbox 484 4408 667 4459; x_wconf 84' lang='lat' dir='ltr'><strong><em>corpus</em></strong></span> <span class='ocrx_word' id='word_1_354' title='bbox 691 4407 886 4457; x_wconf 89' lang='lat' dir='ltr'><strong><em>meum,</em></strong></span> <span class='ocrx_word' id='word_1_355' title='bbox 916 4392 987 4447; x_wconf 88' lang='lat' dir='ltr'><strong><em>ita</em></strong></span> <span class='ocrx_word' id='word_1_356' title='bbox 1010 4402 1065 4446; x_wconf 90' lang='lat' dir='ltr'><strong><em>ut</em></strong></span> <span class='ocrx_word' id='word_1_357' title='bbox 1091 4392 1319 4445; x_wconf 83' lang='lat' dir='ltr'><strong><em>ardeam.</em></strong></span> <span class='ocrx_word' id='word_1_358' title='bbox 1357 4390 1472 4446; x_wconf 85' lang='lat' dir='ltr'><strong><em>Non</em></strong></span> <span class='ocrx_word' id='word_1_359' title='bbox 1515 4390 1685 4455; x_wconf 77' lang='lat' dir='ltr'><strong><em>dixit,</em></strong></span> <span class='ocrx_word' id='word_1_360' title='bbox 1733 4388 1791 4445; x_wconf 89' lang='lat' dir='ltr'><strong><em>Si</em></strong></span> 
     </span>
    </p>
   </div>
   <div class='ocr_carea' id='block_1_46' title="bbox 207 4482 1790 4555">
    <p class='ocr_par' dir='ltr' id='par_1_46' title="bbox 207 4482 1790 4555">
     <span class='ocr_line' id='line_1_46' title="bbox 207 4482 1790 4555; baseline -0.002 -16"><span class='ocrx_word' id='word_1_361' title='bbox 207 4484 456 4550; x_wconf 86' lang='lat' dir='ltr'><strong><em>moriar;</em></strong></span> <span class='ocrx_word' id='word_1_362' title='bbox 508 4484 603 4540; x_wconf 89' lang='lat' dir='ltr'><strong><em>sed</em></strong></span> <span class='ocrx_word' id='word_1_363' title='bbox 658 4484 759 4541; x_wconf 90' lang='lat' dir='ltr'><strong><em>hoc</em></strong></span> <span class='ocrx_word' id='word_1_364' title='bbox 797 4487 957 4540; x_wconf 90' lang='lat' dir='ltr'><strong><em>etiam</em></strong></span> <span class='ocrx_word' id='word_1_365' title='bbox 1000 4500 1123 4539; x_wconf 92' lang='lat' dir='ltr'><strong><em>cum</em></strong></span> <span class='ocrx_word' id='word_1_366' title='bbox 1172 4482 1464 4555; x_wconf 78' lang='lat' dir='ltr'><strong><em>hyperbole</em></strong></span> <span class='ocrx_word' id='word_1_367' title='bbox 1510 4482 1790 4538; x_wconf 91' lang='lat' dir='ltr'><strong><em>:omnium</em></strong></span> 
     </span>
    </p>
   </div>
   <div class='ocr_carea' id='block_1_47' title="bbox 211 4576 1789 4646">
    <p class='ocr_par' dir='ltr' id='par_1_47' title="bbox 211 4576 1789 4646">
     <span class='ocr_line' id='line_1_47' title="bbox 211 4576 1789 4646; baseline 0.001 -19"><span class='ocrx_word' id='word_1_368' title='bbox 211 4576 346 4628; x_wconf 78' lang='lat' dir='ltr'><strong><em>enim</em></strong></span> <span class='ocrx_word' id='word_1_369' title='bbox 373 4576 688 4645; x_wconf 71' lang='lat' dir='ltr'><strong><em>gravissima</em></strong></span> <span class='ocrx_word' id='word_1_370' title='bbox 715 4586 888 4631; x_wconf 89' lang='lat' dir='ltr'><strong><em>morte</em></strong></span> <span class='ocrx_word' id='word_1_371' title='bbox 916 4577 1088 4646; x_wconf 88' lang='lat' dir='ltr'><strong><em>posita</em></strong></span> <span class='ocrx_word' id='word_1_372' title='bbox 1117 4616 1131 4639; x_wconf 94' lang='lat'><strong><em>,</em></strong></span> <span class='ocrx_word' id='word_1_373' title='bbox 1173 4591 1366 4643; x_wconf 89' lang='lat' dir='ltr'><strong><em>nempe</em></strong></span> <span class='ocrx_word' id='word_1_374' title='bbox 1411 4576 1592 4630; x_wconf 90' lang='lat' dir='ltr'><strong><em>vivum</em></strong></span> <span class='ocrx_word' id='word_1_375' title='bbox 1638 4590 1789 4630; x_wconf 90' lang='lat' dir='ltr'><strong><em>com-</em></strong></span> 
     </span>
    </p>
   </div>
   <div class='ocr_carea' id='block_1_48' title="bbox 217 4664 1793 4737">
    <p class='ocr_par' dir='ltr' id='par_1_48' title="bbox 217 4664 1793 4737">
     <span class='ocr_line' id='line_1_48' title="bbox 217 4664 1793 4737; baseline 0.002 -18"><span class='ocrx_word' id='word_1_376' title='bbox 217 4664 364 4731; x_wconf 90' lang='lat' dir='ltr'><strong><em>buri,</em></strong></span> <span class='ocrx_word' id='word_1_377' title='bbox 393 4681 512 4720; x_wconf 88' lang='lat' dir='ltr'><strong><em>eam</em></strong></span> <span class='ocrx_word' id='word_1_378' title='bbox 553 4668 713 4721; x_wconf 87' lang='lat' dir='ltr'><strong><em>etiam</em></strong></span> <span class='ocrx_word' id='word_1_379' title='bbox 759 4667 877 4722; x_wconf 86' lang='lat' dir='ltr'><strong><em>sine</em></strong></span> <span class='ocrx_word' id='word_1_380' title='bbox 922 4668 1145 4722; x_wconf 82' lang='lat' dir='ltr'><strong><em>caritate</em></strong></span> <span class='ocrx_word' id='word_1_381' title='bbox 1191 4666 1325 4721; x_wconf 86' lang='lat' dir='ltr'><strong><em>nihil</em></strong></span> <span class='ocrx_word' id='word_1_382' title='bbox 1371 4682 1621 4737; x_wconf 82' lang='lat' dir='ltr'><strong><em>magnum</em></strong></span> <span class='ocrx_word' id='word_1_383' title='bbox 1673 4681 1793 4722; x_wconf 87' lang='lat' dir='ltr'><strong><em>esse</em></strong></span> 
     </span>
    </p>
   </div>
   <div class='ocr_carea' id='block_1_49' title="bbox 216 4758 1793 4831">
    <p class='ocr_par' dir='ltr' id='par_1_49' title="bbox 216 4758 1793 4831">
     <span class='ocr_line' id='line_1_49' title="bbox 216 4758 1793 4831; baseline 0.001 -19"><span class='ocrx_word' id='word_1_384' title='bbox 216 4758 366 4812; x_wconf 78' lang='lat' dir='ltr'><strong><em>dixit.</em></strong></span> <span class='ocrx_word' id='word_1_385' title='bbox 398 4759 689 4827; x_wconf 74' lang='lat' dir='ltr'><strong><em>Subjuusit</em></strong></span> <span class='ocrx_word' id='word_1_386' title='bbox 718 4760 918 4831; x_wconf 87' lang='lat' dir='ltr'><strong><em>itaque,</em></strong></span> <span class='ocrx_word' id='word_1_387' title='bbox 947 4758 1098 4815; x_wconf 81' lang='lat' dir='ltr'><strong><em>Nihil</em></strong></span> <span class='ocrx_word' id='word_1_388' title='bbox 1124 4759 1248 4814; x_wconf 87' lang='lat' dir='ltr'><strong><em>mihi</em></strong></span> <span class='ocrx_word' id='word_1_389' title='bbox 1269 4760 1489 4827; x_wconf 86' lang='lat' dir='ltr'><strong><em>prodest.</em></strong></span> <span class='ocrx_word' id='word_1_390' title='bbox 1519 4758 1625 4815; x_wconf 87' lang='lat' dir='ltr'><strong><em>Sed</em></strong></span> <span class='ocrx_word' id='word_1_391' title='bbox 1657 4775 1793 4813; x_wconf 91' lang='lat' dir='ltr'><strong><em>non-</em></strong></span> 
     </span>
    </p>
   </div>
   <div class='ocr_carea' id='block_1_50' title="bbox 223 4848 1793 4923">
    <p class='ocr_par' dir='ltr' id='par_1_50' title="bbox 223 4848 1793 4923">
     <span class='ocr_line' id='line_1_50' title="bbox 223 4848 1793 4923; baseline 0.002 -20"><span class='ocrx_word' id='word_1_392' title='bbox 223 4848 337 4903; x_wconf 83' lang='lat' dir='ltr'><strong><em>duin</em></strong></span> <span class='ocrx_word' id='word_1_393' title='bbox 363 4859 528 4905; x_wconf 87' lang='lat' dir='ltr'><strong><em>totam</em></strong></span> <span class='ocrx_word' id='word_1_394' title='bbox 558 4851 891 4923; x_wconf 76' lang='lat' dir='ltr'><strong><em>hyperbolen</em></strong></span> <span class='ocrx_word' id='word_1_395' title='bbox 916 4851 1127 4907; x_wconf 88' lang='lat' dir='ltr'><strong><em>ostendi</em></strong></span> <span class='ocrx_word' id='word_1_396' title='bbox 1155 4892 1169 4916; x_wconf 91' lang='lat'><strong><em>,</em></strong></span> <span class='ocrx_word' id='word_1_397' title='bbox 1199 4850 1373 4906; x_wconf 82' lang='lat' dir='ltr'><strong><em>donec</em></strong></span> <span class='ocrx_word' id='word_1_398' title='bbox 1401 4850 1598 4905; x_wconf 67' lang='lat' dir='ltr'><strong><em>Christi</em></strong></span> <span class='ocrx_word' id='word_1_399' title='bbox 1645 4851 1793 4906; x_wconf 88' lang='lat' dir='ltr'><strong><em>testi-</em></strong></span> 
     </span>
    </p>
   </div>
   <div class='ocr_carea' id='block_1_51' title="bbox 229 4943 1791 5018">
    <p class='ocr_par' dir='ltr' id='par_1_51' title="bbox 229 4943 1791 5018">
     <span class='ocr_line' id='line_1_51' title="bbox 229 4943 1791 5018; baseline 0.002 -21"><span class='ocrx_word' id='word_1_400' title='bbox 229 4943 383 4999; x_wconf 85' lang='lat' dir='ltr'><strong><em>monia</em></strong></span> <span class='ocrx_word' id='word_1_401' title='bbox 438 4945 580 5000; x_wconf 90' lang='lat' dir='ltr'><strong><em>circa</em></strong></span> <span class='ocrx_word' id='word_1_402' title='bbox 631 4945 1031 5018; x_wconf 77' lang='lat' dir='ltr'><strong><em>eleemosynam</em></strong></span> <span class='ocrx_word' id='word_1_403' title='bbox 1076 4955 1131 5000; x_wconf 91' lang='lat' dir='ltr'><strong><em>et</em></strong></span> <span class='ocrx_word' id='word_1_404' title='bbox 1172 4953 1402 5000; x_wconf 91' lang='lat' dir='ltr'><strong><em>mortem</em></strong></span> <span class='ocrx_word' id='word_1_405' title='bbox 1451 4946 1504 5000; x_wconf 91' lang='lat' dir='ltr'><strong><em>in</em></strong></span> <span class='ocrx_word' id='word_1_406' title='bbox 1555 4945 1791 5000; x_wconf 89' lang='lat' dir='ltr'><strong><em>medium</em></strong></span> 
     </span>
    </p>
   </div>
   <div class='ocr_carea' id='block_1_52' title="bbox 226 5036 1791 5108">
    <p class='ocr_par' dir='ltr' id='par_1_52' title="bbox 226 5036 1791 5108">
     <span class='ocr_line' id='line_1_52' title="bbox 226 5036 1791 5108; baseline 0.003 -20"><span class='ocrx_word' id='word_1_407' title='bbox 226 5036 503 5093; x_wconf 72' lang='lat' dir='ltr'><strong><em>adduxero.</em></strong></span> <span class='ocrx_word' id='word_1_408' title='bbox 557 5039 812 5106; x_wconf 65' lang='lat' dir='ltr'><strong><em>Quaenam</em></strong></span> <span class='ocrx_word' id='word_1_409' title='bbox 878 5054 1008 5108; x_wconf 82' lang='lat' dir='ltr'><strong><em>ergo</em></strong></span> <span class='ocrx_word' id='word_1_410' title='bbox 1053 5048 1180 5093; x_wconf 90' lang='lat' dir='ltr'><strong><em>sunt</em></strong></span> <span class='ocrx_word' id='word_1_411' title='bbox 1227 5037 1578 5093; x_wconf 86' lang='lat' dir='ltr'><strong><em>testimonia?</em></strong></span> <span class='ocrx_word' id='word_1_412' title='bbox 1629 5039 1791 5093; x_wconf 89' lang='lat' dir='ltr'><strong><em>Diviti</em></strong></span> 
     </span>
    </p>
   </div>
   <div class='ocr_carea' id='block_1_53' title="bbox 225 5128 1792 5201">
    <p class='ocr_par' dir='ltr' id='par_1_53' title="bbox 225 5128 1792 5201">
     <span class='ocr_line' id='line_1_53' title="bbox 225 5128 1792 5201; baseline 0.003 -19"><span class='ocrx_word' id='word_1_413' title='bbox 225 5128 362 5192; x_wconf 80' lang='lat' dir='ltr'><strong><em>dixit,</em></strong></span> <span class='ocrx_word' id='word_1_414' title='bbox 398 5129 460 5184; x_wconf 90' lang='lat' dir='ltr'><strong><em>Si</em></strong></span> <span class='ocrx_word' id='word_1_415' title='bbox 497 5130 570 5185; x_wconf 87' lang='lat' dir='ltr'><strong><em>vis</em></strong></span> <span class='ocrx_word' id='word_1_416' title='bbox 607 5133 859 5201; x_wconf 81' lang='lat' dir='ltr'><strong><em>perfectus</em></strong></span> <span class='ocrx_word' id='word_1_417' title='bbox 893 5146 1032 5198; x_wconf 88' lang='lat' dir='ltr'><strong><em>esse,</em></strong></span> <span class='ocrx_word' id='word_1_418' title='bbox 1063 5129 1218 5186; x_wconf 83' lang='lat' dir='ltr'><strong><em>vende</em></strong></span> <span class='ocrx_word' id='word_1_419' title='bbox 1243 5130 1414 5184; x_wconf 90' lang='lat' dir='ltr'><strong><em>omnia</em></strong></span> <span class='ocrx_word' id='word_1_420' title='bbox 1442 5146 1557 5200; x_wconf 70' lang='lat' dir='ltr'><strong><em>quae</em></strong></span> <span class='ocrx_word' id='word_1_421' title='bbox 1602 5131 1755 5187; x_wconf 85' lang='lat' dir='ltr'><strong><em>habes</em></strong></span> <span class='ocrx_word' id='word_1_422' title='bbox 1775 5171 1792 5197; x_wconf 90' lang='lat'><strong><em>,</em></strong></span> 
     </span>
    </p>
   </div>
   <div class='ocr_carea' id='block_1_54' title="bbox 227 5220 1793 5294">
    <p class='ocr_par' dir='ltr' id='par_1_54' title="bbox 227 5220 1793 5294">
     <span class='ocr_line' id='line_1_54' title="bbox 227 5220 1793 5294; baseline 0.001 -18"><span class='ocrx_word' id='word_1_423' title='bbox 227 5231 267 5276; x_wconf 83' lang='lat' dir='ltr'><strong><em>et</em></strong></span> <span class='ocrx_word' id='word_1_424' title='bbox 297 5221 359 5274; x_wconf 87' lang='lat' dir='ltr'><strong><em>da</em></strong></span> <span class='ocrx_word' id='word_1_425' title='bbox 391 5222 698 5292; x_wconf 68' lang='lat' dir='ltr'><strong><em>pauperibus</em></strong></span> <span class='ocrx_word' id='word_1_426' title='bbox 715 5264 733 5288; x_wconf 96' lang='lat'><strong><em>,</em></strong></span> <span class='ocrx_word' id='word_1_427' title='bbox 768 5231 816 5277; x_wconf 90' lang='lat' dir='ltr'><strong><em>et</em></strong></span> <span class='ocrx_word' id='word_1_428' title='bbox 852 5224 966 5278; x_wconf 85' lang='lat' dir='ltr'><strong><em>veni</em></strong></span> <span class='ocrx_word' id='word_1_429' title='bbox 984 5238 1189 5292; x_wconf 82' lang='lat' dir='ltr'><strong><em>sequere</em></strong></span> <span class='ocrx_word' id='word_1_430' title='bbox 1206 5240 1286 5277; x_wconf 91' lang='lat' dir='ltr'><strong><em>me</em></strong></span> <span class='ocrx_word' id='word_1_431' title='bbox 1314 5220 1525 5294; x_wconf 74' lang='lat' dir='ltr'><strong><em>(Matth.</em></strong></span> <span class='ocrx_word' id='word_1_432' title='bbox 1548 5221 1636 5287; x_wconf 83' lang='grc'><strong>19,</strong></span> <span class='ocrx_word' id='word_1_433' title='bbox 1664 5222 1793 5294; x_wconf 76' lang='lat'><strong><em>21);</em></strong></span> 
     </span>
    </p>
   </div>
   <div class='ocr_carea' id='block_1_55' title="bbox 228 5312 1796 5385">
    <p class='ocr_par' dir='ltr' id='par_1_55' title="bbox 228 5312 1796 5385">
     <span class='ocr_line' id='line_1_55' title="bbox 228 5312 1796 5385; baseline 0.002 -18"><span class='ocrx_word' id='word_1_434' title='bbox 228 5322 277 5368; x_wconf 88' lang='lat' dir='ltr'><strong><em>et</em></strong></span> <span class='ocrx_word' id='word_1_435' title='bbox 294 5312 356 5368; x_wconf 89' lang='lat' dir='ltr'><strong><em>de</em></strong></span> <span class='ocrx_word' id='word_1_436' title='bbox 380 5315 604 5370; x_wconf 90' lang='lat' dir='ltr'><strong><em>caritate</em></strong></span> <span class='ocrx_word' id='word_1_437' title='bbox 629 5329 755 5385; x_wconf 79' lang='lat' dir='ltr'><strong><em>erga</em></strong></span> <span class='ocrx_word' id='word_1_438' title='bbox 784 5315 1081 5384; x_wconf 77' lang='lat' dir='ltr'><strong><em>proximum</em></strong></span> <span class='ocrx_word' id='word_1_439' title='bbox 1099 5315 1370 5371; x_wconf 86' lang='lat' dir='ltr'><strong><em>disserens</em></strong></span> <span class='ocrx_word' id='word_1_440' title='bbox 1389 5315 1466 5370; x_wconf 89' lang='lat' dir='ltr'><strong><em>ait</em></strong></span> <span class='ocrx_word' id='word_1_441' title='bbox 1496 5333 1510 5371; x_wconf 89' lang='lat'><strong>:</strong></span> <span class='ocrx_word' id='word_1_442' title='bbox 1540 5314 1796 5384; x_wconf 74' lang='lat' dir='ltr'><strong><em>Maiorem</em></strong></span> 
     </span>
    </p>
   </div>
   <div class='ocr_carea' id='block_1_56' title="bbox 232 5406 1795 5477">
    <p class='ocr_par' dir='ltr' id='par_1_56' title="bbox 232 5406 1795 5477">
     <span class='ocr_line' id='line_1_56' title="bbox 232 5406 1795 5477; baseline 0.003 -19"><span class='ocrx_word' id='word_1_443' title='bbox 232 5407 314 5459; x_wconf 75' lang='lat' dir='ltr'><strong><em>hac</em></strong></span> <span class='ocrx_word' id='word_1_444' title='bbox 331 5407 588 5460; x_wconf 83' lang='lat' dir='ltr'><strong><em>raritatem</em></strong></span> <span class='ocrx_word' id='word_1_445' title='bbox 609 5422 755 5461; x_wconf 90' lang='lat' dir='ltr'><strong><em>nemo</em></strong></span> <span class='ocrx_word' id='word_1_446' title='bbox 783 5406 930 5461; x_wconf 86' lang='lat' dir='ltr'><strong><em>habet</em></strong></span> <span class='ocrx_word' id='word_1_447' title='bbox 952 5446 967 5471; x_wconf 88' lang='lat'><strong><em>,</em></strong></span> <span class='ocrx_word' id='word_1_448' title='bbox 996 5417 1053 5461; x_wconf 92' lang='lat' dir='ltr'><strong><em>ut</em></strong></span> <span class='ocrx_word' id='word_1_449' title='bbox 1085 5408 1197 5477; x_wconf 83' lang='lat' dir='ltr'><strong><em>quis</em></strong></span> <span class='ocrx_word' id='word_1_450' title='bbox 1222 5416 1378 5476; x_wconf 88' lang='lat' dir='ltr'><strong><em>ponat</em></strong></span> <span class='ocrx_word' id='word_1_451' title='bbox 1404 5409 1628 5462; x_wconf 85' lang='lat' dir='ltr'><strong><em>animam</em></strong></span> <span class='ocrx_word' id='word_1_452' title='bbox 1646 5425 1795 5463; x_wconf 83' lang='lat' dir='ltr'><strong><em>suam</em></strong></span> 
     </span>
    </p>
   </div>
   <div class='ocr_carea' id='block_1_57' title="bbox 233 5496 1794 5570">
    <p class='ocr_par' dir='ltr' id='par_1_57' title="bbox 233 5496 1794 5570">
     <span class='ocr_line' id='line_1_57' title="bbox 233 5496 1794 5570; baseline 0.001 -16"><span class='ocrx_word' id='word_1_453' title='bbox 233 5516 311 5568; x_wconf 79' lang='lat' dir='ltr'><strong><em>pro</em></strong></span> <span class='ocrx_word' id='word_1_454' title='bbox 329 5498 504 5552; x_wconf 84' lang='lat' dir='ltr'><strong><em>amicis</em></strong></span> <span class='ocrx_word' id='word_1_455' title='bbox 525 5499 629 5552; x_wconf 90' lang='lat' dir='ltr'><strong><em>suis</em></strong></span> <span class='ocrx_word' id='word_1_456' title='bbox 655 5496 853 5570; x_wconf 80' lang='lat' dir='ltr'><strong><em>(Joan.</em></strong></span> <span class='ocrx_word' id='word_1_457' title='bbox 887 5499 975 5558; x_wconf 78' lang='grc'><strong><em>15,</em></strong></span> <span class='ocrx_word' id='word_1_458' title='bbox 1003 5501 1073 5555; x_wconf 76' lang='grc'><strong>15</strong></span> <span class='ocrx_word' id='word_1_459' title='bbox 1092 5501 1132 5570; x_wconf 93' lang='grc'><strong><em>).</em></strong></span> <span class='ocrx_word' id='word_1_460' title='bbox 1163 5498 1315 5557; x_wconf 89' lang='lat' dir='ltr'><strong><em>Unde</em></strong></span> <span class='ocrx_word' id='word_1_461' title='bbox 1343 5500 1517 5569; x_wconf 84' lang='lat' dir='ltr'><strong><em>palam</em></strong></span> <span class='ocrx_word' id='word_1_462' title='bbox 1531 5508 1617 5557; x_wconf 92' lang='lat' dir='ltr'><strong><em>est</em></strong></span> <span class='ocrx_word' id='word_1_463' title='bbox 1633 5501 1794 5557; x_wconf 89' lang='lat' dir='ltr'><strong><em>etiam</em></strong></span> 
     </span>
    </p>
   </div>
   <div class='ocr_carea' id='block_1_58' title="bbox 234 5586 1796 5664">
    <p class='ocr_par' dir='ltr' id='par_1_58' title="bbox 234 5586 1796 5664">
     <span class='ocr_line' id='line_1_58' title="bbox 234 5586 1796 5664; baseline 0.003 -20"><span class='ocrx_word' id='word_1_464' title='bbox 234 5586 354 5661; x_wconf 75' lang='lat' dir='ltr'><strong><em>apud</em></strong></span> <span class='ocrx_word' id='word_1_465' title='bbox 406 5588 572 5644; x_wconf 88' lang='lat' dir='ltr'><strong><em>Deum</em></strong></span> <span class='ocrx_word' id='word_1_466' title='bbox 620 5588 724 5644; x_wconf 90' lang='lat' dir='ltr'><strong><em>hoc</em></strong></span> <span class='ocrx_word' id='word_1_467' title='bbox 768 5590 1009 5646; x_wconf 91' lang='lat' dir='ltr'><strong><em>omnium</em></strong></span> <span class='ocrx_word' id='word_1_468' title='bbox 1053 5593 1345 5647; x_wconf 77' lang='lat' dir='ltr'><strong><em>maximum</em></strong></span> <span class='ocrx_word' id='word_1_469' title='bbox 1394 5606 1534 5648; x_wconf 90' lang='lat' dir='ltr'><strong><em>esse.</em></strong></span> <span class='ocrx_word' id='word_1_470' title='bbox 1585 5595 1655 5648; x_wconf 79' lang='lat' dir='ltr'><strong><em>At</em></strong></span> <span class='ocrx_word' id='word_1_471' title='bbox 1694 5607 1796 5664; x_wconf 77' lang='lat' dir='ltr'><strong><em>ego</em></strong></span> 
     </span>
    </p>
   </div>
   <div class='ocr_carea' id='block_1_59' title="bbox 234 5679 1794 5755">
    <p class='ocr_par' dir='ltr' id='par_1_59' title="bbox 234 5679 1794 5755">
     <span class='ocr_line' id='line_1_59' title="bbox 234 5679 1794 5755; baseline 0 -18"><span class='ocrx_word' id='word_1_472' title='bbox 234 5680 354 5745; x_wconf 79' lang='lat' dir='ltr'><strong><em>dico,</em></strong></span> <span class='ocrx_word' id='word_1_473' title='bbox 387 5680 559 5751; x_wconf 83' lang='lat' dir='ltr'><strong><em>inquit</em></strong></span> <span class='ocrx_word' id='word_1_474' title='bbox 588 5679 808 5745; x_wconf 86' lang='lat' dir='ltr'><strong><em>Paulus.</em></strong></span> <span class='ocrx_word' id='word_1_475' title='bbox 836 5682 1045 5739; x_wconf 88' lang='lat' dir='ltr'><strong><em>etiamsi</em></strong></span> <span class='ocrx_word' id='word_1_476' title='bbox 1073 5698 1175 5755; x_wconf 91' lang='lat' dir='ltr'><strong><em>pro</em></strong></span> <span class='ocrx_word' id='word_1_477' title='bbox 1201 5683 1312 5739; x_wconf 87' lang='lat' dir='ltr'><strong><em>Deo</em></strong></span> <span class='ocrx_word' id='word_1_478' title='bbox 1341 5697 1600 5754; x_wconf 90' lang='lat' dir='ltr'><strong><em>ponamus</em></strong></span> <span class='ocrx_word' id='word_1_479' title='bbox 1626 5684 1794 5749; x_wconf 85' lang='lat' dir='ltr'><strong><em>illam,</em></strong></span> 
     </span>
    </p>
   </div>
   <div class='ocr_carea' id='block_1_60' title="bbox 234 5774 1797 5849">
    <p class='ocr_par' dir='ltr' id='par_1_60' title="bbox 234 5774 1797 5849">
     <span class='ocr_line' id='line_1_60' title="bbox 234 5774 1797 5849; baseline -0.001 -14"><span class='ocrx_word' id='word_1_480' title='bbox 234 5787 387 5846; x_wconf 76' lang='lat' dir='ltr'><strong><em>neque</em></strong></span> <span class='ocrx_word' id='word_1_481' title='bbox 411 5776 584 5832; x_wconf 87' lang='lat' dir='ltr'><strong><em>solum</em></strong></span> <span class='ocrx_word' id='word_1_482' title='bbox 613 5789 892 5846; x_wconf 85' lang='lat' dir='ltr'><strong><em>ponamus,</em></strong></span> <span class='ocrx_word' id='word_1_483' title='bbox 923 5774 1017 5831; x_wconf 86' lang='lat' dir='ltr'><strong><em>sed</em></strong></span> <span class='ocrx_word' id='word_1_484' title='bbox 1044 5777 1112 5831; x_wconf 87' lang='lat' dir='ltr'><strong><em>ita</em></strong></span> <span class='ocrx_word' id='word_1_485' title='bbox 1143 5785 1199 5830; x_wconf 92' lang='lat' dir='ltr'><strong><em>ut</em></strong></span> <span class='ocrx_word' id='word_1_486' title='bbox 1225 5776 1605 5833; x_wconf 88' lang='lat' dir='ltr'><strong><em>comburamur</em></strong></span> <span class='ocrx_word' id='word_1_487' title='bbox 1652 5774 1797 5849; x_wconf 88' lang='lat' dir='ltr'><strong><em>(hoc</em></strong></span> 
     </span>
    </p>
   </div>
   <div class='ocr_carea' id='block_1_61' title="bbox 1164 291 2432 360">
    <p class='ocr_par' dir='ltr' id='par_1_61' title="bbox 1164 291 2432 360">
     <span class='ocr_line' id='line_1_61' title="bbox 1164 291 2432 360; baseline -0.004 -3"><span class='ocrx_word' id='word_1_488' title='bbox 1164 299 1231 357; x_wconf 81' lang='lat' dir='ltr'><strong><em>IN</em></strong></span> <span class='ocrx_word' id='word_1_489' title='bbox 1270 296 1485 360; x_wconf 83' lang='lat' dir='ltr'><strong><em>EPIST.</em></strong></span> <span class='ocrx_word' id='word_1_490' title='bbox 1527 295 1545 351; x_wconf 91' lang='lat' dir='ltr'><strong><em>l</em></strong></span> <span class='ocrx_word' id='word_1_491' title='bbox 1609 294 1700 352; x_wconf 83' lang='lat' dir='ltr'><strong><em>AD</em></strong></span> <span class='ocrx_word' id='word_1_492' title='bbox 1737 291 1894 351; x_wconf 82' lang='lat' dir='ltr'><strong><em>COR.</em></strong></span> <span class='ocrx_word' id='word_1_493' title='bbox 1938 294 2171 350; x_wconf 76' lang='lat' dir='ltr'><strong><em>HOMIL.</em></strong></span> <span class='ocrx_word' id='word_1_494' title='bbox 2213 295 2432 352; x_wconf 77' lang='lat' dir='ltr'><strong><em>XXXII.</em></strong></span> 
     </span>
    </p>
   </div>
   <div class='ocr_carea' id='block_1_62' title="bbox 3380 306 3488 361">
    <p class='ocr_par' dir='ltr' id='par_1_62' title="bbox 3380 306 3488 361">
     <span class='ocr_line' id='line_1_62' title="bbox 3380 306 3488 361; baseline 0 0"><span class='ocrx_word' id='word_1_495' title='bbox 3380 306 3488 361; x_wconf 77' lang='lat'><strong><em>270</em></strong></span> 
     </span>
    </p>
   </div>
   <div class='ocr_carea' id='block_1_63' title="bbox 1898 410 3486 489">
    <p class='ocr_par' dir='ltr' id='par_1_63' title="bbox 1898 410 3486 489">
     <span class='ocr_line' id='line_1_63' title="bbox 1898 410 3486 489; baseline 0.006 -23"><span class='ocrx_word' id='word_1_496' title='bbox 1898 410 2041 466; x_wconf 88' lang='lat' dir='ltr'><strong><em>enim</em></strong></span> <span class='ocrx_word' id='word_1_497' title='bbox 2069 411 2175 473; x_wconf 85' lang='lat' dir='ltr'><strong><em>sibi</em></strong></span> <span class='ocrx_word' id='word_1_498' title='bbox 2193 412 2323 478; x_wconf 88' lang='lat' dir='ltr'><strong><em>vult,</em></strong></span> <span class='ocrx_word' id='word_1_499' title='bbox 2356 413 2508 480; x_wconf 84' lang='lat' dir='ltr'><strong><em>illud,</em></strong></span> <span class='ocrx_word' id='word_1_500' title='bbox 2538 413 2602 471; x_wconf 88' lang='lat' dir='ltr'><strong><em>Si</em></strong></span> <span class='ocrx_word' id='word_1_501' title='bbox 2632 415 2894 472; x_wconf 90' lang='lat' dir='ltr'><strong><em>tradidero</em></strong></span> <span class='ocrx_word' id='word_1_502' title='bbox 2917 434 3104 489; x_wconf 90' lang='lat' dir='ltr'><strong><em>corpus</em></strong></span> <span class='ocrx_word' id='word_1_503' title='bbox 3132 421 3409 488; x_wconf 82' lang='lat' dir='ltr'><strong><em>ntemn,ita</em></strong></span> <span class='ocrx_word' id='word_1_504' title='bbox 3429 432 3486 476; x_wconf 90' lang='lat' dir='ltr'><strong><em>ut</em></strong></span> 
     </span>
    </p>
   </div>
   <div class='ocr_carea' id='block_1_64' title="bbox 1897 502 3493 582">
    <p class='ocr_par' dir='ltr' id='par_1_64' title="bbox 1897 502 3493 582">
     <span class='ocr_line' id='line_1_64' title="bbox 1897 502 3493 582; baseline 0.007 -26"><span class='ocrx_word' id='word_1_505' title='bbox 1897 502 2144 577; x_wconf 86' lang='lat' dir='ltr'><strong><em>ardeam)</em></strong></span> <span class='ocrx_word' id='word_1_506' title='bbox 2170 545 2186 571; x_wconf 95' lang='lat'><strong><em>,</em></strong></span> <span class='ocrx_word' id='word_1_507' title='bbox 2218 521 2325 560; x_wconf 90' lang='lat' dir='ltr'><strong><em>non</em></strong></span> <span class='ocrx_word' id='word_1_508' title='bbox 2362 521 2611 578; x_wconf 80' lang='lat' dir='ltr'><strong><em>magnum</em></strong></span> <span class='ocrx_word' id='word_1_509' title='bbox 2637 509 2741 564; x_wconf 91' lang='lat' dir='ltr'><strong><em>erit</em></strong></span> <span class='ocrx_word' id='word_1_510' title='bbox 2764 508 2973 564; x_wconf 90' lang='lat' dir='ltr'><strong><em>lucrum</em></strong></span> <span class='ocrx_word' id='word_1_511' title='bbox 2999 510 3154 567; x_wconf 88' lang='lat' dir='ltr'><strong><em>nobis</em></strong></span> <span class='ocrx_word' id='word_1_512' title='bbox 3176 552 3194 580; x_wconf 91' lang='lat'><strong><em>,</em></strong></span> <span class='ocrx_word' id='word_1_513' title='bbox 3222 512 3268 566; x_wconf 83' lang='lat' dir='ltr'><strong><em>si</em></strong></span> <span class='ocrx_word' id='word_1_514' title='bbox 3308 513 3493 582; x_wconf 75' lang='lat' dir='ltr'><strong><em>proxi-</em></strong></span> 
     </span>
    </p>
   </div>
   <div class='ocr_carea' id='block_1_65' title="bbox 1898 596 2507 669">
    <p class='ocr_par' dir='ltr' id='par_1_65' title="bbox 1898 596 2507 669">
     <span class='ocr_line' id='line_1_65' title="bbox 1898 596 2507 669; baseline 0.008 -20"><span class='ocrx_word' id='word_1_515' title='bbox 1898 611 2044 650; x_wconf 91' lang='lat' dir='ltr'><strong><em>mum</em></strong></span> <span class='ocrx_word' id='word_1_516' title='bbox 2068 611 2173 651; x_wconf 89' lang='lat' dir='ltr'><strong><em>non</em></strong></span> <span class='ocrx_word' id='word_1_517' title='bbox 2202 596 2507 669; x_wconf 78' lang='lat' dir='ltr'><strong><em>diligamus.</em></strong></span> 
     </span>
    </p>
   </div>
   <div class='ocr_carea' id='block_1_66' title="bbox 1970 687 3489 761">
    <p class='ocr_par' dir='ltr' id='par_1_66' title="bbox 1970 687 3489 761">
     <span class='ocr_line' id='line_1_66' title="bbox 1970 687 3489 761; baseline 0.004 -16"><span class='ocrx_word' id='word_1_518' title='bbox 1970 687 2290 745; x_wconf 87' lang='lat' dir='ltr'><strong><em>Charismata</em></strong></span> <span class='ocrx_word' id='word_1_519' title='bbox 2313 709 2399 747; x_wconf 90' lang='lat' dir='ltr'><strong><em>seu</em></strong></span> <span class='ocrx_word' id='word_1_520' title='bbox 2424 694 2561 747; x_wconf 89' lang='lat' dir='ltr'><strong><em>dona</em></strong></span> <span class='ocrx_word' id='word_1_521' title='bbox 2582 694 2712 749; x_wconf 89' lang='lat' dir='ltr'><strong><em>nihil</em></strong></span> <span class='ocrx_word' id='word_1_522' title='bbox 2741 704 2957 761; x_wconf 87' lang='lat' dir='ltr'><strong><em>prosunt</em></strong></span> <span class='ocrx_word' id='word_1_523' title='bbox 2985 697 3095 751; x_wconf 85' lang='lat' dir='ltr'><strong><em>sine</em></strong></span> <span class='ocrx_word' id='word_1_524' title='bbox 3118 696 3250 752; x_wconf 90' lang='lat' dir='ltr'><strong><em>bona</em></strong></span> <span class='ocrx_word' id='word_1_525' title='bbox 3268 699 3389 752; x_wconf 84' lang='lat' dir='ltr'><strong><em>vita.</em></strong></span> <span class='ocrx_word' id='word_1_526' title='bbox 3411 727 3489 741; x_wconf 89' lang='lat'><strong><em>—-</em></strong></span> 
     </span>
    </p>
   </div>
   <div class='ocr_carea' id='block_1_67' title="bbox 1898 777 3491 858">
    <p class='ocr_par' dir='ltr' id='par_1_67' title="bbox 1898 777 3491 858">
     <span class='ocr_line' id='line_1_67' title="bbox 1898 777 3491 858; baseline 0.009 -29"><span class='ocrx_word' id='word_1_527' title='bbox 1898 777 2080 849; x_wconf 87' lang='lat' dir='ltr'><strong><em>Itaque</em></strong></span> <span class='ocrx_word' id='word_1_528' title='bbox 2101 780 2281 837; x_wconf 84' lang='lat' dir='ltr'><strong><em>dicere</em></strong></span> <span class='ocrx_word' id='word_1_529' title='bbox 2304 782 2629 838; x_wconf 86' lang='lat' dir='ltr'><strong><em>charismata</em></strong></span> <span class='ocrx_word' id='word_1_530' title='bbox 2652 800 2756 841; x_wconf 91' lang='lat' dir='ltr'><strong><em>non</em></strong></span> <span class='ocrx_word' id='word_1_531' title='bbox 2785 786 3011 841; x_wconf 89' lang='lat' dir='ltr'><strong><em>multum</em></strong></span> <span class='ocrx_word' id='word_1_532' title='bbox 3041 787 3319 858; x_wconf 83' lang='lat' dir='ltr'><strong><em>prodesse,</em></strong></span> <span class='ocrx_word' id='word_1_533' title='bbox 3345 791 3491 844; x_wconf 85' lang='lat' dir='ltr'><strong><em>cari-</em></strong></span> 
     </span>
    </p>
   </div>
   <div class='ocr_carea' id='block_1_68' title="bbox 1900 875 3489 951">
    <p class='ocr_par' dir='ltr' id='par_1_68' title="bbox 1900 875 3489 951">
     <span class='ocr_line' id='line_1_68' title="bbox 1900 875 3489 951; baseline 0.006 -24"><span class='ocrx_word' id='word_1_534' title='bbox 1900 882 2006 929; x_wconf 89' lang='lat' dir='ltr'><strong><em>tate</em></strong></span> <span class='ocrx_word' id='word_1_535' title='bbox 2035 875 2277 943; x_wconf 89' lang='lat' dir='ltr'><strong><em>absente,</em></strong></span> <span class='ocrx_word' id='word_1_536' title='bbox 2309 876 2438 932; x_wconf 89' lang='lat' dir='ltr'><strong><em>nihil</em></strong></span> <span class='ocrx_word' id='word_1_537' title='bbox 2467 879 2660 933; x_wconf 84' lang='lat' dir='ltr'><strong><em>miruin</em></strong></span> <span class='ocrx_word' id='word_1_538' title='bbox 2692 896 2707 934; x_wconf 93' lang='lat'><strong>:</strong></span> <span class='ocrx_word' id='word_1_539' title='bbox 2739 894 2860 934; x_wconf 88' lang='lat' dir='ltr'><strong><em>nam</em></strong></span> <span class='ocrx_word' id='word_1_540' title='bbox 2890 880 2943 933; x_wconf 91' lang='lat' dir='ltr'><strong><em>in</em></strong></span> <span class='ocrx_word' id='word_1_541' title='bbox 2975 880 3081 934; x_wconf 89' lang='lat' dir='ltr'><strong><em>vita</em></strong></span> <span class='ocrx_word' id='word_1_542' title='bbox 3110 896 3323 951; x_wconf 86' lang='lat' dir='ltr'><strong><em>quoque</em></strong></span> <span class='ocrx_word' id='word_1_543' title='bbox 3350 881 3489 937; x_wconf 77' lang='lat' dir='ltr'><strong><em>infe-</em></strong></span> 
     </span>
    </p>
   </div>
   <div class='ocr_carea' id='block_1_69' title="bbox 1897 967 3488 1043">
    <p class='ocr_par' dir='ltr' id='par_1_69' title="bbox 1897 967 3488 1043">
     <span class='ocr_line' id='line_1_69' title="bbox 1897 967 3488 1043; baseline 0.005 -22"><span class='ocrx_word' id='word_1_544' title='bbox 1897 967 2039 1023; x_wconf 89' lang='lat' dir='ltr'><strong><em>riora</em></strong></span> <span class='ocrx_word' id='word_1_545' title='bbox 2065 978 2192 1024; x_wconf 92' lang='lat' dir='ltr'><strong><em>sunt</em></strong></span> <span class='ocrx_word' id='word_1_546' title='bbox 2216 970 2565 1025; x_wconf 88' lang='lat' dir='ltr'><strong><em>charismata.</em></strong></span> <span class='ocrx_word' id='word_1_547' title='bbox 2592 972 2739 1027; x_wconf 84' lang='lat' dir='ltr'><strong><em>Multi</em></strong></span> <span class='ocrx_word' id='word_1_548' title='bbox 2773 988 3004 1043; x_wconf 91' lang='lat' dir='ltr'><strong><em>namque</em></strong></span> <span class='ocrx_word' id='word_1_549' title='bbox 3041 974 3129 1043; x_wconf 89' lang='lat' dir='ltr'><strong><em>qui</em></strong></span> <span class='ocrx_word' id='word_1_550' title='bbox 3161 973 3488 1030; x_wconf 84' lang='lat' dir='ltr'><strong><em>charismata</em></strong></span> 
     </span>
    </p>
   </div>
   <div class='ocr_carea' id='block_1_70' title="bbox 1896 1059 3488 1133">
    <p class='ocr_par' dir='ltr' id='par_1_70' title="bbox 1896 1059 3488 1133">
     <span class='ocr_line' id='line_1_70' title="bbox 1896 1059 3488 1133; baseline 0.003 -18"><span class='ocrx_word' id='word_1_551' title='bbox 1896 1059 2225 1124; x_wconf 87' lang='lat' dir='ltr'><strong><em>exhibuere,</em></strong></span> <span class='ocrx_word' id='word_1_552' title='bbox 2262 1062 2384 1132; x_wconf 87' lang='lat' dir='ltr'><strong><em>quia</em></strong></span> <span class='ocrx_word' id='word_1_553' title='bbox 2415 1062 2642 1132; x_wconf 89' lang='lat' dir='ltr'><strong><em>improbi</em></strong></span> <span class='ocrx_word' id='word_1_554' title='bbox 2672 1064 2884 1118; x_wconf 89' lang='lat' dir='ltr'><strong><em>fuerunt</em></strong></span> <span class='ocrx_word' id='word_1_555' title='bbox 2907 1105 2922 1127; x_wconf 94' lang='lat'><strong><em>,</em></strong></span> <span class='ocrx_word' id='word_1_556' title='bbox 2959 1079 3145 1133; x_wconf 63' lang='lat' dir='ltr'><strong><em>paruas</em></strong></span> <span class='ocrx_word' id='word_1_557' title='bbox 3172 1063 3433 1119; x_wconf 86' lang='lat' dir='ltr'><strong><em>dederunt</em></strong></span> <span class='ocrx_word' id='word_1_558' title='bbox 3468 1082 3488 1121; x_wconf 85' lang='lat'><strong>:</strong></span> 
     </span>
    </p>
   </div>
   <div class='ocr_carea' id='block_1_71' title="bbox 1898 1154 3489 1227">
    <p class='ocr_par' dir='ltr' id='par_1_71' title="bbox 1898 1154 3489 1227">
     <span class='ocr_line' id='line_1_71' title="bbox 1898 1154 3489 1227; baseline 0.004 -20"><span class='ocrx_word' id='word_1_559' title='bbox 1898 1163 1956 1208; x_wconf 92' lang='lat' dir='ltr'><strong><em>ut</em></strong></span> <span class='ocrx_word' id='word_1_560' title='bbox 1983 1154 2055 1209; x_wconf 91' lang='lat' dir='ltr'><strong><em>illi</em></strong></span> <span class='ocrx_word' id='word_1_561' title='bbox 2084 1156 2171 1225; x_wconf 90' lang='lat' dir='ltr'><strong><em>qui</em></strong></span> <span class='ocrx_word' id='word_1_562' title='bbox 2203 1156 2253 1209; x_wconf 92' lang='lat' dir='ltr'><strong><em>in</em></strong></span> <span class='ocrx_word' id='word_1_563' title='bbox 2283 1155 2499 1213; x_wconf 88' lang='lat' dir='ltr'><strong><em>nomine</em></strong></span> <span class='ocrx_word' id='word_1_564' title='bbox 2527 1157 2643 1227; x_wconf 85' lang='lat' dir='ltr'><strong><em>ejus</em></strong></span> <span class='ocrx_word' id='word_1_565' title='bbox 2689 1157 3172 1227; x_wconf 88' lang='lat' dir='ltr'><strong><em>prophetaveraut,</em></strong></span> <span class='ocrx_word' id='word_1_566' title='bbox 3220 1158 3489 1214; x_wconf 61' lang='lat' dir='ltr'><strong><em>daemonia</em></strong></span> 
     </span>
    </p>
   </div>
   <div class='ocr_carea' id='block_1_72' title="bbox 1898 1247 3490 1317">
    <p class='ocr_par' dir='ltr' id='par_1_72' title="bbox 1898 1247 3490 1317">
     <span class='ocr_line' id='line_1_72' title="bbox 1898 1247 3490 1317; baseline 0.004 -17"><span class='ocrx_word' id='word_1_567' title='bbox 1898 1247 2063 1301; x_wconf 89' lang='lat' dir='ltr'><strong><em>multa</em></strong></span> <span class='ocrx_word' id='word_1_568' title='bbox 2113 1247 2422 1317; x_wconf 87' lang='lat' dir='ltr'><strong><em>ejecerant,</em></strong></span> <span class='ocrx_word' id='word_1_569' title='bbox 2473 1258 2528 1305; x_wconf 91' lang='lat' dir='ltr'><strong><em>et</em></strong></span> <span class='ocrx_word' id='word_1_570' title='bbox 2579 1249 2805 1304; x_wconf 85' lang='lat' dir='ltr'><strong><em>virtutes</em></strong></span> <span class='ocrx_word' id='word_1_571' title='bbox 2854 1250 3051 1306; x_wconf 90' lang='lat' dir='ltr'><strong><em>multas</em></strong></span> <span class='ocrx_word' id='word_1_572' title='bbox 3106 1251 3382 1317; x_wconf 75' lang='lat' dir='ltr'><strong><em>iecerant;</em></strong></span> <span class='ocrx_word' id='word_1_573' title='bbox 3430 1260 3490 1307; x_wconf 93' lang='lat' dir='ltr'><strong><em>ut</em></strong></span> 
     </span>
    </p>
   </div>
   <div class='ocr_carea' id='block_1_73' title="bbox 1897 1336 3488 1411">
    <p class='ocr_par' dir='ltr' id='par_1_73' title="bbox 1897 1336 3488 1411">
     <span class='ocr_line' id='line_1_73' title="bbox 1897 1336 3488 1411; baseline 0.003 -19"><span class='ocrx_word' id='word_1_574' title='bbox 1897 1336 2063 1392; x_wconf 81' lang='lat' dir='ltr'><strong><em>.lndas</em></strong></span> <span class='ocrx_word' id='word_1_575' title='bbox 2092 1338 2335 1408; x_wconf 89' lang='lat' dir='ltr'><strong><em>proditor</em></strong></span> <span class='ocrx_word' id='word_1_576' title='bbox 2363 1355 2378 1395; x_wconf 86' lang='lat'><strong>:</strong></span> <span class='ocrx_word' id='word_1_577' title='bbox 2409 1340 2499 1394; x_wconf 82' lang='lat' dir='ltr'><strong><em>alii</em></strong></span> <span class='ocrx_word' id='word_1_578' title='bbox 2526 1349 2704 1394; x_wconf 87' lang='lat' dir='ltr'><strong><em>autem</em></strong></span> <span class='ocrx_word' id='word_1_579' title='bbox 2729 1339 2916 1395; x_wconf 86' lang='lat' dir='ltr'><strong><em>ﬁdeles</em></strong></span> <span class='ocrx_word' id='word_1_580' title='bbox 2939 1382 2954 1405; x_wconf 94' lang='lat'><strong><em>,</em></strong></span> <span class='ocrx_word' id='word_1_581' title='bbox 2985 1341 3073 1411; x_wconf 89' lang='lat' dir='ltr'><strong><em>qui</em></strong></span> <span class='ocrx_word' id='word_1_582' title='bbox 3105 1342 3266 1395; x_wconf 79' lang='lat' dir='ltr'><strong><em>vitam</em></strong></span> <span class='ocrx_word' id='word_1_583' title='bbox 3314 1341 3488 1397; x_wconf 81' lang='lat' dir='ltr'><strong><em>duxe-</em></strong></span> 
     </span>
    </p>
   </div>
   <div class='ocr_carea' id='block_1_74' title="bbox 1896 1432 3489 1502">
    <p class='ocr_par' dir='ltr' id='par_1_74' title="bbox 1896 1432 3489 1502">
     <span class='ocr_line' id='line_1_74' title="bbox 1896 1432 3489 1502; baseline 0.004 -18"><span class='ocrx_word' id='word_1_584' title='bbox 1896 1440 2019 1485; x_wconf 89' lang='lat' dir='ltr'><strong><em>rant</em></strong></span> <span class='ocrx_word' id='word_1_585' title='bbox 2052 1447 2236 1499; x_wconf 88' lang='lat' dir='ltr'><strong><em>puram</em></strong></span> <span class='ocrx_word' id='word_1_586' title='bbox 2257 1473 2271 1496; x_wconf 92' lang='lat'><strong><em>,</em></strong></span> <span class='ocrx_word' id='word_1_587' title='bbox 2301 1433 2444 1487; x_wconf 92' lang='lat' dir='ltr'><strong><em>nullo</em></strong></span> <span class='ocrx_word' id='word_1_588' title='bbox 2472 1433 2580 1488; x_wconf 91' lang='lat' dir='ltr'><strong><em>alio</em></strong></span> <span class='ocrx_word' id='word_1_589' title='bbox 2604 1448 2740 1502; x_wconf 89' lang='lat' dir='ltr'><strong><em>opus</em></strong></span> <span class='ocrx_word' id='word_1_590' title='bbox 2771 1432 3010 1488; x_wconf 89' lang='lat' dir='ltr'><strong><em>habuere</em></strong></span> <span class='ocrx_word' id='word_1_591' title='bbox 3031 1434 3097 1487; x_wconf 90' lang='lat' dir='ltr'><strong><em>ad</em></strong></span> <span class='ocrx_word' id='word_1_592' title='bbox 3125 1435 3356 1489; x_wconf 88' lang='lat' dir='ltr'><strong><em>salutem</em></strong></span> <span class='ocrx_word' id='word_1_593' title='bbox 3392 1436 3489 1491; x_wconf 82' lang='lat' dir='ltr'><strong><em>ob-</em></strong></span> 
     </span>
    </p>
   </div>
   <div class='ocr_carea' id='block_1_75' title="bbox 1898 1523 3488 1597">
    <p class='ocr_par' dir='ltr' id='par_1_75' title="bbox 1898 1523 3488 1597">
     <span class='ocr_line' id='line_1_75' title="bbox 1898 1523 3488 1597; baseline 0.004 -22"><span class='ocrx_word' id='word_1_594' title='bbox 1898 1523 2190 1579; x_wconf 86' lang='lat' dir='ltr'><strong><em>tinendam.</em></strong></span> <span class='ocrx_word' id='word_1_595' title='bbox 2211 1524 2361 1592; x_wconf 88' lang='lat' dir='ltr'><strong><em>Quod</em></strong></span> <span class='ocrx_word' id='word_1_596' title='bbox 2379 1540 2509 1595; x_wconf 83' lang='lat' dir='ltr'><strong><em>ergo</em></strong></span> <span class='ocrx_word' id='word_1_597' title='bbox 2538 1526 2882 1593; x_wconf 86' lang='lat' dir='ltr'><strong><em>charismata,</em></strong></span> <span class='ocrx_word' id='word_1_598' title='bbox 2913 1535 2969 1581; x_wconf 91' lang='lat' dir='ltr'><strong><em>ut</em></strong></span> <span class='ocrx_word' id='word_1_599' title='bbox 2993 1526 3126 1590; x_wconf 82' lang='lat' dir='ltr'><strong><em>dixi,</em></strong></span> <span class='ocrx_word' id='word_1_600' title='bbox 3160 1527 3245 1581; x_wconf 88' lang='lat' dir='ltr'><strong><em>illa</em></strong></span> <span class='ocrx_word' id='word_1_601' title='bbox 3274 1536 3488 1597; x_wconf 77' lang='lat' dir='ltr'><strong><em>egeant,</em></strong></span> 
     </span>
    </p>
   </div>
   <div class='ocr_carea' id='block_1_76' title="bbox 1897 1613 3488 1688">
    <p class='ocr_par' dir='ltr' id='par_1_76' title="bbox 1897 1613 3488 1688">
     <span class='ocr_line' id='line_1_76' title="bbox 1897 1613 3488 1688; baseline 0.004 -22"><span class='ocrx_word' id='word_1_602' title='bbox 1897 1613 2028 1667; x_wconf 90' lang='lat' dir='ltr'><strong><em>nihil</em></strong></span> <span class='ocrx_word' id='word_1_603' title='bbox 2061 1614 2255 1668; x_wconf 90' lang='lat' dir='ltr'><strong><em>mirum</em></strong></span> <span class='ocrx_word' id='word_1_604' title='bbox 2285 1633 2298 1668; x_wconf 84' lang='lat'><strong><em>;</em></strong></span> <span class='ocrx_word' id='word_1_605' title='bbox 2327 1615 2468 1685; x_wconf 90' lang='lat' dir='ltr'><strong><em>quod</em></strong></span> <span class='ocrx_word' id='word_1_606' title='bbox 2501 1625 2681 1670; x_wconf 90' lang='lat' dir='ltr'><strong><em>autem</em></strong></span> <span class='ocrx_word' id='word_1_607' title='bbox 2713 1617 2820 1671; x_wconf 89' lang='lat' dir='ltr'><strong><em>vita</em></strong></span> <span class='ocrx_word' id='word_1_608' title='bbox 2850 1627 3098 1671; x_wconf 87' lang='lat' dir='ltr'><strong><em>accurata</em></strong></span> <span class='ocrx_word' id='word_1_609' title='bbox 3130 1629 3179 1672; x_wconf 89' lang='lat' dir='ltr'><strong><em>et</em></strong></span> <span class='ocrx_word' id='word_1_610' title='bbox 3207 1634 3334 1688; x_wconf 89' lang='lat' dir='ltr'><strong><em>pura</em></strong></span> <span class='ocrx_word' id='word_1_611' title='bbox 3356 1618 3488 1674; x_wconf 91' lang='lat' dir='ltr'><strong><em>nihil</em></strong></span> 
     </span>
    </p>
   </div>
   <div class='ocr_carea' id='block_1_77' title="bbox 1896 1705 3483 1782">
    <p class='ocr_par' dir='ltr' id='par_1_77' title="bbox 1896 1705 3483 1782">
     <span class='ocr_line' id='line_1_77' title="bbox 1896 1705 3483 1782; baseline 0.001 -21"><span class='ocrx_word' id='word_1_612' title='bbox 1896 1705 2067 1775; x_wconf 89' lang='lat' dir='ltr'><strong><em>possit</em></strong></span> <span class='ocrx_word' id='word_1_613' title='bbox 2089 1705 2205 1760; x_wconf 92' lang='lat' dir='ltr'><strong><em>sine</em></strong></span> <span class='ocrx_word' id='word_1_614' title='bbox 2224 1705 2314 1761; x_wconf 90' lang='lat' dir='ltr'><strong><em>illa</em></strong></span> <span class='ocrx_word' id='word_1_615' title='bbox 2333 1749 2348 1772; x_wconf 92' lang='lat'><strong><em>,</em></strong></span> <span class='ocrx_word' id='word_1_616' title='bbox 2379 1708 2480 1760; x_wconf 87' lang='lat' dir='ltr'><strong><em>hoc</em></strong></span> <span class='ocrx_word' id='word_1_617' title='bbox 2507 1718 2656 1763; x_wconf 90' lang='lat' dir='ltr'><strong><em>certe</em></strong></span> <span class='ocrx_word' id='word_1_618' title='bbox 2681 1724 2925 1779; x_wconf 80' lang='lat' dir='ltr'><strong><em>magnam</em></strong></span> <span class='ocrx_word' id='word_1_619' title='bbox 2952 1708 3107 1764; x_wconf 71' lang='lat' dir='ltr'><strong><em>elicrt</em></strong></span> <span class='ocrx_word' id='word_1_620' title='bbox 3128 1708 3483 1782; x_wconf 80' lang='lat' dir='ltr'><strong><em>hyperbolen,</em></strong></span> 
     </span>
    </p>
   </div>
   <div class='ocr_carea' id='block_1_78' title="bbox 1895 1798 3489 1869">
    <p class='ocr_par' dir='ltr' id='par_1_78' title="bbox 1895 1798 3489 1869">
     <span class='ocr_line' id='line_1_78' title="bbox 1895 1798 3489 1869; baseline 0.001 -15"><span class='ocrx_word' id='word_1_621' title='bbox 1895 1809 1950 1854; x_wconf 88' lang='lat' dir='ltr'><strong><em>et</em></strong></span> <span class='ocrx_word' id='word_1_622' title='bbox 1980 1798 2201 1853; x_wconf 90' lang='lat' dir='ltr'><strong><em>multam</em></strong></span> <span class='ocrx_word' id='word_1_623' title='bbox 2229 1799 2369 1869; x_wconf 89' lang='lat' dir='ltr'><strong><em>parit</em></strong></span> <span class='ocrx_word' id='word_1_624' title='bbox 2391 1799 2761 1854; x_wconf 82' lang='lat' dir='ltr'><strong><em>difﬁcultatem</em></strong></span> <span class='ocrx_word' id='word_1_625' title='bbox 2789 1817 2803 1862; x_wconf 91' lang='lat'><strong><em>;</em></strong></span> <span class='ocrx_word' id='word_1_626' title='bbox 2835 1815 2956 1855; x_wconf 89' lang='lat' dir='ltr'><strong><em>cum</em></strong></span> <span class='ocrx_word' id='word_1_627' title='bbox 2986 1800 3220 1854; x_wconf 79' lang='lat' dir='ltr'><strong><em>maxime</em></strong></span> <span class='ocrx_word' id='word_1_628' title='bbox 3241 1799 3489 1855; x_wconf 86' lang='lat' dir='ltr'><strong><em>Christus</em></strong></span> 
     </span>
    </p>
   </div>
   <div class='ocr_carea' id='block_1_79' title="bbox 1895 1891 3490 1965">
    <p class='ocr_par' dir='ltr' id='par_1_79' title="bbox 1895 1891 3490 1965">
     <span class='ocr_line' id='line_1_79' title="bbox 1895 1891 3490 1965; baseline 0 -17"><span class='ocrx_word' id='word_1_629' title='bbox 1895 1893 1980 1948; x_wconf 91' lang='lat' dir='ltr'><strong><em>his</em></strong></span> <span class='ocrx_word' id='word_1_630' title='bbox 1995 1891 2256 1949; x_wconf 90' lang='lat' dir='ltr'><strong><em>ambobus</em></strong></span> <span class='ocrx_word' id='word_1_631' title='bbox 2278 1908 2463 1963; x_wconf 82' lang='lat' dir='ltr'><strong><em>magna</em></strong></span> <span class='ocrx_word' id='word_1_632' title='bbox 2486 1892 2782 1949; x_wconf 86' lang='lat' dir='ltr'><strong><em>decernere</em></strong></span> <span class='ocrx_word' id='word_1_633' title='bbox 2809 1894 3084 1960; x_wconf 86' lang='lat' dir='ltr'><strong><em>videatur;</em></strong></span> <span class='ocrx_word' id='word_1_634' title='bbox 3106 1909 3298 1965; x_wconf 89' lang='lat' dir='ltr'><strong><em>nempe</em></strong></span> <span class='ocrx_word' id='word_1_635' title='bbox 3326 1892 3490 1948; x_wconf 83' lang='lat' dir='ltr'><strong><em>facul-</em></strong></span> 
     </span>
    </p>
   </div>
   <div class='ocr_carea' id='block_1_80' title="bbox 1897 1985 3487 2057">
    <p class='ocr_par' dir='ltr' id='par_1_80' title="bbox 1897 1985 3487 2057">
     <span class='ocr_line' id='line_1_80' title="bbox 1897 1985 3487 2057; baseline 0.001 -17"><span class='ocrx_word' id='word_1_636' title='bbox 1897 1994 2064 2041; x_wconf 89' lang='lat' dir='ltr'><strong><em>tatum</em></strong></span> <span class='ocrx_word' id='word_1_637' title='bbox 2113 1985 2441 2042; x_wconf 89' lang='lat' dir='ltr'><strong><em>abdicationi</em></strong></span> <span class='ocrx_word' id='word_1_638' title='bbox 2464 2029 2477 2049; x_wconf 96' lang='lat'><strong><em>,</em></strong></span> <span class='ocrx_word' id='word_1_639' title='bbox 2520 1995 2575 2041; x_wconf 91' lang='lat' dir='ltr'><strong><em>et</em></strong></span> <span class='ocrx_word' id='word_1_640' title='bbox 2613 1986 2865 2056; x_wconf 87' lang='lat' dir='ltr'><strong><em>periculis</em></strong></span> <span class='ocrx_word' id='word_1_641' title='bbox 2893 1986 3155 2057; x_wconf 74' lang='lat' dir='ltr'><strong><em>martyrii.</em></strong></span> <span class='ocrx_word' id='word_1_642' title='bbox 3180 1986 3311 2041; x_wconf 84' lang='lat' dir='ltr'><strong><em>Nam</em></strong></span> <span class='ocrx_word' id='word_1_643' title='bbox 3337 1986 3487 2041; x_wconf 82' lang='lat' dir='ltr'><strong><em>diviti</em></strong></span> 
     </span>
    </p>
   </div>
   <div class='ocr_carea' id='block_1_81' title="bbox 1893 2076 3486 2149">
    <p class='ocr_par' dir='ltr' id='par_1_81' title="bbox 1893 2076 3486 2149">
     <span class='ocr_line' id='line_1_81' title="bbox 1893 2076 3486 2149; baseline 0 -19"><span class='ocrx_word' id='word_1_644' title='bbox 1893 2079 1988 2144; x_wconf 88' lang='lat' dir='ltr'><strong><em>ait,</em></strong></span> <span class='ocrx_word' id='word_1_645' title='bbox 2015 2087 2071 2132; x_wconf 90' lang='lat' dir='ltr'><strong><em>ut</em></strong></span> <span class='ocrx_word' id='word_1_646' title='bbox 2092 2077 2203 2147; x_wconf 86' lang='lat' dir='ltr'><strong><em>jam</em></strong></span> <span class='ocrx_word' id='word_1_647' title='bbox 2235 2077 2384 2132; x_wconf 73' lang='lat' dir='ltr'><strong><em>disi:</em></strong></span> <span class='ocrx_word' id='word_1_648' title='bbox 2420 2077 2482 2133; x_wconf 90' lang='lat' dir='ltr'><strong><em>Si</em></strong></span> <span class='ocrx_word' id='word_1_649' title='bbox 2511 2078 2584 2131; x_wconf 89' lang='lat' dir='ltr'><strong><em>vis</em></strong></span> <span class='ocrx_word' id='word_1_650' title='bbox 2614 2078 2867 2149; x_wconf 74' lang='lat' dir='ltr'><strong><em>perfectus</em></strong></span> <span class='ocrx_word' id='word_1_651' title='bbox 2911 2095 3018 2133; x_wconf 88' lang='lat' dir='ltr'><strong><em>esse</em></strong></span> <span class='ocrx_word' id='word_1_652' title='bbox 3040 2119 3055 2146; x_wconf 96' lang='lat'><strong><em>,</em></strong></span> <span class='ocrx_word' id='word_1_653' title='bbox 3107 2076 3263 2132; x_wconf 87' lang='lat' dir='ltr'><strong><em>vende</em></strong></span> <span class='ocrx_word' id='word_1_654' title='bbox 3314 2078 3486 2132; x_wconf 84' lang='lat' dir='ltr'><strong><em>omnia</em></strong></span> 
     </span>
    </p>
   </div>
   <div class='ocr_carea' id='block_1_82' title="bbox 1891 2172 3484 2245">
    <p class='ocr_par' dir='ltr' id='par_1_82' title="bbox 1891 2172 3484 2245">
     <span class='ocr_line' id='line_1_82' title="bbox 1891 2172 3484 2245; baseline 0.001 -19"><span class='ocrx_word' id='word_1_655' title='bbox 1891 2189 2006 2243; x_wconf 66' lang='lat' dir='ltr'><strong><em>quae</em></strong></span> <span class='ocrx_word' id='word_1_656' title='bbox 2029 2172 2201 2238; x_wconf 87' lang='lat' dir='ltr'><strong><em>habes,</em></strong></span> <span class='ocrx_word' id='word_1_657' title='bbox 2224 2182 2271 2228; x_wconf 90' lang='lat' dir='ltr'><strong><em>et</em></strong></span> <span class='ocrx_word' id='word_1_658' title='bbox 2298 2173 2367 2227; x_wconf 91' lang='lat' dir='ltr'><strong><em>da</em></strong></span> <span class='ocrx_word' id='word_1_659' title='bbox 2403 2175 2711 2243; x_wconf 87' lang='lat' dir='ltr'><strong><em>pauperibus</em></strong></span> <span class='ocrx_word' id='word_1_660' title='bbox 2731 2213 2746 2239; x_wconf 92' lang='lat'><strong><em>,</em></strong></span> <span class='ocrx_word' id='word_1_661' title='bbox 2778 2183 2825 2227; x_wconf 88' lang='lat' dir='ltr'><strong><em>et</em></strong></span> <span class='ocrx_word' id='word_1_662' title='bbox 2868 2175 2996 2245; x_wconf 71' lang='lat' dir='ltr'><strong><em>veni,</em></strong></span> <span class='ocrx_word' id='word_1_663' title='bbox 3021 2189 3219 2238; x_wconf 84' lang='lat' dir='ltr'><strong><em>sequere</em></strong></span> <span class='ocrx_word' id='word_1_664' title='bbox 3264 2189 3382 2237; x_wconf 87' lang='lat' dir='ltr'><strong><em>me;</em></strong></span> <span class='ocrx_word' id='word_1_665' title='bbox 3426 2181 3484 2228; x_wconf 87' lang='lat' dir='ltr'><strong><em>et</em></strong></span> 
     </span>
    </p>
   </div>
   <div class='ocr_carea' id='block_1_83' title="bbox 1891 2263 3478 2335">
    <p class='ocr_par' dir='ltr' id='par_1_83' title="bbox 1891 2263 3478 2335">
     <span class='ocr_line' id='line_1_83' title="bbox 1891 2263 3478 2335; baseline -0.002 -17"><span class='ocrx_word' id='word_1_666' title='bbox 1891 2264 2169 2333; x_wconf 87' lang='lat' dir='ltr'><strong><em>discipulis</em></strong></span> <span class='ocrx_word' id='word_1_667' title='bbox 2197 2263 2267 2319; x_wconf 91' lang='lat' dir='ltr'><strong><em>de</em></strong></span> <span class='ocrx_word' id='word_1_668' title='bbox 2294 2264 2554 2335; x_wconf 87' lang='lat' dir='ltr'><strong><em>martyrio</em></strong></span> <span class='ocrx_word' id='word_1_669' title='bbox 2584 2263 2862 2319; x_wconf 75' lang='lat' dir='ltr'><strong><em>disserens</em></strong></span> <span class='ocrx_word' id='word_1_670' title='bbox 2887 2264 3099 2317; x_wconf 86' lang='lat' dir='ltr'><strong><em>dicebat</em></strong></span> <span class='ocrx_word' id='word_1_671' title='bbox 3126 2280 3140 2317; x_wconf 89' lang='lat'><strong>:</strong></span> <span class='ocrx_word' id='word_1_672' title='bbox 3176 2264 3279 2331; x_wconf 83' lang='lat' dir='ltr'><strong><em>Qui</em></strong></span> <span class='ocrx_word' id='word_1_673' title='bbox 3304 2263 3478 2333; x_wconf 88' lang='lat' dir='ltr'><strong><em>perdi-</em></strong></span> 
     </span>
    </p>
   </div>
   <div class='ocr_carea' id='block_1_84' title="bbox 1892 2352 3487 2425">
    <p class='ocr_par' dir='ltr' id='par_1_84' title="bbox 1892 2352 3487 2425">
     <span class='ocr_line' id='line_1_84' title="bbox 1892 2352 3487 2425; baseline -0.001 -18"><span class='ocrx_word' id='word_1_674' title='bbox 1892 2354 2023 2408; x_wconf 90' lang='lat' dir='ltr'><strong><em>derit</em></strong></span> <span class='ocrx_word' id='word_1_675' title='bbox 2049 2355 2275 2408; x_wconf 91' lang='lat' dir='ltr'><strong><em>animam</em></strong></span> <span class='ocrx_word' id='word_1_676' title='bbox 2299 2371 2446 2409; x_wconf 80' lang='lat' dir='ltr'><strong><em>suam</em></strong></span> <span class='ocrx_word' id='word_1_677' title='bbox 2473 2363 2679 2425; x_wconf 84' lang='lat' dir='ltr'><strong><em>prapter</em></strong></span> <span class='ocrx_word' id='word_1_678' title='bbox 2709 2370 2818 2419; x_wconf 89' lang='lat' dir='ltr'><strong><em>me,</em></strong></span> <span class='ocrx_word' id='word_1_679' title='bbox 2848 2354 3065 2408; x_wconf 88' lang='lat' dir='ltr'><strong><em>inveniet</em></strong></span> <span class='ocrx_word' id='word_1_680' title='bbox 3087 2369 3231 2418; x_wconf 87' lang='lat' dir='ltr'><strong><em>eam;</em></strong></span> <span class='ocrx_word' id='word_1_681' title='bbox 3260 2364 3315 2411; x_wconf 88' lang='lat' dir='ltr'><strong><em>et</em></strong></span> <span class='ocrx_word' id='word_1_682' title='bbox 3338 2394 3352 2417; x_wconf 96' lang='lat'><strong><em>,</em></strong></span> <span class='ocrx_word' id='word_1_683' title='bbox 3383 2352 3487 2418; x_wconf 81' lang='lat' dir='ltr'><strong><em>Qui</em></strong></span> 
     </span>
    </p>
   </div>
   <div class='ocr_carea' id='block_1_85' title="bbox 1892 2446 3482 2518">
    <p class='ocr_par' dir='ltr' id='par_1_85' title="bbox 1892 2446 3482 2518">
     <span class='ocr_line' id='line_1_85' title="bbox 1892 2446 3482 2518; baseline 0 -17"><span class='ocrx_word' id='word_1_684' title='bbox 1892 2465 1972 2503; x_wconf 84' lang='lat' dir='ltr'><strong><em>nte</em></strong></span> <span class='ocrx_word' id='word_1_685' title='bbox 1998 2448 2257 2518; x_wconf 77' lang='lat' dir='ltr'><strong><em>confessus</em></strong></span> <span class='ocrx_word' id='word_1_686' title='bbox 2286 2449 2438 2517; x_wconf 76' lang='lat' dir='ltr'><strong><em>fuerit</em></strong></span> <span class='ocrx_word' id='word_1_687' title='bbox 2469 2463 2643 2502; x_wconf 86' lang='lat' dir='ltr'><strong><em>coram</em></strong></span> <span class='ocrx_word' id='word_1_688' title='bbox 2669 2446 2982 2510; x_wconf 86' lang='lat' dir='ltr'><strong><em>hominibus,</em></strong></span> <span class='ocrx_word' id='word_1_689' title='bbox 3013 2446 3291 2515; x_wconf 82' lang='lat' dir='ltr'><strong><em>conﬁtebor</em></strong></span> <span class='ocrx_word' id='word_1_690' title='bbox 3316 2454 3365 2501; x_wconf 88' lang='lat' dir='ltr'><strong><em>et</em></strong></span> <span class='ocrx_word' id='word_1_691' title='bbox 3388 2462 3482 2517; x_wconf 86' lang='lat' dir='ltr'><strong><em>ego</em></strong></span> 
     </span>
    </p>
   </div>
   <div class='ocr_carea' id='block_1_86' title="bbox 1889 2536 3490 2610">
    <p class='ocr_par' dir='ltr' id='par_1_86' title="bbox 1889 2536 3490 2610">
     <span class='ocr_line' id='line_1_86' title="bbox 1889 2536 3490 2610; baseline 0 -17"><span class='ocrx_word' id='word_1_692' title='bbox 1889 2556 2003 2593; x_wconf 87' lang='lat' dir='ltr'><strong><em>eum</em></strong></span> <span class='ocrx_word' id='word_1_693' title='bbox 2028 2555 2202 2594; x_wconf 86' lang='lat' dir='ltr'><strong><em>coram</em></strong></span> <span class='ocrx_word' id='word_1_694' title='bbox 2225 2538 2381 2592; x_wconf 85' lang='lat' dir='ltr'><strong><em>Patre</em></strong></span> <span class='ocrx_word' id='word_1_695' title='bbox 2407 2554 2537 2602; x_wconf 87' lang='lat' dir='ltr'><strong><em>meo,</em></strong></span> <span class='ocrx_word' id='word_1_696' title='bbox 2567 2540 2652 2610; x_wconf 86' lang='lat' dir='ltr'><strong><em>qui</em></strong></span> <span class='ocrx_word' id='word_1_697' title='bbox 2679 2546 2752 2593; x_wconf 91' lang='lat' dir='ltr'><strong><em>est</em></strong></span> <span class='ocrx_word' id='word_1_698' title='bbox 2778 2539 2833 2591; x_wconf 89' lang='lat' dir='ltr'><strong><em>in</em></strong></span> <span class='ocrx_word' id='word_1_699' title='bbox 2860 2538 2999 2593; x_wconf 70' lang='lat' dir='ltr'><strong><em>cretis</em></strong></span> <span class='ocrx_word' id='word_1_700' title='bbox 3026 2537 3242 2609; x_wconf 80' lang='lat' dir='ltr'><strong><em>(Matth.</em></strong></span> <span class='ocrx_word' id='word_1_701' title='bbox 3276 2537 3369 2603; x_wconf 86' lang='lat' dir='ltr'><strong><em>l6,</em></strong></span> <span class='ocrx_word' id='word_1_702' title='bbox 3385 2536 3458 2593; x_wconf 70' lang='grc'><strong><em>25</em></strong></span> <span class='ocrx_word' id='word_1_703' title='bbox 3475 2584 3490 2604; x_wconf 84' lang='grc'>,</span> 
     </span>
    </p>
   </div>
   <div class='ocr_carea' id='block_1_87' title="bbox 1890 2628 3485 2705">
    <p class='ocr_par' dir='ltr' id='par_1_87' title="bbox 1890 2628 3485 2705">
     <span class='ocr_line' id='line_1_87' title="bbox 1890 2628 3485 2705; baseline -0.002 -19"><span class='ocrx_word' id='word_1_704' title='bbox 1890 2645 1937 2687; x_wconf 91' lang='lat' dir='ltr'><strong><em>et</em></strong></span> <span class='ocrx_word' id='word_1_705' title='bbox 1967 2632 2055 2705; x_wconf 81' lang='grc'><strong><em>10,</em></strong></span> <span class='ocrx_word' id='word_1_706' title='bbox 2086 2631 2157 2688; x_wconf 77' lang='lat'><strong>32</strong></span> <span class='ocrx_word' id='word_1_707' title='bbox 2186 2632 2228 2704; x_wconf 92' lang='lat'><strong><em>).</em></strong></span> <span class='ocrx_word' id='word_1_708' title='bbox 2279 2631 2416 2686; x_wconf 85' lang='lat' dir='ltr'><strong><em>Nam</em></strong></span> <span class='ocrx_word' id='word_1_709' title='bbox 2463 2631 2624 2700; x_wconf 88' lang='lat' dir='ltr'><strong><em>hujus</em></strong></span> <span class='ocrx_word' id='word_1_710' title='bbox 2673 2631 2943 2700; x_wconf 62' lang='lat' dir='ltr'><strong><em>praeclarae</em></strong></span> <span class='ocrx_word' id='word_1_711' title='bbox 2991 2640 3155 2701; x_wconf 72' lang='lat' dir='ltr'><strong><em>gesta:</em></strong></span> <span class='ocrx_word' id='word_1_712' title='bbox 3202 2629 3280 2685; x_wconf 90' lang='lat' dir='ltr'><strong><em>rei</em></strong></span> <span class='ocrx_word' id='word_1_713' title='bbox 3331 2628 3485 2683; x_wconf 88' lang='lat' dir='ltr'><strong><em>labor</em></strong></span> 
     </span>
    </p>
   </div>
   <div class='ocr_carea' id='block_1_88' title="bbox 1891 2717 3482 2796">
    <p class='ocr_par' dir='ltr' id='par_1_88' title="bbox 1891 2717 3482 2796">
     <span class='ocr_line' id='line_1_88' title="bbox 1891 2717 3482 2796; baseline -0.004 -18"><span class='ocrx_word' id='word_1_714' title='bbox 1891 2739 2118 2796; x_wconf 79' lang='lat' dir='ltr'><strong><em>magnus</em></strong></span> <span class='ocrx_word' id='word_1_715' title='bbox 2145 2733 2258 2790; x_wconf 91' lang='lat' dir='ltr'><strong><em>est,</em></strong></span> <span class='ocrx_word' id='word_1_716' title='bbox 2293 2734 2348 2778; x_wconf 82' lang='lat' dir='ltr'><strong><em>et</em></strong></span> <span class='ocrx_word' id='word_1_717' title='bbox 2371 2724 2540 2793; x_wconf 89' lang='lat' dir='ltr'><strong><em>ipsam</em></strong></span> <span class='ocrx_word' id='word_1_718' title='bbox 2568 2722 2682 2778; x_wconf 88' lang='lat' dir='ltr'><strong><em>fere</em></strong></span> <span class='ocrx_word' id='word_1_719' title='bbox 2711 2730 2928 2790; x_wconf 88' lang='lat' dir='ltr'><strong><em>superat</em></strong></span> <span class='ocrx_word' id='word_1_720' title='bbox 2955 2729 3200 2776; x_wconf 85' lang='lat' dir='ltr'><strong><em>naturam</em></strong></span> <span class='ocrx_word' id='word_1_721' title='bbox 3235 2727 3329 2773; x_wconf 89' lang='lat' dir='ltr'><strong><em>:et</em></strong></span> <span class='ocrx_word' id='word_1_722' title='bbox 3378 2717 3482 2772; x_wconf 89' lang='lat' dir='ltr'><strong><em>hoc</em></strong></span> 
     </span>
    </p>
   </div>
   <div class='ocr_carea' id='block_1_89' title="bbox 1890 2810 3481 2885">
    <p class='ocr_par' dir='ltr' id='par_1_89' title="bbox 1890 2810 3481 2885">
     <span class='ocr_line' id='line_1_89' title="bbox 1890 2810 3481 2885; baseline -0.002 -18"><span class='ocrx_word' id='word_1_723' title='bbox 1890 2815 2056 2884; x_wconf 86' lang='lat' dir='ltr'><strong><em>probe</em></strong></span> <span class='ocrx_word' id='word_1_724' title='bbox 2081 2814 2262 2871; x_wconf 88' lang='lat' dir='ltr'><strong><em>sciunt</em></strong></span> <span class='ocrx_word' id='word_1_725' title='bbox 2283 2815 2341 2878; x_wconf 92' lang='lat' dir='ltr'><strong><em>ii,</em></strong></span> <span class='ocrx_word' id='word_1_726' title='bbox 2368 2815 2456 2885; x_wconf 89' lang='lat' dir='ltr'><strong><em>qui</em></strong></span> <span class='ocrx_word' id='word_1_727' title='bbox 2491 2813 2637 2868; x_wconf 89' lang='lat' dir='ltr'><strong><em>hisce</em></strong></span> <span class='ocrx_word' id='word_1_728' title='bbox 2666 2812 2881 2868; x_wconf 90' lang='lat' dir='ltr'><strong><em>coronis</em></strong></span> <span class='ocrx_word' id='word_1_729' title='bbox 2906 2811 3049 2882; x_wconf 80' lang='lat' dir='ltr'><strong><em>digni</em></strong></span> <span class='ocrx_word' id='word_1_730' title='bbox 3079 2813 3225 2866; x_wconf 90' lang='lat' dir='ltr'><strong><em>fuere</em></strong></span> <span class='ocrx_word' id='word_1_731' title='bbox 3253 2827 3267 2862; x_wconf 89' lang='lat'><strong>:</strong></span> <span class='ocrx_word' id='word_1_732' title='bbox 3301 2810 3481 2864; x_wconf 88' lang='lat' dir='ltr'><strong><em>nullus</em></strong></span> 
     </span>
    </p>
   </div>
   <div class='ocr_carea' id='block_1_90' title="bbox 1889 2903 3481 2974">
    <p class='ocr_par' dir='ltr' id='par_1_90' title="bbox 1889 2903 3481 2974">
     <span class='ocr_line' id='line_1_90' title="bbox 1889 2903 3481 2974; baseline -0.004 -14"><span class='ocrx_word' id='word_1_733' title='bbox 1889 2906 2035 2960; x_wconf 89' lang='lat' dir='ltr'><strong><em>enim</em></strong></span> <span class='ocrx_word' id='word_1_734' title='bbox 2056 2921 2236 2961; x_wconf 86' lang='lat' dir='ltr'><strong><em>sermo</em></strong></span> <span class='ocrx_word' id='word_1_735' title='bbox 2253 2904 2306 2960; x_wconf 90' lang='lat' dir='ltr'><strong><em>id</em></strong></span> <span class='ocrx_word' id='word_1_736' title='bbox 2327 2905 2629 2974; x_wconf 79' lang='lat' dir='ltr'><strong><em>exprimere</em></strong></span> <span class='ocrx_word' id='word_1_737' title='bbox 2668 2903 2835 2973; x_wconf 89' lang='lat' dir='ltr'><strong><em>possit</em></strong></span> <span class='ocrx_word' id='word_1_738' title='bbox 2857 2919 2872 2967; x_wconf 92' lang='lat'><strong><em>;</em></strong></span> <span class='ocrx_word' id='word_1_739' title='bbox 2897 2904 2966 2956; x_wconf 87' lang='lat' dir='ltr'><strong><em>ita</em></strong></span> <span class='ocrx_word' id='word_1_740' title='bbox 2992 2916 3269 2973; x_wconf 65' lang='lat' dir='ltr'><strong><em>generosa:</em></strong></span> <span class='ocrx_word' id='word_1_741' title='bbox 3288 2914 3481 2972; x_wconf 87' lang='lat' dir='ltr'><strong><em>nempe</em></strong></span> 
     </span>
    </p>
   </div>
   <div class='ocr_carea' id='block_1_91' title="bbox 1889 2993 3399 3067">
    <p class='ocr_par' dir='ltr' id='par_1_91' title="bbox 1889 2993 3399 3067">
     <span class='ocr_line' id='line_1_91' title="bbox 1889 2993 3399 3067; baseline -0.005 -14"><span class='ocrx_word' id='word_1_742' title='bbox 1889 3000 2083 3054; x_wconf 72' lang='lat' dir='ltr'><strong><em>anima:</em></strong></span> <span class='ocrx_word' id='word_1_743' title='bbox 2108 2998 2313 3054; x_wconf 87' lang='lat' dir='ltr'><strong><em>facinus</em></strong></span> <span class='ocrx_word' id='word_1_744' title='bbox 2338 3008 2443 3065; x_wconf 86' lang='lat' dir='ltr'><strong><em>est,</em></strong></span> <span class='ocrx_word' id='word_1_745' title='bbox 2475 3005 2530 3053; x_wconf 91' lang='lat' dir='ltr'><strong><em>et</em></strong></span> <span class='ocrx_word' id='word_1_746' title='bbox 2563 3012 2724 3067; x_wconf 90' lang='lat' dir='ltr'><strong><em>supra</em></strong></span> <span class='ocrx_word' id='word_1_747' title='bbox 2754 2995 2975 3050; x_wconf 90' lang='lat' dir='ltr'><strong><em>modum</em></strong></span> <span class='ocrx_word' id='word_1_748' title='bbox 3000 2993 3399 3048; x_wconf 88' lang='lat' dir='ltr'><strong><em>admirandum.</em></strong></span> 
     </span>
    </p>
   </div>
   <div class='ocr_carea' id='block_1_92' title="bbox 1956 3078 3480 3158">
    <p class='ocr_par' dir='ltr' id='par_1_92' title="bbox 1956 3078 3480 3158">
     <span class='ocr_line' id='line_1_92' title="bbox 1956 3078 3480 3158; baseline -0.005 -11"><span class='ocrx_word' id='word_1_749' title='bbox 1956 3078 2013 3147; x_wconf 68' lang='grc' dir='ltr'><strong><em>Β.</em></strong></span> <span class='ocrx_word' id='word_1_750' title='bbox 2037 3092 2285 3145; x_wconf 87' lang='lat' dir='ltr'><strong><em>Attamen</em></strong></span> <span class='ocrx_word' id='word_1_751' title='bbox 2306 3089 2433 3145; x_wconf 92' lang='lat' dir='ltr'><strong><em>illud</em></strong></span> <span class='ocrx_word' id='word_1_752' title='bbox 2449 3088 2823 3144; x_wconf 87' lang='lat' dir='ltr'><strong><em>admirandum</em></strong></span> <span class='ocrx_word' id='word_1_753' title='bbox 2847 3102 2952 3143; x_wconf 91' lang='lat' dir='ltr'><strong><em>non</em></strong></span> <span class='ocrx_word' id='word_1_754' title='bbox 2975 3087 3202 3142; x_wconf 89' lang='lat' dir='ltr'><strong><em>multum</em></strong></span> <span class='ocrx_word' id='word_1_755' title='bbox 3223 3085 3480 3158; x_wconf 89' lang='lat' dir='ltr'><strong><em>prodesse</em></strong></span> 
     </span>
    </p>
   </div>
   <div class='ocr_carea' id='block_1_93' title="bbox 1889 3176 3479 3250">
    <p class='ocr_par' dir='ltr' id='par_1_93' title="bbox 1889 3176 3479 3250">
     <span class='ocr_line' id='line_1_93' title="bbox 1889 3176 3479 3250; baseline -0.005 -11"><span class='ocrx_word' id='word_1_756' title='bbox 1889 3185 2007 3240; x_wconf 88' lang='lat' dir='ltr'><strong><em>sine</em></strong></span> <span class='ocrx_word' id='word_1_757' title='bbox 2030 3185 2255 3239; x_wconf 87' lang='lat' dir='ltr'><strong><em>caritate</em></strong></span> <span class='ocrx_word' id='word_1_758' title='bbox 2281 3182 2413 3239; x_wconf 89' lang='lat' dir='ltr'><strong><em>dicit</em></strong></span> <span class='ocrx_word' id='word_1_759' title='bbox 2453 3180 2651 3237; x_wconf 88' lang='lat' dir='ltr'><strong><em>Paulus</em></strong></span> <span class='ocrx_word' id='word_1_760' title='bbox 2678 3222 2694 3248; x_wconf 91' lang='lat'><strong><em>,</em></strong></span> <span class='ocrx_word' id='word_1_761' title='bbox 2740 3180 2950 3235; x_wconf 89' lang='lat' dir='ltr'><strong><em>etiamsi</em></strong></span> <span class='ocrx_word' id='word_1_762' title='bbox 2992 3179 3264 3250; x_wconf 87' lang='lat' dir='ltr'><strong><em>depositas</em></strong></span> <span class='ocrx_word' id='word_1_763' title='bbox 3304 3176 3479 3232; x_wconf 86' lang='lat' dir='ltr'><strong><em>facul-</em></strong></span> 
     </span>
    </p>
   </div>
   <div class='ocr_carea' id='block_1_94' title="bbox 1891 3270 3481 3344">
    <p class='ocr_par' dir='ltr' id='par_1_94' title="bbox 1891 3270 3481 3344">
     <span class='ocr_line' id='line_1_94' title="bbox 1891 3270 3481 3344; baseline -0.005 -13"><span class='ocrx_word' id='word_1_764' title='bbox 1891 3287 2028 3331; x_wconf 88' lang='lat' dir='ltr'><strong><em>tates</em></strong></span> <span class='ocrx_word' id='word_1_765' title='bbox 2056 3275 2216 3331; x_wconf 81' lang='lat' dir='ltr'><strong><em>siuiul</em></strong></span> <span class='ocrx_word' id='word_1_766' title='bbox 2252 3274 2465 3344; x_wconf 88' lang='lat' dir='ltr'><strong><em>junctas</em></strong></span> <span class='ocrx_word' id='word_1_767' title='bbox 2511 3272 2726 3327; x_wconf 87' lang='lat' dir='ltr'><strong><em>habeat.</em></strong></span> <span class='ocrx_word' id='word_1_768' title='bbox 2779 3272 2887 3326; x_wconf 88' lang='lat' dir='ltr'><strong><em>Cur</em></strong></span> <span class='ocrx_word' id='word_1_769' title='bbox 2925 3286 3054 3343; x_wconf 78' lang='lat' dir='ltr'><strong><em>ergo</em></strong></span> <span class='ocrx_word' id='word_1_770' title='bbox 3094 3270 3174 3325; x_wconf 91' lang='lat' dir='ltr'><strong><em>sic</em></strong></span> <span class='ocrx_word' id='word_1_771' title='bbox 3225 3270 3481 3341; x_wconf 89' lang='lat' dir='ltr'><strong><em>loquutus</em></strong></span> 
     </span>
    </p>
   </div>
   <div class='ocr_carea' id='block_1_95' title="bbox 1890 3360 3480 3437">
    <p class='ocr_par' dir='ltr' id='par_1_95' title="bbox 1890 3360 3480 3437">
     <span class='ocr_line' id='line_1_95' title="bbox 1890 3360 3480 3437; baseline -0.005 -13"><span class='ocrx_word' id='word_1_772' title='bbox 1890 3369 2014 3424; x_wconf 88' lang='lat' dir='ltr'><strong><em>est?</em></strong></span> <span class='ocrx_word' id='word_1_773' title='bbox 2052 3368 2168 3423; x_wconf 83' lang='lat' dir='ltr'><strong><em>Hoc</em></strong></span> <span class='ocrx_word' id='word_1_774' title='bbox 2191 3367 2303 3437; x_wconf 88' lang='lat' dir='ltr'><strong><em>jam</em></strong></span> <span class='ocrx_word' id='word_1_775' title='bbox 2334 3364 2621 3421; x_wconf 89' lang='lat' dir='ltr'><strong><em>ostendere</em></strong></span> <span class='ocrx_word' id='word_1_776' title='bbox 2649 3364 2922 3426; x_wconf 88' lang='lat' dir='ltr'><strong><em>conabor.</em></strong></span> <span class='ocrx_word' id='word_1_777' title='bbox 2955 3379 3078 3420; x_wconf 88' lang='lat' dir='ltr'><strong><em>cum</em></strong></span> <span class='ocrx_word' id='word_1_778' title='bbox 3128 3363 3300 3433; x_wconf 88' lang='lat' dir='ltr'><strong><em>primo</em></strong></span> <span class='ocrx_word' id='word_1_779' title='bbox 3352 3360 3480 3417; x_wconf 89' lang='lat' dir='ltr'><strong><em>illud</em></strong></span> 
     </span>
    </p>
   </div>
   <div class='ocr_carea' id='block_1_96' title="bbox 1890 3456 3485 3533">
    <p class='ocr_par' dir='ltr' id='par_1_96' title="bbox 1890 3456 3485 3533">
     <span class='ocr_line' id='line_1_96' title="bbox 1890 3456 3485 3533; baseline -0.004 -16"><span class='ocrx_word' id='word_1_780' title='bbox 1890 3461 2219 3533; x_wconf 77' lang='lat' dir='ltr'><strong><em>quaesierim,</em></strong></span> <span class='ocrx_word' id='word_1_781' title='bbox 2252 3459 2523 3530; x_wconf 84' lang='lat' dir='ltr'><strong><em>quomodo</em></strong></span> <span class='ocrx_word' id='word_1_782' title='bbox 2551 3459 2594 3513; x_wconf 90' lang='lat' dir='ltr'><strong><em>is</em></strong></span> <span class='ocrx_word' id='word_1_783' title='bbox 2615 3459 2706 3529; x_wconf 91' lang='lat' dir='ltr'><strong><em>qui</em></strong></span> <span class='ocrx_word' id='word_1_784' title='bbox 2737 3458 3014 3512; x_wconf 80' lang='lat' dir='ltr'><strong><em>facultates</em></strong></span> <span class='ocrx_word' id='word_1_785' title='bbox 3041 3471 3229 3512; x_wconf 91' lang='lat' dir='ltr'><strong><em>omnes</em></strong></span> <span class='ocrx_word' id='word_1_786' title='bbox 3256 3456 3306 3511; x_wconf 92' lang='lat' dir='ltr'><strong><em>in</em></strong></span> <span class='ocrx_word' id='word_1_787' title='bbox 3334 3456 3485 3511; x_wconf 89' lang='lat' dir='ltr'><strong><em>cibos</em></strong></span> 
     </span>
    </p>
   </div>
   <div class='ocr_carea' id='block_1_97' title="bbox 1891 3550 3483 3625">
    <p class='ocr_par' dir='ltr' id='par_1_97' title="bbox 1891 3550 3483 3625">
     <span class='ocr_line' id='line_1_97' title="bbox 1891 3550 3483 3625; baseline -0.004 -15"><span class='ocrx_word' id='word_1_788' title='bbox 1891 3556 2205 3622; x_wconf 77' lang='lat' dir='ltr'><strong><em>distribuit,</em></strong></span> <span class='ocrx_word' id='word_1_789' title='bbox 2240 3555 2406 3625; x_wconf 89' lang='lat' dir='ltr'><strong><em>possit</em></strong></span> <span class='ocrx_word' id='word_1_790' title='bbox 2433 3568 2554 3609; x_wconf 91' lang='lat' dir='ltr'><strong><em>esse</em></strong></span> <span class='ocrx_word' id='word_1_791' title='bbox 2579 3553 2697 3608; x_wconf 89' lang='lat' dir='ltr'><strong><em>sine</em></strong></span> <span class='ocrx_word' id='word_1_792' title='bbox 2736 3552 2979 3607; x_wconf 88' lang='lat' dir='ltr'><strong><em>caritate.</em></strong></span> <span class='ocrx_word' id='word_1_793' title='bbox 3032 3550 3125 3605; x_wconf 86' lang='lat' dir='ltr'><strong><em>Ille</em></strong></span> <span class='ocrx_word' id='word_1_794' title='bbox 3166 3551 3346 3616; x_wconf 90' lang='lat' dir='ltr'><strong><em>enim,</em></strong></span> <span class='ocrx_word' id='word_1_795' title='bbox 3391 3550 3483 3620; x_wconf 90' lang='lat' dir='ltr'><strong><em>qui</em></strong></span> 
     </span>
    </p>
   </div>
   <div class='ocr_carea' id='block_1_98' title="bbox 1893 3642 3483 3719">
    <p class='ocr_par' dir='ltr' id='par_1_98' title="bbox 1893 3642 3483 3719">
     <span class='ocr_line' id='line_1_98' title="bbox 1893 3642 3483 3719; baseline -0.003 -19"><span class='ocrx_word' id='word_1_796' title='bbox 1893 3660 2110 3719; x_wconf 81' lang='lat' dir='ltr'><strong><em>paratus</em></strong></span> <span class='ocrx_word' id='word_1_797' title='bbox 2133 3659 2214 3705; x_wconf 89' lang='lat' dir='ltr'><strong><em>est</em></strong></span> <span class='ocrx_word' id='word_1_798' title='bbox 2239 3647 2304 3701; x_wconf 90' lang='lat' dir='ltr'><strong><em>ad</em></strong></span> <span class='ocrx_word' id='word_1_799' title='bbox 2334 3646 2578 3717; x_wconf 87' lang='lat' dir='ltr'><strong><em>corporis</em></strong></span> <span class='ocrx_word' id='word_1_800' title='bbox 2603 3644 3033 3700; x_wconf 87' lang='lat' dir='ltr'><strong><em>combustionem</em></strong></span> <span class='ocrx_word' id='word_1_801' title='bbox 3055 3685 3070 3708; x_wconf 95' lang='lat'><strong><em>,</em></strong></span> <span class='ocrx_word' id='word_1_802' title='bbox 3103 3642 3230 3699; x_wconf 91' lang='lat' dir='ltr'><strong><em>licet</em></strong></span> <span class='ocrx_word' id='word_1_803' title='bbox 3271 3642 3483 3697; x_wconf 88' lang='lat' dir='ltr'><strong><em>charis-</em></strong></span> 
     </span>
    </p>
   </div>
   <div class='ocr_carea' id='block_1_99' title="bbox 1893 3734 3482 3808">
    <p class='ocr_par' dir='ltr' id='par_1_99' title="bbox 1893 3734 3482 3808">
     <span class='ocr_line' id='line_1_99' title="bbox 1893 3734 3482 3808; baseline -0.004 -12"><span class='ocrx_word' id='word_1_804' title='bbox 1893 3752 2032 3797; x_wconf 88' lang='lat' dir='ltr'><strong><em>mata</em></strong></span> <span class='ocrx_word' id='word_1_805' title='bbox 2068 3741 2276 3806; x_wconf 79' lang='lat' dir='ltr'><strong><em>habeat,</em></strong></span> <span class='ocrx_word' id='word_1_806' title='bbox 2310 3739 2424 3796; x_wconf 86' lang='lat' dir='ltr'><strong><em>ﬁeri</em></strong></span> <span class='ocrx_word' id='word_1_807' title='bbox 2446 3739 2673 3794; x_wconf 83' lang='lat' dir='ltr'><strong><em>fortasse</em></strong></span> <span class='ocrx_word' id='word_1_808' title='bbox 2703 3747 2877 3808; x_wconf 89' lang='lat' dir='ltr'><strong><em>potest</em></strong></span> <span class='ocrx_word' id='word_1_809' title='bbox 2909 3747 2966 3792; x_wconf 91' lang='lat' dir='ltr'><strong><em>ut</em></strong></span> <span class='ocrx_word' id='word_1_810' title='bbox 2990 3752 3093 3792; x_wconf 91' lang='lat' dir='ltr'><strong><em>non</em></strong></span> <span class='ocrx_word' id='word_1_811' title='bbox 3119 3735 3301 3806; x_wconf 78' lang='lat' dir='ltr'><strong><em>diligat</em></strong></span> <span class='ocrx_word' id='word_1_812' title='bbox 3331 3751 3347 3788; x_wconf 88' lang='lat'><strong>:</strong></span> <span class='ocrx_word' id='word_1_813' title='bbox 3387 3734 3482 3790; x_wconf 86' lang='lat' dir='ltr'><strong><em>sed</em></strong></span> 
     </span>
    </p>
   </div>
   <div class='ocr_carea' id='block_1_100' title="bbox 1895 3829 3484 3903">
    <p class='ocr_par' dir='ltr' id='par_1_100' title="bbox 1895 3829 3484 3903">
     <span class='ocr_line' id='line_1_100' title="bbox 1895 3829 3484 3903; baseline -0.004 -15"><span class='ocrx_word' id='word_1_814' title='bbox 1895 3835 1983 3889; x_wconf 77' lang='lat' dir='ltr'><strong><em>ille</em></strong></span> <span class='ocrx_word' id='word_1_815' title='bbox 2010 3836 2102 3903; x_wconf 82' lang='lat' dir='ltr'><strong><em>qui</em></strong></span> <span class='ocrx_word' id='word_1_816' title='bbox 2133 3850 2237 3889; x_wconf 90' lang='lat' dir='ltr'><strong><em>non</em></strong></span> <span class='ocrx_word' id='word_1_817' title='bbox 2264 3832 2424 3889; x_wconf 90' lang='lat' dir='ltr'><strong><em>modo</em></strong></span> <span class='ocrx_word' id='word_1_818' title='bbox 2452 3832 2737 3887; x_wconf 81' lang='lat' dir='ltr'><strong><em>facultates</em></strong></span> <span class='ocrx_word' id='word_1_819' title='bbox 2757 3830 2884 3896; x_wconf 87' lang='lat' dir='ltr'><strong><em>dat,</em></strong></span> <span class='ocrx_word' id='word_1_820' title='bbox 2918 3830 3011 3885; x_wconf 87' lang='lat' dir='ltr'><strong><em>sed</em></strong></span> <span class='ocrx_word' id='word_1_821' title='bbox 3040 3829 3201 3886; x_wconf 88' lang='lat' dir='ltr'><strong><em>etiam</em></strong></span> <span class='ocrx_word' id='word_1_822' title='bbox 3234 3831 3285 3883; x_wconf 91' lang='lat' dir='ltr'><strong><em>in</em></strong></span> <span class='ocrx_word' id='word_1_823' title='bbox 3332 3829 3484 3885; x_wconf 92' lang='lat' dir='ltr'><strong><em>cibos</em></strong></span> 
     </span>
    </p>
   </div>
   <div class='ocr_carea' id='block_1_101' title="bbox 1892 3919 3486 3995">
    <p class='ocr_par' dir='ltr' id='par_1_101' title="bbox 1892 3919 3486 3995">
     <span class='ocr_line' id='line_1_101' title="bbox 1892 3919 3486 3995; baseline -0.005 -15"><span class='ocrx_word' id='word_1_824' title='bbox 1892 3926 2198 3991; x_wconf 88' lang='lat' dir='ltr'><strong><em>distribuit,</em></strong></span> <span class='ocrx_word' id='word_1_825' title='bbox 2230 3923 2501 3995; x_wconf 88' lang='lat' dir='ltr'><strong><em>quomodo</em></strong></span> <span class='ocrx_word' id='word_1_826' title='bbox 2529 3939 2636 3978; x_wconf 87' lang='lat' dir='ltr'><strong><em>non</em></strong></span> <span class='ocrx_word' id='word_1_827' title='bbox 2682 3922 2894 3992; x_wconf 79' lang='lat' dir='ltr'><strong><em>diligit?</em></strong></span> <span class='ocrx_word' id='word_1_828' title='bbox 2941 3921 3078 3989; x_wconf 89' lang='lat' dir='ltr'><strong><em>Quid</em></strong></span> <span class='ocrx_word' id='word_1_829' title='bbox 3129 3935 3258 3992; x_wconf 78' lang='lat' dir='ltr'><strong><em>ergo</em></strong></span> <span class='ocrx_word' id='word_1_830' title='bbox 3301 3919 3486 3976; x_wconf 85' lang='lat' dir='ltr'><strong><em>dicen-</em></strong></span> 
     </span>
    </p>
   </div>
   <div class='ocr_carea' id='block_1_102' title="bbox 1893 4017 3483 4089">
    <p class='ocr_par' dir='ltr' id='par_1_102' title="bbox 1893 4017 3483 4089">
     <span class='ocr_line' id='line_1_102' title="bbox 1893 4017 3483 4089; baseline -0.003 -16"><span class='ocrx_word' id='word_1_831' title='bbox 1893 4022 2064 4074; x_wconf 83' lang='lat' dir='ltr'><strong><em>dum?</em></strong></span> <span class='ocrx_word' id='word_1_832' title='bbox 2097 4019 2188 4074; x_wconf 83' lang='lat' dir='ltr'><strong><em>Vel</em></strong></span> <span class='ocrx_word' id='word_1_833' title='bbox 2218 4019 2360 4089; x_wconf 88' lang='lat' dir='ltr'><strong><em>quod</em></strong></span> <span class='ocrx_word' id='word_1_834' title='bbox 2393 4018 2443 4072; x_wconf 94' lang='lat' dir='ltr'><strong><em>id</em></strong></span> <span class='ocrx_word' id='word_1_835' title='bbox 2471 4018 2613 4089; x_wconf 89' lang='lat' dir='ltr'><strong><em>quod</em></strong></span> <span class='ocrx_word' id='word_1_836' title='bbox 2644 4034 2751 4071; x_wconf 90' lang='lat' dir='ltr'><strong><em>non</em></strong></span> <span class='ocrx_word' id='word_1_837' title='bbox 2784 4026 2901 4073; x_wconf 90' lang='lat' dir='ltr'><strong><em>erat</em></strong></span> <span class='ocrx_word' id='word_1_838' title='bbox 2924 4058 2939 4083; x_wconf 92' lang='lat'><strong><em>,</em></strong></span> <span class='ocrx_word' id='word_1_839' title='bbox 2968 4032 3032 4072; x_wconf 90' lang='lat' dir='ltr'><strong><em>ac</em></strong></span> <span class='ocrx_word' id='word_1_840' title='bbox 3060 4017 3106 4071; x_wconf 92' lang='lat' dir='ltr'><strong><em>si</em></strong></span> <span class='ocrx_word' id='word_1_841' title='bbox 3136 4024 3318 4083; x_wconf 80' lang='lat' dir='ltr'><strong><em>esset,</em></strong></span> <span class='ocrx_word' id='word_1_842' title='bbox 3350 4030 3483 4084; x_wconf 82' lang='lat' dir='ltr'><strong><em>sup—</em></strong></span> 
     </span>
    </p>
   </div>
   <div class='ocr_carea' id='block_1_103' title="bbox 1897 4106 3489 4181">
    <p class='ocr_par' dir='ltr' id='par_1_103' title="bbox 1897 4106 3489 4181">
     <span class='ocr_line' id='line_1_103' title="bbox 1897 4106 3489 4181; baseline -0.004 -16"><span class='ocrx_word' id='word_1_843' title='bbox 1897 4111 2170 4181; x_wconf 88' lang='lat' dir='ltr'><strong><em>posuerit,</em></strong></span> <span class='ocrx_word' id='word_1_844' title='bbox 2213 4110 2355 4180; x_wconf 89' lang='lat' dir='ltr'><strong><em>quod</em></strong></span> <span class='ocrx_word' id='word_1_845' title='bbox 2381 4124 2598 4178; x_wconf 71' lang='lat' dir='ltr'><strong><em>semper</em></strong></span> <span class='ocrx_word' id='word_1_846' title='bbox 2630 4107 2808 4163; x_wconf 80' lang='lat' dir='ltr'><strong><em>facere</em></strong></span> <span class='ocrx_word' id='word_1_847' title='bbox 2839 4108 3011 4174; x_wconf 86' lang='lat' dir='ltr'><strong><em>solet,</em></strong></span> <span class='ocrx_word' id='word_1_848' title='bbox 3055 4122 3175 4160; x_wconf 90' lang='lat' dir='ltr'><strong><em>eum</em></strong></span> <span class='ocrx_word' id='word_1_849' title='bbox 3223 4106 3489 4178; x_wconf 83' lang='lat' dir='ltr'><strong><em>hyperbo-</em></strong></span> 
     </span>
    </p>
   </div>
   <div class='ocr_carea' id='block_1_104' title="bbox 1898 4197 3488 4273">
    <p class='ocr_par' dir='ltr' id='par_1_104' title="bbox 1898 4197 3488 4273">
     <span class='ocr_line' id='line_1_104' title="bbox 1898 4197 3488 4273; baseline -0.004 -17"><span class='ocrx_word' id='word_1_850' title='bbox 1898 4204 2000 4258; x_wconf 91' lang='lat' dir='ltr'><strong><em>lem</em></strong></span> <span class='ocrx_word' id='word_1_851' title='bbox 2029 4202 2315 4273; x_wconf 87' lang='lat' dir='ltr'><strong><em>quamdam</em></strong></span> <span class='ocrx_word' id='word_1_852' title='bbox 2349 4201 2461 4254; x_wconf 82' lang='lat' dir='ltr'><strong><em>vult</em></strong></span> <span class='ocrx_word' id='word_1_853' title='bbox 2488 4200 2767 4269; x_wconf 83' lang='lat' dir='ltr'><strong><em>proferre;</em></strong></span> <span class='ocrx_word' id='word_1_854' title='bbox 2805 4208 2862 4252; x_wconf 93' lang='lat' dir='ltr'><strong><em>ut</em></strong></span> <span class='ocrx_word' id='word_1_855' title='bbox 2884 4215 3003 4252; x_wconf 89' lang='lat' dir='ltr'><strong><em>cum</em></strong></span> <span class='ocrx_word' id='word_1_856' title='bbox 3027 4197 3228 4253; x_wconf 77' lang='lat' dir='ltr'><strong><em>Calatis</em></strong></span> <span class='ocrx_word' id='word_1_857' title='bbox 3245 4197 3488 4250; x_wconf 77' lang='lat' dir='ltr'><strong><em>scribens</em></strong></span> 
     </span>
    </p>
   </div>
   <div class='ocr_carea' id='block_1_105' title="bbox 1894 4286 3483 4362">
    <p class='ocr_par' dir='ltr' id='par_1_105' title="bbox 1894 4286 3483 4362">
     <span class='ocr_line' id='line_1_105' title="bbox 1894 4286 3483 4362; baseline -0.004 -14"><span class='ocrx_word' id='word_1_858' title='bbox 1894 4295 2029 4349; x_wconf 80' lang='lat' dir='ltr'><strong><em>dixit</em></strong></span> <span class='ocrx_word' id='word_1_859' title='bbox 2061 4312 2074 4348; x_wconf 92' lang='lat'>:</span> <span class='ocrx_word' id='word_1_860' title='bbox 2109 4294 2169 4349; x_wconf 87' lang='lat' dir='ltr'><strong><em>Si</em></strong></span> <span class='ocrx_word' id='word_1_861' title='bbox 2198 4310 2290 4347; x_wconf 86' lang='lat' dir='ltr'><strong><em>nos</em></strong></span> <span class='ocrx_word' id='word_1_862' title='bbox 2315 4336 2327 4355; x_wconf 88' lang='lat'><strong><em>,</em></strong></span> <span class='ocrx_word' id='word_1_863' title='bbox 2353 4303 2441 4345; x_wconf 90' lang='lat' dir='ltr'><strong><em>aut</em></strong></span> <span class='ocrx_word' id='word_1_864' title='bbox 2471 4293 2684 4362; x_wconf 85' lang='lat' dir='ltr'><strong><em>angelus</em></strong></span> <span class='ocrx_word' id='word_1_865' title='bbox 2713 4291 2776 4345; x_wconf 89' lang='lat' dir='ltr'><strong><em>de</em></strong></span> <span class='ocrx_word' id='word_1_866' title='bbox 2817 4290 2943 4344; x_wconf 79' lang='lat' dir='ltr'><strong><em>ctelo</em></strong></span> <span class='ocrx_word' id='word_1_867' title='bbox 2989 4288 3292 4359; x_wconf 74' lang='lat' dir='ltr'><strong><em>evangelizet</em></strong></span> <span class='ocrx_word' id='word_1_868' title='bbox 3344 4286 3483 4341; x_wconf 86' lang='lat' dir='ltr'><strong><em>vobis</em></strong></span> 
     </span>
    </p>
   </div>
   <div class='ocr_carea' id='block_1_106' title="bbox 1897 4376 3480 4457">
    <p class='ocr_par' dir='ltr' id='par_1_106' title="bbox 1897 4376 3480 4457">
     <span class='ocr_line' id='line_1_106' title="bbox 1897 4376 3480 4457; baseline -0.004 -19"><span class='ocrx_word' id='word_1_869' title='bbox 1897 4398 2233 4457; x_wconf 81' lang='lat' dir='ltr'><strong><em>prteterquam</em></strong></span> <span class='ocrx_word' id='word_1_870' title='bbox 2259 4385 2313 4438; x_wconf 89' lang='lat' dir='ltr'><strong><em>id</em></strong></span> <span class='ocrx_word' id='word_1_871' title='bbox 2341 4384 2477 4456; x_wconf 90' lang='lat' dir='ltr'><strong><em>quod</em></strong></span> <span class='ocrx_word' id='word_1_872' title='bbox 2505 4383 2772 4453; x_wconf 87' lang='lat' dir='ltr'><strong><em>accepistis</em></strong></span> <span class='ocrx_word' id='word_1_873' title='bbox 2793 4425 2809 4447; x_wconf 92' lang='lat'><strong><em>,</em></strong></span> <span class='ocrx_word' id='word_1_874' title='bbox 2842 4381 3115 4435; x_wconf 87' lang='lat' dir='ltr'><strong><em>anathema</em></strong></span> <span class='ocrx_word' id='word_1_875' title='bbox 3144 4380 3208 4434; x_wconf 87' lang='lat' dir='ltr'><strong><em>sit</em></strong></span> <span class='ocrx_word' id='word_1_876' title='bbox 3237 4379 3255 4449; x_wconf 97' lang='lat'><strong>(</strong></span> <span class='ocrx_word' id='word_1_877' title='bbox 3282 4376 3399 4432; x_wconf 79' lang='lat' dir='ltr'><strong><em>Gal.</em></strong></span> <span class='ocrx_word' id='word_1_878' title='bbox 3428 4378 3480 4447; x_wconf 82' lang='grc'><strong>1,</strong></span> 
     </span>
    </p>
   </div>
   <div class='ocr_carea' id='block_1_107' title="bbox 1895 4472 3485 4552">
    <p class='ocr_par' dir='ltr' id='par_1_107' title="bbox 1895 4472 3485 4552">
     <span class='ocr_line' id='line_1_107' title="bbox 1895 4472 3485 4552; baseline -0.007 -14"><span class='ocrx_word' id='word_1_879' title='bbox 1895 4482 1987 4552; x_wconf 87' lang='grc'><strong><em>8).</em></strong></span> <span class='ocrx_word' id='word_1_880' title='bbox 2023 4480 2183 4550; x_wconf 82' lang='lat' dir='ltr'><strong><em>Atqui</em></strong></span> <span class='ocrx_word' id='word_1_881' title='bbox 2236 4494 2409 4549; x_wconf 87' lang='lat' dir='ltr'><strong><em>neque</em></strong></span> <span class='ocrx_word' id='word_1_882' title='bbox 2457 4479 2610 4548; x_wconf 91' lang='lat' dir='ltr'><strong><em>ipse,</em></strong></span> <span class='ocrx_word' id='word_1_883' title='bbox 2665 4491 2840 4547; x_wconf 90' lang='lat' dir='ltr'><strong><em>neque</em></strong></span> <span class='ocrx_word' id='word_1_884' title='bbox 2886 4475 3108 4543; x_wconf 76' lang='lat' dir='ltr'><strong><em>angelus</em></strong></span> <span class='ocrx_word' id='word_1_885' title='bbox 3149 4473 3200 4528; x_wconf 93' lang='lat' dir='ltr'><strong><em>id</em></strong></span> <span class='ocrx_word' id='word_1_886' title='bbox 3247 4472 3485 4527; x_wconf 79' lang='lat' dir='ltr'><strong><em>facturus</em></strong></span> 
     </span>
    </p>
   </div>
   <div class='ocr_carea' id='block_1_108' title="bbox 1895 4563 3485 4638">
    <p class='ocr_par' dir='ltr' id='par_1_108' title="bbox 1895 4563 3485 4638">
     <span class='ocr_line' id='line_1_108' title="bbox 1895 4563 3485 4638; baseline -0.007 -10"><span class='ocrx_word' id='word_1_887' title='bbox 1895 4582 2049 4638; x_wconf 89' lang='lat' dir='ltr'><strong><em>erat;</em></strong></span> <span class='ocrx_word' id='word_1_888' title='bbox 2102 4571 2195 4627; x_wconf 85' lang='lat' dir='ltr'><strong><em>sed</em></strong></span> <span class='ocrx_word' id='word_1_889' title='bbox 2247 4580 2302 4625; x_wconf 90' lang='lat' dir='ltr'><strong><em>ut</em></strong></span> <span class='ocrx_word' id='word_1_890' title='bbox 2349 4568 2659 4627; x_wconf 86' lang='lat' dir='ltr'><strong><em>ostenderet</em></strong></span> <span class='ocrx_word' id='word_1_891' title='bbox 2693 4568 2770 4623; x_wconf 85' lang='lat' dir='ltr'><strong><em>rei</em></strong></span> <span class='ocrx_word' id='word_1_892' title='bbox 2810 4565 3221 4629; x_wconf 83' lang='lat' dir='ltr'><strong><em>excellentiam,</em></strong></span> <span class='ocrx_word' id='word_1_893' title='bbox 3254 4563 3305 4618; x_wconf 91' lang='lat' dir='ltr'><strong><em>id</em></strong></span> <span class='ocrx_word' id='word_1_894' title='bbox 3345 4563 3485 4632; x_wconf 85' lang='lat' dir='ltr'><strong><em>quod</em></strong></span> 
     </span>
    </p>
   </div>
   <div class='ocr_carea' id='block_1_109' title="bbox 1900 4653 3491 4734">
    <p class='ocr_par' dir='ltr' id='par_1_109' title="bbox 1900 4653 3491 4734">
     <span class='ocr_line' id='line_1_109' title="bbox 1900 4653 3491 4734; baseline -0.007 -16"><span class='ocrx_word' id='word_1_895' title='bbox 1900 4679 2191 4734; x_wconf 91' lang='lat' dir='ltr'><strong><em>numquam</em></strong></span> <span class='ocrx_word' id='word_1_896' title='bbox 2222 4660 2456 4716; x_wconf 85' lang='lat' dir='ltr'><strong><em>futurum</em></strong></span> <span class='ocrx_word' id='word_1_897' title='bbox 2482 4667 2599 4715; x_wconf 88' lang='lat' dir='ltr'><strong><em>erat</em></strong></span> <span class='ocrx_word' id='word_1_898' title='bbox 2622 4661 2815 4728; x_wconf 88' lang='lat' dir='ltr'><strong><em>posuit.</em></strong></span> <span class='ocrx_word' id='word_1_899' title='bbox 2851 4657 2921 4712; x_wconf 88' lang='lat' dir='ltr'><strong><em>Et</em></strong></span> <span class='ocrx_word' id='word_1_900' title='bbox 2956 4670 3167 4710; x_wconf 90' lang='lat' dir='ltr'><strong><em>rursum</em></strong></span> <span class='ocrx_word' id='word_1_901' title='bbox 3215 4669 3336 4709; x_wconf 91' lang='lat' dir='ltr'><strong><em>cum</em></strong></span> <span class='ocrx_word' id='word_1_902' title='bbox 3380 4653 3491 4708; x_wconf 84' lang='lat' dir='ltr'><strong><em>Ro-</em></strong></span> 
     </span>
    </p>
   </div>
   <div class='ocr_carea' id='block_1_110' title="bbox 1898 4747 3492 4823">
    <p class='ocr_par' dir='ltr' id='par_1_110' title="bbox 1898 4747 3492 4823">
     <span class='ocr_line' id='line_1_110' title="bbox 1898 4747 3492 4823; baseline -0.007 -12"><span class='ocrx_word' id='word_1_903' title='bbox 1898 4757 2073 4811; x_wconf 88' lang='lat' dir='ltr'><strong><em>manis</em></strong></span> <span class='ocrx_word' id='word_1_904' title='bbox 2093 4754 2281 4809; x_wconf 88' lang='lat' dir='ltr'><strong><em>scribit</em></strong></span> <span class='ocrx_word' id='word_1_905' title='bbox 2308 4763 2363 4808; x_wconf 89' lang='lat' dir='ltr'><strong><em>et</em></strong></span> <span class='ocrx_word' id='word_1_906' title='bbox 2391 4754 2556 4819; x_wconf 91' lang='lat' dir='ltr'><strong><em>dicit,</em></strong></span> <span class='ocrx_word' id='word_1_907' title='bbox 2592 4750 2769 4823; x_wconf 85' lang='lat' dir='ltr'><strong><em>Neque</em></strong></span> <span class='ocrx_word' id='word_1_908' title='bbox 2796 4750 2999 4822; x_wconf 87' lang='lat' dir='ltr'><strong><em>angeli,</em></strong></span> <span class='ocrx_word' id='word_1_909' title='bbox 3031 4765 3188 4818; x_wconf 87' lang='lat' dir='ltr'><strong><em>neque</em></strong></span> <span class='ocrx_word' id='word_1_910' title='bbox 3230 4747 3492 4817; x_wconf 81' lang='lat' dir='ltr'><strong><em>principa-</em></strong></span> 
     </span>
    </p>
   </div>
   <div class='ocr_carea' id='block_1_111' title="bbox 1903 4840 3491 4915">
    <p class='ocr_par' dir='ltr' id='par_1_111' title="bbox 1903 4840 3491 4915">
     <span class='ocr_line' id='line_1_111' title="bbox 1903 4840 3491 4915; baseline -0.004 -15"><span class='ocrx_word' id='word_1_911' title='bbox 1903 4857 2004 4914; x_wconf 88' lang='lat' dir='ltr'><strong><em>tus,</em></strong></span> <span class='ocrx_word' id='word_1_912' title='bbox 2032 4862 2192 4915; x_wconf 86' lang='lat' dir='ltr'><strong><em>neque</em></strong></span> <span class='ocrx_word' id='word_1_913' title='bbox 2244 4846 2452 4899; x_wconf 87' lang='lat' dir='ltr'><strong><em>virtutes</em></strong></span> <span class='ocrx_word' id='word_1_914' title='bbox 2506 4852 2747 4913; x_wconf 89' lang='lat' dir='ltr'><strong><em>poterunt</em></strong></span> <span class='ocrx_word' id='word_1_915' title='bbox 2794 4859 2887 4897; x_wconf 90' lang='lat' dir='ltr'><strong><em>nos</em></strong></span> <span class='ocrx_word' id='word_1_916' title='bbox 2931 4857 3169 4912; x_wconf 89' lang='lat' dir='ltr'><strong><em>separare</em></strong></span> <span class='ocrx_word' id='word_1_917' title='bbox 3207 4857 3240 4893; x_wconf 91' lang='lat' dir='ltr'><strong><em>a</em></strong></span> <span class='ocrx_word' id='word_1_918' title='bbox 3280 4840 3491 4893; x_wconf 79' lang='lat' dir='ltr'><strong><em>caritate</em></strong></span> 
     </span>
    </p>
   </div>
   <div class='ocr_carea' id='block_1_112' title="bbox 1897 4931 3485 5009">
    <p class='ocr_par' dir='ltr' id='par_1_112' title="bbox 1897 4931 3485 5009">
     <span class='ocr_line' id='line_1_112' title="bbox 1897 4931 3485 5009; baseline -0.008 -16"><span class='ocrx_word' id='word_1_919' title='bbox 1897 4939 1993 4993; x_wconf 87' lang='lat' dir='ltr'><strong><em>Dei</em></strong></span> <span class='ocrx_word' id='word_1_920' title='bbox 2021 4938 2039 5009; x_wconf 90' lang='lat'><strong>(</strong></span> <span class='ocrx_word' id='word_1_921' title='bbox 2065 4938 2219 4993; x_wconf 85' lang='lat' dir='ltr'><strong><em>Rom.</em></strong></span> <span class='ocrx_word' id='word_1_922' title='bbox 2249 4937 2309 4999; x_wconf 91' lang='lat'><strong><em>8,</em></strong></span> <span class='ocrx_word' id='word_1_923' title='bbox 2335 4935 2440 5007; x_wconf 80' lang='lat'><strong><em>59)</em></strong></span> <span class='ocrx_word' id='word_1_924' title='bbox 2472 4952 2487 4989; x_wconf 87' lang='lat'><strong>:</strong></span> <span class='ocrx_word' id='word_1_925' title='bbox 2520 4950 2696 5005; x_wconf 87' lang='lat' dir='ltr'><strong><em>neque</em></strong></span> <span class='ocrx_word' id='word_1_926' title='bbox 2716 4934 2861 4988; x_wconf 89' lang='lat' dir='ltr'><strong><em>enim</em></strong></span> <span class='ocrx_word' id='word_1_927' title='bbox 2891 4932 2941 4987; x_wconf 91' lang='lat' dir='ltr'><strong><em>id</em></strong></span> <span class='ocrx_word' id='word_1_928' title='bbox 2970 4931 3158 4987; x_wconf 87' lang='lat' dir='ltr'><strong><em>facturi</em></strong></span> <span class='ocrx_word' id='word_1_929' title='bbox 3186 4940 3340 4985; x_wconf 86' lang='lat' dir='ltr'><strong><em>erant</em></strong></span> <span class='ocrx_word' id='word_1_930' title='bbox 3383 4945 3485 4984; x_wconf 86' lang='lat' dir='ltr'><strong><em>an-</em></strong></span> 
     </span>
    </p>
   </div>
   <div class='ocr_carea' id='block_1_113' title="bbox 1898 5021 3490 5104">
    <p class='ocr_par' dir='ltr' id='par_1_113' title="bbox 1898 5021 3490 5104">
     <span class='ocr_line' id='line_1_113' title="bbox 1898 5021 3490 5104; baseline -0.009 -16"><span class='ocrx_word' id='word_1_931' title='bbox 1898 5034 2033 5104; x_wconf 78' lang='lat' dir='ltr'><strong><em>geli;</em></strong></span> <span class='ocrx_word' id='word_1_932' title='bbox 2067 5031 2162 5088; x_wconf 89' lang='lat' dir='ltr'><strong><em>sed</em></strong></span> <span class='ocrx_word' id='word_1_933' title='bbox 2188 5031 2276 5086; x_wconf 88' lang='lat' dir='ltr'><strong><em>hic</em></strong></span> <span class='ocrx_word' id='word_1_934' title='bbox 2304 5030 2465 5085; x_wconf 88' lang='lat' dir='ltr'><strong><em>etiam</em></strong></span> <span class='ocrx_word' id='word_1_935' title='bbox 2497 5029 2550 5084; x_wconf 91' lang='lat' dir='ltr'><strong><em>id</em></strong></span> <span class='ocrx_word' id='word_1_936' title='bbox 2576 5028 2863 5098; x_wconf 88' lang='lat' dir='ltr'><strong><em>supponit,</em></strong></span> <span class='ocrx_word' id='word_1_937' title='bbox 2909 5024 3053 5095; x_wconf 85' lang='lat' dir='ltr'><strong><em>quod</em></strong></span> <span class='ocrx_word' id='word_1_938' title='bbox 3097 5039 3203 5080; x_wconf 91' lang='lat' dir='ltr'><strong><em>non</em></strong></span> <span class='ocrx_word' id='word_1_939' title='bbox 3240 5021 3490 5086; x_wconf 81' lang='lat' dir='ltr'><strong><em>exsistit;</em></strong></span> 
     </span>
    </p>
   </div>
   <div class='ocr_carea' id='block_1_114' title="bbox 1899 5114 3490 5193">
    <p class='ocr_par' dir='ltr' id='par_1_114' title="bbox 1899 5114 3490 5193">
     <span class='ocr_line' id='line_1_114' title="bbox 1899 5114 3490 5193; baseline -0.009 -11"><span class='ocrx_word' id='word_1_940' title='bbox 1899 5127 2038 5182; x_wconf 78' lang='lat' dir='ltr'><strong><em>sicut</em></strong></span> <span class='ocrx_word' id='word_1_941' title='bbox 2062 5126 2223 5179; x_wconf 89' lang='lat' dir='ltr'><strong><em>etiam</em></strong></span> <span class='ocrx_word' id='word_1_942' title='bbox 2256 5124 2304 5177; x_wconf 91' lang='lat' dir='ltr'><strong><em>id</em></strong></span> <span class='ocrx_word' id='word_1_943' title='bbox 2335 5121 2477 5193; x_wconf 90' lang='lat' dir='ltr'><strong><em>quod</em></strong></span> <span class='ocrx_word' id='word_1_944' title='bbox 2521 5123 2802 5191; x_wconf 86' lang='lat' dir='ltr'><strong><em>sequitur,</em></strong></span> <span class='ocrx_word' id='word_1_945' title='bbox 2863 5116 3041 5189; x_wconf 83' lang='lat' dir='ltr'><strong><em>Neque</em></strong></span> <span class='ocrx_word' id='word_1_946' title='bbox 3086 5125 3321 5171; x_wconf 86' lang='lat' dir='ltr'><strong><em>creatura</em></strong></span> <span class='ocrx_word' id='word_1_947' title='bbox 3360 5114 3490 5168; x_wconf 90' lang='lat' dir='ltr'><strong><em>alia.</em></strong></span> 
     </span>
    </p>
   </div>
   <div class='ocr_carea' id='block_1_115' title="bbox 1897 5205 3495 5289">
    <p class='ocr_par' dir='ltr' id='par_1_115' title="bbox 1897 5205 3495 5289">
     <span class='ocr_line' id='line_1_115' title="bbox 1897 5205 3495 5289; baseline -0.013 -12"><span class='ocrx_word' id='word_1_948' title='bbox 1897 5220 2085 5289; x_wconf 88' lang='lat' dir='ltr'><strong><em>Neque</em></strong></span> <span class='ocrx_word' id='word_1_949' title='bbox 2129 5218 2233 5273; x_wconf 89' lang='lat' dir='ltr'><strong><em>alia</em></strong></span> <span class='ocrx_word' id='word_1_950' title='bbox 2262 5223 2511 5272; x_wconf 88' lang='lat' dir='ltr'><strong><em>creatura</em></strong></span> <span class='ocrx_word' id='word_1_951' title='bbox 2547 5212 2766 5269; x_wconf 88' lang='lat' dir='ltr'><strong><em>:omnia</em></strong></span> <span class='ocrx_word' id='word_1_952' title='bbox 2799 5211 2944 5265; x_wconf 90' lang='lat' dir='ltr'><strong><em>enim</em></strong></span> <span class='ocrx_word' id='word_1_953' title='bbox 2974 5208 3092 5278; x_wconf 81' lang='lat' dir='ltr'><strong><em>ipse</em></strong></span> <span class='ocrx_word' id='word_1_954' title='bbox 3137 5205 3495 5277; x_wconf 86' lang='lat' dir='ltr'><strong><em>comprehen—</em></strong></span> 
     </span>
    </p>
   </div>
   <div class='ocr_carea' id='block_1_116' title="bbox 1900 5296 3487 5382">
    <p class='ocr_par' dir='ltr' id='par_1_116' title="bbox 1900 5296 3487 5382">
     <span class='ocr_line' id='line_1_116' title="bbox 1900 5296 3487 5382; baseline -0.01 -15"><span class='ocrx_word' id='word_1_955' title='bbox 1900 5311 2000 5378; x_wconf 89' lang='lat' dir='ltr'><strong><em>dit,</em></strong></span> <span class='ocrx_word' id='word_1_956' title='bbox 2031 5326 2151 5382; x_wconf 75' lang='lat' dir='ltr'><strong><em>qum</em></strong></span> <span class='ocrx_word' id='word_1_957' title='bbox 2179 5324 2337 5378; x_wconf 89' lang='lat' dir='ltr'><strong><em>supra</em></strong></span> <span class='ocrx_word' id='word_1_958' title='bbox 2369 5316 2424 5361; x_wconf 90' lang='lat' dir='ltr'><strong><em>et</em></strong></span> <span class='ocrx_word' id='word_1_959' title='bbox 2451 5322 2570 5377; x_wconf 68' lang='lat' dir='ltr'><strong><em>quae</em></strong></span> <span class='ocrx_word' id='word_1_960' title='bbox 2596 5303 2730 5359; x_wconf 79' lang='lat' dir='ltr'><strong><em>infra</em></strong></span> <span class='ocrx_word' id='word_1_961' title='bbox 2764 5312 2919 5369; x_wconf 88' lang='lat' dir='ltr'><strong><em>sunt,</em></strong></span> <span class='ocrx_word' id='word_1_962' title='bbox 2950 5316 3071 5356; x_wconf 87' lang='lat' dir='ltr'><strong><em>cum</em></strong></span> <span class='ocrx_word' id='word_1_963' title='bbox 3096 5298 3277 5357; x_wconf 91' lang='lat' dir='ltr'><strong><em>omnia</em></strong></span> <span class='ocrx_word' id='word_1_964' title='bbox 3321 5296 3487 5361; x_wconf 88' lang='lat' dir='ltr'><strong><em>dicit;</em></strong></span> 
     </span>
    </p>
   </div>
   <div class='ocr_carea' id='block_1_117' title="bbox 1901 5394 3487 5468">
    <p class='ocr_par' dir='ltr' id='par_1_117' title="bbox 1901 5394 3487 5468">
     <span class='ocr_line' id='line_1_117' title="bbox 1901 5394 3487 5468; baseline -0.009 -8"><span class='ocrx_word' id='word_1_965' title='bbox 1901 5404 1994 5460; x_wconf 87' lang='lat' dir='ltr'><strong><em>sed</em></strong></span> <span class='ocrx_word' id='word_1_966' title='bbox 2052 5403 2142 5459; x_wconf 89' lang='lat' dir='ltr'><strong><em>hic</em></strong></span> <span class='ocrx_word' id='word_1_967' title='bbox 2196 5403 2360 5458; x_wconf 88' lang='lat' dir='ltr'><strong><em>etiam</em></strong></span> <span class='ocrx_word' id='word_1_968' title='bbox 2428 5399 2477 5454; x_wconf 86' lang='lat' dir='ltr'><strong><em>id</em></strong></span> <span class='ocrx_word' id='word_1_969' title='bbox 2549 5398 2688 5468; x_wconf 90' lang='lat' dir='ltr'><strong><em>quod</em></strong></span> <span class='ocrx_word' id='word_1_970' title='bbox 2741 5412 2845 5451; x_wconf 93' lang='lat' dir='ltr'><strong><em>non</em></strong></span> <span class='ocrx_word' id='word_1_971' title='bbox 2899 5403 2984 5450; x_wconf 85' lang='lat' dir='ltr'><strong><em>est</em></strong></span> <span class='ocrx_word' id='word_1_972' title='bbox 3046 5394 3309 5450; x_wconf 81' lang='lat' dir='ltr'><strong><em>exsistere</em></strong></span> <span class='ocrx_word' id='word_1_973' title='bbox 3356 5405 3487 5459; x_wconf 85' lang='lat' dir='ltr'><strong><em>sup-</em></strong></span> 
     </span>
    </p>
   </div>
   <div class='ocr_carea' id='block_1_118' title="bbox 1902 5485 3484 5566">
    <p class='ocr_par' dir='ltr' id='par_1_118' title="bbox 1902 5485 3484 5566">
     <span class='ocr_line' id='line_1_118' title="bbox 1902 5485 3484 5566; baseline -0.011 -15"><span class='ocrx_word' id='word_1_974' title='bbox 1902 5495 2074 5566; x_wconf 90' lang='lat' dir='ltr'><strong><em>ponit,</em></strong></span> <span class='ocrx_word' id='word_1_975' title='bbox 2107 5505 2163 5549; x_wconf 89' lang='lat' dir='ltr'><strong><em>ut</em></strong></span> <span class='ocrx_word' id='word_1_976' title='bbox 2194 5493 2445 5550; x_wconf 86' lang='lat' dir='ltr'><strong><em>ostendat</em></strong></span> <span class='ocrx_word' id='word_1_977' title='bbox 2473 5506 2594 5545; x_wconf 89' lang='lat' dir='ltr'><strong><em>cum</em></strong></span> <span class='ocrx_word' id='word_1_978' title='bbox 2624 5488 2918 5562; x_wconf 83' lang='lat' dir='ltr'><strong><em>hyperbole</em></strong></span> <span class='ocrx_word' id='word_1_979' title='bbox 2946 5485 3272 5542; x_wconf 88' lang='lat' dir='ltr'><strong><em>desiderium</em></strong></span> <span class='ocrx_word' id='word_1_980' title='bbox 3294 5496 3484 5537; x_wconf 90' lang='lat' dir='ltr'><strong><em>suum:</em></strong></span> 
     </span>
    </p>
   </div>
   <div class='ocr_carea' id='block_1_119' title="bbox 1904 5571 3488 5659">
    <p class='ocr_par' dir='ltr' id='par_1_119' title="bbox 1904 5571 3488 5659">
     <span class='ocr_line' id='line_1_119' title="bbox 1904 5571 3488 5659; baseline -0.014 -15"><span class='ocrx_word' id='word_1_981' title='bbox 1904 5589 1955 5644; x_wconf 88' lang='lat' dir='ltr'><strong><em>id</em></strong></span> <span class='ocrx_word' id='word_1_982' title='bbox 1978 5587 2120 5659; x_wconf 87' lang='lat' dir='ltr'><strong><em>quod</em></strong></span> <span class='ocrx_word' id='word_1_983' title='bbox 2147 5588 2310 5643; x_wconf 87' lang='lat' dir='ltr'><strong><em>etiam</em></strong></span> <span class='ocrx_word' id='word_1_984' title='bbox 2342 5585 2429 5639; x_wconf 87' lang='lat' dir='ltr'><strong><em>hic</em></strong></span> <span class='ocrx_word' id='word_1_985' title='bbox 2455 5582 2584 5638; x_wconf 78' lang='lat' dir='ltr'><strong><em>facit</em></strong></span> <span class='ocrx_word' id='word_1_986' title='bbox 2615 5582 2819 5645; x_wconf 88' lang='lat' dir='ltr'><strong><em>dicens,</em></strong></span> <span class='ocrx_word' id='word_1_987' title='bbox 2851 5579 2913 5636; x_wconf 90' lang='lat' dir='ltr'><strong><em>Si</em></strong></span> <span class='ocrx_word' id='word_1_988' title='bbox 2944 5579 3117 5643; x_wconf 69' lang='lat' dir='ltr'><strong><em>omnia</em></strong></span> <span class='ocrx_word' id='word_1_989' title='bbox 3143 5576 3257 5648; x_wconf 89' lang='lat' dir='ltr'><strong><em>quis</em></strong></span> <span class='ocrx_word' id='word_1_990' title='bbox 3276 5571 3488 5636; x_wconf 85' lang='lat' dir='ltr'><strong><em>dederit,</em></strong></span> 
     </span>
    </p>
   </div>
   <div class='ocr_carea' id='block_1_120' title="bbox 1904 5662 3490 5740">
    <p class='ocr_par' dir='ltr' id='par_1_120' title="bbox 1904 5662 3490 5740">
     <span class='ocr_line' id='line_1_120' title="bbox 1904 5662 3490 5740; baseline -0.014 -4"><span class='ocrx_word' id='word_1_991' title='bbox 1904 5681 2165 5736; x_wconf 86' lang='lat' dir='ltr'><strong><em>caritatem</em></strong></span> <span class='ocrx_word' id='word_1_992' title='bbox 2188 5687 2485 5733; x_wconf 87' lang='lat' dir='ltr'><strong><em>autemnon</em></strong></span> <span class='ocrx_word' id='word_1_993' title='bbox 2510 5674 2772 5739; x_wconf 81' lang='lat' dir='ltr'><strong><em>habuerit,</em></strong></span> <span class='ocrx_word' id='word_1_994' title='bbox 2805 5670 2935 5726; x_wconf 85' lang='lat' dir='ltr'><strong><em>nihil</em></strong></span> <span class='ocrx_word' id='word_1_995' title='bbox 2961 5670 3061 5740; x_wconf 86' lang='lat' dir='ltr'><strong><em>ipsi</em></strong></span> <span class='ocrx_word' id='word_1_996' title='bbox 3109 5666 3332 5737; x_wconf 85' lang='lat' dir='ltr'><strong><em>prodest.</em></strong></span> <span class='ocrx_word' id='word_1_997' title='bbox 3380 5662 3490 5716; x_wconf 73' lang='lat' dir='ltr'><strong><em>Aut</em></strong></span> 
     </span>
    </p>
   </div>
   <div class='ocr_carea' id='block_1_121' title="bbox 1901 5755 3493 5843">
    <p class='ocr_par' dir='ltr' id='par_1_121' title="bbox 1901 5755 3493 5843">
     <span class='ocr_line' id='line_1_121' title="bbox 1901 5755 3493 5843; baseline -0.014 -14"><span class='ocrx_word' id='word_1_998' title='bbox 1901 5773 2005 5829; x_wconf 87' lang='lat' dir='ltr'><strong><em>hoc</em></strong></span> <span class='ocrx_word' id='word_1_999' title='bbox 2037 5774 2195 5843; x_wconf 77' lang='lat' dir='ltr'><strong><em>igitur</em></strong></span> <span class='ocrx_word' id='word_1_1000' title='bbox 2222 5779 2305 5827; x_wconf 88' lang='lat' dir='ltr'><strong><em>est</em></strong></span> <span class='ocrx_word' id='word_1_1001' title='bbox 2332 5767 2654 5833; x_wconf 86' lang='lat' dir='ltr'><strong><em>dicendum,</em></strong></span> <span class='ocrx_word' id='word_1_1002' title='bbox 2688 5774 2779 5822; x_wconf 72' lang='lat' dir='ltr'><strong><em>atat</em></strong></span> <span class='ocrx_word' id='word_1_1003' title='bbox 2805 5762 2949 5836; x_wconf 89' lang='lat' dir='ltr'><strong><em>quod</em></strong></span> <span class='ocrx_word' id='word_1_1004' title='bbox 2982 5759 3108 5817; x_wconf 87' lang='lat' dir='ltr'><strong><em>velit</em></strong></span> <span class='ocrx_word' id='word_1_1005' title='bbox 3133 5773 3227 5816; x_wconf 85' lang='lat' dir='ltr'><strong><em>eos</em></strong></span> <span class='ocrx_word' id='word_1_1006' title='bbox 3247 5755 3339 5827; x_wconf 89' lang='lat' dir='ltr'><strong><em>qui</em></strong></span> <span class='ocrx_word' id='word_1_1007' title='bbox 3368 5768 3493 5809; x_wconf 76' lang='lat' dir='ltr'><strong><em>cru-</em></strong></span> 
     </span>
    </p>
   </div>
  </div>
