3962 6430
560 274 658 331 2⁸11

560 415 689 476 gent
712 408 1034 479 conjunctae
1055 417 1112 468 et
1134 409 1528 480 conglutinatos
1556 425 1679 466 esse
1717 409 2103 478 accipientibus
2125 448 2144 474 ,

561 515 664 556 nec
688 503 1006 573 simpliciter
1029 504 1158 559 dare
1183 506 1300 559 sine
1349 505 1455 557 ulla
1495 504 1967 557 commiseratione
1993 543 2008 565 ,
2051 505 2146 558 sed

560 594 903 661 miserentes,
939 594 1159 651 inﬂexos
1179 635 1194 660 ,
1234 593 1434 650 fractos
1461 636 1480 661 ,
1510 604 1566 648 et
1594 611 1714 649 cum
1746 596 1930 666 egenis
1959 595 2146 650 dolen-

558 693 662 739 tes.
690 684 816 740 Ideo
843 701 1069 756 namque
1096 687 1436 756 eleemosyna
1469 702 1497 739 a
1543 687 1652 742 Deo
1695 687 1812 756 lege
1855 689 2142 743 constituta

559 783 662 830 est.
692 775 826 830 Nam
849 785 1054 846 poterat
1090 777 1232 830 Deus
1259 777 1374 830 sine
1399 778 1506 831 ullo
1529 779 1634 832 alio
1665 793 1924 848 pauperes
1953 780 2134 840 alere;

557 866 652 921 sed
681 873 740 921 ut
771 883 868 920 nos
895 868 946 921 in
975 869 1200 924 caritate
1241 871 1596 939 conjungeret
1619 911 1634 935 ,
1680 881 1737 924 et
1777 881 1830 924 ut
1858 888 1980 940 erga
2009 872 2136 929 alios

557 959 786 1014 invicem
818 960 1256 1025 incenderemur,
1292 963 1436 1032 ipsos
1457 963 1620 1030 jussit
1643 978 1672 1016 a
1703 963 1857 1018 nobis
1881 964 1971 1018 ali.
2018 963 2142 1018 Ideo

553 1050 681 1105 alibi
713 1066 927 1122 quoque
953 1052 1086 1107 dicit
1119 1071 1132 1107 :
1167 1053 1348 1108 Sermo
1391 1055 1551 1108 bonus
1580 1055 1758 1108 melior
1779 1096 1794 1122 ,
1844 1073 1997 1126 quam
2041 1057 2138 1109 do-

555 1157 677 1195 num
709 1157 724 1194 :
754 1151 828 1208 et,
860 1143 991 1196 Ecce
1017 1159 1182 1198 sermo
1205 1161 1363 1213 supra
1394 1146 1581 1199 donum
1613 1147 1770 1200 bonus
1806 1145 2007 1218 (Eccli.
2048 1147 2136 1217 18,

551 1233 642 1299 16,
675 1235 802 1305 17).
830 1235 1056 1306 Ipseque
1080 1235 1174 1303 ait,
1213 1235 1618 1292 Misericordiam
1648 1239 1758 1293 volo
1783 1279 1798 1305 ,
1833 1248 1878 1294 et
1915 1256 2016 1293 non
2054 1256 2138 1292 sa-

547 1325 799 1393 criﬁcium
831 1326 1058 1398 (Matth.
1092 1328 1146 1390 9,
1177 1327 1300 1397 18).
1335 1329 1468 1396 Quia
1501 1313 1643 1386 enim
1673 1347 1790 1386 mos
1842 1341 1960 1397 est,
2013 1331 2134 1386 illos

544 1431 730 1472 amare
758 1419 847 1487 qui
873 1419 1138 1476 beneﬂcio
1166 1421 1490 1489 altieiuntur,
1523 1433 1579 1478 et
1603 1439 1698 1479 eos
1726 1425 1816 1494 qui
1845 1426 1989 1480 bono
2010 1426 2130 1480 alti-

543 1507 760 1562 ciuntur
799 1525 926 1580 erga
977 1511 1247 1568 beneﬁcos
1277 1514 1412 1569 bene
1451 1516 1667 1570 allectos
1720 1532 1842 1572 esse
1867 1559 1882 1582 ,
1940 1517 2128 1572 vincu-

543 1600 652 1654 lum
680 1603 929 1658 amieitia:
958 1605 1190 1673 faciens,
1220 1607 1462 1678 hoclege
1510 1610 1782 1679 prmecpit.
1831 1610 1935 1665 Sed
1985 1611 2128 1680 quod

538 1694 800 1760 quaeritur
845 1703 928 1749 est
951 1735 967 1761 ,
997 1698 1268 1767 quomodo
1294 1739 1308 1761 ,
1337 1699 1557 1754 Christo
1585 1700 1700 1755 hinc
1726 1701 1885 1756 ambo
1916 1701 2124 1771 perfec-

541 1787 701 1841 tionis
726 1802 846 1842 esse
872 1788 1215 1856 dcclarante,
1261 1793 1345 1847 hic
1385 1793 1475 1846 illa
1515 1793 1632 1848 sine
1666 1795 1891 1850 caritate
1930 1796 2128 1866 imper-

537 1874 676 1931 fecta
703 1894 824 1934 esse
848 1879 1008 1935 dicat.
1039 1881 1156 1936 Non
1203 1885 1298 1952 ipsi
1341 1886 1749 1952 contradicens,
1795 1887 1971 1953 absit;
2028 1889 2122 1943 sed

533 1969 822 2025 admodum
846 1988 966 2026 cum
999 1974 1090 2029 illo
1119 1989 1443 2032 consonans.
1468 1977 1600 2032 Nam
1633 1979 1786 2034 diviti
1825 1996 1932 2035 non
1964 1982 2123 2037 modo

533 2058 688 2128 dixit,
733 2059 901 2117 Vende
925 2065 1094 2119 omnia
1117 2082 1233 2137 qua
1258 2067 1412 2122 habes
1450 2081 1496 2122 et
1531 2073 1596 2122 da
1636 2074 1980 2140 pauperibus;
2023 2075 2118 2129 sed

538 2151 832 2221 subjunxit,
867 2153 933 2207 Et
963 2156 1076 2210 ueni
1119 2173 1324 2229 sequere
1376 2176 1472 2214 me.
1505 2161 1582 2214 Ex
1619 2161 1682 2216 iis
1725 2179 1852 2217 vero
1892 2163 1984 2234 qui
2027 2179 2118 2220 se-

529 2250 767 2308 quuntur
793 2243 962 2311 illum,
989 2246 1119 2300 nihil
1142 2248 1212 2302 ita
1237 2249 1552 2319 discipulum
1569 2251 1766 2308 Christi
1779 2257 2112 2325 comprobat,

526 2341 584 2384 ut
631 2347 783 2388 amor
829 2337 1078 2404 proximi.
1139 2337 1204 2392 In
1258 2340 1354 2393 hoc
1393 2342 1535 2395 enim
1579 2355 1879 2414 cognoscent
1910 2363 2112 2413 omnes,

524 2421 714 2492 inquit,
749 2427 888 2495 quod
909 2427 1150 2499 discipuli
1200 2431 1296 2484 mei
1347 2432 1500 2497 estis,
1544 2433 1587 2486 si
1633 2434 1858 2505 diligatis
1903 2438 2114 2492 invicem

518 2511 714 2581 (Joatt.
749 2515 837 2581 15,
868 2517 938 2572 35
959 2516 1003 2586 ).
1037 2518 1106 2573 Et
1129 2534 1252 2574 utut
1278 2520 1425 2587 dicit,
1457 2522 1558 2589 Qui
1585 2525 1864 2594 perdiderit
1887 2529 2112 2583 animant

515 2621 662 2659 suam
687 2618 896 2678 propter
923 2627 1024 2679 me,
1055 2613 1271 2667 inveniet
1299 2630 1454 2678 eam;
1482 2625 1569 2682 et,
1607 2617 1708 2684 Qui
1732 2635 1810 2672 me
1853 2626 2112 2692 confessus

517 2701 671 2767 fuerit
701 2716 874 2755 ceram
903 2701 1194 2758 hominibus
1213 2746 1230 2773 ,
1261 2706 1540 2775 conﬁtebor
1568 2718 1615 2761 et
1647 2726 1739 2778 ego
1783 2728 1896 2764 cum
1936 2730 2109 2768 coram

514 2804 661 2858 patre
687 2811 814 2858 meo,
842 2799 928 2867 qui
955 2798 1006 2850 in
1030 2800 1170 2852 aclis
1199 2809 1271 2853 est
1298 2799 1510 2869 (Matth.
1543 2801 1633 2868 10,
1665 2804 1732 2860 59
1763 2815 1815 2858 et
1841 2806 1930 2876 52)
1953 2822 1968 2871 ;
2002 2825 2105 2863 non

516 2885 617 2939 hoc
662 2885 812 2952 dicit,
870 2889 1014 2959 quod
1065 2889 1179 2946 hate
1225 2907 1328 2946 non
1375 2893 1506 2948 ﬁant
1552 2906 1773 2966 propter
1801 2900 2102 2968 caritatem,

510 2977 606 3030 sed
639 2981 948 3036 mercedem
973 2982 1058 3038 his
1087 2983 1357 3040 laboribus
1385 2990 1678 3058 repositam
1707 2990 1926 3046 indicat.
1970 2994 2102 3050 Nam

509 3071 652 3139 quod
682 3087 802 3128 cum
832 3077 1090 3145 martyrio
1119 3075 1224 3132 huc
1263 3094 1476 3148 quoque
1510 3082 1784 3150 requirat,
1829 3083 1957 3138 alibi
2001 3086 2102 3141 hoc

513 3163 670 3218 valde
699 3165 1076 3233 subindicavit,
1106 3170 1184 3222 sic
1208 3169 1392 3225 dicens
1425 3187 1439 3225 :
1469 3169 1688 3226 Calicem
1708 3174 1908 3242 quidem
1937 3193 2100 3230 meum

507 3253 700 3318 bibetis,
731 3266 779 3309 et
807 3256 1082 3327 baptismo,
1115 3277 1213 3330 quo
1262 3277 1354 3331 ego
1402 3245 1632 3332 bapiizor
1655 3305 1670 3329 ,
1719 3265 2099 3334 baptizabimini

505 3345 734 3416 (Matth.
764 3348 853 3418 20,
881 3349 954 3404 25
980 3356 1034 3421 );
1069 3353 1119 3406 id
1147 3364 1249 3415 est,
1281 3356 1593 3427 martyrium
1624 3359 1975 3422 sustinebitis,
2000 3376 2098 3430 pro

505 3452 592 3490 tne
615 3439 968 3506 occidemini;
1000 3443 1175 3498 sedere
1225 3455 1395 3498 autem
1433 3448 1503 3498 ad
1539 3447 1800 3501 dexteram
1844 3450 1923 3503 uel
1965 3452 2094 3505 siui-

504 3538 662 3582 stram
693 3548 892 3598 meam;
923 3551 1025 3589 non
1058 3537 1200 3606 quod
1232 3538 1444 3605 quidam
1474 3539 1701 3593 sedeant
1726 3540 1792 3594 ad
1808 3541 2092 3598 dexteram

501 3621 588 3675 vel
615 3622 679 3676 ad
711 3624 988 3680 sinistram
1019 3628 1154 3696 ejus,
1186 3628 1281 3683 sed
1311 3644 1621 3697 supremam
1659 3631 1843 3686 sedem
1895 3643 1950 3689 et
1994 3635 2092 3692 ho-

497 3728 684 3768 norem
711 3715 929 3783 diccns;
960 3736 1061 3773 non
1088 3730 1162 3774 est
1190 3737 1355 3774 meum
1382 3721 1526 3789 dare,
1561 3723 1764 3793 inquit,
1795 3727 1884 3779 sed
1910 3729 2090 3796 quibus

494 3816 731 3875 paratum
765 3820 857 3864 est.
906 3811 1108 3868 Deinde
1143 3814 1437 3870 ostendens
1475 3816 1666 3886 quibus
1708 3829 1947 3887 paratum
1979 3823 2084 3889 sit,

493 3898 624 3969 ipsis
643 3901 939 3970 advocatis,
964 3905 1090 3962 dicit
1121 3921 1137 3960 :
1168 3907 1268 3972 Qui
1287 3909 1496 3962 voluerit
1515 3909 1570 3961 in
1589 3910 1722 3964 vobis
1744 3928 1849 3965 esse
1864 3915 2082 3982 primus,

489 3995 556 4049 sit
581 3997 806 4051 omnium
829 4010 1048 4053 uestrum
1077 4001 1302 4056 minister
1330 4001 1348 4072 (
1372 4003 1509 4056 Ibid.
1538 4020 1588 4058 ιο.
1617 4002 1760 4074 26),
1806 4006 2081 4062 humilita-

491 4096 598 4141 tem
625 4089 931 4158 significans
953 4101 1007 4147 et
1032 4093 1331 4149 caritatem.
1351 4095 1642 4149 Caritatem
1667 4110 1794 4150 vero
1815 4111 2080 4152 summam

487 4179 732 4248 requirit.
783 4180 904 4237 Ideo
955 4198 1132 4254 neque
1177 4185 1249 4238 i-bi
1296 4185 1568 4251 substitit,
1617 4187 1712 4240 sed
1761 4187 2076 4256 subjunxit:

488 4268 637 4322 Sicut
677 4268 845 4326 Filius
869 4273 1088 4328 hominis
1139 4291 1240 4328 non
1269 4276 1401 4329 versit
1445 4277 1758 4343 ministrari,
1806 4279 1896 4332 sed
1938 4280 2080 4333 mini-

485 4369 653 4415 strare
672 4404 685 4425 ,
717 4373 766 4416 et
793 4364 915 4419 dare
939 4366 1162 4420 animam
1181 4384 1329 4420 suam
1353 4368 1747 4436 redemptionem
1787 4387 1880 4440 pro
1908 4373 2088 4436 multis

484 4451 662 4525 (Ibid.
715 4469 762 4508 υ.
807 4454 956 4530 28);
1002 4459 1296 4514 ostendens
1333 4460 1412 4515 sic
1460 4475 1642 4516 amare
1683 4475 1972 4533 oportere,
2022 4475 2081 4520 ut

481 4547 643 4600 etiam
675 4562 820 4602 mors
847 4547 1064 4604 ferenda
1092 4552 1165 4606 sit
1192 4566 1300 4620 pro.
1316 4551 1528 4606 dilectis
1553 4569 1566 4606 :
1594 4553 1697 4608 hoc
1727 4555 1871 4609 enim
1901 4558 2076 4610 maxi-

483 4653 572 4697 me
597 4648 682 4694 est
709 4639 883 4710 ipsum
910 4640 1156 4711 diligere.
1199 4642 1327 4697 Ideo
1369 4643 1530 4697 etiam
1579 4645 1739 4699 Petro
1778 4645 1909 4700 dicit
1955 4659 1969 4696 :
2013 4647 2077 4704 Si

480 4745 627 4784 amas
652 4745 750 4794 me,
779 4747 928 4798 pasce
953 4747 1067 4785 oues
1093 4749 1231 4787 meas
1259 4735 1282 4802 (
1301 4731 1460 4788 Joan.
1493 4736 1582 4790 l3.
1609 4736 1730 4806 19).
1762 4737 1830 4792 Et
1865 4749 1920 4792 ut
1961 4741 2074 4795 dis-

479 4822 616 4876 catis
635 4832 894 4892 quantum
921 4823 992 4878 sit
1016 4823 1146 4878 illud
1177 4833 1232 4880 et
1255 4841 1412 4895 quam
1447 4827 1706 4896 prteclare
1731 4838 1962 4898 gestum,
1995 4832 2076 4900 ip-

479 4927 595 4966 sam
641 4913 918 4968 caritatem
961 4913 1128 4972 verbo
1173 4913 1586 4984 describamus,
1638 4918 2070 4990 quandoquidem

479 5005 596 5076 ipsa
622 5021 681 5061 re
708 5021 970 5077 nusquam
1010 5006 1156 5062 illam
1184 5009 1591 5080 conspicimus;
1638 5019 1694 5066 et
1738 5011 2068 5082 cogitemus,

477 5098 694 5168 quodsi
718 5098 806 5154 illa
844 5099 1045 5171 ubique
1085 5101 1426 5157 abundanter
1460 5111 1603 5157 esset
1628 5145 1644 5171 ,
1693 5112 1892 5173 quanta
1946 5104 2071 5161 hinc

477 5191 618 5249 bona
643 5193 934 5248 orirentur.
977 5193 1163 5265 Neque
1210 5195 1353 5250 enim
1392 5194 1596 5265 legibus
1636 5211 1810 5266 neque
1852 5197 2067 5266 judiciis

453 5299 612 5352 opus
641 5297 824 5350 esset,
858 5302 1034 5356 neque
1060 5288 1340 5357 suppliciis
1364 5329 1378 5348 ,
1429 5302 1604 5357 neque
1648 5288 1760 5342 ullo
1800 5289 1907 5344 alio
1963 5290 2067 5345 hu-

451 5359 730 5446 ijusmodi.
762 5375 896 5432 Nam
922 5378 967 5432 si
1007 5393 1199 5434 omnes
1245 5378 1535 5447 diligerent
1581 5389 1636 5433 et
1676 5379 2066 5450 diligerentur,

477 5483 636 5524 neruo
660 5469 909 5538 cuiquam
935 5469 1150 5526 iecisset
1179 5468 1464 5540 iujuriam;
1494 5469 1588 5525 sed
1615 5471 1811 5535 caedes,
1843 5487 2064 5543 pugnat,

478 5559 639 5623 bella,
666 5561 980 5628 seditiones,
1011 5563 1214 5632 rapina:
1231 5605 1246 5628 ,
1273 5563 1496 5616 avaritia
1517 5601 1533 5628 ,
1561 5565 1846 5635 omniaque
1889 5565 2028 5619 mala
2048 5606 2076 5631 ,ε

479 5657 662 5721 [‘I’ocul
691 5659 1101 5725 abscessissent,
1132 5669 1189 5716 et
1214 5660 1281 5714 ad
1319 5674 1516 5716 nomen
1548 5675 1716 5730 usque
1763 5661 2064 5732 ignoratum

487 5745 661 5801 thium
690 5749 896 5806 luisset.
918 5752 1080 5823 Signa
1107 5760 1282 5809 autem
1316 5753 1418 5810 hoc
1443 5767 1548 5811 non
1594 5754 1872 5810 cll‘cceriut
1900 5795 1917 5822 ,
1967 5753 2064 5809 scd

1340 277 1397 334 S.
1439 278 1712 335 JOANNIS
1748 275 2222 334 CIlRYSOSTOSll
2261 279 2576 339 ARClllEP.
2615 284 3151 351 CONSTANTINOP.

3690 307 3771 363 272

2260 390 2326 445 ad
2364 406 2552 447 vanam
2578 395 2801 464 gloriam
2826 411 2879 454 et
2911 403 3270 474 arrogantiam
3311 407 3554 464 extollunt
3589 427 3671 470 eos
3705 421 3774 487 qui

2256 498 2360 538 non
2392 487 2690 543 attendunt.

2325 575 2377 628 ti.
2411 577 2608 634 Caritas
2637 582 2699 634 ab
2725 583 2864 637 οηιηὶ
2892 587 3116 655 pernicie
3144 587 3323 644 libera.
3350 619 3419 631 —
3439 591 3672 666 Quodque
3695 604 3773 653 mi—

2251 682 2368 722 rum
2395 669 2444 722 in
2476 672 2721 738 caritate,
2743 685 2937 730 cmtera
2963 679 3178 747 quidem
3205 680 3336 734 bona
3364 681 3774 756 ltahentadjuncta

2251 759 2419 824 mala;
2455 763 2601 817 verbi
2632 767 2825 834 gratia,
2855 769 2946 836 qui
2977 769 3258 826 facultates
3303 788 3405 828 non
3458 775 3625 842 habet,
3651 795 3704 832 ea
3725 782 3778 835 de

2248 867 2409 904 causa
2440 868 2583 924 smpe
2627 855 2868 922 inﬂatur;
2901 861 2990 928 qui
3021 861 3231 916 dicendi
3277 865 3476 932 peritus
3505 877 3599 932 est,
3628 869 3777 937 gloria:

2246 945 2535 1012 cupiditate
2566 947 2802 1012 laborat;
2835 950 3052 1007 humilis
3076 955 3405 1024 propterboc
3431 957 3479 1010 in
3501 962 3776 1016 conscientia

2245 1051 2337 1090 sua
2368 1038 2531 1091 altum
2564 1041 2704 1109 sapit
2737 1060 2750 1096 :
2779 1045 2977 1099 caritas
3027 1058 3206 1102 autem
3251 1049 3317 1102 ab
3347 1049 3632 1118 hujusmodi
3658 1056 3774 1108 omni

2245 1131 2480 1199 pernicie
2511 1133 2677 1190 libera
2719 1147 2802 1191 est
2831 1155 2843 1192 :
2874 1154 2998 1193 nam
3027 1151 3216 1196 contra
3256 1142 3504 1198 dilectum
3532 1160 3776 1214 numquam

2241 1222 2360 1291 quis
2383 1225 2686 1280 extollatur.
2711 1227 2821 1283 Nec
2851 1230 2982 1284 mihi
3020 1234 3264 1300 posueris
3301 1249 3459 1288 unum
3495 1235 3579 1304 qui
3606 1235 3772 1305 diligat,

2239 1314 2331 1367 scd
2381 1331 2569 1372 omnes
2599 1320 2868 1386 similiter,
2909 1334 2963 1380 et
2995 1333 3122 1381 tunc
3149 1326 3265 1397 ejus
3291 1328 3536 1383 virtutem
3563 1329 3771 1385 videbis:

2239 1405 2346 1459 imo
2376 1409 2570 1476 potius,
2601 1413 2645 1465 si
2671 1412 2866 1481 placet,
2903 1416 3077 1484 primo
3107 1433 3272 1472 unum
3300 1419 3546 1474 dilectum
3567 1431 3616 1474 et
3641 1435 3772 1473 unum

2235 1510 2502 1555 amantem
2532 1518 2703 1571 pone;
2731 1515 3001 1562 amantem
3027 1509 3235 1564 scilicet
3260 1520 3317 1566 ut
3343 1527 3437 1582 par
3463 1521 3543 1567 est
3569 1511 3771 1582 diligere.

2236 1591 2365 1646 Nam
2395 1605 2591 1648 terram
2624 1606 2891 1666 tamquam
2924 1600 3112 1655 etclam
3169 1602 3388 1670 incolet,
3443 1603 3627 1673 ubique
3654 1613 3772 1656 trau-

2231 1684 2492 1752 quillitate
2523 1685 2726 1752 τιοιιριιε,
2753 1699 2808 1744 et
2833 1690 3142 1747 imumteras
3190 1694 3290 1748 sibi
3323 1703 3536 1749 nectens
3565 1710 3770 1750 coronas.

2231 1779 2329 1842 Qui
2353 1778 2494 1830 enim
2528 1779 2649 1833 talis
2679 1791 2778 1844 est,
2805 1794 2858 1836 et
2880 1783 3075 1839 invidia
3105 1796 3158 1841 et
3187 1785 3262 1840 ira
3293 1797 3350 1841 et
3375 1787 3536 1842 livore
3560 1803 3771 1857 arrogan-

2231 1871 2427 1940 tiaquc,
2459 1885 2593 1924 vana
2618 1873 2785 1940 gloria
2817 1883 2872 1929 et
2896 1877 3032 1930 mala
3067 1879 3496 1948 concupiscentia
3519 1921 3532 1943 ,
3563 1881 3772 1948 otnnique

2227 1960 2461 2015 absurdo
2490 1977 2672 2018 amore
2698 1973 2858 2034 atque
2884 1967 3072 2022 mor-bo
3098 1983 3285 2038 puram
3318 1971 3550 2024 servabit
3577 1972 3769 2023 animam

2225 2069 2395 2108 suam.
2419 2055 2877 2120 Quemadmodum
2907 2061 3048 2115 enim
3080 2061 3179 2116 sibi
3214 2063 3316 2131 ipsi
3357 2078 3513 2117 nemo
3543 2063 3769 2132 quidpiam

2226 2146 2348 2199 mali
2394 2145 2665 2211 intulerit,
2700 2149 2768 2202 ita
2815 2167 2989 2221 neque
3036 2152 3121 2207 hic
3175 2154 3456 2221 proximis.
3501 2155 3634 2209 Talis
3669 2171 3770 2206 vero

2223 2255 2344 2293 cum
2375 2240 2464 2307 sit,
2493 2257 2612 2295 cum
2636 2243 2751 2312 ipso
2781 2245 2947 2299 stabit
2967 2244 3241 2312 Gabriele,
3276 2248 3328 2301 in
3359 2256 3497 2301 terra
3532 2246 3766 2317 gradiens.

2223 2331 2287 2386 Et
2319 2333 2406 2403 qui
2458 2334 2738 2390 caritatem
2781 2338 2994 2405 quidem
3033 2337 3212 2404 habet,
3259 2341 3383 2396 talis
3411 2351 3490 2395 est
3521 2359 3532 2393 :
3564 2341 3643 2409 qui
3669 2355 3768 2392 vero

2219 2423 2370 2494 signa
2401 2423 2544 2489 facit,
2589 2435 2644 2480 et
2673 2426 2963 2496 perfectam
3006 2429 3166 2484 habet
3212 2431 3491 2486 scientiam
3528 2433 3634 2485 sine
3659 2431 3766 2484 cari-

2219 2525 2361 2581 tate;
2399 2517 2608 2572 etiamsi
2655 2519 2806 2574 mille
2855 2535 3096 2577 mortuos
3122 2523 3488 2586 suscitaverit,
3519 2525 3638 2577 nihil
3675 2537 3766 2574 ma.

2215 2625 2377 2679 gnum
2407 2611 2719 2675 lucrabitur,
2751 2613 2819 2667 ab
2841 2614 3088 2668 omnibus
3113 2615 3375 2684 abruptus
3391 2626 3572 2672 etcum
3590 2616 3765 2670 nemine

2214 2718 2594 2758 conservorum
2641 2720 2700 2760 se.
2752 2707 3088 2762 commisceri
3143 2709 3378 2777 patiens.
3413 2710 3532 2765 Ideo
3559 2709 3764 2764 Christus

2215 2794 2463 2862 perfecta:
2496 2795 2552 2848 in
2590 2797 2765 2866 ipsum
2792 2799 3030 2853 caritatis
3059 2799 3269 2869 signum
3306 2801 3443 2856 dixit
3480 2816 3593 2856 esse
3618 2801 3763 2871 proxi-

2212 2901 2359 2940 mum
2409 2887 2651 2957 diligere.
2701 2888 2834 2944 Nam
2863 2901 2974 2946 ait:
3010 2891 3069 2945 Si
3117 2893 3288 2963 diligis
3350 2911 3446 2956 me,
3483 2893 3644 2961 Petre,
3670 2895 3762 2964 plus

2210 2978 2310 3044 his,
2343 2995 2492 3050 pasce
2517 2997 2630 3034 oves
2657 2998 2812 3035 meas.
2845 2982 3087 3037 Vidistiu’
3113 3001 3219 3053 quo
3247 2997 3407 3054 pacto
3436 2987 3556 3040 hinc
3581 3000 3760 3040 rursum

2207 3071 2642 3136 subindicaverit,
2673 3075 2814 3144 quod
2844 3076 2946 3130 huc
2970 3077 3040 3130 sit
3059 3077 3230 3146 majus
3261 3080 3559 3150 martyrio?
3587 3078 3760 3133 Etenim

2206 3164 2250 3217 si
2276 3164 2445 3219 lilium
2463 3166 2583 3236 quis
2614 3165 2834 3222 haberet
2863 3169 3139 3236 dilectum,
3175 3180 3231 3225 et
3259 3186 3360 3240 pro
3382 3187 3488 3242 quo
3507 3174 3653 3227 etiam
3669 3170 3761 3223 ani-

2205 3269 2346 3310 mam
2379 3255 2506 3310 dare
2559 3267 2776 3326 paratus
2823 3268 2994 3322 esset;
3045 3260 3238 3316 deinde
3281 3263 3545 3332 quispiam
3587 3272 3758 3332 patrem

2202 3357 2428 3410 amaret,
2461 3349 2570 3404 lilio
2610 3360 2788 3405 autem
2834 3352 2981 3406 nullo
3024 3353 3182 3408 modo
3230 3357 3464 3411 animam
3493 3357 3757 3418 adhiberet,

2201 3451 2404 3509 patrem
2456 3441 2740 3498 admodum
2787 3445 3041 3512 irritaret,
3091 3464 3264 3518 neque
3318 3465 3532 3504 sensum
3576 3456 3757 3518 caperet

2200 3531 2342 3588 illius
2369 3534 2420 3587 in
2444 3549 2500 3588 se
2521 3536 2742 3602 amoris,
2769 3553 2835 3592 eo
2869 3538 3009 3607 quod
3033 3538 3198 3593 lilium
3223 3551 3606 3596 contemneret.
3630 3537 3754 3606 Quod

2196 3624 2240 3679 si
2276 3624 2326 3678 in
2361 3635 2508 3694 patre
2537 3637 2592 3682 et
2621 3628 2728 3682 lilio
2759 3630 2860 3684 hoc
2881 3630 3162 3700 contingit,
3191 3633 3364 3687 multo
3401 3634 3565 3703 magis
3594 3634 3639 3687 in
3666 3631 3755 3686 Deo

2195 3727 2244 3771 et
2275 3717 2580 3774 hominibus
2611 3739 2622 3774 :
2652 3724 2920 3777 amantior
2946 3724 3090 3778 enim
3126 3724 3266 3778 Deus
3294 3736 3403 3789 est,
3423 3741 3575 3796 quam
3604 3733 3752 3794 patres

2193 3825 2402 3866 omnes.
2438 3811 2727 3881 Propterea
2751 3829 2871 3868 cum
2905 3813 3165 3869 dixisset:
3204 3813 3441 3870 Primum
3480 3827 3524 3870 et
3549 3829 3752 3886 maguum

2191 3901 2487 3956 mandatum
2518 3920 2535 3957 :
2569 3903 2758 3976 Diliges
2804 3903 3080 3958 Dominum
3126 3905 3288 3960 Deum
3347 3917 3526 3975 tuum,
3563 3906 3748 3973 subjun-

2191 3999 2304 4049 xit:
2337 3996 2629 4052 Secundum
2683 4008 2871 4064 autem,
2907 4015 3003 4054 nec
3056 4001 3224 4067 siluit,
3277 4003 3375 4058 sed
3421 4001 3638 4072 adjecit,
3680 3997 3749 4051 Si-

2188 4087 2310 4140 mile
2333 4097 2405 4141 eat
2437 4087 2552 4141 huic
2579 4106 2597 4142 .'
2624 4088 2820 4160 Diliges
2873 4093 3164 4160 proximum
3211 4103 3355 4147 tuttm
3388 4095 3515 4150 sicut
3567 4094 3745 4162 teipsum

2192 4175 2403 4246 (Matth.
2427 4179 2518 4245 9.2,
2549 4179 2638 4251 58,
2665 4182 2778 4244 59).
2824 4182 2886 4236 Ει
2937 4184 3055 4238 vide
3105 4186 3380 4254 quomodo
3426 4203 3542 4241 cum
3589 4182 3742 4240 eadem

2187 4268 2299 4324 fere
2353 4270 2644 4342 hyperbole
2695 4274 2796 4330 hoc
2840 4275 3034 4344 exigat.
3074 4277 3146 4331 De
3201 4278 3311 4332 Deo
3368 4294 3592 4347 namque
3617 4274 3738 4334 dicit,

2187 4360 2270 4416 Ea:
2309 4371 2412 4416 toto
2461 4364 2613 4416 corde
2634 4374 2756 4429 tuo;
2795 4364 2861 4420 de
2913 4368 3157 4435 proximo
3213 4379 3394 4422 autem
3448 4379 3534 4422 tun
3563 4411 3576 4431 ,
3619 4365 3742 4420 Sicut

2185 4452 2442 4522 teipsum;
2481 4454 2623 4524 quod
2677 4456 2897 4525 perinde
2950 4466 3034 4513 est
3091 4468 3250 4530 atque
3301 4461 3479 4526 illud,
3538 4459 3613 4513 Ex
3655 4466 3738 4509 toto

2182 4545 2334 4600 corde
2369 4554 2475 4601 tuo.
2512 4547 2722 4602 Etenim
2769 4551 2812 4603 si
2862 4560 3112 4606 accurate
3154 4551 3255 4607 hoc
3285 4561 3618 4615 servaretur,
3655 4561 3737 4600 non

2181 4655 2388 4707 servus,
2419 4657 2523 4696 non
2550 4641 2688 4698 liber
2713 4653 2892 4707 esset;
2923 4661 3028 4699 non
3053 4645 3325 4715 princeps,
3358 4662 3464 4701 non
3493 4642 3734 4698 subditus:

2181 4747 2286 4787 non
2328 4733 2498 4799 dives,
2531 4750 2636 4788 non
2685 4751 2922 4807 pauper;
2953 4752 3058 4792 non
3105 4753 3324 4806 parvus,
3359 4755 3465 4792 non
3508 4744 3728 4805 magnus;

2180 4841 2286 4880 non
2333 4824 2578 4880 diabolus
2620 4843 2870 4898 umquam
2915 4829 3162 4897 Coguilus
3211 4829 3402 4884 fuisset
3431 4846 3445 4883 :
3479 4843 3577 4881 non
3620 4824 3728 4881 dico,

2179 4917 2296 4982 llic,
2326 4919 2420 4974 sed
2465 4919 2673 4975 etiamsi
2703 4921 2842 4975 alius
2873 4921 3017 4987 talis,
3048 4921 3259 4975 etiamsi
3291 4931 3527 4983 eentmn,
3560 4909 3732 4973 etiamsi

2179 5010 2441 5066 innumeri
2467 5011 2599 5066 tales
2622 5021 2824 5078 essent,
2846 5013 2978 5066 nihil
3009 5014 3326 5081 potuissent,
3344 5013 3432 5065 illa
3455 5011 3731 5066 exsistente.

2177 5101 2319 5168 Ignis
2344 5103 2486 5158 enim
2519 5103 2860 5174 injectionem
2909 5105 3084 5174 potius
3117 5105 3312 5159 [mnum
3347 5103 3577 5166 tulisset,
3601 5106 3731 5167 qua!"

2175 5194 2446 5249 ﬂammam
2491 5197 2728 5251 caritatis
2777 5196 3043 5251 diabolus.
3095 5196 3220 5251 llrc
3251 5210 3403 5249 muro
3446 5192 3626 5248 fortior
3648 5192 3730 5246 est,

2177 5288 2292 5344 lucc
2317 5289 2600 5347 adamante
2625 5292 2858 5358 tirtnior;
2890 5291 3013 5345 etsi
3042 5306 3201 5360 quam
3233 5289 3392 5343 aliam
3419 5286 3612 5342 dixeris
3637 5278 3730 5332 lor-

2177 5384 2368 5438 tiorem
2417 5385 2717 5450 materiam,
2757 5383 2944 5437 omnia.
2980 5392 3197 5452 superat
3237 5381 3474 5436 caritatis
3519 5371 3729 5469 firmitas-

2172 5474 2323 5530 Hanc
2352 5491 2451 5531 nec
2479 5475 2699 5542 divitiae,
2751 5489 2850 5529 nec
2873 5484 3162 5544 paupertas
3193 5472 3391 5535 vincit;
3442 5470 3544 5522 imo
3584 5468 3730 5562 potius

2173 5581 2281 5619 non
2308 5575 2451 5621 esset
2473 5576 2780 5637 paupertas,
2811 5581 2915 5619 non
2949 5565 3110 5618 nimia
3163 5560 3477 5617 divitiarum
3506 5559 3665 5621 copia.
3692 5559 3728 5598 δι

2172 5661 2368 5712 caritas
2397 5665 2576 5722 esset,
2623 5653 2719 5711 sed
2746 5669 2808 5710 ea
2858 5655 3030 5710 solum
3077 5669 3198 5724 qua:
3228 5668 3292 5708 ex
3343 5650 3576 5714 utrisque
3621 5641 3726 5691 sunl

2175 5752 2332 5806 bona.
2365 5749 2577 5806 Etenim
2609 5764 2674 5805 ex
2715 5749 2821 5804 illis
2849 5747 3058 5818 copiam
3086 5747 3492 5816 decerpercmus
3515 5781 3529 5806 ,
3558 5751 3618 5791 ex
3645 5731 3725 5784 hac
