3962 6434
223 271 318 329 271

212 401 299 457 σῃ.
335 385 435 441 καί
477 386 567 442 ἵνα
606 386 1119 460 διαθερμαινώμεθα
1162 388 1303 460 πρὸς
1332 387 1618 460 ἀλλήλους,
1655 385 1786 455 παρ’

208 466 363 536 ἡμῶν
416 469 617 534 αὐτοὺς
668 471 923 524 ἐκέλευσε
976 471 1297 542 τρέφεσθαι.
1338 470 1439 524 Διά
1486 470 1646 524 τοῦτο
1694 467 1792 523 καὶ

204 550 438 622 ἀλλαχοῦ
475 569 630 623 φησι·
661 555 976 621 Κρείσσων
1013 555 1198 623 λόγος
1250 554 1497 623 ἀγαθὸς,
1530 553 1569 619 ἢ
1596 552 1790 619 δόσις·

198 633 312 701 καὶ,
356 634 515 689 Ἰδοὺ
535 636 720 703 λόγος
746 636 899 703 ὑπὲρ
922 635 1075 706 δόμα
1095 636 1339 706 ἀγαθός.
1367 637 1480 693 Kal
1507 637 1670 698 αὐτός
1696 651 1796 705 φη-

199 734 303 781 σιν,
343 717 567 772 Ἔλεον
610 716 760 792 [295]
813 719 987 782 θέλω,
1027 720 1126 774 καί
1169 722 1243 775 οὐ
1284 721 1527 775 θυσίαν.
1572 717 1792 789 Ἐπειδὴ

192 799 304 871 7&9
339 800 465 864 ἔθος
492 802 621 866 τούς
642 820 703 856 τε
737 801 1228 874 εὐεργετουμένους
1254 803 1448 872 φιλεῖν,
1480 802 1608 866 τούς
1638 819 1698 856 τε
1729 798 1789 857 εὗ

191 882 509 952 πάσχοντας
540 885 679 955 πρὸς
710 885 835 949 τοὺς
866 884 1288 954 εὐεργετοῦντας
1322 886 1649 957 οἰκειότερον
1677 885 1792 938 δια-

189 966 434 1031 κεῖσθαι,
497 967 795 1039 σύνδεσμον
851 968 1035 1037 φιλίας
1080 969 1277 1035 ποιῶν,
1324 969 1482 1023 τοῦτο
1540 968 1791 1038 ἐνομοθέ-

187 1066 381 1118 τησεν.
423 1050 587 1105 Ἀλλά
629 1051 692 1105 τὺ
740 1050 1074 1123 ζητούμενον
1125 1053 1301 1108 ἐκεῖνό
1350 1056 1489 1118 ἐστι,
1523 1053 1661 1118 πῶς,
1691 1051 1789 1111 τοῦ

186 1134 436 1205 Χριστοῦ
471 1136 762 1207 ἀμφότερα
806 1136 979 1190 ταῦτα
1022 1137 1361 1208 τελειότητος
1390 1133 1531 1197 εἶναι
1577 1139 1790 1207 φήσανξ

186 1235 301 1282 τος,
347 1212 507 1282 οὗτος
533 1219 704 1290 χωρὶς
748 1219 973 1292 ἀγάπης
1005 1220 1169 1291 ἀτελῆ
1201 1220 1378 1276 ταῦτα
1416 1216 1557 1276 εἶναί
1599 1237 1785 1291 φησιν.

188 1301 305 1354 Οὐκ
350 1301 855 1373 ἁντιφθεγγόμενος
900 1303 1074 1375 αὐτῷ,
1126 1304 1203 1377 μὴ
1248 1305 1482 1375 γένοιτο,
1514 1303 1651 1359 ἀλλά
1694 1304 1789 1358 καὶ

187 1382 405 1454 σφόδρα
441 1384 592 1457 αὐτῷ
633 1386 893 1458 συνᾴδων.
927 1388 1039 1441 Kal
1084 1389 1194 1460 7&9
1244 1389 1340 1442 ἐπὶ
1395 1388 1487 1441 τοῦ
1532 1388 1788 1443 πλουσίου

184 1468 287 1538 οὐχ
320 1466 516 1532 ἅπλῶς
545 1464 688 1526 εἷπε.
723 1470 1019 1539 Πώλησόν
1042 1485 1161 1529 σου
1189 1473 1264 1528 τὰ
1288 1472 1662 1541 ὑπάρχοντα,
1689 1472 1788 1526 καί

181 1551 293 1618 δὸς
329 1551 621 1621 πτωχοῖς,
644 1554 759 1607 ἀλλ’
788 1555 1061 1626 ἐπήγαγε,
1102 1555 1215 1610 Καί
1249 1555 1428 1624 δεῦρο
1467 1556 1790 1610 ἀκολούθει

176 1652 307 1704 μοι.
354 1635 423 1688 Ἦ
448 1635 507 1689 δὲ
536 1635 895 1706 ἀκολούθησις
925 1637 1091 1693 αὐτοῦ
1121 1638 1312 1693 οὐδένα
1351 1637 1496 1693 οὕτω
1540 1638 1789 1711 μαθητὴν

177 1717 551 1772 ἀποδείκνυσι
583 1718 679 1774 τοῦ
715 1721 977 1792 Χριστοῦ,
1014 1722 1091 1788 ὡς
1134 1722 1197 1776 τὸ
1232 1722 1497 1795 ἀλλήλους
1542 1725 1785 1796 ἀγαπᾷν.

188 1803 303 1857 Ἐν
334 1804 451 1872 γὰρ
477 1804 668 1869 τούτῳ
697 1804 1034 1875 γνώσονται
1058 1805 1303 1873 πάντες,
1341 1809 1527 1878 φησὶν,
1563 1808 1653 1862 ὅτι
1675 1826 1791 1878 μαι

174 1888 372 1955 θηται
389 1889 511 1957 μού
533 1889 695 1953 ἐστε,
724 1890 834 1944 ἐὰν
865 1890 1134 1961 ἀγαπᾶτε
1163 1891 1496 1961 ἀλλήλους.
1520 1894 1633 1947 Kal
1657 1894 1788 1947 ὅταν

167 1970 232 2024 δὲ
266 1970 441 2043 λέγῃ,
469 1973 577 2039 '0;-
610 1972 688 2028 ἀν
719 1974 1001 2045 ἀπολέσῃ
1033 1975 1149 2045 τὴν
1185 1976 1404 2046 ψυχὴν
1433 1976 1620 2031 αὐτοῦ
1661 1977 1788 2033 ἔνε-

163 2072 286 2109 nr
312 2056 494 2126 ἐμοῦ,
521 2057 769 2126 εὑρήσει
800 2059 1016 2128 αὐτήν·
1058 2061 1171 2128 καὶ,
1204 2063 1311 2126 ⁸·ος
1335 2060 1413 2115 ἂν
1432 2062 1785 2131 ὁμολογήσῃ

153 2156 244 2208 με
279 2139 642 2210 ἔμπροσθεν
677 2140 800 2197 τῶν
831 2141 1178 2210 ἀνθρώπων,
1222 2144 1578 2214 ὁμολογήσω
1623 2147 1791 2217 κάγὼ

155 2223 385 2277 αὑτὸν
413 2224 760 2294 ἔμπροσθεν
778 2225 886 2280 τοῦ
906 2227 1140 2295 Πατρός
1160 2246 1282 2297 μου
1310 2227 1417 2282 τοῦ
1439 2227 1508 2281 ἐν
1534 2228 1659 2296 τοῖς
1686 2232 1786 2286 οὐ-

148 2306 405 2376 ρανοῖς
429 2325 442 2339 ·
464 2309 527 2361 οὐ
552 2307 711 2363 τοῦτό
742 2326 927 2380 φησιν,
946 2310 1031 2364 ὅτι
1059 2311 1119 2364 οὐ
1159 2311 1227 2365 δι’
1252 2312 1496 2383 ἀγάπην,
1530 2313 1665 2367 ἀλλά
1693 2315 1787 2369 τὸν

156 2392 391 2462 μισθὸν
432 2392 527 2446 τὸν
565 2395 935 2465 ἀποκείμενον
985 2397 1098 2459 τοῖς
1136 2396 1322 2461 πόνοις
1365 2396 1576 2462 τούτοις
1612 2399 1781 2469 δηλοῖ·

152 2476 303 2528 ἐπεὶ
340 2476 433 2530 ὅτι
465 2475 604 2546 μετά
635 2475 729 2531 τοῦ
763 2478 1069 2549 μαρτυρίου
1100 2479 1195 2533 καὶ
1220 2478 1379 2533 τοῦτο
1418 2481 1591 2551 ζητεῖ,
1619 2483 1784 2537 ἀλλα-

152 2558 270 2629 χοῦ
309 2559 532 2631 σφόδρα
554 2559 688 2614 αὐτὸ
711 2561 952 2633 ᾐνίξατο,
983 2562 1158 2626 οῦτως
1184 2563 1374 2619 εἰπών·
1411 2566 1482 2623 Τὸ
1516 2566 1635 2635 μὲν
1673 2584 1784 2620 πο-

149 2640 402 2710 τήριόν
426 2660 548 2712 μου
583 2644 815 2709 πίεσθε,
854 2645 953 2699 καὶ
993 2645 1062 2699 τὸ
1091 2646 1433 2717 βάπτισμα,
1460 2649 1492 2703 ὃ
1527 2650 1643 2719 ἐγὼ
1667 2651 1785 2715 ,Βα-

151 2724 484 2796 πτίζομαι,
515 2727 1042 2796 βαπτισθήσεσθε·
1071 2731 1340 2795 τουτέστι,
1365 2735 1782 2806 Μαρτυρήσετε,

151 2810 542 2881 σφαγήσεσθε
580 2811 723 2883 ὐπέρ
765 2812 923 2883 ἐμοῦ·
959 2813 1029 2869 τὸ
1071 2814 1141 2868 δὲ
1166 2816 1412 2871 καθίσαι
1457 2817 1526 2871 ἐκ
1570 2819 1788 2884 δεξιῶν

152 2892 273 2948 καὶ
318 2893 402 2959 ἐξ
430 2895 776 2964 εὐωνύμων,
805 2897 904 2967 οὐχ
936 2895 1011 2959 ὥς
1037 2914 1201 2951 τινων
1230 2899 1569 2969 καθημένων
1605 2904 1673 2957 ἐκ
1699 2903 1787 2957 δε·-

156 2973 310 3043 ξιῶν
370 2978 465 3030 καὶ
516 2977 576 3043 ἐξ
628 2979 947 3049 εὐωνύμων,
979 2980 1116 3035 ἀλλά
1160 2984 1261 3053 τὴν
1301 2984 1566 3038 ἀνωτάτω
1611 2986 1786 3056 λέγων

157 3058 488 3130 προεδρίαν
538 3076 601 3113 τε
656 3061 751 3115 καὶ
779 3063 966 3135 τιμὴν,
992 3066 1106 3118 οὐκ
1151 3066 1325 3120 ἐστιν
1366 3067 1518 3136 ἐμὸν
1548 3069 1789 3135 δοῦναι,

161 3141 384 3212 φησὶν,
436 3142 576 3197 ἀλλ’
614 3139 707 3211 οἷς
756 3146 1135 3216 ἡτοίμασται.
1193 3144 1327 3204 Εἶτα
1381 3152 1598 3217 δεικνὺς
1643 3153 1786 3217 τίσιν

161 3224 545 3318 {Ptol-Facta“
592 3227 829 3318 καλέσας
876 3230 1095 3297 αὐτοὺς,
1138 3235 1324 3318 φησίν·
1365 3237 1470 3303 Ὃς
1500 3235 1612 3291 ἐὰν
1638 3235 1790 3318 ϐέλη

167 3307 246 3361 ἐν
270 3308 431 3379 ὑμῖν
455 3305 610 3364 εἶναι
645 3310 895 3380 πρῶτος,
919 3315 1077 3369 ἔστω
1105 3316 1349 3371 πάντων
1386 3317 1554 3391 ὑμῶν
1585 3305 1786 3374 διάκοιί

172 3407 325 3459 νος·
352 3394 860 3464 ταπεινοφροσύνην
902 3397 1079 3469 δηλῶν
1116 3401 1209 3453 καὶ
1249 3400 1492 3471 ἀγάπην.
1536 3403 1784 3469 Ἆγάπην

183 3478 272 3557 δὲ-
299 3475 710 3548 ἐπιτεταμένην
756 3478 995 3535 ἀπαιτεῖ.
1032 3482 1130 3535 Διά
1170 3482 1235 3553 δὴ
1268 3484 1427 3538 τοῦτο
1466 3486 1588 3540 οὐδὲ
1622 3487 1782 3557 μέχρι

180 3553 382 3636 τούτου
439 3558 593 3630 ἔστη,
638 3560 756 3615 ἀλλ’
794 3562 1098 3633 ἐπήγαγεν·
1141 3565 1371 3635 Ὥσπερ
1424 3571 1458 3623 ὁ
1507 3553 1639 3636 Υἱὸς
1674 3553 1785 3624 τοῦ

185 3634 509 3718 ἀνθρώπου
550 3644 665 3697 οὐκ
694 3641 847 3716 ἦλθε
881 3634 1341 3718 διακονηθῆναι,
1384 3654 1546 3708 ἀλλὰ
1583 3634 1783 3710 διακο-

188 3717 383 3784 νῆσαι
413 3723 511 3785 καί
547 3725 757 3781 δοῦναι
788 3727 905 3795 τὴν
932 3717 1147 3802 ψυχὴν
1173 3717 1369 3789 αὐτοῦ.
1395 3738 1621 3802 λύτρον
1646 3738 1784 3800 ἀντὶ

498 3807 713 3873 δεικνὺς
743 3810 826 3863 ὅτι
858 3810 1001 3865 οὕτω
1028 3815 1106 3867 δεῖ
1130 3815 1331 3884 φιλεῖν,
1371 3817 1447 3881 ώς
1484 3822 1583 3873 καὶ
1611 3821 1782 3889 σφάτ‹

188 3887 380 3972 τεσθαι
422 3890 563 3961 ὑπὲρ
604 3892 714 3945 τῶν
745 3894 1125 3964 ἀγαπωμένων
1147 3917 1160 3928 ·
1204 3898 1360 3952 τοῦτο
1402 3899 1511 3971 γάρ
1543 3887 1783 3972 μάλιστα

188 3970 356 4056 αὐτόν
384 3973 501 4027 ἐστι
530 3974 721 4043 φιλεῖν.
764 3976 856 4030 Διὸ
890 3978 987 4032 καὶ
1022 3978 1101 4050 τῷ
1131 3982 1321 4053 Πέτρῳ
1362 3970 1554 4054 φησὶν,
1584 3989 1655 4040 Ei
1686 4005 1785 4056 59¢-

188 4054 318 4141 λεῖς
335 4074 435 4126 με,
458 4058 735 4128 ποίμαινε
763 4060 835 4115 τὰ
861 4063 1124 4131 πρόϐατά
1144 4083 1286 4133 μου.
1318 4068 1427 4120 Kal
1451 4069 1537 4123 ἵνα
1570 4054 1781 4141 μάθητε

189 4138 312 4226 δσον
370 4141 490 4226 ἐστὶ
518 4142 599 4226 ,τὸ
631 4144 982 4217 κατόρθωμα,
1039 4147 1451 4222 ὐπογράψωμεν
1489 4138 1660 4226 αὐτὴν
1702 4138 1779 4226 τῷ

189 4222 354 4295 λόγῳ,
385 4224 573 4309 ἐπειδὴ
606 4229 720 4290 τοῖς
751 4229 1074 4300 πράγμασιν
1101 4233 1273 4305 αὐτὴν
1301 4236 1399 4305 οὐχ
1424 4222 1640 4309 ὁρῶμέν
1673 4222 1775 4292 που

192 4308 551 4393 φαινομένην,
586 4313 683 4365 καὶ
722 4314 1088 4386 ἐννοήσωμεν,
1128 4317 1205 4381 ὼς
1246 4320 1294 4372 εἰ
1327 4308 1601 4392 πανταχοῦ
1637 4323 1779 4393 μετά

194 4393 469 4464 δαψιλείας
522 4390 591 4465 ἦν
630 4395 793 4468 αὐτη,
834 4398 975 4453 πόσα
1009 4399 1077 4454 ἂν
1127 4403 1348 4469 ἐγένετο
1392 4390 1593 4472 ἀγαθά.
1639 4390 1778 4461 Οὔτε

199 4481 303 4550 7&9
327 4477 511 4547 νόμιον
544 4477 668 4532 οὐτε
706 4479 1077 4555 δικαστηρίων
1115 4483 1246 4550 ἔδει,
1279 4487 1342 4541 οὐ
1376 4489 1677 4555 κολάσεων,
1712 4491 1775 4544 οὐ

204 4561 491 4645 τιμωρῶν,
522 4562 622 4616 οὐκ
654 4562 814 4618 ἀλλου
852 4565 961 4619 τῶν
992 4566 1250 4622 τοιούτων
1292 4571 1527 4636 οὐδενός.
1559 4574 1622 4625 El
1666 4574 1777 4645 7&9

212 4643 431 4709 ἅπαντες
451 4646 682 4716 ἠγάπων
711 4647 808 4702 καὶ
832 4650 1150 4720 ὴγαπῶντο,
1175 4653 1335 4707 οὐδὲν.
1349 4654 1415 4709 ἀν
1452 4668 1479 4701 α
1517 4643 1778 4727 ἠδίκησεν

210 4727 390 4793 οὐδεὶς,
425 4728 565 4784 ἀλλά
603 4730 697 4784 καὶ
740 4730 894 4800 φόνοι
927 4734 1023 4787 καὶ
1069 4736 1243 4805 μάχαι
1288 4737 1385 4793 καὶ
1416 4739 1645 4810 πόλεμοι
1679 4740 1776 4795 καὶ

217 4810 411 4875 πάσεις
467 4812 562 4866 καὶ
609 4813 854 4884 ἀρπαγαὶ
891 4815 986 4870 καὶ
1026 4816 1333 4882 πλεονεξίαι
1371 4808 1467 4875 καί
1503 4808 1682 4877 πάντα
1707 4824 1775 4879 ἂν

221 4890 445 4947 ἐκποδὼν.
463 4896 704 4964 ἐγεγόνει
727 4896 797 4951 τά
816 4898 1051 4971 πονηρά,
1080 4900 1175 4954 καὶ
1203 4900 1396 4973 μέχρις
1415 4904 1676 4974 ὀνόματος
1707 4906 1776 4961 ἂν

224 4973 433 5048 ἡγνοήθη
473 4979 726 5050 ἡκακία.
758 4980 842 5035 Τά
872 4982 1055 5053 μέντοι
1099 4985 1304 5053 σημεῖα
1349 4986 1448 5039 οὐν
1500 4973 1567 5042 ἀν
1612 4988 1773 5043 τοῦτο

221 5058 503 5144 εἰργάσατο,
534 5061 671 5115 ἀλλά
697 5062 791 5117 καὶ
819 5066 900 5128 είς
926 5066 1232 5135 κενοδοξίαν
1262 5068 1481 5140 ἐπαίρει
1527 5070 1655 5137 τούς
1694 5072 1777 5144 μὴ

221 5143 568 5215 προσέχοντας,
588 5146 683 5199 καὶ
711 5147 988 5212 ἀπόνοιαν,

279 5233 342 5292 ς’.
375 5229 481 5282 Καὶ
520 5228 583 5283 τὸ
612 5229 677 5302 δὴ
706 5231 1019 5303 θαυμαστὸν
1044 5234 1145 5306 τῆς
1186 5235 1428 5307 ἀγάπης,
1459 5237 1541 5290 ὅτι
1570 5237 1639 5291 τά
1671 5238 1771 5308 μὲν

226 5309 335 5364 ἀλλα
376 5311 556 5381 ἀγαθά
598 5312 712 5384 ἔχει
760 5315 1185 5387 παρεζευγμένα
1237 5317 1308 5371 τά
1345 5318 1529 5372 κακά·
1584 5315 1696 5374 οἷον
1741 5323 1777 5376 6

226 5393 338 5463 ἀκτή
347 5411 458 5463 μων
484 5396 723 5464 φυσᾶται
748 5397 1011 5462 πολλάκις
1033 5399 1121 5453 διὰ
1143 5400 1324 5466 τοῦτο,
1358 5403 1388 5454 6
1414 5401 1594 5470 λέγειν
1614 5403 1771 5468 είδὼς

228 5475 462 5550 καὶβθιι]
497 5478 820 5550 δοξομανίαν
861 5484 1029 5547 νοσεῖ,
1066 5484 1096 5536 6
1120 5484 1502 5554 ταπεινόφρων
1540 5484 1608 5538 δι’
1636 5487 1771 5542 αὐτὸ

228 5559 356 5614 τοῦτο
396 5561 654 5626 πολλάκις
691 5564 829 5616 κατά
855 5564 916 5619 τὸ
953 5566 1192 5630 συνειδὸς
1222 5566 1368 5637 μέγα
1406 5569 1612 5637 φρονεῖ·
1648 5570 1682 5640 ὴ
1711 5570 1770 5624 δὲ

229 5644 383 5715 ἀγάπη
407 5646 588 5716 πάσης
613 5644 714 5717 τῆς
743 5648 997 5719 τοιαύτης
1026 5647 1372 5721 ἀπήλλακται
1397 5649 1594 5721 λύμης·
1628 5652 1769 5708 κατά

277 5813 300 5844 ι
318 5800 462 5853 Vetus
481 5807 737 5865 mles-pres
758 5801 883 5865 legit
904 5804 1072 5855 οὐδένα
1095 5804 1322 5868 ἅν.,θάἰιί
1345 5802 1479 5856 οὐδὲν
1501 5806 1559 5855 ἄν

1246 272 1312 327 ΙΝ
1354 270 1572 328 ΕΡΙΞΤ.
1612 271 1634 327 1
1668 270 1760 325 AD
1789 266 1947 326 (ΞΟΠ.
1974 266 2212 324 HOMIL.
2255 265 2471 325 XXXII.

3367 276 3476 330 272

1895 380 2006 453 7&9
2032 380 2128 436 τοῦ
2158 380 2526 452 ἀγαπωμένου
2557 381 2658 436 οὐκ
2686 382 2751 438 ἄν
2772 400 2856 448 τις
2878 384 3147 456 ἐπαρθείη
3181 386 3333 442 ποτέ.
3367 390 3477 445 Kal

1897 471 1971 537 μή
1999 482 2090 536 μοι
2125 463 2223 536 θῇς
2250 464 2347 518 Eva
2385 464 2705 533 ἀγαπῶντα,
2744 466 2880 521 ἀλλά
2901 466 3112 532 πάντας
3136 470 3360 541 ὁμοίως,
3382 471 3472 526 καὶ

1893 547 2015 600 τότε
2060 546 2230 617 αὐτῆς
2278 546 2399 616 ὕψει
2432 547 2533 619 τὴν
2564 549 2798 619 ἀρετήν·
2845 550 3046 620 μᾶλλον
3076 550 3155 616 δὲ,
3195 554 3244 606 εί
3271 552 3472 624 βούλει,

1895 629 2112 700 πρῶτον
2145 630 2240 684 ἐνα
2269 629 2633 702 ἀγαπώμενον
2664 632 2759 687 καὶ
2791 632 2886 687 Eva
2916 634 3173 704 φιλοῦντα
3201 635 3361 702 τίθει,
3386 655 3475 708 φι-

1893 713 2089 767 λοῦντα
2124 714 2330 785 μέντοι,
2374 714 2450 779 ὡς
2481 717 2656 784 φιλεῖν
2683 716 2853 782 ἀξιον.
2893 717 3005 788 Τὴν
3034 719 3143 791 γὰρ
3169 720 3271 791 γῆν
3300 720 3475 785 οὕτως

1891 797 1968 860 ὡς
1985 798 2075 851 τὸν
2096 798 2324 864 οὐρανὸν
2344 801 2575 871 οἰκήσει,
2595 801 2871 873 πανταχοῦ
2899 804 3139 876 γαλήνης
3159 804 3476 873 ἀπολαύων,

1893 881 1989 934 καὶ
2014 880 2244 950 μυρίους
2272 881 2450 953 ἐαυτῷ
2473 883 2689 938 πλέκων
2723 885 3041 955 στεφάνους.
3086 887 3144 940 '0
3167 887 3277 959 7&9
3296 887 3479 942 τοιοῦ-

1890 978 1982 1026 τος
2008 965 2102 1016 καὶ
2124 964 2320 1031 φθόνου
2341 964 2436 1019 καλ⁵
2469 965 2639 1036 ὀργῆς
2660 968 2754 1021 καὶ
2775 968 3071 1037 βασκανίας
3097 971 3191 1024 καὶ
3216 972 3476 1035 ἀπονοίας

1892 1046 1988 1103 καὶ
2018 1047 2322 1114 κενοδοξίας
2369 1049 2463 1104 καὶ
2506 1053 2748 1121 πονηρᾶς
2790 1052 3087 1124 ἐπιθυμίας
3137 1054 3234 1109 καὶ
3272 1055 3477 1120 παντὸς

1893 1129 2096 1203 ἔρωτος
2127 1131 2333 1186 ἀτόπου
2368 1133 2463 1187 καὶ
2497 1134 2694 1198 παντὸς
2723 1138 3029 1207 νοσήματος
3065 1137 3476 1210 καθαρεύουσαν

1890 1213 2209 1286 διατηρήσει
2249 1216 2349 1288 τὴν
2401 1217 2593 1270 ἐαυτοῦ
2643 1220 2840 1290 ψυχήν.
2880 1220 3092 1292 ’Ὠσπερ
3127 1220 3237 1293 γάρ
3283 1222 3477 1275 ἑαυτὸν

1889 1298 1990 1352 οὐκ
2018 1298 2084 1352 ἄν
2113 1317 2196 1363 τις
2231 1299 2528 1370 ἐργάσαιτό
2547 1319 2600 1355 τι
2622 1302 2813 1366 κακὸν,
2834 1302 3008 1367 οὕτως
3032 1305 3152 1358 οὐδέ⁹
3181 1306 3308 1369 τοὺς
3334 1304 3475 1375 πλη-

1893 1381 2007 1435 σίον
2034 1376 2211 1448 οὗτος.
2244 1384 2496 1448 Τοιοῦτος
2520 1385 2576 1438 δὲ
2598 1384 2695 1448 ὢν,
2729 1387 2847 1457 μετ’
2877 1388 3042 1441 αὐτοῦ
3094 1390 3349 1460 στήσεται
3378 1386 3475 1443 τοῦ

1889 1463 2134 1536 Γαϐριὴλ
2173 1466 2266 1520 ἐπὶ¹
2303 1466 2404 1537 τῆς
2447 1469 2551 1539 γῆς
2598 1468 2849 1540 βαδίζων.
2900 1473 3010 1525 Kal
3059 1474 3087 1525 6
3122 1472 3220 1543 μὲν
3250 1471 3475 1544 ἀγάπην

1891 1546 2030 1617 ἔχων
2070 1548 2341 1613 τοιοῦτος·
2377 1552 2406 1602 6
2439 1550 2495 1604 δὲ
2531 1555 2733 1621 σημεῖα
2762 1554 2952 1621 ποιῶν,
2984 1555 3079 1608 καὶ
3107 1555 3308 1624 γνῶσιν
3336 1555 3476 1626 ἔχων

1891 1631 2329 1703 ἀπηρτισμένην,
2358 1633 2565 1705 ταύτης
2603 1637 2751 1699 ἄνευ,
2782 1637 2884 1691 κᾶν
2916 1637 3142 1709 μυρίους
3171 1639 3359 1710 ἐγείρῃ
3384 1655 3474 1692 νε-

1891 1714 2081 1783 κροὺς,
2109 1715 2263 1773 οὐδὲν
2294 1716 2436 1787 μέγα
2458 1717 2665 1790 ὀνήσει,
2686 1721 2905 1774 πάντων
2932 1722 3350 1793 ἀπερῥηγμένος
3382 1720 3478 1775 καὶ

1890 1796 2067 1850 οὐδενὶ
2101 1797 2214 1853 τῶν
2241 1800 2542 1857 συνδούλων
2580 1804 2942 1873 ἀναμιγνύναι
2976 1805 3173 1858 ἑαυτὸν
3213 1806 3477 1875 ἀνεχόμε-

1890 1896 2001 1943 νος.
2037 1881 2137 1935 Διά
2158 1882 2223 1953 δὴ
2246 1883 2405 1938 τοῦτο
2437 1885 2533 1940 καὶ
2555 1886 2583 1939 6
2609 1887 2847 1957 Χριστὸς
2873 1888 2972 1959 τῆς
3009 1889 3090 1952 εἰς
3126 1889 3290 1942 αὐτὸν
3318 1889 3480 1959 ἀκρι-

1890 1962 2020 2027 ϐοῦς
2061 1965 2286 2036 ἀγάπης
2325 1970 2552 2038 σημεῖον
2589 1969 2792 2041 ἔφησεν
2834 1966 2996 2033 εἶναι,
3031 1971 3092 2025 τὸ
3125 1973 3216 2027 τὸν
3251 1973 3480 2044 πλησίον

1890 2046 2088 2114 φιλεῖν.
2126 2050 2194 2101 El
2240 2048 2349 2122 7&9
2378 2053 2578 2120 φιλεῖς
2604 2070 2703 2122 με,
2732 2055 2919 2125 φησὶν,
2943 2051 2989 2111 ὦ
3016 2056 3220 2125 Πέτρε,
3251 2058 3480 2111 τούτων

1887 2128 2103 2196 πλέον,
2135 2132 2417 2201 ποίμαινε
2458 2136 2529 2189 τὰ
2575 2137 2842 2203 πρόϐατά
2876 2156 3019 2209 μου.
3054 2135 3209 2202 Εἶδες
3233 2139 3352 2203 πῶς
3384 2142 3480 2196 καὶ

1887 2211 2139 2267 ἐντεῦθεν
2166 2214 2328 2269 πάλιν
2357 2216 2597 2288 ᾐνίξατο,
2620 2220 2704 2273 ὅτι
2743 2222 3044 2294 μαρτυρίου
3079 2222 3264 2294 μεῖζον
3284 2221 3443 2277 τοῦτο
3460 2265 3477 2287 ,

1887 2296 1998 2350 Kal
2034 2298 2144 2369 7&9
2190 2301 2238 2353 εί
2285 2301 2453 2355 παῖδά
2482 2319 2565 2365 τις
2606 2298 2753 2374 εἶχεν
2784 2306 3090 2377 ἀγαπητὸν,
3123 2308 3217 2360 καὶ
3248 2306 3389 2378 ὐπέρ
3414 2299 3515 2361 οὐί

1888 2381 1983 2462 καὶ
2007 2380 2109 2451 τὴν
2135 2381 2314 2455 ψυχὴν
2345 2384 2411 2438 ἂν
2440 2386 2735 2451 ἐπέδωκεν,
2761 2384 2881 2444 εἶτά
2905 2406 2986 2453 τις
3015 2389 3105 2443 τὸν
3136 2389 3235 2461 μὲν
3264 2391 3478 2462 πατέρα

1888 2461 2085 2530 ἐφίλει,
2124 2464 2202 2534 τῷ
2231 2464 2288 2518 δὲ
2324 2466 2476 2520 παιδὶ
2508 2468 2632 2538 μηδ’
2665 2470 2802 2534 ὅλως
2847 2475 3126 2542 προσεῖχε,
3172 2473 3379 2544 σφόδρα
3410 2461 3477 2528 ἂν

1888 2546 2176 2617 παρώξυνε
2209 2549 2302 2601 τὸν
2330 2550 2564 2621 πατέρα,
2595 2552 2689 2606 καὶ
2708 2553 2809 2605 οὐκ
2830 2552 2897 2606 ἂν
2918 2553 3116 2624 ᾔσθετο
3141 2555 3242 2624 τῆς
3269 2555 3477 2618 οἰκείας

1887 2629 2112 2701 ἀγάπης
2139 2631 2231 2685 διὰ
2260 2631 2361 2705 τὴν
2388 2634 2484 2687 τοῦ
2515 2635 2703 2699 παιδὸς
2726 2636 3052 2708 ὑπεροψίαν.
3081 2638 3143 2690 Εἰ
3170 2638 3226 2691 δὲ
3249 2639 3342 2691 ἐπὶ
3372 2655 3478 2692 πα·

1887 2708 2018 2785 ’πρὸς
2054 2715 2151 2768 καὶ
2180 2717 2370 2780 παιδὸς
2398 2717 2557 2771 τοῦτο
2593 2718 2903 2790 συμϐαίνει,
2934 2719 3118 2791 πολλῷ
3151 2720 3355 2791 μᾶλλον
3381 2723 3476 2776 ἐπὶ

1888 2795 2024 2859 Θεοῦ
2047 2799 2144 2857 καὶ
2178 2798 2502 2870 ἀνθρώπων·
2532 2804 2628 2856 καὶ
2655 2802 2766 2873 γὰρ
2792 2803 3047 2873 πατέρων
3077 2804 3334 2860 ἁπάντων
3360 2804 3472 2858 ἐστὶ

1889 2881 2375 2954 φιλοστοργότερος
2398 2886 2427 2936 ὁ
2452 2883 2605 2947 Θεός.
2636 2885 2734 2938 Διά
2759 2885 2823 2956 δὴ
2853 2885 3012 2938 τοῦτο
3050 2885 3241 2950 εἰπὼν,
3271 2886 3469 2953 Πρώτη

1887 2963 1987 3017 καὶ
2010 2964 2246 3034 μεγάλη
2277 2966 2520 3035 ἐντολὴ,
2560 2967 2916 3037 Ἀγαπήσεις
2942 2970 3164 3037 Κύριον
3190 2969 3298 3023 τὸν
3328 2971 3477 3024 Θεόν

1887 3061 2029 3110 σου,
2063 3050 2338 3119 ἐπήγαγε,
2367 3051 2624 3119 Δευτέρα
2661 3050 2748 3118 δὲ,
2785 3052 2879 3105 καὶ
2906 3052 3015 3105 οὐκ·
3034 3053 3310 3124 ἐσίγησεν,
3337 3051 3476 3108 ἀλλά

1887 3130 2256 3203 προσέθηκεν,
2302 3132 2507 3202 Ὀμοία
2542 3133 2754 3203 αὐτῆς,
2800 3135 3153 3205 Ἀγαπήσεις
3180 3137 3287 3189 τόν
3321 3139 3476 3205 πλη-

1886 3214 2030 3268 σίον
2058 3233 2176 3270 σου
2215 3217 2295 3283 ὡς
2323 3217 2561 3273 ἑαυτόν.
2591 3218 2705 3272 Kal
2730 3218 2831 3289 69a
2862 3218 2979 3282 πῶς
3011 3219 3149 3289 μετά
3169 3220 3269 3290 τῆς
3298 3220 3470 3290 αὐτῆς

1887 3296 2072 3367 σχεδὸν
2109 3298 2415 3370 ὑπερϐολῆς
2442 3302 2667 3354 ἀπαιτεῖ
2693 3301 2787 3353 καὶ
2812 3301 3035 3371 ταύτην.
3067 3303 3204 3374 Περὶ
3232 3302 3331 3373 μὲν
3356 3302 3467 3374 γὰρ

1886 3381 1980 3434 τοῦ
2018 3380 2155 3435 Θεοῦ
2213 3400 2398 3454 φησιν,
2441 3383 2545 3448 Ἐξ
2582 3382 2732 3451 ὅλης
2778 3385 3028 3454 καρδίας
3063 3398 3199 3440 σου·
3236 3387 3364 3456 περὶ
3404 3386 3462 3439 δὲ

1885 3465 1979 3521 τοῦ
2038 3466 2267 3539 πλησίον
2316 3484 2434 3530 σου,
2474 3467 2571 3533 Ὧς
2609 3468 2847 3534 ἑαυτὸν,
2894 3471 3031 3538 ὅπερ
3074 3471 3187 3524 ίσον
3221 3471 3338 3522 ἐστὶ
3370 3470 3471 3541 τῷ,

1898 3549 2000 3614 Ἐξ
2023 3549 2171 3617 ὅλης
2196 3553 2308 3616 τῆς
2339 3549 2588 3618 καρδίας
2615 3565 2754 3605 σου.
2789 3553 2901 3608 Kal
2937 3552 3046 3622 7&9
3078 3554 3127 3605 εί
3158 3554 3298 3623 μετά
3320 3555 3473 3622 ἀκρι-

1885 3632 2039 3695 ϐείας
2063 3630 2223 3686 τοῦτο
2252 3632 2602 3701 ἐφυλάττετο,
2631 3634 2692 3687 οὐ
2716 3634 2921 3708 δοῦλρς,
2946 3637 3047 3688 οὐκ
3072 3636 3356 3708 ἐλεύθερος
3379 3632 3468 3707 ἦν,

1884 3717 1986 3771 οὐκ
2022 3716 2230 3787 ἄρχων,
2267 3717 2368 3770 οὐκ
2401 3716 2729 3788 ἀρχόμενος,
2761 3720 2824 3772 οὐ
2838 3704 3133 3785 πλούσιος,
3176 3721 3237 3776 οὐ
3263 3704 3471 3790 -πένης,

1882 3801 1942 3853 οὐ
1979 3801 2196 3872 μικρὸς,
2232 3801 2294 3854 οὐ
2325 3801 2518 3872 μέγας,
2557 3803 2619 3856 οὐ
2647 3802 2893 3869 διάϐολος
2935 3805 3002 3859 ἂν
3035 3804 3280 3878 ἐγνώσθη
3317 3805 3468 3859 ποτέ·

1882 3885 1947 3957 οὐ
1976 3884 2142 3952 λέγω,
2170 3878 2359 3948 Οὗτος,
2402 3883 2520 3937 ἀλλ’
2543 3887 2592 3939 εί
2632 3887 2727 3939 καὶ
2755 3886 2938 3959 ἐτερος
2968 3888 3230 3952 τοιοῦτος,
3269 3889 3473 3959 μᾶλλον

1880 3966 1937 4018 δὲ
1963 3968 2011 4019 εί
2044 3966 2138 4020 καὶ
2172 3967 2392 4029 ἑκατὸν,
2430 3968 2525 4020 καὶ
2558 3969 2742 4038 μυρίοι
2768 3969 3003 4023 τοιοῦτοι
3033 3965 3195 4041 ἦσαν,
3227 3971 3379 4024 οὐδὲν
3404 3970 3471 4023 ἀν

1884 4050 2113 4121 ἴσχυσαν
2160 4048 2375 4119 ἐκείνης
2417 4048 2602 4121 οὔσης.
2638 4050 2856 4105 Μᾶλλον
2885 4052 2994 4124 7&9
3036 4054 3230 4124 χόρτος
3271 4054 3472 4125 ἤνεγκε

1884 4132 2057 4204 πυρὸς
2094 4131 2413 4202 ἐπαγωγὴν,
2439 4132 2472 4204 ἢ
2513 4132 2690 4201 φλόγα
2717 4135 2937 4206 ἀγάπης
2964 4138 2992 4189 6
3015 4136 3280 4200 διάϐολος.
3317 4135 3469 4208 Αὕτη

1880 4214 2093 4285 τείχους
2119 4215 2463 4285 ἰσχυροτέρα,
2482 4214 2622 4286 αὕτη
2646 4217 2953 4288 ἀδάμαντος
2984 4219 3334 4290 στερροτέρα·
3366 4218 3469 4272 κᾶν

1881 4298 2076 4368 ἑτέραν
2101 4296 2307 4367 ταύτης
2343 4298 2699 4370 ἰσχυροτέραν
2724 4299 2885 4373 εἴπῃς
2912 4299 3066 4372 ὐλην,
3103 4303 3281 4357 πάντα
3303 4304 3470 4373 ὑπερ-

1880 4381 2065 4435 ϐάλλει
2093 4381 2187 4451 τῆς
2212 4380 2436 4451 ἀγάπης
2462 4382 2496 4451 ἠ
2529 4382 2847 4454 στερρότης.
2882 4384 3100 4457 Ταύτην
3121 4386 3183 4439 οὐ
3212 4385 3463 4448 πλοῦτος,

1879 4466 1940 4527 οὐ
1973 4464 2137 4521 πενία
2169 4466 2317 4536 νικᾷ·
2348 4465 2549 4535 μᾶλλον
2575 4465 2632 4519 δὲ
2664 4466 2772 4520 οὐδ’
2798 4468 2865 4522 ἂν
2885 4463 2954 4539 ἦν
2988 4468 3168 4532 πενία,
3190 4470 3291 4522 οὐκ
3313 4467 3465 4541 [295]

1878 4547 2118 4619 ἀμετρία
2143 4546 2397 4614 πλούτου,
2430 4549 2478 4601 εί
2502 4549 2690 4619 ἀγάπη
2717 4544 2807 4619 ἦν,
2836 4550 2973 4603 ἀλλά
3002 4552 3070 4604 τὰ
3093 4551 3152 4617 ἐξ
3184 4550 3464 4620 ἑκατέρων

1877 4630 2061 4699 ἀγαθά
2093 4631 2273 4702 μόνον.
2299 4631 2412 4685 Kal
2441 4630 2552 4702 7&9
2573 4631 2672 4702 τὴν
2695 4632 2754 4696 ἐξ
2777 4631 2984 4687 ἐκείνου
3012 4633 3274 4702 ἀφθονίαν
3297 4634 3474 4704 ἐκαρει

1878 4712 2184 4784 πωσάμεθα
2218 4711 2304 4774 ἃν,
2341 4713 2435 4767 καὶ
2465 4715 2567 4785 τὴν
2614 4716 2679 4767 ἐκ
2719 4715 2923 4787 ταύτης
2969 4716 3320 4788 ἀμεριμνίαν·
3366 4715 3473 4770 καὶ

1874 4796 2000 4850 οὐτε
2032 4794 2128 4850 τοῦ
2155 4796 2391 4849 πλούτου
2421 4795 2519 4860 τὰς
2554 4798 2862 4870 φροντίδας,
2905 4797 3029 4852 οὐτε
3060 4800 3158 4870 τῆς
3188 4800 3378 4863 πενίας
3398 4801 3474 4859 τὸ.

1874 4879 1995 4945 δέος
2019 4879 2394 4950 ὑπεμείναμεν
2414 4879 2500 4935 ἄν.
2530 4881 2639 4934 Kal
2661 4881 2715 4934 τί
2741 4881 2884 4950 λέγω
2903 4883 2972 4937 τὰ
2990 4881 3049 4948 ἐξ
3072 4884 3238 4952 αὐτῆς
3261 4885 3321 4937 κέ
3330 4884 3460 4956 ρδη;

1875 4962 2018 5019 Αὐτὸ
2040 4963 2150 5036 7&9
2172 4961 2298 5016 καθ’
2326 4962 2487 5016 ἑαυτὸ
2514 4962 2574 5016 τὸ
2605 4965 2778 5034 φιλεῖν
2812 4967 3069 5036 ἐννόησον
3100 4967 3291 5037 ἡλίκον
3317 4969 3457 5030 ἐστὶ,

1874 5047 2051 5118 πόσην
2084 5046 2242 5117 φέρει
2262 5044 2363 5116 τὴν
2390 5045 2754 5119 εὐφροσύνην,
2787 5049 2847 5101 ἐν
2873 5049 3016 5121 πόσῃ
3043 5049 3332 5122 καθίστησι
3360 5049 3462 5120 χά-

1877 5146 1986 5202 ριτι
2014 5128 2114 5200 τὴν
2143 5127 2343 5200 ψυχὴν,
2365 5129 2396 5182 δ
2421 5128 2657 5200 μάλιστα
2688 5130 2858 5200 αὐτῆς
2881 5132 3031 5185 ἐστιν
3058 5132 3355 5203 ἐξαίρετον.
3379 5133 3464 5195 Τὰ,

1876 5213 1978 5285 μὲν
2011 5212 2123 5286 7&9
2161 5211 2299 5265 ἀλλα
2325 5212 2426 5283 τῆς
2457 5212 2663 5284 ἀρετῆς
2691 5213 2834 5285 μέρη
2881 5216 3310 5287 συνεζευγμένον
3347 5216 3467 5287 ἔχει,

1870 5297 1965 5351 τὸν
2004 5296 2188 5363 πόνον,
2218 5291 2332 5349 οἷον
2360 5295 2603 5366 νηστεία,
2644 5297 2988 5368 σωφροσύνη,
3029 5297 3329 5372 ἀγρυπνία,
3362 5301 3458 5370 βαι

1873 5381 2129 5448 σκανίαν,
2188 5379 2508 5449 ἐπιθυμίαν,
2560 5380 2893 5451 ὑπεροψίαν·
2937 5384 2972 5453 ἠ
3004 5382 3062 5438 δὲ
3091 5383 3281 5456 ἀγάπη
3320 5384 3465 5455 μετά

1870 5464 1965 5525 τοῦ
2011 5464 2239 5536 κέρδους
2281 5462 2482 5535 πολλὴν
2517 5463 2631 5534 ἔχει
2672 5466 2766 5519 καὶ
2798 5466 2898 5536 τὴν
2932 5466 3145 5539 ἡδονὴν,
3175 5468 3270 5522 καὶ
3294 5470 3464 5522 πόνον

1869 5550 2083 5606 οὐδένα·
2117 5549 2213 5604 καὶ
2239 5549 2491 5618 καθάπερ
2523 5549 2753 5613 μέλιττα
2783 5550 2984 5618 ἀγαθὴ,
3024 5552 3094 5605 τά
3124 5551 3458 5620 πανταχόθεν

1872 5636 2180 5705 συνάγουσα
2214 5631 2417 5702 άγαθά,
2446 5634 2528 5695 είς
2553 5634 2655 5704 τὴν
2676 5633 2770 5687 τοῦ
2795 5633 3077 5703 φιλοῦντος
3104 5634 3455 5688 κατατίθεται

1868 5719 2070 5788 ψυχήν.
2096 5717 2215 5771 Κᾶν
2239 5714 2464 5785 δουλεύῃ
2488 5731 2592 5780 τις,
2617 5714 2750 5785 ἡδίω
2767 5717 2865 5785 τῆς
2885 5713 3197 5785 ἐλευθερίας
3219 5714 3455 5783 ἀποφαίο

1871 5820 1951 5859 νει
1982 5803 2081 5869 τὴν
2105 5798 2367 5854 δουλείαν.
2401 5799 2458 5851 ’0
2486 5797 2593 5867 γὰρ
2614 5796 2783 5866 φιλῶν
2803 5798 2896 5865 οὐχ
2926 5794 3099 5859 οὕτως
3126 5799 3452 5856 ἐπιτάττων.
