3962 6422
500 279 608 335 275

1191 275 1249 331 S.
1291 274 1582 330 JOANNIS
1621 273 1761 326 Cllll
1775 270 2110 328 YSOSTOMI

2222 274 2487 331 ιιωιιειι.
2530 277 3082 342 CONSTANTINOP.

3637 304 3724 360 ΞΠ

494 399 574 462 ὡς
620 399 1050 468 ἐπιταττόμενος
1098 396 1300 468 χαίρει,
1351 394 1528 449 καίτοι
1570 410 1635 462 γε
1685 392 1745 447 τὸ
1783 391 2093 446 ἐπιτάττειν
2201 389 2455 463 ἐννόησον
2486 396 2632 462 τίνος
2669 394 2804 454 οὖσα
2834 405 2991 475 γυνὴ,
3033 404 3138 459 τίνι
3166 406 3343 478 βούλει
3374 414 3730 489 συμπλακῆναι⁹

498 489 624 561 ἡδύ·
648 490 789 545 ἀλλά
817 490 1169 562 μετατίθησιν
1197 486 1335 560 αῦτη
1366 487 1475 540 τῶν
1499 487 1841 558 πραγμάτων
1869 485 1970 556 τὴν
1994 481 2096 554 φύ-

502 595 614 646 σιν,
656 582 751 635 καὶ
791 581 969 636 πάντα
1017 581 1075 633 ἐν
1118 578 1305 649 χερσὶν
1359 577 1560 647 ἔχουσα
1613 575 1973 648 παραγίνεται
2026 572 2097 627 τά

504 670 714 739 ἀγαθά,
748 673 932 743 πάσης
980 671 1185 742 μητρὸς
1230 672 1536 743 ἠπιωτέρα,
1589 671 1772 738 πάσης
1828 666 2098 738 βασιλίδος

505 763 884 834 εὐπορωτέρα,
916 764 1010 816 καὶ
1040 762 1108 815 τά
1133 763 1365 816 ἐπίπονα
1397 762 1577 831 κοῦφα
1606 763 1751 815 ποιεῖ
1776 761 1870 814 καὶ
1900 762 2096 831 ῥᾷστα,

507 854 605 923 τὴν
641 854 741 923 μὲν
768 853 969 924 ἀρετήν
1008 850 1252 919 εὔκολον,
1284 853 1384 926 τὴν
1426 855 1483 908 δὲ
1519 854 1721 908 κακίαν
1762 852 2101 924 πικροτάτην

504 947 641 1016 ἡμῖν
682 946 1080 1015 ἀποφαίνουσα.
1120 947 1322 1001 Σκόπει
1357 948 1443 1002 δέ·
1476 949 1551 1002 Τὸ
1580 949 1828 1021 δαπανᾷν
1854 947 2102 1019 λυπηρὸν

505 1033 647 1093 εἰναι
673 1040 821 1093 δοκεῖ
846 1040 943 1094 καὶ⁸
968 1042 1114 1093 ποιεῖ
1142 1040 1277 1094 αὐτὸ
1303 1039 1445 1112 αῦτη
1471 1041 1592 1113 ἡδύ·
1621 1041 1685 1095 τὸ
1714 1041 2015 1113 λαμϐάνειν
2028 1038 2102 1094 τὰ

506 1130 709 1202 ἑτέρων
743 1131 863 1203 ήδὺ,
902 1134 999 1186 καὶ
1054 1133 1170 1191 οὐκ.
1198 1133 1427 1204 ἀφίησεν
1479 1134 1612 1188 αὐτὸ
1662 1134 1947 1204 φαίνεσθαι
1975 1134 2099 1205 ήδὺ,

505 1220 644 1274 άλλά
685 1221 910 1291 φεύγειν
942 1223 1018 1287 ὡς
1059 1224 1333 1296 μοχθηρὸν
1378 1227 1808 1295 παρασκευάζει.
1837 1225 2006 1281 Πάλιν
2044 1226 2103 1280 τὸ

508 1313 695 1379 κακῶς
722 1313 925 1384 λέγειν,
955 1315 1130 1386 γλυκὺ
1171 1319 1337 1371 πᾶσιν
1370 1314 1510 1372 εἶναι
1552 1318 1731 1373 δοκεῖ·
1767 1319 1909 1391 αῦτη
1948 1320 2105 1375 τοῦτο

511 1407 612 1478 μὲν
644 1409 844 1480 μικρὸν
869 1410 1184 1480 ἀποφαίνει,
1208 1410 1270 1464 τὸ
1293 1410 1351 1465 δὲ
1376 1410 1559 1476 καλῶς
1582 1412 1780 1482 λέγειν,
1808 1413 1927 1486 ἡδύ·
1951 1414 2104 1467 οὐδὲν

507 1501 620 1574 7&9
656 1501 854 1567 οὕτως,
908 1504 986 1566 ὡς
1036 1504 1131 1559 τὸν
1175 1503 1499 1575 φιλούμενον
1546 1506 1938 1577 ἐγκωμιάζειν,
1970 1508 2105 1577 ἡμῖν

508 1592 634 1663 ⁴ήδύ.
670 1593 841 1648 Πάλιν
884 1597 914 1649 6
945 1594 1116 1665 θυμὸς
1152 1596 1265 1666 ἔχει
1293 1596 1416 1651 τινά
1452 1598 1671 1671 ἡδονὴν,
1714 1598 1830 1653 ἀλλ’
1864 1598 2105 1655 ἐνταῦθα

507 1686 719 1752 οὐκέτι,
766 1686 904 1742 ἀλλά
934 1689 1112 1743 πάντα
1141 1689 1308 1743 αὐτοῦ
1355 1690 1427 1744 τά
1469 1691 1637 1764 νεῦρα
1675 1691 1965 1765 ἀνῄρηται·
2003 1691 2106 1746 κᾶν

511 1776 735 1852 λυπήσῃ
755 1779 848 1833 τὸν
871 1779 1131 1848 φιλοῦντα
1153 1781 1183 1833 6
1207 1780 1592 1853 ἀγαπώμενος,
1625 1784 1798 1856 θυμὸς
1831 1784 1930 1855 μὲν
1949 1782 2107 1837 οὐδα-

517 1870 622 1941 μοῦ
653 1870 926 1941 φαίνεται,
955 1870 1169 1942 δάκρυα
1200 1872 1257 1928 δὲ
1291 1875 1387 1929 καὶ
1428 1877 1830 1949 παρακλήσεις,
1871 1876 1967 1929 καὶ
1991 1879 2107 1931 ἱκε-

512 1961 721 2034 τηρίαι·
755 1964 1009 2019 τοσοῦτον
1046 1965 1243 2038 ἀπέχει
1271 1966 1367 2021 τοῦ
1400 1966 1827 2041 παροξυνθῆναι.
1865 1971 1987 2026 Κάν
2021 1971 2107 2046 ῖδῃ

513 2052 921 2125 ἁμαρτάνοντα,
956 2056 1146 2109 πενθεῖ
1172 2059 1265 2112 καὶ
1291 2058 1564 2112 όδυνᾶται·
1590 2060 1728 2114 ἀλλά
1757 2061 1852 2114 καὶ
1884 2063 1918 2133 ή
1943 2062 2107 2134 ὀδύνη

513 2144 654 2216 αὕτη
680 2145 878 2219 ἡδονὴν
911 2147 1089 2219 φέρει.
1121 2149 1234 2221 Τῆς
1265 2149 1375 2221 γάρ
1414 2152 1637 2223 ἀγάπης
1666 2155 1761 2207 καὶ
1796 2153 1867 2207 τά
1893 2156 2110 2228 δάκρυα

514 2238 611 2291 καὶ
655 2238 690 2309 ή
728 2238 873 2311 λύπη
927 2240 1163 2309 γέλωτος
1211 2243 1413 2307 παντὸς
1446 2244 1581 2315 ἡδίω
1627 2247 1721 2300 καὶ
1757 2250 1954 2320 χαρᾶς.
1995 2250 2110 2321 Οὐχ

513 2326 660 2382 οὕτω
708 2330 840 2400 γοῦν
878 2331 1252 2388 ἀναπαύονται
1307 2337 1357 2388 οί
1408 2336 1696 2404 γελῶντες,
1746 2338 1822 2402 ὡς
1863 2341 1913 2393 οί
1967 2339 2109 2413 ὑπὲρ

518 2418 690 2490 φίλων
734 2420 1050 2488 κλαίοντες·
1098 2422 1203 2478 κᾶν
1246 2425 1500 2494 ἀπιστῇς,
1553 2426 1778 2499 ἐπίσχες
1820 2428 2001 2483 αὐτῶν
2040 2428 2109 2484 τά

516 2514 751 2589 δάκρυα,
812 2516 905 2570 καὶ
974 2516 1052 2580 ὡς
1117 2516 1186 2571 τά
1253 2518 1531 2588 ἀνήκεστα
1604 2520 1899 2589 παθόντες,
1967 2524 2111 2579 οὕτω

517 2606 979 2679 δυσχεραίνουσιν.
1015 2606 1155 2660 Ἀλλ’
1192 2607 1390 2679 ἡδονὴν
1429 2608 1565 2679 ἔχει,
1599 2611 1784 2680 φησὶν,
1822 2611 2025 2668 ἄτοπον
2048 2612 2111 2667 τὸ

520 2695 719 2765 φιλεῖν.
767 2697 1007 2766 Ἄπαγε,
1041 2698 1132 2751 καὶ
1185 2697 1445 2769 εὐφήμει,
1498 2699 1788 2772 ἄνθρωπε·
1821 2702 1975 2757 οὐδὲν
1999 2702 2112 2776 7&9

518 2788 695 2854 οὕτως
750 2789 946 2862 ήδονῆς
994 2789 1293 2862 καθαρεύει
1336 2792 1612 2863 τοιαύτης.
1642 2793 1719 2857 ὠς
1747 2794 1937 2865 ἀγάπη
1973 2812 2112 2870 γνη-

524 2880 635 2937 σία.

596 3065 663 3130 ζ’.
682 3062 775 3137 Μὴ
805 3062 914 3133 γάρ
944 3078 1033 3133 μοι
1055 3063 1259 3134 ταύτην
1288 3063 1450 3137 εἴπῃς
1468 3064 1566 3136 τὴν
1597 3064 1821 3137 δημώδη
1855 3065 1951 3120 καὶ
1984 3067 2115 3136 άγο-

530 3158 704 3229 ραῖον,
739 3156 835 3210 καὶ
862 3154 1017 3209 νόσον
1052 3155 1251 3225 μᾶλλον
1284 3156 1316 3227 ἢ
1345 3156 1564 3228 ἀγάπην
1591 3153 1778 3224 οὖσαν,
1815 3156 1952 3213 ἀλλά
1984 3159 2116 3213 ταύ-

526 3266 629 3319 την
681 3248 750 3321 ἣν
799 3249 829 3302 6
881 3246 1094 3313 Παῦλος
1138 3248 1407 3320 ἐπιζητεῖ,
1446 3252 1546 3322 τὴν
1593 3251 1654 3306 τὸ
1697 3254 1979 3326 συμφέρον
2005 3255 2116 3308 τῶν

528 3341 916 3413 ἀγαπωμένων
939 3341 1274 3406 σκοποῦσαν,
1316 3342 1412 3396 καὶ
1432 3342 1554 3412 ὄψει
1573 3346 1656 3400 ὅτι
1682 3346 1939 3417 πατέρων
1968 3340 2115 3402 οὗτοι

531 3433 1025 3506 φιλοστοργότεροι.
1063 3436 1174 3490 Kal
1219 3438 1410 3510 ὥσπερ
1448 3438 1498 3492 οἰ
1533 3438 1794 3509 χρήματα
1832 3438 2117 3510 φιλοῦντες

529 3526 632 3580 οὐκ
669 3524 736 3580 ἀν
761 3526 967 3580 ’ἑλοιντο
989 3526 1299 3600 δαπανῆσαι
1330 3529 1613 3600 χρήματα,
1644 3530 1759 3584 ἀλλ’
1786 3531 1937 3603 ἥδιον
1965 3531 2033 3587 ἂν
2058 3533 2119 3587 ὲν

534 3618 868 3691 στενοχωρίᾳ
902 3619 1179 3688 γενέσθαι,
1218 3620 1251 3693 ἢ
1304 3624 1490 3676 ἐκεῖνα
1540 3622 1671 3676 ἰδεῖν
1721 3622 2113 3696 ὲλαττούμενα·

531 3709 677 3766 οὕτω
725 3713 822 3766 καὶ
860 3713 889 3767 ό
921 3714 1058 3785 πρός
1080 3730 1201 3767 τινα
1237 3713 1409 3784 ἡδέως
1434 3714 1595 3784 ἔχων.
1631 3715 1800 3787 μυρία
1843 3716 1910 3770 ἂν
1944 3716 2119 3772 ἕλοιτο

532 3800 748 3866 παθεῖν,
786 3803 820 3871 ἢ
859 3802 952 3858 τὸν
989 3802 1356 3876 ἀγαπώμενον
1403 3805 1919 3879 καταϐλαπτόμενον
1967 3810 2118 3870 ἰδεῖν.

534 3892 660 3959 Πῶς
683 3890 796 3960 οῦν,
821 3897 975 3967 φησὶ,
1002 3898 1093 3951 τὸν
1126 3898 1323 3968 Ἰωσὴφ
1355 3900 1388 3970 ή
1414 3901 1685 3969 Αἰγυπτία
1710 3902 1962 3970 φιλοῦσα,
1985 3906 2122 3961 καθ-

535 3986 757 4059 υϐρίσαι
807 3988 1108 4059 ήθέ).ησεν;
1140 3990 1261 4044 Ὀτι
1305 3991 1512 4063 ταύτην
1546 3994 1721 4063 ὲφίλει
1766 3995 1865 4066 τὴν
1896 3996 2121 4070 ἀγάπην

532 4078 633 4150 τὴν
665 4077 815 4153 [296]
846 4080 1175 4153 διαϐολικήν.
1223 4082 1281 4135 '0
1327 4083 1511 4152 μέντοι
1552 4085 1749 4158 Ἰωσὴφ
1798 4088 1860 4143 οὐ
1891 4089 2119 4161 ταύτην,

536 4170 650 4226 ἀλλ’
672 4172 740 4242 ἥν
770 4174 799 4226 ό
831 4172 1044 4236 Παῦλος
1068 4172 1240 4245 ζητεῖ.
1295 4174 1574 4244 Ἐννόησον
1604 4172 1698 4229 οῦν
1729 4178 1860 4249 ὅσης
1899 4178 2121 4249 ἀγάπης

536 4262 704 4318 αὐτοῦ
752 4261 822 4316 τά
868 4264 1091 4335 ῥήματα
1138 4260 1228 4337 ἦν,
1260 4266 1354 4319 καὶ
1400 4265 1470 4319 τά
1514 4267 1820 4339 πράγματα
1862 4269 1899 4324 ά
1938 4270 2121 4342 ἐκείνη

537 4356 710 4426 ἔλεγε·
737 4357 1085 4426 Καθύϐρισόν
1106 4376 1175 4429 με
1203 4359 1298 4413 καὶ
1322 4358 1548 4431 ποίησον
1579 4361 1882 4432 μοιχαλίδα,
1913 4363 2010 4417 καὶ
2033 4363 2124 4418 τὸν

538 4452 709 4525 ἄνδρα
743 4453 1020 4526 ἁδίκησον,
1066 4456 1165 4508 καὶ
1190 4454 1287 4525 τὴν
1320 4455 1496 4509 οἰκίαν
1537 4455 1840 4527 ἀνάτρεψον
1880 4458 2121 4524 ἅπασαν,

539 4546 636 4598 καὶ
693 4545 890 4599 σαυτὸν
940 4545 1041 4611 τῆς
1093 4546 1230 4617 πρὸς
1269 4547 1362 4599 τὸν
1387 4546 1519 4599 Θεὸν
1554 4545 1749 4600 ἔκϐαλε
1788 4548 2121 4619 παρρησίας·

541 4633 685 4706 άπερ
716 4635 779 4688 ού
812 4636 970 4707 μόνον
1001 4638 1234 4703 ἐκεῖνον,
1294 4635 1411 4689 ἀλλ’
1449 4637 1571 4690 οὐδὲ
1619 4636 1820 4707 ἑαυτὴν
1865 4637 2126 4711 φιλούσης

539 4721 630 4797 ἦν.
662 4722 830 4791 Οὗτος
859 4727 918 4782 δὲ
956 4728 1145 4799 ἐπειδὴ
1171 4729 1412 4801 γνησίως
1451 4730 1645 4797 ἐφίλει,
1674 4730 1879 4784 τούτων
1906 4732 2127 4786 πάντων

541 4818 747 4890 ἀπῆγε.
779 4820 890 4874 Καὶ
932 4819 1017 4873 ἵνα
1068 4820 1249 4892 μάθῃς
1293 4822 1377 4875 ὅτι
1416 4822 1586 4894 αὐτῆς
1634 4822 1879 4894 ἐκήδετο,
1914 4827 1979 4879 ὲκ
2026 4826 2128 4895 τῆς

542 4910 922 4982 παραινέσεως
953 4911 1086 4965 αὐτὸ
1116 4912 1426 4984 κατάμαθε.
1468 4914 1544 4969 υύ
1585 4915 1693 4986 γὰρ
1734 4913 1995 4971 ἀπώσατο
2032 4917 2130 4989 p.6-

542 5020 634 5058 vov
664 5003 855 5075 αὐτὴν,
885 5004 1023 5058 ἀλλὰ
1054 5005 1151 5060 καὶ
1177 5006 1499 5078 παραίνεσιν
1534 5007 1800 5079 εἰσήγαγε
1833 5010 2013 5065 πᾶσαν
2040 5010 2132 5065 δυ-

543 5095 785 5169 ναμένην
820 5097 1012 5152 σϐέσαι
1055 5098 1254 5172 πυράν.
1302 5102 1374 5154 Εὶ
1404 5099 1516 5169 γὰρ
1561 5102 1593 5153 ό
1618 5101 1821 5168 κύριός
1841 5120 1984 5172 μου,
2020 5121 2130 5176 φη-

546 5189 654 5250 σὶν,
688 5190 761 5244 οὐ
804 5189 1087 5258 γινώσκει
1131 5191 1208 5245 δι’
1253 5191 1360 5261 ἐμὲ
1399 5178 1583 5246 οὐδὲν
1623 5192 1743 5246 τῶν
1778 5193 1851 5247 ἐν
1880 5193 1959 5261 τῷ
1986 5195 2132 5262 οῖιιφ

545 5276 755 5334 αὐτοῦ.
790 5278 1007 5346 Εὐθέως
1040 5283 1211 5355 αὐτὴν
1236 5283 1511 5351 ἀνέμνησε
1540 5283 1633 5336 τοῦ
1671 5285 1881 5355 ἀνδρὸς.
1922 5288 2010 5341 ἴνα
2040 5288 2130 5341 ὲν-

545 5370 743 5444 τρέψῃ,
774 5373 886 5427 Kal
918 5375 1020 5428 οὐκ
1043 5371 1217 5437 εἶπεν,
1266 5375 1325 5428 '0
1347 5375 1489 5445 ἀνήρ
1517 5392 1632 5436 σου,
1671 5376 1785 5429 ἀλλ’
1818 5377 1881 5431 '0
1925 5378 2132 5448 κύριός

544 5479 683 5533 μου,
719 5462 749 5517 ὃ
779 5464 983 5536 μᾶλλον
1014 5465 1197 5520 ἰκανὸν
1235 5461 1305 5537 ἦν
1335 5465 1506 5535 αὐτὴν
1541 5471 1852 5538 κατασχεῖν,
1879 5472 1974 5525 καὶ
2009 5472 2131 5523 πεῖ-

550 5570 642 5607 σαι
669 5554 923 5627 ἐννοῆσαι
959 5555 1043 5620 τίς
1073 5551 1210 5609 οῦσα
1248 5556 1395 5619 τίνος
1421 5558 1541 5628 ἐρᾷ,
1568 5559 1650 5610 ὃτι
1687 5558 1944 5614 δέσποινα
1971 5556 2129 5625 οὖσα.

548 5643 757 5701 δούλου.
806 5647 870 5700 Εί
900 5645 1012 5718 γὰρ
1053 5648 1260 5710 ἐκεῖνος
1297 5646 1509 5717 κύριος,
1564 5648 1661 5700 καὶ
1698 5648 1764 5702 σ’ῑ)
1808 5650 1992 5720 κυρία.
2040 5652 2134 5705 Δί-

554 5735 812 5811 σχύνθητι
865 5738 1044 5795 τοίνυν
1094 5738 1194 5811 τὴν
1242 5738 1379 5810 πρὸς
1419 5738 1509 5793 τὸν
1537 5739 1721 5794 δοῦλον
1756 5741 1992 5813 ὁμιλίαν,
2040 5744 2134 5801 καὶ

2208 484 2304 540 καί¹
2344 488 2475 559 περὶ
2501 490 2623 544 τίνα
2651 492 2946 564 ἀχάριστος
2981 498 3108 573 γίνῃ
3153 501 3244 555 καὶ
3273 504 3545 575 ἀγνώμων.
3566 484 3648 564 καῖ

2207 578 2318 673 έγὼ
2368 580 2590 638 πλείονα
2634 585 2787 658 αὐτῷ
2830 589 3090 661 ἀπονέμω
3128 591 3357 650 εὔνοιαν.
3388 598 3493 651 Kal
3522 601 3617 673 δρα
3644 606 3739 669 πῶς

2207 668 2425 761 ἐπαίρει
2462 673 2644 761 ,αὐτοῦ
2698 676 2798 740 τὰς
2846 680 3188 750 εὐεργεσίας.
3237 686 3448 757 Ἐπειδὴ
3488 668 3589 761 γὰρ
3615 668 3739 748 οὐδὲν

2206 757 2315 811 τῶν
2348 759 2567 832 ὑψηλῶν
2594 764 2845 835 ἐννοῆσαι
2875 767 3105 838 ἠδύνατο
3131 774 3164 843 ή
3192 772 3460 846 βάρϐαρος
3480 757 3646 852 ἐκείνη
3670 786 3742 837 καὶ

2210 849 2530 916 ἀκόλαστος,
2564 854 2673 908 ἀπὸ
2702 856 2810 910 τῶν
2843 858 3200 930 ἀνθρωπίνων
3229 865 3394 937 αὐτὴν
3419 849 3649 941 ἐντρέπει
3674 872 3745 927 λέ-

2208 955 2342 1008 γων·
2383 944 2466 997 Οὐ
2498 944 2778 1014 γινώσκει
2811 948 2885 1001 δι’
2914 950 3021 1020 ἐμὲ
3047 952 3248 1007 οὐδέν·
3285 958 3577 1022 τουτέστιν,
3608 963 3746 1035 Elep-

2210 1035 2363 1101 γετεῖ
2398 1051 2465 1105 με
2496 1038 2730 1107 μεγάλα,
2761 1043 2853 1094 καὶ
2890 1044 2952 1097 οὐ
2981 1043 3217 1117 δύναμαι
3266 1048 3358 1102 τὸν
3387 1054 3674 1123 προστάτην
3701 1057 3746 1108 ἐν

2209 1128 2323 1192 τοῖς
2355 1128 2567 1200 κυρίοις
2593 1131 2815 1202 πλῆξαι.
2849 1135 2980 1207 Ἐμὲ
3003 1135 3254 1209 δεύτερον
3278 1142 3498 1212 ἐποίησε
3523 1144 3747 1218 δεσπότην

2210 1220 2309 1289 τῆς
2353 1221 2560 1289 οἰκίας,
2613 1224 2731 1291 καὶ,
2765 1225 2978 1294 Οὐδεὶς
3024 1230 3401 1299 ὐπεξῄρηταί
3437 1251 3583 1303 μου,
3614 1236 3748 1304 ,πλὴν

2212 1310 2349 1366 σοῦ.
2390 1310 2656 1369 Ἐνταῦθα
2692 1316 2908 1390 ἐπαίρει
2953 1321 3123 1392 αὐτῆς
3152 1322 3214 1375 τὸ
3247 1323 3520 1395 φρόνημα,
3562 1326 3639 1379 ἵνα
3668 1328 3749 1382 κᾶν

2212 1399 2384 1467 οὕτως
2418 1406 2775 1478 αἰσχυνθῆναι
2806 1411 3225 1485 παρασκευάσῃ,
3251 1414 3345 1466 καὶ
3369 1414 3513 1486 δείξῃ
3546 1417 3749 1486 μεγάλην

2212 1488 2376 1548 οὖσαν
2410 1495 2511 1568 τὴν
2556 1500 2744 1570 τιμήν.
2769 1500 2883 1555 Kal
2903 1503 3025 1557 οὐδὲ
3056 1504 3218 1574 μέχρι
3259 1504 3447 1559 τούτου
3477 1506 3616 1579 ἔστη.
3646 1510 3754 1562 ἀλλὰ

2213 1586 2308 1640 καὶ
2337 1586 2618 1658 ἐπήγαγεν
2647 1590 2821 1663 ὄνομα
2850 1595 3033 1649 ἰκανὸν
3054 1596 3224 1667 αὐτὴν
3258 1601 3569 1667 κατασχεῖν,
3590 1599 3750 1667 λέγων·

2212 1676 2317 1731 Διὰ
2350 1678 2419 1731 τό
2455 1694 2531 1733 σε
2564 1682 2822 1750 γυναῖκα
2856 1684 3043 1740 αὑτοῦ
3072 1682 3246 1754 εἶναι,
3277 1686 3376 1741 καὶ
3409 1686 3532 1755 πῶς
3559 1689 3755 1759 ποιήσω

2212 1766 2281 1821 τὸ
2311 1767 2477 1838 ῥῆμα
2509 1770 2577 1825 τὸ
2608 1776 2879 1843 πονηρὸν
2916 1777 3124 1839 τοῦτοί
3172 1778 3335 1833 Ἀλλά
3379 1779 3432 1833 τί
3472 1780 3665 1848 λέγειςς
3691 1783 3755 1834 ὅτι

2213 1859 2275 1913 οὐ
2309 1859 2575 1932 πάρεστιν
2602 1865 2630 1917 ὁ
2658 1864 2818 1938 ἀνὴρ,
2852 1867 2973 1922 οὐδὲ
2999 1863 3140 1922 οἶδεν
3162 1870 3245 1923 ὅτι
3265 1870 3564 1938 ἀδικεῖταις
3598 1871 3757 1926 ‘All‘b

2213 1950 2347 2017 Θεὸς
2379 1954 2662 2025 ἐπόψεται.
2701 1957 2841 2011 Ἀλλ’
2874 1958 2975 2013 οὐκ
3021 1958 3314 2033 ἐκέρδανεν
3364 1961 3512 2016 οὐδὲν
3558 1961 3655 2018 ἀπὸ
3682 1963 3758 2033 τῆς

2218 2042 2528 2116 συμϐουλῆς
2560 2046 2767 2117 ἐκείνη,
2804 2047 2920 2103 ἀλλ’
2955 2049 3314 2105 ἐπεσπάσατο
3341 2052 3522 2106 αὐτόν.
3553 2053 3654 2123 Τὴν
3675 2052 3762 2123 γὰρ

2214 2134 2422 2189 οἰκείαν
2449 2135 2646 2206 μανίαν
2667 2137 2952 2211 πληρῶσαι
2988 2139 3314 2212 βουλομένη,
3349 2143 3412 2197 ού
3452 2142 3664 2211 φιλοῦσα
3688 2143 3764 2197 τὸν

2227 2226 2450 2300 Ἰωσὴφ,
2483 2229 2657 2285 ταῦτα
2685 2231 2943 2303 ἔπραττε·
2971 2234 3064 2288 καὶ
3086 2234 3243 2306 δῆλον
3283 2235 3345 2301 ἐξ
3365 2230 3440 2291 ὧν
3469 2237 3600 2308 μετὰ
3622 2236 3765 2291 ταῦτα

2218 2321 2464 2393 ἐποίησε.
2497 2322 2607 2376 Καὶ
2636 2323 2746 2397 γάρ
2772 2325 3122 2398 δικαστήριον
3168 2326 3410 2395 καθίζει,
3435 2331 3526 2383 καὶ
3561 2347 3763 2399 κατηγο-

2218 2412 2343 2485 ρίαν
2366 2414 2599 2483 εἰσάγει,
2633 2417 2728 2470 καὶ
2754 2418 2823 2471 τὰ
2853 2417 3025 2490 ψευδῆ
3068 2424 3498 2492 καταμαρτυρεῖ,
3533 2421 3616 2474 καὶ
3651 2419 3765 2473 ἐκδίο

2216 2501 2348 2556 δωσι
2383 2501 2558 2575 θηρίῳ
2583 2505 2675 2559 τὸν
2706 2507 2860 2561 οὐδὲν
2893 2508 3213 2580 ἠδικηκότα,
3243 2512 3344 2567 καὶ
3392 2512 3472 2576 εἰς
3524 2511 3766 2582 δεσμωτή·

2222 2612 2336 2667 ριον
2364 2595 2644 2666 ἐμϐάλλει·
2680 2600 2882 2669 μᾶλλον
2906 2602 2983 2669 δὲ,
3011 2604 3072 2657 τό
3100 2620 3163 2673 γε
3183 2604 3358 2677 αὐτῆς
3385 2604 3568 2678 μέρος,
3592 2604 3676 2658 καὶ
3695 2604 3767 2657 ἅν-

2218 2688 2381 2743 εῖλεν·
2416 2688 2561 2745 οὕτω
2599 2691 2693 2745 τὸν
2739 2692 3003 2766 δικαστὴν
3033 2696 3373 2752 καθώπλισε.
3419 2698 3484 2751 Τί
3523 2693 3643 2764 οῦν;
3682 2691 3770 2767 ἆρα

2219 2784 2315 2839 καὶ
2341 2782 2535 2857 Ἰωσὴφ
2567 2786 2844 2855 τοιοῦτος;
2878 2789 3200 2844 ’τούναντίον
3233 2792 3335 2863 μὲν
3364 2787 3457 2847 οὖν
3484 2790 3642 2847 ἅπαν·
3668 2788 3767 2845 οὔτε

2219 2876 2329 2949 7&9
2357 2880 2630 2944 ἀντεῖπεν,
2656 2879 2780 2934 οὔτε
2814 2883 3160 2955 κατηγόρησε
3192 2884 3296 2955 τῆς
3320 2885 3595 2954 γυναικός.
3639 2884 3769 2937 Ἠπι-

2223 2971 2394 3043 στήθη
2422 2971 2531 3043 γὰρ
2567 2971 2655 3037 ἂν,
2689 2973 2845 3045 φησί.
2881 2974 2993 3028 Καὶ
3031 2973 3139 3045 μὴν
3179 2976 3394 3047 σφόδρα
3427 2976 3669 3045 ἐφιλεῖτο,
3697 2973 3770 3028 κει

2220 3062 2379 3134 δῆλον
2404 3064 2505 3118 οὐκ
2525 3064 2633 3118 ἀπὸ
2659 3066 2759 3137 τῆς
2785 3066 2962 3138 ἀρχῆς
2994 3067 3175 3138 μόνον,
3198 3066 3339 3122 ἀλλά
3366 3067 3461 3121 καὶ
3484 3067 3586 3122 ἀπὸ
3602 3064 3687 3119 τοῦ
3703 3065 3771 3117 τέ-

2221 3155 2369 3221 λους.
2393 3157 2458 3212 Εἰ
2478 3157 2587 3231 γάρ
2619 3158 2695 3231 μὴ
2728 3160 2936 3232 σφόδρα
2959 3160 3123 3215 αὐτὸν
3152 3159 3435 3233 βάρϐαρος
3466 3161 3659 3221 ἐκεῖνος
3677 3155 3773 3226 ἐφί-

2221 3250 2326 3317 λει,
2354 3252 2460 3307 κᾶν
2502 3253 2793 3308 ἀπέκτεινε
2827 3253 3064 3323 σιγῶντα
3108 3254 3202 3307 καὶ
3241 3252 3402 3307 οὐδὲν
3443 3251 3770 3321 ἀντιλέγοντα.

2222 3342 2335 3396 Kal
2377 3343 2487 3415 7&9
2525 3343 2823 3413 Αἰγύπτιος
2866 3339 2952 3417 ἦν,
2987 3346 3082 3399 καὶ
3118 3345 3328 3416 ἄρχων,
3368 3344 3462 3398 καὶ
3490 3343 3611 3416 περί
3643 3340 3774 3410 εὐνὴν

2224 3434 2575 3507 ἠδικημένος.
2606 3435 2759 3509 [297]
2779 3436 2856 3501 ώς
2878 3436 3117 3507 ἐνόμιζε,
3151 3434 3248 3491 καὶ
3275 3435 3435 3509 παρά
3462 3435 3680 3499 οἰκέτου,
3699 3432 3774 3484 καὶ

2224 3528 2437 3583 οἰκέτου
2466 3527 2695 3585 τοιαῦτα
2718 3529 3195 3603 εὐεργετηθέντος.
3224 3529 3370 3585 Ἀλλ’
3398 3530 3610 3601 ἐνίκησε
3633 3524 3775 3580 ταῦτα

2226 3622 2408 3676 πάντα
2444 3623 2475 3675 6
2519 3621 2684 3685 πόθος
2727 3622 2822 3676 καί⁵
2857 3623 2890 3693 ἡ
2929 3622 3109 3693 χάρις,
3141 3624 3208 3694 ἢν
3238 3624 3267 3677 6
3298 3621 3437 3688 Θεὸς
3477 3619 3634 3677 αὐτοῦ
3672 3634 3776 3672 κατ-

2228 3715 2371 3787 έχεε.
2405 3716 2563 3770 Μετὰ
2600 3715 2658 3771 δὲ
2688 3715 2789 3786 τῆς
2821 3715 3045 3788 χάριτος
3084 3717 3181 3770 καὶ
3215 3715 3320 3786 τῆς
3348 3717 3567 3788 ἀγάπης
3606 3711 3775 3779 ταύτης

2228 3808 2325 3863 καὶ
2385 3809 2664 3880 τεκμήρια
2714 3804 2859 3879 εἶχεν
2914 3809 2976 3862 οὐ
3024 3807 3219 3880 μικρά,
3264 3810 3319 3861 εἰ
3364 3801 3775 3874 δικαιολογεῖσθαι

2229 3898 2654 3966 ἑϐούλετο,αύτά
2666 3901 2733 3954 τά
2752 3901 2962 3972 ἱμάτια.
2987 3901 3047 3953 Εἰ
3064 3899 3173 3972 γὰρ
3196 3899 3339 3972 αὐτὴ
3361 3895 3481 3972 ῆνή
3510 3895 3773 3970 βιασθεῖσα.

2226 3988 2319 4042 τὸν
2346 3988 2551 4061 χιτῶνα
2592 3989 2763 4061 αὐτῆς
2788 3988 3186 4062 περιερῤἧχθαι
3228 3988 3362 4054 ἔδει,
3402 3989 3501 4062 τὴν
3528 3987 3642 4059 δψιν
3668 4000 3773 4039 κατι

2229 4082 2594 4155 εσπαράχθαι,
2627 4081 2688 4135 οὐ
2721 4080 2790 4136 τά
2830 4080 3041 4135 ἐκείνου
3091 4081 3347 4152 κατέχειν
3400 4082 3604 4152 ἰμάτια.
3644 4073 3775 4131 Ἀλλ’

2230 4174 2483 4243 ἤκουσε,
2508 4173 2694 4246 φησὶν,
2724 4172 2813 4227 ὅτι
2847 4173 3068 4243 ὕψωσα
3104 4172 3221 4241 τὴν
3247 4173 3482 4244 φωνὴν,
3506 4173 3598 4227 καί
3626 4180 3775 4223 κατο-

2229 4264 2428 4319 λιπὼν
2452 4265 2526 4319 τὰ
2559 4264 2760 4335 ἱμάτια
2780 4264 2989 4323 αὑτοῦ.
3016 4263 3277 4333 ἀπῆλθε.
3321 4265 3480 4329 Τίνος
3510 4258 3598 4318 οὖν
3624 4262 3776 4314 ἕνεκεν

2232 4358 2327 4413 καὶ
2363 4358 2679 4424 ἀπέδυσας;
2710 4357 2763 4411 τί
2807 4356 2916 4429 γάρ
2958 4356 3205 4429 παθούσῃ
3237 4356 3359 4426 βίαν
3400 4354 3669 4426 ἀγαπητὸν
3689 4346 3774 4450 ἶ

2232 4450 2307 4505 Τὸ
2335 4449 2716 4520 ἀπαλλαγῆναι
2738 4447 2833 4503 τοῦ
2856 4448 3221 4520 ἐνοχλοῦντος.
3259 4448 3404 4518 Ἐγὼ
3427 4449 3485 4504 δὲ
3511 4449 3608 4502 οὐκ
3628 4447 3777 4500 ὲντεῠο

2233 4542 2328 4599 θεν
2352 4544 2533 4615 μόνον,
2568 4542 2706 4598 ἀλλὰ
2733 4543 2831 4597 καὶ
2858 4545 2924 4596 ὲκ
2960 4541 3072 4597 τῶν
3101 4541 3240 4613 μετὰ
3262 4540 3437 4596 ταῦτα
3463 4541 3626 4608 δεῖξαι
3648 4533 3775 4602 δυνή-

2236 4652 2399 4706 σομαι
2454 4634 2622 4689 αὐτοῦ
2665 4633 2765 4706 τὴν
2796 4632 3009 4688 εὔνοιαν
3046 4636 3142 4688 καὶ
3167 4632 3266 4705 τὴν
3295 4633 3538 4704 ἀγάπην.
3571 4630 3670 4686 Kal
3693 4624 3774 4694 γὰρ

2234 4727 2324 4781 ὅτε
2359 4727 2439 4790 εἰς
2474 4726 2722 4798 ἀνάγκην
2754 4725 2981 4780 ἐνέπεσε
3013 4724 3107 4778 τοῦ
3141 4724 3243 4796 τὴν
3292 4725 3474 4779 αἰτίαν
3516 4722 3680 4776 εἰπεῖν
3704 4711 3766 4768 τώ

2233 4818 2610 4891 δεσμωτηρίου
2660 4817 2756 4873 καὶ
2803 4817 2907 4885 τῆς
2942 4818 3061 4871 ἐκεῖ
3089 4816 3396 4887 διατριϐῆς,
3423 4815 3542 4871 οὐδὲ
3575 4813 3686 4867 τότε
3712 4805 3770 4869 ἐξ·

2236 4915 2359 4966 εἶπε
2383 4912 2444 4966 τὸ
2470 4912 2678 4984 δρᾶμα,
2706 4910 2843 4966 ἀλλά
2869 4910 2922 4964 τί
2953 4928 3119 4983 φησι;
3141 4910 3251 4964 Kal
3284 4910 3401 4980 ἐγὼ
3420 4910 3530 4964 οὐκ
3557 4903 3777 4969 ἐποίησα

2235 5006 2437 5071 οὐδὲν,
2478 5006 2641 5063 ἀλλὰ
2678 5005 2881 5074 κλοπῇ
2926 5004 3203 5073 alcier
3245 5003 3315 5057 ἐκ
3365 5001 3481 5073 γῆς
3518 4996 3775 5067 Ἐϐραίων

2236 5097 2334 5152 καὶ¹
2365 5095 2604 5169 οὐδαμοῦ
2637 5097 2910 5167 μέμνηται
2929 5098 3029 5167 τῆς
3054 5094 3379 5167 μοιχαλίδος,
3404 5094 3523 5149 οὐδὲ
3548 5083 3778 5146 καλλωπί-

2238 5185 2392 5252 ζεται
2420 5187 2515 5242 ἐπὶ
2546 5186 2626 5259 τῷ
2655 5187 2965 5260 πράγματι,
2998 5186 3027 5240 6
3054 5188 3162 5252 πᾶς
3199 5204 3283 5251 τις
3310 5181 3405 5240 οὖν
3434 5186 3500 5240 ἂν
3519 5182 3719 5243 ἔπαθεν,
3741 5175 3778 5227 εἱ

2237 5288 2331 5341 καὶ
2361 5285 2437 5358 μὴ
2471 5283 2785 5355 φιλοτιμίας
2817 5283 3026 5346 ἕνεκεν,
3051 5279 3167 5335 ἀλλ’
3191 5279 3331 5334 ὥστε
3372 5281 3447 5352 μὴ
3477 5278 3618 5343 δόξαι
3642 5284 3778 5336 πονη-

2239 5381 2341 5452 ρᾶς
2371 5379 2558 5433 ἕνεκεν
2579 5376 2761 5441 αἰτίας
2795 5376 2877 5439 είς
2900 5374 2962 5428 τὸ
2994 5374 3202 5445 οἴκημα
3224 5372 3589 5445 ἐμϐεϐλῆσθαι
3609 5365 3775 5421 ἐκεῖνα.

2238 5473 2302 5526 Et
2331 5472 2441 5543 7&9
2471 5470 2566 5524 καὶ
2595 5468 3000 5540 ἁμαρτάνοντες
3030 5467 3328 5538 ἄνθρωποι.
3367 5464 3488 5518 οὐδὲ
3513 5461 3672 5554 οὕτως
3694 5457 3779 5554 61::

2238 5564 2455 5636 έχονται
2483 5562 2578 5616 τοῦ
2613 5561 2789 5617 ταῦτα
2821 5559 3096 5630 ἐγκαλεῖν,
3128 5561 3304 5613 καίτοι
3334 5574 3397 5625 γε
3432 5553 3677 5626 αἰσχύνην
3700 5560 3778 5598 του

2239 5656 2567 5727 πράγματος
2594 5652 2875 5723 φέροντος,
2906 5650 3025 5715 πῶς
3051 5650 3153 5705 οὐκ
3185 5649 3331 5715 ἀξιον
3364 5646 3631 5716 θαυμάσαι
3654 5637 3776 5693 ἐκεῖ·

2241 5766 2349 5815 νον,
2377 5749 2458 5803 ὅτι
2485 5748 2578 5803 καὶ
2613 5745 2851 5819 καθαρὸς
2876 5744 2953 5801 ὢν
2977 5745 3076 5799 οὐκ
3109 5740 3229 5800 εἷπε
3262 5742 3349 5797 τὸν
3378 5742 3550 5813 ἔρωτα
3575 5736 3664 5805 τῆς
3694 5746 3776 5798 τυ·
