3962 6428
285 404 378 463 273
719 405 728 414 '
1251 397 1320 455 tN
1358 398 1574 455 EPIST.
1616 400 1636 455 ι
1701 400 1792 455 ΑΙ)
1828 387 1986 460 Con.
2028 402 2260 461 HontL.
2300 403 2518 461 xxxn.

284 536 397 578 vero
422 522 726 577 libertatem
756 532 784 572 a
811 518 973 583 curis,
1021 531 1083 572 ac
1110 531 1282 586 neque
1311 516 1614 570 divitiarum
1645 517 1848 572 sollici-

282 611 518 674 tudines,
570 625 741 679 neque
795 607 1123 679 paupertatis
1173 616 1371 661 metum
1432 608 1844 663 sustineremus.

276 702 472 772 Ecquid
496 702 621 757 dico
646 702 712 756 de
743 701 904 755 lucris
933 716 998 754 ex
1028 700 1112 753 illa
1139 699 1346 768 partis?
1379 699 1492 769 Ipsa
1539 713 1754 769 quoque
1795 700 1846 754 in

263 811 325 850 se
347 794 590 860 dilectio,
621 803 811 864 quanta
843 794 912 848 sit
935 793 1240 858 considera,
1268 800 1520 862 quantam
1551 791 1685 846 lerat
1708 791 1848 846 lucti-

261 889 409 953 tiam,
443 889 495 942 in
524 897 717 957 quanta
745 891 911 956 gratia
943 887 1235 941 constituat
1260 885 1490 940 animam
1518 903 1530 939 :
1561 885 1701 955 quod
1729 886 1848 955 qui-

258 981 378 1034 dem
415 979 468 1033 in
492 979 578 1033 illa
612 979 872 1034 eximium
897 987 999 1032 est.
1023 979 1158 1033 Alia:
1184 993 1415 1048 namque
1441 978 1651 1032 virtutis
1670 987 1848 1048 partes

250 1073 602 1142 conjunctum
633 1072 835 1127 habent
861 1071 1139 1136 laborem;
1167 1073 1313 1128 verbi
1344 1072 1534 1141 gratia,
1562 1071 1841 1141 jejunium,

253 1166 611 1234 temperantia
634 1207 647 1230 ,
695 1164 889 1235 vigilia:
913 1205 929 1230 ,
975 1165 1230 1219 invidiam
1255 1206 1269 1228 ,
1321 1164 1841 1234 concupiscentiam,

250 1266 625 1326 contemptum
648 1274 661 1310 τ
681 1259 876 1312 caritas
906 1266 1084 1312 autem
1107 1273 1230 1312 cum
1257 1257 1406 1312 lucro
1437 1258 1654 1312 multam
1686 1257 1847 1311 habet

247 1351 414 1405 etiam
446 1351 794 1420 voluptatem,
825 1360 879 1406 et
902 1350 1140 1406 laborem
1174 1351 1379 1405 nullum
1408 1367 1420 1403 :
1454 1359 1508 1405 et
1537 1350 1675 1404 sicut
1705 1348 1844 1404 bona

251 1444 389 1513 apis,
422 1443 662 1512 undique
709 1444 844 1498 bona
889 1444 1169 1513 colligens,
1200 1443 1289 1498 illa
1320 1441 1536 1512 deponit
1568 1441 1619 1496 in
1668 1439 1841 1494 anima

251 1535 371 1604 ejus
399 1535 489 1604 qui
520 1535 709 1604 diligit.
744 1535 967 1588 Etiamsi
997 1535 1116 1605 quis
1163 1536 1386 1598 serviat,
1442 1534 1688 1588 libertate
1717 1547 1840 1585 sua-

252 1625 458 1680 viorem
509 1626 728 1680 exhibet
755 1629 1094 1682 servitutem.
1149 1626 1248 1694 Qui
1281 1625 1424 1680 enim
1453 1633 1597 1678 amat
1623 1637 1730 1676 non
1771 1623 1840 1675 ita

250 1718 442 1786 gaudet
468 1732 588 1771 cum
620 1717 860 1786 imperat.
899 1728 956 1773 nt
984 1734 1104 1773 cum
1149 1718 1466 1786 imperatur,
1495 1713 1705 1770 etiamsi
1736 1713 1840 1768 im-

247 1825 441 1884 perure
467 1811 538 1868 sit
559 1811 854 1882 jucundum
878 1828 892 1874 ;
922 1811 1013 1866 sed
1047 1813 1160 1880 ipsa
1189 1825 1369 1865 rerum
1389 1818 1634 1864 naturam
1663 1817 1838 1862 trans-

247 1915 441 1966 mutat,
471 1905 792 1976 advenitquc
821 1904 873 1958 in
907 1918 1064 1956 manu
1088 1902 1226 1957 bona
1257 1901 1438 1955 omnia
1468 1899 1690 1963 habens,
1712 1915 1840 1970 qua-

245 1999 325 2051 vis
342 2007 514 2052 matre
529 1997 800 2064 blandior,
817 1995 1005 2067 quavis
1030 1995 1210 2065 regina
1239 1993 1553 2064 locupletior
1579 2010 1592 2047 :
1615 2008 1839 2063 quaeque

243 2089 514 2144 laboriosa
540 2098 686 2153 sunt,
722 2089 857 2143 levia
889 2097 941 2144 et
974 2087 1148 2141 facilia
1197 2085 1391 2144 reddit.
1422 2084 1673 2138 virtutem
1703 2083 1834 2139 faei-

239 2183 371 2244 lem,
428 2180 720 2251 nequitiam
768 2179 1172 2235 acerbissimam
1206 2177 1360 2231 nobis
1389 2177 1671 2232 exhibens.
1704 2177 1836 2231 Ani-

234 2272 520 2328 madverte
541 2283 719 2327 autem
753 2289 767 2325 :
802 2272 1115 2342 impendere
1145 2270 1352 2324 videtur
1381 2271 1660 2324 molestum
1691 2285 1830 2332 esse,

233 2363 425 2419 ethoc
472 2363 559 2418 illa
589 2363 744 2419 dulce
773 2363 989 2427 reddit;
1024 2363 1202 2418 aliena
1247 2362 1492 2432 accipere
1514 2361 1830 2431 jucundum,

229 2463 293 2509 et
321 2471 432 2509 non
461 2455 589 2510 sinit
615 2455 742 2508 illud
764 2454 1058 2524 jucundum
1089 2469 1373 2524 apparere,
1403 2453 1496 2509 sed
1527 2461 1583 2507 ttt
1611 2469 1830 2522 pravum

230 2545 423 2615 fugere
443 2546 656 2601 suadet.
681 2545 891 2601 Rursus
919 2545 1247 2600 maledicere
1290 2559 1452 2600 suave
1479 2545 1726 2600 omnibus
1754 2545 1833 2598 vi-

228 2637 397 2693 detur
422 2654 584 2704 esse;
619 2640 730 2708 ipsa
760 2649 937 2693 autem
968 2639 1097 2694 illud
1127 2653 1366 2692 amarum
1408 2653 1530 2693 esse
1573 2637 1828 2704 declarat,

224 2737 289 2782 et
314 2729 644 2785 benedicere
675 2731 832 2784 dulce
861 2749 874 2784 :
907 2730 1038 2784 nihil
1068 2730 1210 2784 enim
1241 2729 1395 2784 nobis
1438 2730 1509 2784 ita
1536 2744 1697 2783 suave
1725 2739 1827 2796 est,

226 2826 288 2872 ut
326 2819 553 2874 laudare
601 2837 722 2875 eum
769 2836 928 2890 quem
958 2835 1222 2875 amamus.
1255 2818 1464 2874 Rursus
1491 2820 1564 2873 ira
1595 2820 1825 2890 aliquam

225 2913 398 2969 habet
421 2913 786 2984 voluptatem;
810 2923 864 2968 at
893 2913 977 2969 hic
1004 2929 1358 2984 nequaquam,
1387 2911 1480 2967 sed
1504 2927 1689 2967 omnes
1711 2911 1827 2982 ejus

225 3006 384 3060 nervi
403 3005 604 3060 sublati
627 3015 753 3059 sunt
777 3023 788 3056 :
817 3007 1025 3060 etiamsi
1058 3007 1104 3061 is
1130 3007 1219 3076 qtti
1245 3005 1482 3075 diligitur
1501 3005 1738 3076 diligenti
1769 3021 1829 3061 sc

225 3097 539 3151 molestiam
562 3097 778 3161 crearit,
801 3098 875 3152 ira
903 3113 1164 3168 nusquam
1187 3107 1426 3169 apparet,
1442 3097 1535 3152 sed
1555 3099 1824 3169 lacrymaa,

223 3188 644 3244 adhortationes
665 3199 718 3244 et
745 3191 1162 3258 supplicationes
1197 3210 1210 3245 :
1245 3200 1447 3246 tantum
1477 3192 1628 3247 abest
1658 3201 1715 3247 nt
1735 3208 1829 3247 ex-

225 3291 538 3351 asperetur.
587 3283 804 3337 Etiamsi
827 3283 1006 3337 videat
1042 3293 1347 3352 peccantem
1368 3325 1383 3350 ,
1413 3285 1554 3354 luget
1582 3295 1636 3338 et
1659 3284 1823 3351 dolet;

225 3375 324 3429 sed
351 3375 515 3430 dolor
544 3375 630 3430 ille
653 3376 978 3445 voluptatem
1008 3377 1179 3430 alfert.
1206 3377 1454 3431 Caritatis
1479 3377 1622 3431 enim
1656 3377 1830 3447 lacry~

224 3480 331 3519 mae
363 3475 421 3520 et
441 3466 600 3520 dolor
627 3467 738 3521 risu
761 3476 888 3522 sunt
911 3468 1056 3521 omni
1081 3480 1133 3522 et
1161 3468 1356 3539 gaudio
1382 3471 1683 3526 suaviores.
1707 3469 1824 3524 Non

223 3558 369 3614 adeo
391 3559 554 3629 igitur
575 3561 859 3630 quiescunt
895 3561 927 3617 ii
950 3563 1042 3634 qui
1075 3563 1270 3630 rident,
1304 3572 1363 3618 ut
1395 3565 1428 3618 ii
1451 3565 1541 3634 qui
1567 3580 1663 3634 pro
1687 3565 1820 3618 ami-

225 3651 304 3705 cis
339 3652 561 3720 plorant
592 3670 605 3708 :
635 3662 688 3710 et
708 3653 752 3710 si
784 3655 833 3709 id
861 3670 965 3709 non
1007 3655 1203 3722 credis,
1235 3657 1468 3725 reprime
1499 3657 1711 3711 illorum
1747 3657 1823 3710 la-

226 3758 471 3816 crymas,
505 3755 559 3800 et
585 3761 649 3800 ac
688 3747 730 3801 si
760 3735 1072 3816 gravissima
1107 3757 1433 3816 paterentur,
1465 3747 1535 3800 ita
1556 3761 1699 3816 :rgre
1744 3747 1822 3801 fe-

226 3847 378 3891 runt.
406 3839 476 3891 At
496 3852 697 3904 amare,
731 3837 962 3908 inquies,
984 3838 1270 3892 absurdam
1293 3837 1454 3892 habet
1475 3837 1821 3906 voluptatem.

228 3928 409 3994 Absit,
435 3929 573 3984 bona
605 3929 784 3993 verba,
817 3945 850 3984 o
871 3928 1032 3984 homo
1060 3948 1072 3983 :
1106 3929 1234 3984 nihil
1259 3929 1400 3984 enim
1425 3929 1493 3982 ita
1524 3943 1714 4000 purum
1741 3938 1824 3984 est

228 4027 288 4073 ut
324 4019 524 4074 caritas
544 4021 795 4091 genuina.

303 4110 362 4167 7.
403 4109 484 4165 Ne
515 4111 644 4165 mihi
686 4112 828 4167 enim
858 4112 1005 4168 dicas
1031 4113 1174 4166 illam
1217 4111 1532 4182 popularem
1559 4119 1612 4166 et
1637 4110 1819 4165 foren-

227 4220 367 4270 sem,
408 4205 612 4276 quiest
654 4206 829 4274 p0tius
855 4207 1092 4270 morbus,
1137 4222 1295 4277 quam
1328 4207 1522 4261 caritas
1551 4215 1604 4261 et
1648 4220 1819 4271 amor,

227 4297 322 4350 sed
357 4298 490 4350 hanc
518 4312 681 4367 quam
709 4297 901 4351 Paulus
929 4298 1138 4367 quaerit,
1191 4313 1310 4368 qua:
1336 4298 1477 4368 quod
1507 4298 1637 4351 utile
1682 4296 1819 4350 dile-

229 4388 332 4442 ctis
359 4397 442 4442 est
470 4399 697 4460 spectat,
730 4397 788 4445 et
815 4389 1024 4444 videbis
1056 4389 1177 4443 illos
1203 4405 1322 4445 esse
1369 4390 1609 4460 patribus
1632 4406 1819 4444 aman-

229 4481 418 4536 tiores.
443 4484 520 4536 Ac
548 4482 1000 4553 quemadmodum
1030 4483 1062 4536 ii
1087 4483 1180 4553 qui
1206 4485 1461 4552 pecunias
1490 4491 1691 4546 amant,
1722 4498 1818 4552 pc-

234 4573 415 4628 cuuias
441 4575 757 4644 impendere
779 4592 887 4630 non
921 4574 1214 4644 elegerint,
1245 4574 1341 4629 sed
1375 4575 1590 4628 suavius
1635 4583 1822 4644 putant

233 4663 283 4718 in
324 4666 567 4735 angustia
594 4681 734 4734 esse,
768 4683 930 4738 quam
971 4667 1090 4722 illas
1135 4668 1446 4721 imminutas
1473 4668 1656 4722 videre
1687 4683 1699 4720 :
1743 4669 1821 4723 sic

233 4765 286 4809 et
315 4756 402 4810 ille
427 4758 517 4825 qui
544 4773 668 4828 etga
689 4759 918 4829 aliquem
952 4758 1089 4814 bene
1126 4766 1180 4813 et
1203 4759 1439 4812 suaviter
1463 4759 1687 4813 allectus
1713 4767 1815 4826 est,

237 4846 510 4902 innumera
536 4850 640 4915 pati
660 4849 927 4916 maluerit,
948 4865 1106 4920 quam
1123 4849 1374 4903 dilectum
1399 4850 1579 4904 videre
1608 4851 1814 4906 ltesnm.

241 4937 512 5005 Quomodo
564 4941 743 5011 igitur,
804 4943 1034 5012 inquies,
1069 4943 1318 5013 Egyptia
1353 4943 1462 5008 illa,
1508 4959 1628 5013 quae
1669 4943 1820 4999 .lose-

235 5028 392 5096 phum
456 5032 700 5096 amabat,
756 5033 904 5086 illum
951 5031 1273 5086 contumelia
1335 5031 1556 5088 afﬁcere
1607 5033 1818 5089 voluit?

231 5119 359 5185 Quia
394 5120 546 5174 illum
573 5123 786 5178 amabat
814 5122 1104 5178 dilectione
1133 5121 1417 5178 diabolica.
1463 5123 1660 5194 Joseph
1691 5141 1818 5180 vero

231 5223 336 5263 non
363 5209 503 5266 hanc
547 5211 750 5276 habuit,
786 5213 878 5266 sed
908 5228 1024 5266 eam
1057 5228 1216 5284 quam
1251 5213 1446 5269 Paulus
1472 5215 1815 5272 dilectionem

231 5302 524 5369 qumrebat.
562 5302 744 5374 Cogita
795 5305 957 5374 igitur
996 5315 1207 5374 quanta:
1235 5307 1473 5362 caritatis
1505 5309 1620 5377 ejus
1653 5309 1817 5365 verba

230 5401 431 5455 essent,
459 5403 512 5446 et
535 5409 666 5464 quas
691 5409 776 5448 res
800 5396 886 5448 illa
910 5395 1118 5450 dicebat
1142 5414 1156 5450 :
1185 5396 1265 5450 Me
1289 5399 1617 5455 contumelia
1658 5399 1818 5456 aflice

231 5489 285 5535 et
301 5481 597 5537 adulteram
621 5483 819 5539 redde:
849 5485 1096 5553 injttriam
1126 5489 1265 5542 infer
1285 5487 1488 5552 viro,et
1514 5497 1676 5543 totam
1691 5489 1820 5545 sub-

232 5581 380 5643 verte
405 5573 645 5640 domum,
681 5584 835 5643 teque
865 5577 1037 5644 ipsum
1067 5577 1238 5646 abjice
1261 5593 1290 5632 a
1321 5579 1509 5634 ﬁducia
1553 5596 1712 5650 quam
1761 5583 1816 5639 in

234 5665 398 5716 Deum
425 5663 591 5718 habes
623 5682 635 5717 :
669 5681 786 5734 quae
813 5665 974 5720 verba
1003 5667 1148 5722 illius
1169 5679 1341 5735 erant,
1373 5685 1492 5739 qua:
1521 5686 1618 5725 nec
1641 5671 1812 5740 illum,

226 5769 331 5809 nec
357 5755 588 5823 seipsam
628 5765 849 5810 amaret.
901 5756 998 5811 Hic
1045 5768 1260 5825 autem,
1307 5761 1557 5831 quoniam
1605 5763 1814 5818 sincere

228 5848 464 5913 amabat,
514 5848 627 5904 bzec
649 5849 826 5904 omnia
867 5848 1080 5920 abjecit.
1125 5854 1296 5924 Atque
1343 5865 1396 5909 ut
1427 5856 1634 5912 ediscas
1667 5859 1808 5930 quod

3446 415 3552 472 sm
3599 462 3610 491 τ

1958 517 2074 587 ejus
2101 534 2283 574 curam
2313 529 2546 590 gereret,
2579 536 2644 577 ex
2668 521 2785 593 ejus
2810 522 3186 580 adhortatione
3215 526 3268 583 id
3309 530 3547 599 percipe.

1957 609 2072 666 Non
2103 611 2262 666 modo
2301 613 2443 667 enim
2472 614 2614 668 illam
2663 616 2880 686 repulit,
2913 617 3008 672 sed
3034 626 3090 673 et
3118 617 3550 677 adhortationem

1957 701 2184 768 induxit,
2224 719 2344 774 qua:
2385 714 2592 774 poterat
2619 722 2832 763 omnem
2874 708 3143 763 ﬂammam
3165 712 3546 782 exstinguere:

1957 792 2019 848 Si
2043 793 2176 847 enim
2196 795 2434 849 dominus
2461 813 2620 863 meus,
2642 798 2833 868 inquit,
2855 809 3061 870 praptcr
3087 817 3166 854 me
3185 803 3313 855 nihil
3333 803 3466 856 norit
3493 804 3547 857 in

1955 883 2104 938 domo
2146 901 2238 938 sua
2286 885 2437 956 (Gen.
2483 887 2577 963 59,
2621 889 2699 960 8).
2749 891 2936 946 Statim
2987 891 3059 945 illi
3098 895 3270 948 virum
3299 910 3452 947 suum
3485 895 3548 949 in

1954 986 2190 1030 mentem
2221 979 2514 1042 revocavit,
2545 988 2603 1033 ut
2627 979 2762 1034 illam
2802 981 3004 1049 pudore
3031 982 3294 1038 afﬁceret.
3324 983 3436 1039 Nec
3460 985 3544 1038 di-

1953 1070 2050 1133 xit,
2088 1070 2181 1124 Vir
2213 1081 2353 1136 tuus,
2395 1071 2489 1127 sed
2520 1071 2769 1127 Dominus
2807 1091 2967 1141 meus,
2999 1076 3140 1145 quod
3171 1077 3338 1146 magis
3365 1088 3546 1146 posset

1955 1163 2098 1217 illam
2129 1165 2366 1220 retinere
2395 1174 2449 1220 et
2471 1167 2701 1221 suadere
2740 1167 2997 1237 cogitare,
3026 1183 3267 1238 quaenam
3299 1185 3420 1224 cum
3452 1185 3544 1224 es-

1951 1263 2053 1322 set,
2101 1271 2259 1325 quem
2301 1267 2528 1323 amaret,
2576 1273 2769 1328 nempe
2807 1258 3022 1312 domina
3067 1275 3302 1314 servum.
3335 1259 3466 1314 Nam
3496 1261 3545 1314 si

1951 1346 2041 1400 ille
2069 1357 2153 1401 est
2179 1347 2450 1416 dominus,
2485 1358 2534 1404 el
2571 1360 2624 1403 ttt
2657 1350 2892 1405 domina.
2931 1351 3132 1405 Pudeat
3158 1363 3207 1406 lc
3241 1353 3400 1421 igitur
3429 1353 3543 1406 col-

1949 1437 2111 1508 loquii
2143 1441 2263 1495 talis
2291 1457 2414 1496 cum
2443 1457 2622 1509 servo,
2675 1451 2729 1498 et
2747 1444 2920 1513 cogita
2949 1443 3101 1512 cujus
3126 1459 3246 1498 cum
3279 1444 3352 1498 sis
3380 1459 3539 1504 uxor,

1947 1544 2069 1584 cum
2098 1547 2204 1600 quo
2233 1533 2366 1587 velis
2394 1533 2561 1598 coire,
2586 1543 2641 1590 et
2669 1535 2720 1588 in
2747 1551 2904 1604 quem
2948 1534 3023 1590 sis
3055 1535 3282 1605 ingrata,
3313 1545 3365 1590 et
3391 1535 3538 1605 quod

1946 1636 2046 1690 ego
2086 1624 2342 1692 majorem
2374 1625 2665 1680 exhibeam
2712 1627 3168 1682 benevolentiam.
3204 1627 3335 1681 Vide
3356 1638 3541 1683 autem

1945 1714 2216 1781 quomodo
2247 1715 2362 1784 ejus
2391 1717 2612 1770 extollat
2637 1716 2920 1772 beneﬁcia.
2954 1717 3088 1784 Quia
3116 1721 3259 1772 enim
3289 1717 3419 1771 nihil
3446 1733 3538 1772 su-

1944 1804 2110 1860 blime
2155 1817 2362 1876 poterat
2406 1809 2633 1865 barbara
2676 1811 2764 1865 illa
2790 1819 2846 1866 et
2887 1812 3152 1881 impudica
3180 1813 3434 1883 cogitare,
3467 1815 3540 1868 ab

1945 1895 2193 1952 humanis
2221 1900 2367 1954 illam
2399 1900 2602 1970 pudore
2623 1901 2900 1967 suffundit,
2931 1902 3118 1957 dicens
3147 1919 3163 1958 :
3199 1901 3423 1973 Propter
3452 1921 3532 1958 me

1944 1990 2074 2043 nihil
2099 1993 2357 2062 cognoscit
2383 2010 2400 2058 ;
2427 1993 2476 2048 id
2507 2003 2613 2057 est,
2643 1994 2829 2064 Magna
2860 1995 2990 2048 mihi
3016 1995 3270 2050 beneﬁcia
3301 1995 3536 2062 confert,

1943 2096 2040 2136 nec
2066 2097 2284 2152 possunt
2319 2094 2600 2152 patronum
2621 2086 2672 2139 in
2701 2085 2864 2140 rebus
2893 2087 3178 2156 praecipuis
3206 2087 3420 2142 laedere.
3451 2087 3535 2142 Me

1941 2173 2234 2227 secundum
2264 2174 2539 2230 dominum
2583 2175 2708 2231 fecit
2731 2177 2927 2231 domus
2947 2192 3083 2244 Stnr,
3113 2187 3165 2231 ct
3197 2175 3392 2232 Nullus
3419 2180 3533 2234 exi-

1940 2265 2114 2327 mitur,
2146 2266 2244 2320 nisi
2272 2276 2345 2319 tu.
2377 2266 2472 2322 llic
2493 2267 2608 2336 ejus
2634 2282 2850 2322 sensum
2879 2277 2934 2323 et
2956 2267 3194 2322 animum
3216 2269 3448 2334 extollit,
3475 2278 3534 2323 ttt

1938 2355 2015 2410 sic
2060 2355 2205 2410 illam
2244 2357 2309 2410 ad
2350 2357 2608 2426 pudorem
2646 2358 2882 2424 inducat,
2914 2368 2968 2413 et
2997 2359 3253 2414 ostendat
3279 2375 3529 2430 magnum

1938 2463 2058 2503 esse
2089 2447 2369 2503 honorem.
2404 2449 2586 2519 Neque
2611 2449 2697 2504 hic
2725 2450 2982 2514 substitit,
3007 2449 3101 2505 sed
3130 2450 3291 2504 etiam
3322 2450 3533 2504 induxit

1937 2555 2134 2593 nomen
2179 2539 2320 2609 quod
2362 2551 2546 2610 posset
2592 2541 2736 2594 illam
2767 2543 3002 2596 retinere
3034 2541 3221 2596 dicens
3251 2559 3264 2594 :
3295 2540 3374 2596 Eo
3395 2543 3531 2612 quod

1937 2640 1990 2684 tu
2015 2631 2084 2684 sis
2102 2647 2234 2684 uxor
2251 2632 2396 2700 ejus;
2422 2641 2468 2685 et
2489 2632 2742 2702 quomodo
2759 2633 2947 2704 faciam
2967 2632 3168 2687 verbum
3192 2633 3286 2687 hoc
3298 2635 3485 2688 malum
3504 2635 3530 2690 2

1935 2722 2042 2778 Sed
2065 2724 2192 2792 quid
2215 2725 2393 2778 dicis?
2418 2725 2533 2778 Non
2573 2725 2728 2780 adest
2775 2726 2877 2791 vir,
2910 2742 3084 2795 neque
3110 2729 3216 2782 scit
3244 2742 3304 2782 se
3335 2728 3526 2796 injuria

1935 2817 2072 2869 afﬁci
2096 2817 2119 2868 ?
2144 2816 2248 2870 Sed
2281 2819 2417 2872 Deus
2448 2819 2690 2888 aspiciet.
2722 2821 2792 2873 At
2817 2819 2951 2874 nihil
2972 2835 3040 2875 ex
3064 2820 3152 2874 tali
3181 2821 3405 2876 consilio
3436 2822 3526 2876 illa

1937 2909 2136 2964 lucrata
2160 2921 2262 2973 est,
2278 2911 2372 2965 sed
2397 2912 2545 2968 illum
2568 2913 2807 2966 attraxit.
2835 2913 3094 2968 Furorem
3118 2928 3347 2984 namque
3369 2929 3529 2969 suum

1934 3001 2209 3071 complere
2237 3004 2446 3066 volens,
2481 3019 2588 3058 non
2619 3020 2806 3060 amans
2832 3004 3125 3076 Josepbum
3157 3008 3272 3062 lure
3299 3005 3443 3070 fecit,
3468 3016 3528 3062 ut

1935 3095 2106 3162 palam
2132 3105 2290 3150 estex
2320 3097 2385 3150 iis
2401 3113 2520 3166 qu:e
2545 3107 2724 3166 postea
2748 3098 3068 3169 designavit.
3094 3099 3358 3154 Iudicium
3378 3099 3527 3155 enim

1933 3187 2232 3253 constituit,
2263 3198 2316 3242 ct
2343 3190 2740 3244 accusationem
2771 3189 2954 3258 infert,
2983 3202 3144 3262 atque
3173 3191 3305 3247 falsa
3337 3192 3525 3248 testiﬁ.

1933 3286 2107 3343 catur,
2153 3293 2218 3332 ac
2257 3277 2384 3334 ferte
2426 3280 2587 3334 tradit
2637 3298 2780 3344 eum,
2827 3283 2919 3352 qui
2959 3297 3017 3338 se
3045 3283 3176 3337 nihil
3207 3284 3440 3348 laeserat,
3469 3284 3521 3338 in

1932 3385 2312 3438 carcercntque
2358 3371 2616 3441 conjicit;
2665 3373 2771 3427 imo
2821 3375 3020 3444 potius,
3074 3385 3334 3445 quantum
3381 3376 3432 3429 in
3463 3390 3523 3430 se

1932 3471 2067 3525 erat,
2103 3463 2301 3518 occidit
2336 3483 2348 3516 :
2386 3464 2453 3517 ita
2487 3480 2679 3534 nempe
2702 3465 2938 3533 judicent
2963 3468 3213 3520 armavit.
3263 3467 3400 3534 Quid
3426 3466 3524 3537 igi-

1933 3556 2059 3608 tur?
2086 3564 2272 3609 eratne
2308 3555 2508 3625 Joseph
2555 3558 2717 3611 etiam
2767 3558 2926 3611 talis?
2956 3558 3068 3612 lmo
3092 3568 3277 3613 contra
3303 3575 3317 3620 ;
3349 3573 3523 3628 neque

1929 3647 2074 3701 enim
2105 3648 2452 3712 contradixit,
2485 3665 2659 3718 neque
2691 3651 2969 3705 mulierem
2997 3653 3288 3706 accusavit.
3319 3653 3408 3711 At,
3435 3653 3520 3704 in-

1931 3740 2105 3808 quies,
2136 3757 2242 3794 non
2275 3740 2538 3795 creditum
2578 3741 2649 3795 illi
2683 3740 2895 3798 fuisset.
2925 3743 3086 3813 Atqui
3117 3743 3272 3797 valde
3298 3744 3520 3798 amaba-

1932 3841 2040 3898 tur,
2071 3843 2128 3887 ut
2149 3833 2322 3902 palam
2365 3844 2470 3900 εει,
2505 3849 2609 3889 non
2635 3851 2698 3889 ex
2724 3835 2986 3904 principio
3013 3837 3206 3901 solum,
3238 3837 3331 3891 sed
3357 3837 3519 3894 etiam

1930 3941 1995 3982 ex
2028 3926 2152 3981 ﬁne.
2187 3926 2297 3981 Nisi
2325 3929 2467 3982 enim
2499 3928 2644 3982 illum
2684 3928 2942 3983 barbarus
2990 3930 3082 3984 ille
3117 3931 3340 3984 multum
3379 3929 3519 3984 dile-

1929 4019 2115 4083 xisset,
2143 4021 2302 4075 etiam
2328 4020 2612 4075 occidisset
2639 4022 2886 4076 silentem
2913 4031 2966 4075 ct
2993 4022 3123 4076 nihil
3145 4021 3520 4076 contradicen-

1933 4118 2060 4165 tem.
2082 4112 2290 4165 Etenim
2307 4111 2596 4182 Egyptius
2615 4122 2728 4167 erat
2745 4123 2798 4166 et
2819 4114 3088 4184 princeps,
3108 4124 3157 4168 et
3185 4115 3235 4166 in
3251 4111 3521 4182 conjugali

1931 4203 2069 4257 lecto
2092 4203 2312 4258 aﬁ‘ectus
2331 4204 2546 4272 injuria,
2569 4214 2625 4258 ut
2644 4187 2882 4273 putabat;
2902 4214 2954 4260 et
2972 4221 3000 4258 a
3025 4205 3244 4270 famulo,
3266 4220 3293 4257 a
3314 4203 3522 4260 famulo

1930 4293 2170 4363 inquam,
2203 4295 2293 4364 qui
2328 4304 2404 4348 tot
2435 4295 2691 4350 beneﬁcia
2725 4307 3026 4365 acceperat.
3061 4295 3163 4351 Sed
3196 4296 3310 4349 haec
3338 4294 3518 4349 omnia

1927 4387 2054 4440 vicit
2095 4387 2313 4442 dilectio
2355 4397 2408 4442 et
2451 4389 2638 4455 gratia,
2684 4403 2844 4458 quam
2877 4388 3017 4444 lleus
3046 4389 3096 4441 in
3127 4389 3276 4441 illum
3306 4386 3517 4440 infudit.

1927 4478 2060 4532 Cum
2084 4479 2250 4549 gratia
2273 4489 2450 4534 autem
2473 4492 2527 4534 et
2547 4480 2832 4535 dilectione
2856 4481 2954 4535 bac
2983 4479 3172 4534 indicia
3198 4479 3381 4532 habuit
3408 4493 3514 4533 non

1929 4585 2110 4640 parva,
2141 4573 2183 4626 si
2209 4572 2330 4640 jure
2359 4573 2686 4628 contendere
2717 4573 2992 4636 voluisset,
3023 4573 3133 4642 ipsa
3166 4571 3512 4627 vestimenta.

1928 4663 1984 4718 Si
2013 4665 2152 4718 enim
2187 4665 2271 4718 illa
2300 4665 2404 4718 vim
2437 4680 2591 4728 passa
2623 4667 2830 4724 luisset.
2860 4666 3140 4734 oportebat
3167 4675 3377 4732 ruptam
3401 4664 3518 4734 ejus

1928 4757 2095 4812 fuisse
2142 4759 2400 4824 tunicam,
2433 4758 2725 4813 laceratum
2773 4758 3000 4824 vultum,
3044 4772 3151 4812 non
3191 4758 3329 4811 illius
3357 4758 3522 4810 vesti-

1929 4863 2106 4902 menta
2143 4858 2345 4903 tenere.
2374 4849 2482 4904 Sed
2507 4851 2718 4906 audivit.
2753 4849 2944 4919 inquit,
2973 4849 3110 4918 quod
3134 4865 3299 4901 uocem
3328 4847 3515 4914 extuli,

1927 4950 1976 4994 et
2007 4939 2195 4994 relictis
2235 4941 2449 4995 vestibus
2486 4940 2607 4994 abiit
2642 4939 2790 5012 (Gen.
2825 4941 2920 5007 59,
2964 4940 3078 5010 15).
3107 4938 3215 4994 Cur
3239 4955 3369 5009 ergo
3393 4954 3515 4993 cum

1928 5033 2118 5088 exuisti
2142 5034 2164 5087 ?
2191 5035 2318 5103 quid
2359 5034 2465 5088 vim
2501 5033 2726 5103 patienti
2770 5032 3061 5102 optandum
3105 5031 3259 5087 erat?
3287 5031 3353 5086 Ut
3383 5031 3512 5085 libe-

1927 5132 2139 5180 raretur
2165 5125 2233 5178 ab
2261 5139 2326 5178 eo
2358 5125 2444 5193 qui
2475 5125 2574 5178 sibi
2603 5125 2908 5178 violentiam
2942 5123 3185 5180 inferret.
3220 5123 3334 5193 Ego
3385 5138 3514 5182 vero

1928 5231 2033 5271 non
2056 5215 2180 5270 hinc
2207 5224 2434 5278 tantum,
2465 5215 2558 5270 sed
2583 5216 2742 5270 etiam
2771 5231 2837 5269 ex
2861 5215 3206 5285 sequentibus
3228 5213 3517 5269 ostendere

1928 5307 2129 5376 possim
2172 5307 2289 5376 ejus
2331 5306 2754 5363 benevolentiam
2783 5317 2838 5362 et
2863 5322 3123 5363 amorem.
3157 5308 3364 5362 Etenim
3391 5321 3514 5361 eum

1926 5398 1980 5452 in
2009 5399 2385 5453 necessitatem
2415 5398 2622 5461 incidit,
2653 5407 2711 5452 ut
2733 5413 2951 5453 causam
2977 5398 3184 5454 diceret
3203 5399 3439 5454 carceris
3458 5407 3512 5450 et

1927 5490 2192 5544 diuturnae
2236 5493 2288 5544 in
2339 5491 2432 5544 illo
2481 5505 2684 5555 morae;
2731 5505 2903 5561 neque
2944 5500 3069 5544 tunc
3096 5491 3278 5544 drama
3310 5487 3436 5543 illud
3463 5493 3518 5540 et

1928 5599 2040 5640 rem
2071 5593 2275 5654 gestam
2303 5583 2514 5654 aperuit
2541 5600 2556 5649 ;
2605 5583 2698 5638 sed
2727 5583 2853 5655 quid
2881 5585 2950 5638 ait
2974 5583 2998 5638 ἳ
3021 5582 3089 5637 Et
3123 5598 3212 5654 ego
3239 5581 3368 5636 nihil
3396 5579 3514 5650 feci,

1921 5675 2012 5731 sed
2039 5676 2182 5750 [ulla
2210 5673 2438 5728 sublatus
2468 5689 2576 5726 sum
2604 5689 2669 5726 ex
2694 5683 2827 5726 terra
2873 5671 3203 5726 Hebrwornm
3235 5670 3388 5742 (Gen.
3421 5668 3520 5724 40.

1923 5767 2032 5842 15).
2065 5769 2132 5823 Et
2162 5781 2424 5835 nuSquam
2446 5776 2707 5820 memorat
2730 5765 3060 5829 adulteram;
3086 5779 3260 5834 neque
3279 5762 3347 5817 de
3371 5776 3431 5816 ea
3454 5777 3516 5816 ro

1921 5861 2208 5930 gloriatur,
2253 5856 2396 5928 quod
2435 5856 2688 5926 quislibet
2731 5856 2866 5909 alius
2908 5853 3142 5923 fecisset,
3170 5853 3380 5908 etiamsi
3412 5867 3515 5906 non
