3962 6446
515 408 621 464 275

519 521 709 592 gloriae
729 535 909 586 causa,
937 519 1032 575 sed
1059 535 1126 576 ne
1156 519 1428 574 videretur
1468 516 1604 573 mala
1631 516 1700 572 de
1727 532 1889 571 cau=a
1912 517 1968 571 in
1997 515 2104 572 tale

517 618 796 686 conlectus
841 612 1008 671 fuisse
1045 612 1397 668 domicilium.
1433 611 1489 666 Si
1517 610 1660 681 enim
1692 618 1974 680 peccantes
1999 610 2100 666 ho-

521 707 700 762 mines
725 720 897 776 neque
923 706 1003 760 sic
1031 705 1301 761 abstinent
1327 718 1357 758 a
1393 702 1480 757 tali
1510 704 1869 767 accusatione,
1893 701 2102 759 etiamsi

517 816 608 856 res
647 799 881 855 dedecus
911 798 1137 855 afferat:
1181 797 1454 869 quomodo
1497 812 1604 854 non
1634 796 1828 869 dignus
1865 797 2100 853 admira-

513 890 662 948 tione
702 891 794 947 ille
839 900 943 958 est,
996 892 1141 963 quod
1189 907 1311 946 cum
1354 901 1503 947 esset-
1550 905 1735 961 purus,
1776 906 1881 945 non
1910 890 2104 945 dixerit

517 996 757 1036 amorem
812 982 1071 1047 mulieris,
1110 998 1285 1052 neque
1324 992 1600 1054 peccatum
1630 983 1976 1054 evulgaverit,
2006 996 2105 1038 ne—

512 1089 618 1143 que
644 1073 805 1129 etiam
848 1074 1065 1145 quando
1111 1076 1163 1131 in
1207 1076 1400 1131 solium
1428 1074 1672 1131 ascendit
1699 1085 1752 1130 et
1782 1073 1998 1147 Egypti
2024 1084 2107 1130 to-

513 1163 619 1218 tius
664 1180 760 1219 rex
801 1164 974 1221 factus
1014 1176 1118 1233 est,
1152 1168 1360 1237 injuriae
1385 1167 1488 1223 sibi
1515 1182 1546 1223 a
1575 1166 1800 1222 muliere
1829 1166 1988 1221 illata:
2013 1181 2104 1221 re-

510 1253 767 1310 cordatus
789 1255 879 1321 sit,
910 1270 1087 1328 neque
1112 1258 1181 1313 ab
1211 1259 1301 1313 illa
1336 1272 1523 1328 ptenas
1543 1257 1867 1329 cxpetierit?

581 1344 636 1397 8.
678 1344 924 1403 Vidistin‘
952 1350 1223 1419 quomodo
1248 1350 1360 1420 ipse
1381 1351 1497 1419 ejus
1521 1364 1703 1405 curam
1728 1347 1980 1414 habebat;
2016 1346 2106 1402 illa

509 1452 639 1492 vero
666 1454 771 1494 non
790 1441 1027 1510 amabat,
1058 1443 1151 1498 sed
1176 1443 1412 1499 furebat?
1438 1443 1620 1515 Neque
1639 1443 1780 1499 enim
1808 1443 2102 1512 Josephum

511 1527 791 1599 diligebat,
814 1533 908 1587 sed
943 1533 1157 1589 volebat
1187 1533 1463 1591 libidinem
1483 1535 1702 1606 explere
1726 1552 1740 1591 :
1760 1549 1884 1589 nam
1912 1534 1957 1589 si
1983 1534 2103 1604 quis

511 1618 624 1688 ipsa
647 1622 810 1675 verba
837 1632 1085 1680 accurate
1106 1626 1513 1691 examinaverit,
1536 1642 1596 1681 ea
1623 1626 1859 1681 furorem
1881 1625 2103 1681 omina

508 1712 717 1779 spirant
739 1721 794 1767 et
827 1714 1051 1771 aedem.
1092 1717 1228 1784 Quid
1257 1720 1400 1774 enim
1446 1720 1563 1775 ait?
1593 1719 1853 1775 lnduxisti
1892 1735 2103 1790 puerum

510 1800 783 1859 Hebraeum
806 1845 820 1870 ,
852 1815 907 1860 ut
935 1808 1078 1862 nobis
1105 1810 1341 1866 illuderet
1372 1809 1542 1883 (Gen.
1574 1810 1800 1882 39,17)
1836 1828 1849 1866 :
1896 1810 2101 1866 benefi-

507 1894 651 1950 cium
680 1896 871 1953 marito
901 1900 1271 1968 exprobrans:
1315 1910 1371 1957 et
1396 1902 1713 1957 vestimenta
1738 1901 2098 1969 ostendebat,

510 1988 656 2041 omni
706 1986 818 2042 fera
874 1991 1089 2046 saevior.
1151 1991 1258 2048 Sed
1300 2008 1406 2047 non
1457 1994 1527 2049 ita
1575 1993 1686 2049 ille.
1728 1992 1931 2064 Ecquid
1980 1993 2101 2050 dico

508 2079 626 2150 ejus
650 2095 773 2151 erga
805 2080 976 2154 ipsam
1008 2083 1459 2153 benevolentiam,
1488 2087 1702 2158 quando
1730 2102 1855 2159 erga
1884 2086 2099 2152 fratres,

515 2170 604 2241 qui
632 2172 803 2241 ipsum
837 2188 975 2242 pene
1003 2176 1312 2233 occiderant
1335 2220 1349 2244 ,
1380 2179 1501 2234 talis
1529 2188 1643 2235 erat
1665 2219 1680 2243 ,
1727 2188 1782 2233 ct
1807 2193 2098 2250 numquam

511 2260 579 2316 de
618 2263 749 2334 ipsis
778 2266 864 2319 vel
891 2265 1036 2321 intus
1076 2267 1160 2323 vel
1203 2268 1329 2323 foris
1373 2270 1574 2340 aliquid
1613 2285 1777 2341 grave
1807 2271 1889 2325 vel
1935 2270 2105 2325 mole-

505 2360 646 2406 stum
674 2354 853 2410 dixit?
883 2354 1009 2412 Ideo
1035 2357 1230 2414 Paulus
1255 2359 1532 2415 caritatem
1560 2361 1694 2416 dixit
1717 2376 1838 2417 esse
1873 2369 2098 2416 matrem

505 2446 744 2500 omnium
792 2448 1057 2504 bonorum
1081 2492 1095 2516 ,
1138 2466 1365 2523 eamque
1404 2452 1639 2523 prtel‘ert‘
1663 2454 1831 2524 signis
1872 2451 2101 2523 aliisque

503 2535 938 2594 charismatibus.
999 2541 1462 2608 Quemadmodum
1510 2544 1655 2601 enim
1717 2545 1762 2599 si
1818 2554 1996 2600 vestes
2044 2552 2105 2601 et

503 2627 666 2683 calcei
695 2619 1018 2700 aurei‘sint,
1065 2634 1174 2688 alio
1199 2635 1362 2690 etiam
1402 2636 1598 2692 indicio
1637 2651 1773 2707 opus
1800 2636 2057 2693 habemus
2078 2679 2096 2706 ,

505 2728 563 2774 ut
599 2736 883 2778 noscamus
910 2739 1089 2796 regem
1118 2742 1133 2793 ;
1174 2728 1219 2781 si
1252 2742 1382 2783 vero
1412 2744 1705 2798 purpuram
1744 2729 2019 2785 videamus
2044 2737 2099 2786 et

502 2810 787 2881 diadema,
822 2815 1026 2871 nullum
1070 2818 1217 2874 aliud
1257 2820 1406 2890 regni
1457 2822 1669 2892 signum
1714 2822 1898 2877 videre
1945 2838 2096 2894 qua:-

503 2903 718 2960 rimus:
767 2908 836 2961 ita
896 2908 981 2963 hic
1026 2925 1257 2981 quoque.
1311 2910 1445 2968 Cum
1497 2915 1738 2969 caritatis
1786 2925 1869 2970 est
1925 2915 2098 2985 impo-

502 2994 665 3049 situm
718 2997 996 3067 diadema,
1040 3000 1241 3057 sufﬁcit
1285 3012 1344 3058 ut
1395 3002 1590 3059 Christi
1646 3019 1832 3060 verum
1858 3005 2094 3077 discipuo

502 3085 613 3140 lum
667 3089 955 3157 OStendat,
994 3106 1098 3147 non
1155 3094 1311 3149 nobis
1364 3101 1570 3149 tantum
1597 3136 1612 3161 ,
1652 3095 1747 3150 sed
1774 3096 1935 3151 etiam
1970 3095 2098 3151 inﬁ-

506 3177 739 3235 delibus.
802 3179 871 3235 hi
922 3182 1019 3236 hoc
1084 3183 1261 3251 enim,
1317 3185 1530 3253 inquit,
1576 3195 1880 3258 cognoscent
1924 3198 2099 3242 omnes

503 3271 642 3342 quod
668 3271 910 3342 discipuli
939 3274 1033 3328 mei
1064 3276 1215 3342 estis,
1268 3276 1315 3329 si
1342 3275 1623 3331 dilexeritis
1647 3278 1864 3332 invicem
1893 3276 2092 3350 (Joan.

507 3361 611 3427 15,
655 3363 790 3434 55).
861 3364 1042 3434 Itaque
1092 3366 1192 3420 hoc
1236 3366 1444 3437 signum
1507 3368 1756 3424 omnibus
1802 3370 1972 3441 signis
2012 3378 2099 3428 est

506 3452 725 3522 majus,
785 3455 1048 3525 siquidem
1118 3457 1171 3512 in
1231 3458 1349 3529 ipso
1394 3462 1743 3532 cognoscitur
1775 3463 2092 3535 discipulus.

506 3541 732 3598 Etiamsi
772 3546 915 3600 enim
950 3547 1165 3617 quidam
1195 3548 1473 3605 innumera
1512 3552 1677 3607 edant
1704 3554 1851 3625 signa
1878 3596 1893 3622 ,
1938 3555 1984 3609 si
2010 3556 2095 3610 in-

503 3633 675 3690 vicem
701 3635 1014 3703 dissidcant,
1048 3639 1259 3695 ridiculi
1285 3640 1585 3698 inﬁdelibus
1606 3655 1762 3700 erunt
1795 3663 1809 3701 :
1835 3646 2095 3717 quemad-

506 3725 724 3781 modum
755 3727 798 3781 si
825 3728 1029 3783 nullum
1058 3730 1254 3785 faciant
1282 3732 1492 3803 signum
1517 3775 1533 3796 .
1564 3744 1619 3789 et
1642 3749 1765 3791 sese
1790 3737 1946 3793 valde
1970 3753 2092 3793 mu-

418 3810 419 3813 “
506 3825 599 3872 ιιιο
648 3820 924 3890 diligant,
974 3832 1029 3878 et
1076 3825 1363 3880 venerandi
1396 3836 1452 3882 et
1502 3827 1683 3883 invicti
1711 3829 1853 3899 apud
1902 3844 2092 3887 omnes

504 3910 815 3966 manebunt.
835 3912 966 3968 Nam
986 3924 1039 3970 et
1061 3915 1281 3971 Paulum
1302 3917 1424 3973 ideo
1442 3918 1718 3988 miramur,
1744 3936 1848 3976 non
1873 3934 2093 3994 propter

504 4008 748 4058 mortuos
776 4019 912 4075 quos
936 4007 1215 4062 suscitavit
1237 4049 1252 4071 ,
1282 4023 1388 4064 non
1418 4021 1640 4082 propter
1680 4012 1929 4082 leprosos
1953 4029 2090 4086 quos

504 4093 813 4162 mundavit,
845 4097 941 4153 sed
967 4097 1090 4168 quia
1119 4100 1334 4157 dicebat
1360 4143 1376 4168 ,
1409 4105 1533 4170 Quis
1563 4106 1875 4174 infirmatur,
1921 4118 1967 4161 et
1996 4124 2089 4179 ego

501 4200 604 4237 non
646 4188 927 4255 inﬁrntor?
971 4189 1084 4259 quis
1131 4193 1510 4248 scandalizartu‘
1534 4237 1550 4261 ,
1613 4205 1661 4251 et
1704 4213 1798 4266 ego
1826 4215 1926 4253 non
1965 4215 2089 4254 uror

499 4271 572 4343 (‘2.
594 4273 712 4329 Cor.
745 4278 833 4346 ll,
861 4276 932 4334 29
958 4279 1019 4350 )?
1056 4280 1278 4337 Etiamsi
1307 4285 1449 4338 enim
1496 4286 1657 4341 millia
1689 4289 1757 4341 ad
1788 4287 1905 4344 haec
1933 4290 2085 4359 signa

500 4365 802 4434 adjeceris,
855 4385 950 4437 par
1001 4371 1133 4426 nihil
1175 4374 1341 4431 dices.
1404 4376 1636 4434 Nam-et
1681 4380 1792 4449 ipse
1833 4382 2084 4448 dicebat,

502 4471 747 4528 magnam
791 4461 893 4516 sibi
944 4464 1248 4520 mercedem
1295 4469 1584 4537 repositam
1613 4484 1775 4539 esse,
1807 4486 1913 4526 non
1943 4473 2086 4543 quod

500 4548 653 4617 signa
684 4549 901 4608 fecisset
922 4595 937 4620 ,
970 4552 1066 4609 sed
1095 4557 1219 4625 quia
1249 4557 1473 4613 inﬁrmis
1504 4560 1673 4616 factus
1700 4572 1785 4616 est
1815 4562 2083 4619 inﬁrmus.

502 4641 750 4707 Quanam
776 4653 849 4698 est
876 4645 1019 4699 enim
1041 4685 1057 4711 ,
1088 4647 1293 4717 inquit,
1332 4666 1447 4705 mra
1489 4668 1678 4707 merces
1705 4654 1730 4706 ἒ)
1772 4652 1839 4708 Ut
1869 4669 2084 4725 evange-

499 4733 661 4789 lizaus
687 4735 797 4788 sine
821 4745 1029 4805 sumptu
1058 4752 1241 4806 ponant
1256 4739 1582 4812 Evangelia»:
1610 4743 1686 4816 (1.
1719 4744 1836 4798 (.‘or.
1869 4746 1924 4810 9,
1957 4743 2078 4817 l8).

502 4868 553 4881 _

1259 406 1316 462 S.
1353 403 1630 462 JOANNIS
1651 398 2122 461 CHRYSOSTOMI
2159 401 2475 460 ARCHIEP.
2514 405 3047 469 CONSTANTINOP.

3716 420 3812 480 276

2216 515 2284 572 Et
2311 532 2432 573 cum
2459 532 2517 575 se
2547 523 2803 591 apostolis
2827 528 3112 597 praeponit.
3143 542 3250 583 non
3275 529 3436 598 dicit,
3470 531 3631 588 Plura
3660 549 3809 605 quam

2213 608 2313 678 ipsi
2345 610 2445 665 feci
2477 613 2650 683 signa,
2698 616 2793 671 sed
2817 657 2834 683 ,
2870 615 2999 672 Plus
3028 620 3132 673 illis
3161 620 3394 676 laboraui
3425 623 3446 694 (
3478 625 3535 679 1.
3572 624 3695 680 Cor.
3725 628 3809 692 15,

2212 699 2283 754 10
2309 701 2349 770 ).
2390 699 2530 768 Quin
2558 704 2720 759 etiam
2748 705 2883 762 fame
2912 707 3034 762 ideo
3064 712 3201 765 mori
3232 711 3492 781 volebat,
3521 729 3625 783 pro
3649 715 3810 772 salute

2211 788 2601 861 discipulorum
2636 812 2650 847 :
2681 795 2882 852 Bonum
2912 809 2984 854 est
3014 801 3157 856 enim
3184 843 3199 867 ,
3231 803 3415 874 inquit
3445 846 3464 870 ,
3493 807 3629 860 mihi
3657 810 3809 879 niagis

2212 884 2364 948 mori,
2393 900 2544 954 quam
2564 896 2620 941 ut
2644 888 2998 958 gloriationem
3026 909 3186 947 meam
3212 896 3326 962 quis
3354 906 3574 949 evamt
3595 897 3675 965 (Ι.
3696 897 3799 953 Cor.

2211 973 2267 1045 9,
2299 974 2390 1046 15)
2415 993 2429 1041 ;
2459 994 2567 1032 non
2591 980 2731 1048 quod
2763 981 2877 1052 ipse
2903 984 3242 1053 gloriaretur,
3272 985 3374 1041 sed
3403 1001 3493 1041 'ne
3543 987 3807 1045 videretur

2210 1064 2340 1135 ipsis
2384 1069 2732 1139 exprobrare.
2777 1071 3051 1144 Nusquam
3095 1077 3240 1132 enim
3290 1078 3444 1134 solet
3494 1079 3715 1149 gloriari
3759 1082 3805 1139 in

2210 1154 2365 1212 bonis
2390 1160 2643 1229 operibus
2671 1164 2784 1219 suis
2811 1205 2825 1228 ,
2857 1164 2901 1219 si
2932 1174 3141 1235 tempus
3170 1168 3237 1222 ad
3266 1168 3318 1223 id
3351 1184 3470 1224 non
3504 1181 3694 1235 vocet;
3721 1176 3804 1229 scd

2212 1247 2416 1303 etiamsi
2443 1262 2660 1308 coactus
2687 1253 2795 1319 sit,
2832 1255 3170 1327 insipientem
3196 1273 3256 1315 se
3284 1272 3475 1316 vocat.

2283 1337 2481 1394 Paulus
2524 1343 2801 1412 aliquando
2839 1356 3043 1402 coactus
3077 1349 3356 1425 gloriatur.
3396 1380 3480 1393 --
3517 1352 3577 1408 Si
3604 1356 3802 1425 quando

2209 1440 2385 1485 autem
2427 1432 2722 1501 gloriatur,
2757 1434 2810 1490 in
2841 1420 3276 1508 infirmitatibus,
3326 1442 3385 1497 in
3419 1420 3764 1501 contumeliis
3785 1487 3799 1511 ,

2210 1520 2262 1574 in
2289 1535 2355 1575 eo
2384 1523 2525 1591 quod
2554 1524 2710 1580 valde
2748 1527 3071 1583 misereatur
3093 1545 3284 1586 eorum
3310 1534 3524 1603 quibus
3565 1535 3797 1592 molestia

2207 1623 2419 1668 creatur
2440 1655 2455 1679 ,
2499 1613 2552 1669 id
2579 1613 2743 1683 facit;
2792 1626 2849 1672 ut
2875 1618 3039 1675 etiam
3066 1619 3170 1676 boc
3206 1622 3330 1678 loco
3356 1622 3500 1679 dicit
3530 1643 3546 1680 :
3579 1625 3702 1692 Quis
3726 1628 3801 1681 in-

2208 1703 2459 1773 ﬁrmatur,
2488 1714 2537 1759 et
2560 1722 2655 1776 ego
2680 1723 2785 1763 non
2819 1709 3056 1779 inﬁrmor
3076 1711 3103 1766 7
3144 1712 3268 1768 llaec
3298 1714 3473 1769 verba
3507 1727 3636 1771 sunt
3664 1719 3793 1788 peri-

2207 1796 2342 1852 culis
2388 1797 2518 1867 ipsis
2557 1799 2760 1869 majora
2804 1819 2820 1856 :
2866 1801 3095 1874 ideoque
3137 1805 3226 1859 illa
3271 1806 3587 1876 posteriora
3617 1809 3790 1877 ponit,

2208 1902 2514 1944 sermonem
2548 1891 2901 1962 ampliﬁcans.
2947 1894 3191 1963 Quanam
3230 1887 3368 1968 ergo
3407 1912 3472 1953 re
3519 1913 3621 1954 nos
3663 1900 3793 1971 digni

2207 1977 2480 2046 fuerimus,
2514 1980 2561 2035 si
2587 1996 2710 2036 cum
2740 1983 2835 2038 illo
2862 1998 3266 2056 comparemur,
3299 1989 3399 2060 qui
3434 2004 3616 2060 neque
3645 2006 3793 2061 pecu-

2209 2071 2326 2126 nias
2354 2071 2677 2141 despicimus
2703 2083 2922 2146 propter
2952 2086 3051 2133 nos
3083 2079 3229 2147 ipsos
3252 2121 3270 2148 ,
3316 2095 3511 2151 neque
3536 2081 3787 2151 superﬂua

2208 2177 2274 2219 ex
2321 2164 2663 2220 facultatibus
2711 2178 2996 2237 erogamus
3020 2170 3162 2245 ἳκΑι
3190 2186 3296 2227 non
3327 2173 3428 2229 ille
3456 2175 3539 2228 sic
3562 2210 3583 2239 ,
3626 2173 3711 2228 sed
3744 2182 3794 2228 et

2207 2256 2439 2311 animam
2468 2264 2524 2312 et
2550 2271 2747 2329 corpus
2772 2258 3055 2328 tradebat,
3087 2270 3146 2316 ut
3172 2265 3261 2332 qui
3296 2264 3456 2318 illum
3497 2265 3788 2335 lapidabant

2206 2355 2262 2403 et
2288 2348 2529 2419 colaphis
2558 2350 2837 2406 cadebant
2860 2392 2877 2418 ,
2921 2369 3147 2425 regnum
3177 2369 3675 2428 consequerentur.
3710 2358 3788 2414 Sic

2206 2439 2348 2494 enim
2377 2454 2463 2494 me
2485 2481 2501 2505 ,
2532 2441 2705 2510 inquit
2724 2481 2747 2508 ,
2771 2441 2956 2498 docuit
2978 2444 3225 2501 Christus
3260 2447 3504 2517 diligere
3524 2488 3543 2512 .
3582 2450 3669 2519 qui
3694 2464 3784 2505 uo-

2206 2544 2331 2583 vum
2373 2530 2679 2586 mandatum
2710 2533 2925 2603 reliquit
2952 2534 3020 2591 de
3047 2536 3378 2606 dilectione,
3432 2549 3492 2596 et
3517 2541 3656 2610 quod
3682 2541 3783 2609 ipse

2205 2620 2458 2690 operibus
2504 2622 2761 2695 implevit.
2821 2626 3032 2682 Etenim
3074 2643 3196 2684 cum
3248 2630 3369 2687 Rex
3426 2633 3782 2688 universorum

2204 2722 2380 2779 esset,
2431 2722 2488 2769 et
2536 2714 2707 2771 beatas
2736 2717 2880 2773 illius
2931 2728 3178 2787 naturae;
3227 2721 3486 2780 homines
3515 2765 3533 2792 ,
3577 2737 3780 2795 quosex

2206 2804 2374 2860 nihilo
2404 2806 2695 2876 produxit,
2732 2816 2787 2865 et
2811 2810 3007 2880 quibus
3035 2813 3197 2866 millia
3234 2816 3474 2871 contulit
3502 2814 3777 2878 beneﬁcia,

2204 2910 2267 2952 se
2294 2898 2617 2953 contumelia
2646 2899 2941 2955 allicientes
2960 2912 3015 2956 et
3045 2915 3368 2973 respnentes
3393 2922 3503 2961 non
3530 2914 3780 2960 aversatus

2203 2997 2309 3055 est,
2339 2989 2435 3045 sed
2460 2999 2515 3046 et
2541 2992 2896 3048 tremefactus
2921 3004 3002 3049 est
3034 3004 3255 3064 propter
3281 2997 3411 3052 illos
3429 3038 3447 3064 ,
3476 3011 3598 3052 cum
3626 3010 3779 3051 mere-

2204 3082 2427 3138 tricilms
2471 3090 2526 3137 et
2551 3084 2850 3153 publicanis
2878 3097 3232 3142 conversatus
3258 3098 3349 3144 est
3374 3130 3391 3155 ,
3437 3088 3776 3144 diemouiacos

2202 3176 2411 3228 curauit
2430 3215 2446 3238 ,
2477 3184 2529 3229 ct
2556 3174 2751 3230 caelum
2789 3178 3053 3247 promisit.
3103 3178 3232 3234 Post
3261 3178 3384 3236 hac
3411 3189 3592 3235 autem
3618 3176 3773 3232 omnia

2202 3266 2649 3337 comprehensum
2692 3269 2865 3339 ipsum
2907 3268 3151 3338 colaphis
3185 3270 3548 3339 ceciderunt,
3594 3270 3771 3338 ligave-

2203 3367 2328 3412 runt
2349 3398 2371 3423 ν
2396 3356 2731 3428 ﬂagellarunt
2756 3400 2772 3426 ,
2802 3359 3083 3415 irriserunt
3101 3402 3117 3429 ,
3146 3361 3369 3417 demum
3392 3364 3769 3418 cruciﬁxcrunt.

2202 3448 2307 3505 Sed
2335 3466 2403 3505 ue
2427 3452 2507 3505 sic
2534 3450 2748 3521 quidem
2777 3452 2896 3508 illos
2922 3464 3200 3509 aversatus
3228 3465 3314 3510 est
3342 3497 3359 3522 ,
3401 3458 3499 3511 sed
3523 3470 3643 3510 cum
3665 3467 3768 3507 sur-

2201 3554 2321 3596 sum
2350 3542 2576 3596 essetin
2601 3557 2762 3598 cruce
2782 3583 2797 3609 ,
2828 3543 3002 3607 dixit,
3036 3544 3217 3611 Pater,
3249 3546 3457 3601 dimitte
3480 3546 3587 3601 illis
3607 3558 3765 3614 pecca-

2200 3642 2307 3691 tum
2337 3634 2355 3704 (
2381 3632 2508 3690 Luc.
2554 3634 2649 3702 25,
2679 3635 2750 3690 54
2769 3634 2810 3705 ).
2842 3636 3129 3692 Latronem
3158 3654 3286 3695 vero
3312 3680 3328 3705 ,
3378 3640 3469 3711 qui
3499 3653 3617 3695 eum
3658 3642 3765 3689 ante

2199 3735 2579 3794 accusaverat,
2610 3729 2772 3784 etiam
2803 3730 2855 3783 in
2884 3730 3187 3799 paradisum
3216 3733 3516 3787 introduxit
3540 3772 3556 3797 ,
3583 3739 3634 3785 ct
3656 3742 3761 3799 per-

2197 3828 2545 3889 sequutorem
2568 3818 2791 3875 Paulum
2816 3821 3116 3890 apostolum
3145 3821 3291 3886 fecit;
3328 3823 3431 3879 sibi
3459 3831 3631 3878 autem
3656 3832 3759 3889 pro-

2199 3908 2348 3979 prios
2397 3920 2453 3965 et
2502 3908 2749 3967 addictos
2796 3910 3093 3982 discipulos
3144 3915 3213 3970 ad
3264 3925 3501 3971 mortem
3572 3909 3758 3968 tradidit

2198 4012 2417 4073 propter
2442 4001 2658 4059 Iudaeos
2678 4044 2693 4063 .
2717 4004 2808 4074 qui
2836 4005 3009 4075 ipsum
3037 4007 3437 4062 cruciiixerant.
3479 4007 3597 4060 llaec
3620 4002 3753 4072 igitur

2196 4090 2409 4162 omnia,
2432 4112 2553 4168 quin
2584 4097 2677 4152 Dei
2703 4106 2862 4164 sunt,
2895 4113 3014 4168 qua:
3045 4097 3346 4167 hominum,
3378 4098 3517 4169 apud
3545 4111 3635 4151 nus
3656 4091 3751 4147 col-

2196 4189 2431 4260 ligentes
2446 4230 2463 4253 ,
2490 4191 2604 4245 haec
2628 4191 2879 4260 praeclara
2900 4200 3046 4260 gesta
3069 4193 3410 4260 aemulesnur,
3432 4200 3489 4245 et
3506 4189 3747 4244 caritatem

2194 4280 2607 4336 charismatibus
2635 4282 2887 4336 omnibus
2921 4282 3257 4352 superiorem
3304 4283 3671 4353 acquiranms,
3703 4279 3749 4325 ιιι

2194 4382 2250 4427 ct
2276 4372 2561 4442 praesentia
2610 4383 2666 4425 ct
2711 4371 2887 4426 futura
2935 4371 3074 4428 bona
3121 4388 3477 4443 assequamur
3508 4388 3521 4424 :
3549 4376 3744 4439 quarunt

2196 4465 2398 4519 utinam
2431 4478 2529 4517 nos
2552 4463 2842 4533 participes
2869 4462 2982 4518 ﬁeri
3007 4464 3276 4534 contingat
3305 4506 3322 4530 ,
3352 4462 3523 4536 gratia
3547 4470 3597 4516 et
3621 4453 3743 4513 beni-

2192 4559 2395 4629 gnitate
2427 4557 2637 4611 Domini
2688 4558 2857 4611 nostri
2901 4556 3029 4613 Jesu
3072 4557 3272 4613 Christi
3299 4600 3315 4624 ,
3362 4559 3574 4629 quicum
3619 4543 3735 4606 Ρειΐί

2194 4666 2407 4721 unaque
2436 4649 2656 4720 Spiritui
2700 4658 2888 4704 sancto
2927 4650 3098 4720 gloria
3122 4690 3136 4715 ,
3186 4652 3471 4720 imperium
3495 4689 3509 4713 ,
3558 4646 3735 4701 honor.

2194 4760 2335 4799 nunc
2363 4752 2416 4799 et
2446 4758 2680 4813 semper,
2712 4750 2767 4798 et
2794 4742 2847 4795 in
2876 4742 3071 4797 smcula
3099 4744 3440 4798 saeculorum.
3485 4741 3661 4795 Amen.

3374 4859 3732 4890 ..ῆι-...μ

1799 4951 2141 5014 HOMlLIA
2172 4950 2481 5013 XXXIII.

497 5091 631 5146 Car.
662 5092 755 5160 15,
782 5108 832 5144 v.
878 5093 934 5149 4.
967 5091 1173 5150 Caritas
1214 5098 1412 5167 patiens
1442 5105 1546 5161 est,
1591 5096 1805 5169 benigna
1833 5107 1909 5154 est
1935 5114 1954 5153 :
1984 5115 2087 5154 non

642 5186 942 5254 writulatur,
971 5206 1073 5245 non
1112 5192 1218 5262 agit
1247 5207 1551 5263 perperam,
1578 5207 1683 5246 non
1708 5192 1942 5262 inﬂatur.

572 5278 624 5330 1.
669 5278 957 5347 Postquam
1008 5281 1154 5335 enim
1207 5280 1608 5350 pronuntiavit,
1660 5297 1761 5338 nec
1805 5281 2087 5349 ﬁdei,uec

497 5368 865 5433 scientize,uec
890 5372 1189 5441 prophetiae
1217 5385 1394 5443 neque
1420 5371 1932 5445 linguarum,ueque
1955 5372 2086 5429 chao

495 5459 905 5526 rismatum,ncc
935 5463 1186 5532 perfectae
1212 5464 1469 5534 vitae,uec
1495 5467 1774 5539 martyrii,
1802 5467 1850 5522 si
1889 5468 2087 5525 caritas

500 5550 671 5619 absit,
710 5564 964 5624 magnam
991 5570 1113 5611 esse
1142 5557 1425 5614 utilitatem
1448 5601 1467 5626 ,
1497 5560 1804 5617 necessario
1828 5561 2087 5632 deinceps

500 5641 782 5722 describit,
818 5640 1137 5700 immensam
1202 5648 1319 5718 ejus
1371 5649 1829 5721 pulchritudinem
1865 5692 1889 5720 ,η
1930 5652 2083 5722 quasi

500 5716 814 5799 quibusdam
836 5733 1112 5791 coloribus
1137 5716 1349 5794 virtutis
1374 5716 1617 5812 partibus
1645 5740 1762 5811 ejus
1793 5716 2080 5813 imaginem

502 5832 801 5890 exornans,
827 5831 885 5877 et
921 5823 1040 5893 ejus
1082 5827 1321 5885 membra
1350 5832 1528 5885 omnia
1575 5841 1821 5889 accurate
1865 5846 2087 5902 compa-

2195 5111 2355 5152 nens.
2378 5095 2449 5151 At
2472 5111 2542 5151 ne
2573 5105 2978 5165 praetercurras,
3005 5095 3202 5154 dilecte
3222 5137 3239 5166 ,
3272 5112 3332 5155 ea
3362 5109 3478 5168 qua:
3499 5090 3730 5177 dicuntur3

2194 5187 2290 5242 sed
2334 5202 2526 5242 eorum
2574 5187 2788 5258 singula
2832 5188 3085 5243 examina
3126 5182 3731 5277 diligentissime,.ttl_l'f‘i

2196 5279 2508 5336 thesaurum
2541 5280 2725 5336 videas
2748 5322 2765 5345 ,
2795 5289 2849 5335 et
2890 5280 3338 5351 picturistartem.
3370 5270 3629 5348 Perpende

2192 5379 2282 5426 tur
2311 5369 2452 5426 unde
2480 5370 2660 5425 statim
2711 5370 2996 5441 inceperit,
3029 5384 3085 5427 et
3110 5388 3269 5444 quam
3295 5374 3511 5444 primam
3533 5357 3727 5435 posset"

2192 5465 2436 5521 omnium
2463 5464 2730 5519 bonorum
2757 5479 2998 5521 causam.
3027 5465 3167 5532 Quid
3196 5477 3373 5522 autem
3404 5464 3502 5518 hoc
3521 5450 3629 5512 est?
3648 5446 3728 5501 Pa-

2197 5557 2380 5612 tientia
2407 5573 2423 5621 ;
2473 5556 2590 5611 hmo
2619 5555 2973 5626 philosophia:
3004 5558 3192 5612 omnis
3216 5566 3300 5615 est
3339 5554 3501 5612 radix.
3532 5544 3637 5600 Ideo
3657 5547 3722 5591 83-

2193 5649 2350 5719 piens
2390 5646 2654 5719 quispiam
2693 5646 2949 5702 dicebat:
2990 5645 3085 5702 Vir
3108 5651 3303 5721 patiens
3339 5656 3408 5702 est
3443 5639 3601 5698 multa!

2191 5740 2377 5794 demite
2411 5754 2430 5793 :
2472 5739 2561 5803 qui
2598 5750 2769 5793 autem
2811 5739 3081 5810 impatiens
3109 5719 3183 5795 est
3226 5740 3371 5795 valde
3409 5728 3622 5801 insipiens
3655 5719 3711 5767 ﬁl

2191 5832 2378 5905 (Ρνουσ
2414 5832 2503 5904 η,
2525 5830 2641 5901 29)-
2675 5831 2743 5886 Et
2779 5845 2904 5886 cum
2932 5831 3065 5889 urbe
3106 5833 3307 5889 munita
3334 5831 3489 5900 ipsam
3538 5821 3705 5877 comlm'
