  <div class='ocr_page' id='page_1' title='image "/cluster/home/n/w/nwhite01/storage/ocr_20150623/61:no.10/coo.31924054869619/282.png"; bbox 0 0 3962 6432; ppageno 0'>
   <div class='ocr_carea' id='block_1_1' title="bbox 246 379 2541 444">
    <p class='ocr_par' dir='ltr' id='par_1_1' title="bbox 246 379 2541 444">
     <span class='ocr_line' id='line_1_1' title="bbox 246 379 2541 444; baseline -0.001 -1"><span class='ocrx_word' id='word_1_1' title='bbox 246 388 328 444; x_wconf 76' lang='grc'>275</span> <span class='ocrx_word' id='word_1_2' title='bbox 1261 380 1330 436; x_wconf 86' lang='grc' dir='ltr'>ΙΝ</span> <span class='ocrx_word' id='word_1_3' title='bbox 1370 379 1589 437; x_wconf 72' lang='lat' dir='ltr'>EPIST.</span> <span class='ocrx_word' id='word_1_4' title='bbox 1629 381 1644 435; x_wconf 95' lang='grc' dir='ltr'><strong>Ι</strong></span> <span class='ocrx_word' id='word_1_5' title='bbox 1690 381 1779 435; x_wconf 80' lang='lat' dir='ltr'>AD</span> <span class='ocrx_word' id='word_1_6' title='bbox 1816 381 1977 438; x_wconf 78' lang='lat' dir='ltr'>COR.</span> <span class='ocrx_word' id='word_1_7' title='bbox 2018 380 2254 441; x_wconf 78' lang='lat' dir='ltr'><strong>HOMIL.</strong></span> <span class='ocrx_word' id='word_1_8' title='bbox 2288 382 2541 440; x_wconf 72' lang='lat' dir='ltr'><strong>XXXIII.</strong></span> 
     </span>
    </p>
   </div>
   <div class='ocr_carea' id='block_1_2' title="bbox 243 504 1789 578">
    <p class='ocr_par' dir='ltr' id='par_1_2' title="bbox 243 504 1789 578">
     <span class='ocr_line' id='line_1_2' title="bbox 243 504 1789 578; baseline -0.003 -15"><span class='ocrx_word' id='word_1_9' title='bbox 243 508 420 571; x_wconf 69' lang='grc' dir='ltr'>ναικὸς.</span> <span class='ocrx_word' id='word_1_10' title='bbox 453 507 580 561; x_wconf 75' lang='grc' dir='ltr'>οῦδὲ</span> <span class='ocrx_word' id='word_1_11' title='bbox 609 506 982 577; x_wconf 78' lang='grc' dir='ltr'>ἐξεπόμπευσε</span> <span class='ocrx_word' id='word_1_12' title='bbox 1004 504 1105 576; x_wconf 86' lang='grc' dir='ltr'>τὴν</span> <span class='ocrx_word' id='word_1_13' title='bbox 1133 504 1407 577; x_wconf 81' lang='grc' dir='ltr'>ἁμαρτίαν</span> <span class='ocrx_word' id='word_1_14' title='bbox 1443 546 1457 571; x_wconf 93' lang='grc'>,</span> <span class='ocrx_word' id='word_1_15' title='bbox 1482 505 1602 559; x_wconf 79' lang='grc' dir='ltr'>οῦδὲ</span> <span class='ocrx_word' id='word_1_16' title='bbox 1629 505 1789 578; x_wconf 76' lang='grc' dir='ltr'>ἡνίκα</span> 
     </span>
    </p>
   </div>
   <div class='ocr_carea' id='block_1_3' title="bbox 234 588 1791 667">
    <p class='ocr_par' dir='ltr' id='par_1_3' title="bbox 234 588 1791 667">
     <span class='ocr_line' id='line_1_3' title="bbox 234 588 1791 667; baseline -0.003 -21"><span class='ocrx_word' id='word_1_17' title='bbox 234 593 314 646; x_wconf 79' lang='grc' dir='ltr'>ἐπὶ</span> <span class='ocrx_word' id='word_1_18' title='bbox 339 591 426 645; x_wconf 73' lang='grc' dir='ltr'>τὸν</span> <span class='ocrx_word' id='word_1_19' title='bbox 453 591 643 667; x_wconf 86' lang='grc' dir='ltr'>θρόνον</span> <span class='ocrx_word' id='word_1_20' title='bbox 678 590 845 660; x_wconf 90' lang='grc' dir='ltr'>ἀνέϐη</span> <span class='ocrx_word' id='word_1_21' title='bbox 892 590 987 644; x_wconf 78' lang='grc' dir='ltr'>καὶ</span> <span class='ocrx_word' id='word_1_22' title='bbox 1014 590 1115 659; x_wconf 85' lang='grc' dir='ltr'>τῆς</span> <span class='ocrx_word' id='word_1_23' title='bbox 1147 588 1423 658; x_wconf 77' lang='grc' dir='ltr'>Αἰγύπτου</span> <span class='ocrx_word' id='word_1_24' title='bbox 1460 590 1641 659; x_wconf 83' lang='grc' dir='ltr'>πάσης</span> <span class='ocrx_word' id='word_1_25' title='bbox 1669 588 1791 657; x_wconf 84' lang='grc' dir='ltr'>ἐγέ-</span> 
     </span>
    </p>
   </div>
   <div class='ocr_carea' id='block_1_4' title="bbox 231 672 1789 747">
    <p class='ocr_par' dir='ltr' id='par_1_4' title="bbox 231 672 1789 747">
     <span class='ocr_line' id='line_1_4' title="bbox 231 672 1789 747; baseline -0.003 -17"><span class='ocrx_word' id='word_1_26' title='bbox 231 693 337 732; x_wconf 85' lang='grc' dir='ltr'>νετο</span> <span class='ocrx_word' id='word_1_27' title='bbox 354 675 626 746; x_wconf 77' lang='grc' dir='ltr'>βασιλεὺς,</span> <span class='ocrx_word' id='word_1_28' title='bbox 646 673 1055 747; x_wconf 77' lang='grc' dir='ltr'>ἐμνησικάκησε</span> <span class='ocrx_word' id='word_1_29' title='bbox 1070 675 1136 745; x_wconf 80' lang='grc' dir='ltr'>τῇ</span> <span class='ocrx_word' id='word_1_30' title='bbox 1152 672 1392 743; x_wconf 81' lang='grc' dir='ltr'>γυναικὶ,</span> <span class='ocrx_word' id='word_1_31' title='bbox 1408 673 1526 727; x_wconf 80' lang='grc' dir='ltr'>ούδέ</span> <span class='ocrx_word' id='word_1_32' title='bbox 1543 672 1789 745; x_wconf 79' lang='grc' dir='ltr'>ἀπῄτησε</span> 
     </span>
    </p>
   </div>
   <div class='ocr_carea' id='block_1_5' title="bbox 229 758 407 828">
    <p class='ocr_par' dir='ltr' id='par_1_5' title="bbox 229 758 407 828">
     <span class='ocr_line' id='line_1_5' title="bbox 229 758 407 828; baseline -0.006 -16"><span class='ocrx_word' id='word_1_33' title='bbox 229 758 371 828; x_wconf 86' lang='grc' dir='ltr'>δίκην</span> <span class='ocrx_word' id='word_1_34' title='bbox 391 777 407 826; x_wconf 86' lang='lat'><strong>;</strong></span> 
     </span>
    </p>
   </div>
   <div class='ocr_carea' id='block_1_6' title="bbox 290 913 1792 987">
    <p class='ocr_par' dir='ltr' id='par_1_6' title="bbox 290 913 1792 987">
     <span class='ocr_line' id='line_1_6' title="bbox 290 913 1792 987; baseline 0.001 -19"><span class='ocrx_word' id='word_1_35' title='bbox 290 913 526 984; x_wconf 79' lang='grc' dir='ltr'>η⁹.Εἷδες</span> <span class='ocrx_word' id='word_1_36' title='bbox 540 913 831 979; x_wconf 80' lang='grc' dir='ltr'>πῶςαύτὺς</span> <span class='ocrx_word' id='word_1_37' title='bbox 842 915 938 986; x_wconf 80' lang='grc' dir='ltr'>μὲν</span> <span class='ocrx_word' id='word_1_38' title='bbox 956 914 1199 987; x_wconf 82' lang='grc' dir='ltr'>ἐκήδετο,</span> <span class='ocrx_word' id='word_1_39' title='bbox 1234 914 1413 985; x_wconf 89' lang='grc' dir='ltr'>ἐκείνη</span> <span class='ocrx_word' id='word_1_40' title='bbox 1441 915 1498 969; x_wconf 84' lang='grc' dir='ltr'>δέ</span> <span class='ocrx_word' id='word_1_41' title='bbox 1544 916 1644 971; x_wconf 83' lang='grc' dir='ltr'>οὐκ</span> <span class='ocrx_word' id='word_1_42' title='bbox 1675 916 1792 986; x_wconf 77' lang='grc' dir='ltr'>ἐφί-</span> 
     </span>
    </p>
   </div>
   <div class='ocr_carea' id='block_1_7' title="bbox 221 998 1793 1072">
    <p class='ocr_par' dir='ltr' id='par_1_7' title="bbox 221 998 1793 1072">
     <span class='ocr_line' id='line_1_7' title="bbox 221 998 1793 1072; baseline -0.001 -17"><span class='ocrx_word' id='word_1_43' title='bbox 221 1005 314 1066; x_wconf 85' lang='grc' dir='ltr'>λει,</span> <span class='ocrx_word' id='word_1_44' title='bbox 331 1000 445 1055; x_wconf 80' lang='grc' dir='ltr'>ἀλλ’</span> <span class='ocrx_word' id='word_1_45' title='bbox 473 1000 723 1071; x_wconf 81' lang='grc' dir='ltr'>ἐμαίνετο</span> <span class='ocrx_word' id='word_1_46' title='bbox 741 1017 756 1067; x_wconf 92' lang='lat'><strong>;</strong></span> <span class='ocrx_word' id='word_1_47' title='bbox 778 1000 851 1055; x_wconf 87' lang='grc' dir='ltr'>Οὐ</span> <span class='ocrx_word' id='word_1_48' title='bbox 872 1000 979 1072; x_wconf 83' lang='grc' dir='ltr'>γὰρ</span> <span class='ocrx_word' id='word_1_49' title='bbox 999 999 1092 1055; x_wconf 80' lang='grc' dir='ltr'>τὸν</span> <span class='ocrx_word' id='word_1_50' title='bbox 1115 998 1311 1071; x_wconf 77' lang='grc' dir='ltr'>Ἰωσὴφ</span> <span class='ocrx_word' id='word_1_51' title='bbox 1327 999 1518 1067; x_wconf 79' lang='grc' dir='ltr'>ἐφίλει,</span> <span class='ocrx_word' id='word_1_52' title='bbox 1537 999 1672 1053; x_wconf 88' lang='grc' dir='ltr'>ἀλλά</span> <span class='ocrx_word' id='word_1_53' title='bbox 1693 999 1793 1071; x_wconf 80' lang='grc' dir='ltr'>τὴν</span> 
     </span>
    </p>
   </div>
   <div class='ocr_carea' id='block_1_8' title="bbox 222 1082 1792 1155">
    <p class='ocr_par' dir='ltr' id='par_1_8' title="bbox 222 1082 1792 1155">
     <span class='ocr_line' id='line_1_8' title="bbox 222 1082 1792 1155; baseline 0 -17"><span class='ocrx_word' id='word_1_54' title='bbox 222 1084 509 1144; x_wconf 77' lang='grc' dir='ltr'>ἀκολασίαν</span> <span class='ocrx_word' id='word_1_55' title='bbox 525 1082 811 1154; x_wconf 88' lang='grc' dir='ltr'>πληρῶσαι</span> <span class='ocrx_word' id='word_1_56' title='bbox 832 1082 1104 1139; x_wconf 72' lang='grc' dir='ltr'>ἐϐούλετοο</span> <span class='ocrx_word' id='word_1_57' title='bbox 1124 1084 1218 1137; x_wconf 79' lang='grc' dir='ltr'>καὶ</span> <span class='ocrx_word' id='word_1_58' title='bbox 1234 1083 1373 1137; x_wconf 85' lang='grc' dir='ltr'>αὐτά</span> <span class='ocrx_word' id='word_1_59' title='bbox 1398 1084 1455 1137; x_wconf 81' lang='grc' dir='ltr'>δὲ</span> <span class='ocrx_word' id='word_1_60' title='bbox 1478 1084 1547 1138; x_wconf 85' lang='grc' dir='ltr'>τά</span> <span class='ocrx_word' id='word_1_61' title='bbox 1572 1085 1792 1155; x_wconf 76' lang='grc' dir='ltr'>ῥήματα</span> 
     </span>
    </p>
   </div>
   <div class='ocr_carea' id='block_1_9' title="bbox 221 1165 1792 1238">
    <p class='ocr_par' dir='ltr' id='par_1_9' title="bbox 221 1165 1792 1238">
     <span class='ocr_line' id='line_1_9' title="bbox 221 1165 1792 1238; baseline 0 -18"><span class='ocrx_word' id='word_1_62' title='bbox 221 1167 270 1220; x_wconf 79' lang='grc' dir='ltr'>εί</span> <span class='ocrx_word' id='word_1_63' title='bbox 311 1185 395 1230; x_wconf 89' lang='grc' dir='ltr'>τις</span> <span class='ocrx_word' id='word_1_64' title='bbox 426 1166 735 1232; x_wconf 73' lang='grc' dir='ltr'>ἐξετάσειεν</span> <span class='ocrx_word' id='word_1_65' title='bbox 779 1166 1042 1237; x_wconf 88' lang='grc' dir='ltr'>ἀκριϐῶς,</span> <span class='ocrx_word' id='word_1_66' title='bbox 1083 1165 1221 1236; x_wconf 90' lang='grc' dir='ltr'>μετά</span> <span class='ocrx_word' id='word_1_67' title='bbox 1262 1165 1434 1238; x_wconf 90' lang='grc' dir='ltr'>θυμοῦ</span> <span class='ocrx_word' id='word_1_68' title='bbox 1476 1166 1572 1221; x_wconf 69' lang='grc' dir='ltr'>καὶ</span> <span class='ocrx_word' id='word_1_69' title='bbox 1596 1166 1792 1220; x_wconf 88' lang='grc' dir='ltr'>πολλοῦ</span> 
     </span>
    </p>
   </div>
   <div class='ocr_carea' id='block_1_10' title="bbox 223 1249 1793 1321">
    <p class='ocr_par' dir='ltr' id='par_1_10' title="bbox 223 1249 1793 1321">
     <span class='ocr_line' id='line_1_10' title="bbox 223 1249 1793 1321; baseline 0.001 -19"><span class='ocrx_word' id='word_1_70' title='bbox 223 1250 401 1319; x_wconf 73' lang='grc' dir='ltr'>φόνου.</span> <span class='ocrx_word' id='word_1_71' title='bbox 452 1249 519 1301; x_wconf 91' lang='grc' dir='ltr'>Τί</span> <span class='ocrx_word' id='word_1_72' title='bbox 563 1249 674 1321; x_wconf 84' lang='grc' dir='ltr'>γάρ</span> <span class='ocrx_word' id='word_1_73' title='bbox 716 1264 917 1319; x_wconf 87' lang='grc' dir='ltr'>φησιν;</span> <span class='ocrx_word' id='word_1_74' title='bbox 952 1249 1286 1321; x_wconf 77' lang='grc' dir='ltr'>Εἰσήγαγες</span> <span class='ocrx_word' id='word_1_75' title='bbox 1312 1249 1497 1304; x_wconf 84' lang='grc' dir='ltr'>παῖδα</span> <span class='ocrx_word' id='word_1_76' title='bbox 1522 1250 1793 1320; x_wconf 79' lang='grc' dir='ltr'>Ἐϐραῖον</span> 
     </span>
    </p>
   </div>
   <div class='ocr_carea' id='block_1_11' title="bbox 223 1329 1795 1407">
    <p class='ocr_par' dir='ltr' id='par_1_11' title="bbox 223 1329 1795 1407">
     <span class='ocr_line' id='line_1_11' title="bbox 223 1329 1795 1407; baseline -0.001 -20"><span class='ocrx_word' id='word_1_77' title='bbox 223 1329 523 1402; x_wconf 78' lang='grc' dir='ltr'>ἐμπαίζειν</span> <span class='ocrx_word' id='word_1_78' title='bbox 580 1332 746 1401; x_wconf 74' lang='grc' dir='ltr'>ἡμῖν,</span> <span class='ocrx_word' id='word_1_79' title='bbox 796 1331 1132 1396; x_wconf 80' lang='grc' dir='ltr'>ὀνειδίζουσα</span> <span class='ocrx_word' id='word_1_80' title='bbox 1188 1334 1290 1405; x_wconf 79' lang='grc' dir='ltr'>τὴν</span> <span class='ocrx_word' id='word_1_81' title='bbox 1350 1334 1673 1405; x_wconf 87' lang='grc' dir='ltr'>εὐεργεσίαν</span> <span class='ocrx_word' id='word_1_82' title='bbox 1714 1333 1795 1407; x_wconf 80' lang='grc' dir='ltr'>τῷ</span> 
     </span>
    </p>
   </div>
   <div class='ocr_carea' id='block_1_12' title="bbox 222 1414 1797 1489">
    <p class='ocr_par' dir='ltr' id='par_1_12' title="bbox 222 1414 1797 1489">
     <span class='ocr_line' id='line_1_12' title="bbox 222 1414 1797 1489; baseline 0 -19"><span class='ocrx_word' id='word_1_83' title='bbox 222 1416 405 1487; x_wconf 87' lang='grc' dir='ltr'>ἀνδρί·</span> <span class='ocrx_word' id='word_1_84' title='bbox 451 1415 545 1469; x_wconf 76' lang='grc' dir='ltr'>καὶ</span> <span class='ocrx_word' id='word_1_85' title='bbox 606 1415 676 1470; x_wconf 86' lang='grc' dir='ltr'>τά</span> <span class='ocrx_word' id='word_1_86' title='bbox 727 1414 919 1486; x_wconf 79' lang='grc' dir='ltr'>ἱμάτια</span> <span class='ocrx_word' id='word_1_87' title='bbox 967 1415 1287 1482; x_wconf 83' lang='grc' dir='ltr'>ἐπεδείκνυ,</span> <span class='ocrx_word' id='word_1_88' title='bbox 1350 1416 1540 1489; x_wconf 91' lang='grc' dir='ltr'>θηρίου</span> <span class='ocrx_word' id='word_1_89' title='bbox 1593 1417 1797 1482; x_wconf 78' lang='grc' dir='ltr'>παντὸς</span> 
     </span>
    </p>
   </div>
   <div class='ocr_carea' id='block_1_13' title="bbox 223 1497 1795 1569">
    <p class='ocr_par' dir='ltr' id='par_1_13' title="bbox 223 1497 1795 1569">
     <span class='ocr_line' id='line_1_13' title="bbox 223 1497 1795 1569; baseline 0.001 -16"><span class='ocrx_word' id='word_1_90' title='bbox 223 1498 529 1569; x_wconf 87' lang='grc' dir='ltr'>ἀγριωτέρα</span> <span class='ocrx_word' id='word_1_91' title='bbox 560 1499 847 1569; x_wconf 75' lang='grc' dir='ltr'>γενομένη.</span> <span class='ocrx_word' id='word_1_92' title='bbox 889 1497 1032 1552; x_wconf 86' lang='grc' dir='ltr'>Ἀλλ’</span> <span class='ocrx_word' id='word_1_93' title='bbox 1060 1499 1160 1552; x_wconf 79' lang='grc' dir='ltr'>οὐκ</span> <span class='ocrx_word' id='word_1_94' title='bbox 1190 1498 1397 1563; x_wconf 82' lang='grc' dir='ltr'>ἐκεῖνος</span> <span class='ocrx_word' id='word_1_95' title='bbox 1419 1500 1581 1555; x_wconf 76' lang='grc' dir='ltr'>οὕτω.</span> <span class='ocrx_word' id='word_1_96' title='bbox 1613 1500 1724 1555; x_wconf 97' lang='lat' dir='ltr'>Kal</span> <span class='ocrx_word' id='word_1_97' title='bbox 1743 1500 1795 1555; x_wconf 92' lang='grc' dir='ltr'>τί</span> 
     </span>
    </p>
   </div>
   <div class='ocr_carea' id='block_1_14' title="bbox 221 1581 1796 1655">
    <p class='ocr_par' dir='ltr' id='par_1_14' title="bbox 221 1581 1796 1655">
     <span class='ocr_line' id='line_1_14' title="bbox 221 1581 1796 1655; baseline 0.001 -20"><span class='ocrx_word' id='word_1_98' title='bbox 221 1582 360 1650; x_wconf 81' lang='grc' dir='ltr'>λέγω</span> <span class='ocrx_word' id='word_1_99' title='bbox 403 1581 501 1651; x_wconf 83' lang='grc' dir='ltr'>τὴν</span> <span class='ocrx_word' id='word_1_100' title='bbox 557 1582 694 1649; x_wconf 79' lang='grc' dir='ltr'>πρὸς</span> <span class='ocrx_word' id='word_1_101' title='bbox 739 1581 943 1654; x_wconf 86' lang='grc' dir='ltr'>ταύτην</span> <span class='ocrx_word' id='word_1_102' title='bbox 981 1581 1220 1647; x_wconf 77' lang='grc' dir='ltr'>εὔνοιαν,</span> <span class='ocrx_word' id='word_1_103' title='bbox 1259 1583 1393 1637; x_wconf 82' lang='grc' dir='ltr'>ὅπου</span> <span class='ocrx_word' id='word_1_104' title='bbox 1421 1600 1485 1653; x_wconf 86' lang='grc' dir='ltr'>γε</span> <span class='ocrx_word' id='word_1_105' title='bbox 1535 1583 1796 1655; x_wconf 80' lang='grc' dir='ltr'>καὶπρὸς</span> 
     </span>
    </p>
   </div>
   <div class='ocr_carea' id='block_1_15' title="bbox 221 1662 1797 1741">
    <p class='ocr_par' dir='ltr' id='par_1_15' title="bbox 221 1662 1797 1741">
     <span class='ocr_line' id='line_1_15' title="bbox 221 1662 1797 1741; baseline 0.003 -24"><span class='ocrx_word' id='word_1_106' title='bbox 221 1665 344 1728; x_wconf 79' lang='grc' dir='ltr'>τοῦς</span> <span class='ocrx_word' id='word_1_107' title='bbox 382 1663 670 1741; x_wconf 83' lang='grc' dir='ltr'>ἀνελόντας</span> <span class='ocrx_word' id='word_1_108' title='bbox 703 1664 965 1735; x_wconf 79' lang='grc' dir='ltr'>ἀδελφοὺς</span> <span class='ocrx_word' id='word_1_109' title='bbox 992 1665 1237 1731; x_wconf 86' lang='grc' dir='ltr'>τοιοῦτος</span> <span class='ocrx_word' id='word_1_110' title='bbox 1270 1662 1360 1738; x_wconf 79' lang='grc' dir='ltr'>ἧν,</span> <span class='ocrx_word' id='word_1_111' title='bbox 1392 1668 1484 1722; x_wconf 70' lang='grc' dir='ltr'>καὶ</span> <span class='ocrx_word' id='word_1_112' title='bbox 1517 1667 1637 1720; x_wconf 83' lang='grc' dir='ltr'>οὐδὲ</span> <span class='ocrx_word' id='word_1_113' title='bbox 1667 1667 1797 1741; x_wconf 75' lang='grc' dir='ltr'>περὶ</span> 
     </span>
    </p>
   </div>
   <div class='ocr_carea' id='block_1_16' title="bbox 219 1739 1795 1821">
    <p class='ocr_par' dir='ltr' id='par_1_16' title="bbox 219 1739 1795 1821">
     <span class='ocr_line' id='line_1_16' title="bbox 219 1739 1795 1821; baseline 0.003 -21"><span class='ocrx_word' id='word_1_114' title='bbox 219 1747 442 1801; x_wconf 79' lang='grc' dir='ltr'>ἐκείνων</span> <span class='ocrx_word' id='word_1_115' title='bbox 490 1739 645 1801; x_wconf 74' lang='grc' dir='ltr'>οὗδέν</span> <span class='ocrx_word' id='word_1_116' title='bbox 694 1758 827 1801; x_wconf 80' lang='grc' dir='ltr'>ποτε</span> <span class='ocrx_word' id='word_1_117' title='bbox 870 1744 989 1802; x_wconf 74' lang='grc' dir='ltr'>εἷπε</span> <span class='ocrx_word' id='word_1_118' title='bbox 1039 1748 1319 1821; x_wconf 85' lang='grc' dir='ltr'>δυσχερὲς,</span> <span class='ocrx_word' id='word_1_119' title='bbox 1359 1750 1458 1804; x_wconf 79' lang='grc' dir='ltr'>οὐκ</span> <span class='ocrx_word' id='word_1_120' title='bbox 1495 1750 1664 1819; x_wconf 71' lang='grc' dir='ltr'>ἔνδον,</span> <span class='ocrx_word' id='word_1_121' title='bbox 1694 1739 1795 1806; x_wconf 73' lang='grc' dir='ltr'>οῦκ</span> 
     </span>
    </p>
   </div>
   <div class='ocr_carea' id='block_1_17' title="bbox 218 1831 1795 1907">
    <p class='ocr_par' dir='ltr' id='par_1_17' title="bbox 218 1831 1795 1907">
     <span class='ocr_line' id='line_1_17' title="bbox 218 1831 1795 1907; baseline 0.003 -23"><span class='ocrx_word' id='word_1_122' title='bbox 218 1831 356 1897; x_wconf 80' lang='grc' dir='ltr'>ἐξω;</span> <span class='ocrx_word' id='word_1_123' title='bbox 391 1831 489 1885; x_wconf 87' lang='grc' dir='ltr'>Διά</span> <span class='ocrx_word' id='word_1_124' title='bbox 530 1831 691 1886; x_wconf 89' lang='grc' dir='ltr'>τοῦτο</span> <span class='ocrx_word' id='word_1_125' title='bbox 736 1834 766 1887; x_wconf 84' lang='grc' dir='ltr'>δ</span> <span class='ocrx_word' id='word_1_126' title='bbox 800 1832 1013 1897; x_wconf 82' lang='grc' dir='ltr'>Παῦλος</span> <span class='ocrx_word' id='word_1_127' title='bbox 1052 1834 1152 1905; x_wconf 77' lang='grc' dir='ltr'>τὴν</span> <span class='ocrx_word' id='word_1_128' title='bbox 1192 1834 1403 1907; x_wconf 87' lang='grc' dir='ltr'>μητέρα</span> <span class='ocrx_word' id='word_1_129' title='bbox 1432 1834 1541 1889; x_wconf 91' lang='grc' dir='ltr'>τῶν</span> <span class='ocrx_word' id='word_1_130' title='bbox 1572 1834 1795 1904; x_wconf 80' lang='grc' dir='ltr'>ἀγαθῶν</span> 
     </span>
    </p>
   </div>
   <div class='ocr_carea' id='block_1_18' title="bbox 215 1912 1795 1989">
    <p class='ocr_par' dir='ltr' id='par_1_18' title="bbox 215 1912 1795 1989">
     <span class='ocr_line' id='line_1_18' title="bbox 215 1912 1795 1989; baseline 0.003 -20"><span class='ocrx_word' id='word_1_131' title='bbox 215 1915 481 1970; x_wconf 83' lang='grc' dir='ltr'>ἀπάντων</span> <span class='ocrx_word' id='word_1_132' title='bbox 531 1914 736 1987; x_wconf 77' lang='grc' dir='ltr'>ταύτην</span> <span class='ocrx_word' id='word_1_133' title='bbox 772 1912 911 1970; x_wconf 77' lang='grc' dir='ltr'>εἷναί</span> <span class='ocrx_word' id='word_1_134' title='bbox 943 1933 1095 1987; x_wconf 85' lang='grc' dir='ltr'>φησι,</span> <span class='ocrx_word' id='word_1_135' title='bbox 1137 1918 1230 1971; x_wconf 80' lang='grc' dir='ltr'>καὶ</span> <span class='ocrx_word' id='word_1_136' title='bbox 1276 1918 1519 1989; x_wconf 85' lang='grc' dir='ltr'>σημείων</span> <span class='ocrx_word' id='word_1_137' title='bbox 1556 1920 1649 1973; x_wconf 69' lang='grc' dir='ltr'>καὶ</span> <span class='ocrx_word' id='word_1_138' title='bbox 1686 1919 1795 1974; x_wconf 92' lang='grc' dir='ltr'>τῶν</span> 
     </span>
    </p>
   </div>
   <div class='ocr_carea' id='block_1_19' title="bbox 213 1997 1796 2075">
    <p class='ocr_par' dir='ltr' id='par_1_19' title="bbox 213 1997 1796 2075">
     <span class='ocr_line' id='line_1_19' title="bbox 213 1997 1796 2075; baseline 0.004 -25"><span class='ocrx_word' id='word_1_139' title='bbox 213 1997 398 2051; x_wconf 79' lang='grc' dir='ltr'>ἄλλων</span> <span class='ocrx_word' id='word_1_140' title='bbox 424 1999 781 2069; x_wconf 77' lang='grc' dir='ltr'>χαρισμάτων</span> <span class='ocrx_word' id='word_1_141' title='bbox 809 1999 1388 2075; x_wconf 86' lang='grc' dir='ltr'>προτίθησιν.”Ὠσπερ</span> <span class='ocrx_word' id='word_1_142' title='bbox 1428 2001 1537 2074; x_wconf 88' lang='lat'>7&amp;9</span> <span class='ocrx_word' id='word_1_143' title='bbox 1579 2003 1796 2074; x_wconf 87' lang='grc' dir='ltr'>χρυσῶν</span> 
     </span>
    </p>
   </div>
   <div class='ocr_carea' id='block_1_20' title="bbox 217 2080 1797 2158">
    <p class='ocr_par' dir='ltr' id='par_1_20' title="bbox 217 2080 1797 2158">
     <span class='ocr_line' id='line_1_20' title="bbox 217 2080 1797 2158; baseline 0.008 -27"><span class='ocrx_word' id='word_1_144' title='bbox 217 2080 321 2150; x_wconf 77' lang='grc' dir='ltr'>μὲν</span> <span class='ocrx_word' id='word_1_145' title='bbox 349 2080 586 2151; x_wconf 80' lang='grc' dir='ltr'>ἱματίων</span> <span class='ocrx_word' id='word_1_146' title='bbox 633 2080 801 2135; x_wconf 77' lang='grc' dir='ltr'>ὄντων</span> <span class='ocrx_word' id='word_1_147' title='bbox 846 2082 942 2136; x_wconf 81' lang='grc' dir='ltr'>καὶ</span> <span class='ocrx_word' id='word_1_148' title='bbox 986 2084 1371 2155; x_wconf 84' lang='grc' dir='ltr'>ὑποδημάτων,</span> <span class='ocrx_word' id='word_1_149' title='bbox 1421 2086 1654 2158; x_wconf 88' lang='grc' dir='ltr'>δεόμεθα</span> <span class='ocrx_word' id='word_1_150' title='bbox 1701 2088 1797 2143; x_wconf 73' lang='grc' dir='ltr'>καὶ</span> 
     </span>
    </p>
   </div>
   <div class='ocr_carea' id='block_1_21' title="bbox 213 2163 1798 2244">
    <p class='ocr_par' dir='ltr' id='par_1_21' title="bbox 213 2163 1798 2244">
     <span class='ocr_line' id='line_1_21' title="bbox 213 2163 1798 2244; baseline 0.008 -29"><span class='ocrx_word' id='word_1_151' title='bbox 213 2163 410 2234; x_wconf 88' lang='grc' dir='ltr'>ἐτέρου</span> <span class='ocrx_word' id='word_1_152' title='bbox 455 2165 600 2229; x_wconf 80' lang='grc' dir='ltr'>τινὸς</span> <span class='ocrx_word' id='word_1_153' title='bbox 641 2164 994 2236; x_wconf 86' lang='grc' dir='ltr'>ἐνδείγματος</span> <span class='ocrx_word' id='word_1_154' title='bbox 1028 2179 1078 2233; x_wconf 81' lang='grc' dir='ltr'>ι,</span> <span class='ocrx_word' id='word_1_155' title='bbox 1123 2167 1265 2222; x_wconf 85' lang='grc' dir='ltr'>ὥστε</span> <span class='ocrx_word' id='word_1_156' title='bbox 1305 2168 1398 2224; x_wconf 82' lang='grc' dir='ltr'>τόν</span> <span class='ocrx_word' id='word_1_157' title='bbox 1437 2170 1669 2241; x_wconf 80' lang='grc' dir='ltr'>βασιλέα</span> <span class='ocrx_word' id='word_1_158' title='bbox 1699 2191 1798 2244; x_wconf 87' lang='grc' dir='ltr'>μα-</span> 
     </span>
    </p>
   </div>
   <div class='ocr_carea' id='block_1_22' title="bbox 212 2246 1794 2329">
    <p class='ocr_par' dir='ltr' id='par_1_22' title="bbox 212 2246 1794 2329">
     <span class='ocr_line' id='line_1_22' title="bbox 212 2246 1794 2329; baseline 0.008 -31"><span class='ocrx_word' id='word_1_159' title='bbox 212 2246 367 2329; x_wconf 82' lang='grc' dir='ltr'>θεῖν·</span> <span class='ocrx_word' id='word_1_160' title='bbox 408 2246 473 2301; x_wconf 88' lang='grc' dir='ltr'>ἂν</span> <span class='ocrx_word' id='word_1_161' title='bbox 501 2247 559 2301; x_wconf 79' lang='grc' dir='ltr'>δὲ</span> <span class='ocrx_word' id='word_1_162' title='bbox 599 2248 698 2321; x_wconf 80' lang='grc' dir='ltr'>τὴν</span> <span class='ocrx_word' id='word_1_163' title='bbox 733 2250 1025 2321; x_wconf 80' lang='grc' dir='ltr'>ἁλουργίδα</span> <span class='ocrx_word' id='word_1_164' title='bbox 1060 2250 1260 2323; x_wconf 75' lang='grc' dir='ltr'>ἴδωμεν</span> <span class='ocrx_word' id='word_1_165' title='bbox 1298 2255 1391 2308; x_wconf 77' lang='grc' dir='ltr'>καὶ</span> <span class='ocrx_word' id='word_1_166' title='bbox 1435 2254 1497 2309; x_wconf 82' lang='grc' dir='ltr'>τὸ</span> <span class='ocrx_word' id='word_1_167' title='bbox 1536 2256 1794 2329; x_wconf 83' lang='grc' dir='ltr'>διάδημα,</span> 
     </span>
    </p>
   </div>
   <div class='ocr_carea' id='block_1_23' title="bbox 212 2328 1794 2416">
    <p class='ocr_par' dir='ltr' id='par_1_23' title="bbox 212 2328 1794 2416">
     <span class='ocr_line' id='line_1_23' title="bbox 212 2328 1794 2416; baseline 0.009 -35"><span class='ocrx_word' id='word_1_168' title='bbox 212 2328 375 2382; x_wconf 76' lang='grc' dir='ltr'>οὐδὲν</span> <span class='ocrx_word' id='word_1_169' title='bbox 426 2329 613 2416; x_wconf 77' lang='grc' dir='ltr'>ἕτερον</span> <span class='ocrx_word' id='word_1_170' title='bbox 662 2331 1028 2407; x_wconf 79' lang='grc' dir='ltr'>ἐπιζητοῦμεν</span> <span class='ocrx_word' id='word_1_171' title='bbox 1080 2336 1180 2409; x_wconf 84' lang='grc' dir='ltr'>τῆς</span> <span class='ocrx_word' id='word_1_172' title='bbox 1218 2336 1492 2407; x_wconf 87' lang='grc' dir='ltr'>βασιλείας</span> <span class='ocrx_word' id='word_1_173' title='bbox 1529 2340 1656 2395; x_wconf 83' lang='grc' dir='ltr'>ίδεῖν</span> <span class='ocrx_word' id='word_1_174' title='bbox 1694 2328 1794 2416; x_wconf 85' lang='grc' dir='ltr'>ση-</span> 
     </span>
    </p>
   </div>
   <div class='ocr_carea' id='block_1_24' title="bbox 218 2415 1796 2500">
    <p class='ocr_par' dir='ltr' id='par_1_24' title="bbox 218 2415 1796 2500">
     <span class='ocr_line' id='line_1_24' title="bbox 218 2415 1796 2500; baseline 0.01 -33"><span class='ocrx_word' id='word_1_175' title='bbox 218 2417 398 2500; x_wconf 74' lang='grc' dir='ltr'>μεῖον·</span> <span class='ocrx_word' id='word_1_176' title='bbox 432 2415 574 2470; x_wconf 70' lang='grc' dir='ltr'>οὓτω</span> <span class='ocrx_word' id='word_1_177' title='bbox 606 2416 672 2488; x_wconf 79' lang='grc' dir='ltr'>δὴ</span> <span class='ocrx_word' id='word_1_178' title='bbox 714 2419 807 2471; x_wconf 78' lang='grc' dir='ltr'>καὶ</span> <span class='ocrx_word' id='word_1_179' title='bbox 834 2418 1084 2475; x_wconf 84' lang='grc' dir='ltr'>ἐνταῦθα.</span> <span class='ocrx_word' id='word_1_180' title='bbox 1118 2421 1287 2476; x_wconf 78' lang='grc' dir='ltr'>ὀταν</span> <span class='ocrx_word' id='word_1_181' title='bbox 1334 2422 1395 2477; x_wconf 83' lang='grc' dir='ltr'>τὸ</span> <span class='ocrx_word' id='word_1_182' title='bbox 1440 2424 1542 2496; x_wconf 81' lang='grc' dir='ltr'>τῆς</span> <span class='ocrx_word' id='word_1_183' title='bbox 1577 2426 1796 2500; x_wconf 84' lang='grc' dir='ltr'>ἀγάπης</span> 
     </span>
    </p>
   </div>
   <div class='ocr_carea' id='block_1_25' title="bbox 214 2499 1797 2581">
    <p class='ocr_par' dir='ltr' id='par_1_25' title="bbox 214 2499 1797 2581">
     <span class='ocr_line' id='line_1_25' title="bbox 214 2499 1797 2581; baseline 0.009 -30"><span class='ocrx_word' id='word_1_184' title='bbox 214 2499 494 2554; x_wconf 83' lang='grc' dir='ltr'>ἐπίκειται</span> <span class='ocrx_word' id='word_1_185' title='bbox 536 2500 792 2574; x_wconf 85' lang='grc' dir='ltr'>διάδημα,</span> <span class='ocrx_word' id='word_1_186' title='bbox 843 2503 1004 2573; x_wconf 84' lang='grc' dir='ltr'>ἀρκεῖ</span> <span class='ocrx_word' id='word_1_187' title='bbox 1051 2503 1220 2570; x_wconf 83' lang='grc' dir='ltr'>δεῖξαι</span> <span class='ocrx_word' id='word_1_188' title='bbox 1264 2506 1359 2560; x_wconf 86' lang='grc' dir='ltr'>τοῦ</span> <span class='ocrx_word' id='word_1_189' title='bbox 1413 2509 1650 2581; x_wconf 81' lang='grc' dir='ltr'>Χριστοῦ</span> <span class='ocrx_word' id='word_1_190' title='bbox 1704 2499 1797 2565; x_wconf 73' lang='grc' dir='ltr'>τὸν</span> 
     </span>
    </p>
   </div>
   <div class='ocr_carea' id='block_1_26' title="bbox 213 2583 1798 2660">
    <p class='ocr_par' dir='ltr' id='par_1_26' title="bbox 213 2583 1798 2660">
     <span class='ocr_line' id='line_1_26' title="bbox 213 2583 1798 2660; baseline 0.009 -24"><span class='ocrx_word' id='word_1_191' title='bbox 213 2583 426 2657; x_wconf 80' lang='grc' dir='ltr'>ἀκριϐῆ</span> <span class='ocrx_word' id='word_1_192' title='bbox 454 2584 723 2657; x_wconf 78' lang='grc' dir='ltr'>μαθητὴν,</span> <span class='ocrx_word' id='word_1_193' title='bbox 756 2586 853 2659; x_wconf 80' lang='grc' dir='ltr'>οὐχ</span> <span class='ocrx_word' id='word_1_194' title='bbox 882 2588 1015 2660; x_wconf 77' lang='grc' dir='ltr'>ἡμῖν</span> <span class='ocrx_word' id='word_1_195' title='bbox 1038 2587 1219 2660; x_wconf 87' lang='grc' dir='ltr'>μόνον,</span> <span class='ocrx_word' id='word_1_196' title='bbox 1248 2589 1386 2646; x_wconf 82' lang='grc' dir='ltr'>ἀλλά</span> <span class='ocrx_word' id='word_1_197' title='bbox 1414 2594 1507 2647; x_wconf 77' lang='grc' dir='ltr'>καὶ</span> <span class='ocrx_word' id='word_1_198' title='bbox 1532 2596 1641 2659; x_wconf 83' lang='grc' dir='ltr'>τοῖς</span> <span class='ocrx_word' id='word_1_199' title='bbox 1670 2597 1798 2650; x_wconf 87' lang='grc' dir='ltr'>ἀπί-</span> 
     </span>
    </p>
   </div>
   <div class='ocr_carea' id='block_1_27' title="bbox 215 2668 1794 2746">
    <p class='ocr_par' dir='ltr' id='par_1_27' title="bbox 215 2668 1794 2746">
     <span class='ocr_line' id='line_1_27' title="bbox 215 2668 1794 2746; baseline 0.011 -28"><span class='ocrx_word' id='word_1_200' title='bbox 215 2682 391 2730; x_wconf 85' lang='grc' dir='ltr'>στοις.</span> <span class='ocrx_word' id='word_1_201' title='bbox 442 2668 548 2724; x_wconf 82' lang='grc' dir='ltr'>Ἐν</span> <span class='ocrx_word' id='word_1_202' title='bbox 593 2669 781 2737; x_wconf 79' lang='grc' dir='ltr'>τούτῳ</span> <span class='ocrx_word' id='word_1_203' title='bbox 820 2669 950 2739; x_wconf 65' lang='grc' dir='ltr'>γὰρ,</span> <span class='ocrx_word' id='word_1_204' title='bbox 995 2671 1149 2742; x_wconf 83' lang='grc' dir='ltr'>φησὶ,</span> <span class='ocrx_word' id='word_1_205' title='bbox 1184 2674 1516 2742; x_wconf 72' lang='grc' dir='ltr'>γνώσονται</span> <span class='ocrx_word' id='word_1_206' title='bbox 1550 2676 1794 2746; x_wconf 80' lang='grc' dir='ltr'>πάντες,</span> 
     </span>
    </p>
   </div>
   <div class='ocr_carea' id='block_1_28' title="bbox 217 2749 1794 2829">
    <p class='ocr_par' dir='ltr' id='par_1_28' title="bbox 217 2749 1794 2829">
     <span class='ocr_line' id='line_1_28' title="bbox 217 2749 1794 2829; baseline 0.01 -27"><span class='ocrx_word' id='word_1_207' title='bbox 217 2749 309 2803; x_wconf 80' lang='grc' dir='ltr'>ὅτι</span> <span class='ocrx_word' id='word_1_208' title='bbox 351 2752 612 2819; x_wconf 80' lang='grc' dir='ltr'>μαθηταί</span> <span class='ocrx_word' id='word_1_209' title='bbox 652 2752 772 2822; x_wconf 85' lang='grc' dir='ltr'>μού</span> <span class='ocrx_word' id='word_1_210' title='bbox 813 2751 974 2822; x_wconf 79' lang='grc' dir='ltr'>ἐστε,</span> <span class='ocrx_word' id='word_1_211' title='bbox 998 2753 1107 2808; x_wconf 88' lang='grc' dir='ltr'>ἐὰν</span> <span class='ocrx_word' id='word_1_212' title='bbox 1146 2755 1414 2826; x_wconf 73' lang='grc' dir='ltr'>ἀγαπᾶτε</span> <span class='ocrx_word' id='word_1_213' title='bbox 1462 2759 1794 2829; x_wconf 68' lang='grc' dir='ltr'>ἀλλήλους.</span> 
     </span>
    </p>
   </div>
   <div class='ocr_carea' id='block_1_29' title="bbox 220 2832 1802 2912">
    <p class='ocr_par' dir='ltr' id='par_1_29' title="bbox 220 2832 1802 2912">
     <span class='ocr_line' id='line_1_29' title="bbox 220 2832 1802 2912; baseline 0.008 -27"><span class='ocrx_word' id='word_1_214' title='bbox 220 2832 393 2887; x_wconf 84' lang='grc' dir='ltr'>Ὥστε</span> <span class='ocrx_word' id='word_1_215' title='bbox 420 2833 481 2887; x_wconf 82' lang='grc' dir='ltr'>τὸ</span> <span class='ocrx_word' id='word_1_216' title='bbox 513 2836 740 2905; x_wconf 82' lang='grc' dir='ltr'>σημεῖον</span> <span class='ocrx_word' id='word_1_217' title='bbox 767 2834 925 2889; x_wconf 87' lang='grc' dir='ltr'>τοῦτο</span> <span class='ocrx_word' id='word_1_218' title='bbox 957 2838 1199 2908; x_wconf 81' lang='grc' dir='ltr'>σημείων</span> <span class='ocrx_word' id='word_1_219' title='bbox 1226 2840 1481 2894; x_wconf 87' lang='grc' dir='ltr'>ἁπάντων</span> <span class='ocrx_word' id='word_1_220' title='bbox 1509 2843 1709 2912; x_wconf 84' lang='grc' dir='ltr'>μεῖζον,</span> <span class='ocrx_word' id='word_1_221' title='bbox 1747 2843 1802 2898; x_wconf 85' lang='grc' dir='ltr'>εί</span> 
     </span>
    </p>
   </div>
   <div class='ocr_carea' id='block_1_30' title="bbox 215 2915 1798 3000">
    <p class='ocr_par' dir='ltr' id='par_1_30' title="bbox 215 2915 1798 3000">
     <span class='ocr_line' id='line_1_30' title="bbox 215 2915 1798 3000; baseline 0.009 -33"><span class='ocrx_word' id='word_1_222' title='bbox 215 2931 284 2982; x_wconf 87' lang='grc' dir='ltr'>γε</span> <span class='ocrx_word' id='word_1_223' title='bbox 317 2917 379 3000; x_wconf 67' lang='grc' dir='ltr'>ἐν</span> <span class='ocrx_word' id='word_1_224' title='bbox 406 2915 553 3000; x_wconf 79' lang='grc' dir='ltr'>αὐτῷ</span> <span class='ocrx_word' id='word_1_225' title='bbox 577 2917 904 2989; x_wconf 76' lang='grc' dir='ltr'>γνωρίζεται</span> <span class='ocrx_word' id='word_1_226' title='bbox 952 2920 982 2973; x_wconf 84' lang='grc' dir='ltr'>ό</span> <span class='ocrx_word' id='word_1_227' title='bbox 1022 2922 1292 2994; x_wconf 83' lang='grc' dir='ltr'>μαθητής.</span> <span class='ocrx_word' id='word_1_228' title='bbox 1320 2924 1440 2979; x_wconf 86' lang='grc' dir='ltr'>Κᾶν</span> <span class='ocrx_word' id='word_1_229' title='bbox 1475 2923 1584 2997; x_wconf 85' lang='grc' dir='ltr'>γάρ</span> <span class='ocrx_word' id='word_1_230' title='bbox 1630 2927 1798 3000; x_wconf 87' lang='grc' dir='ltr'>μυρία</span> 
     </span>
    </p>
   </div>
   <div class='ocr_carea' id='block_1_31' title="bbox 220 2997 1796 3082">
    <p class='ocr_par' dir='ltr' id='par_1_31' title="bbox 220 2997 1796 3082">
     <span class='ocr_line' id='line_1_31' title="bbox 220 2997 1796 3082; baseline 0.01 -32"><span class='ocrx_word' id='word_1_231' title='bbox 220 2997 597 3082; x_wconf 84' lang='grc' dir='ltr'>ποιῶσίτινες</span> <span class='ocrx_word' id='word_1_232' title='bbox 636 3004 858 3072; x_wconf 85' lang='grc' dir='ltr'>σημεῖα,</span> <span class='ocrx_word' id='word_1_233' title='bbox 882 3003 1215 3068; x_wconf 75' lang='grc' dir='ltr'>στασιάζωσι</span> <span class='ocrx_word' id='word_1_234' title='bbox 1249 3005 1308 3059; x_wconf 83' lang='grc' dir='ltr'>δὲ</span> <span class='ocrx_word' id='word_1_235' title='bbox 1333 3006 1471 3078; x_wconf 80' lang='grc' dir='ltr'>πρὸς</span> <span class='ocrx_word' id='word_1_236' title='bbox 1512 2997 1796 3082; x_wconf 77' lang='grc' dir='ltr'>ἀλλήλους,</span> 
     </span>
    </p>
   </div>
   <div class='ocr_carea' id='block_1_32' title="bbox 221 3081 1799 3166">
    <p class='ocr_par' dir='ltr' id='par_1_32' title="bbox 221 3081 1799 3166">
     <span class='ocr_line' id='line_1_32' title="bbox 221 3081 1799 3166; baseline 0.012 -35"><span class='ocrx_word' id='word_1_237' title='bbox 221 3081 623 3166; x_wconf 65' lang='grc' dir='ltr'>καταγέλαστοι</span> <span class='ocrx_word' id='word_1_238' title='bbox 653 3086 766 3149; x_wconf 84' lang='grc' dir='ltr'>τοῖς</span> <span class='ocrx_word' id='word_1_239' title='bbox 788 3084 1037 3150; x_wconf 82' lang='grc' dir='ltr'>ἀπίστοις</span> <span class='ocrx_word' id='word_1_240' title='bbox 1074 3086 1308 3142; x_wconf 76' lang='grc' dir='ltr'>ἔσονται·</span> <span class='ocrx_word' id='word_1_241' title='bbox 1341 3089 1529 3164; x_wconf 81' lang='grc' dir='ltr'>ὥσπερ</span> <span class='ocrx_word' id='word_1_242' title='bbox 1553 3081 1658 3147; x_wconf 86' lang='grc' dir='ltr'>κᾶν</span> <span class='ocrx_word' id='word_1_243' title='bbox 1690 3112 1799 3166; x_wconf 88' lang='grc' dir='ltr'>μη-</span> 
     </span>
    </p>
   </div>
   <div class='ocr_carea' id='block_1_33' title="bbox 220 3160 1801 3247">
    <p class='ocr_par' dir='ltr' id='par_1_33' title="bbox 220 3160 1801 3247">
     <span class='ocr_line' id='line_1_33' title="bbox 220 3160 1801 3247; baseline 0.009 -31"><span class='ocrx_word' id='word_1_244' title='bbox 220 3160 313 3217; x_wconf 73' lang='grc' dir='ltr'>δὲν</span> <span class='ocrx_word' id='word_1_245' title='bbox 372 3163 565 3220; x_wconf 90' lang='grc' dir='ltr'>ποιῶσι</span> <span class='ocrx_word' id='word_1_246' title='bbox 618 3168 861 3238; x_wconf 77' lang='grc' dir='ltr'>σημεῖον,</span> <span class='ocrx_word' id='word_1_247' title='bbox 909 3166 1060 3242; x_wconf 74' lang='grc'>[298]</span> <span class='ocrx_word' id='word_1_248' title='bbox 1111 3170 1366 3239; x_wconf 84' lang='grc' dir='ltr'>ἀγαπῶσι</span> <span class='ocrx_word' id='word_1_249' title='bbox 1428 3160 1507 3228; x_wconf 66' lang='grc' dir='ltr'>δὲ⁷</span> <span class='ocrx_word' id='word_1_250' title='bbox 1539 3160 1801 3247; x_wconf 75' lang='grc' dir='ltr'>ἀλλήλούς</span> 
     </span>
    </p>
   </div>
   <div class='ocr_carea' id='block_1_34' title="bbox 220 3246 1803 3328">
    <p class='ocr_par' dir='ltr' id='par_1_34' title="bbox 220 3246 1803 3328">
     <span class='ocr_line' id='line_1_34' title="bbox 220 3246 1803 3328; baseline 0.01 -28"><span class='ocrx_word' id='word_1_251' title='bbox 220 3246 491 3318; x_wconf 85' lang='grc' dir='ltr'>ἀκριϐῶς,</span> <span class='ocrx_word' id='word_1_252' title='bbox 519 3250 613 3305; x_wconf 76' lang='grc' dir='ltr'>καὶ</span> <span class='ocrx_word' id='word_1_253' title='bbox 649 3251 919 3321; x_wconf 81' lang='grc' dir='ltr'>αἰδέσιμοι</span> <span class='ocrx_word' id='word_1_254' title='bbox 957 3255 1050 3308; x_wconf 73' lang='grc' dir='ltr'>καὶ</span> <span class='ocrx_word' id='word_1_255' title='bbox 1103 3255 1390 3328; x_wconf 83' lang='grc' dir='ltr'>ἀχείρωτοι</span> <span class='ocrx_word' id='word_1_256' title='bbox 1440 3260 1606 3314; x_wconf 82' lang='grc' dir='ltr'>πᾶσιν</span> <span class='ocrx_word' id='word_1_257' title='bbox 1651 3246 1803 3327; x_wconf 72' lang='grc' dir='ltr'>ὄντες</span> 
     </span>
    </p>
   </div>
   <div class='ocr_carea' id='block_1_35' title="bbox 222 3329 1804 3416">
    <p class='ocr_par' dir='ltr' id='par_1_35' title="bbox 222 3329 1804 3416">
     <span class='ocr_line' id='line_1_35' title="bbox 222 3329 1804 3416; baseline 0.012 -34"><span class='ocrx_word' id='word_1_258' title='bbox 222 3329 594 3403; x_wconf 85' lang='grc' dir='ltr'>διαμένουσιν.</span> <span class='ocrx_word' id='word_1_259' title='bbox 646 3335 800 3392; x_wconf 57' lang='grc' dir='ltr'>Ἐπεὶ⁸</span> <span class='ocrx_word' id='word_1_260' title='bbox 837 3337 933 3392; x_wconf 80' lang='grc' dir='ltr'>καὶ</span> <span class='ocrx_word' id='word_1_261' title='bbox 970 3338 1183 3393; x_wconf 87' lang='grc' dir='ltr'>Παῦλον</span> <span class='ocrx_word' id='word_1_262' title='bbox 1212 3339 1301 3395; x_wconf 86' lang='grc' dir='ltr'>διὰ</span> <span class='ocrx_word' id='word_1_263' title='bbox 1328 3340 1488 3396; x_wconf 90' lang='grc' dir='ltr'>τοῦτο</span> <span class='ocrx_word' id='word_1_264' title='bbox 1529 3343 1804 3416; x_wconf 76' lang='grc' dir='ltr'>θαυμάζο-</span> 
     </span>
    </p>
   </div>
   <div class='ocr_carea' id='block_1_36' title="bbox 228 3416 1805 3496">
    <p class='ocr_par' dir='ltr' id='par_1_36' title="bbox 228 3416 1805 3496">
     <span class='ocr_line' id='line_1_36' title="bbox 228 3416 1805 3496; baseline 0.011 -29"><span class='ocrx_word' id='word_1_265' title='bbox 228 3430 351 3496; x_wconf 81' lang='grc' dir='ltr'>μεν,</span> <span class='ocrx_word' id='word_1_266' title='bbox 390 3417 451 3470; x_wconf 84' lang='grc' dir='ltr'>οὐ</span> <span class='ocrx_word' id='word_1_267' title='bbox 480 3416 571 3472; x_wconf 88' lang='grc' dir='ltr'>διά</span> <span class='ocrx_word' id='word_1_268' title='bbox 604 3419 730 3483; x_wconf 83' lang='grc' dir='ltr'>τοὺς</span> <span class='ocrx_word' id='word_1_269' title='bbox 765 3421 992 3492; x_wconf 82' lang='grc' dir='ltr'>νεκροὺς</span> <span class='ocrx_word' id='word_1_270' title='bbox 1031 3420 1124 3486; x_wconf 80' lang='grc' dir='ltr'>οὓς</span> <span class='ocrx_word' id='word_1_271' title='bbox 1152 3422 1391 3496; x_wconf 75' lang='grc' dir='ltr'>ἧγειρεν,</span> <span class='ocrx_word' id='word_1_272' title='bbox 1424 3426 1543 3481; x_wconf 78' lang='grc' dir='ltr'>οὐδὲ</span> <span class='ocrx_word' id='word_1_273' title='bbox 1564 3427 1653 3482; x_wconf 89' lang='grc' dir='ltr'>διά</span> <span class='ocrx_word' id='word_1_274' title='bbox 1679 3430 1805 3495; x_wconf 79' lang='grc' dir='ltr'>τοὺς</span> 
     </span>
    </p>
   </div>
   <div class='ocr_carea' id='block_1_37' title="bbox 226 3493 1806 3580">
    <p class='ocr_par' dir='ltr' id='par_1_37' title="bbox 226 3493 1806 3580">
     <span class='ocr_line' id='line_1_37' title="bbox 226 3493 1806 3580; baseline 0.011 -32"><span class='ocrx_word' id='word_1_275' title='bbox 226 3493 464 3580; x_wconf 75' lang='grc' dir='ltr'>λεπροὺς</span> <span class='ocrx_word' id='word_1_276' title='bbox 521 3498 616 3564; x_wconf 81' lang='grc' dir='ltr'>οὓς</span> <span class='ocrx_word' id='word_1_277' title='bbox 663 3501 1009 3574; x_wconf 79' lang='grc' dir='ltr'>ἐκαθάρισεν,</span> <span class='ocrx_word' id='word_1_278' title='bbox 1067 3493 1183 3560; x_wconf 70' lang='grc' dir='ltr'>ἀλλ⁴</span> <span class='ocrx_word' id='word_1_279' title='bbox 1224 3493 1411 3580; x_wconf 82' lang='grc' dir='ltr'>ἐπειδὴ</span> <span class='ocrx_word' id='word_1_280' title='bbox 1466 3509 1643 3579; x_wconf 74' lang='grc' dir='ltr'>ἔλεγε,</span> <span class='ocrx_word' id='word_1_281' title='bbox 1710 3493 1806 3580; x_wconf 56' lang='grc' dir='ltr'>Τίς</span> 
     </span>
    </p>
   </div>
   <div class='ocr_carea' id='block_1_38' title="bbox 227 3579 1806 3659">
    <p class='ocr_par' dir='ltr' id='par_1_38' title="bbox 227 3579 1806 3659">
     <span class='ocr_line' id='line_1_38' title="bbox 227 3579 1806 3659; baseline 0.011 -26"><span class='ocrx_word' id='word_1_282' title='bbox 227 3579 491 3647; x_wconf 77' lang='grc' dir='ltr'>ἀσθενεῖ,</span> <span class='ocrx_word' id='word_1_283' title='bbox 521 3582 618 3638; x_wconf 82' lang='grc' dir='ltr'>καί</span> <span class='ocrx_word' id='word_1_284' title='bbox 645 3585 759 3640; x_wconf 78' lang='grc' dir='ltr'>οὐκ</span> <span class='ocrx_word' id='word_1_285' title='bbox 781 3585 1020 3643; x_wconf 79' lang='grc' dir='ltr'>ἀσθενῶ</span> <span class='ocrx_word' id='word_1_286' title='bbox 1038 3604 1056 3653; x_wconf 87' lang='grc'><strong><em>;</em></strong></span> <span class='ocrx_word' id='word_1_287' title='bbox 1077 3589 1171 3658; x_wconf 83' lang='grc' dir='ltr'>τίς</span> <span class='ocrx_word' id='word_1_288' title='bbox 1199 3579 1682 3659; x_wconf 68' lang='grc' dir='ltr'>σκανδαλίζεται,</span> <span class='ocrx_word' id='word_1_289' title='bbox 1706 3595 1806 3650; x_wconf 80' lang='grc' dir='ltr'>καί</span> 
     </span>
    </p>
   </div>
   <div class='ocr_carea' id='block_1_39' title="bbox 228 3665 1808 3753">
    <p class='ocr_par' dir='ltr' id='par_1_39' title="bbox 228 3665 1808 3753">
     <span class='ocr_line' id='line_1_39' title="bbox 228 3665 1808 3753; baseline 0.011 -34"><span class='ocrx_word' id='word_1_290' title='bbox 228 3666 339 3720; x_wconf 82' lang='grc' dir='ltr'>οὐκ</span> <span class='ocrx_word' id='word_1_291' title='bbox 508 3667 807 3753; x_wconf 63' lang='grc' dir='ltr'>πύροῦμαι</span> <span class='ocrx_word' id='word_1_292' title='bbox 827 3686 840 3736; x_wconf 91' lang='grc'><strong>;</strong></span> <span class='ocrx_word' id='word_1_293' title='bbox 864 3670 984 3727; x_wconf 82' lang='grc' dir='ltr'>Κάν</span> <span class='ocrx_word' id='word_1_294' title='bbox 1012 3672 1122 3746; x_wconf 75' lang='grc' dir='ltr'>γάρ</span> <span class='ocrx_word' id='word_1_295' title='bbox 1146 3676 1315 3747; x_wconf 86' lang='grc' dir='ltr'>μυρία</span> <span class='ocrx_word' id='word_1_296' title='bbox 1342 3676 1481 3749; x_wconf 83' lang='grc' dir='ltr'>πρὸς</span> <span class='ocrx_word' id='word_1_297' title='bbox 1503 3678 1677 3735; x_wconf 89' lang='grc' dir='ltr'>ταῦτα</span> <span class='ocrx_word' id='word_1_298' title='bbox 1708 3680 1808 3753; x_wconf 76' lang='grc' dir='ltr'>θῇς</span> 
     </span>
    </p>
   </div>
   <div class='ocr_carea' id='block_1_40' title="bbox 232 3750 1811 3831">
    <p class='ocr_par' dir='ltr' id='par_1_40' title="bbox 232 3750 1811 3831">
     <span class='ocr_line' id='line_1_40' title="bbox 232 3750 1811 3831; baseline 0.011 -30"><span class='ocrx_word' id='word_1_299' title='bbox 232 3751 456 3818; x_wconf 85' lang='grc' dir='ltr'>σημεῖα,</span> <span class='ocrx_word' id='word_1_300' title='bbox 482 3750 637 3806; x_wconf 82' lang='grc' dir='ltr'>οὐδὲν</span> <span class='ocrx_word' id='word_1_301' title='bbox 665 3753 778 3806; x_wconf 77' lang='grc' dir='ltr'>ἴσον</span> <span class='ocrx_word' id='word_1_302' title='bbox 800 3753 964 3825; x_wconf 74' lang='grc' dir='ltr'>ἐρεῖςο</span> <span class='ocrx_word' id='word_1_303' title='bbox 996 3756 1123 3810; x_wconf 76' lang='grc' dir='ltr'>ἐπεὶ</span> <span class='ocrx_word' id='word_1_304' title='bbox 1142 3758 1237 3812; x_wconf 75' lang='grc' dir='ltr'>καὶ</span> <span class='ocrx_word' id='word_1_305' title='bbox 1257 3758 1420 3823; x_wconf 81' lang='grc' dir='ltr'>αὐτὸς</span> <span class='ocrx_word' id='word_1_306' title='bbox 1451 3761 1643 3831; x_wconf 86' lang='grc' dir='ltr'>μισθὸν</span> <span class='ocrx_word' id='word_1_307' title='bbox 1671 3750 1811 3818; x_wconf 71' lang='grc' dir='ltr'>ἀπο-</span> 
     </span>
    </p>
   </div>
   <div class='ocr_carea' id='block_1_41' title="bbox 231 3832 1810 3916">
    <p class='ocr_par' dir='ltr' id='par_1_41' title="bbox 231 3832 1810 3916">
     <span class='ocr_line' id='line_1_41' title="bbox 231 3832 1810 3916; baseline 0.011 -34"><span class='ocrx_word' id='word_1_308' title='bbox 231 3832 444 3916; x_wconf 83' lang='grc' dir='ltr'>κεῖσθαι</span> <span class='ocrx_word' id='word_1_309' title='bbox 497 3834 671 3903; x_wconf 84' lang='grc' dir='ltr'>μέγαν</span> <span class='ocrx_word' id='word_1_310' title='bbox 718 3833 922 3907; x_wconf 75' lang='grc' dir='ltr'>ἔφησεν</span> <span class='ocrx_word' id='word_1_311' title='bbox 980 3837 1151 3910; x_wconf 83' lang='grc' dir='ltr'>αὐτῷ,</span> <span class='ocrx_word' id='word_1_312' title='bbox 1209 3840 1311 3895; x_wconf 86' lang='grc' dir='ltr'>οὐκ</span> <span class='ocrx_word' id='word_1_313' title='bbox 1361 3842 1550 3915; x_wconf 83' lang='grc' dir='ltr'>ἐπειδὴ</span> <span class='ocrx_word' id='word_1_314' title='bbox 1606 3848 1810 3916; x_wconf 80' lang='grc' dir='ltr'>σημεῖα</span> 
     </span>
    </p>
   </div>
   <div class='ocr_carea' id='block_1_42' title="bbox 230 3915 1809 3994">
    <p class='ocr_par' dir='ltr' id='par_1_42' title="bbox 230 3915 1809 3994">
     <span class='ocr_line' id='line_1_42' title="bbox 230 3915 1809 3994; baseline 0.011 -28"><span class='ocrx_word' id='word_1_315' title='bbox 230 3915 422 3982; x_wconf 87' lang='grc' dir='ltr'>ἐποίει,</span> <span class='ocrx_word' id='word_1_316' title='bbox 453 3917 571 3972; x_wconf 86' lang='grc' dir='ltr'>ἀλλ’</span> <span class='ocrx_word' id='word_1_317' title='bbox 599 3918 786 3992; x_wconf 82' lang='grc' dir='ltr'>ἐπειδὴ</span> <span class='ocrx_word' id='word_1_318' title='bbox 815 3923 929 3984; x_wconf 79' lang='grc' dir='ltr'>τοῖς</span> <span class='ocrx_word' id='word_1_319' title='bbox 953 3921 1239 3977; x_wconf 87' lang='grc' dir='ltr'>ἀσθενοῦσι</span> <span class='ocrx_word' id='word_1_320' title='bbox 1281 3924 1507 3994; x_wconf 83' lang='grc' dir='ltr'>γέγονεν</span> <span class='ocrx_word' id='word_1_321' title='bbox 1540 3927 1617 3992; x_wconf 87' lang='grc' dir='ltr'>ὡς</span> <span class='ocrx_word' id='word_1_322' title='bbox 1643 3915 1809 3982; x_wconf 86' lang='grc' dir='ltr'>ἀσθε-</span> 
     </span>
    </p>
   </div>
   <div class='ocr_carea' id='block_1_43' title="bbox 230 3996 1807 4078">
    <p class='ocr_par' dir='ltr' id='par_1_43' title="bbox 230 3996 1807 4078">
     <span class='ocr_line' id='line_1_43' title="bbox 230 3996 1807 4078; baseline 0.011 -28"><span class='ocrx_word' id='word_1_323' title='bbox 230 3996 347 4067; x_wconf 79' lang='grc' dir='ltr'>νής.</span> <span class='ocrx_word' id='word_1_324' title='bbox 384 3999 481 4065; x_wconf 78' lang='grc' dir='ltr'>Τίς</span> <span class='ocrx_word' id='word_1_325' title='bbox 514 3998 621 4072; x_wconf 91' lang='grc' dir='ltr'>γάρ</span> <span class='ocrx_word' id='word_1_326' title='bbox 640 4002 762 4070; x_wconf 76' lang='grc' dir='ltr'>μού</span> <span class='ocrx_word' id='word_1_327' title='bbox 797 4002 952 4067; x_wconf 83' lang='grc' dir='ltr'>ἐστι,</span> <span class='ocrx_word' id='word_1_328' title='bbox 987 4006 1171 4078; x_wconf 76' lang='grc' dir='ltr'>φησὶν,</span> <span class='ocrx_word' id='word_1_329' title='bbox 1200 4009 1235 4061; x_wconf 81' lang='grc' dir='ltr'><em>ὁ</em></span> <span class='ocrx_word' id='word_1_330' title='bbox 1258 4009 1512 4077; x_wconf 81' lang='grc' dir='ltr'>μισθός;</span> <span class='ocrx_word' id='word_1_331' title='bbox 1543 4009 1677 4065; x_wconf 87' lang='grc' dir='ltr'>Ἵνα</span> <span class='ocrx_word' id='word_1_332' title='bbox 1707 4014 1807 4066; x_wconf 87' lang='grc' dir='ltr'>εὑ-</span> 
     </span>
    </p>
   </div>
   <div class='ocr_carea' id='block_1_44' title="bbox 228 4081 1806 4163">
    <p class='ocr_par' dir='ltr' id='par_1_44' title="bbox 228 4081 1806 4163">
     <span class='ocr_line' id='line_1_44' title="bbox 228 4081 1806 4163; baseline 0.012 -29"><span class='ocrx_word' id='word_1_333' title='bbox 228 4081 702 4153; x_wconf 65' lang='grc' dir='ltr'>αγγελιζϋμενος,</span> <span class='ocrx_word' id='word_1_334' title='bbox 740 4085 1055 4143; x_wconf 80' lang='grc' dir='ltr'>ἀδάπανον</span> <span class='ocrx_word' id='word_1_335' title='bbox 1104 4088 1272 4157; x_wconf 79' lang='grc' dir='ltr'>θήσω</span> <span class='ocrx_word' id='word_1_336' title='bbox 1315 4091 1383 4146; x_wconf 85' lang='grc' dir='ltr'>τὸ</span> <span class='ocrx_word' id='word_1_337' title='bbox 1412 4094 1806 4163; x_wconf 74' lang='grc' dir='ltr'>Εὐαγγέλιον.</span> 
     </span>
    </p>
   </div>
   <div class='ocr_carea' id='block_1_45' title="bbox 229 4162 1808 4250">
    <p class='ocr_par' dir='ltr' id='par_1_45' title="bbox 229 4162 1808 4250">
     <span class='ocr_line' id='line_1_45' title="bbox 229 4162 1808 4250; baseline 0.012 -34"><span class='ocrx_word' id='word_1_338' title='bbox 229 4162 338 4217; x_wconf 81' lang='lat' dir='ltr'>Kal</span> <span class='ocrx_word' id='word_1_339' title='bbox 366 4166 497 4220; x_wconf 82' lang='grc' dir='ltr'>ὅταν</span> <span class='ocrx_word' id='word_1_340' title='bbox 539 4166 650 4222; x_wconf 89' lang='grc' dir='ltr'>τῶν</span> <span class='ocrx_word' id='word_1_341' title='bbox 675 4167 994 4225; x_wconf 80' lang='grc' dir='ltr'>ἀποστόλων</span> <span class='ocrx_word' id='word_1_342' title='bbox 1029 4172 1221 4229; x_wconf 78' lang='grc' dir='ltr'>ἐαυτὸν</span> <span class='ocrx_word' id='word_1_343' title='bbox 1255 4173 1510 4248; x_wconf 76' lang='grc' dir='ltr'>προτιθῇ,</span> <span class='ocrx_word' id='word_1_344' title='bbox 1543 4162 1604 4233; x_wconf 78' lang='grc' dir='ltr'>οὖ</span> <span class='ocrx_word' id='word_1_345' title='bbox 1635 4178 1808 4250; x_wconf 87' lang='grc' dir='ltr'>λέγει,</span> 
     </span>
    </p>
   </div>
   <div class='ocr_carea' id='block_1_46' title="bbox 286 4310 901 4382">
    <p class='ocr_par' dir='ltr' id='par_1_46' title="bbox 286 4310 901 4382">
     <span class='ocr_line' id='line_1_46' title="bbox 286 4310 901 4382; baseline 0.007 -18"><span class='ocrx_word' id='word_1_346' title='bbox 286 4324 313 4351; x_wconf 73' lang='grc' dir='ltr'>ιι</span> <span class='ocrx_word' id='word_1_347' title='bbox 342 4310 611 4379; x_wconf 57' lang='lat' dir='ltr'><strong><em>tegebatur</em></strong></span> <span class='ocrx_word' id='word_1_348' title='bbox 628 4316 901 4382; x_wconf 75' lang='grc' dir='ltr'>ἐνδύματος.</span> 
     </span>
    </p>
   </div>
   <div class='ocr_carea' id='block_1_47' title="bbox 227 4565 3281 4597">
    <p class='ocr_par' dir='ltr' id='par_1_47' title="bbox 227 4565 3281 4597">
     <span class='ocr_line' id='line_1_47' title="bbox 227 4565 3281 4597; baseline 0.003 -19"><span class='ocrx_word' id='word_1_349' title='bbox 227 4565 3281 4597; x_wconf 62' lang='lat' dir='ltr'>M</span> 
     </span>
    </p>
   </div>
   <div class='ocr_carea' id='block_1_48' title="bbox 3373 389 3476 447">
    <p class='ocr_par' dir='ltr' id='par_1_48' title="bbox 3373 389 3476 447">
     <span class='ocr_line' id='line_1_48' title="bbox 3373 389 3476 447; baseline 0.039 -4"><span class='ocrx_word' id='word_1_350' title='bbox 3373 389 3476 447; x_wconf 73' lang='lat'>276</span> 
     </span>
    </p>
   </div>
   <div class='ocr_carea' id='block_1_49' title="bbox 1894 504 3483 578">
    <p class='ocr_par' dir='ltr' id='par_1_49' title="bbox 1894 504 3483 578">
     <span class='ocr_line' id='line_1_49' title="bbox 1894 504 3483 578; baseline 0.003 -20"><span class='ocrx_word' id='word_1_351' title='bbox 1894 504 2263 576; x_wconf 88' lang='grc' dir='ltr'>Περισσότερα</span> <span class='ocrx_word' id='word_1_352' title='bbox 2293 504 2472 560; x_wconf 81' lang='grc' dir='ltr'>αὐτῶν</span> <span class='ocrx_word' id='word_1_353' title='bbox 2500 508 2701 577; x_wconf 77' lang='grc' dir='ltr'>σημεῖα</span> <span class='ocrx_word' id='word_1_354' title='bbox 2722 505 2976 578; x_wconf 85' lang='grc' dir='ltr'>ἐποίησα·</span> <span class='ocrx_word' id='word_1_355' title='bbox 3006 506 3165 576; x_wconf 87' lang='grc' dir='ltr'>ἀλλά,</span> <span class='ocrx_word' id='word_1_356' title='bbox 3192 509 3483 577; x_wconf 60' lang='grc' dir='ltr'>Ιιερισσός</span> 
     </span>
    </p>
   </div>
   <div class='ocr_carea' id='block_1_50' title="bbox 1890 587 3482 663">
    <p class='ocr_par' dir='ltr' id='par_1_50' title="bbox 1890 587 3482 663">
     <span class='ocr_line' id='line_1_50' title="bbox 1890 587 3482 663; baseline 0.004 -22"><span class='ocrx_word' id='word_1_357' title='bbox 1890 604 2065 656; x_wconf 82' lang='grc' dir='ltr'>τερον</span> <span class='ocrx_word' id='word_1_358' title='bbox 2111 587 2311 642; x_wconf 83' lang='grc' dir='ltr'>αὐτῶν</span> <span class='ocrx_word' id='word_1_359' title='bbox 2354 589 2671 643; x_wconf 81' lang='grc' dir='ltr'>ἐκοπίασα.</span> <span class='ocrx_word' id='word_1_360' title='bbox 2717 590 2827 643; x_wconf 81' lang='lat' dir='ltr'>Kal</span> <span class='ocrx_word' id='word_1_361' title='bbox 2873 590 3018 663; x_wconf 88' lang='grc' dir='ltr'>λιμῷ</span> <span class='ocrx_word' id='word_1_362' title='bbox 3067 591 3125 646; x_wconf 78' lang='grc' dir='ltr'>δὲ</span> <span class='ocrx_word' id='word_1_363' title='bbox 3179 592 3269 647; x_wconf 89' lang='grc' dir='ltr'>διά</span> <span class='ocrx_word' id='word_1_364' title='bbox 3319 592 3482 647; x_wconf 90' lang='grc' dir='ltr'>τοῦτο</span> 
     </span>
    </p>
   </div>
   <div class='ocr_carea' id='block_1_51' title="bbox 1891 668 3477 748">
    <p class='ocr_par' dir='ltr' id='par_1_51' title="bbox 1891 668 3477 748">
     <span class='ocr_line' id='line_1_51' title="bbox 1891 668 3477 748; baseline 0.004 -25"><span class='ocrx_word' id='word_1_365' title='bbox 1891 669 2145 724; x_wconf 86' lang='grc' dir='ltr'>ἐϐούλετο</span> <span class='ocrx_word' id='word_1_366' title='bbox 2174 668 2464 725; x_wconf 85' lang='grc' dir='ltr'>ἀποθανεῖν</span> <span class='ocrx_word' id='word_1_367' title='bbox 2486 671 2574 724; x_wconf 73' lang='grc' dir='ltr'>διὰ</span> <span class='ocrx_word' id='word_1_368' title='bbox 2603 671 2702 743; x_wconf 82' lang='grc' dir='ltr'>τὴν</span> <span class='ocrx_word' id='word_1_369' title='bbox 2733 674 3013 745; x_wconf 88' lang='grc' dir='ltr'>σωτηρίαν</span> <span class='ocrx_word' id='word_1_370' title='bbox 3046 673 3157 728; x_wconf 88' lang='grc' dir='ltr'>τῶν</span> <span class='ocrx_word' id='word_1_371' title='bbox 3194 674 3477 748; x_wconf 87' lang='grc' dir='ltr'>μαθητῶν·</span> 
     </span>
    </p>
   </div>
   <div class='ocr_carea' id='block_1_52' title="bbox 1892 750 3485 825">
    <p class='ocr_par' dir='ltr' id='par_1_52' title="bbox 1892 750 3485 825">
     <span class='ocr_line' id='line_1_52' title="bbox 1892 750 3485 825; baseline 0.004 -21"><span class='ocrx_word' id='word_1_372' title='bbox 1892 751 2097 806; x_wconf 75' lang='grc' dir='ltr'>Καλὸν</span> <span class='ocrx_word' id='word_1_373' title='bbox 2133 750 2241 824; x_wconf 87' lang='grc' dir='ltr'>γάρ</span> <span class='ocrx_word' id='word_1_374' title='bbox 2285 769 2389 821; x_wconf 80' lang='grc' dir='ltr'>μοι</span> <span class='ocrx_word' id='word_1_375' title='bbox 2421 752 2685 822; x_wconf 74' lang='grc' dir='ltr'>μᾶλλον,</span> <span class='ocrx_word' id='word_1_376' title='bbox 2725 754 2915 825; x_wconf 78' lang='grc' dir='ltr'>φησὶν,</span> <span class='ocrx_word' id='word_1_377' title='bbox 2958 756 3308 823; x_wconf 81' lang='grc' dir='ltr'>ἀποθανεῖν,</span> <span class='ocrx_word' id='word_1_378' title='bbox 3343 757 3382 823; x_wconf 76' lang='grc' dir='ltr'>ἢ</span> <span class='ocrx_word' id='word_1_379' title='bbox 3412 757 3485 811; x_wconf 82' lang='grc' dir='ltr'>τὸ</span> 
     </span>
    </p>
   </div>
   <div class='ocr_carea' id='block_1_53' title="bbox 1892 833 3486 912">
    <p class='ocr_par' dir='ltr' id='par_1_53' title="bbox 1892 833 3486 912">
     <span class='ocr_line' id='line_1_53' title="bbox 1892 833 3486 912; baseline 0.004 -25"><span class='ocrx_word' id='word_1_380' title='bbox 1892 833 2174 904; x_wconf 80' lang='grc' dir='ltr'>καύχημά</span> <span class='ocrx_word' id='word_1_381' title='bbox 2199 851 2320 903; x_wconf 84' lang='grc' dir='ltr'>μου</span> <span class='ocrx_word' id='word_1_382' title='bbox 2348 836 2449 889; x_wconf 80' lang='grc' dir='ltr'>ἵνα</span> <span class='ocrx_word' id='word_1_383' title='bbox 2473 853 2564 902; x_wconf 85' lang='grc' dir='ltr'>τις</span> <span class='ocrx_word' id='word_1_384' title='bbox 2590 836 2852 906; x_wconf 70' lang='grc' dir='ltr'>κενώστν</span> <span class='ocrx_word' id='word_1_385' title='bbox 2874 838 2977 893; x_wconf 84' lang='grc' dir='ltr'>οὑκ</span> <span class='ocrx_word' id='word_1_386' title='bbox 2997 839 3185 911; x_wconf 81' lang='grc' dir='ltr'>ἐπειδὴ</span> <span class='ocrx_word' id='word_1_387' title='bbox 3212 841 3486 912; x_wconf 73' lang='grc' dir='ltr'>ἐκαυχᾶτο</span> 
     </span>
    </p>
   </div>
   <div class='ocr_carea' id='block_1_54' title="bbox 1891 916 3483 992">
    <p class='ocr_par' dir='ltr' id='par_1_54' title="bbox 1891 916 3483 992">
     <span class='ocr_line' id='line_1_54' title="bbox 1891 916 3483 992; baseline 0.005 -23"><span class='ocrx_word' id='word_1_388' title='bbox 1891 917 2076 981; x_wconf 83' lang='grc' dir='ltr'>αὐτὸς,</span> <span class='ocrx_word' id='word_1_389' title='bbox 2116 916 2232 971; x_wconf 88' lang='grc' dir='ltr'>ἀλλ’</span> <span class='ocrx_word' id='word_1_390' title='bbox 2265 917 2352 970; x_wconf 78' lang='grc' dir='ltr'>ἵνα</span> <span class='ocrx_word' id='word_1_391' title='bbox 2393 918 2468 990; x_wconf 84' lang='grc' dir='ltr'>μὴ</span> <span class='ocrx_word' id='word_1_392' title='bbox 2497 918 2623 991; x_wconf 80' lang='grc' dir='ltr'>δόξῃ</span> <span class='ocrx_word' id='word_1_393' title='bbox 2651 919 2931 984; x_wconf 83' lang='grc' dir='ltr'>ὀνειδίζειν</span> <span class='ocrx_word' id='word_1_394' title='bbox 2976 923 3180 987; x_wconf 82' lang='grc' dir='ltr'>αὐτοῖς.</span> <span class='ocrx_word' id='word_1_395' title='bbox 3225 923 3483 992; x_wconf 80' lang='grc' dir='ltr'>Οὐδαμοῦ</span> 
     </span>
    </p>
   </div>
   <div class='ocr_carea' id='block_1_55' title="bbox 1892 996 3482 1079">
    <p class='ocr_par' dir='ltr' id='par_1_55' title="bbox 1892 996 3482 1079">
     <span class='ocr_line' id='line_1_55' title="bbox 1892 996 3482 1079; baseline 0.007 -28"><span class='ocrx_word' id='word_1_396' title='bbox 1892 999 2003 1069; x_wconf 91' lang='lat'>7&amp;9</span> <span class='ocrx_word' id='word_1_397' title='bbox 2034 996 2142 1053; x_wconf 69' lang='grc' dir='ltr'>οἵδε</span> <span class='ocrx_word' id='word_1_398' title='bbox 2175 1000 2484 1071; x_wconf 83' lang='grc' dir='ltr'>καυχᾶσθαι</span> <span class='ocrx_word' id='word_1_399' title='bbox 2509 1001 2603 1054; x_wconf 78' lang='grc' dir='ltr'>ἐπὶ</span> <span class='ocrx_word' id='word_1_400' title='bbox 2637 1004 2750 1066; x_wconf 82' lang='grc' dir='ltr'>τοῖς</span> <span class='ocrx_word' id='word_1_401' title='bbox 2774 1002 2940 1057; x_wconf 85' lang='grc' dir='ltr'>αὑτοῦ</span> <span class='ocrx_word' id='word_1_402' title='bbox 2971 1005 3379 1079; x_wconf 79' lang='grc' dir='ltr'>κατορθώμασι,</span> <span class='ocrx_word' id='word_1_403' title='bbox 3405 1006 3482 1078; x_wconf 71' lang='grc' dir='ltr'>μὴ</span> 
     </span>
    </p>
   </div>
   <div class='ocr_carea' id='block_1_56' title="bbox 1892 1082 3479 1162">
    <p class='ocr_par' dir='ltr' id='par_1_56' title="bbox 1892 1082 3479 1162">
     <span class='ocr_line' id='line_1_56' title="bbox 1892 1082 3479 1162; baseline 0.004 -25"><span class='ocrx_word' id='word_1_404' title='bbox 1892 1082 2187 1147; x_wconf 88' lang='grc' dir='ltr'>καλοῦντος</span> <span class='ocrx_word' id='word_1_405' title='bbox 2252 1082 2468 1155; x_wconf 84' lang='grc' dir='ltr'>καιροῦ,</span> <span class='ocrx_word' id='word_1_406' title='bbox 2525 1084 2663 1139; x_wconf 88' lang='grc' dir='ltr'>ἀλλά</span> <span class='ocrx_word' id='word_1_407' title='bbox 2722 1086 2827 1141; x_wconf 81' lang='grc' dir='ltr'>κάν</span> <span class='ocrx_word' id='word_1_408' title='bbox 2883 1087 3229 1161; x_wconf 81' lang='grc' dir='ltr'>ἀναγκασθῇ,</span> <span class='ocrx_word' id='word_1_409' title='bbox 3264 1089 3479 1162; x_wconf 74' lang='grc' dir='ltr'>ἄφρονα</span> 
     </span>
    </p>
   </div>
   <div class='ocr_carea' id='block_1_57' title="bbox 1899 1165 2297 1220">
    <p class='ocr_par' dir='ltr' id='par_1_57' title="bbox 1899 1165 2297 1220">
     <span class='ocr_line' id='line_1_57' title="bbox 1899 1165 2297 1220; baseline 0.005 -2"><span class='ocrx_word' id='word_1_410' title='bbox 1899 1165 2095 1219; x_wconf 85' lang='grc' dir='ltr'>ἐαυτὸν</span> <span class='ocrx_word' id='word_1_411' title='bbox 2124 1165 2297 1220; x_wconf 83' lang='grc' dir='ltr'>καλεῖ.</span> 
     </span>
    </p>
   </div>
   <div class='ocr_carea' id='block_1_58' title="bbox 1965 1248 3481 1327">
    <p class='ocr_par' dir='ltr' id='par_1_58' title="bbox 1965 1248 3481 1327">
     <span class='ocr_line' id='line_1_58' title="bbox 1965 1248 3481 1327; baseline 0.004 -25"><span class='ocrx_word' id='word_1_412' title='bbox 1965 1249 2028 1302; x_wconf 86' lang='grc' dir='ltr'>Εἰ</span> <span class='ocrx_word' id='word_1_413' title='bbox 2061 1248 2119 1303; x_wconf 88' lang='grc' dir='ltr'>δέ</span> <span class='ocrx_word' id='word_1_414' title='bbox 2165 1266 2296 1302; x_wconf 85' lang='grc' dir='ltr'>ποτε</span> <span class='ocrx_word' id='word_1_415' title='bbox 2323 1248 2418 1302; x_wconf 80' lang='grc' dir='ltr'>καί</span> <span class='ocrx_word' id='word_1_416' title='bbox 2451 1250 2747 1320; x_wconf 81' lang='grc' dir='ltr'>καυχᾶται,</span> <span class='ocrx_word' id='word_1_417' title='bbox 2779 1251 2838 1304; x_wconf 86' lang='grc' dir='ltr'>ἐν</span> <span class='ocrx_word' id='word_1_418' title='bbox 2867 1252 3193 1318; x_wconf 88' lang='grc' dir='ltr'>ἀσθενείαις,</span> <span class='ocrx_word' id='word_1_419' title='bbox 3228 1255 3287 1308; x_wconf 82' lang='grc' dir='ltr'>ἐν</span> <span class='ocrx_word' id='word_1_420' title='bbox 3318 1253 3481 1327; x_wconf 74' lang='grc' dir='ltr'>ὕϐρε-</span> 
     </span>
    </p>
   </div>
   <div class='ocr_carea' id='block_1_59' title="bbox 1897 1332 3478 1409">
    <p class='ocr_par' dir='ltr' id='par_1_59' title="bbox 1897 1332 3478 1409">
     <span class='ocr_line' id='line_1_59' title="bbox 1897 1332 3478 1409; baseline 0.005 -24"><span class='ocrx_word' id='word_1_421' title='bbox 1897 1349 2002 1396; x_wconf 90' lang='grc' dir='ltr'>σιν,</span> <span class='ocrx_word' id='word_1_422' title='bbox 2035 1332 2094 1387; x_wconf 83' lang='grc' dir='ltr'>ἐν</span> <span class='ocrx_word' id='word_1_423' title='bbox 2125 1333 2203 1404; x_wconf 84' lang='grc' dir='ltr'>τῷ</span> <span class='ocrx_word' id='word_1_424' title='bbox 2230 1333 2477 1405; x_wconf 84' lang='grc' dir='ltr'>σφοδρῶς</span> <span class='ocrx_word' id='word_1_425' title='bbox 2520 1334 2805 1404; x_wconf 82' lang='grc' dir='ltr'>συναλγεῖν</span> <span class='ocrx_word' id='word_1_426' title='bbox 2843 1338 2957 1400; x_wconf 86' lang='grc' dir='ltr'>τοῖς</span> <span class='ocrx_word' id='word_1_427' title='bbox 2996 1336 3478 1409; x_wconf 77' lang='grc' dir='ltr'>ἐπηρεαζομένοιςο</span> 
     </span>
    </p>
   </div>
   <div class='ocr_carea' id='block_1_60' title="bbox 1894 1412 3480 1489">
    <p class='ocr_par' dir='ltr' id='par_1_60' title="bbox 1894 1412 3480 1489">
     <span class='ocr_line' id='line_1_60' title="bbox 1894 1412 3480 1489; baseline 0.004 -19"><span class='ocrx_word' id='word_1_428' title='bbox 1894 1415 2083 1489; x_wconf 89' lang='grc' dir='ltr'>ῶσπερ</span> <span class='ocrx_word' id='word_1_429' title='bbox 2112 1412 2204 1470; x_wconf 76' lang='grc' dir='ltr'>οὖν</span> <span class='ocrx_word' id='word_1_430' title='bbox 2234 1417 2329 1471; x_wconf 78' lang='grc' dir='ltr'>καί</span> <span class='ocrx_word' id='word_1_431' title='bbox 2360 1415 2596 1471; x_wconf 84' lang='grc' dir='ltr'>ἐνταῦθά</span> <span class='ocrx_word' id='word_1_432' title='bbox 2628 1434 2785 1489; x_wconf 88' lang='grc' dir='ltr'>φησι,</span> <span class='ocrx_word' id='word_1_433' title='bbox 2816 1416 2916 1485; x_wconf 83' lang='grc' dir='ltr'>Τίς</span> <span class='ocrx_word' id='word_1_434' title='bbox 2938 1419 3204 1485; x_wconf 82' lang='grc' dir='ltr'>ἀσθενεῖ,</span> <span class='ocrx_word' id='word_1_435' title='bbox 3237 1421 3336 1474; x_wconf 81' lang='grc' dir='ltr'>καὶ</span> <span class='ocrx_word' id='word_1_436' title='bbox 3368 1424 3480 1477; x_wconf 81' lang='grc' dir='ltr'>οὐκ</span> 
     </span>
    </p>
   </div>
   <div class='ocr_carea' id='block_1_61' title="bbox 1893 1497 3476 1574">
    <p class='ocr_par' dir='ltr' id='par_1_61' title="bbox 1893 1497 3476 1574">
     <span class='ocr_line' id='line_1_61' title="bbox 1893 1497 3476 1574; baseline 0.004 -21"><span class='ocrx_word' id='word_1_437' title='bbox 1893 1497 2165 1562; x_wconf 85' lang='grc' dir='ltr'>ἀσθενῶ;</span> <span class='ocrx_word' id='word_1_438' title='bbox 2188 1498 2371 1552; x_wconf 81' lang='grc' dir='ltr'>Ταῦτα</span> <span class='ocrx_word' id='word_1_439' title='bbox 2396 1499 2491 1552; x_wconf 81' lang='grc' dir='ltr'>καί</span> <span class='ocrx_word' id='word_1_440' title='bbox 2516 1498 2778 1553; x_wconf 81' lang='grc' dir='ltr'>κινδύνων</span> <span class='ocrx_word' id='word_1_441' title='bbox 2816 1500 2986 1571; x_wconf 82' lang='grc' dir='ltr'>μείζω</span> <span class='ocrx_word' id='word_1_442' title='bbox 3014 1502 3084 1556; x_wconf 88' lang='grc' dir='ltr'>τά</span> <span class='ocrx_word' id='word_1_443' title='bbox 3120 1503 3364 1574; x_wconf 63' lang='grc' dir='ltr'>ρήματω</span> <span class='ocrx_word' id='word_1_444' title='bbox 3394 1505 3476 1560; x_wconf 81' lang='grc' dir='ltr'>διὸ</span> 
     </span>
    </p>
   </div>
   <div class='ocr_carea' id='block_1_62' title="bbox 1896 1581 3485 1655">
    <p class='ocr_par' dir='ltr' id='par_1_62' title="bbox 1896 1581 3485 1655">
     <span class='ocr_line' id='line_1_62' title="bbox 1896 1581 3485 1655; baseline 0.003 -19"><span class='ocrx_word' id='word_1_445' title='bbox 1896 1583 1992 1636; x_wconf 76' lang='grc' dir='ltr'>καὶ</span> <span class='ocrx_word' id='word_1_446' title='bbox 2017 1581 2246 1653; x_wconf 76' lang='grc' dir='ltr'>ὕστερον</span> <span class='ocrx_word' id='word_1_447' title='bbox 2268 1582 2408 1637; x_wconf 86' lang='grc' dir='ltr'>αύτά</span> <span class='ocrx_word' id='word_1_448' title='bbox 2427 1582 2661 1655; x_wconf 89' lang='grc' dir='ltr'>τίθησιν,</span> <span class='ocrx_word' id='word_1_449' title='bbox 2691 1582 2870 1651; x_wconf 73' lang='grc' dir='ltr'>αὔξων</span> <span class='ocrx_word' id='word_1_450' title='bbox 2895 1585 2988 1639; x_wconf 80' lang='grc' dir='ltr'>τὸν</span> <span class='ocrx_word' id='word_1_451' title='bbox 3009 1584 3187 1654; x_wconf 91' lang='grc' dir='ltr'>λόγον.</span> <span class='ocrx_word' id='word_1_452' title='bbox 3214 1586 3369 1654; x_wconf 89' lang='grc' dir='ltr'>Τίνος</span> <span class='ocrx_word' id='word_1_453' title='bbox 3387 1584 3485 1643; x_wconf 82' lang='grc' dir='ltr'>οῦν</span> 
     </span>
    </p>
   </div>
   <div class='ocr_carea' id='block_1_63' title="bbox 1896 1663 3485 1742">
    <p class='ocr_par' dir='ltr' id='par_1_63' title="bbox 1896 1663 3485 1742">
     <span class='ocr_line' id='line_1_63' title="bbox 1896 1663 3485 1742; baseline 0.003 -23"><span class='ocrx_word' id='word_1_454' title='bbox 1896 1663 1964 1719; x_wconf 80' lang='grc' dir='ltr'>ἂν</span> <span class='ocrx_word' id='word_1_455' title='bbox 1990 1664 2183 1736; x_wconf 78' lang='grc' dir='ltr'>εἴημεν</span> <span class='ocrx_word' id='word_1_456' title='bbox 2218 1664 2358 1730; x_wconf 81' lang='grc' dir='ltr'>ἄξιοι</span> <span class='ocrx_word' id='word_1_457' title='bbox 2401 1666 2563 1737; x_wconf 80' lang='grc' dir='ltr'>ἡμεῖς</span> <span class='ocrx_word' id='word_1_458' title='bbox 2586 1666 2723 1738; x_wconf 85' lang='grc' dir='ltr'>πρὸς</span> <span class='ocrx_word' id='word_1_459' title='bbox 2753 1667 2961 1722; x_wconf 81' lang='grc' dir='ltr'>ἐκεῖνον</span> <span class='ocrx_word' id='word_1_460' title='bbox 2993 1666 3395 1742; x_wconf 78' lang='grc' dir='ltr'>ἐξεταζόμενοι,</span> <span class='ocrx_word' id='word_1_461' title='bbox 3429 1672 3485 1724; x_wconf 84' lang='grc' dir='ltr'>οί</span> 
     </span>
    </p>
   </div>
   <div class='ocr_carea' id='block_1_64' title="bbox 1899 1747 3482 1823">
    <p class='ocr_par' dir='ltr' id='par_1_64' title="bbox 1899 1747 3482 1823">
     <span class='ocr_line' id='line_1_64' title="bbox 1899 1747 3482 1823; baseline 0.004 -23"><span class='ocrx_word' id='word_1_462' title='bbox 1899 1748 2040 1820; x_wconf 82' lang='grc' dir='ltr'>μήτε</span> <span class='ocrx_word' id='word_1_463' title='bbox 2091 1747 2392 1820; x_wconf 87' lang='grc' dir='ltr'>χρημάτων</span> <span class='ocrx_word' id='word_1_464' title='bbox 2434 1749 2904 1820; x_wconf 82' lang='grc' dir='ltr'>καταφρονοῦντες</span> <span class='ocrx_word' id='word_1_465' title='bbox 2950 1749 3019 1804; x_wconf 86' lang='grc' dir='ltr'>δι’</span> <span class='ocrx_word' id='word_1_466' title='bbox 3057 1752 3206 1823; x_wconf 77' lang='grc' dir='ltr'>ἡμᾶς</span> <span class='ocrx_word' id='word_1_467' title='bbox 3258 1754 3482 1816; x_wconf 80' lang='grc' dir='ltr'>αὐτοὺς,</span> 
     </span>
    </p>
   </div>
   <div class='ocr_carea' id='block_1_65' title="bbox 1898 1830 3484 1904">
    <p class='ocr_par' dir='ltr' id='par_1_65' title="bbox 1898 1830 3484 1904">
     <span class='ocr_line' id='line_1_65' title="bbox 1898 1830 3484 1904; baseline 0.003 -20"><span class='ocrx_word' id='word_1_468' title='bbox 1898 1831 2036 1901; x_wconf 79' lang='grc' dir='ltr'>μήτε</span> <span class='ocrx_word' id='word_1_469' title='bbox 2085 1830 2155 1885; x_wconf 82' lang='grc' dir='ltr'>τά</span> <span class='ocrx_word' id='word_1_470' title='bbox 2197 1830 2430 1904; x_wconf 87' lang='grc' dir='ltr'>περιττά</span> <span class='ocrx_word' id='word_1_471' title='bbox 2475 1833 2789 1903; x_wconf 81' lang='grc' dir='ltr'>προϊέμενοι</span> <span class='ocrx_word' id='word_1_472' title='bbox 2820 1833 2929 1887; x_wconf 90' lang='grc' dir='ltr'>τῶν</span> <span class='ocrx_word' id='word_1_473' title='bbox 2962 1832 3170 1900; x_wconf 82' lang='grc' dir='ltr'>δντων;</span> <span class='ocrx_word' id='word_1_474' title='bbox 3214 1834 3352 1888; x_wconf 83' lang='grc' dir='ltr'>Ἀλλ’</span> <span class='ocrx_word' id='word_1_475' title='bbox 3382 1835 3484 1888; x_wconf 79' lang='grc' dir='ltr'>οὐκ</span> 
     </span>
    </p>
   </div>
   <div class='ocr_carea' id='block_1_66' title="bbox 1896 1910 3481 1989">
    <p class='ocr_par' dir='ltr' id='par_1_66' title="bbox 1896 1910 3481 1989">
     <span class='ocr_line' id='line_1_66' title="bbox 1896 1910 3481 1989; baseline 0.004 -25"><span class='ocrx_word' id='word_1_476' title='bbox 1896 1913 2101 1976; x_wconf 83' lang='grc' dir='ltr'>ἐκεῖνος</span> <span class='ocrx_word' id='word_1_477' title='bbox 2130 1910 2324 1977; x_wconf 78' lang='grc' dir='ltr'>οὕτως,</span> <span class='ocrx_word' id='word_1_478' title='bbox 2361 1912 2498 1967; x_wconf 89' lang='grc' dir='ltr'>ἀλλά</span> <span class='ocrx_word' id='word_1_479' title='bbox 2525 1915 2620 1967; x_wconf 75' lang='grc' dir='ltr'>καὶ</span> <span class='ocrx_word' id='word_1_480' title='bbox 2644 1915 2743 1986; x_wconf 84' lang='grc' dir='ltr'>τὴν</span> <span class='ocrx_word' id='word_1_481' title='bbox 2770 1915 2948 1987; x_wconf 80' lang='grc' dir='ltr'>ψυχὴν</span> <span class='ocrx_word' id='word_1_482' title='bbox 2974 1915 3069 1970; x_wconf 72' lang='grc' dir='ltr'>καὶ</span> <span class='ocrx_word' id='word_1_483' title='bbox 3094 1916 3156 1970; x_wconf 86' lang='grc' dir='ltr'>τὸ</span> <span class='ocrx_word' id='word_1_484' title='bbox 3192 1917 3350 1989; x_wconf 92' lang='grc' dir='ltr'>σῶμα</span> <span class='ocrx_word' id='word_1_485' title='bbox 3378 1918 3481 1971; x_wconf 73' lang='grc' dir='ltr'>ἐπ-</span> 
     </span>
    </p>
   </div>
   <div class='ocr_carea' id='block_1_67' title="bbox 1895 1995 3484 2071">
    <p class='ocr_par' dir='ltr' id='par_1_67' title="bbox 1895 1995 3484 2071">
     <span class='ocr_line' id='line_1_67' title="bbox 1895 1995 3484 2071; baseline 0.002 -21"><span class='ocrx_word' id='word_1_486' title='bbox 1895 1996 2088 2064; x_wconf 79' lang='grc' dir='ltr'>εδίδου,</span> <span class='ocrx_word' id='word_1_487' title='bbox 2116 1996 2201 2049; x_wconf 78' lang='grc' dir='ltr'>ἵνα</span> <span class='ocrx_word' id='word_1_488' title='bbox 2221 1997 2272 2049; x_wconf 86' lang='grc' dir='ltr'>οἰ</span> <span class='ocrx_word' id='word_1_489' title='bbox 2297 1995 2620 2062; x_wconf 88' lang='grc' dir='ltr'>λιθάσαντες</span> <span class='ocrx_word' id='word_1_490' title='bbox 2640 1997 2801 2051; x_wconf 82' lang='grc' dir='ltr'>αὐτὸν</span> <span class='ocrx_word' id='word_1_491' title='bbox 2830 2000 2925 2053; x_wconf 73' lang='grc' dir='ltr'>καὶ</span> <span class='ocrx_word' id='word_1_492' title='bbox 2949 1998 3298 2071; x_wconf 79' lang='grc' dir='ltr'>ραπίσαντες,</span> <span class='ocrx_word' id='word_1_493' title='bbox 3330 2000 3484 2071; x_wconf 86' lang='grc' dir='ltr'>βασι-</span> 
     </span>
    </p>
   </div>
   <div class='ocr_carea' id='block_1_68' title="bbox 1893 2080 3483 2155">
    <p class='ocr_par' dir='ltr' id='par_1_68' title="bbox 1893 2080 3483 2155">
     <span class='ocr_line' id='line_1_68' title="bbox 1893 2080 3483 2155; baseline 0.001 -21"><span class='ocrx_word' id='word_1_494' title='bbox 1893 2080 2044 2143; x_wconf 87' lang='grc' dir='ltr'>λείας</span> <span class='ocrx_word' id='word_1_495' title='bbox 2073 2081 2426 2151; x_wconf 85' lang='grc' dir='ltr'>ἐπιτύχωσιν.</span> <span class='ocrx_word' id='word_1_496' title='bbox 2453 2080 2610 2134; x_wconf 80' lang='grc' dir='ltr'>Οὕτω</span> <span class='ocrx_word' id='word_1_497' title='bbox 2638 2081 2747 2154; x_wconf 92' lang='grc' dir='ltr'>γάρ</span> <span class='ocrx_word' id='word_1_498' title='bbox 2783 2099 2873 2153; x_wconf 89' lang='grc' dir='ltr'>με,</span> <span class='ocrx_word' id='word_1_499' title='bbox 2908 2082 3094 2154; x_wconf 77' lang='grc' dir='ltr'>φησὶν,</span> <span class='ocrx_word' id='word_1_500' title='bbox 3120 2084 3344 2155; x_wconf 79' lang='grc' dir='ltr'>ἀγαπᾷν</span> <span class='ocrx_word' id='word_1_501' title='bbox 3371 2083 3483 2138; x_wconf 79' lang='grc' dir='ltr'>ἐδίο</span> 
     </span>
    </p>
   </div>
   <div class='ocr_carea' id='block_1_69' title="bbox 1895 2161 3483 2238">
    <p class='ocr_par' dir='ltr' id='par_1_69' title="bbox 1895 2161 3483 2238">
     <span class='ocr_line' id='line_1_69' title="bbox 1895 2161 3483 2238; baseline 0.002 -21"><span class='ocrx_word' id='word_1_502' title='bbox 1895 2161 2053 2230; x_wconf 83' lang='grc' dir='ltr'>δαξεν</span> <span class='ocrx_word' id='word_1_503' title='bbox 2079 2164 2106 2215; x_wconf 85' lang='grc' dir='ltr'><strong>ὁ</strong></span> <span class='ocrx_word' id='word_1_504' title='bbox 2125 2162 2382 2234; x_wconf 83' lang='grc' dir='ltr'>Χριστὸς,</span> <span class='ocrx_word' id='word_1_505' title='bbox 2412 2164 2441 2216; x_wconf 81' lang='grc' dir='ltr'>ὁ</span> <span class='ocrx_word' id='word_1_506' title='bbox 2462 2162 2561 2234; x_wconf 79' lang='grc' dir='ltr'>τὴν</span> <span class='ocrx_word' id='word_1_507' title='bbox 2591 2164 2760 2237; x_wconf 83' lang='grc' dir='ltr'>καλὴν</span> <span class='ocrx_word' id='word_1_508' title='bbox 2792 2165 3013 2238; x_wconf 79' lang='grc' dir='ltr'>ἐντολὴν</span> <span class='ocrx_word' id='word_1_509' title='bbox 3038 2166 3360 2221; x_wconf 86' lang='grc' dir='ltr'>καταλιπὼν</span> <span class='ocrx_word' id='word_1_510' title='bbox 3380 2166 3483 2237; x_wconf 80' lang='grc' dir='ltr'>τὴν</span> 
     </span>
    </p>
   </div>
   <div class='ocr_carea' id='block_1_70' title="bbox 1896 2244 3485 2321">
    <p class='ocr_par' dir='ltr' id='par_1_70' title="bbox 1896 2244 3485 2321">
     <span class='ocr_line' id='line_1_70' title="bbox 1896 2244 3485 2321; baseline 0.003 -23"><span class='ocrx_word' id='word_1_511' title='bbox 1896 2247 2025 2319; x_wconf 74' lang='grc' dir='ltr'>περὶ</span> <span class='ocrx_word' id='word_1_512' title='bbox 2063 2245 2164 2315; x_wconf 85' lang='grc' dir='ltr'>τῆς</span> <span class='ocrx_word' id='word_1_513' title='bbox 2192 2244 2434 2316; x_wconf 85' lang='grc' dir='ltr'>ἀγάπης,</span> <span class='ocrx_word' id='word_1_514' title='bbox 2460 2246 2555 2300; x_wconf 81' lang='grc' dir='ltr'>καὶ</span> <span class='ocrx_word' id='word_1_515' title='bbox 2575 2246 2644 2318; x_wconf 80' lang='grc' dir='ltr'>ἣν</span> <span class='ocrx_word' id='word_1_516' title='bbox 2669 2247 2830 2311; x_wconf 79' lang='grc' dir='ltr'>αὐτὸς</span> <span class='ocrx_word' id='word_1_517' title='bbox 2856 2248 2945 2303; x_wconf 90' lang='grc' dir='ltr'>διά</span> <span class='ocrx_word' id='word_1_518' title='bbox 2970 2249 3078 2303; x_wconf 89' lang='grc' dir='ltr'>τῶν</span> <span class='ocrx_word' id='word_1_519' title='bbox 3105 2249 3281 2321; x_wconf 76' lang='grc' dir='ltr'>ἔργων</span> <span class='ocrx_word' id='word_1_520' title='bbox 3314 2248 3485 2320; x_wconf 81' lang='grc' dir='ltr'>ἐπλή-</span> 
     </span>
    </p>
   </div>
   <div class='ocr_carea' id='block_1_71' title="bbox 1900 2327 3484 2404">
    <p class='ocr_par' dir='ltr' id='par_1_71' title="bbox 1900 2327 3484 2404">
     <span class='ocr_line' id='line_1_71' title="bbox 1900 2327 3484 2404; baseline 0.002 -21"><span class='ocrx_word' id='word_1_521' title='bbox 1900 2346 2061 2404; x_wconf 88' lang='grc' dir='ltr'>ρωσε.</span> <span class='ocrx_word' id='word_1_522' title='bbox 2086 2329 2197 2383; x_wconf 83' lang='lat' dir='ltr'>Kal</span> <span class='ocrx_word' id='word_1_523' title='bbox 2220 2328 2330 2400; x_wconf 90' lang='lat'>7&amp;9</span> <span class='ocrx_word' id='word_1_524' title='bbox 2359 2327 2614 2400; x_wconf 79' lang='grc' dir='ltr'>βασιλεὺς</span> <span class='ocrx_word' id='word_1_525' title='bbox 2640 2330 2751 2385; x_wconf 87' lang='grc' dir='ltr'>τῶν</span> <span class='ocrx_word' id='word_1_526' title='bbox 2778 2331 2917 2385; x_wconf 82' lang='grc' dir='ltr'>ὅλων</span> <span class='ocrx_word' id='word_1_527' title='bbox 2935 2334 3240 2404; x_wconf 87' lang='grc' dir='ltr'>τυγχάνων,</span> <span class='ocrx_word' id='word_1_528' title='bbox 3268 2332 3484 2401; x_wconf 79' lang='grc' dir='ltr'>καὶτῆς</span> 
     </span>
    </p>
   </div>
   <div class='ocr_carea' id='block_1_72' title="bbox 1900 2411 3485 2487">
    <p class='ocr_par' dir='ltr' id='par_1_72' title="bbox 1900 2411 3485 2487">
     <span class='ocr_line' id='line_1_72' title="bbox 1900 2411 3485 2487; baseline 0.003 -21"><span class='ocrx_word' id='word_1_529' title='bbox 1900 2411 2176 2485; x_wconf 88' lang='grc' dir='ltr'>μακαρίας</span> <span class='ocrx_word' id='word_1_530' title='bbox 2204 2412 2419 2483; x_wconf 81' lang='grc' dir='ltr'>ἐκείνης</span> <span class='ocrx_word' id='word_1_531' title='bbox 2445 2412 2660 2482; x_wconf 88' lang='grc' dir='ltr'>φύσεως</span> <span class='ocrx_word' id='word_1_532' title='bbox 2685 2411 2781 2478; x_wconf 84' lang='grc' dir='ltr'>ὢν,</span> <span class='ocrx_word' id='word_1_533' title='bbox 2817 2415 3155 2487; x_wconf 83' lang='grc' dir='ltr'>ἀνθρώπους,</span> <span class='ocrx_word' id='word_1_534' title='bbox 3177 2415 3269 2481; x_wconf 82' lang='grc' dir='ltr'>οὓς</span> <span class='ocrx_word' id='word_1_535' title='bbox 3297 2415 3356 2483; x_wconf 81' lang='grc' dir='ltr'>ἐξ</span> <span class='ocrx_word' id='word_1_536' title='bbox 3380 2414 3485 2471; x_wconf 72' lang='grc' dir='ltr'>οὐκ</span> 
     </span>
    </p>
   </div>
   <div class='ocr_carea' id='block_1_73' title="bbox 1895 2494 3482 2570">
    <p class='ocr_par' dir='ltr' id='par_1_73' title="bbox 1895 2494 3482 2570">
     <span class='ocr_line' id='line_1_73' title="bbox 1895 2494 3482 2570; baseline 0 -19"><span class='ocrx_word' id='word_1_537' title='bbox 1895 2496 2065 2551; x_wconf 73' lang='grc' dir='ltr'>ὄντων</span> <span class='ocrx_word' id='word_1_538' title='bbox 2093 2495 2337 2567; x_wconf 90' lang='grc' dir='ltr'>ἐποίησε,</span> <span class='ocrx_word' id='word_1_539' title='bbox 2369 2495 2463 2549; x_wconf 81' lang='grc' dir='ltr'>καὶ</span> <span class='ocrx_word' id='word_1_540' title='bbox 2497 2494 2591 2559; x_wconf 79' lang='grc' dir='ltr'>οὓς</span> <span class='ocrx_word' id='word_1_541' title='bbox 2632 2497 2802 2568; x_wconf 90' lang='grc' dir='ltr'>μυρία</span> <span class='ocrx_word' id='word_1_542' title='bbox 2842 2497 3208 2570; x_wconf 74' lang='grc' dir='ltr'>εὐηργέτησε,</span> <span class='ocrx_word' id='word_1_543' title='bbox 3253 2497 3482 2562; x_wconf 77' lang='grc' dir='ltr'>τούτους</span> 
     </span>
    </p>
   </div>
   <div class='ocr_carea' id='block_1_74' title="bbox 1897 2577 3485 2653">
    <p class='ocr_par' dir='ltr' id='par_1_74' title="bbox 1897 2577 3485 2653">
     <span class='ocr_line' id='line_1_74' title="bbox 1897 2577 3485 2653; baseline 0.001 -21"><span class='ocrx_word' id='word_1_544' title='bbox 1897 2577 2222 2651; x_wconf 81' lang='grc' dir='ltr'>ὑϐρίζοντας</span> <span class='ocrx_word' id='word_1_545' title='bbox 2273 2578 2367 2630; x_wconf 76' lang='grc' dir='ltr'>καὶ</span> <span class='ocrx_word' id='word_1_546' title='bbox 2415 2577 2775 2643; x_wconf 84' lang='grc' dir='ltr'>διαπτύοντας</span> <span class='ocrx_word' id='word_1_547' title='bbox 2820 2580 2921 2634; x_wconf 83' lang='grc' dir='ltr'>οὒκ</span> <span class='ocrx_word' id='word_1_548' title='bbox 2963 2581 3315 2653; x_wconf 84' lang='grc' dir='ltr'>ἀπεστράφη,</span> <span class='ocrx_word' id='word_1_549' title='bbox 3343 2581 3485 2634; x_wconf 88' lang='grc' dir='ltr'>ἀλλά</span> 
     </span>
    </p>
   </div>
   <div class='ocr_carea' id='block_1_75' title="bbox 1897 2660 3482 2734">
    <p class='ocr_par' dir='ltr' id='par_1_75' title="bbox 1897 2660 3482 2734">
     <span class='ocr_line' id='line_1_75' title="bbox 1897 2660 3482 2734; baseline 0.002 -20"><span class='ocrx_word' id='word_1_550' title='bbox 1897 2661 1994 2714; x_wconf 78' lang='grc' dir='ltr'>καὶ</span> <span class='ocrx_word' id='word_1_551' title='bbox 2025 2661 2315 2732; x_wconf 81' lang='grc' dir='ltr'>ἄνθρωπος</span> <span class='ocrx_word' id='word_1_552' title='bbox 2344 2660 2560 2729; x_wconf 79' lang='grc' dir='ltr'>ἐγένετο</span> <span class='ocrx_word' id='word_1_553' title='bbox 2590 2660 2657 2713; x_wconf 88' lang='grc' dir='ltr'>δι’</span> <span class='ocrx_word' id='word_1_554' title='bbox 2684 2662 2903 2727; x_wconf 82' lang='grc' dir='ltr'>αὐτοὺς,</span> <span class='ocrx_word' id='word_1_555' title='bbox 2930 2664 3028 2717; x_wconf 76' lang='grc' dir='ltr'>καὶ</span> <span class='ocrx_word' id='word_1_556' title='bbox 3066 2662 3482 2734; x_wconf 85' lang='grc' dir='ltr'>συνανεστράφη</span> 
     </span>
    </p>
   </div>
   <div class='ocr_carea' id='block_1_76' title="bbox 1897 2743 3480 2818">
    <p class='ocr_par' dir='ltr' id='par_1_76' title="bbox 1897 2743 3480 2818">
     <span class='ocr_line' id='line_1_76' title="bbox 1897 2743 3480 2818; baseline 0.003 -21"><span class='ocrx_word' id='word_1_557' title='bbox 1897 2743 2127 2815; x_wconf 87' lang='grc' dir='ltr'>πόρναις</span> <span class='ocrx_word' id='word_1_558' title='bbox 2156 2743 2252 2798; x_wconf 76' lang='grc' dir='ltr'>καὶ</span> <span class='ocrx_word' id='word_1_559' title='bbox 2276 2743 2556 2808; x_wconf 83' lang='grc' dir='ltr'>τελώναις,</span> <span class='ocrx_word' id='word_1_560' title='bbox 2581 2745 2675 2798; x_wconf 74' lang='grc' dir='ltr'>καὶ</span> <span class='ocrx_word' id='word_1_561' title='bbox 2700 2746 2827 2810; x_wconf 80' lang='grc' dir='ltr'>τοὺς</span> <span class='ocrx_word' id='word_1_562' title='bbox 2848 2746 3223 2818; x_wconf 89' lang='grc' dir='ltr'>δαιμονῶντας</span> <span class='ocrx_word' id='word_1_563' title='bbox 3268 2747 3480 2809; x_wconf 85' lang='grc' dir='ltr'>ἰάσατο,</span> 
     </span>
    </p>
   </div>
   <div class='ocr_carea' id='block_1_77' title="bbox 1900 2826 3485 2900">
    <p class='ocr_par' dir='ltr' id='par_1_77' title="bbox 1900 2826 3485 2900">
     <span class='ocr_line' id='line_1_77' title="bbox 1900 2826 3485 2900; baseline 0.003 -21"><span class='ocrx_word' id='word_1_564' title='bbox 1900 2827 1993 2880; x_wconf 68' lang='grc' dir='ltr'>καὶ</span> <span class='ocrx_word' id='word_1_565' title='bbox 2016 2827 2108 2882; x_wconf 86' lang='grc' dir='ltr'>τὸν</span> <span class='ocrx_word' id='word_1_566' title='bbox 2136 2826 2365 2899; x_wconf 83' lang='grc' dir='ltr'>οὐρανὸν</span> <span class='ocrx_word' id='word_1_567' title='bbox 2392 2826 2775 2898; x_wconf 86' lang='grc' dir='ltr'>ἐπηγγείλατο.</span> <span class='ocrx_word' id='word_1_568' title='bbox 2799 2828 2910 2883; x_wconf 83' lang='lat' dir='ltr'>Kal</span> <span class='ocrx_word' id='word_1_569' title='bbox 2942 2828 3081 2900; x_wconf 83' lang='grc' dir='ltr'>μετὰ</span> <span class='ocrx_word' id='word_1_570' title='bbox 3104 2829 3279 2883; x_wconf 83' lang='grc' dir='ltr'>ταῦτα</span> <span class='ocrx_word' id='word_1_571' title='bbox 3304 2829 3485 2884; x_wconf 82' lang='grc' dir='ltr'>πάντα</span> 
     </span>
    </p>
   </div>
   <div class='ocr_carea' id='block_1_78' title="bbox 1897 2909 3482 2983">
    <p class='ocr_par' dir='ltr' id='par_1_78' title="bbox 1897 2909 3482 2983">
     <span class='ocr_line' id='line_1_78' title="bbox 1897 2909 3482 2983; baseline 0.002 -20"><span class='ocrx_word' id='word_1_572' title='bbox 1897 2910 2155 2974; x_wconf 87' lang='grc' dir='ltr'>λαϐόντες</span> <span class='ocrx_word' id='word_1_573' title='bbox 2200 2909 2364 2964; x_wconf 80' lang='grc' dir='ltr'>αὐτὸν</span> <span class='ocrx_word' id='word_1_574' title='bbox 2416 2910 2743 2983; x_wconf 79' lang='grc' dir='ltr'>ἐρῤάπισαν,</span> <span class='ocrx_word' id='word_1_575' title='bbox 2794 2911 3014 2981; x_wconf 77' lang='grc' dir='ltr'>ἔδησαν,</span> <span class='ocrx_word' id='word_1_576' title='bbox 3074 2912 3482 2982; x_wconf 88' lang='grc' dir='ltr'>ἐμαστίγωσαν,</span> 
     </span>
    </p>
   </div>
   <div class='ocr_carea' id='block_1_79' title="bbox 1900 2993 3486 3067">
    <p class='ocr_par' dir='ltr' id='par_1_79' title="bbox 1900 2993 3486 3067">
     <span class='ocr_line' id='line_1_79' title="bbox 1900 2993 3486 3067; baseline 0 -18"><span class='ocrx_word' id='word_1_577' title='bbox 1900 2993 2289 3063; x_wconf 81' lang='grc' dir='ltr'>κατεγέλασαν,</span> <span class='ocrx_word' id='word_1_578' title='bbox 2315 2994 2471 3058; x_wconf 81' lang='grc' dir='ltr'>τέλος</span> <span class='ocrx_word' id='word_1_579' title='bbox 2501 2994 2873 3067; x_wconf 81' lang='grc' dir='ltr'>ἐσταύρωσαν.</span> <span class='ocrx_word' id='word_1_580' title='bbox 2900 2996 3009 3050; x_wconf 87' lang='lat' dir='ltr'>Kal</span> <span class='ocrx_word' id='word_1_581' title='bbox 3038 2995 3159 3049; x_wconf 88' lang='grc' dir='ltr'>ούδέ</span> <span class='ocrx_word' id='word_1_582' title='bbox 3186 2994 3359 3059; x_wconf 79' lang='grc' dir='ltr'>οὕτως</span> <span class='ocrx_word' id='word_1_583' title='bbox 3381 2996 3486 3049; x_wconf 86' lang='grc' dir='ltr'>ἀπ-</span> 
     </span>
    </p>
   </div>
   <div class='ocr_carea' id='block_1_80' title="bbox 1900 3076 3482 3150">
    <p class='ocr_par' dir='ltr' id='par_1_80' title="bbox 1900 3076 3482 3150">
     <span class='ocr_line' id='line_1_80' title="bbox 1900 3076 3482 3150; baseline 0 -19"><span class='ocrx_word' id='word_1_584' title='bbox 1900 3078 2217 3149; x_wconf 88' lang='grc' dir='ltr'>εστρέφετο,</span> <span class='ocrx_word' id='word_1_585' title='bbox 2248 3076 2385 3133; x_wconf 88' lang='grc' dir='ltr'>ἀλλά</span> <span class='ocrx_word' id='word_1_586' title='bbox 2433 3079 2529 3133; x_wconf 75' lang='grc' dir='ltr'>καὶ</span> <span class='ocrx_word' id='word_1_587' title='bbox 2568 3079 2681 3133; x_wconf 85' lang='grc' dir='ltr'>ἀνω</span> <span class='ocrx_word' id='word_1_588' title='bbox 2709 3080 2784 3133; x_wconf 85' lang='grc' dir='ltr'>ὢν</span> <span class='ocrx_word' id='word_1_589' title='bbox 2824 3082 2885 3134; x_wconf 89' lang='grc' dir='ltr'>ἐν</span> <span class='ocrx_word' id='word_1_590' title='bbox 2926 3077 3006 3150; x_wconf 83' lang='grc' dir='ltr'>τῷ</span> <span class='ocrx_word' id='word_1_591' title='bbox 3044 3079 3282 3150; x_wconf 86' lang='grc' dir='ltr'>σταυρῷ,</span> <span class='ocrx_word' id='word_1_592' title='bbox 3329 3078 3482 3149; x_wconf 83' lang='grc' dir='ltr'>φησί·</span> 
     </span>
    </p>
   </div>
   <div class='ocr_carea' id='block_1_81' title="bbox 1899 3149 3633 3234">
    <p class='ocr_par' dir='ltr' id='par_1_81' title="bbox 1899 3149 3633 3234">
     <span class='ocr_line' id='line_1_81' title="bbox 1899 3149 3633 3234; baseline -0.001 -19"><span class='ocrx_word' id='word_1_593' title='bbox 1899 3160 2113 3230; x_wconf 85' lang='grc' dir='ltr'>Πάτερ,</span> <span class='ocrx_word' id='word_1_594' title='bbox 2153 3159 2303 3231; x_wconf 70' lang='grc' dir='ltr'>ἄφες</span> <span class='ocrx_word' id='word_1_595' title='bbox 2340 3160 2545 3228; x_wconf 83' lang='grc' dir='ltr'>αὐτοῖς</span> <span class='ocrx_word' id='word_1_596' title='bbox 2589 3162 2707 3231; x_wconf 84' lang='grc' dir='ltr'>τὴν</span> <span class='ocrx_word' id='word_1_597' title='bbox 2762 3163 3077 3231; x_wconf 81' lang='grc' dir='ltr'>ἁμαρτίαν.</span> <span class='ocrx_word' id='word_1_598' title='bbox 3134 3149 3242 3216; x_wconf 82' lang='grc' dir='ltr'>Τὸν</span> <span class='ocrx_word' id='word_1_599' title='bbox 3285 3162 3342 3215; x_wconf 82' lang='grc' dir='ltr'>δέ</span> <span class='ocrx_word' id='word_1_600' title='bbox 3380 3160 3489 3234; x_wconf 79' lang='grc' dir='ltr'>πρὸ</span> <span class='ocrx_word' id='word_1_601' title='bbox 3604 3149 3633 3172; x_wconf 78' lang='grc'><strong><em>⁸</em></strong></span> 
     </span>
    </p>
   </div>
   <div class='ocr_carea' id='block_1_82' title="bbox 1899 3242 3489 3320">
    <p class='ocr_par' dir='ltr' id='par_1_82' title="bbox 1899 3242 3489 3320">
     <span class='ocr_line' id='line_1_82' title="bbox 1899 3242 3489 3320; baseline 0 -23"><span class='ocrx_word' id='word_1_602' title='bbox 1899 3242 2094 3297; x_wconf 89' lang='grc' dir='ltr'>τούτου</span> <span class='ocrx_word' id='word_1_603' title='bbox 2117 3244 2530 3316; x_wconf 84' lang='grc' dir='ltr'>κατηγοροῦντα</span> <span class='ocrx_word' id='word_1_604' title='bbox 2566 3245 2771 3320; x_wconf 77' lang='grc' dir='ltr'>λῃστὴν</span> <span class='ocrx_word' id='word_1_605' title='bbox 2798 3246 2892 3300; x_wconf 76' lang='grc' dir='ltr'>καὶ</span> <span class='ocrx_word' id='word_1_606' title='bbox 2914 3247 2996 3309; x_wconf 87' lang='grc' dir='ltr'>εἰς</span> <span class='ocrx_word' id='word_1_607' title='bbox 3024 3245 3353 3317; x_wconf 82' lang='grc' dir='ltr'>παράδεισον</span> <span class='ocrx_word' id='word_1_608' title='bbox 3375 3245 3489 3297; x_wconf 83' lang='grc' dir='ltr'>εἰσ-</span> 
     </span>
    </p>
   </div>
   <div class='ocr_carea' id='block_1_83' title="bbox 1901 3326 3487 3399">
    <p class='ocr_par' dir='ltr' id='par_1_83' title="bbox 1901 3326 3487 3399">
     <span class='ocr_line' id='line_1_83' title="bbox 1901 3326 3487 3399; baseline -0.001 -19"><span class='ocrx_word' id='word_1_609' title='bbox 1901 3326 2103 3397; x_wconf 85' lang='grc' dir='ltr'>ήγαγε,</span> <span class='ocrx_word' id='word_1_610' title='bbox 2147 3326 2244 3381; x_wconf 77' lang='grc' dir='ltr'>καὶ</span> <span class='ocrx_word' id='word_1_611' title='bbox 2275 3326 2368 3380; x_wconf 79' lang='grc' dir='ltr'>τὸν</span> <span class='ocrx_word' id='word_1_612' title='bbox 2400 3327 2637 3399; x_wconf 84' lang='grc' dir='ltr'>διώκτην</span> <span class='ocrx_word' id='word_1_613' title='bbox 2670 3328 2881 3384; x_wconf 86' lang='grc' dir='ltr'>Παῦλον</span> <span class='ocrx_word' id='word_1_614' title='bbox 2909 3328 3208 3383; x_wconf 85' lang='grc' dir='ltr'>ἀπόστολον</span> <span class='ocrx_word' id='word_1_615' title='bbox 3237 3327 3487 3398; x_wconf 85' lang='grc' dir='ltr'>ἐποίησε,</span> 
     </span>
    </p>
   </div>
   <div class='ocr_carea' id='block_1_84' title="bbox 1902 3409 3490 3485">
    <p class='ocr_par' dir='ltr' id='par_1_84' title="bbox 1902 3409 3490 3485">
     <span class='ocr_line' id='line_1_84' title="bbox 1902 3409 3490 3485; baseline -0.003 -20"><span class='ocrx_word' id='word_1_616' title='bbox 1902 3409 2000 3465; x_wconf 73' lang='grc' dir='ltr'>καὶ</span> <span class='ocrx_word' id='word_1_617' title='bbox 2028 3410 2155 3473; x_wconf 76' lang='grc' dir='ltr'>τοὺς</span> <span class='ocrx_word' id='word_1_618' title='bbox 2179 3409 2413 3475; x_wconf 75' lang='grc' dir='ltr'>οἰκείους</span> <span class='ocrx_word' id='word_1_619' title='bbox 2444 3412 2571 3475; x_wconf 84' lang='grc' dir='ltr'>τοὺς</span> <span class='ocrx_word' id='word_1_620' title='bbox 2595 3412 2761 3467; x_wconf 76' lang='grc' dir='ltr'>αὐτοῦ</span> <span class='ocrx_word' id='word_1_621' title='bbox 2787 3413 2883 3466; x_wconf 70' lang='grc' dir='ltr'>καὶ</span> <span class='ocrx_word' id='word_1_622' title='bbox 2912 3412 3308 3485; x_wconf 83' lang='grc' dir='ltr'>ἀνακειμένους</span> <span class='ocrx_word' id='word_1_623' title='bbox 3339 3409 3490 3482; x_wconf 75' lang='grc' dir='ltr'>αὐτῷ</span> 
     </span>
    </p>
   </div>
   <div class='ocr_carea' id='block_1_85' title="bbox 1907 3492 3491 3566">
    <p class='ocr_par' dir='ltr' id='par_1_85' title="bbox 1907 3492 3491 3566">
     <span class='ocr_line' id='line_1_85' title="bbox 1907 3492 3491 3566; baseline 0.001 -19"><span class='ocrx_word' id='word_1_624' title='bbox 1907 3492 2158 3566; x_wconf 83' lang='grc' dir='ltr'>μαθητάς</span> <span class='ocrx_word' id='word_1_625' title='bbox 2178 3494 2258 3557; x_wconf 91' lang='grc' dir='ltr'>εἰς</span> <span class='ocrx_word' id='word_1_626' title='bbox 2284 3492 2512 3549; x_wconf 88' lang='grc' dir='ltr'>θάνατον</span> <span class='ocrx_word' id='word_1_627' title='bbox 2540 3495 2773 3563; x_wconf 82' lang='grc' dir='ltr'>ἐξεδίδου</span> <span class='ocrx_word' id='word_1_628' title='bbox 2801 3496 2890 3551; x_wconf 86' lang='grc' dir='ltr'>διά</span> <span class='ocrx_word' id='word_1_629' title='bbox 2909 3497 3037 3560; x_wconf 81' lang='grc' dir='ltr'>τοὺς</span> <span class='ocrx_word' id='word_1_630' title='bbox 3065 3494 3491 3566; x_wconf 86' lang='grc' dir='ltr'>σταυρώσαντας</span> 
     </span>
    </p>
   </div>
   <div class='ocr_carea' id='block_1_86' title="bbox 1904 3575 3493 3650">
    <p class='ocr_par' dir='ltr' id='par_1_86' title="bbox 1904 3575 3493 3650">
     <span class='ocr_line' id='line_1_86' title="bbox 1904 3575 3493 3650; baseline -0.001 -19"><span class='ocrx_word' id='word_1_631' title='bbox 1904 3575 2069 3631; x_wconf 73' lang='grc' dir='ltr'>αὐτὸν</span> <span class='ocrx_word' id='word_1_632' title='bbox 2122 3577 2433 3642; x_wconf 79' lang='grc' dir='ltr'>Ἰουδαίους.</span> <span class='ocrx_word' id='word_1_633' title='bbox 2470 3579 2637 3634; x_wconf 87' lang='grc' dir='ltr'>Ταῦτ’</span> <span class='ocrx_word' id='word_1_634' title='bbox 2682 3577 2775 3635; x_wconf 84' lang='grc' dir='ltr'>οῦν</span> <span class='ocrx_word' id='word_1_635' title='bbox 2832 3580 3047 3634; x_wconf 75' lang='grc' dir='ltr'>ἅπαντα</span> <span class='ocrx_word' id='word_1_636' title='bbox 3101 3577 3233 3650; x_wconf 84' lang='grc' dir='ltr'>παρ’</span> <span class='ocrx_word' id='word_1_637' title='bbox 3276 3578 3493 3641; x_wconf 78' lang='grc' dir='ltr'>ἐαυτοῖς</span> 
     </span>
    </p>
   </div>
   <div class='ocr_carea' id='block_1_87' title="bbox 1908 3658 3494 3735">
    <p class='ocr_par' dir='ltr' id='par_1_87' title="bbox 1908 3658 3494 3735">
     <span class='ocr_line' id='line_1_87' title="bbox 1908 3658 3494 3735; baseline 0.001 -24"><span class='ocrx_word' id='word_1_638' title='bbox 1908 3658 2260 3728; x_wconf 82' lang='grc' dir='ltr'>συλλέγοντες</span> <span class='ocrx_word' id='word_1_639' title='bbox 2303 3659 2373 3713; x_wconf 80' lang='grc' dir='ltr'>τὰ</span> <span class='ocrx_word' id='word_1_640' title='bbox 2398 3659 2493 3715; x_wconf 90' lang='grc' dir='ltr'>τοῦ</span> <span class='ocrx_word' id='word_1_641' title='bbox 2527 3662 2686 3730; x_wconf 87' lang='grc' dir='ltr'>Θεοῦ,</span> <span class='ocrx_word' id='word_1_642' title='bbox 2714 3661 2785 3715; x_wconf 83' lang='grc' dir='ltr'>τά</span> <span class='ocrx_word' id='word_1_643' title='bbox 2808 3662 2917 3717; x_wconf 85' lang='grc' dir='ltr'>τῶν</span> <span class='ocrx_word' id='word_1_644' title='bbox 2953 3660 3279 3735; x_wconf 90' lang='grc' dir='ltr'>ἀνθρώπων,</span> <span class='ocrx_word' id='word_1_645' title='bbox 3316 3658 3494 3731; x_wconf 83' lang='grc' dir='ltr'>ζηλώ-</span> 
     </span>
    </p>
   </div>
   <div class='ocr_carea' id='block_1_88' title="bbox 1908 3742 3493 3819">
    <p class='ocr_par' dir='ltr' id='par_1_88' title="bbox 1908 3742 3493 3819">
     <span class='ocr_line' id='line_1_88' title="bbox 1908 3742 3493 3819; baseline -0.001 -23"><span class='ocrx_word' id='word_1_646' title='bbox 1908 3759 2093 3814; x_wconf 84' lang='grc' dir='ltr'>σωμεν</span> <span class='ocrx_word' id='word_1_647' title='bbox 2116 3742 2293 3797; x_wconf 90' lang='grc' dir='ltr'>ταῦτα</span> <span class='ocrx_word' id='word_1_648' title='bbox 2317 3743 2389 3798; x_wconf 89' lang='grc' dir='ltr'>τά</span> <span class='ocrx_word' id='word_1_649' title='bbox 2422 3746 2849 3818; x_wconf 83' lang='grc' dir='ltr'>κατορθώματα,</span> <span class='ocrx_word' id='word_1_650' title='bbox 2872 3745 2968 3800; x_wconf 78' lang='grc' dir='ltr'>καὶ</span> <span class='ocrx_word' id='word_1_651' title='bbox 2994 3747 3093 3819; x_wconf 76' lang='grc' dir='ltr'>τὴν</span> <span class='ocrx_word' id='word_1_652' title='bbox 3132 3744 3493 3817; x_wconf 85' lang='grc' dir='ltr'>χαρισμάτων</span> 
     </span>
    </p>
   </div>
   <div class='ocr_carea' id='block_1_89' title="bbox 1907 3825 3495 3901">
    <p class='ocr_par' dir='ltr' id='par_1_89' title="bbox 1907 3825 3495 3901">
     <span class='ocr_line' id='line_1_89' title="bbox 1907 3825 3495 3901; baseline 0 -20"><span class='ocrx_word' id='word_1_653' title='bbox 1907 3825 2170 3881; x_wconf 81' lang='grc' dir='ltr'>ἁπάντων</span> <span class='ocrx_word' id='word_1_654' title='bbox 2193 3826 2476 3898; x_wconf 83' lang='grc' dir='ltr'>ἀνωτέραν</span> <span class='ocrx_word' id='word_1_655' title='bbox 2506 3829 2840 3901; x_wconf 86' lang='grc' dir='ltr'>κτησώμεθα</span> <span class='ocrx_word' id='word_1_656' title='bbox 2868 3830 3110 3901; x_wconf 83' lang='grc' dir='ltr'>ἀγάπην,</span> <span class='ocrx_word' id='word_1_657' title='bbox 3144 3829 3231 3882; x_wconf 78' lang='grc' dir='ltr'>ἵνα</span> <span class='ocrx_word' id='word_1_658' title='bbox 3270 3827 3365 3881; x_wconf 80' lang='grc' dir='ltr'>καὶ</span> <span class='ocrx_word' id='word_1_659' title='bbox 3384 3825 3495 3881; x_wconf 90' lang='grc' dir='ltr'>τῶν</span> 
     </span>
    </p>
   </div>
   <div class='ocr_carea' id='block_1_90' title="bbox 1907 3908 3491 3985">
    <p class='ocr_par' dir='ltr' id='par_1_90' title="bbox 1907 3908 3491 3985">
     <span class='ocr_line' id='line_1_90' title="bbox 1907 3908 3491 3985; baseline 0.002 -24"><span class='ocrx_word' id='word_1_660' title='bbox 1907 3908 2192 3980; x_wconf 85' lang='grc' dir='ltr'>παρόντων</span> <span class='ocrx_word' id='word_1_661' title='bbox 2248 3910 2346 3964; x_wconf 75' lang='grc' dir='ltr'>καὶ</span> <span class='ocrx_word' id='word_1_662' title='bbox 2376 3911 2484 3964; x_wconf 88' lang='grc' dir='ltr'>τῶν</span> <span class='ocrx_word' id='word_1_663' title='bbox 2520 3912 2823 3983; x_wconf 80' lang='grc' dir='ltr'>μελλόντων</span> <span class='ocrx_word' id='word_1_664' title='bbox 2859 3913 3208 3985; x_wconf 79' lang='grc' dir='ltr'>ἐπιτύχωμεν</span> <span class='ocrx_word' id='word_1_665' title='bbox 3249 3909 3491 3981; x_wconf 84' lang='grc' dir='ltr'>ἀγαθῶν⁹</span> 
     </span>
    </p>
   </div>
   <div class='ocr_carea' id='block_1_91' title="bbox 1907 3980 3494 4067">
    <p class='ocr_par' dir='ltr' id='par_1_91' title="bbox 1907 3980 3494 4067">
     <span class='ocr_line' id='line_1_91' title="bbox 1907 3980 3494 4067; baseline -0.001 -19"><span class='ocrx_word' id='word_1_666' title='bbox 1907 3985 1984 4048; x_wconf 82' lang='grc' dir='ltr'>ὧν</span> <span class='ocrx_word' id='word_1_667' title='bbox 2025 3992 2236 4061; x_wconf 85' lang='grc' dir='ltr'>γένοιτο</span> <span class='ocrx_word' id='word_1_668' title='bbox 2275 3993 2482 4059; x_wconf 87' lang='grc' dir='ltr'>πάντας</span> <span class='ocrx_word' id='word_1_669' title='bbox 2514 3980 2663 4066; x_wconf 72' lang='grc' dir='ltr'>ἡμᾶς</span> <span class='ocrx_word' id='word_1_670' title='bbox 2694 3980 2997 4067; x_wconf 61' lang='grc' dir='ltr'>ἐπιτυχεῖν,</span> <span class='ocrx_word' id='word_1_671' title='bbox 3022 3980 3205 4066; x_wconf 73' lang='grc' dir='ltr'>χάριτι</span> <span class='ocrx_word' id='word_1_672' title='bbox 3248 3980 3343 4049; x_wconf 72' lang='grc' dir='ltr'>καὶ</span> <span class='ocrx_word' id='word_1_673' title='bbox 3371 3992 3494 4063; x_wconf 83' lang='grc' dir='ltr'>φιλ-</span> 
     </span>
    </p>
   </div>
   <div class='ocr_carea' id='block_1_92' title="bbox 1914 4074 3493 4151">
    <p class='ocr_par' dir='ltr' id='par_1_92' title="bbox 1914 4074 3493 4151">
     <span class='ocr_line' id='line_1_92' title="bbox 1914 4074 3493 4151; baseline -0.003 -19"><span class='ocrx_word' id='word_1_674' title='bbox 1914 4075 2194 4151; x_wconf 82' lang='grc' dir='ltr'>ανθρωπίᾳ</span> <span class='ocrx_word' id='word_1_675' title='bbox 2241 4074 2390 4150; x_wconf 71' lang='grc'><strong>[299]</strong></span> <span class='ocrx_word' id='word_1_676' title='bbox 2431 4076 2526 4131; x_wconf 84' lang='grc' dir='ltr'>τοῦ</span> <span class='ocrx_word' id='word_1_677' title='bbox 2570 4080 2775 4149; x_wconf 82' lang='grc' dir='ltr'>Κυρίου</span> <span class='ocrx_word' id='word_1_678' title='bbox 2823 4079 2983 4151; x_wconf 81' lang='grc' dir='ltr'>ἡμῶν</span> <span class='ocrx_word' id='word_1_679' title='bbox 3026 4076 3202 4149; x_wconf 85' lang='grc' dir='ltr'>Ἰησοῦ</span> <span class='ocrx_word' id='word_1_680' title='bbox 3230 4074 3493 4148; x_wconf 81' lang='grc' dir='ltr'>Χριστοῦ,</span> 
     </span>
    </p>
   </div>
   <div class='ocr_carea' id='block_1_93' title="bbox 1910 4150 3495 4234">
    <p class='ocr_par' dir='ltr' id='par_1_93' title="bbox 1910 4150 3495 4234">
     <span class='ocr_line' id='line_1_93' title="bbox 1910 4150 3495 4234; baseline -0.002 -19"><span class='ocrx_word' id='word_1_681' title='bbox 1910 4159 2031 4234; x_wconf 81' lang='grc' dir='ltr'>μεθ’</span> <span class='ocrx_word' id='word_1_682' title='bbox 2044 4150 2107 4212; x_wconf 71' lang='grc' dir='ltr'>οὗ</span> <span class='ocrx_word' id='word_1_683' title='bbox 2130 4159 2206 4230; x_wconf 82' lang='grc' dir='ltr'>τῷ</span> <span class='ocrx_word' id='word_1_684' title='bbox 2234 4160 2429 4230; x_wconf 73' lang='grc' dir='ltr'>Πατρὶ,</span> <span class='ocrx_word' id='word_1_685' title='bbox 2451 4160 2568 4230; x_wconf 74' lang='grc' dir='ltr'>ἅμα</span> <span class='ocrx_word' id='word_1_686' title='bbox 2588 4160 2665 4233; x_wconf 82' lang='grc' dir='ltr'>τῷ</span> <span class='ocrx_word' id='word_1_687' title='bbox 2687 4162 2830 4234; x_wconf 83' lang='grc' dir='ltr'>ἁγίῳ</span> <span class='ocrx_word' id='word_1_688' title='bbox 2848 4150 3156 4232; x_wconf 84' lang='grc' dir='ltr'>Πνεύματι,</span> <span class='ocrx_word' id='word_1_689' title='bbox 3181 4159 3330 4225; x_wconf 82' lang='grc' dir='ltr'>δόξα,</span> <span class='ocrx_word' id='word_1_690' title='bbox 3354 4158 3495 4229; x_wconf 81' lang='grc' dir='ltr'>κρά-</span> 
     </span>
    </p>
   </div>
   <div class='ocr_carea' id='block_1_94' title="bbox 1907 4239 3496 4314">
    <p class='ocr_par' dir='ltr' id='par_1_94' title="bbox 1907 4239 3496 4314">
     <span class='ocr_line' id='line_1_94' title="bbox 1907 4239 3496 4314; baseline 0.001 -19"><span class='ocrx_word' id='word_1_691' title='bbox 1907 4259 2021 4307; x_wconf 89' lang='grc' dir='ltr'>τος,</span> <span class='ocrx_word' id='word_1_692' title='bbox 2055 4243 2212 4314; x_wconf 84' lang='grc' dir='ltr'>τιμὴ,</span> <span class='ocrx_word' id='word_1_693' title='bbox 2235 4241 2329 4297; x_wconf 89' lang='grc' dir='ltr'>νῦν</span> <span class='ocrx_word' id='word_1_694' title='bbox 2350 4244 2445 4298; x_wconf 77' lang='grc' dir='ltr'>καὶ</span> <span class='ocrx_word' id='word_1_695' title='bbox 2468 4244 2576 4309; x_wconf 77' lang='grc' dir='ltr'>ἀεὶ,</span> <span class='ocrx_word' id='word_1_696' title='bbox 2612 4246 2705 4300; x_wconf 73' lang='grc' dir='ltr'>καὶ</span> <span class='ocrx_word' id='word_1_697' title='bbox 2728 4247 2809 4310; x_wconf 90' lang='grc' dir='ltr'>είς</span> <span class='ocrx_word' id='word_1_698' title='bbox 2842 4247 2967 4310; x_wconf 84' lang='grc' dir='ltr'>τοὺς</span> <span class='ocrx_word' id='word_1_699' title='bbox 2996 4244 3200 4309; x_wconf 88' lang='grc' dir='ltr'>αἰῶνας</span> <span class='ocrx_word' id='word_1_700' title='bbox 3227 4243 3337 4298; x_wconf 87' lang='grc' dir='ltr'>τῶν</span> <span class='ocrx_word' id='word_1_701' title='bbox 3364 4239 3496 4297; x_wconf 84' lang='grc' dir='ltr'>αἰώ-</span> 
     </span>
    </p>
   </div>
   <div class='ocr_carea' id='block_1_95' title="bbox 1911 4325 2272 4397">
    <p class='ocr_par' dir='ltr' id='par_1_95' title="bbox 1911 4325 2272 4397">
     <span class='ocr_line' id='line_1_95' title="bbox 1911 4325 2272 4397; baseline 0.008 -20"><span class='ocrx_word' id='word_1_702' title='bbox 1911 4341 2041 4379; x_wconf 85' lang='grc' dir='ltr'>νων.</span> <span class='ocrx_word' id='word_1_703' title='bbox 2077 4325 2272 4397; x_wconf 79' lang='grc' dir='ltr'>Ἀμήν.</span> 
     </span>
    </p>
   </div>
   <div class='ocr_carea' id='block_1_96' title="bbox 1631 4751 2046 4807">
    <p class='ocr_par' dir='ltr' id='par_1_96' title="bbox 1631 4751 2046 4807">
     <span class='ocr_line' id='line_1_96' title="bbox 1631 4751 2046 4807; baseline 0.007 -3"><span class='ocrx_word' id='word_1_704' title='bbox 1631 4751 1879 4806; x_wconf 83' lang='lat' dir='ltr'><strong>OMIAIA</strong></span> <span class='ocrx_word' id='word_1_705' title='bbox 1925 4752 2046 4807; x_wconf 82' lang='lat' dir='ltr'>AI&quot;.</span> 
     </span>
    </p>
   </div>
   <div class='ocr_carea' id='block_1_97' title="bbox 244 4904 1805 4980">
    <p class='ocr_par' dir='ltr' id='par_1_97' title="bbox 244 4904 1805 4980">
     <span class='ocr_line' id='line_1_97' title="bbox 244 4904 1805 4980; baseline -0.003 -17"><span class='ocrx_word' id='word_1_706' title='bbox 244 4904 301 4963; x_wconf 82' lang='grc' dir='ltr'><strong><em>Ἠ</em></strong></span> <span class='ocrx_word' id='word_1_707' title='bbox 333 4905 537 4979; x_wconf 77' lang='grc' dir='ltr'>ἀγάπη</span> <span class='ocrx_word' id='word_1_708' title='bbox 576 4908 962 4980; x_wconf 80' lang='grc' dir='ltr'>μακροθυμεῖ,</span> <span class='ocrx_word' id='word_1_709' title='bbox 1020 4908 1435 4980; x_wconf 76' lang='grc' dir='ltr'>χρηστεύεται,</span> <span class='ocrx_word' id='word_1_710' title='bbox 1482 4907 1556 4962; x_wconf 78' lang='grc' dir='ltr'>οὐ</span> <span class='ocrx_word' id='word_1_711' title='bbox 1612 4904 1805 4978; x_wconf 78' lang='grc' dir='ltr'>ζηλοῖ,</span> 
     </span>
    </p>
   </div>
   <div class='ocr_carea' id='block_1_98' title="bbox 502 4994 1539 5075">
    <p class='ocr_par' dir='ltr' id='par_1_98' title="bbox 502 4994 1539 5075">
     <span class='ocr_line' id='line_1_98' title="bbox 502 4994 1539 5075; baseline 0.005 -28"><span class='ocrx_word' id='word_1_712' title='bbox 502 4994 575 5047; x_wconf 84' lang='grc' dir='ltr'>οὐ</span> <span class='ocrx_word' id='word_1_713' title='bbox 604 4994 1047 5062; x_wconf 82' lang='grc' dir='ltr'>περπερεύεται,</span> <span class='ocrx_word' id='word_1_714' title='bbox 1081 4997 1153 5075; x_wconf 73' lang='grc' dir='ltr'>ού</span> <span class='ocrx_word' id='word_1_715' title='bbox 1193 4994 1539 5065; x_wconf 69' lang='grc' dir='ltr'>φυσιοῦται.</span> 
     </span>
    </p>
   </div>
   <div class='ocr_carea' id='block_1_99' title="bbox 294 5156 1806 5234">
    <p class='ocr_par' dir='ltr' id='par_1_99' title="bbox 294 5156 1806 5234">
     <span class='ocr_line' id='line_1_99' title="bbox 294 5156 1806 5234; baseline 0.001 -21"><span class='ocrx_word' id='word_1_716' title='bbox 294 5165 362 5216; x_wconf 84' lang='grc' dir='ltr'>α’.</span> <span class='ocrx_word' id='word_1_717' title='bbox 398 5160 619 5231; x_wconf 78' lang='grc' dir='ltr'>Ἐπειδὴ</span> <span class='ocrx_word' id='word_1_718' title='bbox 657 5161 765 5234; x_wconf 81' lang='grc' dir='ltr'>γάρ</span> <span class='ocrx_word' id='word_1_719' title='bbox 804 5156 1140 5232; x_wconf 83' lang='grc' dir='ltr'>ἀπεφήνατο,</span> <span class='ocrx_word' id='word_1_720' title='bbox 1168 5159 1251 5213; x_wconf 84' lang='grc' dir='ltr'>ὅτι</span> <span class='ocrx_word' id='word_1_721' title='bbox 1286 5158 1382 5214; x_wconf 69' lang='grc' dir='ltr'>καλ⁸</span> <span class='ocrx_word' id='word_1_722' title='bbox 1428 5157 1664 5221; x_wconf 87' lang='grc' dir='ltr'>πίστεως</span> <span class='ocrx_word' id='word_1_723' title='bbox 1708 5156 1806 5214; x_wconf 78' lang='grc' dir='ltr'>καὶ</span> 
     </span>
    </p>
   </div>
   <div class='ocr_carea' id='block_1_100' title="bbox 229 5240 1799 5318">
    <p class='ocr_par' dir='ltr' id='par_1_100' title="bbox 229 5240 1799 5318">
     <span class='ocr_line' id='line_1_100' title="bbox 229 5240 1799 5318; baseline -0.002 -19"><span class='ocrx_word' id='word_1_724' title='bbox 229 5246 485 5314; x_wconf 84' lang='grc' dir='ltr'>γνώσεως</span> <span class='ocrx_word' id='word_1_725' title='bbox 518 5247 611 5301; x_wconf 72' lang='grc' dir='ltr'>καὶ</span> <span class='ocrx_word' id='word_1_726' title='bbox 636 5245 975 5318; x_wconf 78' lang='grc' dir='ltr'>προφητείας</span> <span class='ocrx_word' id='word_1_727' title='bbox 999 5244 1094 5297; x_wconf 76' lang='grc' dir='ltr'>καὶ</span> <span class='ocrx_word' id='word_1_728' title='bbox 1118 5242 1379 5313; x_wconf 80' lang='grc' dir='ltr'>γλωσσῶν</span> <span class='ocrx_word' id='word_1_729' title='bbox 1402 5242 1501 5296; x_wconf 75' lang='grc' dir='ltr'>καὶ</span> <span class='ocrx_word' id='word_1_730' title='bbox 1525 5240 1799 5312; x_wconf 84' lang='grc' dir='ltr'>χαρισμά-</span> 
     </span>
    </p>
   </div>
   <div class='ocr_carea' id='block_1_101' title="bbox 229 5324 1801 5402">
    <p class='ocr_par' dir='ltr' id='par_1_101' title="bbox 229 5324 1801 5402">
     <span class='ocr_line' id='line_1_101' title="bbox 229 5324 1801 5402; baseline -0.004 -18"><span class='ocrx_word' id='word_1_731' title='bbox 229 5348 334 5384; x_wconf 86' lang='grc' dir='ltr'>των</span> <span class='ocrx_word' id='word_1_732' title='bbox 364 5332 461 5384; x_wconf 79' lang='grc' dir='ltr'>καὶ</span> <span class='ocrx_word' id='word_1_733' title='bbox 481 5331 730 5402; x_wconf 87' lang='grc' dir='ltr'>ἰαμάτων</span> <span class='ocrx_word' id='word_1_734' title='bbox 756 5332 849 5385; x_wconf 80' lang='grc' dir='ltr'>καὶ</span> <span class='ocrx_word' id='word_1_735' title='bbox 880 5329 995 5400; x_wconf 83' lang='grc' dir='ltr'>βίον</span> <span class='ocrx_word' id='word_1_736' title='bbox 1024 5328 1193 5399; x_wconf 79' lang='grc' dir='ltr'>ἄκρου</span> <span class='ocrx_word' id='word_1_737' title='bbox 1221 5334 1316 5381; x_wconf 79' lang='grc' dir='ltr'>καὶ</span> <span class='ocrx_word' id='word_1_738' title='bbox 1345 5325 1647 5399; x_wconf 88' lang='grc' dir='ltr'>μαρτυρίου</span> <span class='ocrx_word' id='word_1_739' title='bbox 1675 5324 1801 5381; x_wconf 83' lang='grc' dir='ltr'>ταύ-</span> 
     </span>
    </p>
   </div>
   <div class='ocr_carea' id='block_1_102' title="bbox 227 5409 1802 5487">
    <p class='ocr_par' dir='ltr' id='par_1_102' title="bbox 227 5409 1802 5487">
     <span class='ocr_line' id='line_1_102' title="bbox 227 5409 1802 5487; baseline -0.003 -19"><span class='ocrx_word' id='word_1_740' title='bbox 227 5430 325 5485; x_wconf 88' lang='grc' dir='ltr'>της</span> <span class='ocrx_word' id='word_1_741' title='bbox 356 5413 603 5487; x_wconf 84' lang='grc' dir='ltr'>ἀπούσης</span> <span class='ocrx_word' id='word_1_742' title='bbox 635 5414 789 5470; x_wconf 78' lang='grc' dir='ltr'>οῦδὲν</span> <span class='ocrx_word' id='word_1_743' title='bbox 825 5412 1018 5482; x_wconf 80' lang='grc' dir='ltr'>ϐφελος</span> <span class='ocrx_word' id='word_1_744' title='bbox 1053 5412 1215 5482; x_wconf 86' lang='grc' dir='ltr'>μέγα,</span> <span class='ocrx_word' id='word_1_745' title='bbox 1267 5410 1582 5479; x_wconf 87' lang='grc' dir='ltr'>ἀναγκαίως</span> <span class='ocrx_word' id='word_1_746' title='bbox 1612 5409 1802 5464; x_wconf 65' lang='grc' dir='ltr'>λοιπὸν</span> 
     </span>
    </p>
   </div>
   <div class='ocr_carea' id='block_1_103' title="bbox 228 5493 1799 5568">
    <p class='ocr_par' dir='ltr' id='par_1_103' title="bbox 228 5493 1799 5568">
     <span class='ocr_line' id='line_1_103' title="bbox 228 5493 1799 5568; baseline -0.002 -17"><span class='ocrx_word' id='word_1_747' title='bbox 228 5497 537 5568; x_wconf 80' lang='grc' dir='ltr'>ὓπογράφει</span> <span class='ocrx_word' id='word_1_748' title='bbox 568 5497 629 5552; x_wconf 84' lang='grc' dir='ltr'>τδ</span> <span class='ocrx_word' id='word_1_749' title='bbox 659 5497 855 5561; x_wconf 89' lang='grc' dir='ltr'>κάλλος</span> <span class='ocrx_word' id='word_1_750' title='bbox 890 5496 1061 5566; x_wconf 79' lang='grc' dir='ltr'>αὐτῆς</span> <span class='ocrx_word' id='word_1_751' title='bbox 1096 5493 1157 5548; x_wconf 77' lang='grc' dir='ltr'>τὸ</span> <span class='ocrx_word' id='word_1_752' title='bbox 1204 5495 1509 5566; x_wconf 81' lang='grc' dir='ltr'>ἀμήχανον,</span> <span class='ocrx_word' id='word_1_753' title='bbox 1541 5495 1799 5566; x_wconf 83' lang='grc' dir='ltr'>καθάπερ</span> 
     </span>
    </p>
   </div>
   <div class='ocr_carea' id='block_1_104' title="bbox 227 5578 1801 5653">
    <p class='ocr_par' dir='ltr' id='par_1_104' title="bbox 227 5578 1801 5653">
     <span class='ocr_line' id='line_1_104' title="bbox 227 5578 1801 5653; baseline -0.002 -17"><span class='ocrx_word' id='word_1_754' title='bbox 227 5582 337 5636; x_wconf 83' lang='grc' dir='ltr'>τισὶ</span> <span class='ocrx_word' id='word_1_755' title='bbox 382 5579 643 5653; x_wconf 85' lang='grc' dir='ltr'>χρώμασι</span> <span class='ocrx_word' id='word_1_756' title='bbox 691 5582 806 5644; x_wconf 85' lang='grc' dir='ltr'>τοῖς</span> <span class='ocrx_word' id='word_1_757' title='bbox 860 5579 1055 5652; x_wconf 86' lang='grc' dir='ltr'>μέρεσι</span> <span class='ocrx_word' id='word_1_758' title='bbox 1093 5578 1193 5650; x_wconf 81' lang='grc' dir='ltr'>τῆς</span> <span class='ocrx_word' id='word_1_759' title='bbox 1249 5578 1451 5649; x_wconf 84' lang='grc' dir='ltr'>ἀρετῆς</span> <span class='ocrx_word' id='word_1_760' title='bbox 1482 5578 1579 5650; x_wconf 79' lang='grc' dir='ltr'>τὴν</span> <span class='ocrx_word' id='word_1_761' title='bbox 1615 5579 1801 5633; x_wconf 78' lang='grc' dir='ltr'>εἰκόνα</span> 
     </span>
    </p>
   </div>
   <div class='ocr_carea' id='block_1_105' title="bbox 227 5659 1801 5734">
    <p class='ocr_par' dir='ltr' id='par_1_105' title="bbox 227 5659 1801 5734">
     <span class='ocr_line' id='line_1_105' title="bbox 227 5659 1801 5734; baseline -0.003 -15"><span class='ocrx_word' id='word_1_762' title='bbox 227 5664 395 5732; x_wconf 75' lang='grc' dir='ltr'>αὐτῆς</span> <span class='ocrx_word' id='word_1_763' title='bbox 442 5663 832 5734; x_wconf 85' lang='grc' dir='ltr'>κατακοσμῶν,</span> <span class='ocrx_word' id='word_1_764' title='bbox 886 5662 984 5715; x_wconf 68' lang='grc' dir='ltr'>καὶ</span> <span class='ocrx_word' id='word_1_765' title='bbox 1029 5660 1100 5713; x_wconf 86' lang='grc' dir='ltr'>τά</span> <span class='ocrx_word' id='word_1_766' title='bbox 1148 5659 1283 5732; x_wconf 88' lang='grc' dir='ltr'>μέλη</span> <span class='ocrx_word' id='word_1_767' title='bbox 1322 5662 1493 5731; x_wconf 75' lang='grc' dir='ltr'>αὐτῆς</span> <span class='ocrx_word' id='word_1_768' title='bbox 1530 5661 1801 5729; x_wconf 82' lang='grc' dir='ltr'>συντιθεὶς</span> 
     </span>
    </p>
   </div>
   <div class='ocr_carea' id='block_1_106' title="bbox 231 5741 1799 5821">
    <p class='ocr_par' dir='ltr' id='par_1_106' title="bbox 231 5741 1799 5821">
     <span class='ocr_line' id='line_1_106' title="bbox 231 5741 1799 5821; baseline 0.001 -23"><span class='ocrx_word' id='word_1_769' title='bbox 231 5747 363 5821; x_wconf 82' lang='grc' dir='ltr'>μετά</span> <span class='ocrx_word' id='word_1_770' title='bbox 424 5745 713 5818; x_wconf 87' lang='grc' dir='ltr'>ἀκριϐείας</span> <span class='ocrx_word' id='word_1_771' title='bbox 770 5744 1007 5799; x_wconf 76' lang='grc' dir='ltr'>ἅπαντα.</span> <span class='ocrx_word' id='word_1_772' title='bbox 1065 5741 1229 5797; x_wconf 80' lang='grc' dir='ltr'>Ἀλλά</span> <span class='ocrx_word' id='word_1_773' title='bbox 1285 5744 1360 5814; x_wconf 82' lang='grc' dir='ltr'>μὴ</span> <span class='ocrx_word' id='word_1_774' title='bbox 1410 5745 1799 5820; x_wconf 78' lang='grc' dir='ltr'>παραδράμῃς,</span> 
     </span>
    </p>
   </div>
   <div class='ocr_carea' id='block_1_107' title="bbox 228 5825 1800 5905">
    <p class='ocr_par' dir='ltr' id='par_1_107' title="bbox 228 5825 1800 5905">
     <span class='ocr_line' id='line_1_107' title="bbox 228 5825 1800 5905; baseline -0.003 -17"><span class='ocrx_word' id='word_1_775' title='bbox 228 5831 498 5902; x_wconf 72' lang='grc' dir='ltr'>ἀγαπητδ,</span> <span class='ocrx_word' id='word_1_776' title='bbox 550 5830 620 5885; x_wconf 90' lang='grc' dir='ltr'>τά</span> <span class='ocrx_word' id='word_1_777' title='bbox 670 5828 963 5899; x_wconf 88' lang='grc' dir='ltr'>λεγόμενα,</span> <span class='ocrx_word' id='word_1_778' title='bbox 1003 5826 1117 5880; x_wconf 81' lang='grc' dir='ltr'>ἀλλ’</span> <span class='ocrx_word' id='word_1_779' title='bbox 1164 5825 1397 5905; x_wconf 67' lang='grc' dir='ltr'>ἕκαστον</span> <span class='ocrx_word' id='word_1_780' title='bbox 1430 5828 1611 5884; x_wconf 84' lang='grc' dir='ltr'>αὐτῶν</span> <span class='ocrx_word' id='word_1_781' title='bbox 1660 5830 1800 5902; x_wconf 88' lang='grc' dir='ltr'>μετά</span> 
     </span>
    </p>
   </div>
   <div class='ocr_carea' id='block_1_108' title="bbox 1908 4907 3490 4989">
    <p class='ocr_par' dir='ltr' id='par_1_108' title="bbox 1908 4907 3490 4989">
     <span class='ocr_line' id='line_1_108' title="bbox 1908 4907 3490 4989; baseline 0.006 -28"><span class='ocrx_word' id='word_1_782' title='bbox 1908 4907 2113 4982; x_wconf 81' lang='grc' dir='ltr'>πολλῆς</span> <span class='ocrx_word' id='word_1_783' title='bbox 2154 4909 2379 4976; x_wconf 81' lang='grc' dir='ltr'>ἐξέταζε</span> <span class='ocrx_word' id='word_1_784' title='bbox 2422 4911 2521 4982; x_wconf 82' lang='grc' dir='ltr'>τῆς</span> <span class='ocrx_word' id='word_1_785' title='bbox 2562 4910 2903 4982; x_wconf 83' lang='grc' dir='ltr'>ἐπιμελείας,</span> <span class='ocrx_word' id='word_1_786' title='bbox 2937 4912 3027 4967; x_wconf 76' lang='grc' dir='ltr'>ἵνα</span> <span class='ocrx_word' id='word_1_787' title='bbox 3076 4913 3172 4968; x_wconf 76' lang='grc' dir='ltr'>καὶ</span> <span class='ocrx_word' id='word_1_788' title='bbox 3213 4913 3308 4968; x_wconf 86' lang='grc' dir='ltr'>τοῦ</span> <span class='ocrx_word' id='word_1_789' title='bbox 3346 4917 3490 4989; x_wconf 81' lang='grc' dir='ltr'>πράο</span> 
     </span>
    </p>
   </div>
   <div class='ocr_carea' id='block_1_109' title="bbox 1907 4994 3495 5072">
    <p class='ocr_par' dir='ltr' id='par_1_109' title="bbox 1907 4994 3495 5072">
     <span class='ocr_line' id='line_1_109' title="bbox 1907 4994 3495 5072; baseline 0.006 -28"><span class='ocrx_word' id='word_1_790' title='bbox 1907 5008 2116 5063; x_wconf 88' lang='grc' dir='ltr'>γματος</span> <span class='ocrx_word' id='word_1_791' title='bbox 2154 4995 2302 5068; x_wconf 79' lang='grc' dir='ltr'>εἰδῇς</span> <span class='ocrx_word' id='word_1_792' title='bbox 2343 4994 2437 5049; x_wconf 78' lang='grc' dir='ltr'>τὸν</span> <span class='ocrx_word' id='word_1_793' title='bbox 2472 4995 2772 5067; x_wconf 82' lang='grc' dir='ltr'>θησαυρὸν,</span> <span class='ocrx_word' id='word_1_794' title='bbox 2814 4996 2908 5050; x_wconf 77' lang='grc' dir='ltr'>καὶ</span> <span class='ocrx_word' id='word_1_795' title='bbox 2938 4996 3032 5050; x_wconf 89' lang='grc' dir='ltr'>τοῦ</span> <span class='ocrx_word' id='word_1_796' title='bbox 3070 4997 3364 5069; x_wconf 83' lang='grc' dir='ltr'>ζωγράφου</span> <span class='ocrx_word' id='word_1_797' title='bbox 3393 4999 3495 5072; x_wconf 74' lang='grc' dir='ltr'>τὴν</span> 
     </span>
    </p>
   </div>
   <div class='ocr_carea' id='block_1_110' title="bbox 1902 5077 3493 5152">
    <p class='ocr_par' dir='ltr' id='par_1_110' title="bbox 1902 5077 3493 5152">
     <span class='ocr_line' id='line_1_110' title="bbox 1902 5077 3493 5152; baseline 0.006 -23"><span class='ocrx_word' id='word_1_798' title='bbox 1902 5077 2119 5148; x_wconf 87' lang='grc' dir='ltr'>τέχνην.</span> <span class='ocrx_word' id='word_1_799' title='bbox 2155 5079 2354 5133; x_wconf 87' lang='grc' dir='ltr'>Σκόπει</span> <span class='ocrx_word' id='word_1_800' title='bbox 2408 5078 2541 5149; x_wconf 92' lang='grc' dir='ltr'>γοῦν</span> <span class='ocrx_word' id='word_1_801' title='bbox 2584 5079 2747 5133; x_wconf 87' lang='grc' dir='ltr'>πόθεν</span> <span class='ocrx_word' id='word_1_802' title='bbox 2788 5079 2991 5143; x_wconf 81' lang='grc' dir='ltr'>εὐθέως</span> <span class='ocrx_word' id='word_1_803' title='bbox 3043 5080 3267 5152; x_wconf 73' lang='grc' dir='ltr'>ἤρξατο,</span> <span class='ocrx_word' id='word_1_804' title='bbox 3318 5083 3410 5137; x_wconf 79' lang='grc' dir='ltr'>καὶ</span> <span class='ocrx_word' id='word_1_805' title='bbox 3437 5084 3493 5138; x_wconf 91' lang='grc' dir='ltr'>τί</span> 
     </span>
    </p>
   </div>
   <div class='ocr_carea' id='block_1_111' title="bbox 1902 5161 3490 5235">
    <p class='ocr_par' dir='ltr' id='par_1_111' title="bbox 1902 5161 3490 5235">
     <span class='ocr_line' id='line_1_111' title="bbox 1902 5161 3490 5235; baseline 0.003 -21"><span class='ocrx_word' id='word_1_806' title='bbox 1902 5161 2115 5216; x_wconf 83' lang='grc' dir='ltr'>τέθεικε</span> <span class='ocrx_word' id='word_1_807' title='bbox 2148 5161 2365 5235; x_wconf 85' lang='grc' dir='ltr'>πρῶτον</span> <span class='ocrx_word' id='word_1_808' title='bbox 2389 5162 2450 5218; x_wconf 77' lang='grc' dir='ltr'>τὸ</span> <span class='ocrx_word' id='word_1_809' title='bbox 2480 5162 2701 5217; x_wconf 81' lang='grc' dir='ltr'>πάντων</span> <span class='ocrx_word' id='word_1_810' title='bbox 2735 5162 2907 5216; x_wconf 85' lang='grc' dir='ltr'>αίτιον</span> <span class='ocrx_word' id='word_1_811' title='bbox 2934 5162 3042 5215; x_wconf 92' lang='grc' dir='ltr'>τῶν</span> <span class='ocrx_word' id='word_1_812' title='bbox 3070 5164 3314 5232; x_wconf 82' lang='grc' dir='ltr'>ἀγαθῶν.</span> <span class='ocrx_word' id='word_1_813' title='bbox 3342 5165 3408 5219; x_wconf 86' lang='grc' dir='ltr'>Τί</span> <span class='ocrx_word' id='word_1_814' title='bbox 3435 5165 3490 5220; x_wconf 72' lang='grc' dir='ltr'>δὲ</span> 
     </span>
    </p>
   </div>
   <div class='ocr_carea' id='block_1_112' title="bbox 1899 5243 3491 5321">
    <p class='ocr_par' dir='ltr' id='par_1_112' title="bbox 1899 5243 3491 5321">
     <span class='ocr_line' id='line_1_112' title="bbox 1899 5243 3491 5321; baseline 0.004 -24"><span class='ocrx_word' id='word_1_815' title='bbox 1899 5243 2060 5297; x_wconf 86' lang='grc' dir='ltr'>τοῦτό</span> <span class='ocrx_word' id='word_1_816' title='bbox 2114 5246 2260 5314; x_wconf 88' lang='grc' dir='ltr'>ἐστι;</span> <span class='ocrx_word' id='word_1_817' title='bbox 2314 5245 2719 5321; x_wconf 82' lang='grc' dir='ltr'>Μακροθυμία·</span> <span class='ocrx_word' id='word_1_818' title='bbox 2772 5245 2911 5316; x_wconf 84' lang='grc' dir='ltr'>αῦτη</span> <span class='ocrx_word' id='word_1_819' title='bbox 2963 5246 3065 5318; x_wconf 72' lang='grc' dir='ltr'>τῆς</span> <span class='ocrx_word' id='word_1_820' title='bbox 3112 5248 3428 5317; x_wconf 84' lang='grc' dir='ltr'>φιλοσοφίας</span> <span class='ocrx_word' id='word_1_821' title='bbox 3456 5251 3491 5320; x_wconf 79' lang='grc' dir='ltr'><strong>ἠ</strong></span> 
     </span>
    </p>
   </div>
   <div class='ocr_carea' id='block_1_113' title="bbox 1909 5327 3493 5402">
    <p class='ocr_par' dir='ltr' id='par_1_113' title="bbox 1909 5327 3493 5402">
     <span class='ocr_line' id='line_1_113' title="bbox 1909 5327 3493 5402; baseline 0.004 -22"><span class='ocrx_word' id='word_1_822' title='bbox 1909 5327 2035 5399; x_wconf 76' lang='grc' dir='ltr'>ῥίζα</span> <span class='ocrx_word' id='word_1_823' title='bbox 2066 5329 2264 5400; x_wconf 88' lang='grc' dir='ltr'>πάσης.</span> <span class='ocrx_word' id='word_1_824' title='bbox 2294 5330 2387 5383; x_wconf 78' lang='grc' dir='ltr'>Διὸ</span> <span class='ocrx_word' id='word_1_825' title='bbox 2412 5330 2505 5383; x_wconf 91' lang='grc' dir='ltr'>καί</span> <span class='ocrx_word' id='word_1_826' title='bbox 2533 5346 2616 5392; x_wconf 92' lang='grc' dir='ltr'>τις</span> <span class='ocrx_word' id='word_1_827' title='bbox 2652 5327 2814 5399; x_wconf 79' lang='grc' dir='ltr'>σοφὸς</span> <span class='ocrx_word' id='word_1_828' title='bbox 2842 5328 2998 5397; x_wconf 71' lang='grc' dir='ltr'>ἔλεγε</span> <span class='ocrx_word' id='word_1_829' title='bbox 3022 5344 3037 5360; x_wconf 81' lang='grc'><em>’</em></span> <span class='ocrx_word' id='word_1_830' title='bbox 3092 5330 3493 5402; x_wconf 79' lang='grc' dir='ltr'>Μακρόθυμος</span> 
     </span>
    </p>
   </div>
   <div class='ocr_carea' id='block_1_114' title="bbox 1906 5409 3491 5483">
    <p class='ocr_par' dir='ltr' id='par_1_114' title="bbox 1906 5409 3491 5483">
     <span class='ocr_line' id='line_1_114' title="bbox 1906 5409 3491 5483; baseline 0.003 -19"><span class='ocrx_word' id='word_1_831' title='bbox 1906 5410 2063 5480; x_wconf 81' lang='grc' dir='ltr'>ἀνὴρ</span> <span class='ocrx_word' id='word_1_832' title='bbox 2093 5412 2288 5479; x_wconf 75' lang='grc' dir='ltr'>πολὺς</span> <span class='ocrx_word' id='word_1_833' title='bbox 2315 5413 2385 5467; x_wconf 87' lang='grc' dir='ltr'>ἐν</span> <span class='ocrx_word' id='word_1_834' title='bbox 2413 5409 2727 5481; x_wconf 76' lang='grc' dir='ltr'>φρονήσει,</span> <span class='ocrx_word' id='word_1_835' title='bbox 2756 5414 2789 5465; x_wconf 87' lang='grc' dir='ltr'>ό</span> <span class='ocrx_word' id='word_1_836' title='bbox 2811 5409 2881 5464; x_wconf 82' lang='grc' dir='ltr'>δὲ</span> <span class='ocrx_word' id='word_1_837' title='bbox 2915 5413 3288 5483; x_wconf 69' lang='grc' dir='ltr'>όλιγόψυχος</span> <span class='ocrx_word' id='word_1_838' title='bbox 3320 5416 3491 5483; x_wconf 79' lang='grc' dir='ltr'>ἰσχυ-</span> 
     </span>
    </p>
   </div>
   <div class='ocr_carea' id='block_1_115' title="bbox 1897 5493 3487 5568">
    <p class='ocr_par' dir='ltr' id='par_1_115' title="bbox 1897 5493 3487 5568">
     <span class='ocr_line' id='line_1_115' title="bbox 1897 5493 3487 5568; baseline 0.001 -21"><span class='ocrx_word' id='word_1_839' title='bbox 1897 5493 2023 5562; x_wconf 89' lang='grc' dir='ltr'>ρῶς</span> <span class='ocrx_word' id='word_1_840' title='bbox 2076 5494 2301 5566; x_wconf 70' lang='grc' dir='ltr'>ἄφρων.</span> <span class='ocrx_word' id='word_1_841' title='bbox 2354 5495 2465 5549; x_wconf 81' lang='grc' dir='ltr'>Καὶ</span> <span class='ocrx_word' id='word_1_842' title='bbox 2520 5494 2676 5547; x_wconf 87' lang='grc' dir='ltr'>πόλει</span> <span class='ocrx_word' id='word_1_843' title='bbox 2721 5493 2780 5547; x_wconf 84' lang='grc' dir='ltr'>δὲ</span> <span class='ocrx_word' id='word_1_844' title='bbox 2827 5494 3165 5566; x_wconf 83' lang='grc' dir='ltr'>παραϐαλὼν</span> <span class='ocrx_word' id='word_1_845' title='bbox 3208 5498 3302 5550; x_wconf 78' lang='grc' dir='ltr'>καὶ</span> <span class='ocrx_word' id='word_1_846' title='bbox 3348 5498 3487 5568; x_wconf 75' lang='grc' dir='ltr'>αὐτῇ</span> 
     </span>
    </p>
   </div>
   <div class='ocr_carea' id='block_1_116' title="bbox 1909 5573 3486 5651">
    <p class='ocr_par' dir='ltr' id='par_1_116' title="bbox 1909 5573 3486 5651">
     <span class='ocr_line' id='line_1_116' title="bbox 1909 5573 3486 5651; baseline 0.001 -19"><span class='ocrx_word' id='word_1_847' title='bbox 1909 5579 2125 5651; x_wconf 81' lang='grc' dir='ltr'>ἰσχυρᾷ,</span> <span class='ocrx_word' id='word_1_848' title='bbox 2160 5577 2577 5649; x_wconf 82' lang='grc' dir='ltr'>ἀσφαλεστέραν</span> <span class='ocrx_word' id='word_1_849' title='bbox 2610 5576 2782 5648; x_wconf 78' lang='grc' dir='ltr'>αὐτὴν</span> <span class='ocrx_word' id='word_1_850' title='bbox 2832 5577 3035 5649; x_wconf 75' lang='grc' dir='ltr'>ἔφησεν</span> <span class='ocrx_word' id='word_1_851' title='bbox 3084 5580 3302 5651; x_wconf 89' lang='grc' dir='ltr'>ἐκείνης</span> <span class='ocrx_word' id='word_1_852' title='bbox 3326 5573 3486 5633; x_wconf 75' lang='grc' dir='ltr'>εἶναι.</span> 
     </span>
    </p>
   </div>
   <div class='ocr_carea' id='block_1_117' title="bbox 1906 5659 3488 5735">
    <p class='ocr_par' dir='ltr' id='par_1_117' title="bbox 1906 5659 3488 5735">
     <span class='ocr_line' id='line_1_117' title="bbox 1906 5659 3488 5735; baseline -0.003 -18"><span class='ocrx_word' id='word_1_853' title='bbox 1906 5663 2018 5718; x_wconf 75' lang='grc' dir='ltr'>Καὶ</span> <span class='ocrx_word' id='word_1_854' title='bbox 2046 5664 2156 5735; x_wconf 88' lang='grc' dir='ltr'>γάρ</span> <span class='ocrx_word' id='word_1_855' title='bbox 2181 5662 2343 5718; x_wconf 83' lang='grc' dir='ltr'>ὅπλον</span> <span class='ocrx_word' id='word_1_856' title='bbox 2381 5664 2526 5717; x_wconf 73' lang='grc' dir='ltr'>ἐστὶν</span> <span class='ocrx_word' id='word_1_857' title='bbox 2552 5661 2787 5732; x_wconf 79' lang='grc' dir='ltr'>ἄμαχον,</span> <span class='ocrx_word' id='word_1_858' title='bbox 2820 5662 2914 5714; x_wconf 77' lang='grc' dir='ltr'>καὶ</span> <span class='ocrx_word' id='word_1_859' title='bbox 2959 5659 3168 5733; x_wconf 84' lang='grc' dir='ltr'>πύργος</span> <span class='ocrx_word' id='word_1_860' title='bbox 3202 5677 3283 5721; x_wconf 88' lang='grc' dir='ltr'>τις</span> <span class='ocrx_word' id='word_1_861' title='bbox 3309 5661 3488 5733; x_wconf 75' lang='grc' dir='ltr'>ἀρρα-</span> 
     </span>
    </p>
   </div>
   <div class='ocr_carea' id='block_1_118' title="bbox 1905 5742 3490 5819">
    <p class='ocr_par' dir='ltr' id='par_1_118' title="bbox 1905 5742 3490 5819">
     <span class='ocr_line' id='line_1_118' title="bbox 1905 5742 3490 5819; baseline -0.004 -17"><span class='ocrx_word' id='word_1_862' title='bbox 1905 5747 2030 5819; x_wconf 82' lang='grc' dir='ltr'>γὴς,</span> <span class='ocrx_word' id='word_1_863' title='bbox 2063 5746 2243 5800; x_wconf 88' lang='grc' dir='ltr'>πάντα</span> <span class='ocrx_word' id='word_1_864' title='bbox 2287 5744 2689 5816; x_wconf 87' lang='grc' dir='ltr'>διακρουομένη</span> <span class='ocrx_word' id='word_1_865' title='bbox 2732 5742 2934 5816; x_wconf 79' lang='grc' dir='ltr'>ῥᾳδίως</span> <span class='ocrx_word' id='word_1_866' title='bbox 2966 5743 3036 5796; x_wconf 68' lang='grc' dir='ltr'>τὰ</span> <span class='ocrx_word' id='word_1_867' title='bbox 3089 5743 3329 5814; x_wconf 87' lang='grc' dir='ltr'>λυπηρά.</span> <span class='ocrx_word' id='word_1_868' title='bbox 3377 5744 3490 5797; x_wconf 83' lang='lat' dir='ltr'>Kal</span> 
     </span>
    </p>
   </div>
   <div class='ocr_carea' id='block_1_119' title="bbox 1906 5824 3487 5900">
    <p class='ocr_par' dir='ltr' id='par_1_119' title="bbox 1906 5824 3487 5900">
     <span class='ocr_line' id='line_1_119' title="bbox 1906 5824 3487 5900; baseline -0.006 -13"><span class='ocrx_word' id='word_1_869' title='bbox 1906 5829 2160 5900; x_wconf 85' lang='grc' dir='ltr'>καθάπερ</span> <span class='ocrx_word' id='word_1_870' title='bbox 2191 5830 2271 5894; x_wconf 90' lang='grc' dir='ltr'>εἰς</span> <span class='ocrx_word' id='word_1_871' title='bbox 2293 5828 2529 5884; x_wconf 74' lang='grc' dir='ltr'>ἄϐυσσον</span> <span class='ocrx_word' id='word_1_872' title='bbox 2556 5825 2791 5898; x_wconf 76' lang='grc' dir='ltr'>σπινθὴρ</span> <span class='ocrx_word' id='word_1_873' title='bbox 2817 5824 3077 5896; x_wconf 84' lang='grc' dir='ltr'>ἐμπεσὼν</span> <span class='ocrx_word' id='word_1_874' title='bbox 3126 5825 3342 5897; x_wconf 86' lang='grc' dir='ltr'>ἐκείνην</span> <span class='ocrx_word' id='word_1_875' title='bbox 3386 5826 3487 5896; x_wconf 69' lang='grc' dir='ltr'>μὲν</span> 
     </span>
    </p>
   </div>
  </div>
