3962 6418
166 400 264 456 ΞΠ

159 534 284 573 rans
304 558 321 584 ,
372 517 627 572 tutiorem
675 528 794 569 eam
840 511 928 568 illa
956 524 1077 568 esse
1103 509 1239 567 dixit
1266 527 1281 564 :
1313 523 1436 565 nam
1464 516 1735 563 armatura

162 610 410 682 quaedam
462 618 549 665 est
592 605 1040 679 inexpugnabilis,
1087 615 1145 661 et
1190 605 1507 659 inconcussa
1532 600 1693 656 turris
1721 640 1738 665 ,

155 718 275 772 quae
296 703 528 757 molesta
557 700 735 755 omnia
757 696 915 754 facile
939 697 1232 769 propulsat.
1261 695 1329 750 Et
1351 696 1490 750 sicut
1511 692 1743 749 scintilla

156 796 207 847 in
236 793 495 865 abyssum
522 791 768 847 incidens
788 833 804 859 ,
853 791 997 846 illam
1025 788 1241 861 quidem
1272 788 1400 843 nihil
1428 786 1596 851 laedit,
1626 786 1742 857 ipsa

156 901 286 941 vero
316 886 475 941 facile
497 885 855 957 exstinguitur
879 902 892 937 :
921 885 999 939 sic
1027 894 1080 938 et
1108 883 1161 938 in
1191 882 1477 951 patientem
1507 879 1742 933 animam

155 979 416 1052 quidquid
445 980 868 1050 inexspectatum
896 976 1115 1042 incidit,
1145 975 1197 1029 id
1219 973 1434 1042 quidem
1464 972 1617 1027 facile
1642 970 1742 1025 de-

158 1075 329 1138 letur,
367 1074 513 1128 illam
542 1088 674 1128 vero
720 1072 941 1126 minime
993 1068 1192 1124 turbat.
1224 1067 1435 1122 Etenim
1485 1063 1741 1132 patientia

157 1165 399 1220 omnium
451 1163 755 1218 firmissima
800 1171 883 1218 est
932 1178 947 1216 :
991 1161 1202 1216 etiamsi
1249 1156 1518 1214 exercitus
1545 1155 1694 1210 dicas
1721 1195 1738 1221 ,

159 1256 368 1312 etiamsi
398 1268 530 1324 opes
549 1296 566 1322 ,
598 1253 810 1309 etiamsi
850 1266 1047 1322 equos,
1077 1265 1260 1306 muros
1283 1291 1298 1316 ,
1329 1263 1476 1302 arma
1502 1257 1557 1302 et
1583 1244 1740 1316 (ιυῑά-

161 1352 240 1405 vis
265 1348 414 1404 aliud
440 1391 456 1415 ,
501 1348 632 1403 nihil
673 1347 944 1418 patientiae
973 1361 1067 1416 par
1111 1344 1280 1399 dices.
1322 1341 1454 1397 Nam
1499 1340 1592 1410 qui
1638 1337 1743 1392 illis

165 1443 452 1497 instructus
481 1449 543 1495 et
567 1439 931 1495 circumdatus
957 1446 1061 1504 est,
1090 1452 1121 1491 a
1149 1435 1329 1492 furore
1354 1448 1500 1503 saepe
1526 1444 1745 1499 correp-

168 1544 268 1599 tus,
298 1535 471 1589 instar
498 1534 646 1603 pueri
673 1532 865 1587 debilis
892 1532 1183 1597 evertitur,
1210 1538 1266 1585 et
1307 1528 1489 1583 omnia
1516 1523 1743 1582 tumultu

168 1642 225 1683 ac
250 1633 571 1697 tempestate
619 1624 829 1694 replet:
864 1623 953 1679 hic
998 1630 1179 1678 autem
1206 1631 1475 1691 tamquam
1507 1619 1560 1674 in
1588 1625 1743 1688 portu

167 1723 396 1785 sedens,
425 1717 692 1790 profunda
737 1716 931 1772 fruitur
978 1715 1402 1786 tranquillitate:
1433 1710 1643 1768 etiamsi
1688 1709 1743 1765 in

164 1816 413 1870 damnum
458 1811 796 1881 conjeceris,
842 1820 1048 1882 petram
1092 1824 1200 1864 non
1248 1807 1501 1872 movisti;
1530 1804 1743 1863 etiamsi

162 1907 538 1962 contumeliam
562 1905 828 1969 intuleris,
853 1904 1041 1959 turrim
1062 1918 1166 1958 non
1190 1900 1535 1964 concussisti;
1557 1898 1747 1955 etiam-

161 1998 204 2053 si
236 1998 418 2068 plagas
449 1996 739 2062 inllixeris,
770 1995 1110 2051 adamantem
1140 2010 1246 2049 non
1279 1992 1617 2065 percussisti.
1648 1991 1744 2047 Et-

159 2090 301 2143 enim
329 2088 634 2160 longanimis
662 2087 784 2143 ideo
813 2087 1027 2155 dicitur,
1059 2087 1182 2158 quia
1211 2087 1426 2158 longum
1459 2084 1744 2156 quemdam

158 2188 211 2235 et
242 2195 497 2251 magnum
524 2179 685 2234 habet
713 2179 948 2234 animum
975 2195 990 2235 :
1019 2178 1162 2249 quod
1188 2186 1368 2234 autem
1400 2178 1615 2248 longum
1638 2186 1740 2240 est,

155 2272 318 2327 etiam
352 2287 604 2344 magnum
644 2269 859 2327 dicitur.
903 2269 1011 2325 Sed
1047 2269 1154 2327 hoc
1196 2269 1396 2324 bonum
1425 2283 1491 2324 ex
1522 2268 1747 2324 caritate

156 2364 331 2418 oritur
357 2405 372 2428 ,
400 2371 456 2419 et
487 2363 552 2418 iis
572 2405 588 2430 ,
619 2363 710 2433 qui
752 2352 874 2418 eam
912 2362 1190 2433 possident
1218 2362 1414 2432 illaque
1453 2358 1703 2415 fruuntur
1727 2401 1741 2424 ,

164 2470 414 2526 magnam
463 2455 601 2525 parit
630 2454 935 2510 utilitatem.
982 2454 1061 2510 Ne
1092 2453 1223 2509 mihi
1254 2454 1399 2509 enim
1429 2452 1745 2524 desperatos

158 2546 399 2614 dixeris,
425 2549 514 2619 qui
546 2548 684 2604 mala
733 2549 1031 2617 facientes,
1081 2564 1258 2618 neque
1305 2548 1570 2619 patientes
1614 2547 1749 2604 fiunt

155 2636 479 2694 deteriores.
537 2639 637 2695 Hic
688 2656 795 2695 non
843 2656 912 2696 ex
964 2641 1221 2711 patientia
1273 2639 1464 2712 hujus,
1518 2641 1611 2696 sed
1678 2643 1747 2697 ab

162 2728 225 2782 iis
246 2769 262 2792 ,
295 2730 386 2799 qui
416 2730 503 2784 illa
535 2745 640 2785 non
688 2739 746 2785 ut
791 2747 886 2800 par
914 2741 1059 2787 esset
1090 2740 1348 2799 utuntur,
1381 2731 1485 2788 hoc
1526 2732 1743 2788 accidit.

158 2818 236 2875 Ne
267 2821 446 2890 itaque
486 2821 616 2876 mihi
650 2821 748 2876 hos
780 2821 984 2877 dixeris
1007 2863 1023 2889 ,
1057 2822 1153 2879 sed
1179 2824 1606 2891 mansuetiores,
1656 2828 1747 2896 qui

160 2928 353 2983 magna
386 2913 505 2969 hinc
533 2914 830 2969 lucrentur.
872 2913 1098 2982 Quando
1127 2917 1270 2970 enim
1298 2917 1443 2972 male
1487 2916 1746 2974 facientes

161 3022 266 3061 nun
295 3008 436 3063 male
462 3009 738 3078 patiuntur
756 3050 772 3075 ,
802 3009 1054 3079 patientis
1083 3010 1548 3067 mansuetudinem
1574 3011 1747 3066 admi-

160 3110 341 3156 rantes
363 3142 378 3166 ,
410 3116 656 3173 magnam
683 3100 808 3157 inde
833 3100 1110 3158 lucrantur
1135 3102 1492 3173 philosophiae
1539 3103 1745 3159 doctri-

159 3205 306 3244 nam.
358 3190 476 3262 lpse
503 3206 633 3247 vero
664 3208 769 3246 non
803 3192 889 3247 hic
935 3193 1158 3265 gradum
1187 3194 1365 3260 sistit,
1398 3195 1496 3251 sed
1540 3204 1598 3251 et
1640 3196 1744 3251 alia

159 3284 275 3352 ejus
303 3286 563 3355 praeclara
590 3293 742 3357 gesta
786 3285 1062 3357 subjungit
1101 3286 1288 3344 dicens
1326 3305 1340 3341 :
1383 3286 1611 3360 Benigua
1648 3298 1743 3345 est.

161 3373 291 3442 Quia
320 3376 465 3432 enim
492 3376 712 3447 quidam
753 3386 918 3445 sunt,
951 3378 1040 3449 qui
1072 3378 1330 3449 patientia
1369 3396 1477 3435 non
1504 3380 1578 3435 ad
1614 3394 1745 3450 pro-

164 3468 331 3537 priam
358 3469 752 3541 philosophiam
776 3479 1017 3539 utuntur,
1040 3472 1135 3527 sed
1159 3471 1225 3527 ad
1253 3473 1509 3529 ultionem
1533 3489 1745 3539 eorum,

164 3560 250 3629 qui
278 3562 425 3631 ipsos
452 3563 766 3627 irritavere,
800 3563 1011 3633 seipsos
1037 3562 1468 3636 disrumpentes,
1504 3566 1637 3623 dicit
1678 3567 1744 3621 il-

168 3652 269 3708 lam
298 3656 400 3712 hoc
430 3657 559 3710 vitio
586 3671 693 3711 non
724 3656 990 3713 laborare.
1022 3657 1088 3713 Et
1136 3659 1259 3715 ideo
1286 3661 1560 3732 subjungit
1582 3701 1597 3726 ,
1643 3659 1745 3716 Be-

169 3746 316 3817 nigno
363 3756 452 3804 est.
500 3748 684 3820 Neque
727 3748 870 3804 enim
919 3750 984 3806 ad
1028 3751 1425 3808 accendendam
1474 3752 1746 3809 ﬂammam

170 3853 346 3894 eorum
368 3841 456 3911 qui
484 3841 561 3896 ira
585 3842 962 3908 incenduntur.
982 3859 1104 3900 cum
1128 3844 1234 3899 illis
1259 3844 1539 3915 benignius
1556 3856 1744 3916 agunt,

171 3930 257 3985 sed
282 3931 346 3986 ad
377 3932 668 3989 sedandam
710 3942 766 3991 et
792 3933 1281 4006 exstinguendam;
1316 3952 1491 4008 neque
1543 3947 1748 3995 tantum

170 4036 421 4091 generose
449 4023 706 4091 ferendo,
755 4026 852 4082 sed
898 4026 1058 4084 etiam
1089 4027 1329 4085 curando
1377 4041 1433 4086 et
1483 4030 1749 4088 hortando

174 4115 325 4174 ulceri
348 4116 634 4175 medentur
652 4128 704 4176 et
729 4121 920 4176 vulnus
946 4120 1039 4177 ira:
1068 4130 1278 4178 curant.
1309 4122 1433 4178 Non
1455 4123 1746 4180 aemulatur.

174 4207 345 4266 Potest
372 4213 517 4268 enim
541 4214 741 4284 aliquis
768 4215 980 4284 patiens
1007 4230 1130 4272 esse
1173 4225 1227 4272 et
1270 4216 1483 4273 invidus
1505 4259 1523 4286 ,
1554 4228 1609 4272 et
1646 4218 1751 4275 hoc

176 4306 291 4361 vitio
318 4307 515 4363 bonum
534 4323 670 4377 opus
691 4308 819 4364 illud
836 4310 1218 4379 corrumpitur.
1236 4309 1341 4368 Sed
1360 4311 1473 4382 ipsa
1496 4310 1599 4367 hoc
1615 4327 1749 4385 quo-

172 4414 265 4469 que
289 4400 494 4472 effugit.
542 4400 665 4457 Non
693 4402 800 4474 agit
828 4419 1114 4474 perperam.
1144 4403 1201 4459 ld
1221 4413 1337 4472 est,
1373 4421 1481 4461 non
1510 4421 1750 4478 praeceps

172 4503 247 4548 est
272 4509 426 4549 :nam
459 4494 775 4563 pmdentem
799 4495 1111 4551 redditeum
1140 4497 1230 4567 qui
1259 4497 1432 4568 diligit
1458 4509 1513 4555 et
1530 4515 1750 4570 gravem

174 4594 222 4637 et
238 4585 438 4654 placide
459 4586 820 4641 incedentem.
843 4586 912 4641 lis
931 4588 1074 4642 enim
1093 4587 1183 4656 qui
1203 4591 1430 4658 turpiter
1446 4601 1629 4647 amant
1647 4592 1751 4648 hoc

181 4694 277 4746 pro;
299 4678 430 4732 rium
456 4678 644 4731 vitium
666 4687 751 4733 est
771 4696 784 4732 :
807 4680 895 4748 qui
919 4695 1047 4735 vero
1065 4680 1200 4736 hanc
1218 4681 1366 4736 novit
1381 4681 1745 4753 dilectionem,

177 4772 236 4824 ab
254 4771 330 4826 his
350 4773 602 4828 omnibus
630 4774 863 4835 maxime
889 4773 1025 4831 liber
1049 4784 1153 4831 cst.
1194 4774 1326 4830 Nam
1350 4789 1470 4831 cum
1499 4779 1643 4833 intus
1671 4779 1749 4834 ira

183 4879 278 4918 non
307 4865 462 4921 fuerit
482 4908 500 4933 ,
553 4868 847 4935 petulantia
877 4870 1053 4923 omnis
1078 4879 1133 4924 et
1162 4871 1489 4925 contumelia
1536 4871 1749 4928 sublata

188 4966 278 5011 est.
305 4957 505 5014 Etenim
537 4969 593 5012 ut
621 4960 834 5029 quidam
863 4963 1098 5031 optimus
1124 4962 1358 5033 agricola
1389 4962 1532 5019 intus
1555 4964 1750 5020 anima:

189 5048 403 5105 insidens
422 5053 624 5106 caritas
649 5060 705 5107 et
729 5053 969 5119 dilectio,
992 5069 1100 5109 non
1128 5055 1258 5113 sinit
1284 5055 1419 5111 ullas
1441 5055 1749 5126 hujusmodi

184 5141 342 5211 spinas
362 5142 690 5213 germinare.
722 5142 847 5198 Non
871 5146 1104 5215 inﬂatur.
1136 5146 1346 5202 Etenim
1378 5148 1576 5205 multos
1602 5150 1751 5207 vide-

189 5245 287 5286 mus
305 5232 371 5287 de
397 5233 482 5288 his
507 5234 778 5304 praeclaris
808 5235 1062 5305 operibus
1081 5237 1247 5292 altum
1270 5240 1572 5309 sapientes;
1597 5258 1750 5299 nem-

202 5335 243 5389 pe
279 5324 414 5393 quod
459 5340 566 5379 non
607 5325 719 5382 sint
762 5326 928 5382 invidi
978 5343 1154 5400 neque
1198 5331 1326 5385 mali
1371 5347 1546 5402 neque
1572 5335 1748 5404 pusilli

201 5414 327 5470 animi
354 5430 528 5487 neque
559 5418 877 5485 petulantes.
919 5417 1103 5490 Neque
1129 5421 1272 5476 enim
1297 5424 1469 5478 solum
1513 5440 1636 5480 cum
1664 5426 1749 5481 di-

203 5502 307 5560 liliis
346 5514 403 5561 et
454 5516 767 5577 paupertate
809 5509 925 5565 haec
969 5512 1106 5566 mala
1138 5511 1557 5582 habentur,sed
1584 5518 1750 5573 etiam

202 5604 290 5649 cum
312 5594 415 5651 illis
438 5611 558 5666 qua:
585 5605 774 5654 natura
803 5610 928 5656 sunt
954 5601 1115 5657 bona.
1142 5602 1247 5660 Sed
1276 5607 1473 5663 caritas
1492 5618 1750 5667 accurate

204 5688 343 5743 omnia
366 5700 649 5761 expurgat.
680 5692 935 5748 Animum
962 5706 1140 5751 autem
1160 5697 1358 5755 adhibe
1383 5718 1397 5753 :
1420 5701 1512 5772 qui
1541 5702 1750 5773 patiens

209 5788 296 5846 est,
334 5795 443 5838 non
489 5794 570 5839 est
615 5785 835 5841 omnino
883 5786 1190 5858 benignus:
1224 5791 1381 5862 quod
1409 5795 1455 5849 si
1484 5794 1749 5868 benignus

207 5881 281 5928 non
306 5874 412 5943 sit,
445 5875 560 5932 haec
585 5895 670 5933 res
697 5889 780 5935 est
803 5881 991 5937 vitium
1011 5925 1027 5950 ,
1055 5891 1112 5939 et
1147 5886 1443 5955 periculum
1474 5900 1557 5949 est
1599 5909 1668 5951 ne
1692 5894 1747 5952 in

499 5996 773 6063 PATROL.
824 6003 941 6067 Gn.
992 6009 1141 6071 LXI.

1150 392 1218 451 IN
1255 391 1469 451 EPIST.
1512 391 1530 445 1
1595 391 1687 446 AD
1723 388 1879 445 (ΞΟΠ.
1922 388 2153 445 ιιυΜιι.
2195 389 2435 446 XXXIII.

3331 391 3438 444 27R

1845 503 2274 560 recordationem
2302 503 2614 574 injuriarutn
2642 505 2861 561 incidat.
2890 505 3011 559 ideo
3039 505 3150 574 ipsa
3183 504 3402 574 pharma
3420 536 3443 547 -

1852 612 1972 653 cum
2000 598 2133 654 dans
2153 640 2169 666 ,
2203 597 2583 668 benignitatem
2612 597 2735 653 dico
2756 639 2772 665 ,
2794 613 2983 668 puram
3006 605 3292 653 conservat
3322 597 3432 650 vir-

1853 698 2044 744 tutem.
2066 688 2297 744 Rursum
2323 688 2582 759 benignus
2621 702 2766 759 saepe
2792 689 2962 744 facilis
2983 697 3065 744 est
3090 730 3104 755 ,
3136 689 3231 743 sed
3256 696 3312 744 et
3338 687 3439 742 hoc

1852 780 1941 835 illa
1975 780 2233 850 corrigit:
2263 778 2462 835 Caritas
2511 780 2653 835 enim
2678 819 2695 846 ,
2742 780 2910 850 inquit
2936 820 2951 845 ,
2983 797 3086 834 non
3114 781 3218 852 agit
3261 796 3439 851 perpe-

1851 890 1997 940 ram,
2029 890 2132 928 non
2159 873 2390 942 inﬂatur.
2423 872 2525 940 Qui
2563 871 2826 942 benignus
2850 882 2907 926 ct
2934 886 3142 941 patiens
3169 882 3274 936 est,
3295 887 3440 941 sa‘pe

1849 978 2106 1033 arrogans
2132 972 2218 1019 est
2246 981 2258 1017 :
2287 963 2384 1020 sed
2410 974 2465 1018 et
2496 963 2635 1018 hanc
2664 963 2804 1018 tollit
2833 964 3148 1034 nequitiam.

1918 1056 1973 1110 2.
2004 1055 2069 1110 Et
2086 1054 2354 1126 perpende
2379 1054 2649 1124 quomodo
2668 1068 2807 1119 eam,
2833 1071 2938 1109 nun
2962 1055 3122 1109 modo
3145 1052 3294 1108 abiis
3313 1068 3432 1121 qua:

1852 1147 2050 1214 habet,
2072 1147 2169 1203 sed
2194 1147 2355 1202 etiam
2377 1146 2444 1200 ab
2471 1144 2537 1200 iis
2563 1160 2683 1216 quae
2708 1161 2815 1200 non
2840 1146 2999 1201 habet
3023 1152 3269 1200 exornet.
3299 1143 3432 1198 Dicit

1849 1240 1995 1294 enim
2025 1254 2144 1294 eam
2172 1246 2227 1293 et
2253 1238 2507 1292 virtutem
2560 1237 2812 1293 inducere
2861 1246 2916 1292 et
2940 1237 3198 1291 malitiam
3225 1235 3428 1291 exscin-

1848 1330 2016 1394 dere;
2044 1331 2150 1382 imo
2176 1344 2303 1383 vero
2325 1343 2392 1383 ne
2406 1328 2474 1382 ab
2498 1327 2649 1383 initio
2673 1328 2817 1384 nasci
2847 1327 3060 1398 quidem
3089 1327 3235 1383 sinit.
3254 1324 3438 1395 Nequa

1849 1420 1990 1476 cnim
2020 1419 2191 1485 dixit,
2221 1417 2529 1475 Emulatur
2558 1417 2806 1489 quidem,
2843 1418 3097 1473 invidiam
3124 1432 3251 1473 vero
3279 1429 3439 1485 supe-

1852 1522 1971 1577 rat;
2021 1526 2212 1582 neque,
2248 1517 2519 1581 Arrogans
2568 1510 2783 1580 quidem
2826 1518 2941 1577 est,
2973 1510 3069 1565 sed
3118 1509 3221 1563 hoc
3251 1508 3441 1562 vitium

1847 1605 2103 1676 castigat;
2133 1603 2228 1659 sed
2246 1644 2264 1670 ,
2291 1601 2415 1658 Non
2452 1602 2746 1669 muniatur,
2770 1618 2871 1655 non
2892 1601 2996 1671 agit
3020 1615 3306 1673 perperam,
3333 1614 3436 1652 non

1848 1696 2056 1766 inﬂatur
2078 1711 2095 1750 :
2118 1693 2261 1763 quod
2286 1701 2466 1748 autem
2496 1692 2729 1747 maxime
2751 1691 2994 1747 mirabile
3024 1699 3127 1758 est,
3150 1690 3264 1745 sine
3294 1688 3443 1743 labo-

1851 1788 2001 1843 ribus
2024 1790 2163 1843 bona
2188 1786 2355 1853 facit,
2386 1798 2440 1841 ct
2464 1786 2583 1841 sine
2609 1786 2754 1842 bello
2785 1785 2868 1842 vel
2899 1785 3014 1841 acie
3039 1793 3303 1856 tropreutn
3333 1781 3441 1837 eri-

1847 1882 1944 1951 git.
1977 1879 2159 1949 Neque
2183 1879 2326 1932 enim
2359 1878 2553 1932 sudare
2576 1877 2708 1932 sinit
2736 1892 2857 1932 eum
2890 1877 2979 1946 qui
3008 1891 3067 1932 se
3097 1874 3353 1944 possidet,
3385 1881 3440 1927 et

1850 1973 1920 2026 ita
1960 1986 2218 2026 coronam
2251 1970 2535 2040 accipere,
2569 1970 2663 2026 sed
2707 1970 2825 2027 sine
2870 1969 3055 2024 labore
3081 1969 3323 2024 bravium
3366 1967 3444 2022 illi

1848 2063 2043 2120 defert.
2072 2062 2175 2120 Ubi
2198 2064 2339 2119 enim
2369 2079 2476 2117 non
2502 2070 2587 2117 est
2610 2062 2982 2118 adversarium
3009 2061 3194 2116 vitium
3223 2068 3437 2130 tempe:-

1849 2156 1989 2211 ranti
2015 2154 2360 2225 cogitationi,
2394 2155 2515 2225 quis
2540 2153 2694 2209 labor
2721 2151 2923 2209 fuerit?
2952 2153 3007 2211 5.
3053 2151 3178 2207 Non
3222 2151 3441 2209 dedecus

1849 2249 1944 2303 sibi
1973 2247 2153 2319 inferri
2182 2255 2348 2317 putat.
2381 2245 2520 2313 Quid
2546 2246 2689 2301 enim
2718 2245 2840 2301 dico
2860 2286 2876 2310 ,
2921 2245 3128 2315 inquit,
3160 2241 3304 2314 quod
3334 2256 3441 2297 non

1851 2338 2067 2393 infletur
2090 2378 2106 2405 ,
2139 2336 2353 2407 quando
2382 2345 2587 2391 tantum
2613 2336 2777 2393 distat
2801 2335 2870 2391 ab
2897 2336 2998 2392 hoc
3029 2335 3179 2400 vitio,
3212 2343 3290 2400 ut,
3318 2346 3442 2388 cum

1852 2446 1950 2501 pro
1977 2428 2170 2484 dilecto
2192 2436 2433 2483 extrema
2464 2441 2619 2498 passa
2647 2426 2748 2491 sit,
2783 2441 2889 2482 non
2917 2425 3151 2482 dedecus
3179 2440 3300 2481 esse
3324 2439 3443 2479 rem

1853 2519 2178 2576 existimet?
2223 2519 2408 2591 Neque
2434 2519 2569 2574 dixit
2598 2533 2814 2574 rursum
2835 2560 2851 2588 ,
2884 2534 2993 2574 non
3040 2518 3291 2574 indecore
3317 2516 3442 2588 qui;

1850 2614 1975 2670 dem
2006 2614 2205 2684 patitur
2226 2654 2240 2679 ,
2290 2610 2385 2667 sed
2414 2610 2648 2667 dedecus
2673 2609 2782 2667 fert
2821 2626 3087 2682 generose
3112 2627 3126 2676 ;
3167 2609 3263 2666 sed
3292 2609 3438 2680 quod

1852 2723 1921 2762 ne
1948 2721 2162 2761 sensum
2190 2703 2407 2774 quidem
2438 2703 2721 2759 dedecoris
2765 2703 2984 2759 habeat.
3031 2701 3163 2758 Nam
3193 2703 3239 2757 si
3277 2716 3441 2772 pecu-

1851 2799 1955 2855 niae
1982 2807 2228 2853 amantes
2251 2839 2267 2866 ,
2297 2797 2557 2868 probrosa
2600 2797 2779 2852 omnia
2809 2813 2905 2868 pro
2934 2798 3021 2853 illa
3049 2796 3444 2868 cauponatione

1853 2891 2089 2948 ferentes
2112 2931 2128 2958 ,
2159 2906 2264 2944 non
2302 2889 2463 2945 modo
2494 2905 2600 2945 non
2628 2890 2955 2946 erubescunt
2977 2932 2993 2954 ,
3027 2891 3123 2947 sed
3154 2891 3317 2945 etiam
3344 2904 3441 2944 ex—

1852 2984 2086 3049 sultant;
2115 2982 2283 3036 multo
2311 2982 2479 3052 magis
2506 2982 2573 3048 is,
2610 2982 2700 3052 qui
2728 2982 3051 3038 laudabilem
3080 2981 3219 3037 hanc
3252 2982 3447 3037 carita-

1855 3083 1963 3130 tem
1994 3074 2156 3128 habet
2178 3113 2193 3135 ,
2236 3088 2333 3143 pro
2361 3072 2682 3128 dilectorum
2730 3074 3027 3130 securitate
3055 3059 3189 3129 nihil
3221 3075 3444 3130 omnino

1854 3163 2156 3230 recusabit;
2204 3163 2314 3217 imo
2361 3180 2536 3234 neque
2602 3166 2810 3235 patiens
2862 3166 3163 3222 erubescet.
3216 3164 3323 3223 Sed
3378 3180 3447 3220 ne

1855 3274 1883 3310 a
1930 3272 1990 3311 re
2046 3256 2185 3311 mala
2241 3256 2544 3325 exemplum
2618 3255 2939 3324 aderamus,
3000 3257 3104 3313 hoc
3160 3256 3334 3328 ipsum
3392 3258 3442 3311 iu

1851 3347 2068 3404 Christo
2118 3349 2524 3414 examinemus,
2576 3358 2633 3405 et
2689 3361 2818 3407 tunc
2872 3351 3000 3407 dicti
3051 3351 3160 3409 vim
3229 3351 3448 3419 consimi-

1852 3444 2076 3498 ciemus.
2124 3441 2381 3497 Dominus
2426 3444 2569 3498 enim
2612 3443 2770 3500 Jesus
2797 3442 3046 3501 Christus
3080 3454 3136 3500 et
3175 3458 3445 3514 conspue-

1852 3535 2009 3591 batur
2053 3545 2107 3591 et
2148 3534 2393 3607 colaphis
2437 3536 2747 3593 credebatur
2794 3552 2825 3592 a
2880 3538 3275 3594 miserabilibus
3328 3550 3443 3590 ser-

1851 3630 1969 3695 vis;
2000 3636 2056 3684 et
2093 3644 2199 3683 non
2246 3628 2406 3682 modo
2451 3644 2510 3685 se
2561 3630 2816 3687 indecore
2866 3648 2972 3688 non
3004 3647 3163 3703 agere
3192 3630 3444 3702 putabat,

1855 3720 1952 3774 sed
1985 3721 2145 3776 etiam
2190 3720 2531 3789 exsultabat,
2586 3738 2817 3795 eamque
2868 3740 2982 3780 rem
3027 3725 3250 3797 gloriam
3284 3739 3446 3777 voca-

1853 3810 1979 3876 bat;
2034 3819 2088 3863 et
2140 3809 2268 3865 dum
2318 3811 2580 3868 latronem
2644 3826 2699 3870 et
2749 3814 3070 3872 homicidam
3122 3823 3249 3871 ante
3304 3815 3439 3869 alios

1853 3917 2037 3959 secum
2069 3901 2123 3957 in
2149 3903 2453 3972 paradisum
2484 3905 2882 3974 introduceret,
2915 3918 2972 3963 et
3000 3910 3338 3965 meretricem
3366 3907 3448 3962 al-

1850 3994 2198 4065 loqueretur,
2228 3994 2390 4066 idque
2419 3996 2896 4055 circumstantibus
2941 4001 3192 4056 omnibus
3220 4014 3445 4056 accusa-

1857 4087 2065 4144 toribus
2091 4087 2203 4143 suis
2223 4130 2238 4157 ,
2272 4104 2380 4144 non
2407 4093 2629 4159 putabat
2667 4108 2778 4147 rem
2816 4107 2939 4149 esse
2968 4103 3179 4164 turpem
3206 4136 3222 4162 ,
3254 4094 3349 4149 sed
3393 4102 3448 4150 et

1855 4179 1957 4248 ipsi
1983 4178 2146 4250 pedes
2168 4194 2295 4234 suos
2323 4182 2549 4250 praebuit
2572 4173 2893 4241 osculandos
2918 4227 2933 4253 ,
2965 4195 3021 4243 et
3047 4202 3243 4258 corpus
3268 4188 3444 4259 lat-ry—

1854 4270 1959 4325 mis
2011 4270 2338 4341 irrigandmn
2393 4275 2708 4346 capillisque
2760 4278 3124 4348 tergendum;
3173 4289 3228 4335 et
3257 4278 3360 4335 huc
3391 4278 3449 4333 in

1864 4361 2048 4416 medio
2079 4361 2311 4417 hostium
2340 4375 2392 4419 et
2422 4356 2763 4424 inimicorum
2796 4370 3029 4425 theatro.
3063 4369 3274 4429 Caritas
3305 4372 3449 4425 enim

1855 4465 1963 4506 non
2010 4451 2262 4509 indecore
2321 4471 2502 4512 secum
2562 4459 2646 4529 agi
2710 4468 2876 4529 putat.
2938 4461 3166 4533 Ideoque
3215 4474 3400 4535 patres
3431 4505 3444 4527 ,

1857 4545 2067 4600 etiamsi
2095 4546 2429 4618 phil050pltis
2452 4550 2868 4622 rhetoribusque
2892 4554 3143 4610 omnibus
3171 4564 3449 4624 praestent,

1857 4654 1964 4694 non
2009 4640 2334 4696 erubescunt
2362 4642 2523 4697 simul
2554 4644 2828 4702 balbutire
2853 4662 2976 4702 cum
3008 4647 3167 4714 filiis;
3201 4657 3257 4705 et
3287 4665 3447 4705 nemo

1856 4730 2149 4785 videntium
2180 4732 2232 4786 id
2264 4731 2630 4801 reprehendit,
2663 4737 2760 4792 sed
2786 4737 2922 4799 adeo
2952 4738 3172 4808 pulchra
3201 4755 3290 4795 res
3318 4754 3444 4796 esse

1855 4820 2104 4888 videtur,
2136 4831 2193 4875 ut
2223 4822 2267 4876 si
2295 4824 2458 4878 etiam
2489 4825 2540 4879 in
2585 4829 2744 4882 votis.
2777 4828 2848 4884 Et
2887 4830 2932 4885 si
2963 4845 3153 4887 rursus
3177 4834 3303 4887 mall
3333 4831 3452 4887 fue-

1859 4912 1958 4966 rint
1987 4954 2003 4979 ,
2038 4911 2092 4967 hi
2147 4923 2364 4969 manent
2404 4917 2737 4988 corrigentes
2760 4960 2776 4986 ,
2805 4931 3054 4979 curantes
3079 4964 3096 4991 ,
3136 4925 3329 4995 probra
3356 4940 3455 4978 eo-

1858 5019 1977 5059 rum
2009 5015 2322 5061 coercentes
2344 5049 2358 5073 ,
2391 5023 2493 5064 nec
2532 5010 2695 5080 pudet
2726 5013 2869 5068 illos.
2914 5014 3123 5073 Caritas
3156 5021 3298 5074 enim
3347 5035 3452 5074 non

1858 5096 2115 5153 indecore
2143 5100 2286 5169 agit;
2320 5100 2416 5157 sed
2447 5103 2599 5172 quasi
2630 5107 2812 5161 aureis
2837 5108 3159 5180 quibusdam
3184 5113 3451 5179 alis,'om-

1858 5190 1949 5245 nia
1977 5190 2295 5246 delictorum
2326 5205 2546 5265 peccata
2577 5198 2842 5270 contegit.
2870 5202 2960 5258 Sic
2989 5212 3046 5257 et
3072 5204 3328 5262 Davidem
3356 5205 3453 5262 Jo-

1858 5281 2049 5337 nathas
2094 5284 2329 5350 amabat,
2375 5285 2706 5360 audiensque
2755 5302 2960 5361 patrem
2988 5294 3300 5365 dicentem,
3347 5297 3456 5355 Fili

1859 5373 2145 5442 puellarum
2187 5376 2321 5430 ultro
2369 5379 2672 5435 venientium
2698 5423 2714 5449 ,
2745 5382 3035 5453 eﬂ‘eminala
3062 5387 3143 5461 (i.
3184 5389 3318 5463 Reg.
3359 5391 3451 5447 20.

1859 5463 1987 5533 '50),
2024 5479 2129 5520 non
2163 5467 2552 5538 erubescebat,
2596 5474 2695 5528 etsi
2729 5476 3059 5548 turpitudine
3103 5481 3260 5551 plena
3289 5483 3451 5538 verba

1857 5564 2033 5610 erant.
2063 5555 2195 5612 Nam
2224 5556 2327 5614 hoc
2356 5561 2469 5615 vult
2495 5563 2798 5635 signiﬁcare
2817 5609 2833 5634 ,
2863 5569 2966 5625 Fili
2991 5572 3450 5629 meretricularum

1860 5647 1913 5702 in
1943 5649 2086 5704 viros
2114 5651 2513 5723 insanientium,
2538 5657 2604 5712 ad
2622 5671 3011 5730 prmtereuntes
3028 5667 3452 5732 accurrentium,

1860 5750 2116 5798 encrvate
2135 5784 2151 5810 ,
2184 5745 2393 5813 mollis,
2424 5750 2514 5819 qui
2543 5750 2677 5806 nihil
2714 5753 2870 5810 virile
2892 5755 3065 5812 habes
3089 5797 3104 5823 ,
3133 5756 3229 5813 sed
3257 5759 3327 5813 ad
3351 5758 3451 5816 de—

1850 5830 2028 5887 decus
2058 5843 2244 5902 tuum,
2275 5847 2331 5893 et
2372 5839 2492 5910 ejus
2536 5843 2628 5914 qui
2675 5852 2726 5900 te
2770 5846 2982 5916 peperit
3033 5848 3258 5916 matris,
3292 5851 3449 5908 vivis.

1858 5923 1997 5993 Quid
2040 5925 2233 5998 igitur,
2265 5931 2501 5991 haeccine
2543 5951 2687 6006 aegre
2726 5939 2873 6007 tulit,
2906 5950 2955 5995 et
3002 5955 3115 6011 prae
3140 5943 3346 6013 pudore
3388 5960 3449 6003 se

3102 6026 3177 6094 18
