3962 6458
565 413 672 468 979

563 528 872 591 abscondit,
922 534 1081 595 atque
1129 537 1157 575 a
1200 520 1402 574 dilecto
1449 512 1723 571 recessit?
1766 511 1962 566 Tutum
2003 517 2148 565 certe

565 620 893 676 contrarium
942 616 1106 679 fecit,
1157 611 1224 665 tle
1277 623 1463 663 amore
1510 604 1841 676 gloriabatur
1873 620 1886 656 :
1916 602 2016 656 etsi
2064 601 2153 654 ille

568 722 695 767 tunc
728 724 820 764 rex
847 716 963 762 erat
985 748 999 770 ,
1032 704 1172 757 filius
1198 714 1326 756 vero
1354 698 1498 769 regis
1536 696 1798 753 Jonathas
1823 736 1838 758 ,
1869 692 2031 748 David
2061 707 2154 745 au-

569 814 675 857 tem
702 800 978 871 fugitivus.
1032 794 1136 850 Sed
1171 807 1346 864 neque
1376 792 1455 845 sic
1500 790 1569 844 de
1612 787 1847 843 amicitia
1891 783 2107 841 erubuit
2139 799 2153 835 :

564 892 760 946 caritas
788 888 931 944 enim
962 902 1068 941 non
1099 884 1350 939 indecore
1387 882 1519 951 agit.
1562 878 1692 934 Nam
1722 877 1826 932 hoc
1852 877 1904 931 in
1934 876 2021 930 illa
2051 874 2154 928 tui-

567 983 737 1038 rabile
786 989 905 1046 est,
951 978 1091 1049 quod
1140 973 1467 1031 contumelia
1496 972 1749 1027 allectum
1776 1008 1792 1034 ,
1839 983 1945 1023 non
1994 966 2156 1022 modo

567 1090 675 1130 non
704 1074 844 1127 sinat
869 1072 1055 1125 dolere
1083 1076 1141 1124 et
1182 1066 1416 1122 morderi
1438 1106 1453 1128 ,
1489 1063 1585 1119 sed
1616 1061 1778 1117 etiam
1825 1069 1882 1115 ut
1925 1057 2157 1130 gaudeat

564 1166 780 1223 efficiat.
818 1163 1050 1232 ideoque
1082 1162 1173 1215 ille
1211 1167 1338 1230 post
1377 1156 1491 1211 haec
1520 1158 1733 1222 omnia,
1764 1151 1919 1223 quasi
1953 1164 2153 1206 corona

563 1259 848 1316 redimitus
868 1297 885 1322 ,
913 1256 990 1310 sic
1012 1254 1201 1309 abiens
1222 1249 1479 1307 Davidem
1506 1246 1816 1317 complexus
1838 1252 1942 1299 est.
1970 1241 2158 1311 Neque

565 1352 710 1407 enim
738 1349 941 1405 caritas
979 1348 1080 1401 scit
1107 1344 1235 1415 quid
1266 1343 1333 1397 sit
1366 1341 1621 1412 probrum
1649 1356 1663 1391 :
1693 1338 1816 1393 ideo
1863 1335 2025 1391 etiam
2056 1334 2155 1390 sibi

567 1447 743 1517 placet
770 1443 823 1498 in
855 1456 921 1497 eo
940 1482 956 1510 ,
986 1440 1053 1494 de
1082 1452 1190 1509 quo
1216 1437 1353 1491 alius
1379 1433 1668 1490 erubescit.
1698 1428 1878 1487 Pudor
1903 1427 2046 1484 enim
2075 1435 2158 1482 est

570 1538 777 1593 nescire
824 1546 1046 1597 amare,
1091 1539 1154 1585 πει
1195 1537 1463 1583 amantem
1513 1540 1622 1580 non
1670 1537 1832 1578 omne
1861 1518 2156 1591 periculum

569 1631 719 1686 adire
757 1629 1044 1698 omniaque
1076 1623 1280 1696 perpeti
1310 1636 1407 1692 pro
1433 1619 1665 1675 dilectis.
1693 1616 1830 1674 Cum
1859 1614 2039 1670 omnia
2081 1613 2163 1668 di-

573 1741 638 1780 co
662 1767 677 1791 ,
707 1740 773 1780 ne
804 1732 958 1794 putes
1002 1736 1087 1776 me
1113 1735 1176 1774 ea
1221 1732 1341 1789 qua:
1383 1724 1509 1771 sunt
1537 1713 1695 1769 noxia
1740 1711 1965 1775 dicere;
2016 1718 2076 1763 ut
2116 1706 2161 1761 si

574 1820 696 1890 quis
723 1816 939 1882 dixerit,
963 1829 1023 1871 se
1044 1812 1229 1884 juveni
1253 1826 1412 1883 apem
1441 1808 1583 1865 terre
1602 1816 1662 1862 ut
1687 1806 1923 1877 potiatur
1946 1802 2119 1858 amica
2144 1816 2159 1865 ;

573 1922 666 1967 aut
692 1911 737 1967 si
763 1910 883 1982 quis
902 1906 1043 1964 aliud
1070 1906 1341 1979 quidpiam
1367 1904 1687 1960 damnosum
1716 1900 1890 1955 facere
1910 1898 2161 1969 postulet.

572 2003 705 2059 Nam
752 2002 843 2072 qui
888 2001 1007 2055 talis
1053 2008 1137 2055 cst
1168 2012 1276 2053 non
1305 1996 1519 2067 diligit;
1549 2002 1607 2050 et
1651 1993 1753 2049 hoc
1798 2007 1970 2062 nuper
2011 1988 2165 2045 vobis

575 2096 784 2152 ostendi
814 2111 881 2150 ex
909 2093 1158 2165 [Egyptia
1201 2090 1447 2146 muliere.
1480 2087 1612 2142 Nam
1645 2086 1734 2140 ille
1774 2084 1923 2139 S'lills
1948 2082 2121 2153 diligit
2148 2123 2162 2147 ,

576 2188 667 2258 qui
698 2203 759 2243 ea
786 2202 908 2257 quae
937 2185 1131 2239 dilecto
1163 2182 1310 2237 utilia
1349 2190 1475 2236 sunt
1499 2178 1692 2250 quierit
1720 2196 1732 2231 :
1769 2179 1839 2231 ita
1865 2185 1921 2231 nt
1961 2178 2004 2228 si
2048 2174 2167 2245 quis

580 2280 682 2333 hoc
705 2279 902 2333 bonum
933 2293 1038 2329 non
1070 2281 1329 2340 venatur,
1361 2271 1570 2327 etiamsi
1592 2269 1899 2325 sexcenties
1928 2267 2071 2320 dicat
2107 2281 2167 2320 sc

577 2371 833 2441 diligere,
865 2368 1205 2422 inimicorum
1233 2363 1474 2419 omnium
1506 2362 1575 2417 sit
1620 2359 2043 2416 inimicissimus.
2079 2357 2169 2412 Sic

576 2470 631 2519 et
658 2464 784 2518 olim
828 2461 1088 2524 Rebecca,
1112 2460 1237 2529 quia
1264 2456 1421 2514 valde
1443 2469 1473 2510 a
1504 2455 1614 2510 ﬁlio
1658 2452 1946 2524 pendebat,
1976 2460 2031 2507 et
2062 2450 2169 2506 fur-

580 2564 693 2609 tum
717 2551 843 2607 l'ecit
869 2562 926 2606 et
953 2567 1058 2606 non
1092 2549 1309 2605 erubuit
1334 2563 1402 2603 ne
1431 2545 1931 2617 deprehenderetur
1951 2587 1965 2608 ,
1997 2559 2172 2615 neque

580 2645 756 2700 timuit
788 2659 805 2709 ;
839 2657 1015 2711 neque
1042 2641 1187 2697 enim
1216 2641 1340 2697 leve
1372 2637 1672 2711 periculum
1697 2645 1850 2703 erat;
1881 2636 1974 2692 sed
2009 2636 2169 2692 etiam

586 2737 698 2792 tilio
751 2745 1082 2808 repugnante
1131 2745 1187 2791 et
1235 2733 1417 2790 verbis
1460 2746 1584 2788 cum
1636 2731 1729 2788 illa
1767 2730 2127 2787 contendente
2155 2772 2171 2795 ,

579 2828 752 2885 dixit:
778 2828 845 2883 In
877 2846 954 2884 me
978 2829 1043 2883 sit
1070 2826 1359 2883 maledictio
1384 2836 1504 2889 tuo,
1533 2824 1614 2895 [iii
1641 2822 1794 2897 (Gen.
1822 2823 1914 2878 27.
1951 2822 2062 2895 l3).

652 2922 704 2974 5.
738 2918 982 2975 Vidistin‘
1013 2918 1174 2975 etiam
1200 2922 1252 2972 in
1283 2918 1505 2972 muliere
1525 2917 1763 2972 animum
1786 2915 2171 2986 apostolicum?

582 3009 715 3065 Nam
740 3014 879 3065 sicut
920 3010 1124 3079 Optavit
1150 3009 1351 3065 Paulus
1390 3010 1473 3080 (si
1516 3010 1635 3079 quis
1663 3022 1885 3079 parvum
1912 3021 2032 3062 cum
2061 3022 2174 3061 ma-

574 3118 689 3173 gno
718 3100 994 3171 conferat)
1028 3114 1124 3169 pro
1152 3098 1353 3153 iudicis
1378 3097 1662 3152 anathema
1685 3112 1807 3153 esse
1843 3114 1857 3153 :
1883 3099 1962 3153 sic
1999 3107 2060 3152 et
2087 3098 2177 3152 illa

584 3207 646 3253 ut
680 3194 820 3251 ﬁlius
862 3192 1292 3256 benediceretur,
1319 3192 1481 3245 etiam
1510 3190 1755 3245 maledici
1782 3189 2175 3246 consentiebat.

596 3290 660 3345 Et
689 3289 763 3343 illi
791 3287 1005 3359 quidem
1061 3284 1216 3342 bonis
1261 3282 1523 3350 cedebat;
1566 3299 1673 3338 non
1728 3283 1872 3339 enim
1920 3298 2042 3339 cum
2086 3282 2179 3337 illo

590 3382 1017 3439 benedictionem
1046 3387 1327 3450 acceptura
1359 3385 1509 3439 erat;
1572 3377 1710 3431 mala
1738 3384 1917 3431 autem
1946 3375 2058 3446 ipsa
2085 3391 2178 3429 so-

592 3479 640 3532 la
663 3478 929 3532 sustinere
963 3482 1145 3546 parata
1174 3481 1291 3529 erat
1320 3489 1335 3527 :
1364 3483 1601 3527 attamen
1627 3471 1892 3542 gaudebat
1936 3480 1992 3526 et
2026 3486 2181 3541 urge-

592 3572 702 3638 bat,
726 3570 909 3625 ethoc
927 3583 1048 3624 cum
1080 3575 1285 3622 tantum
1307 3565 1614 3621 immineret
1639 3563 1955 3635 perieulum,
1986 3571 2041 3619 et
2065 3577 2181 3617 mo-

586 3677 706 3717 ram
747 3677 892 3733 regrc
923 3661 1147 3716 ferebat.
1179 3658 1426 3715 Timebat
1467 3660 1631 3725 enim,
1666 3675 1735 3715 ue
1760 3658 1806 3712 si
1831 3657 2183 3729 praivenisset

594 3754 758 3818 Esau,
809 3769 999 3809 vanam
1030 3752 1148 3823 ejus
1179 3752 1429 3808 redderet
1471 3751 1809 3822 sapientiam.
1860 3750 1983 3805 Ideo
2021 3751 2182 3805 etiam

592 3845 759 3901 verba
789 3846 841 3900 in
873 3844 1249 3914 compendium
1279 3844 1469 3914 redigit
1491 3851 1545 3898 et
1576 3852 1729 3914 urget
1761 3841 2183 3909 adolescentem,

598 3949 647 3992 et
691 3949 978 4010 postquam
1014 3938 1282 4007 prioribus
1312 3938 1687 3993 contradicere
1712 3937 1873 4003 sivit,
1921 3939 2185 3991 rationem

594 4030 749 4086 all'ex-t
772 4046 890 4101 quae
913 4030 1141 4085 sufficiat
1167 4029 1233 4085 ad
1261 4030 1711 4101 persuadendum.
1735 4027 1916 4100 Neque
1935 4029 2080 4085 eiiiin
2107 4028 2189 4082 di-

596 4125 702 4187 xit,
731 4122 951 4179 Frustra
986 4124 1100 4179 haec
1129 4124 1296 4191 dicis,
1329 4133 1383 4179 e‘t
1408 4125 1527 4179 sine
1570 4138 1733 4178 causa
1780 4122 1975 4178 metuis
1998 4164 2013 4190 ,
2063 4138 2186 4177 cum

596 4223 748 4285 pater
776 4224 898 4270 tuus
918 4217 1260 4271 consenuerit
1277 4226 1335 4272 et
1354 4218 1504 4274 claro
1524 4232 1687 4273 sensu
1709 4217 1777 4270 sit
1808 4216 2071 4287 privatus;
2095 4214 2190 4270 sed

599 4306 759 4377 quid?
786 4305 853 4361 In
898 4323 979 4362 me
1002 4308 1067 4362 sit
1107 4310 1397 4366 maledictio
1441 4320 1547 4375 tua,
1574 4310 1690 4379 ﬁli:
1723 4318 1926 4363 tantum
1975 4323 2087 4363 rem
2138 4317 2194 4362 et

608 4402 797 4458 drama
821 4419 891 4460 nc
914 4405 1126 4474 perdas,
1180 4417 1353 4474 neque
1379 4411 1626 4456 venatum
1654 4401 1866 4456 amittas
1889 4442 1905 4465 ,
1949 4413 2049 4456 nec
2077 4399 2195 4453 the-

608 4514 823 4555 saurum
874 4498 1088 4568 prodas.
1135 4498 1254 4568 ipse
1284 4510 1413 4551 vero
1452 4494 1618 4551 Jaco'b
1639 4510 1823 4549 annon
1853 4492 1953 4548 fuit
1981 4508 2185 4549 merce-

612 4592 794 4645 narius
818 4589 960 4659 apud
986 4597 1270 4659 cognatum
1291 4588 1374 4644 bis
1402 4595 1607 4657 septem
1634 4585 1846 4641 annos?
1873 4600 2052 4639 annon
2073 4599 2192 4640 cum

615 4681 893 4745 servitute,
925 4680 1084 4734 etiam
1113 4694 1210 4746 pro
1236 4678 1325 4733 illa
1359 4678 1564 4733 fallacia
1599 4677 1728 4731 risui
1754 4676 1907 4732 erat?
1935 4675 2074 4744 Quid
2105 4691 2195 4731 er-

613 4787 683 4840 go
697 4773 723 4825 '.'
746 4786 872 4825 num
886 4784 1047 4825 sensu
1065 4768 1290 4825 affectus
1311 4769 1475 4825 estob
1487 4769 1653 4823 risum
1669 4767 1693 4821 ἲ
1712 4783 1839 4822 num
1863 4782 1923 4823 se
1945 4768 2197 4822 indecore

623 4878 782 4932 agere
805 4865 1025 4932 putavit,
1048 4862 1191 4933 quod
1219 4862 1355 4919 liber
1383 4878 1503 4917 cum
1517 4871 1660 4917 esset
1684 4870 1821 4918 etex
1840 4861 2025 4917 liberis
2046 4870 2200 4917 natus

620 4969 685 5010 ac
707 4953 997 5009 liberaliter
1012 4953 1289 5019 educatus,
1317 4969 1435 5024 quae
1452 4968 1732 5009 servorum
1753 4960 1907 5008 erant
1927 4967 2118 5022 passus
2133 4954 2203 5007 sit

616 5063 649 5102 τι
679 5047 959 5119 cognatis?
988 5046 1131 5118 quod
1163 5048 1393 5102 maxime
1422 5046 1671 5123 mordere
1698 5045 1837 5101 solet
1876 5061 1997 5101 cum
2029 5045 2148 5117 quis
2173 5062 2201 5099 a

621 5141 760 5195 notis
806 5140 917 5194 suis
943 5140 1332 5195 contumeliose
1360 5141 1555 5210 agitur.
1609 5138 1955 5211 Nequaquam
1995 5159 2007 5194 :
2043 5155 2202 5195 causa

622 5242 799 5287 autem
825 5242 940 5285 erat
960 5230 1197 5297 dilectio,
1220 5244 1340 5302 quae
1369 5240 1596 5300 tempus,
1626 5231 1937 5286 diuturnum
1967 5247 2090 5287 cum
2113 5247 2204 5287 es-

623 5333 728 5391 set,
750 5322 1018 5379 modicum
1048 5321 1177 5377 illud
1198 5322 1505 5378 exhibebat.
1539 5321 1703 5377 Erant
1724 5324 1879 5383 enim.
1910 5322 2102 5392 inquit,
2154 5323 2206 5376 in

623 5425 891 5485 conspectu
917 5416 1027 5485 ejus
1050 5415 1194 5484 quasi
1218 5416 1324 5469 dies
1359 5415 1509 5485 pauci
1533 5412 1686 5484 (Gen.
1714 5413 1802 5485 29.
1826 5414 1943 5483 20).
1976 5413 2203 5467 Tantum

632 5510 816 5562 aberat
845 5513 904 5560 ut
929 5504 1267 5559 morderetur
1281 5515 1336 5560 et
1351 5506 1696 5561 erubesceret
1713 5505 1782 5559 de
1799 5506 1900 5559 hac
1922 5505 2205 5560 servitute.

633 5599 758 5655 iure
778 5612 906 5668 ergo
925 5598 1134 5653 dicebat
1159 5599 1344 5654 beatus
1366 5599 1563 5653 Paulus
1595 5618 1609 5653 ε
1640 5598 1839 5656 Caritas
1858 5616 1959 5653 non
1976 5600 2209 5656 indecore

634 5694 776 5761 agit:
817 5708 917 5747 non
943 5690 1121 5762 quierit
1151 5705 1266 5761 qua
1289 5706 1382 5744 sua
1398 5700 1534 5757 sunt,
1560 5706 1660 5744 non
1689 5690 1938 5745 irritatur.
1965 5690 2099 5746 Cum
2129 5691 2209 5746 di-

635 5788 798 5840 xisset
824 5785 986 5843 enim,
1009 5799 1111 5837 non
1131 5782 1363 5836 indecore
1377 5785 1501 5853 agit,
1533 5782 1749 5837 modum
1776 5780 1936 5837 etiam
1954 5784 2208 5848 ostendit,

637 5888 877 5946 quonon
908 5874 1155 5949 indecore
1181 5872 1309 5939 agit.
1337 5871 1466 5940 Quis
1512 5884 1689 5927 autem
1721 5873 1911 5929 modus
1950 5874 2038 5931 ille
2081 5884 2161 5929 est
2187 5878 2208 5927 1’

1287 403 1339 458 S.
1381 398 1657 456 JOANNIS
1694 388 2171 450 CllRYSOSTOMl
2210 391 2525 448 ARCHIEP.
2566 392 3095 454 CONSTANTINOP.

3732 407 3813 463 5:80

2266 508 2405 577 Quia
2438 525 2537 563 non
2561 511 2742 581 quarit
2769 527 2886 582 qua!
2920 529 3014 569 sua
3038 524 3174 569 sunt.
3211 514 3473 571 Dilectum
3501 518 3640 573 enim
3667 526 3814 576 omnia

2266 597 2367 653 sibi
2398 614 2517 655 esse
2543 611 2715 672 putat,
2747 614 2801 657 et
2824 612 2950 659 tunc
2978 604 3232 660 indecore
3259 622 3318 660 se
3344 622 3508 677 agere
3534 621 3697 677 putat,
3718 627 3813 667 eum

2267 708 2373 747 non
2394 703 2568 763 potest
2595 696 2742 751 illum
2778 698 3031 754 indecore
3051 708 3294 768 agentem
3327 700 3595 768 liberare;
3623 702 3690 758 ita
3717 710 3816 759 utsi

2264 784 2448 841 liceret
2478 802 2573 856 per
2598 788 2830 845 dedecus
2858 807 3013 846 suum
3042 791 3295 846 dilectum
3325 806 3485 849 suum
3507 794 3706 864 iuvare,
3733 815 3816 852 non

2261 877 2389 932 illud
2418 880 2653 937 dedecus
2679 898 2802 938 esse
2831 893 3045 954 putaret
3075 901 3088 939 :
3115 885 3205 943 ille
3230 902 3467 958 namque
3494 888 3579 945 hic
3608 889 3717 961 ipse
3734 906 3814 948 est.

2262 970 2372 1026 lloe
2392 975 2637 1029 csleuim
2662 977 2920 1057 amicitia,
2965 993 3087 1034 cum
3128 980 3175 1033 is
3212 981 3303 1050 qui
3331 980 3529 1052 diligit,
3581 993 3637 1038 et
3681 984 3720 1040 is
3747 1001 3815 1055 qui

2260 1062 2522 1134 diligitur,
2548 1081 2655 1122 non
2681 1067 2788 1123 duo
2816 1068 2972 1124 divisi
2999 1078 3146 1138 sunt,
3179 1071 3272 1126 sed
3304 1086 3445 1127 unus
3473 1073 3633 1129 homo
3663 1092 3678 1129 :
3705 1081 3815 1146 quod

2263 1170 2368 1210 non
2415 1158 2652 1227 aliunde,
2693 1161 2789 1215 sed
2838 1176 2867 1216 a
2897 1163 3121 1219 caritate
3149 1164 3263 1219 sola
3290 1164 3548 1225 efﬁcitur.
3604 1166 3677 1223 Ne
3717 1183 3816 1235 ergo

2261 1262 2471 1316 quiores
2501 1250 2642 1320 quod
2671 1261 2817 1305 tuum
2844 1264 2962 1320 est,
3021 1264 3079 1309 ut
3111 1254 3353 1311 invenias
3398 1258 3543 1326 quod
3576 1267 3710 1314 tuum
3735 1272 3814 1317 est.

2263 1338 2361 1407 Qui
2388 1343 2531 1396 enim
2567 1343 2709 1414 quod
2736 1360 2892 1400 suum
2921 1358 3000 1402 est
3028 1349 3243 1417 qttrril,
3272 1349 3417 1420 quod
3449 1365 3603 1404 suam
3631 1361 3706 1407 est
3735 1371 3815 1407 ltou

2266 1432 2487 1488 invenit.
2511 1433 2635 1490 ideo
2660 1434 2857 1493 Paulus
2871 1436 3104 1505 diccbat,
3137 1439 3303 1496 Nemo
3330 1452 3532 1512 qua'rat
3555 1444 3683 1514 quod
3703 1464 3816 1499 mum

2265 1532 2358 1588 est,
2387 1525 2475 1577 sed
2500 1528 2843 1599 unusquisque
2866 1532 3001 1602 quod
3032 1534 3253 1600 proximi
3274 1543 3345 1588 est
3373 1536 3454 1605 (l.
3480 1535 3600 1592 Cor.
3628 1537 3706 1593 10.
3725 1539 3814 1607 ‘24).

2267 1615 2486 1687 Propria
2524 1619 2669 1675 enim
2697 1622 2901 1677 utilitas
2930 1624 2980 1678 in
3031 1625 3263 1681 utilitate
3294 1628 3529 1696 proximi
3557 1630 3652 1683 sita
3676 1641 3818 1695 esl,ct

2268 1711 2409 1768 illius
2453 1713 2654 1769 utilitas
2682 1716 2732 1770 in
2764 1717 2875 1772 illa.
2906 1718 3372 1787 Quemadmodum
3400 1737 3531 1792 ergo
3560 1724 3603 1778 si
3628 1726 3733 1794 quis
3748 1742 3817 1778 au-

2270 1818 2385 1857 rum
2416 1805 2688 1874 proprium
2718 1809 2769 1861 in
2797 1807 2960 1863 domo
2992 1812 3221 1879 proximi
3250 1812 3536 1869 defossum
3566 1814 3762 1879 habens,
3787 1818 3818 1868 si

2271 1893 2363 1949 illo
2391 1895 2610 1951 veniens
2638 1897 2687 1952 id
2707 1914 2952 1968 quierere
2975 1911 3029 1957 et
3051 1901 3309 1960 defodere
3334 1907 3681 1970 recusaverit,
3701 1923 3820 1961 num-

2270 2002 2429 2058 quam
2454 1988 2627 2059 ipsum
2656 1992 2858 2047 videbit
2887 1995 3004 2050 :sie
3028 1996 3119 2066 qui
3151 2008 3257 2053 nco
3286 1999 3409 2053 vult
3430 2000 3483 2054 in
3514 2001 3723 2069 proximi
3742 2002 3818 2053 uti.

2272 2080 2419 2138 litate
2436 2098 2588 2138 suam
2614 2086 2896 2143 utilitatem
2929 2104 3195 2158 quierere,
3228 2106 3463 2148 coronas
3491 2092 3612 2149 huic
3648 2094 3715 2149 rei
3755 2100 3821 2148 de

2273 2172 2412 2228 bitas
2440 2188 2547 2228 non
2579 2187 2962 2247 consequetur.
3004 2180 3217 2236 Etenim
3262 2183 3409 2238 Deus
3456 2183 3578 2239 ideo
3617 2183 3731 2238 illud
3766 2183 3819 2237 ita

2272 2266 2559 2338 disposuit,
2595 2279 2653 2324 ut
2691 2271 2859 2327 simus
2889 2283 3077 2330 mutuo
3100 2275 3360 2346 colligati.
3392 2278 3468 2331 Ac
3502 2277 3635 2333 sicut
3672 2276 3710 2332 si
3730 2275 3817 2345 quis

2275 2373 2499 2428 puerum
2530 2363 2953 2420 somniculosum
2980 2369 3245 2435 excitans,
3273 2378 3335 2423 ut
3353 2368 3573 2425 fratrem
3591 2380 3817 2439 sequatur;

2275 2453 2318 2505 si
2349 2468 2413 2506 ex
2446 2466 2504 2507 se
2539 2453 2706 2521 nolit,
2737 2457 2878 2526 quod
2912 2458 3011 2528 ipsi
3042 2459 3406 2517 desiderabile
3433 2471 3488 2517 et
3513 2460 3815 2533 expetendum

2276 2554 2362 2601 est
2391 2546 2553 2601 tradit
2582 2548 2731 2604 fratri
2751 2591 2765 2611 ,
2795 2562 2854 2605 ut
2885 2552 3180 2623 accipiendi
3205 2554 3505 2625 cupiditate
3529 2572 3643 2611 eum
3668 2555 3743 2626 qui
3764 2565 3815 2606 ιι·-

2279 2648 2373 2694 net
2410 2649 2668 2708 sequatur
2694 2684 2708 2704 ,
2741 2643 2883 2713 quod
2909 2645 3070 2699 etiam
3111 2645 3349 2703 efﬁcitur
3378 2665 3392 2701 :
3424 2649 3492 2703 ita
3521 2658 3575 2705 et
3612 2648 3688 2701 hic
3712 2647 3815 2715 quod

2282 2732 2565 2804 unicuique
2588 2735 2715 2789 utile
2745 2746 2847 2801 est,
2884 2737 3127 2805 proximo
3156 2739 3399 2807 tradidit,
3422 2750 3479 2795 ut
3502 2739 3621 2794 hinc
3639 2739 3753 2793 alter
3770 2739 3815 2790 ad

2280 2825 2505 2882 alterum
2534 2843 2898 2894 accurrauuts,
2934 2841 2987 2885 ct
3019 2848 3086 2886 ne
3112 2833 3284 2887 simus
3312 2833 3529 2889 divulsi.
3556 2832 3675 2887 Etsi
3699 2830 3814 2885 velis.

2281 2917 2385 2973 hoc
2413 2928 2471 2974 et
2516 2921 2568 2974 iu
2596 2921 2749 2976 nobis
2774 2922 2895 2978 vide
2914 2923 3004 2992 qui
3034 2923 3305 2994 loquimur
3340 2942 3353 2978 :
3389 2925 3529 2995 quod
3555 2924 3685 2979 enim
3718 2920 3815 2975 mihi

2283 3010 2415 3065 utile
2442 3020 2546 3078 est,
2571 3012 2623 3065 in
2653 3022 2705 3066 te
2733 3013 2896 3069 situm
2925 3023 3028 3080 est,
3073 3027 3127 3069 et
3153 3015 3299 3087 quod
3334 3017 3429 3072 tibi
3462 3016 3623 3083 utile,
3662 3016 3814 3069 inme.

2284 3101 2403 3157 Tibi
2434 3105 2576 3159 enim
2608 3106 2738 3162 utile
2766 3115 2849 3162 est
2876 3115 2935 3162 ut
2964 3106 3210 3163 docearis
3240 3123 3303 3164 ea
3333 3125 3456 3179 qua:
3490 3108 3598 3164 Deo
3624 3108 3814 3177 placent;

2283 3193 2379 3250 sed
2411 3194 2528 3250 haec
2551 3209 2679 3252 cura
2705 3197 2835 3253 mihi
2856 3198 3056 3254 credita
3081 3197 3199 3266 fuit,
3220 3211 3278 3255 ut
3302 3208 3360 3257 tu
3379 3216 3411 3256 a
3439 3215 3525 3256 me
3548 3199 3596 3254 id
3614 3196 3815 3266 accipias,

2285 3287 2515 3359 ideoque
2540 3300 2759 3346 coactus
2807 3292 2882 3347 sis
2933 3292 3000 3348 ad
3030 3308 3119 3348 me
3143 3307 3432 3350 accurrere
3462 3311 3476 3348 :
3508 3302 3561 3348 et
3585 3290 3697 3347 mihi
3723 3289 3817 3343 utile

2286 3390 2373 3438 est
2390 3391 2453 3437 ut
2476 3392 2529 3437 tu
2561 3384 2751 3439 melior
2769 3384 3054 3453 efﬁciaris;
3085 3401 3333 3458 magnam
3363 3387 3508 3443 enim
3524 3384 3636 3441 inde
3661 3395 3817 3438 merce-

2286 3475 2411 3531 dem
2441 3477 2730 3549 aecipiam;
2759 3478 2852 3534 sed
2872 3478 2975 3535 hoc
2993 3494 3176 3535 rursus
3199 3480 3250 3535 in
3278 3490 3332 3536 te
3359 3482 3516 3536 situm
3538 3487 3631 3545 est,
3658 3486 3703 3532 et
3727 3474 3815 3528 ideo

2291 3577 2344 3623 te
2386 3570 2645 3639 consequi
2680 3585 2865 3640 cogor,
2900 3580 3032 3627 utet
3063 3580 3119 3626 tu
3146 3572 3342 3628 melior
3363 3573 3459 3638 sis,
3489 3579 3544 3627 et
3583 3582 3671 3640 ego
3709 3564 3812 3635 quod

2291 3660 2421 3714 mihi
2474 3660 2604 3716 utile
2633 3670 2716 3716 est
2745 3677 2773 3715 a
2810 3671 2863 3718 te
2906 3663 3189 3733 accipiam.
3235 3662 3367 3720 Ideo
3402 3661 3605 3719 dicebat
3646 3654 3811 3714 Paulus.

2293 3755 2422 3820 Qua:
2441 3755 2574 3808 enim
2599 3771 2711 3810 mea
2737 3772 2852 3825 spes
2868 3765 2942 3811 est
2959 3756 2985 3810 ?
3016 3773 3188 3812 annon
3216 3772 3304 3812 vos
3322 3758 3349 3812 1’
3374 3766 3428 3813 et
3470 3766 3642 3812 rursus
3661 3792 3675 3816 ,
3721 3746 3813 3816 δρα

2293 3862 2424 3911 mea,
2443 3847 2685 3917 gaudium
2698 3856 2936 3911 meutn,el
2949 3864 3137 3903 corona
3151 3848 3472 3921 gloriationis
3486 3860 3599 3900 metr
3610 3842 3652 3913 (I
3662 3838 3808 3894 ,Πιθα-

2291 3937 2348 3993 Ξ.
2375 3937 2463 3992 l9.
2492 3937 2607 4008 20).
2641 3936 2825 4008 Itaque
2862 3937 3014 3992 Pauli
3050 3938 3304 4007 gaudium
3347 3934 3580 4007 discipuli
3606 3936 3748 3991 erant,
3774 3931 3810 3977 el

2294 4030 2462 4100 ipsius
2502 4032 2752 4101 gaudium
2794 4031 2866 4085 illi
2898 4030 3187 4087 habebant.
3213 4031 3338 4087 ldeo
3364 4032 3522 4087 etiam
3549 4018 3809 4095 lacrymaln-

2297 4132 2403 4189 tur,
2436 4123 2480 4177 si
2503 4125 2719 4194 quando
2742 4133 3035 4195 pereuntes
3068 4124 3294 4180 videret.
3332 4126 3560 4181 Rursum
3597 4112 3715 4187 quod
3737 4105 3808 4163 illis

2297 4215 2448 4277 utile,
2496 4215 2548 4268 in
2603 4215 2770 4270 Paulo
2797 4224 2916 4271 erat
2963 4232 2977 4268 :
3025 4226 3310 4286 propterea
3361 4206 3712 4272 dicebat:Pro
3748 4211 3806 4265 τρε

2299 4308 2511 4363 Israelis
2552 4308 2744 4363 cinctus
2772 4325 2885 4363 sum
2929 4309 3025 4364 hac
3057 4320 3236 4364 catena
3264 4308 3507 4381 (Act.28.
3527 4302 3641 4372 20);
3662 4304 3704 4353 et
3722 4305 3804 4347 rur-

2301 4415 2442 4468 sum,
2471 4400 2595 4456 Ha'e
2645 4401 2813 4470 patior
2853 4410 3061 4472 propter
3104 4401 3307 4469 electos,
3340 4410 3393 4456 ut
3443 4399 3586 4455 vitam
3631 4395 3803 4445 uanam

2302 4502 2673 4564 consequantur
2695 4492 2775 4563 (2.
2803 4491 2934 4547 Tim.
2964 4492 3021 4548 2.
3048 4492 3164 4561 lﬁ).
3195 4493 3307 4548 Hoc
3331 4494 3488 4549 etiam
3516 4484 3676 4542 videre
3693 4472 3804 4570 es!

2305 4584 2370 4640 iis
2395 4599 2516 4655 quae
2540 4583 2606 4639 ad
2647 4586 2808 4639 vitam
2840 4585 3110 4654 pertinent
3142 4602 3155 4638 :
3190 4599 3312 4639 nam
3339 4584 3432 4648 ait,
3468 4576 3639 4635 Mulier
3669 4576 3802 4655 protr"

2304 4653 2531 4747 corporis
2574 4653 2867 4747 potestatem
2916 4694 3020 4732 non
3051 4678 3217 4745 habet,
3252 4694 3408 4749 neque
3428 4676 3536 4736 vir.“
3573 4665 3649 4724 δθά

2307 4743 2422 4833 uiri,
2450 4779 2495 4823 et
2518 4743 2597 4823 cir
2620 4771 2847 4825 mulieris
2873 4768 2951 4843 (ι.
2980 4768 3102 4826 Cor.
3136 4771 3189 4824 7.
3205 4743 3302 4843 ⁷4).
3326 4743 3403 4827 ita
3425 4777 3477 4827 et
3498 4778 3588 4822 nos
3609 4767 3701 4814 cum
3725 4743 3791 4838 ali:

2303 4876 2445 4932 quos
2471 4862 2729 4932 colligare
2758 4862 3030 4930 volumus,
3058 4861 3162 4918 hoe
3198 4861 3418 4919 facimus
3449 4876 3462 4913 :
3494 4853 3720 4913 nemiuem
3743 4843 3794 4887 Si“

2308 4955 2586 5009 dominum
2614 4953 2992 5024 relinquimus,
3022 4954 3117 5009 sed
3148 4954 3380 5010 mediam
3425 4942 3724 5006 extendentes
3740 4937 3792 4982 6³·

2312 5057 2511 5112 tenam,
2544 5047 2595 5101 id
2622 5045 2905 5114 efficimus,
2954 5056 3013 5102 ut
3041 5045 3129 5102 hic
3160 5046 3229 5103 ab
3276 5047 3367 5102 illo
3391 5053 3444 5100 et
3466 5040 3548 5097 ille
3572 5034 3631 5088 ab
3657 5031 3732 5081 hoc
3740 5025 3797 5114 te:

2311 5150 2522 5195 neatur.
2549 5138 2641 5195 Vis
2671 5139 2773 5195 hoc
2798 5139 2964 5194 etiam
3014 5139 3199 5195 videre
3236 5139 3289 5194 in
3315 5115 3705 5207 magistratibus?
3731 5109 3794 5207 Qu:

2308 5233 2531 5304 iudicat,
2578 5249 2684 5288 non
2725 5194 2878 5289 sedet
2915 5232 3020 5288 sibi
3059 5232 3328 5303 judicans,
3359 5194 3451 5284 .521
3472 5194 3794 5304 quercum?“

2313 5324 2557 5394 proximo
2607 5323 2869 5379 conferat.
2925 5323 3131 5378 Rursus
3180 5323 3273 5393 qui
3319 5320 3421 5377 illis
3472 5302 3645 5369 subditi
3684 5298 3795 5394 sunt.

2314 5392 2457 5485 quod
2506 5414 2734 5484 principi
2783 5413 3027 5470 conferat
3074 5392 3337 5483 quierunt,
3386 5423 3476 5481 per
3510 5399 3696 5458 cultum.

2314 5505 2674 5562 ministerium
2726 5519 2929 5575 perque
2967 5505 3072 5560 alia
3119 5505 3319 5560 omnia.
3363 5498 3542 5558 Μὶιίιεε
3584 5496 3664 5556 Pro
3688 5470 3794 5577 "obii

2316 5614 2464 5654 arma
2485 5605 2733 5663 sumunt;
2757 5609 2980 5668 propter
2998 5612 3097 5652 nos
3121 5597 3262 5653 enim
3286 5588 3503 5667 pericula
3519 5578 3683 5668 adeunt
3697 5584 3708 5620 ε

2316 5706 2415 5762 pro
2455 5691 2560 5746 illis
2588 5689 2802 5746 labores
2845 5689 3204 5760 suscipimus;
3235 5703 3265 5743 a
3293 5684 3435 5742 nobis
3459 5674 3585 5734 enim
3618 5663 3791 5762 alentiu-

2389 5787 2442 5840 4.
2484 5783 2681 5838 Caritas
2717 5800 2748 5836 a
2791 5782 2961 5838 Paulo
3003 5783 3392 5838 commendatur.
3410 5803 3471 5816 ——
3493 5767 3542 5824 Si
3567 5763 3708 5816 autem

2322 5876 2484 5945 xeris,
2515 5891 2950 5948 unumquemque
2975 5891 3069 5933 sua
3097 5884 3411 5949 querentem
3428 5867 3516 5921 hoc
3539 5857 3695 5916 facete.
3718 5835 3788 5887 θυε
