3962 6428
218 430 301 486 379
1182 431 1245 487 IN
1286 428 1505 487 EI’IST.
1538 432 1555 483 ί
1598 429 1687 482 AD
1728 429 1762 484 C

1872 469 1886 485 .
1929 431 2164 493 HOMIL.
2202 440 2444 500 XXXIII.

212 548 402 619 καὶτῆς
433 548 699 621 τεκούσης
751 568 809 605 σε
863 551 1067 623 μητρὸς
1099 551 1228 615 ζῶν.
1278 552 1343 604 Τί
1370 548 1497 617 οῦν;
1526 550 1763 622 ἤλγησεν

208 634 284 685 ἐπὶ
307 632 514 696 τούτοις
543 635 633 687 καὶ
664 635 1048 705 ἐνεκαλύψατο,
1085 634 1181 688 καὶ
1210 634 1422 705 ἀπέστη
1454 633 1550 686 τοῦ
1582 632 1764 701 φιλουο

205 716 392 785 μένους
436 716 760 772 Τούναντίον
790 720 886 789 μὲν
914 716 1006 772 οῦν
1042 719 1204 782 ἅπαν,
1238 718 1332 771 καὶ
1362 715 1766 779 ἐκαλλωπίζετο

197 800 269 869 τῷ
299 800 536 871 φίλτρῳ·
590 801 766 854 καίτοι
804 820 867 869 γε
916 805 943 856 6
984 804 1081 874 μὲν
1118 802 1370 871 βασιλεὺς
1398 797 1466 872 ἦν
1491 801 1634 864 τότε,
1670 800 1766 852 καὶ

199 883 456 952 βασιλέως
513 885 628 949 υίὸς
650 886 680 937 6
719 885 992 949 Ἱωνάθαν,
1026 888 1055 939 6
1082 886 1138 939 δὲ
1174 884 1350 955 φυγὰς
1384 884 1479 938 καὶ
1508 883 1713 952 ἀλήτης
1740 884 1767 933 6

195 967 365 1021 Δαυῖδ.
410 968 548 1021 Ἀλλ’
576 968 695 1021 ούδέ
719 968 890 1033 οῦτως
923 970 1183 1041 ᾐσχύνετο
1219 967 1385 1021 αὑτοῦ
1412 971 1476 1038 τῇ
1514 966 1684 1037 φιλίᾳ·
1731 967 1763 1036 ἡ

195 1053 293 1123 γάρ
317 1053 509 1121 ἀγάπη
536 1054 636 1105 ούκ
663 1054 979 1122 ἀσχημονεῖ.
995 1053 1105 1107 Καὶ
1128 1053 1236 1123 γὰρ
1262 1052 1322 1106 τὸ
1346 1051 1656 1120 θαυμαστὸν
1673 1051 1761 1103 αύ-

195 1135 282 1203 τῆς
312 1133 472 1187 τοῦτό
503 1138 669 1200 ἐστιν,
705 1136 786 1189 ὅτι
828 1134 919 1190 τὸν
969 1135 1323 1206 ὑϐριζόμενον
1360 1135 1422 1187 ού
1478 1133 1636 1203 μόνον
1662 1134 1761 1185 οὐκ

194 1218 412 1287 ἀφίησιν
442 1218 628 1286 ἀλγεῖν
661 1219 779 1272 οὐδὲ
798 1218 1111 1281 δάκνεσθαι,
1135 1219 1270 1274 ἀλλά
1303 1219 1397 1273 καὶ
1423 1217 1633 1288 χαίρειν
1660 1234 1762 1270 πα-

198 1301 538 1368 ρασκευάζει.
589 1301 687 1356 Διά
733 1302 797 1374 δὴ
844 1302 1002 1357 τοῦτο
1051 1304 1145 1357 καὶ
1181 1303 1386 1365 ἐκεῖνος
1422 1299 1562 1371 μετά
1588 1298 1760 1351 ταῦτα

197 1383 421 1448 ᾶπαντα,
451 1382 639 1457 ῶσπερ
674 1385 938 1455 στέφανον
966 1385 1364 1457 περικείμενος,
1393 1383 1565 1445 οῦτως
1598 1381 1762 1433 ἀπελ-

196 1465 296 1520 θὼν
327 1466 627 1539 περιεχύθη
669 1468 747 1539 τῷ
779 1469 960 1522 Δαυῖδ.
985 1470 1061 1522 Ού
1096 1469 1206 1540 γάρ
1232 1464 1339 1521 οῖδε
1370 1466 1421 1520 τί
1455 1467 1584 1519 ποτέ
1614 1468 1760 1518 ἐστιν

196 1549 336 1623 [502]
366 1551 594 1623 αἰσχύνη
629 1554 661 1624 ή
693 1553 880 1623 ἀγάπη
900 1568 912 1581 ·
955 1552 1043 1606 διά
1072 1552 1228 1606 τοῦτο
1255 1552 1349 1605 καὶ
1374 1550 1757 1620 φιλοτιμεῖται,

196 1630 378 1702 ὲφόἷς
420 1635 604 1707 ἔτερος
642 1635 1061 1704 ἐγκαλύπτεται.
1124 1634 1362 1707 Αίσχύνη
1410 1632 1519 1703 γάρ
1570 1632 1632 1684 τὸ
1683 1633 1757 1701 μὴ

195 1716 383 1771 εἰδέναι
416 1703 612 1787 φιλεῖν,
641 1703 702 1773 ού
732 1720 794 1773 τὸ
830 1717 1087 1790 φιλοῦντα
1114 1703 1439 1773 κινδυνεύειν
1461 1717 1555 1770 καὶ
1584 1716 1760 1769 πάντα

192 1802 474 1871 ὑπομένειν
493 1802 634 1872 ὑπὲρ
656 1803 763 1857 τῶν
780 1803 1132 1874 φιλουμένων.
1164 1803 1346 1856 Πάντα
1366 1802 1420 1855 δὲ
1442 1801 1569 1855 ὅταν
1597 1799 1757 1861 εἴπω,

195 1885 264 1956 μὴ
292 1886 541 1958 νομίσῃς,
567 1887 660 1939 καὶ
674 1886 742 1940 16
766 1886 1031 1957 ἐπιϐλαϐἦ
1054 1886 1252 1954 λέγειν,
1280 1880 1390 1939 οἷον
1410 1884 1462 1937 εῖ
1482 1901 1566 1947 τις
1587 1882 1756 1953 λέγοι,

188 1969 290 2038 νέῳ
320 1969 691 2040 συμπράττειν
723 1972 803 2033 είς
851 1971 1155 2042 ἐρωμένην,
1188 1968 1221 2040 ἢ
1260 1969 1423 2032 εἴτις
1470 1966 1658 2038 ἕτερόν
1706 1984 1759 2019 τι

187 2048 477 2118 ἐπιϐλαϐἐς
505 2053 648 2118 ἀξιοῖ
688 2053 943 2107 διανύειν.
981 2054 1037 2107 '0
1082 2054 1190 2125 γάρ
1219 2052 1457 2115 τοιοῦτος
1486 2052 1546 2104 οὐ
1582 2050 1754 2119 φιλεῖ·

184 2136 276 2188 καὶ
300 2136 457 2189 τοῦτο
486 2136 676 2208 πρῴην
708 2138 835 2208 ὑμῖν
872 2136 1046 2202 ἔδειξα
1075 2138 1182 2191 ἀπὸ
1212 2137 1308 2207 τῆς
1336 2135 1638 2204 Αἰγυπτίας
1664 2151 1760 2203 γυ-

183 2219 391 2282 ναικός.
431 2220 544 2273 Καὶ
575 2219 684 2291 γάρ
712 2220 917 2284 ἐκεῖνος
971 2220 1131 2291 μόνος
1179 2220 1325 2272 ἐστὶν
1355 2219 1383 2271 6
1419 2217 1609 2287 φιλῶν,
1638 2220 1665 2270 ὀ
1691 2216 1761 2270 τά

184 2304 530 2374 συμφέροντα
561 2303 737 2375 ζητῶν
773 2304 850 2377 τῷ
903 2304 1243 2375 φιλουμένῳ·
1280 2303 1355 2367 ὼς
1397 2300 1452 2355 ετ
1494 2320 1578 2366 τις
1606 2302 1760 2355 τοῦτο

184 2387 258 2458 μὴ
310 2386 532 2459 θηρεύοι
562 2388 622 2441 16
666 2388 848 2453 καλὸν,
896 2388 997 2442 κᾶν
1056 2388 1318 2459 μυριάκις
1368 2386 1502 2458 λέγῃ
1560 2385 1757 2455 φιλεῖν,

182 2470 392 2541 ἐχθρῶν
424 2473 542 2524 ἐστι
577 2471 980 2543 πολεμιώτερος
1008 2473 1246 2526 πάντων.
1277 2470 1432 2524 Οὕτω
1461 2472 1554 2524 καί¹
1580 2472 1614 2541 ἡ
1646 2469 1760 2523 Ῥεο

182 2556 355 2609 ϐέκκα
382 2556 532 2618 ποτὲ,
564 2556 751 2628 ἐπειδὴ
785 2556 990 2627 σφόδρα
1019 2556 1284 2626 ἐξήρτητο
1305 2554 1399 2608 τοῦ
1431 2554 1638 2618 παιδὸς,
1666 2555 1761 2607 καὶ

180 2638 389 2710 κλοπὴν
419 2640 723 2712 εἰργάζετο,
775 2640 868 2693 καὶ
917 2640 1017 2692 οὐκ
1056 2638 1319 2711 ᾐσχύνετο
1358 2637 1433 2709 μὴ
1472 2637 1606 2709 ἀλῷ,
1638 2639 1759 2692 ούδέ

180 2721 469 2777 ἐδεδοίκει·
520 2725 614 2776 καὶ
660 2723 767 2794 γάρ
818 2723 908 2776 καὶ
938 2722 1184 2787 κίνδυνος
1213 2718 1282 2794 ἦν
1331 2723 1428 2793 οὐχ
1478 2724 1508 2776 6
1545 2721 1757 2793 τυχών·

181 2805 320 2860 ἀλλά
350 2809 442 2861 καὶ
474 2805 567 2861 τοῦ
600 2807 787 2871 παιδὸς
816 2806 1337 2877 ἀκριϐολογουμένου
1387 2806 1523 2877 πρὸς
1567 2804 1757 2877 αὐτὴν,

192 2890 314 2944 Ἐπ’
342 2892 449 2961 ἐμὲ
480 2894 519 2961 ἠ
560 2891 788 2961 κατάρα
825 2908 965 2957 σου,
995 2891 1234 2958 τέκνον,
1269 2890 1477 2958 ἔλεγεν.

248 3073 320 3143 γ’.
336 3073 488 3139 Εἶδες
505 3074 600 3129 καὶ
618 3078 677 3128 ἐν
702 3077 921 3144 γυναικὶ
942 3074 1116 3146 ψυχὴν
1137 3074 1501 3145 ἀποστολικήν
1522 3092 1537 3141 ;
1570 3074 1760 3130 Καθά-

183 3176 287 3229 περ
311 3158 419 3231 γάρ
437 3162 466 3213 6
486 3158 699 3223 Παῦλος
726 3158 896 3212 είλετο
922 3158 1018 3228 (ὡς
1040 3158 1106 3211 ἂν
1132 3159 1180 3212 εί
1204 3157 1425 3229 μεγάλῳ
1450 3174 1535 3221 τις
1565 3157 1760 3229 μικρὸν

181 3242 488 3313 παραϐάλοι
518 3244 538 3313 )
567 3242 707 3310 ὑπὲρ
740 3242 1008 3296 Ἰουδαίων
1038 3241 1285 3314 ἀνάθεμα
1308 3241 1585 3311 γενέσθαι,
1618 3240 1761 3294 οὕτω

181 3329 277 3380 καὶ
309 3326 471 3397 αὕτη,
509 3327 595 3380 ἵνα
649 3329 678 3381 6
727 3328 857 3390 παῖς
908 3326 1195 3397 εὑλογηθῇ,
1251 3326 1345 3380 κα)⁵
1386 3325 1761 3397 καταραθῆναι

182 3410 375 3465 εἵλετο.
406 3410 516 3466 Καὶ
540 3411 647 3463 τῶν
678 3409 777 3479 μὲν
814 3408 1038 3477 ἀγαθῶν
1079 3409 1273 3481 ἐκείνῳ
1303 3407 1647 3481 παρεχώρει·
1698 3409 1759 3462 οὐ

183 3493 292 3564 γάρ
317 3493 383 3566 δὴ
418 3495 534 3564 μετ’
561 3494 771 3546 ἐκείνου
801 3491 1140 3561 εὐλογεῖσθαι
1171 3490 1364 3563 ἔμελλε
1389 3509 1402 3521 ·
1439 3493 1508 3546 16
1529 3491 1587 3545 δὲ
1613 3492 1760 3546 κακά

185 3576 322 3648 αὐτὴ
379 3582 513 3649 μόνη
564 3575 1008 3646 παρεσκευάζετο
1051 3576 1380 3648 ὑπομένειν·
1434 3576 1550 3630 ἀλλ’
1611 3577 1761 3647 ὅμως

185 3659 372 3732 ἔχαιρε
422 3662 518 3715 καὶ
549 3660 829 3731 ἠπείγετο,
872 3661 968 3713 καὶ
1010 3658 1182 3713 ταῦτα
1210 3660 1464 3713 τοσούτου
1515 3659 1760 3714 κινδύνου

189 3746 567 3815 προκειμένου,
590 3744 685 3797 καὶ
718 3745 783 3814 τῇ
814 3743 1071 3814 μελλήσει
1104 3743 1214 3796 τῶν
1235 3744 1577 3814 πραγμάτων
1605 3744 1761 3796 ἐδυσ-

190 3827 420 3897 χέραινε.
470 3826 578 3880 Καὶ
633 3826 743 3898 γὰρ
776 3825 1031 3879 ἐδεδοίκει
1073 3826 1147 3897 μὴ
1185 3825 1470 3896 προλαϐὼν
1510 3826 1539 3879 6
1590 3826 1761 3878 Ἠσαῦ

192 3911 420 3980 ματαίαν
451 3910 620 3981 αὐτῆς
652 3912 854 3983 ποιήσῃ
879 3908 977 3980 τὴν
1007 3909 1215 3980 σοφίαν.
1243 3910 1333 3962 Διό
1362 3909 1455 3962 καὶ
1476 3908 1762 3979 συντέμνει

190 3995 253 4045 1'1
289 3994 528 4066 ῥήματα,
560 3993 654 4047 καὶ
699 3992 908 4060 ἐπείγει
960 3993 1050 4047 τὸν
1086 3992 1386 4055 νεανίσκον,
1436 3992 1528 4045 κα)⁵
1565 3992 1762 4061 ἀφεῖσα

188 4080 456 4132 ἀντειπεῖν
497 4076 632 4147 πρὸς
664 4076 735 4130 16
761 4076 1044 4148 εἰρημένα,
1077 4076 1335 4148 λογισμὸν
1365 4077 1548 4130 ἱκανὸν
1579 4079 1762 4130 πεῖσαι

190 4161 344 4215 αὐτὸν
371 4161 538 4229 λέγει.
569 4160 703 4214 Ούδέ
728 4159 833 4230 γάρ
866 4155 1040 4226 εἶπεν,
1076 4161 1213 4231 Είκῆ
1248 4159 1423 4215 ταῦτα
1462 4160 1640 4229 λέγεις
1668 4164 1763 4215 καὶ

191 4248 360 4317 μάτην
384 4244 651 4308 δέδοικας,
683 4241 779 4297 τοῦ
808 4243 1017 4314 πατρός
1041 4260 1135 4297 σου
1165 4243 1539 4315 γεγηρακότος
1572 4244 1665 4299 καὶ
1701 4246 1764 4298 16

187 4332 376 4401 τρανὸν
406 4329 511 4398 τῆς
547 4327 853 4399 αἰσθήσεως
897 4327 1275 4400 ἀφῃρημένου,
1324 4327 1463 4381 6116
1510 4328 1599 4394 τίς
1643 4329 1763 4382 Ἐπ’

184 4414 285 4481 ἐμὲ
316 4415 355 4483 ἡ
391 4411 623 4480 κατάρα
649 4427 789 4476 σου,
816 4409 1063 4464 τέκνον·
1119 4411 1277 4481 μόνον
1309 4412 1374 4465 σὺ
1412 4411 1486 4484 μὴ
1525 4412 1765 4481 διαφθεί-

189 4515 284 4571 ρος
311 4497 374 4552 τὸ
398 4496 604 4567 δρᾶμα,
659 4493 795 4565 μηδὲ
832 4494 1106 4577 ἀπολέσῃς
1133 4495 1195 4548 16
1225 4494 1473 4566 θήραμα,
1510 4496 1644 4566 μηδέ
1672 4497 1765 4549 τὸν

189 4582 456 4653 θησαυρὸν
485 4579 717 4650 προδῷς.
749 4578 921 4642 Αὐτὸς
950 4579 1007 4632 δέ
1033 4574 1185 4641 οὗτος
1213 4579 1242 4632 6
1270 4578 1465 4633 Ἰακὼϐ
1492 4581 1614 4651 ούχί
1640 4582 1767 4651 ἐθή-

193 4682 305 4719 τευε
344 4663 497 4735 παρά
519 4663 597 4734 τῷ
625 4665 878 4732 συγγενεῖ
916 4662 997 4726 δὶς
1020 4664 1113 4734 ἔτη
1141 4664 1312 4729 ἐπτά;
1347 4664 1467 4735 οὐχὶ
1503 4664 1640 4734 μετὰ
1668 4668 1764 4737 τῆς

192 4748 426 4812 δουλείας
456 4749 551 4801 καὶ
596 4748 806 4815 γέλωτα
847 4740 1026 4821 ὦφλεν
1061 4747 1200 4819 ὑπὲρ
1241 4747 1338 4817 τῆς
1370 4748 1584 4817 ἀπάτης
1617 4750 1762 4801 ἐκεί-

193 4850 319 4903 νηςς
354 4834 417 4886 Τί
451 4828 584 4897 οῦν;
632 4827 742 4902 ἄρα
772 4830 970 4901 ᾔσθετο
1004 4830 1100 4884 τοῦ
1130 4830 1405 4899 γέλωτος;
1442 4827 1552 4901 ἆρα
1590 4833 1764 4903 ἀσχη-

205 4918 372 4984 μονεῖν
399 4914 651 4987 ἐνόμιζεν
685 4916 767 4968 ὅτι
795 4913 1077 4985 ἐλεύθερος
1106 4914 1181 4968 ὣν
1231 4915 1325 4968 καὶ
1366 4913 1426 4978 ἐξ
1467 4915 1766 4986 ἐλευθέρων

205 5002 291 5052 καὶ
316 5002 533 5070 τραφεὶς
561 4997 817 5067 εὐγενῶς,
850 4999 919 5052 16
941 4998 1049 5051 τῶν
1082 4997 1282 5051 δούλων
1310 4998 1573 5069 ὑπέμεινε
1616 4999 1767 5071 παρά

198 5087 304 5147 τοῖς
332 5084 732 5155 προσήκουσιν;
780 5081 810 5134 6
841 5082 1075 5152 μάλιστα
1126 5082 1341 5136 δάκνειν
1381 5081 1592 5146 εἴωθεν,
1636 5083 1765 5136 ὅταν

197 5168 339 5240 παρά
372 5171 485 5232 τοῖς
517 5167 813 5240 γνωρίμοις
841 5182 924 5230 τις
950 5165 1021 5218 16
1052 5165 1391 5219 ἐπονείδιστα
1427 5165 1634 5241 πάσχῃ.
1663 5167 1769 5219 Οὐ·

206 5250 392 5321 δαμῶς·
428 5251 493 5305 τὸ
522 5251 582 5304 δὲ
613 5250 783 5303 αἴτιον
808 5251 841 5319 ή
882 5248 1094 5319 ἀγάπη,
1132 5248 1167 5319 ἢ
1200 5251 1294 5302 καὶ
1324 5249 1416 5303 τὸν
1442 5250 1633 5321 χρόνον
1667 5268 1766 5304 πο-

212 5332 290 5388 λὺν
323 5336 457 5388 ὄντα
510 5334 690 5403 ὀλίγον
727 5334 1024 5404 ἀπέφηνεν.
1048 5329 1243 5388 Ἦσαν
1284 5333 1425 5404 γάρ,
1474 5335 1644 5406 φησὶ,
1672 5336 1765 5388 ἐν·

211 5416 377 5472 ώπιον
409 5415 598 5471 αὐτοῦ
619 5416 764 5472 ὡσεί
792 5415 1005 5486 ἡμέραι
1040 5418 1256 5486 ὀλίγαι.
1284 5419 1327 5470 Τ
1329 5419 1552 5472 οσοῦτον
1572 5419 1765 5488 ἀπεῖχε

210 5501 286 5554 τοῦ
316 5499 610 5555 δάκνεσθαι
662 5500 758 5553 καὶ
804 5500 1062 5571 ἐρυθριᾷν
1089 5501 1181 5553 ἐπὶ
1223 5503 1288 5572 τῇ
1321 5499 1535 5572 δουλείᾳ
1571 5501 1766 5572 ταύτῃ.

213 5582 428 5651 Εἰκότως
469 5579 562 5639 οὖν
590 5584 775 5653 ἔλεγεν
809 5588 838 5639 6
872 5586 1144 5658 μακάριος
1185 5583 1417 5650 Παῦλος,
1464 5586 1535 5640 Ἠ
1565 5585 1766 5656 ἀγάπη

209 5671 300 5725 οὐκ
326 5669 699 5739 ἀσχημονεῖ·
735 5671 807 5724 οὐ
835 5668 996 5737 ζητεῖ
1027 5669 1101 5725 τὰ
1125 5668 1367 5738 ἑαυτῆς,
1403 5672 1475 5727 οὐ
1509 5671 1770 5740 παροξύ-

209 5771 371 5812 mm.
435 5754 621 5811 Εἰπὼν
656 5756 783 5827 γὰρ,
829 5755 911 5809 ὅτι
968 5758 1091 5812 Οὐκ
1135 5755 1490 5825 ἀσχημονεῖ,
1528 5756 1767 5811 δείκνυσι

211 5844 281 5894 καὶ
311 5841 404 5894 τὸν
435 5838 657 5910 τρόπον,
678 5840 747 5893 δι’
774 5838 834 5891 ὃν
855 5838 956 5892 ούκ
983 5839 1300 5909 ἀσχημονεῖ.
1338 5839 1434 5904 Τίς
1472 5838 1529 5892 δέ
1571 5841 1600 5893 6
1640 5840 1767 5911 τρό-

211 5938 319 5993 16;;
354 5925 477 5978 Ὀτι
514 5924 589 5977 οὐ
628 5920 790 5992 ζητεῖ
814 5922 886 5976 τὰ
917 5921 1160 5991 ἑαυτῆς.
1191 5922 1295 5977 Τὸν
1328 5922 1439 5993 γὰρ
1467 5921 1767 5996 ἀγαπώμεο

3344 450 3450 503 930

1870 572 1957 608 νον
1990 558 2167 612 πάντα
2194 558 2332 615 εἶναι
2357 565 2586 633 νομίζει,
2614 565 2708 618 καὶ
2726 566 2846 618 τότε
2871 568 3185 636 ἀσχημονεῖ,
3218 567 3342 620 ὅταν
3376 570 3450 639 μὴ

1867 639 2067 711 δυνηθῇ
2113 643 2420 710 ἀπαλλάξαι
2470 648 2675 702 ἐκεῖνον
2715 648 3161 719 ἀσχημονοῦντα·
3222 651 3297 715 ὼς
3353 653 3449 704 ἐὰν

1867 724 1959 792 ἐξῇ
1995 724 2145 798 [505]
2179 727 2267 779 διὰ
2294 728 2393 797 τῆς
2424 730 2808 802 ἀσχημοσύνης
2832 732 2932 803 τῆς
2958 733 3151 787 ἑαυτοῦ
3191 734 3280 787 τὸν
3310 735 3445 804 ἀγα-

1871 806 2118 888 ·ιώμενον
2162 810 2461 880 ὠφελῆσαι,
2513 814 2633 867 οὐδὲ
2685 815 3070 887 ἀσχημοσύνην
3106 816 3168 869 16
3213 820 3446 888 πρᾶγμα

1868 886 2005 945 εἶναι
2029 892 2277 963 νομίζει·
2312 897 2517 961 ἐκεῖνος
2547 897 2655 970 γὰρ
2692 899 2853 962 αὑτός
2890 901 3006 952 ἐστι
3034 899 3242 955 λοιπόν.
3263 886 3451 954 ἽΤοῦτο

1867 975 1976 1045 γάρ
2014 978 2129 1029 ἐστι
2170 977 2339 1045 φιλία,
2394 980 2591 1050 μηκέτι
2647 976 2786 1035 εἶναι
2829 982 2920 1035 16v
2943 982 3200 1051 φιλοῦντα
3238 983 3332 1037 καὶ
3358 982 3449 1035 τὸν

1868 1059 2190 1129 φιλούμενον
2238 1060 2332 1114 δύο
2365 1062 2748 1134 διῃρημένους,
2779 1064 2896 1118 ἀλλ’
2948 1066 3045 1120 ἕνα
3080 1066 3203 1120 τινά
3238 1066 3447 1137 ἀνθρωη

1867 1161 1968 1199 πον
1990 1162 2003 1175 ·
2037 1147 2173 1217 ὅπερ
2224 1146 2541 1217 οὐδαμόθεν,
2591 1148 2704 1201 ἀλλ’
2740 1149 2772 1219 ἢ
2803 1149 2911 1202 ἀπὸ
2933 1152 3032 1220 τῆς
3055 1151 3277 1221 ἀγάπης
3308 1149 3452 1217 γίνε-

1863 1248 1974 1283 ται.
2013 1230 2105 1302 Μὴ
2139 1230 2318 1284 τοίνυν
2348 1229 2503 1301 ζήτει
2532 1230 2593 1284 16
2623 1232 2735 1297 σὺν,
2787 1233 2872 1286 ἵνα
2915 1231 3082 1304 εὕρῃς
3121 1233 3183 1286 τὸ
3228 1234 3338 1288 σόν.
3393 1234 3449 1287 '0

1862 1311 1972 1383 γάρ
2013 1312 2195 1383 ζητῶν
2222 1313 2285 1366 16
2314 1312 2532 1381 ἐαυτοῦ,
2581 1315 2681 1384 οὐχ
2717 1315 2965 1386 εὑρίσκει
2997 1318 3058 1369 16
3091 1317 3308 1372 ἐαυτοῦ.
3358 1318 3450 1369 Διὸ

1862 1396 1957 1448 καὶ
1999 1396 2027 1448 6
2078 1393 2290 1460 Παῦλος
2337 1395 2513 1465 ἔλεγε,
2570 1397 2792 1465 Μηδεὶς
2823 1397 2889 1451 τὸ
2920 1398 3142 1453 ἑαυτοῦ
3189 1396 3446 1467 ζητείτω.

1862 1480 2025 1533 ἀλλὰ
2064 1478 2130 1533 τὸ
2178 1479 2284 1534 τοῦ
2338 1481 2613 1550 πλησίον
2649 1481 2932 1549 ἕκαστος.
2974 1483 3049 1535 T6
3090 1483 3201 1553 γὰρ
3251 1485 3448 1537 οἰκεῖον

1865 1562 2141 1633 συμφέρον
2168 1564 2225 1617 ἐν
2263 1563 2340 1633 τῷ
2364 1564 2457 1617 τοῦ
2486 1564 2714 1633 πλησίον
2747 1566 3079 1636 συμφέροντι
3123 1569 3321 1630 κεῖται,
3354 1566 3448 1620 καὶ

1862 1646 1923 1699 16
1950 1646 2159 1700 ἐκείνου
2194 1648 2254 1700 ἐν
2282 1647 2479 1720 τούτῳ.
2506 1649 2717 1721 Ὥσπερ
2754 1646 2848 1704 οῦν
2877 1650 2930 1703 εί
2953 1668 3035 1714 τις
3072 1651 3293 1721 χρυσίον
3319 1651 3448 1704 ἴδιον

1862 1732 1920 1783 ἐν
1952 1733 2018 1802 τῇ
2054 1731 2204 1802 οἰκία
2230 1734 2297 1803 τῇ
2327 1732 2422 1786 τοῦ
2459 1734 2682 1802 πλησίον
2712 1736 3134 1806 κατωρυγμένον
3176 1738 3223 1789 εἰ
3254 1753 3449 1804 παραι-

1862 1817 2007 1867 τοῖτο
2040 1814 2210 1869 ἐλθὼν
2246 1817 2361 1869 ἐκεῖ
2411 1816 2595 1887 ζητεῖν
2649 1821 2743 1872 καὶ
2799 1819 3140 1891 ἀνορύττειν,
3192 1820 3445 1874 οὐδέποτε

1863 1899 1994 1950 αὐτὸ
2024 1898 2236 1968 ὄψεται·
2272 1899 2416 1954 οὕτω
2444 1902 2538 1953 καὶ
2567 1901 2801 1955 ἐνταῦθα
2837 1904 2866 1956 6
2901 1903 2974 1974 μὴ
3004 1903 3328 1975 βουλόμενος
3356 1906 3450 1958 καὶ

1865 1984 1921 2035 ἐν
1947 1984 2012 2053 τῇ
2043 1982 2138 2035 τοῦ
2171 1982 2397 2053 πλησίον
2423 1984 2663 2056 ὠφελείᾳ
2692 1985 2754 2038 16
2803 1986 2999 2039 οἰκεῖον
3051 1988 3329 2057 συμφέρον
3356 1987 3451 2057 ζη-

1863 2068 1997 2128 τεῖν,
2047 2066 2149 2118 ούκ
2189 2066 2531 2131 ἐπιτεύξεται
2583 2068 2691 2121 τῶν
2723 2068 2865 2141 ὑπὲρ
2904 2068 3096 2123 τούτου
3145 2072 3446 2140 στεφάνων.

1864 2149 1974 2202 Καὶ
1999 2149 2109 2218 γάρ
2145 2152 2174 2203 6
2202 2150 2333 2215 Θεὸς
2361 2150 2451 2205 διὰ
2476 2153 2634 2206 τοῦτο
2662 2152 2837 2217 οὕτως
2861 2155 2992 2208 αὐτὸ
3021 2156 3342 2226 κατέθηκεν,
3363 2156 3450 2210 ῐνςσ.

1862 2226 2012 2303 ὦμεν
2041 2233 2293 2305 ἀλλήλοις
2321 2235 2713 2306 συνδεδεμένοι.
2757 2238 2867 2291 Καὶ
2898 2238 3089 2309 ῶσπερ
3125 2256 3209 2303 τις
3242 2239 3451 2294 παιδίον

1865 2318 2100 2388 ύπνηλὺν
2150 2319 2435 2391 διεγείρων
2479 2320 2559 2391 τῷ
2593 2321 2810 2392 ἀδελφῷ
2852 2323 3293 2388 κατακολουθεῖν,
3322 2324 3451 2378 ὅταν

1862 2402 2072 2456 οἴκοθεν
2101 2403 2175 2475 μὴ
2207 2403 2467 2474 βούλοιτο,
2496 2405 2556 2458 16
2582 2405 2919 2477 ἐπιθυμητὸν
2948 2406 3098 2477 αὐτῷ
3127 2408 3220 2461 καὶ
3250 2408 3449 2479 ἐπέρα-

1865 2503 1989 2539 στον
2015 2487 2307 2557 ἐγχειρίζει
2334 2486 2412 2559 τῷ
2434 2486 2669 2558 ἀδελφῷ,
2706 2488 2792 2541 ἴνα
2840 2488 3107 2560 ἐπιθυμίᾳ
3135 2489 3230 2543 τοῦ
3265 2490 3451 2542 λαϐεῖν

1864 2570 2179 2643 καταδιώκῃ
2223 2571 2315 2625 τὸν
2363 2571 2685 2642 κατέχοντα,
2716 2572 2746 2625 6
2782 2572 2847 2643 δὴ
2882 2573 3252 2642 καὶγίνεται·
3309 2571 3452 2627 οὕτω

1864 2653 1955 2707 καὶ
1996 2653 2228 2706 ἐνταῦθα
2259 2654 2321 2707 16
2369 2654 2586 2726 ἑκάστῳ
2617 2656 2899 2726 συμφέρον
2939 2655 3019 2727 τῷ
3061 2656 3289 2727 πλησίον
3318 2657 3449 2710 ἔδω-

1863 2755 1980 2799 κεν,
2024 2737 2112 2790 ἵνα
2156 2736 2401 2808 ἀλλήλων
2432 2737 2685 2792 ἐντεῦθεν
2736 2740 3183 2811 κατατρέχωμεν,
3230 2742 3327 2794 καὶ
3377 2742 3451 2811 μὴ

1862 2815 2015 2891 ῶμεν
2045 2820 2454 2892 διεσπασμένοι.
2511 2822 2624 2875 Καὶ
2674 2824 2723 2875 εί
2773 2822 2976 2892 βούλει,
3022 2821 3181 2876 τοῦτο
3226 2824 3321 2877 καὶ
3366 2824 3451 2892 ἐφ’

1863 2906 2019 2977 ἡμῶν
2074 2905 2149 2959 ίδέ
2186 2907 2296 2959 τῶν
2344 2906 2633 2975 λεγόντων·
2691 2907 2755 2960 16
2794 2908 2904 2981 γὰρ
2937 2907 3062 2978 ἐμοὶ
3093 2909 3369 2979 συμφέρον
3396 2910 3453 2961 ἐν

1865 2992 1946 3045 σοὶ
1976 2993 2174 3057 κεῖται,
2211 2992 2306 3044 καὶ
2337 2990 2399 3044 16
2436 2992 2520 3044 σοὶ
2549 2990 2880 3056 λυσιτελοῦν,
2918 2995 2976 3046 ἐν
3007 2991 3146 3064 ἐμοί.
3193 2992 3304 3046 Καὶ
3345 2993 3454 3061 γάρ

1862 3076 1948 3129 σοὶ
1986 3075 2252 3146 συμφέρει
2298 3076 2360 3129 16
2388 3075 2734 3129 διδάσκεσθαι
2779 3078 2848 3130 τά
2891 3076 2969 3146 τῷ
3007 3074 3126 3146 Θεῷ
3156 3074 3450 3137 δοκοῦντα,

1862 3159 1997 3213 ἀλλά
2039 3159 2198 3213 τοῦτο
2233 3158 2563 3229 ἐπιστεύθην
2593 3157 2726 3228 ἐγὼ,
2753 3160 2841 3215 ἵνα
2886 3162 3016 3232 παρ’
3053 3158 3188 3231 ἐμοῦ
3223 3161 3288 3213 σὺ
3321 3161 3454 3214 αὐτὸ

1860 3242 2054 3314 λάϐῃς,
2095 3244 2190 3296 καὶ
2232 3242 2321 3296 6:6
2353 3242 2511 3295 τοῦτο
2553 3243 2904 3314 ἀναγκασθῇς
2934 3243 3162 3315 δραμεῖν
3197 3243 3286 3296 ἐπ’
3315 3244 3447 3313 ἐμέ·

1863 3327 1958 3381 καὶ
1993 3327 2116 3397 ἐμοὶ
2163 3326 2454 3396 συμφέρει,
2485 3326 2545 3379 16
2581 3325 2641 3379 σὲ
2694 3325 2890 3397 βελτίω
2931 3326 3214 3396 γενέσθαι·
3263 3326 3453 3397 μισθὸν

1861 3412 1970 3482 γάρ
2005 3410 2196 3464 τούτου
2221 3410 2468 3481 λήψομαι
2499 3409 2668 3464 πολύν
2686 3428 2699 3441 ·
2731 3409 2869 3462 ἀλλά
2888 3410 3049 3463 τοῦτο
3092 3408 3252 3462 πάλιν
3279 3413 3451 3464 κεῖται

1862 3498 1920 3548 ἐν
1952 3495 2055 3559 σοὶ,
2093 3494 2302 3548 καὶδιά
2342 3494 2503 3547 τοῦτο
2545 3492 2932 3563 ἀναγκάζομαι
2979 3509 3037 3545 σε
3071 3491 3451 3549 καταδιώκειν.

1863 3580 1950 3633 ἵνα
1982 3581 2047 3633 σὺ
2094 3574 2161 3653 ᾖς
2208 3578 2452 3649 βελτίων,
2488 3580 2582 3631 καὶ
2615 3578 2676 3631 16
2708 3578 2834 3648 ἐμοὶ
2863 3577 3143 3648 συμφέρον
3173 3576 3324 3647 παρά
3358 3575 3451 3629 σοῦ

1862 3664 2148 3734 λαμϐάνω.
2209 3664 2300 3716 Διὸ
2354 3664 2450 3717 καὶ
2500 3662 2715 3726 Παῦλος
2760 3661 2946 3730 ἔλεγε,
3014 3662 3110 3726 Τίς
3159 3660 3272 3730 γάρ
3332 3661 3451 3730 μού

1861 3748 2034 3801 ἐστιν
2060 3748 2099 3815 ἠ
2132 3747 2351 3813 ἐλπίς;
2387 3746 2427 3815 ἢ
2477 3746 2618 3815 οὐχί
2644 3746 2743 3800 καί
2776 3744 2980 3815 ὑμεῖς
3015 3744 3111 3797 καὶ
3156 3744 3341 3805 πάλιν,
3386 3743 3456 3797 '11

1863 3830 2039 3897 ἐλπίς
2070 3847 2211 3899 μου,
2252 3830 2355 3884 καὶ
2383 3830 2422 3897 ἡ
2459 3828 2617 3899 χαρά
2648 3847 2789 3899 μου,
2821 3828 2921 3883 καί
2951 3831 2984 3883 ό
3005 3828 3310 3897 στέφανος
3341 3825 3455 3894 τῆς

1865 3913 2223 3984 καυχήσεώς
2242 3931 2383 3982 μου.
2418 3913 2580 3967 Ὥστε
2612 3914 2645 3983 ἡ
2695 3911 2909 3964 Παύλου
2938 3910 3085 3981 χαρά
3116 3911 3165 3963 οί
3216 3908 3453 3980 μαθηταὶ

1864 3994 2024 4069 ἦσαν,
2051 3997 2146 4052 καὶ
2167 3998 2265 4068 τὴν
2298 3997 2507 4050 ἐκείνου
2538 3996 2717 4068 χαράν
2746 3998 2944 4048 ἐκεῖνοι
2978 3990 3143 4065 εἶχον.
3176 3993 3274 4046 Διά
3297 3993 3455 4046 τοῦτο

1866 4085 1960 4138 καὶ
1992 4083 2278 4152 ἐδάκρυεν,
2319 4081 2373 4134 εἴ
2412 4098 2542 4134 ποτε
2566 4076 2706 4133 εἷδεν
2733 4078 3166 4149 ἀπολλυμένους.
3204 4076 3374 4130 Πάλιν
3394 4077 3454 4129 16

1865 4167 2088 4221 ἐκείνων
2117 4165 2394 4235 συμφέρον
2424 4166 2481 4217 ἐν
2509 4163 2588 4234 τῷ
2621 4162 2819 4234 Παύλῳ
2850 4158 2917 4234 ἦν
2943 4178 2956 4190 ·
3008 4160 3089 4213 διὸ
3123 4159 3217 4213 καὶ
3246 4160 3453 4228 ἔλεγεν·

1877 4249 2060 4320 ’Υπὲρ
2091 4248 2203 4318 τῆς
2224 4247 2471 4314 ἐλπίδος
2499 4247 2604 4301 τοῦ
2639 4246 2888 4316 Ἰσραὴλ
2915 4244 3033 4314 τὴν
3063 4243 3293 4299 ἅλυσιν
3323 4245 3456 4297 ταύ-

1867 4350 1980 4401 την
2027 4334 2395 4402 περίκειμαι·
2458 4331 2553 4384 καὶ
2607 4330 2792 4393 πάλιν,
2840 4328 3034 4384 Ταῦτα
3085 4326 3302 4396 πάσχω
3354 4326 3455 4380 διὰ

1867 4418 2008 4484 τοὺς
2033 4415 2505 4482 ὲκ.ῖεκτοὺς,ἵνα
2542 4412 2692 4483 ζωῆς
2729 4413 2973 4468 αίωνίου
3006 4411 3255 4479 τύχωσι.
3284 4408 3455 4463 Τοῦτο

1868 4504 1962 4555 καὶ
1999 4503 2092 4554 ἐπὶ
2136 4501 2245 4554 τῶν
2269 4497 2537 4569 βιωτικῶν
2584 4498 2686 4551 ίὸοι
2729 4514 2815 4560 τις
2858 4495 2962 4550 ἀν·
3007 4497 3079 4548 Ἠ
3126 4492 3237 4563 γὰρ
3273 4492 3453 4561 γυνὴ,

1869 4586 2024 4655 φησὶ,
2054 4584 2163 4640 τοῦ
2192 4583 2357 4638 ’ἰδίου
2389 4583 2664 4651 σώματος
2692 4582 2805 4636 οὐκ
2840 4575 3204 4644 ἐξουσιάζει,
3241 4575 3385 4631 οὺδέ
3422 4578 3457 4630 ό

1867 4668 2045 4737 ἀνὴρ.
2076 4670 2216 4724 ἀλλ’
2246 4670 2285 4736 ἡ
2317 4666 2473 4737 γυνὴ
2506 4666 2615 4721 τοῦ
2644 4664 2890 4732 ἀνδρὸς,
2920 4662 3020 4717 καί
3069 4664 3102 4716 ὀ
3148 4660 3305 4730 ἀνὴρ
3346 4657 3456 4712 τοῦ

1866 4754 1978 4821 τῆς
2006 4753 2317 4824 γυναικός.
2359 4750 2517 4804 Οὕτω
2545 4750 2641 4804 καὶ
2669 4750 2831 4822 ἡμεῖς
2864 4749 2993 4802 ὅταν
3014 4744 3167 4809 τινὰς
3197 4744 3457 4813 συνδῆσαι

1869 4837 2205 4908 θελήσωμεν,
2244 4834 2405 4887 τοῦτο
2466 4833 2752 4904 ποιῶμεν·
2801 4831 2994 4885 οὐδένα
3038 4827 3232 4883 ἐαυτοῦ
3265 4827 3454 4897 κύριον

1869 4920 2122 4989 ἀφίεμεν,
2155 4918 2292 4973 ἀλλά
2319 4918 2492 4989 μέσην
2516 4917 2711 4971 ἅλυσιν
2745 4914 3101 4976 ἐκτείνοντες,
3137 4908 3332 4963 τοῦτον
3364 4909 3455 4961 ὑπ’

1870 5007 2077 5058 ἐκείνου
2128 5004 2221 5057 καὶ
2270 5004 2477 5056 ἐκεῖνον
2525 5001 2631 5054 ὑπὸ
2664 5000 2857 5054 τούτου
2912 4994 3232 5069 κρατεῖσθαι
3273 5010 3457 5065 παρα-

1872 5088 2231 5156 σκευάζομεν.
2282 5085 2471 5139 Βούλει
2527 5086 2621 5139 καὶ
2672 5084 2767 5137 ἐπί
2812 5082 2919 5135 τῶν
2964 5080 3245 5152 ἀρχόντων
3298 5075 3458 5130 τοῦτο

1873 5174 2038 5236 ίδεῖνς
2080 5172 2141 5225 Ὀ
2166 5169 2405 5235 δικάζων
2444 5170 2544 5240 οὐχ
2576 5167 2753 5238 ἐαυτῷ
2787 5165 3024 5237 κάθηται
3060 5161 3282 5233 κρίνων,
3320 5159 3458 5214 ἀλλά

1867 5257 1930 5310 16
1956 5255 2063 5309 τῶν
2094 5253 2324 5325 πλησίον
2357 5253 2638 5324 συμφέρον
2686 5251 2887 5323 ζητῶν.
2923 5251 2983 5303 Οί
3017 5247 3312 5318 ἀρχόμενοι
3346 5242 3456 5297 πά-

1868 5340 1951 5393 λιν
1979 5339 2040 5393 16
2067 5338 2144 5409 τῷ
2171 5338 2392 5410 ἄρχοντι
2444 5336 2722 5407 συμφέρον
2777 5332 3000 5404 ζητοῦσι
3034 5332 3121 5384 διά
3156 5331 3256 5401 τῆς
3288 5329 3457 5400 θερα-

1871 5425 2050 5487 πείας,
2074 5421 2162 5477 6:6
2188 5423 2287 5492 τῆς
2311 5420 2609 5483 διακονίας,
2632 5418 2720 5472 διά
2749 5418 2856 5470 τῶν
2882 5415 3058 5471 ἄλλων
3083 5414 3360 5469 ἀπάντων.
3390 5412 3454 5465 υί

1871 5507 2203 5580 στρατιῶται
2236 5506 2377 5578 ὺπέρ
2410 5504 2567 5576 ἡμῶν
2590 5503 2732 5557 ὅπλα
2757 5502 2996 5557 τίθενται
3021 5518 3034 5530 ·
3075 5499 3143 5553 δι’
3173 5499 3321 5570 ἡμᾶς
3343 5495 3453 5567 γάρ

1871 5594 2295 5650 κινδυνεύουσιν·
2343 5595 2505 5663 ἡμεῖς
2530 5590 2672 5661 ὑπὲρ
2689 5589 2912 5643 ἐκείνων
2935 5582 3450 5656 ταλαιοπωρούμεθα·

1871 5680 1997 5752 παρ’
2025 5678 2186 5750 ἡμῶν
2223 5678 2332 5746 γὰρ
2361 5677 2548 5740 αὐτοῖς
2575 5677 2634 5729 al
2665 5673 2883 5744 τροφαί.

1938 5749 2000 5817 δ’.
2212 5761 2275 5816 El
2293 5761 2348 5815 δὲ
2375 5760 2572 5829 λέγεις,
2595 5759 2678 5812 ὅτι
2713 5757 2774 5810 τὸ
2799 5757 2997 5809 οἰκεῖον
3016 5751 3195 5821 ζητῶν
3223 5749 3455 5835 ἕκαστος

1871 5830 2216 5910 τοῦτο-ποιέῖ,
2252 5847 2410 5898 τοῦτο
2457 5845 2549 5897 καὶ
2599 5840 2711 5908 ἐγὼ
2758 5839 2922 5905 λέγω,
2970 5836 3085 5891 ἀλλ’
3116 5836 3196 5888 ὅτι
3238 5833 3327 5885 διά
3357 5830 3451 5883 τοῦ

1872 5929 2157 5997 ἀλλοτρίου
2187 5928 2247 5982 16
2273 5930 2470 5981 οἰκεῖον
2495 5925 2829 5995 εὑρίσκεται.
2860 5920 2929 5971 ’⁸0
2954 5935 3011 5972 τε
3041 5917 3149 5988 γὰρ
3181 5914 3447 5984 στρατιάν
