3962 6418
242 389 327 446 εει

241 509 391 563 etiam
408 519 510 578 ego
530 503 680 571 dico;
700 504 794 562 sed
812 502 932 575 quia
971 516 1067 574 per
1085 500 1322 557 alienum
1355 514 1510 559 suum
1531 497 1820 557 invenitur.

244 597 386 654 Miles
416 595 587 662 enim,
622 594 729 653 nisi
754 592 950 650 bellum
979 601 1129 664 gerat
1152 605 1251 661 pro
1290 590 1355 645 iis
1385 589 1476 660 qui
1510 589 1686 658 ipsum
1732 603 1828 643 nu-

249 691 408 745 triunt
431 731 448 754 ,
483 704 593 744 non
624 687 787 749 habet
813 686 900 758 qui
945 685 1048 740 hoc
1081 684 1178 754 ipsi
1222 683 1490 739 ministret
1521 698 1536 735 :
1565 680 1653 736 hic
1703 696 1831 737 vero

245 766 447 849 rursus,
469 782 577 839 nisi
607 781 833 837 militem
854 779 996 844 alat,
1031 795 1135 833 non
1166 777 1325 841 habet
1350 777 1441 845 qui
1472 790 1531 833 se
1556 772 1828 830 defendat.

251 876 492 932 \‘idistiu‘
515 876 797 931 caritatem
828 872 1024 942 ubique
1069 882 1345 929 extensum
1376 879 1430 924 et
1456 868 1633 925 omnia
1660 865 1833 929 admi-

246 969 558 1025 nistrantem
580 967 603 1019 ?
624 965 729 1021 Sed
757 979 824 1019 ne
869 961 1177 1033 defatigeris
1207 961 1379 1016 donec
1428 959 1565 1013 hanc
1614 972 1830 1012 auream

245 1071 485 1117 catenam
513 1056 790 1114 didiceris.
823 1055 955 1111 Cum
985 1054 1211 1108 dixisset
1254 1052 1439 1117 enim,
1490 1049 1614 1104 Non
1654 1047 1833 1118 quatrit

246 1168 353 1223 qua:
376 1168 476 1207 sua
508 1158 649 1214 sunt,
671 1149 801 1205 dicit
840 1161 1026 1203 rursus
1053 1144 1192 1201 bona
1219 1158 1343 1217 qua:
1369 1142 1491 1198 inde
1518 1150 1833 1197 nascuntur.

244 1250 498 1318 Quanam
530 1244 664 1301 illa?
695 1242 818 1300 Non
841 1244 1090 1306 irritatur,
1124 1256 1226 1295 non
1247 1239 1435 1310 cogitat
1460 1236 1672 1291 malum.
1706 1232 1835 1289 Vide

246 1356 461 1398 rursum
487 1355 606 1396 eam
637 1353 743 1393 non
769 1337 942 1392 solum
967 1336 1019 1390 in
1046 1335 1231 1395 vitium
1260 1334 1544 1402 imperare,
1566 1328 1658 1386 sed
1671 1329 1831 1384 etiam

246 1449 349 1489 non
378 1433 562 1488 sinere
584 1440 642 1486 ut
668 1430 786 1497 ejus
813 1428 1097 1499 imperium
1123 1426 1401 1482 consistat.
1430 1423 1545 1478 Non
1577 1422 1719 1479 enim
1747 1420 1834 1476 di-

245 1526 338 1592 xit,
359 1524 607 1591 Irritatur
620 1521 858 1593 quidem,
877 1520 972 1575 sed
1001 1526 1254 1590 superat;
1287 1515 1404 1584 sed,
1430 1514 1546 1571 Non
1567 1512 1832 1580 irritatur;

242 1632 419 1688 neque
446 1615 602 1683 dixit,
633 1612 751 1670 Non
794 1621 1046 1683 operatur
1100 1609 1321 1673 malum,
1376 1605 1592 1671 sed,Ne
1640 1605 1837 1676 cogitat

242 1712 482 1783 quidem.
514 1709 652 1764 Nihil
693 1707 835 1763 enim
867 1706 991 1762 mali
1019 1720 1125 1758 non
1148 1702 1309 1757 modo
1331 1716 1435 1756 non
1463 1708 1706 1770 apparat,
1740 1696 1836 1753 sed

241 1820 310 1861 ne
340 1802 650 1875 suspicatur
699 1798 917 1873 quidem
969 1784 1235 1852 adversus
1280 1808 1404 1869 eum
1444 1792 1534 1862 qui
1579 1790 1834 1862 diligitur.

240 1894 530 1966 Quomodo
565 1908 698 1965 ergo
739 1899 960 1963 operata
1012 1888 1174 1945 fuerit
1199 1928 1214 1953 ,
1246 1896 1340 1942 aut
1365 1883 1635 1957 quomodo
1660 1882 1834 1939 irrite-

243 2001 353 2056 tur,
387 2004 511 2060 quae
553 2003 621 2043 ne
669 1984 1029 2056 suspicionem
1074 1980 1290 2052 quidem
1345 1977 1538 2057 malam
1569 1976 1841 2048 suspicere

238 2080 395 2147 velit,
430 2078 575 2134 unde
599 2076 722 2135 fons
745 2087 829 2132 est
850 2073 1087 2130 amoris?
1117 2071 1173 2129 6.
1206 2069 1329 2125 Non
1352 2069 1538 2143 gaudet
1561 2085 1715 2140 super
1740 2069 1841 2122 ini-

234 2174 457 2244 quitate.
507 2170 620 2239 Hoc
644 2178 747 2235 est,
778 2184 883 2224 non
913 2166 1013 2236 ipsi
1063 2166 1238 2236 placet
1263 2162 1405 2237 quod
1430 2162 1522 2217 alii
1563 2162 1703 2218 male
1746 2176 1841 2231 pa-

239 2266 456 2321 tiantur
488 2278 502 2316 :
534 2277 709 2333 neque
736 2261 837 2317 hoc
868 2267 1073 2317 tantum
1099 2299 1113 2320 ,
1144 2256 1239 2323 sed
1269 2254 1411 2325 quod
1461 2254 1618 2324 longe
1669 2253 1846 2324 majus

232 2365 352 2424 est,
380 2353 676 2425 Congaudet
701 2362 871 2406 autem
892 2349 1090 2406 ueritati
1121 2346 1297 2421 (Rom.
1326 2345 1414 2403 12.
1446 2344 1560 2416 15).
1592 2343 1843 2403 Gratilla-

235 2458 354 2515 tur,
403 2448 599 2518 inquit,
631 2446 717 2511 iis,
750 2447 840 2517 qui
883 2443 1020 2512 bene
1046 2457 1160 2497 rem
1191 2434 1414 2515 gerunt;
1449 2438 1498 2494 id
1525 2437 1666 2509 quod
1714 2437 1847 2493 dicit

235 2542 453 2598 Paulus
486 2558 500 2597 :
543 2540 779 2597 Gaudere
800 2555 916 2595 cum
936 2537 1276 2610 gaudentibus
1296 2577 1312 2603 ,
1344 2544 1392 2590 et
1417 2535 1541 2607 ﬂere
1565 2549 1678 2587 cum
1709 2533 1845 2602 ﬂeu-

234 2635 405 2690 tibus.
436 2632 576 2697 Hinc
603 2646 709 2687 non
737 2629 1042 2696 tumulatur,
1073 2627 1200 2683 hinc
1222 2642 1327 2681 non
1351 2625 1567 2680 inﬂatur
1604 2642 1618 2679 :
1650 2625 1847 2680 etenim

232 2726 432 2781 aliena
464 2724 601 2780 bona
627 2737 724 2779 sua
755 2736 874 2777 esse
897 2720 1190 2777 existimat.
1209 2717 1398 2783 Viden’
1419 2715 1691 2786 quomodo
1709 2717 1849 2772 cari-

237 2831 331 2876 tas
394 2818 673 2876 alumnum
701 2831 858 2887 suum
887 2814 1140 2884 paulatim
1191 2812 1439 2882 angelum
1468 2809 1663 2866 faciat?
1718 2808 1849 2865 Cum

233 2912 403 2969 enim
445 2911 540 2967 ira:
556 2924 752 2978 expers
776 2908 868 2975 sit,
897 2908 965 2961 ab
986 2906 1182 2962 invidia
1215 2921 1402 2977 purus,
1427 2913 1478 2959 et
1510 2904 1578 2959 ab
1595 2903 1741 2959 omni
1772 2912 1855 2975 ty-

236 3005 488 3060 rannico
526 3003 659 3059 vitio
686 3002 822 3058 liber
845 3040 861 3068 ,
890 3000 1065 3071 cogita
1096 2999 1244 3054 illum
1276 2998 1342 3054 ab
1384 2998 1616 3052 humana
1664 3003 1853 3049 natura

236 3096 572 3160 abductum,
601 3094 670 3149 ad
696 3093 866 3165 ipsam
907 3092 1220 3163 angelorum
1251 3088 1730 3160 impassibilitatem
1758 3103 1856 3157 ap-

238 3188 487 3259 pulisse.
536 3189 787 3243 Attamen
817 3200 923 3240 non
973 3184 1058 3239 his
1101 3193 1388 3240 contentus
1435 3191 1556 3249 cst,
1606 3181 1699 3237 sed
1730 3181 1855 3252 quid

240 3284 426 3338 etiam
480 3280 563 3337 his
590 3280 764 3350 majus
788 3276 1074 3333 dicendum
1102 3276 1262 3333 habet
1290 3292 1306 3331 :
1335 3291 1458 3333 nam
1484 3289 1605 3346 quae
1637 3273 1857 3329 fortiora

241 3381 392 3429 sunt
433 3382 711 3444 postremo
741 3369 913 3436 ponit.
945 3368 1284 3438 Quapropter
1312 3366 1444 3425 dicit
1476 3384 1489 3419 :
1526 3366 1711 3431 Omnia
1750 3366 1862 3435 suf-

240 3463 384 3532 fert.
425 3466 472 3518 A
504 3462 786 3533 patientia,
823 3475 855 3517 a
879 3458 1327 3522 mansuetudine;
1379 3458 1492 3513 sive
1520 3456 1862 3511 contumelia:

240 3557 396 3623 sint,
421 3555 537 3612 sive
568 3554 759 3625 plagae,
787 3553 900 3608 sive
923 3567 1089 3617 mors,
1108 3551 1222 3607 sive
1248 3548 1459 3622 quidvis
1479 3547 1644 3607 aliud.
1673 3550 1736 3602 Et
1763 3546 1865 3601 hoc

245 3662 455 3703 rursus
481 3661 545 3703 ex
571 3646 727 3702 beato
741 3644 940 3699 Davide
964 3643 1194 3714 perspici
1214 3653 1412 3719 potest.
1436 3639 1573 3710 Quid
1588 3640 1729 3695 enim
1757 3654 1865 3694 mo-

247 3740 458 3796 lestius
478 3750 582 3801 est,
614 3754 773 3808 quam
803 3736 988 3792 videre
1013 3735 1179 3795 lilium
1210 3735 1573 3803 insurgentem
1601 3740 1656 3787 et
1680 3742 1865 3803 tyran-

248 3832 445 3889 nidem
460 3830 797 3887 all'ectantem
813 3839 1203 3899 paternumque
1221 3826 1532 3895 sanguinem
1558 3823 1825 3878 sitientem
1843 3821 1866 3875 ἲ

247 3924 374 3983 Sed
404 3923 588 3981 ethoc
613 3922 733 3977 tulit
760 3921 947 3976 beatus
971 3920 1093 3985 ille;
1119 3932 1290 3987 neque
1332 3917 1404 3970 ita
1440 3914 1866 3969 susdnuitacer-

252 4016 400 4073 bum
419 4015 646 4070 verbum
668 4012 917 4067 emittere
935 4022 1120 4067 contra
1147 4006 1491 4082 parricidam,
1512 4004 1603 4060 sed
1618 4019 1738 4059 cum
1765 4003 1867 4057 alia

254 4107 449 4165 omnia
469 4105 593 4162 belli
609 4104 837 4159 ducibus
858 4100 1237 4167 commisisset,
1259 4097 1512 4169 proillius
1529 4095 1866 4150 saluteman-

256 4202 396 4261 data
417 4199 610 4263 dabat;
642 4197 854 4255 lirmum
882 4196 1025 4251 enim
1053 4203 1168 4251 erat
1192 4192 1428 4248 caritatis
1440 4190 1866 4269 fundamentum.

259 4292 502 4362 ideoque
536 4290 717 4345 omnia
748 4288 973 4355 suﬁ'ert;
1007 4286 1203 4344 ethinc
1223 4285 1437 4356 quidem
1473 4283 1590 4354 ejus
1618 4282 1868 4336 virtutem

260 4383 602 4449 subindicat,
633 4382 927 4443 bonitatem
956 4389 1136 4437 autem
1170 4394 1264 4448 per
1290 4394 1352 4433 ea
1383 4393 1502 4449 qua:
1533 4383 1867 4446 sequuntur:

265 4494 398 4533 naut
420 4478 518 4539 ait,
554 4474 741 4531 Omnia
780 4483 974 4546 sperat,
1005 4473 1178 4528 omnia
1213 4471 1401 4536 credit,
1440 4471 1611 4524 omnia
1639 4470 1868 4523 sustinet.

265 4570 411 4639 Quid
438 4578 544 4631 est,
579 4566 765 4625 Omnia
791 4566 1008 4637 sperat?
1037 4566 1112 4631 De
1132 4564 1291 4621 bouis
1310 4563 1755 4635 quibuscumque,
1791 4561 1873 4615 in-

268 4662 410 4732 quit,
452 4660 632 4716 dilecti
658 4659 738 4715 sui
770 4674 877 4714 non
904 4657 1193 4728 desperat;
1225 4655 1321 4712 sed
1350 4653 1560 4711 etiamsi
1589 4654 1676 4709 ille
1702 4652 1874 4707 malus

272 4755 369 4818 sit.
402 4762 682 4823 permanet
703 4752 851 4809 illum
879 4751 1176 4821 corrigens,
1207 4747 1512 4820 providens,
1553 4760 1735 4802 curam
1777 4759 1874 4815 ge-

275 4858 423 4900 rens.
451 4842 638 4899 Omnia
652 4843 828 4898 credit.
854 4841 972 4897 Non
990 4841 1160 4897 solum
1178 4839 1322 4897 enim
1340 4849 1542 4910 sperat,
1562 4837 1754 4908 inquit,
1778 4835 1873 4891 scd

285 4936 441 4992 etiam
468 4936 664 5005 credit,
679 4951 747 4992 ex
764 4950 831 4992 eo
851 4936 992 5006 quod
1008 4934 1161 4990 valde
1176 4941 1321 4989 amet
1344 4949 1358 4986 :
1374 4932 1583 4988 etiamsi
1602 4930 1718 4986 haec
1736 4928 1875 4984 bona

287 5042 390 5085 non
417 5029 713 5087 secundum
743 5044 895 5099 spem
925 5025 1237 5094 succedant,
1258 5024 1353 5082 sed
1366 5024 1577 5082 etiamsi
1596 5024 1684 5081 ille
1706 5022 1876 5079 mole-

280 5124 414 5180 stior
444 5124 535 5191 sit,
562 5138 625 5180 ea
666 5124 827 5180 etiam
856 5123 979 5179 l'ert.
1011 5122 1197 5177 Omnia
1228 5121 1374 5178 enim
1404 5120 1642 5188 sustinet,
1678 5119 1873 5191 inquit.

281 5217 336 5272 8.
366 5214 569 5271 Caritas
598 5232 873 5287 numquam
898 5214 1105 5288 excidit.
1139 5213 1388 5270 Vidistin‘
1412 5212 1629 5284 quando
1654 5210 1872 5268 coroni-

284 5311 406 5365 dem
438 5309 773 5378 imposuerit,
797 5317 852 5366 et
877 5309 1019 5381 quod
1052 5307 1105 5363 in
1131 5307 1236 5363 hoc
1261 5307 1406 5364 dono
1429 5307 1598 5378 magis
1619 5305 1876 5363 eximium

284 5403 393 5460 sit?
420 5402 562 5471 Quid
593 5404 736 5460 enim
772 5403 875 5460 sibi
901 5403 1039 5472 vult,
1067 5401 1192 5458 Non
1214 5401 1444 5457 excidit?
1471 5400 1588 5456 Non
1617 5399 1877 5456 discindi-

288 5510 391 5565 tur,
421 5514 529 5554 non
569 5499 880 5555 dissolvitur
901 5497 1154 5559 ferendo:
1176 5508 1321 5554 amat
1349 5497 1493 5553 enim
1519 5496 1718 5553 omnia.
1745 5494 1877 5551 Nam

290 5590 376 5660 qui
405 5599 571 5658 amat,
614 5606 904 5663 numquam
930 5589 1111 5647 odisse
1137 5593 1327 5660 possit,
1374 5586 1633 5659 quidquid
1678 5587 1878 5645 factum

289 5681 489 5740 fuerit:
514 5682 619 5740 hoc
646 5684 843 5755 quippe
873 5694 958 5740 est
981 5683 1275 5739 maximum
1297 5683 1464 5754 ipsius
1483 5682 1705 5739 bonum.
1735 5681 1881 5737 Talis

290 5787 399 5834 erat
429 5776 671 5835 Paulus:
704 5777 932 5850 ideoque
969 5777 1205 5845 diccbat,
1236 5777 1298 5834 Si
1334 5793 1436 5846 quo
1488 5776 1641 5831 modo
1690 5791 1876 5845 provo—

292 5886 394 5925 cent
440 5870 510 5925 ad
534 5870 878 5927 cumulandum
905 5887 1111 5928 carnem
1138 5886 1300 5926 meam
1326 5870 1508 5942 (llam.
1539 5871 1626 5927 ll.
1662 5870 1774 5939 14),
1827 5880 1882 5927 et

1234 381 1301 445 ΣΝ
1339 382 1557 439 EPIST.
1602 380 1620 433 1
1689 378 1777 432 AD
1816 377 1969 433 COR.
2012 376 2244 447 llOMlL.
2286 376 2527 449 XXXIII.

3424 386 3531 443 232

1938 510 2165 566 sperans
2204 498 2421 557 mansit.
2471 497 2543 563 Et
2570 498 2911 557 Timotheum
2943 501 3256 559 hortabatur
3301 502 3530 563 dicens:

1936 586 2145 648 Seruna:
2172 598 2338 644 autem
2378 588 2583 645 Domini
2611 606 2712 646 non
2759 602 2963 662 oportet
2998 610 3244 666 pugnare,
3272 595 3363 649 sed
3383 612 3534 650 man-

1937 688 2135 733 suetum
2162 695 2269 739 esse
2293 680 2363 733 ad
2404 697 2602 746 omnes,
2635 683 2689 737 in
2717 683 2967 739 modestia
3008 685 3317 741 erudientem
3345 702 3430 740 eos
3450 692 3537 756 qui

1937 772 2174 826 resistunt
2215 773 2416 831 ueritati
2437 814 2455 841 ,
2495 791 2561 829 an
2592 775 2723 843 forte
2762 778 2842 832 det
2872 777 2976 832 illis
3015 776 3157 834 Deus
3192 779 3533 850 cognitionem

1940 863 2159 919 ueritatis
2214 863 2291 938 (2.
2316 863 2452 923 Tim.
2477 864 2532 919 2.
2556 865 2648 923 24.
2671 866 2786 939 25).
2835 868 2976 937 Quid
3020 885 3182 940 ergo,
3226 871 3454 941 inquies,
3489 870 3532 926 si

1940 952 2141 1009 inimici
2160 958 2275 1013 sint
2302 967 2356 1015 et
2380 957 2632 1027 gentiles,
2664 973 2843 1015 annon
2861 960 3040 1016 odisse
3056 961 3323 1031 oportuit?
3342 960 3536 1018 Odisse

1939 1048 2179 1118 quidem,
2230 1065 2336 1105 non
2366 1050 2510 1117 illos,
2543 1051 2636 1107 sed
2665 1051 2891 1123 dogma;
2944 1069 3048 1109 non
3092 1054 3385 1122 hominem,
3440 1055 3534 1112 sed

1942 1138 2138 1195 malum
2167 1154 2331 1209 npus,
2355 1150 2670 1211 corruptum
2695 1142 2956 1199 animum.
2981 1143 3156 1200 Homo
3184 1160 3415 1215 namque
3453 1156 3536 1202 est

1939 1244 2075 1299 opus
2106 1230 2222 1298 Dei,
2255 1246 2411 1289 error
2436 1243 2617 1288 autem
2648 1248 2785 1305 opus
2805 1234 3024 1290 diaboli.
3044 1235 3123 1292 Ne
3148 1252 3278 1308 ergo
3305 1240 3536 1295 misceas

1940 1338 2002 1379 ea
2029 1339 2149 1394 quae
2175 1325 2266 1379 Dei
2297 1334 2449 1393 sunt,
2467 1335 2522 1382 et
2542 1342 2663 1399 qua:
2687 1326 2909 1383 diaboli.
2937 1328 3072 1384 Nam
3101 1329 3270 1386 Judazi
3301 1342 3453 1388 erant
3483 1341 3538 1388 et

1941 1415 2241 1486 blasphemi
2263 1426 2317 1471 et
2340 1426 2760 1489 persequutores
2780 1428 2836 1475 et
2860 1421 3261 1489 contumeliosi,
3290 1423 3539 1480 inmune-

1944 1523 2107 1580 raque
2133 1507 2201 1567 de
2225 1508 2443 1567 Christo
2473 1511 2724 1567 dicebant
2755 1511 2893 1568 mala
2929 1530 2943 1567 :
2971 1527 3173 1585 ergone
3200 1514 3323 1572 illos
3351 1516 3540 1573 oderat

1943 1604 2140 1663 Paulus
2159 1647 2176 1674 ,
2202 1608 2299 1678 qui
2321 1609 2561 1664 maxime
2584 1609 2824 1665 omnium
2855 1608 3134 1666 Christum
3164 1612 3411 1668 amabat?
3435 1611 3540 1669 Ne-

1943 1713 2235 1770 quaquam,
2268 1701 2378 1755 imo
2405 1710 2460 1756 et
2485 1701 2718 1770 amabat,
2745 1710 2801 1757 et
2824 1701 3004 1763 omnia
3032 1717 3130 1772 pro
3157 1703 3286 1773 ipsis
3311 1704 3535 1774 agebat:

1942 1799 1996 1847 et
2027 1806 2169 1847 nune
2197 1790 2417 1863 quidem
2448 1791 2601 1859 dicit,
2667 1791 2920 1849 Voluntas
2945 1793 3150 1863 quidem
3177 1803 3225 1849 et
3251 1793 3539 1861 deprecatio

1944 1900 2056 1938 mea
2074 1884 2142 1938 ad
2163 1883 2328 1944 Deum
2349 1885 2405 1955 ﬁt
2423 1901 2517 1956 pro
2545 1885 2648 1939 illis
2673 1886 2741 1939 ad
2767 1885 2984 1941 salutem
3004 1884 3281 1955 (RomJO.
3299 1886 3379 1956 l);
3400 1902 3541 1942 nunc

1946 1986 2149 2042 autem,
2185 1975 2440 2047 Optabam
2464 1977 2743 2033 anathema
2770 1994 2880 2033 esse
2920 1993 2953 2039 a
3004 1976 3209 2032 Christo
3263 1995 3356 2048 pro
3414 1978 3539 2049 ipsis

1948 2069 2123 2141 (Rom.
2166 2070 2219 2124 9.
2255 2070 2333 2139 3).
2356 2068 2445 2127 Sic
2476 2079 2530 2125 et
2560 2069 2815 2137 Ezechiel
2860 2068 3048 2133 videns
3075 2083 3172 2125 eos
3196 2069 3366 2128 occidi
3394 2070 3541 2126 dice-

1947 2161 2034 2217 bat
2062 2179 2075 2215 :
2108 2160 2208 2217 Hei
2228 2161 2354 2216 mihi
2373 2203 2389 2230 ,
2420 2161 2655 2231 Domine,
2685 2161 2823 2218 deles
2843 2171 2899 2215 tu
2924 2177 3009 2216 eos
3033 2161 3120 2232 qui
3142 2172 3258 2217 sunt
3282 2162 3462 2232 reliqui
3483 2179 3547 2225 es:

1948 2252 2116 2308 Israel
2142 2252 2353 2323 (Ezech.
2386 2253 2441 2309 9.
2471 2253 2574 2323 8)?
2601 2265 2656 2309 et
2683 2253 2934 2325 Moyses:
2972 2252 3033 2309 Si
3077 2253 3281 2323 quidem
3328 2254 3548 2311 dimittis

1948 2348 2052 2403 illis
2077 2357 2357 2417 peccatum,
2389 2347 2587 2400 dimitte
2614 2344 2813 2418 (Exod.
2837 2345 2926 2402 52.
2951 2346 3066 2418 ⁸51).
3097 2346 3236 2414 Quid
3266 2361 3394 2417 ergo
3419 2345 3549 2401 dicit

1953 2439 2163 2495 David?
2212 2439 2314 2495 Eos
2328 2440 2415 2510 qui
2450 2439 2666 2495 oderunt
2695 2448 2761 2508 te,
2790 2438 3029 2506 Domine,
3058 2440 3289 2508 oderam,
3330 2448 3377 2493 et
3395 2456 3550 2510 super

1949 2534 2189 2589 inimicos
2232 2542 2345 2589 tuos
2378 2534 2691 2599 tabescebam
2718 2550 2737 2586 :
2767 2536 2987 2605 perfecto
3018 2533 3137 2587 odio
3178 2533 3387 2599 oderam
3435 2532 3551 2597 illos

1957 2625 2129 2697 (Psat.
2159 2624 2282 2705 158.
2314 2624 2406 2683 21.
2429 2623 2545 2697 22).
2574 2625 2735 2694 Atqui
2763 2640 2871 2679 non
2900 2624 3102 2692 omnia,
3131 2639 3252 2695 qua:
3274 2638 3304 2681 a
3339 2623 3543 2679 Davide

1957 2725 2009 2775 iu
2042 2718 2271 2775 Psalmis
2291 2718 2430 2774 dicta
2454 2727 2599 2781 sunt,
2625 2733 2690 2773 ex
2718 2732 2947 2786 persona
2979 2717 3194 2772 Davidis
3212 2725 3336 2773 sunt
3359 2716 3502 2771 dicta
3530 2735 3543 2771 :

1956 2814 2152 2869 ctenim
2183 2812 2269 2868 hic
2298 2815 2412 2883 ipse
2444 2811 2592 2877 dicit,
2621 2812 3031 2869 Tabernaculum
3061 2812 3151 2881 [ixi
3178 2828 3293 2875 cum
3319 2810 3551 2865 taberna-

1956 2910 2084 2965 culis
2110 2908 2306 2969 Cedar;
2343 2916 2418 2975 et,
2452 2906 2624 2978 Super
2644 2907 2859 2978 ﬂumina
2884 2904 3164 2977 Babylonis
3189 2904 3297 2960 illic
3326 2904 3549 2963 sedimus

1960 3013 2007 3059 et
2035 3004 2264 3075 ﬂeuimus
2285 3000 2459 3075 (Psal.
2494 3000 2623 3057 119.
2652 3000 2707 3056 5.
2730 3009 2778 3054 et
2805 2998 3042 3068 156.1);
3068 3013 3242 3068 neque
3266 3012 3397 3052 vero
3425 2994 3558 3049 vidit

1961 3095 2332 3168 Babylonem,
2391 3108 2569 3162 neque
2621 3091 2966 3149 tabernacula
3023 3090 3199 3146 Cedar
3251 3108 3265 3143 :
3322 3086 3558 3158 alioquin

1962 3190 2121 3245 ctiam
2144 3203 2287 3242 nunc
2303 3186 2475 3256 major
2498 3201 2526 3240 a
2550 3185 2706 3240 nobis
2732 3184 2962 3254 exigitur
2986 3180 3557 3254 pliilosopliia.Quam-

1963 3283 2173 3344 obrcm,
2230 3279 2543 3351 rogantibus
2574 3277 2852 3349 discipulis
2879 3286 2936 3331 ut
2968 3275 3342 3337 demitteretur
3385 3273 3557 3342 ignis,

1964 3387 2024 3430 ut
2046 3383 2288 3444 tempore
2313 3372 2464 3438 Elim,
2491 3369 2736 3438 Nescitis,
2760 3368 2934 3441 inquit
2979 3367 3243 3429 Christus.
3267 3368 3412 3427 cuius
3444 3363 3558 3445 spi—

1964 3470 2092 3523 ritus
2122 3466 2236 3525 estis
2264 3464 2413 3535 (Luc.
2442 3463 2496 3519 9.
2527 3464 2643 3534 55).

2046 3561 2101 3618 5.
2137 3559 2293 3621 Tunc
2319 3561 2466 3617 enim
2508 3574 2617 3614 non
2662 3558 2994 3627 impietatem
3037 3555 3229 3621 modo,
3259 3553 3353 3610 sed
3377 3552 3555 3608 ’etiam

1978 3654 2174 3729 impios
2200 3654 2351 3724 ipsos
2379 3652 2565 3708 odisse
2590 3651 2946 3722 jubebantur,
2971 3665 3041 3705 ne
3061 3648 3304 3705 amicitia
3331 3646 3559 3703 occasio

1978 3747 2114 3817 ipsis
2145 3755 2291 3802 esset
2335 3745 2668 3814 iniquitatis;
2711 3744 2943 3814 ideoque
2975 3742 3334 3813 cognationes
3373 3740 3556 3797 absci—

1979 3841 2061 3899 dit
2109 3851 2165 3899 et
2215 3839 2652 3905 commistioues,
2693 3847 2746 3894 et
2792 3838 3033 3908 undique
3080 3837 3206 3892 illos
3252 3833 3553 3890 muniebat.

1978 3930 2136 3987 Nunc
2168 3938 2379 3996 autem,
2412 3929 2538 4000 quia
2574 3929 2641 3983 ad
2679 3927 2942 3998 majorem
2983 3943 3087 3983 nos
3124 3926 3279 3981 duxit
3318 3925 3560 3995 philoso-

1972 4022 2150 4093 phiam
2170 4029 2226 4078 et
2252 4021 2578 4081 excelsiores
2606 4020 2804 4093 posuit,
2819 4033 2979 4091 quam
2996 4025 3053 4073 ut
3067 4016 3265 4075 damno
3279 4013 3405 4069 hinc
3425 4010 3566 4069 allici

1976 4128 2273 4184 possemus.
2295 4121 2352 4169 et
2376 4112 2663 4168 admittere
2683 4125 2777 4168 eos
2798 4118 2853 4169 et
2875 4108 3143 4166 consolari
3173 4108 3343 4179 jubet.
3375 4104 3566 4175 Neque

1973 4207 2115 4262 enim
2141 4205 2296 4261 nobis
2325 4205 2393 4260 ab
2423 4204 2527 4259 illis
2567 4204 2847 4270 damnum,
2875 4201 2970 4259 sed
3000 4201 3108 4257 illis
3128 4215 3158 4257 a
3182 4198 3337 4255 nobis
3365 4197 3569 4255 utilitas

1972 4297 2242 4370 provenit.
2260 4296 2401 4365 Quid
2418 4295 2725 4366 ergodicit?
2743 4294 2860 4353 Non
2882 4302 3096 4364 Oportet
3122 4292 3322 4355 odisse,
3347 4289 3442 4357 sed
3466 4289 3570 4342 iui-

1975 4390 2168 4447 sereri.
2191 4389 2247 4451 Si
2274 4388 2416 4445 enim
2438 4388 2637 4451 oderis,
2660 4387 2933 4457 quomodo
2964 4395 3237 4449 errantem
3260 4382 3416 4438 facile
3441 4398 3571 4435 cou-

1977 4482 2190 4539 vertes?
2219 4480 2488 4553 quomodo
2508 4479 2690 4536 orabis
2711 4494 2808 4550 pro
2831 4476 3070 4534 infideli?
3099 4476 3229 4532 Nam
3252 4472 3393 4544 quod
3418 4485 3574 4527 orare

1975 4584 2241 4647 oporteat,
2270 4574 2393 4630 audi
2422 4573 2548 4644 quid
2579 4573 2723 4628 dicat
2749 4572 2946 4628 Paulus
2978 4590 2990 4626 :
3024 4570 3243 4624 Obsecro
3285 4568 3442 4639 igitur
3463 4565 3572 4632 pri-

1976 4684 2114 4724 mum
2140 4667 2369 4727 omnium
2395 4665 2509 4736 ﬁeri
2528 4664 2921 4729 obsecrationes,
2962 4662 3240 4724 orationes,
3272 4655 3571 4729 postulatio-

1978 4778 2087 4826 nes,
2115 4761 2397 4833 gratiarum
2418 4759 2641 4815 actiones
2659 4774 2751 4828 pro
2771 4756 3007 4812 omnibus
3028 4753 3314 4810 hominibus
3330 4752 3380 4822 (1
3397 4792 3411 4806 .
3437 4747 3571 4804 Tim.

1977 4854 2032 4909 2.
2066 4856 2118 4909 1.
2139 4854 2219 4925 2).
2242 4850 2396 4921 Quod
2423 4859 2604 4911 autem
2629 4847 2757 4905 tunc
2785 4864 2893 4905 non
2922 4861 3113 4903 omnes
3136 4844 3323 4904 ﬁdeles
3371 4851 3574 4903 essent.

1979 4949 2150 5005 cuivis
2179 4946 2522 5002 manifestum
2560 4954 2665 5000 est.
2694 4945 2759 4998 Et
2790 4957 3024 5006 rursum,
3050 4940 3157 4996 Pro
3183 4938 3403 5011 regibus,
3441 4945 3488 4990 et
3516 4936 3580 4990 iis

1979 5042 2068 5114 qui
2112 5041 2165 5095 in
2212 5039 2460 5112 dignitate
2500 5038 2758 5094 constituti
2789 5047 2928 5095 sunt.
2960 5035 3114 5104 Quod
3153 5048 3313 5104 porro
3345 5032 3398 5088 hi
3429 5032 3582 5101 impii

1981 5141 2165 5191 essent
2207 5139 2263 5188 et
2307 5130 2496 5201 iniqui,
2550 5128 2656 5185 hoc
2682 5129 2809 5184 item
2841 5142 3182 5198 persiucuum
3234 5134 3336 5181 est.
3371 5123 3578 5181 Deinde

1966 5238 2200 5285 causam
2227 5237 2444 5295 quoque
2464 5221 2727 5278 orationis
2745 5220 2953 5286 dicens,
2975 5219 3284 5290 subjungit:
3316 5216 3429 5273 Hoc
3448 5216 3582 5271 enim

1985 5320 2170 5375 bonum
2211 5327 2286 5373 est
2330 5327 2377 5372 et
2406 5325 2673 5386 acceptum
2709 5315 2762 5370 in
2807 5328 3080 5384 conspecta
3108 5312 3393 5369 Saluatoris
3423 5311 3584 5366 nostri

1981 5409 2104 5478 Dei,
2131 5412 2221 5482 qui
2249 5425 2424 5466 omnes
2462 5408 2692 5463 homines
2716 5407 2823 5462 uult
2848 5407 3014 5463 salvos
3034 5406 3164 5476 ﬁeri.
3196 5414 3242 5459 et
3268 5406 3337 5458 ad
3363 5404 3586 5476 agnitio-

1984 5523 2100 5561 nem
2127 5505 2354 5562 ueritatis
2381 5505 2553 5560 uenire
2581 5502 2748 5574 (Ibid.
2778 5519 2828 5558 υ.
2855 5501 2912 5558 5.
2959 5500 3038 5573 ι).
3084 5500 3209 5556 Ideo
3247 5499 3293 5553 si
3322 5498 3576 5568 gentilcm

1986 5597 2267 5655 mulierem
2294 5594 2562 5652 invenerit
2582 5609 2704 5650 eum
2728 5592 2871 5649 lldeli
2896 5592 3248 5655 habitantem,
3276 5606 3381 5643 non
3421 5587 3578 5643 solvit

1985 5689 2332 5760 conjugium:
2361 5701 2684 5759 quamquam
2704 5685 2835 5757 quid
2866 5692 2948 5740 est
2979 5683 3186 5740 mulieri
3210 5681 3326 5736 viro
3351 5679 3579 5749 conjun-

1986 5781 2161 5837 ctius?
2193 5777 2359 5834 Erunt
2403 5779 2546 5835 enim
2604 5777 2707 5833 duo
2752 5776 2806 5830 in
2850 5791 3003 5831 carne
3051 5789 3157 5827 una
3181 5771 3333 5841 (Gen.
3360 5773 3417 5827 2.
3440 5768 3578 5832 21);

1989 5886 2287 5944 magnaque
2333 5881 2414 5928 est
2440 5870 2549 5926 illic
2577 5870 2876 5925 animorum
2914 5863 3227 5936 conjunctis
3277 5871 3333 5923 et
3365 5863 3582 5922 fervens
