3962 6426
537 381 648 438 983

526 513 711 553 amor.
738 498 795 553 Si
823 508 998 552 autem
1020 495 1211 564 impios
1228 503 1277 545 et
1310 490 1519 560 iniquos
1535 489 1659 544 odio
1683 487 1909 542 habituri
1933 486 2126 552 simus,

537 593 680 647 ultra
709 590 978 663 progressi
1010 590 1171 644 etiam
1219 594 1528 655 peccatores
1556 582 1682 638 odio
1710 580 2043 643 habebimus,
2077 590 2131 633 et

538 686 618 739 sic
646 685 872 739 ulterius
903 680 1218 752 procedens,
1246 693 1276 731 a
1304 676 1486 732 multis
1503 673 1759 730 fratribus
1786 671 2125 737 discinderis,

539 779 647 833 imo
676 778 745 831 ab
766 775 1012 831 omnibus
1049 792 1062 828 :
1090 786 1248 827 nemo
1278 770 1446 834 enim,
1490 783 1651 824 nemo
1677 778 1824 823 certe
1854 767 1971 822 sine
2001 782 2129 837 pec-

537 882 654 924 cato
683 879 785 926 est.
821 869 949 923 Nam
989 866 1033 921 si
1064 871 1313 936 oporteat
1362 863 1454 919 Dei
1489 863 1736 917 inimicos
1764 861 1941 917 odisse
1965 902 1980 925 ,
2021 876 2126 914 non

535 963 708 1018 solum
728 960 942 1030 impios,
974 958 1070 1013 sed
1095 958 1256 1013 etiam
1281 964 1592 1026 peccatores
1607 953 1732 1009 odio
1753 952 1951 1007 habere
1971 967 2130 1021 opor-

535 1062 606 1107 ιυι
642 1069 654 1105 :
687 1060 740 1107 et
764 1052 843 1126 sic
859 1051 1061 1105 erimus
1091 1048 1214 1104 feris
1236 1047 1556 1113 deteriores,
1586 1060 1773 1099 omnes
1793 1054 2124 1111 aversantes,

534 1144 838 1214 arrogantia
868 1144 1057 1207 inflati,
1085 1142 1332 1197 sicutille
1354 1139 1676 1195 Pharismus.
1708 1138 1778 1192 At
1800 1153 1906 1192 non
1926 1136 2129 1205 itajns-

533 1236 599 1289 sit
632 1235 849 1301 Paulus,
879 1234 973 1290 sed
1008 1233 1323 1304 quomodo?
1366 1231 1570 1285 Mouete
1596 1230 1974 1300 incompositos,
2003 1244 2125 1281 con-

531 1326 769 1381 sulamini
794 1326 1168 1396 pusillanimes,
1196 1325 1434 1392 suscipite
1450 1323 1702 1393 inﬁrmos,
1727 1322 1970 1392 patientes
1994 1331 2129 1375 esto-

529 1431 577 1474 te
600 1418 669 1473 ad
696 1435 868 1473 onmes
896 1419 971 1490 (l.
1002 1417 1183 1472 Thess.
1208 1417 1262 1471 5.
1289 1414 1551 1486 M).Quid
1580 1431 1727 1485 ergo,
1756 1414 1982 1484 inquies,
2003 1428 2123 1468 cum

527 1510 683 1565 dicit:
717 1509 779 1564 Si
829 1509 940 1577 quis
966 1526 1065 1562 non
1093 1509 1255 1563 obedit
1294 1507 1443 1561 verba
1484 1516 1655 1560 nostro
1702 1523 1791 1576 per
1820 1504 2121 1572 epistolam,

532 1604 666 1655 hunc
694 1611 882 1665 notate,
916 1610 964 1655 et
989 1618 1088 1655 non
1111 1601 1536 1654 connuisceamiui
1575 1616 1689 1652 cum
1717 1599 1805 1653 illo
1838 1598 1910 1670 (2.
1944 1597 2121 1653 Thess.

531 1697 583 1748 5.
620 1694 748 1763 lt)?
778 1694 913 1750 Vere
934 1695 1147 1765 quidem
1177 1694 1281 1748 hoc
1308 1695 1373 1748 de
1413 1693 1667 1748 fratribus
1693 1694 1893 1748 dictum
1923 1702 2038 1759 est;
2071 1705 2125 1747 at

529 1802 638 1841 non
667 1788 933 1851 absolute,
965 1786 1058 1841 sed
1088 1801 1209 1841 cum
1235 1785 1671 1841 mansuetudine.
1701 1783 1779 1840 Ne
1809 1784 1952 1838 enim
1980 1799 2126 1838 rese-

528 1894 622 1934 ces
646 1895 708 1934 ea
735 1894 856 1949 qum
878 1887 1198 1948 sequuntur,
1227 1877 1321 1932 sed
1357 1886 1412 1931 et
1435 1891 1495 1932 ea
1519 1892 1641 1948 qua:
1669 1886 1790 1930 sunt
1815 1886 1995 1945 p05tea
2024 1875 2123 1930 ad-

530 1971 704 2039 jicias.
727 1970 858 2025 Nam
883 1986 1006 2025 cum
1036 1970 1282 2035 dixisset,
1318 1969 1400 2024 Ne
1429 1969 1873 2035 commisceamini,
1896 1968 2123 2038 subjun-

525 2063 605 2118 xit
633 2080 647 2117 :
680 2062 749 2117 Et
769 2064 927 2118 nolite
953 2064 1100 2134 quasi
1119 2063 1380 2118 inimicum
1407 2063 1715 2130 existimare,
1748 2064 1837 2117 sed
1861 2062 2124 2116 admonete

525 2164 577 2207 ut
605 2158 814 2227 fratrem
847 2153 1012 2223 (Ibid.
1046 2171 1075 2209 υ
1151 2154 1261 2227 15).

600 2245 743 2317 Opus
770 2246 961 2300 diaboli
995 2256 1067 2301 est
1097 2248 1315 2300 alterum
1341 2246 1404 2300 ab
1428 2248 1591 2301 altera
1620 2245 1878 2301 divellere.
1913 2245 2121 2301 Caritas

525 2338 698 2393 omnia
718 2347 947 2408 superat.
973 2367 1041 2377 -—
1072 2337 1258 2393 Viden'
1291 2336 1564 2408 quomodo
1587 2337 1789 2392 malum
1818 2337 2123 2408 opusjubet

511 2431 730 2499 odisse,
756 2446 864 2487 non
896 2431 1216 2487 hominem?
1246 2430 1380 2486 Nam
1408 2445 1546 2499 Opus
1574 2431 1772 2487 diaboli
1801 2440 1884 2487 est
1909 2447 2008 2487 nos
2036 2433 2121 2487 al-

530 2536 703 2582 terum
733 2527 802 2583 ab
825 2526 1000 2582 altero
1020 2525 1278 2582 divellere
1311 2544 1325 2581 :
1356 2532 1410 2581 et
1443 2524 1599 2581 valde
1619 2525 1843 2582 curabat
1868 2525 1959 2582 ille
1985 2526 2121 2582 cari-

528 2628 691 2672 tatem
718 2617 789 2673 de
815 2617 994 2674 medio
1020 2618 1230 2685 tollere,
1262 2625 1321 2672 ut
1344 2617 1701 2673 correctionis
1725 2618 1866 2673 viam
1888 2626 2118 2685 secaret,

526 2712 904 2784 detineretque
928 2711 1076 2767 illum
1106 2711 1323 2783 quidem
1352 2711 1404 2765 in
1435 2726 1642 2778 errore,
1667 2720 1719 2767 te
1744 2721 1922 2767 autem
1947 2711 1998 2766 in
2022 2711 2122 2766 ini-

527 2805 752 2873 micitia,
776 2805 1078 2877 deindeque
1100 2813 1313 2860 arceret
1340 2820 1462 2861 eum
1485 2819 1515 2859 a
1548 2804 1631 2859 via
1660 2805 1869 2861 salutis.
1898 2803 2122 2873 Quando

526 2897 673 2951 enim
696 2896 939 2952 medicus
964 2897 1079 2951 odit
1105 2906 1364 2968 aegrotum
1392 2906 1446 2951 et
1468 2896 1536 2951 ab
1560 2896 1654 2950 illo
1676 2895 1828 2967 fugit,
1862 2906 1917 2952 et
1944 2911 2120 2967 aegro-

528 3000 613 3043 tus
633 2988 898 3043 medicum
929 2998 1231 3047 aversatur,
1259 2988 1602 3058 quandonam
1641 2987 1731 3041 hic
1757 2987 2119 3052 convalescet,

528 3096 651 3136 cum
684 3095 858 3150 neque
886 3079 975 3136 hic
1000 3080 1149 3135 illum
1167 3080 1414 3146 advocet,
1438 3095 1614 3150 neque
1643 3079 1924 3152 illeipsum
1943 3079 2123 3138 adeat?

524 3174 635 3227 (Zur
673 3187 825 3243 ergo,
880 3186 1086 3243 quaeso,
1137 3173 1406 3226 aversaris
1430 3181 1484 3225 et
1512 3171 1651 3241 fugis
1674 3171 1867 3227 illum?
1900 3187 1969 3226 an
2000 3174 2121 3241 quia

528 3274 613 3321 est
637 3264 878 3335 impius?
899 3266 969 3319 At
991 3264 1113 3318 ideo
1140 3272 1354 3336 oportet
1386 3265 1535 3318 illum
1563 3266 1715 3320 adire
1743 3273 1798 3320 et
1824 3280 2037 3331 curare,
2066 3275 2124 3319 ut

525 3366 786 3429 aegrotum
812 3355 878 3412 ad
901 3356 1262 3411 valetudinem
1295 3370 1540 3411 revoces.
1570 3353 1723 3424 Quod
1770 3356 1815 3412 si
1844 3355 2121 3411 incurabili

534 3447 723 3503 morbo
748 3447 975 3514 laborat,
1018 3448 1111 3503 sed
1146 3457 1200 3502 tu
1241 3447 1426 3516 jussus
1462 3461 1521 3501 es
1563 3446 1708 3517 quod
1755 3448 1808 3502 in
1858 3458 1911 3502 te
1939 3458 2021 3502 est
2041 3445 2123 3501 fa-

530 3554 654 3595 cere
696 3557 710 3593 :
760 3555 881 3595 nam
924 3548 980 3595 et
1032 3539 1199 3595 Judas
1256 3540 1537 3594 incurabiti
1592 3540 1781 3596 morbo
1825 3540 2118 3608 laborabat,

533 3645 633 3686 nec
664 3639 844 3685 tamen
892 3630 1284 3699 destititDeus
1342 3631 1487 3685 illum
1545 3646 1756 3688 curare.
1813 3631 1891 3687 Ne
1944 3632 2123 3704 itaque

529 3731 587 3776 tu
646 3735 862 3792 quoque
911 3721 1240 3792 defatigeris.
1289 3722 1421 3777 Nam
1475 3723 1713 3791 etiamsi,
1737 3739 1933 3795 magno
1965 3724 2123 3781 adhi-

526 3815 640 3868 hito
688 3813 886 3881 studio,
942 3816 1117 3885 ipsum
1156 3815 1226 3871 ab
1266 3816 1540 3887 impietate
1580 3832 1687 3872 non
1722 3818 1943 3886 liberes,
1976 3833 2041 3874 ac
2071 3820 2117 3874 si

527 3908 816 3964 liberasses
866 3908 1175 3965 mercedem
1221 3910 1497 3980 accipies,
1545 3918 1601 3966 et
1647 3910 1851 3967 efﬁcies
1895 3920 1957 3966 ut
2009 3913 2125 3981 ipse

528 4000 994 4056 mansuetudinem
1045 4011 1191 4057 tuam
1240 4003 1575 4070 admiretur;
1625 4006 1809 4075 sicque
1837 4005 1903 4060 ad
1952 4006 2121 4061 Deum

525 4101 637 4145 tota
665 4091 779 4146 haec
807 4092 976 4162 gloria
1011 4094 1279 4150 transibit.
1310 4094 1538 4151 Etiamsi
1564 4095 1708 4151 enim
1737 4097 1995 4152 miracula
2027 4113 2123 4167 pa-

524 4194 660 4253 tres,
711 4186 918 4241 etiamsi
965 4186 1176 4258 quidvis
1215 4187 1360 4244 aliud
1407 4188 1596 4257 facias,
1649 4206 1938 4260 numquam
1969 4200 2020 4247 te
2050 4191 2123 4246 ita

523 4278 938 4337 admirabuntur
983 4281 1236 4351 gentiles,
1281 4290 1341 4337 ut
1386 4298 1508 4337 cum
1542 4292 1593 4338 te
1624 4283 1859 4341 viderint
1912 4285 2121 4350 mitem,

525 4381 886 4440 mansuetum,
933 4387 1235 4445 suavesque
1276 4388 1457 4429 mores
1497 4374 1864 4431 exhibentem.
1900 4376 2014 4431 Non
2040 4386 2126 4432 est

526 4471 704 4517 autem
748 4462 849 4518 hoc
878 4464 1147 4519 modicum
1191 4463 1404 4519 virtutis
1433 4478 1571 4533 opus
1602 4482 1615 4518 :
1650 4465 1801 4520 multi
1831 4467 1973 4520 enim
2007 4478 2124 4521 tan-

525 4556 652 4610 dem
679 4571 708 4608 a
740 4556 884 4609 malo
915 4556 1308 4612 liberabuntur.
1341 4556 1642 4612 Nihilenim
1675 4557 1745 4611 ita
1771 4567 1947 4627 potest
1968 4569 2123 4615 attra-

532 4645 683 4710 here,
711 4655 770 4699 ut
795 4647 1016 4700 caritas.
1047 4645 1180 4700 Nam
1210 4657 1432 4716 prepter
1459 4648 1551 4703 illa
1573 4649 1788 4719 quidem
1823 4659 1875 4705 te
1904 4652 2123 4707 aemula-

530 4738 753 4804 buntur,
783 4746 1004 4808 propter
1032 4739 1184 4808 signa
1209 4738 1331 4794 dico
1359 4749 1414 4796 et
1442 4741 1697 4796 miracula
1723 4757 1739 4807 ;
1771 4754 1992 4814 propter
2020 4745 2125 4801 hoc

528 4839 709 4884 autem
735 4837 791 4883 et
811 4828 1222 4885 admirabuntur
1245 4839 1301 4886 et
1327 4831 1586 4888 amabunt
1616 4851 1629 4887 :
1670 4841 1722 4889 te
1741 4843 1919 4891 autem
1940 4851 2125 4890 aman-

530 4932 637 4987 tes,
667 4923 950 4978 veritatem
997 4924 1137 4979 ultra
1167 4926 1439 4996 progressi
1464 4926 1876 4998 amplectentur.
1911 4929 1968 4985 Si
1996 4947 2123 4987 vero

527 5027 637 5067 non
664 5014 844 5069 statim
874 5016 966 5070 liat
993 5015 1190 5084 fidelis,
1215 5033 1283 5074 ne
1314 5018 1550 5085 mireris,
1585 5035 1758 5091 neque
1786 5037 1996 5094 urgeas,
2029 5039 2125 5079 ne-

527 5120 634 5174 que
680 5106 860 5162 omnia
909 5107 1069 5164 simul
1115 5124 1357 5180 quaeras;
1408 5110 1504 5166 sed
1550 5112 1668 5167 sine
1715 5113 1863 5168 illum
1909 5115 2122 5170 interim

530 5196 770 5264 laudare,
806 5214 1008 5264 amare,
1040 5210 1094 5255 et
1120 5197 1199 5255 sic
1232 5201 1461 5257 ulterius
1492 5204 1792 5273 procedens
1819 5206 2021 5260 veniet.
2058 5207 2122 5261 Et

528 5301 588 5343 nt
616 5291 762 5345 clare
788 5291 963 5347 discas
982 5301 1240 5362 quantum
1273 5293 1375 5349 hoc
1401 5295 1491 5358 sit,
1517 5295 1640 5350 audi
1660 5298 1930 5367 quomodo
1959 5298 2119 5354 etiam

530 5381 730 5436 i'anlus
770 5382 1043 5438 infidelem
1086 5384 1323 5454 judicem
1374 5386 1562 5441 adiens
1588 5402 1710 5443 sese
1734 5398 1961 5457 purget:
1994 5406 2115 5444 nam

528 5474 626 5541 ait,
650 5471 862 5527 Beatum
890 5492 969 5529 me
991 5477 1248 5543 existimo,
1295 5493 1410 5531 cum
1438 5478 1580 5545 apud
1606 5487 1655 5532 te
1679 5480 1776 5532 sim
1802 5496 1881 5534 me
1904 5482 2118 5550 iujudi-

528 5566 608 5618 cio
633 5565 932 5636 defensurus
960 5567 1108 5636 (Act.
1134 5568 1226 5623 26.
1258 5567 1352 5641 9.).
1387 5570 1511 5624 Hmc
1541 5578 1719 5624 autem
1750 5570 1982 5639 dicebat,
2012 5589 2117 5628 non

530 5667 810 5711 assentaus
832 5658 903 5723 ei,
925 5657 1084 5724 absit,
1108 5658 1203 5713 sed
1231 5666 1289 5712 ut
1308 5674 1430 5713 eum
1455 5660 1866 5716 mansuetudine
1886 5663 2120 5718 lucrare-

530 5752 637 5796 tur.
669 5746 736 5801 Et
775 5765 839 5802 ex
886 5760 1036 5817 parte
1065 5750 1301 5804 lucratus
1336 5760 1439 5815 est,
1485 5760 1538 5804 et
1561 5751 1797 5820 judicem
1831 5755 1994 5822 cepit,
2027 5757 2115 5817 qui

532 5828 788 5891 hactenus
828 5836 1038 5897 crimini
1090 5843 1354 5899 obnoxius
1405 5844 1710 5913 putabatur,
1747 5855 1800 5901 et
1830 5846 2107 5903 victoriam

1311 375 1367 431 S.
1407 373 1685 431 JOANNIS
1721 369 2192 429 CHRYSOSTOMI
2228 368 2545 426 ARCIIIEP.
2588 369 3118 429 CONSTANTINOP.
3699 385 3783 442 ρει

2240 485 2357 554 ejus
2406 486 2452 540 is
2497 485 2613 557 ipse
2640 487 2728 556 qui
2756 499 2943 556 captus
2967 498 3049 543 est
3069 489 3344 559 Splendida
3373 507 3504 548 voce
3534 507 3779 565 prmscnti-

2236 579 2338 634 bus
2376 581 2626 635 omnibus
2656 583 3009 638 confitebatur
3054 584 3234 640 dicens
3268 604 3281 638 :
3318 584 3506 641 Parum
3532 589 3659 644 abest
3683 595 3782 663 quin

2234 672 2357 725 mihi
2386 673 2694 742 persuadeas
2723 686 2777 727 ut
2802 676 2924 744 ﬁam
2951 675 3270 732 Christianus
3299 679 3432 751 (Act.
3460 680 3546 735 26.
3573 681 3639 739 28
3658 684 3693 754 ).

2306 765 2357 820 6.
2378 766 2514 833 Quid
2532 782 2658 837 ergo
2681 768 2910 822 Paulus?
2935 769 3097 838 Magis
3113 772 3365 839 expandit
3381 787 3622 843 sagenam
3636 779 3783 836 etait:

2238 856 2480 927 Optarent
2510 875 2621 929 ego,
2654 876 2754 913 non
2772 861 2936 914 solum
2960 872 3024 926 te,
3052 863 3140 915 sed
3160 864 3307 916 etiam
3326 882 3495 920 omnes
3510 869 3593 937 qui
3607 869 3784 934 adsunt,

2234 949 2330 1003 hoc
2364 966 2473 1005 esse
2506 951 2643 1018 quod
2680 968 2772 1023 ego
2821 970 2952 1013 sum,
2995 960 3214 1023 exceptis
3260 956 3339 1010 his
3390 958 3596 1014 vinculis
3624 958 3718 1032 (Ib.
3744 979 3781 1015 r.

2231 1039 2346 1111 29).
2377 1042 2514 1107 Quid
2553 1044 2687 1099 dicis
2708 1086 2728 1112 ,
2754 1060 2789 1099 ο
2818 1045 2998 1111 Paule,
3029 1045 3269 1117 Exceptis
3296 1049 3543 1104 vinculis?
3575 1061 3627 1106 et
3663 1069 3784 1121 (pne-

2233 1148 2354 1186 nam
2391 1133 2483 1188 tibi
2516 1134 2583 1189 de
2614 1146 2812 1189 ezrtero
2837 1136 3049 1202 fiducia,
3080 1137 3122 1191 si
3156 1153 3340 1193 corum
3373 1149 3423 1194 te
3457 1141 3640 1211 pudeat
3665 1153 3713 1197 et
3734 1160 3781 1198 ea

2231 1224 2419 1293 fugias,
2450 1236 2503 1279 et
2534 1227 2634 1281 hoc
2676 1237 2824 1281 tanto
2850 1238 3117 1299 praesente
3150 1231 3384 1301 populo?
3425 1246 3595 1286 annon
3623 1234 3669 1287 in
3696 1236 3783 1303 cpi-

2232 1318 2385 1371 smlis
2417 1319 2521 1373 tuis
2555 1320 2654 1375 hac
2693 1321 2760 1376 de
2796 1337 2855 1377 re
2894 1322 3090 1393 ubique
3115 1324 3384 1392 gloriaris,
3416 1333 3472 1379 et
3503 1336 3553 1380 te
3580 1328 3780 1382 vinctum

2230 1409 2490 1479 appellas,
2525 1411 2767 1483 hancque
2784 1423 3030 1468 catenam
3060 1414 3255 1484 ubique
3283 1415 3439 1469 nobis
3464 1418 3607 1486 quasi
3634 1418 3781 1472 diade-

2232 1517 2315 1556 ma
2343 1503 2699 1560 circumfers?
2723 1506 2848 1576 quid
2881 1521 3012 1577 ergo
3034 1523 3175 1563 nunc
3205 1508 3405 1563 factum
3426 1519 3526 1575 est,
3559 1520 3612 1563 ut
3631 1512 3783 1566 vincu-

2230 1592 2278 1646 la
2308 1593 2655 1666 depreceris?
2680 1596 2795 1652 Non
2830 1599 2945 1668 ipse
2973 1598 3253 1669 deprecor,
3298 1601 3489 1671 inquit,
3528 1617 3690 1671 neque
3715 1619 3781 1658 me

2233 1686 2412 1755 pudet,
2441 1687 2536 1743 sed
2570 1690 2783 1745 illorum
2803 1690 3100 1746 infirmitati
3123 1708 3209 1747 me
3225 1695 3778 1764 attempero;nondutn

2227 1780 2369 1833 enim
2421 1792 2641 1850 possunt
2689 1786 2963 1852 suscipere
3009 1801 3181 1840 meam
3224 1787 3778 1856 gloriationem.Didici

2228 1880 2405 1926 autem
2437 1887 2467 1927 a
2497 1873 2722 1929 Domino
2753 1891 2894 1941 meo,
2924 1890 3029 1931 non
3054 1876 3445 1933 immittendant
3468 1895 3585 1936 esse
3610 1891 3778 1951 partem

2228 1964 2389 2033 panni
2417 1965 2568 2020 rudis
2596 1966 2646 2020 in
2674 1981 2908 2037 pannum
2932 1979 3166 2024 veterem
3191 1973 3208 2040 (
3234 1969 3422 2025 Matth.
3452 1972 3506 2028 9.
3540 1973 3623 2043 l6)
3650 1974 3781 2029 :idco

2228 2056 2305 2111 sic
2336 2056 2587 2128 loquutus
2612 2073 2755 2114 sum.
2796 2060 2929 2115 Nam
2961 2062 3103 2118 male
3126 2063 3267 2134 apud
3301 2065 3425 2121 illos
3451 2065 3595 2122 audit
3620 2067 3778 2138 dogma

2225 2159 2494 2214 nostrum,
2543 2159 2600 2205 et
2646 2166 2778 2207 crux
2828 2152 2935 2209 illis
2982 2154 3158 2209 invisa
3203 2164 3306 2211 est.
3340 2156 3395 2212 Si
3436 2173 3562 2228 ergo
3603 2160 3778 2215 vincula

2225 2257 2438 2313 quoque
2464 2241 2732 2312 adjiciam,
2765 2244 2939 2314 majus
2966 2242 3148 2301 odium
3179 2249 3301 2303 erit.
3334 2247 3459 2304 ldeo
3486 2250 3596 2306 hate
3619 2261 3774 2306 sustuc

2228 2332 2287 2399 li,
2334 2342 2391 2388 ut
2422 2333 2550 2389 illud
2598 2344 2742 2391 esset
2782 2347 3086 2407 acceptum.
3114 2337 3329 2394 Etenim
3361 2343 3773 2397 contumeliosum

2228 2427 2333 2483 illis
2368 2426 2580 2482 videtur
2622 2443 2743 2484 esse
2766 2430 2997 2485 vinculis
3022 2433 3341 2503 constringi,
3375 2433 3500 2503 quia
3524 2450 3655 2499 eam,
3683 2449 3778 2504 qua:

2225 2521 2364 2593 apud
2392 2536 2490 2576 nos
2536 2530 2639 2587 est,
2665 2523 2893 2594 gloriam
2918 2523 3155 2580 nondum
3186 2524 3559 2597 degustarunt.
3589 2526 3779 2595 Oportet

2227 2614 2392 2685 igitur
2420 2628 2541 2669 sese
2570 2622 2948 2687 attemperare.
2976 2615 3108 2672 Nam
3130 2632 3251 2672 eum
3273 2617 3553 2673 didicerint
3582 2617 3778 2687 philoso-

2226 2704 2401 2773 phari,
2433 2712 2561 2759 tunc
2586 2705 2758 2760 scient
2786 2707 2946 2762 etiam
2990 2707 3151 2778 hujus
3192 2708 3319 2763 ferri
3362 2708 3776 2780 pulchritudinem

2226 2805 2280 2852 et
2303 2798 2643 2868 splendorem
2673 2800 2764 2870 qui
2794 2816 2861 2855 ex
2880 2802 3110 2857 vinculis
3139 2802 3334 2857 oritur.
3362 2802 3497 2857 Cum
3520 2802 3636 2857 aliis
3658 2816 3779 2857 nam-

2225 2905 2330 2958 que
2359 2890 2654 2959 disserens,
2700 2892 2838 2947 hanc
2869 2907 2982 2947 rem
3026 2894 3252 2963 gratiam
3282 2903 3444 2950 vocat
3469 2893 3664 2959 dicens,
3691 2891 3778 2945 Da-

2227 2993 2333 3035 tum
2363 2992 2437 3036 est
2477 2983 2619 3038 uoltis
2657 3000 2689 3037 a
2722 2982 2827 3038 Deo
2856 3001 2958 3038 non
2980 2985 3132 3039 modo
3159 2995 3211 3039 ut
3236 2986 3291 3040 in
3331 2987 3501 3057 ipsum
3528 2987 3775 3047 credamus,

2226 3077 2314 3128 sed
2343 3077 2494 3130 etiam
2522 3085 2576 3128 ut
2602 3091 2695 3147 pro
2718 3076 2808 3130 illo
2830 3077 3086 3147 patiamur
3114 3076 3387 3150 (Philipp.
3419 3079 3471 3134 1.
3500 3078 3568 3133 29
3592 3079 3610 3150 )
3637 3095 3649 3131 :
3679 3086 3778 3131 tunc

2227 3176 2408 3221 autem
2436 3166 2539 3223 hoc
2572 3183 2735 3221 unum
2775 3168 3069 3237 optandum
3101 3177 3236 3231 erat,
3269 3180 3332 3225 ut
3356 3187 3567 3226 crucem
3594 3170 3780 3225 audien-

2229 3268 2309 3312 tes
2350 3273 2455 3313 non
2495 3258 2699 3329 pudore
2742 3257 3107 3317 afficerentur.
3165 3261 3459 3331 Propterea
3501 3265 3626 3318 ultra
3674 3276 3777 3332 pro-

2225 3350 2486 3421 greditur.
2527 3350 2644 3407 Non
2692 3353 2835 3407 enim
2863 3354 2909 3408 si
2952 3354 3072 3423 quis
3130 3354 3182 3408 in
3224 3358 3427 3426 regiam
3477 3356 3686 3425 aliquem
3721 3355 3779 3405 itt-

2229 3442 2494 3507 troducat,
2549 3453 2834 3516 antequam
2864 3447 3133 3502 vestibula
3182 3463 3304 3518 quae
3335 3449 3465 3504 foris
3511 3456 3627 3503 sunt
3647 3460 3777 3513 astte-

2229 3540 2394 3605 xerit,
2432 3540 2579 3610 cogit
2604 3540 2753 3594 illum
2780 3550 2839 3595 ut
2862 3556 2924 3597 ea
2956 3557 3078 3611 qua:
3107 3542 3250 3597 intus
3277 3553 3406 3597 sunt
3427 3544 3659 3597 observet
3685 3537 3776 3594 :sic

2226 3630 2370 3685 enim
2393 3646 2492 3686 nec
2523 3631 2782 3686 mirabilia
2814 3631 2903 3687 illa
2928 3642 3272 3703 apparerent,
3302 3635 3408 3689 nisi
3429 3635 3544 3706 quis
3563 3635 3680 3686 intra
3704 3642 3777 3698 p0-

2228 3725 2384 3790 situs,
2414 3724 2592 3778 omnia
2617 3723 2885 3780 didicerit.
2918 3722 3008 3780 Sic
3035 3725 3213 3795 itaque
3240 3735 3295 3781 et
3327 3742 3427 3782 nos
3454 3718 3775 3779 cutncthnicis

2227 3818 2559 3874 disseramus
2589 3834 2715 3874 cum
2759 3819 3231 3888 attemperatione,
3263 3833 3388 3874 cum
3418 3820 3646 3875 caritate.
3676 3813 3774 3868 [hcc

2227 3913 2427 3980 quippe
2478 3925 2668 3980 magna
2695 3920 2780 3965 est
2803 3911 3078 3981 magistra,
3109 3926 3229 3981 qua:
3256 3911 3430 3979 possit
3464 3920 3515 3965 et
3538 3911 3602 3964 ab
3625 3915 3774 3962 errore

2228 4005 2517 4072 abducere,
2566 4015 2621 4060 et
2675 4019 2855 4059 mores
2908 4017 3253 4072 componere,
3314 4014 3476 4074 atque
3520 4001 3582 4056 ad
3632 3996 3773 4069 philu-

2228 4098 2471 4166 Sophiam
2502 4098 2641 4152 viam
2672 4106 2935 4162 sternere,
2966 4112 3141 4167 exque
3168 4096 3440 4166 lapidibus
3469 4094 3691 4151 homines
3710 4088 3770 4141 fa-

2228 4206 2372 4245 cere.
2406 4189 2474 4244 Et
2500 4190 2545 4244 si
2574 4190 2653 4245 vis
2685 4190 2803 4260 ejus
2829 4190 3080 4244 virtutem
3105 4189 3372 4252 ediscere,
3391 4188 3567 4244 adduc
3586 4183 3694 4240 mihi
3719 4178 3774 4233 vi-

2230 4299 2347 4337 rum
2368 4281 2611 4337 timidum
2638 4290 2694 4337 et
2713 4281 2803 4352 qui
2830 4282 2914 4337 vel
2942 4282 3224 4351 strepitum
3249 4280 3504 4335 formidet
3528 4289 3575 4333 et
3597 4273 3770 4331 umbras

2231 4376 2454 4441 timeat;
2484 4376 2661 4445 sitque
2691 4372 3003 4440 iracundus,
3033 4388 3213 4442 asper,
3244 4384 3297 4428 et
3326 4372 3434 4428 fera
3465 4371 3623 4441 magis
3645 4376 3769 4435 quam

2230 4466 2410 4532 homo,
2447 4467 2597 4522 salax
2639 4475 2695 4522 et
2736 4464 3075 4526 libidinosus,
3108 4465 3255 4520 nullo
3276 4481 3387 4520 non
3417 4464 3541 4519 vitio
3566 4459 3767 4516 all‘ectus;

2229 4571 2278 4614 et
2314 4556 2462 4613 trade
2509 4557 2659 4613 illum
2698 4556 2750 4612 in
2780 4571 2972 4611 manus
3000 4556 3262 4623 caritatis,
3295 4567 3355 4612 et
3378 4556 3431 4611 in
3460 4555 3558 4609 hoc
3586 4560 3764 4623 gymna-

2229 4651 2366 4705 sium
2394 4648 2584 4715 induc;
2614 4658 2670 4704 et
2699 4649 2804 4704 cito
2831 4648 3036 4703 videbis
3065 4647 3311 4702 timidum
3337 4647 3484 4703 illum
3508 4660 3568 4701 ac
3591 4636 3762 4699 meticu-

2230 4744 2429 4807 losum,
2483 4742 2676 4797 fortem
2726 4739 2984 4796 effectum
3015 4748 3069 4796 et
3095 4740 3277 4812 magni
3302 4740 3487 4805 animi,
3530 4735 3754 4798 omniaque

2231 4834 2385 4890 facile
2439 4834 2749 4888 audentem.
2798 4830 2952 4899 Quod
3015 4839 3193 4887 autem
3241 4832 3484 4887 mirabile
3523 4838 3632 4893 est,
3677 4822 3756 4874 hinc

2229 4944 2336 4982 non
2369 4937 2574 4982 mutata
2601 4926 2717 4996 ejus
2747 4936 2937 4980 natura
2965 4926 3120 4992 fiunt,
3148 4925 3240 4980 sed
3270 4924 3324 4979 in
3357 4927 3467 4994 ipsa
3495 4918 3658 4976 timida
3676 4910 3761 4965 ani.

2229 5037 2314 5077 tua
2348 5035 2497 5076 suam
2526 5021 2724 5075 caritas
2750 5019 2985 5074 ostendit
3010 5019 3301 5084 virtutem;
3333 5029 3389 5075 et
3417 5015 3619 5088 perinde
3643 5011 3762 5064 litat-

2228 5130 2333 5184 qne
2357 5114 2400 5169 si
2432 5114 2550 5184 quis
2568 5128 2751 5167 ensem
2773 5110 3101 5183 plumbeum,
3133 5128 3237 5166 non
3267 5112 3494 5167 ferreum
3524 5107 3758 5162 effectum.

2228 5206 2320 5261 sed
2342 5216 2647 5262 manentem
2672 5206 2725 5260 in
2753 5204 2955 5274 plumbi
2981 5214 3192 5271 natura,
3211 5204 3398 5258 efficiat
3418 5214 3473 5259 ut
3489 5200 3654 5256 eadem
3670 5208 3759 5262 qitu'.

2230 5300 2427 5353 ferrum
2462 5309 2735 5369 operetur.
2767 5298 3018 5352 Animum
3041 5307 3220 5353 autem
3244 5298 3440 5353 adhibe
3471 5289 3650 5347 :Jacob
3670 5284 3758 5338 sine

2229 5393 2350 5446 fuco
2376 5399 2512 5455 erat,
2546 5390 2692 5445 domi
2722 5390 2970 5443 habitans
3000 5398 3056 5445 et
3079 5390 3321 5444 laborum
3353 5386 3757 5459 perit-.nlormnqnc

2225 5500 2441 5554 expers,
2473 5483 2636 5537 vitam
2669 5481 2958 5552 quamdam
2986 5496 3153 5552 agens
3182 5482 3452 5536 remissam
3478 5484 3529 5532 et
3553 5474 3751 5527 libi-rant.

2225 5585 2278 5629 et
2307 5576 2444 5629 sicut
2467 5575 2615 5643 virgo
2643 5574 2693 5626 in
2740 5571 2996 5637 thalamo,
3032 5572 3113 5627 sic
3139 5573 3282 5627 intus
3306 5571 3510 5633 sedens,
3540 5571 3593 5619 ut
3615 5556 3750 5631 pluri-

2224 5684 2370 5722 mum
2395 5666 2614 5721 domum
2646 5681 2865 5721 servare
2891 5665 3205 5736 cogebatur,
3235 5680 3263 5720 a
3289 5664 3385 5719 fori
3419 5658 3619 5716 tumultu
3643 5646 3752 5705 etalt

2224 5758 2475 5813 omnibus
2497 5758 2802 5826 Itujusmodi
2821 5759 2971 5818 liber.
2994 5774 3207 5830 semper
3225 5769 3396 5814 autem
3420 5756 3466 5809 in
3489 5751 3643 5820 quiete
3656 5740 3748 5796 etin

2225 5851 2613 5923 tranquillitate
2647 5866 2889 5906 manens.
2936 5848 3075 5920 Quid
3108 5850 3309 5923 igitur?
3350 5848 3606 5914 Postquam
3625 5834 3743 5891 illum
