3962 6434
212 470 297 527 985

214 572 281 639 tax
305 579 496 636 amoris
530 576 800 639 accendit,
846 570 969 628 vide
997 566 1266 640 quomodo
1294 563 1593 633 simplicem
1622 559 1770 613 illum

214 688 260 734 et
277 675 481 732 domum
511 671 859 733 incolcntem,
879 664 1071 720 fortem
1090 670 1142 716 et
1168 659 1494 714 laboriosum
1523 651 1773 708 reddide-

215 770 304 824 rit:
331 773 387 822 et
424 765 527 819 hoe
561 776 669 819 non
707 775 736 815 a
764 772 873 823 me,
913 755 1008 812 sed
1047 753 1115 809 ab
1156 756 1273 822 ipso
1300 745 1598 818 patriarcha
1629 743 1776 798 audi.

214 859 447 914 Socerum
474 854 618 907 enim
652 851 921 912 incusans,
954 845 1029 899 ait
1054 862 1067 898 :
1105 841 1215 897 Hos
1236 838 1410 910 viginti
1433 851 1592 890 annos
1621 843 1780 888 tecum

214 964 288 1019 ego
307 963 418 1002 sum
447 943 601 1015 (Gen.
627 942 715 997 51.
740 939 829 997 '53.
860 936 989 1007 AO).
1022 936 1088 990 Et
1109 931 1378 1005 quomodo
1408 928 1548 983 fuisti
1579 927 1679 982 bos
1702 924 1782 978 vi-

216 1038 322 1110 ginti
367 1035 582 1092 annos?
624 1049 749 1089 nam
783 1041 837 1088 et
881 1030 982 1085 hoc
1019 1041 1233 1098 quoque
1269 1023 1508 1094 adjecit:
1553 1019 1781 1110 Adustus

223 1109 326 1185 astu
354 1127 458 1182 diei
481 1135 529 1180 et
557 1126 748 1195 [rigore
786 1123 966 1188 noctis,
996 1128 1043 1174 et
1067 1116 1303 1173 abscessit
1332 1128 1538 1185 somnus
1566 1109 1628 1166 ab
1655 1125 1782 1164 ocu-

218 1225 267 1277 iis
287 1223 427 1275 meis.
448 1217 577 1273 llmc
598 1217 689 1272 ille
712 1215 828 1270 sine
854 1212 993 1275 fuco,
1025 1210 1115 1282 qui
1142 1208 1288 1264 domi
1320 1203 1593 1261 habitabat
1612 1216 1675 1255 ae
1702 1215 1785 1255 re-

217 1314 412 1368 missam
463 1308 697 1365 ducebat
745 1307 934 1361 vitam.
972 1301 1126 1370 Quod
1155 1309 1332 1355 autem
1375 1293 1589 1350 timidus
1617 1302 1781 1357 esset,

217 1406 364 1477 palam
393 1414 478 1461 est
506 1418 574 1458 ex
600 1415 667 1457 eo
695 1398 867 1470 quod,
894 1412 1014 1452 cum
1043 1409 1102 1449 se
1132 1394 1273 1448 Esau
1299 1392 1534 1444 visurum
1560 1398 1785 1453 exspec-

217 1474 357 1563 taret,
413 1505 562 1551 metu
605 1499 927 1549 moreretur.
973 1487 1076 1544 Sed
1121 1484 1242 1540 vide
1280 1496 1490 1538 rursum
1519 1474 1787 1548 quomodo

213 1592 290 1646 ille
315 1588 535 1646 timidus
562 1587 717 1642 leone
738 1582 993 1639 audacior
1014 1595 1080 1635 ex
1105 1592 1290 1633 amore
1319 1575 1488 1630 factus
1514 1571 1602 1628 sit.
1653 1568 1785 1623 Nam

212 1681 341 1737 velut
367 1678 585 1751 quidam
640 1685 1002 1746 propugnator
1027 1681 1151 1725 ante
1180 1669 1316 1723 alios
1342 1679 1531 1720 omnes
1561 1662 1785 1732 positus,

213 1780 419 1846 paratus
465 1780 583 1826 erat
629 1768 861 1823 ferocem
901 1765 1046 1820 illum
1078 1770 1134 1817 et
1157 1759 1357 1815 caedem
1385 1756 1700 1826 spirantem,
1731 1758 1790 1807 ut

209 1863 564 1928 existimabat,
607 1862 811 1932 primus
834 1858 1106 1926 excipere,
1137 1862 1190 1907 et
1216 1852 1269 1905 in
1295 1862 1522 1918 corpore
1541 1860 1639 1900 suo
1666 1859 1789 1899 mu-

206 1959 419 2014 lieribus
446 1955 791 2010 securitatem
819 1964 1102 2020 apparare,
1131 1957 1185 2002 et
1209 1961 1331 2002 eum
1357 1956 1515 2014 quem
1541 1940 1791 1996 timuerat

207 2061 258 2105 et
285 2047 690 2111 formidarerat,
719 2045 924 2115 primus
963 2041 1222 2095 instructa
1254 2035 1370 2091 acie
1396 2032 1581 2091 videre
1604 2029 1790 2102 cupie-

207 2143 313 2198 bat.
365 2140 483 2196 Hoc
519 2139 717 2209 quippe
764 2136 958 2192 timore
984 2132 1173 2187 fortior
1201 2137 1320 2186 erat
1349 2141 1576 2182 uxorum
1615 2137 1788 2179 amor.

202 2235 389 2293 Viden’
438 2233 726 2305 quomodo,
748 2230 965 2286 timidus
1008 2243 1129 2284 cum
1175 2233 1344 2290 esset,
1388 2220 1559 2277 audax
1613 2218 1791 2274 subito

197 2331 371 2385 factus
407 2328 498 2393 sit,
530 2341 635 2381 non
664 2332 866 2380 mutato
898 2321 1103 2386 habitu,
1133 2318 1227 2374 sed
1253 2317 1319 2372 ab
1344 2328 1530 2370 amore
1551 2310 1779 2367 robora-

198 2422 319 2478 tus?
344 2420 483 2476 Nam
505 2415 648 2488 quod
676 2417 837 2473 etiam
867 2422 1050 2485 postea
1079 2410 1295 2467 timidus
1321 2415 1485 2471 esset,
1514 2405 1688 2476 palam
1708 2412 1794 2459 est

195 2530 259 2568 cx
292 2528 386 2577 eo,
420 2507 562 2580 quod
592 2508 768 2563 locum
800 2521 868 2562 ex
897 2505 1018 2559 loco
1043 2510 1291 2558 mutaret.
1321 2498 1425 2555 Sed
1457 2511 1615 2553 nemo
1644 2503 1796 2565 putet

190 2621 281 2670 ea,
337 2618 465 2675 quas
504 2600 646 2655 dicta
693 2606 837 2664 sunt,
875 2596 1004 2667 justi
1049 2608 1171 2651 esse
1213 2590 1627 2647 accusationem.
1675 2585 1791 2641 Non

189 2696 343 2750 enim
392 2691 638 2747 timidum
665 2704 787 2745 esse
825 2687 980 2756 culpa
1009 2694 1093 2740 est
1124 2702 1137 2738 :
1167 2698 1289 2737 nam
1316 2680 1420 2735 hoc
1448 2688 1530 2735 est
1553 2686 1792 2742 natura};

187 2787 288 2843 sed
311 2803 386 2842 ex
416 2786 612 2841 timore
633 2781 833 2852 aliquid
862 2790 1056 2836 contra
1084 2776 1323 2832 ofticium
1351 2783 1588 2844 patrare.
1613 2771 1796 2825 Potest

186 2880 341 2934 inim
387 2877 508 2947 quis
544 2885 732 2929 natura
774 2871 1011 2931 timidus.
1062 2884 1090 2923 a
1124 2870 1319 2937 pietate
1344 2866 1581 2947 iortisget
1615 2860 1792 2947 magni

184 2962 367 3017 animi
407 2945 570 3016 effici.
606 2957 741 3026 Quid
773 2966 949 3011 autem
981 2952 1234 3024 Moyses?
1261 2965 1438 3004 annon
1485 2945 1793 3018 IEgyptium

188 3069 368 3111 unum
402 3053 600 3111 timens
626 3050 779 3121 fugit,
811 3058 865 3103 et
892 3048 943 3101 in
969 3045 1216 3102 exsilium
1245 3042 1376 3097 ivit?
1407 3041 1657 3095 Attamen
1701 3035 1797 3091 ille

186 3149 477 3220 fugitivus,
505 3146 597 3216 qui
625 3145 725 3199 viri
751 3139 907 3198 unius
929 3140 1100 3194 minas
1130 3152 1235 3191 non
1266 3137 1482 3198 tulerat,
1507 3139 1790 3202 postquam

182 3240 438 3310 gustavit
469 3237 576 3292 mel
596 3231 857 3295 caritatis.
889 3228 1115 3301 pulchre
1134 3243 1199 3283 ac
1225 3227 1438 3282 nemine
1459 3231 1706 3293 cogente,
1739 3227 1799 3273 ut

1135 451 1200 510 ΙΝ
1237 448 1455 508 EPIST.
1496 447 1517 503 1
1581 446 1671 502 AD
1707 444 1862 501 (ΞΟΠ.
1903 439 2135 498 HOMIL.
2176 437 2421 495 XXXIV.

3361 432 3470 485 εδδ

1883 571 1987 609 una
2009 570 2129 608 cum
2160 552 2371 606 dilectis
2396 548 2600 620 periret
2648 545 2949 603 festinabat.
2992 544 3053 601 Si
3080 546 3246 608 enim,
3280 545 3466 614 inquit.

1886 646 2095 700 dimittis
2136 643 2240 697 illis
2273 650 2553 711 peccatum,
2594 638 2826 702 dimitte;
2868 638 2949 690 sin
2979 638 3167 701 ritimis,
3195 646 3240 688 et
3261 652 3338 689 me
3359 635 3475 690 dele

1889 738 1952 791 de
1981 737 2109 790 libro
2136 745 2244 798 tuo,
2269 749 2417 804 quem
2445 730 2694 801 scripsisti
2717 728 2913 796 (Exod.
2946 727 3034 782 32.
3060 727 3173 796 51).
3202 726 3355 793 Quod
3378 742 3472 780 au-

1889 841 1993 885 tem
2021 843 2175 883 amor
2213 835 2268 883 et
2305 836 2511 880 trucem
2542 830 2901 886 mansuetum,
2927 830 2981 874 et
3006 818 3351 874 libidinosam
3387 833 3474 872 ea-

1884 931 2025 976 stum
2058 917 2278 981 efficiat,
2310 931 2414 970 non
2449 914 2535 969 hic
2570 913 2705 967 ultra
2746 910 3008 979 exemplis
3035 910 3188 964 nobis
3214 923 3384 978 opus;
3418 908 3474 963 id

1884 1013 2026 1067 enim
2049 1008 2295 1065 ontnibus
2326 1009 2499 1076 palam
2530 1014 2611 1057 est
2637 1021 2650 1056 :
2681 1002 2889 1057 etiamsi
2923 1002 3032 1055 fera
3061 1001 3247 1071 quavis
3277 1000 3471 1054 immao

1889 1103 2010 1156 nior
2049 1101 2168 1171 quis
2209 1098 2387 1161 fuerit,
2430 1112 2530 1150 ove
2569 1094 2895 1149 mansuetior
2919 1109 2986 1147 cx
3016 1107 3198 1147 amore
3221 1090 3473 1146 efficitur.

1885 1192 2018 1247 Nam
2067 1189 2193 1260 quid
2241 1187 2402 1244 Saﬁle
2452 1186 2738 1240 immanius
2788 1193 2842 1237 et
2889 1182 3140 1237 furiosius
3168 1181 3327 1237 erat?
3367 1180 3477 1235 Sed

1887 1281 2101 1355 quando
2125 1282 2233 1336 ﬁlia
2265 1281 2382 1350 ejus
2406 1279 2678 1333 inimicum
2706 1276 2887 1341 solvit,
2920 1290 2986 1329 ne
3010 1274 3231 1330 verbum
3260 1273 3477 1342 quidem

1892 1389 2134 1430 amarum
2164 1380 2352 1428 contra
2371 1371 2514 1424 illam
2542 1368 2755 1423 emisit:
2778 1375 2833 1420 et
2851 1365 2937 1435 qui
2962 1364 3272 1420 sacerdotes
3292 1378 3486 1416 omnes

1891 1468 2103 1539 penitus
2146 1466 2487 1520 interiecerat
2529 1470 2750 1533 prepter
2792 1459 3068 1522 Davidem,
3110 1458 3270 1512 ﬁliam
3295 1456 3489 1513 videns

1893 1574 2013 1630 quae
2039 1573 2103 1613 ex
2127 1556 2289 1612 domo
2319 1555 2469 1609 illum
2494 1555 2770 1618 emiserat,
2801 1567 2867 1605 ne
2898 1550 3064 1604 verbo
3084 1549 3298 1619 quidem
3329 1558 3485 1604 tenus

1891 1651 2151 1706 adversus
2197 1650 2343 1703 illam
2373 1646 2680 1716 indignatus
2705 1653 2808 1708 est,
2842 1642 3053 1698 etiamsi
3098 1641 3242 1697 fraus
3270 1644 3355 1697 illa
3387 1644 3487 1696 ad-

1890 1757 2101 1798 versum
2124 1757 2183 1795 se
2209 1740 2465 1793 adornata
2490 1737 2677 1792 fuisset
2702 1754 2715 1788 :
2747 1735 3049 1806 potentiore
3077 1749 3306 1804 namque
3328 1749 3481 1787 amo-

1891 1836 1969 1891 ris
2006 1834 2160 1889 freno
2199 1830 2560 1887 detinebatur.
2615 1830 2682 1885 Ut
2721 1840 2900 1883 autem
2943 1837 3273 1893 mansuetos,
3318 1827 3388 1880 ita
3421 1835 3481 1881 et

1893 1930 2253 1994 temperantes
2269 1922 2408 1977 solet
2421 1921 2617 1976 caritas
2632 1920 2809 1976 facere
2837 1935 2853 1973 :
2884 1919 2929 1974 si
2952 1919 3072 1990 quis
3093 1919 3236 1972 enim
3260 1933 3486 1972 uxorem

1896 2035 2049 2074 suam
2080 2026 2245 2083 amat,
2279 2026 2336 2069 ut
2357 2030 2539 2069 amare
2567 2021 2802 2084 oportet,
2827 2009 3170 2078 quantumvis
3199 2019 3388 2065 natura
3416 2010 3487 2064 sit

1894 2113 2232 2171 libidinosus.
2263 2124 2553 2178 numquam
2585 2108 2744 2162 aliam
2772 2105 2993 2171 videbit,
3022 2118 3135 2159 suae
3155 2118 3340 2157 amore.
3390 2101 3489 2157 du-

1894 2217 2046 2261 ctus:
2081 2219 2202 2260 nam
2233 2203 2328 2270 ait,
2353 2200 2528 2256 Fortis
2554 2210 2625 2254 est
2652 2209 2707 2253 ut
2734 2215 2870 2255 mors
2898 2198 3098 2252 dilectio
3127 2196 3296 2268 (Cant.
3324 2195 3378 2250 8.
3409 2195 3489 2262 6).

1895 2298 2079 2369 Itaque
2148 2311 2255 2351 non
2315 2294 2532 2350 aliunde
2599 2293 2719 2364 quis
2791 2291 3110 2347 libidinosus
3156 2297 3278 2357 est,
3329 2304 3491 2358 quam

1895 2391 2035 2462 quod
2110 2406 2216 2444 non
2269 2397 2434 2443 amet.
2496 2386 2759 2454 Quoniam
2817 2385 2980 2455 igitur
3039 2382 3217 2439 omnis
3277 2381 3493 2436 virtutis

1896 2481 2076 2551 opifex
2106 2492 2184 2534 est
2229 2480 2445 2543 caritas,
2476 2493 2599 2533 cum
2651 2476 2995 2532 accuratione
3041 2473 3189 2531 omni
3240 2472 3385 2527 illam
3440 2473 3493 2527 in

1906 2573 2104 2628 animis
2145 2558 2346 2626 nostris
2394 2571 2717 2634 inseramus,
2761 2577 2817 2621 ut
2857 2566 3013 2622 nobis
3048 2566 3211 2619 multa
3254 2563 3498 2618 conferat

1898 2665 2062 2731 bona,
2096 2675 2152 2720 et
2178 2664 2398 2719 uberem
2428 2662 2544 2731 ejus
2576 2661 2806 2715 fructum
2835 2667 3092 2728 perpetuo
3119 2656 3494 2723 deccrpamus,

1900 2772 2119 2826 semper
2150 2757 2438 2817 virentem,
2467 2753 2556 2822 qui
2586 2767 2878 2821 numquam
2907 2760 3221 2805 marcescat.
3247 2747 3335 2803 Sic
3354 2747 3497 2801 enim

1899 2864 2098 2905 mterna
2150 2862 2553 2917 consequentur
2589 2846 2723 2900 bona
2756 2860 2769 2897 :
2810 2859 2929 2912 quae
2960 2843 3159 2897 utinam
3189 2856 3285 2896 nos
3313 2853 3501 2894 omnes

1899 2940 2121 3009 adipisci
2168 2939 2464 3009 comingat,
2517 2935 2685 3006 gratia
2712 2945 2767 2989 et
2804 2934 3134 3004 benignitate
3162 2931 3373 2987 Domini
3401 2945 3497 2984 no-

1908 3031 2005 3087 stri
2037 3031 2162 3087 Jcsu
2193 3029 2413 3093 Christi,
2447 3027 2537 3097 qui
2567 3042 2688 3082 cum
2720 3026 2864 3080 Patri
2893 3039 3102 3094 unaque
3129 3023 3345 3095 Spiritui
3375 3037 3501 3076 san-

1901 3135 1990 3180 cto
2034 3124 2225 3195 gloria,
2265 3123 2578 3192 imperium,
2622 3120 2820 3186 honor,
2848 3135 2993 3173 ltllllC
3016 3127 3070 3173 et
3098 3132 3335 3187 semper,
3364 3125 3420 3172 et
3444 3115 3497 3170 in

1903 3217 2101 3273 sarcula
2133 3215 2477 3271 saeculorum.
2510 3215 2704 3268 Amen.

1010 3350 3463 3377 M‘m

1562 3430 1899 3495 HOMlLlA
1944 3426 2241 3490 XXXIV.

188 3590 333 3647 Car.
362 3592 446 3645 l5.
469 3607 519 3646 v.
547 3589 600 3645 8.
626 3587 745 3644 Sive
770 3585 1049 3657 prophetia:
1069 3579 1461 3647 evacuabtmtur,
1492 3577 1594 3633 sive
1616 3576 1804 3647 lingua:

506 3680 804 3746 cessabunt,
835 3680 937 3733 sive
965 3676 1172 3731 scientia
1202 3675 1506 3728 destruetur.

274 3822 337 3875 Ι.
380 3819 515 3875 Cum
544 3817 784 3872 caritatis
821 3814 1197 3871 excellentiam
1233 3808 1594 3872 ostendisset,
1645 3821 1713 3862 ex
1742 3819 1808 3860 eo

197 3911 361 3983 quod
398 3922 455 3966 et
490 3910 817 3966 charismata
856 3917 910 3961 et
943 3921 1005 3960 ea
1042 3922 1161 3974 quze
1202 3904 1253 3956 in
1292 3901 1397 3957 vita
1430 3900 1687 3970 prmclare
1718 3910 1810 3966 ge-

200 4014 415 4059 runtur
443 4017 505 4057 ea
538 4000 844 4071 indigeant;
876 4014 941 4053 cx
963 4013 1028 4052 eo
1058 3997 1197 4067 quod
1228 3994 1344 4065 ejus
1370 4007 1558 4048 omnes
1586 3991 1810 4045 virtutes

201 4096 641 4161 enumeraverit,
671 4102 727 4149 et
746 4093 999 4163 perfecta:
1030 4091 1382 4160 philosophias
1407 4087 1810 4143 fundamentum

203 4204 340 4246 esse
382 4186 659 4258 probarit;
706 4199 772 4240 ex
817 4185 924 4238 alio
968 4198 1156 4238 rursus
1196 4182 1458 4252 tertioque
1483 4180 1656 4251 capite
1695 4179 1812 4248 ejus

205 4280 461 4337 ostendit
490 4277 829 4349 dignitatem.
863 4275 930 4329 Et
976 4274 1080 4330 hoc
1127 4274 1289 4340 facit,
1334 4282 1443 4328 tum
1483 4282 1540 4326 ut
1578 4270 1681 4347 illis
1719 4270 1812 4342 qui

209 4373 491 4429 imminuti
530 4386 654 4426 esse
687 4369 1010 4425 videbantur
1041 4368 1361 4438 persuadeat
1389 4367 1549 4422 licere
1577 4365 1705 4436 ipsis
1734 4367 1811 4421 si-

209 4479 454 4536 gnorum
481 4463 641 4518 etiam
673 4471 831 4532 caput
860 4476 957 4516 seu
990 4460 1295 4515 facultatem
1327 4459 1542 4521 habere,
1575 4457 1815 4528 nihilque

214 4561 407 4614 minus
436 4555 684 4612 obtinere
722 4570 882 4625 quam
926 4554 961 4607 ii
1006 4553 1094 4623 qui
1137 4552 1458 4607 charismata
1489 4552 1724 4619 habent,
1769 4552 1814 4606 si

215 4650 371 4704 illam
404 4649 657 4712 habeant,
687 4646 798 4701 imo
825 4645 995 4700 multo
1026 4644 1233 4712 majus;
1269 4654 1377 4698 tttm
1421 4646 1582 4701 etiam
1626 4652 1685 4700 ut
1721 4659 1815 4701 eos

218 4743 316 4812 qui
349 4740 555 4810 majora
586 4738 909 4793 charismata
941 4737 1204 4801 haberent
1235 4737 1467 4807 indeque
1492 4737 1818 4792 extolleren-

219 4846 337 4898 tur,
370 4834 495 4890 hinc
521 4834 822 4903 deprimat,
868 4843 923 4889 et
964 4833 1216 4887 ostendat
1258 4847 1351 4887 eos
1395 4832 1527 4887 nihil
1578 4831 1811 4897 habere,

228 4928 335 4980 nisi
360 4926 497 4982 hanc
523 4927 821 4982 obtineant.
855 4926 931 4981 ιω
953 4927 1096 4982 enim
1121 4941 1242 4981 sese
1267 4937 1322 4982 et
1352 4936 1539 4981 mutuo
1566 4926 1815 4982 dilecturi

228 5026 421 5085 erant,
459 5018 659 5073 invidia
688 5027 743 5073 et
792 5018 1097 5089 arrogantia
1142 5017 1221 5071 sic
1249 5017 1315 5072 de
1345 5016 1524 5074 medio
1558 5018 1815 5088 sublatis,

226 5118 285 5164 ct
332 5122 520 5163 rursus
563 5123 688 5164 sese
730 5117 917 5164 mutuo
956 5107 1237 5179 diligentes
1261 5149 1276 5175 ,
1324 5108 1441 5164 haec
1469 5109 1594 5163 vitia
1633 5110 1818 5179 procul

225 5199 590 5255 :tmandabant
617 5218 632 5255 :
656 5215 779 5255 nam
807 5199 1009 5254 Caritas
1028 5216 1129 5253 non
1148 5200 1438 5267 tumulatur,
1462 5217 1563 5255 non
1583 5203 1815 5273 inﬂatur.

226 5292 415 5363 itaque
446 5307 596 5348 muro
629 5294 747 5348 illos
776 5293 1014 5364 undique
1043 5292 1351 5347 firmissimo
1380 5293 1566 5360 cinxit,
1595 5305 1649 5349 et
1678 5295 1818 5349 mul-

229 5386 401 5456 tipliei
433 5387 742 5454 concordia,
767 5403 889 5457 quas
913 5386 1130 5442 morbos
1156 5401 1347 5442 omnes
1378 5386 1590 5442 tolleret
1615 5395 1671 5443 et
1696 5388 1822 5443 hine

227 5492 425 5535 rursus
456 5477 649 5533 fortior
677 5479 952 5535 evaderet.
986 5477 1218 5548 Ideoque
1257 5479 1676 5536 innumerabiles
1705 5482 1820 5550 agi-

230 5568 368 5624 tavit
394 5570 651 5635 rationes,
685 5586 805 5640 qua:
851 5577 1072 5640 possent
1113 5570 1353 5639 ipsorum
1404 5570 1643 5625 dolorem
1687 5585 1819 5626 con-

228 5663 421 5720 solari.
487 5661 618 5715 Nam
675 5662 814 5717 idem
872 5660 967 5716 dat
1020 5662 1294 5731 Spiritus,
1352 5662 1565 5731 inquit,
1635 5672 1689 5719 et
1751 5665 1819 5719 ad

231 5755 520 5810 utilitatem
551 5753 662 5819 dat,
684 5765 737 5809 et
766 5762 823 5809 ut
851 5754 965 5807 vult
990 5752 1201 5820 dividit,
1241 5762 1295 5808 et
1321 5759 1485 5824 gratis
1512 5758 1677 5817 dans.
1714 5772 1819 5812 non

227 5849 460 5911 debeas,
485 5845 693 5901 dividit.
724 5845 939 5900 Etiamsi
959 5859 1088 5899 vero
1118 5860 1303 5915 parum
1323 5849 1613 5916 acceperis,
1632 5847 1822 5902 simili-

231 5942 317 5988 ter
345 5950 410 5990 ex
433 5954 661 6009 corpore
686 5954 768 6004 es,
795 5947 844 5993 et
877 5937 1048 5992 multo
1071 5938 1149 5991 sic
1174 5938 1333 5992 etiam
1364 5939 1556 5996 frueris
1580 5942 1816 5998 honore:

1916 3585 1978 3624 ac
2008 3572 2098 3640 qui
2132 3568 2305 3639 majus
2335 3566 2530 3630 habet,
2563 3576 2615 3623 te
2644 3568 2733 3638 qui
2765 3566 2941 3623 minus
2973 3565 3142 3622 habes
3170 3565 3409 3637 indiget:
3452 3575 3508 3622 et

1919 3661 2209 3714 maximum
2236 3658 2525 3721 charisma,
2554 3658 3013 3727 excellentiorque
3039 3657 3121 3711 via
3143 3665 3225 3711 est
3250 3656 3466 3712 caritas.

1984 3750 2186 3805 Caritas
2231 3750 2402 3802 omnia
2440 3749 2573 3803 tollit
2620 3749 2775 3802 mala.
2801 3749 3019 3804 -—Hazc
3051 3762 3213 3818 porro
3253 3747 3463 3803 dicebat
3487 3788 3505 3813 ,

1913 3841 2113 3911 duplici
2148 3841 2362 3895 vinculo
2386 3839 2661 3911 stringens
2692 3840 2812 3895 illos
2842 3840 3070 3895 invicem
3098 3858 3112 3905 ;
3152 3849 3204 3895 et
3241 3838 3380 3910 quod
3410 3855 3509 3909 pu-

1916 3942 2092 3989 tarent
2130 3949 2191 3989 se
2222 3948 2326 3988 non
2369 3933 2546 3987 minus
2575 3933 2774 3988 habere
2805 3933 2894 3987 illa
2927 3942 3228 4002 praesente,
3268 3942 3323 3987 ct
3364 3932 3507 4002 quod

1915 4025 1981 4080 ad
2011 4026 2154 4080 illam
2182 4031 2530 4079 accurrentes
2558 4024 2809 4093 illamque
2833 4023 3138 4081 obtinentes
3160 4064 3176 4091 ,
3208 4022 3342 4077 nihil
3365 4023 3502 4077 ultra

1916 4117 2211 4172 humanum
2258 4126 2592 4186 paterentur,
2641 4127 2751 4171 tum
2791 4117 2914 4187 quia
2948 4116 3184 4172 radicem
3214 4115 3511 4171 charisma-

1918 4215 2030 4262 tum
2064 4206 2329 4263 habercnt
2354 4247 2369 4271 ,
2411 4214 2521 4261 tum
2554 4207 2674 4274 quia
2720 4221 2825 4260 non
2866 4207 3004 4262 ultra
3051 4215 3301 4276 possent,
3346 4205 3508 4261 etiam

1917 4302 1962 4357 si
2012 4299 2144 4353 nihil
2180 4299 2469 4363 haberent,
2500 4297 2851 4353 contendere.
2888 4298 3020 4353 Nam
3052 4299 3139 4367 qui
3167 4297 3330 4351 semel
3361 4313 3388 4349 a
3416 4313 3509 4350 ea-

1918 4391 2079 4448 ri'ate
2117 4400 2306 4461 captus
2350 4399 2473 4455 est,
2518 4405 2547 4442 a
2594 4390 2940 4443 contentione
2980 4389 3118 4444 liber
3165 4395 3268 4442 est.
3309 4388 3509 4454 Quam-

1918 4482 2103 4538 obrem
2134 4478 2457 4545 ostendens,
2491 4489 2685 4551 quanta
2717 4480 2839 4535 inde
2868 4479 3006 4535 bona
3034 4478 3337 4548 decerpturi
3362 4480 3470 4533 sint
3489 4521 3506 4540 .

1919 4575 2127 4630 fructus
2166 4579 2284 4645 ejus
2325 4573 2648 4641 descripsit,
2696 4588 2794 4642 per
2832 4572 2975 4627 illius
3010 4573 3252 4627 encomia
3290 4571 3512 4626 metbos

1921 4666 2136 4720 illorum
2179 4666 2502 4736 reprimens.
2545 4663 2756 4719 Etenim
2794 4680 2912 4735 quze
2946 4662 3084 4717 dicta
3124 4672 3252 4718 sunt
3281 4664 3510 4734 singula,

1921 4756 2267 4827 pharmacum
2296 4765 2451 4812 erant
2478 4756 2619 4825 quod
2647 4757 2916 4812 sufficeret
2942 4756 3007 4810 ad
3040 4756 3251 4810 illorum
3278 4756 3511 4811 curanda

1919 4848 2167 4903 vulnera.
2197 4849 2429 4920 Ideoque
2462 4848 2692 4911 dicebat,
2725 4848 2939 4904 Patiens
2968 4858 3072 4915 est,
3114 4848 3378 4903 adversus
3418 4865 3514 4904 eos

1921 4938 2011 5008 qui
2044 4940 2185 4994 inter
2215 4955 2275 4994 sc
2301 4938 2677 5006 contendunt;
2715 4937 2947 5010 Benigno
2982 4948 3090 5004 est,
3132 4938 3391 4995 adversus
3420 4955 3515 4995 eos

1920 5028 2013 5099 qui
2039 5027 2304 5083 dissident
2324 5037 2378 5085 et
2397 5029 2608 5083 occulto
2635 5029 2879 5083 feruntur
2898 5027 3022 5082 odio
3044 5044 3056 5094 ;
3076 5027 3198 5082 Non
3216 5031 3509 5095 (animatur,

1920 5130 2109 5175 contra
2137 5134 2236 5175 eos
2267 5120 2358 5189 qui
2405 5119 2644 5174 invident
2676 5119 2794 5189 plus
2834 5118 3190 5183 habentibus;
3244 5117 3364 5173 Non
3409 5122 3514 5189 agit

1923 5226 2225 5281 perperam,
2256 5210 2515 5265 adversus
2544 5225 2638 5264 eos
2667 5210 2756 5279 qui
2786 5209 3037 5278 disjuncti
3076 5218 3235 5274 sunt;
3278 5209 3402 5263 Non
3432 5212 3513 5264 iu-

1921 5305 2099 5374 ﬂatur,
2133 5313 2318 5358 contra
2345 5318 2440 5358 eos
2465 5304 2554 5374 qui
2582 5303 2633 5356 in
2661 5303 2794 5359 alios
2825 5303 3190 5368 extolluntur;
3221 5300 3341 5356 Non
3371 5303 3515 5356 inde-
3545 5284 3555 5305 ’

1923 5411 2037 5449 core
2064 5395 2190 5467 agit,
2214 5404 2401 5450 contra
2428 5409 2521 5449 eos
2546 5394 2636 5464 qui
2665 5394 2853 5449 nolunt
2880 5409 2938 5449 se
2967 5403 3360 5463 attemperare;
3391 5393 3514 5448 Non

1921 5489 2101 5557 quierit
2129 5503 2244 5557 qua:
2270 5503 2365 5540 sua
2389 5496 2527 5552 sunt,
2556 5486 2817 5542 adversus
2843 5502 2938 5543 eos
2965 5487 3053 5557 qui
3084 5496 3311 5542 caeteros
3339 5487 3516 5556 despi-

1922 5579 2067 5633 ciunt
2091 5594 2106 5643 ;
2131 5577 2253 5632 Non
2280 5579 2533 5646 irritatur,
2559 5595 2659 5633 non
2682 5580 2869 5649 cogitat
2894 5578 3109 5645 malum,
3137 5578 3395 5633 adversus
3420 5594 3515 5632 eos

1923 5669 2013 5738 qui
2040 5670 2422 5724 contumeliam
2452 5669 2732 5735 inferunt;
2780 5668 2902 5724 Non
2932 5670 3117 5741 gaudet
3144 5684 3297 5738 super
3322 5669 3512 5738 iniqui-

1924 5772 2054 5824 tate,
2089 5763 2372 5835 congaudet
2406 5772 2577 5817 autem
2607 5764 2804 5817 ueritati
2822 5803 2839 5830 ,
2880 5777 3066 5817 rursus
3095 5761 3353 5817 adversus
3381 5762 3515 5816 invi-

1922 5852 2058 5919 dos;
2091 5852 2276 5907 Omnia
2309 5852 2506 5920 stt/fert,
2530 5853 2788 5908 adversus
2808 5868 2903 5908 eos
2923 5852 3010 5922 qui
3034 5850 3256 5906 insidias
3281 5861 3502 5923 parant;

1927 5945 2114 6000 Omnia
2158 5956 2365 6016 sperat,
2398 5946 2655 6003 adversus
2696 5961 2791 6001 eos
2835 5946 2925 6017 qui
2964 5944 3290 6015 desperant;
3325 5946 3511 6001 Omnia
