3962 6490
516 438 623 494 ΩῐζἹ

517 556 753 618 sustinet,
781 568 1057 622 numquam
1079 548 1289 613 excidit,
1317 555 1504 601 contra
1530 560 1626 600 eos
1651 546 1741 616 qui
1775 544 1929 599 facile
1957 545 2117 599 dissi-

519 647 669 702 dent.
719 645 860 713 Quia
904 640 1059 712 igitur
1110 640 1255 693 illam
1304 636 1540 707 undique
1583 651 1830 706 magnam
1871 635 2116 691 exhibuit

520 752 643 793 cum
674 734 968 807 hyperbole
994 730 1164 797 omni,
1198 744 1386 784 rursus
1411 744 1476 785 ex
1506 729 1614 782 alio
1640 728 1816 798 capite
1842 728 1946 782 hoc
1966 728 2111 794 facit,

522 847 616 902 per
640 827 1099 898 comparationem
1128 824 1290 878 aliam
1317 822 1436 893 ejus
1460 823 1779 893 dignitatem
1807 822 2109 885 extollens,

516 932 570 977 et
591 921 670 976 sic
690 920 912 974 dicens:
942 917 1062 972 Sire
1089 914 1369 986 prapltetia:
1391 913 1787 979 eoacuabuntur,
1809 914 1913 967 sive
1927 913 2115 983 linguae

517 1014 802 1066 cessabunt.
833 1009 891 1065 Si
912 1010 1056 1063 enim
1087 1008 1200 1062 haec
1224 1016 1448 1077 utraque
1470 1014 1687 1077 propter
1712 1006 1871 1061 fidem
1900 1005 2113 1060 inducta

518 1112 662 1167 sunt,
695 1102 795 1158 hac
826 1103 1021 1171 ubique
1052 1111 1317 1155 terrarum
1345 1099 1587 1170 dispersa
1608 1140 1624 1165 ,
1664 1098 1774 1168 jam
1803 1097 2111 1168 superﬂuus

519 1198 731 1252 illorum
758 1211 887 1250 usus
919 1194 1098 1249 fuerit.
1145 1192 1252 1248 Sed
1280 1203 1462 1247 mutua
1496 1192 1586 1246 illa
1617 1190 1835 1247 dileCIio
1862 1206 1970 1246 non
1996 1205 2116 1246 ceso

519 1289 676 1350 subit,
704 1289 813 1342 imo
840 1287 1009 1357 magis
1034 1293 1265 1350 crescet,
1290 1292 1344 1338 et
1371 1284 1456 1338 hic
1485 1292 1537 1338 et
1567 1284 1617 1337 in
1652 1283 1850 1347 futuro,
1885 1292 2115 1352 tuncque

519 1383 689 1453 magis
716 1397 877 1452 quam
906 1395 1068 1435 nunc.
1103 1379 1201 1434 llic
1225 1380 1369 1432 enim
1399 1378 1565 1432 multa
1594 1388 1721 1431 sunt
1759 1392 1881 1446 qua:
1920 1380 2116 1431 carita-

520 1483 628 1529 tem
659 1472 943 1530 emolliant
973 1482 1026 1526 et
1054 1471 1326 1533 minuant,
1361 1470 1632 1539 pecunite.
1665 1469 1872 1539 negotia
1896 1511 1911 1534 ,
1943 1468 2113 1523 morbi

518 1580 825 1639 corporum,
847 1563 1191 1634 aegritudines
1207 1563 1435 1625 aninuc;
1469 1562 1579 1615 illic
1604 1576 1732 1615 vero
1761 1560 1893 1615 nihil
1923 1560 2115 1614 horum

519 1655 713 1713 aderit.
756 1656 862 1713 Sed
902 1656 1045 1727 quod
1089 1654 1382 1725 prephetizn
1413 1662 1469 1709 et
1507 1654 1702 1723 lingua:
1729 1660 1986 1718 cessent,
2016 1650 2116 1705 mi-

520 1768 637 1807 rum
670 1768 774 1806 non
815 1758 935 1814 est;
968 1749 1108 1820 quod
1151 1758 1327 1804 autem
1368 1747 1594 1803 scientia
1624 1746 1967 1808 destruatur,
2013 1744 2115 1800 hoc

520 1854 667 1900 certe
694 1843 1047 1913 quaestionem
1071 1852 1289 1897 movet:
1325 1856 1446 1895 nam
1476 1849 1530 1895 et
1561 1839 1662 1893 hoc
1687 1836 1880 1907 adjecit
1906 1836 2111 1903 dicens,

530 1935 652 1990 Sive
671 1935 883 1989 scicntia
912 1935 1216 1988 destruetur.
1240 1930 1378 2000 Quid
1401 1930 1570 2001 ergo?
1592 1930 1644 1984 in
1672 1928 1966 2001 ignorantia
1991 1937 2115 1984 tunc

523 2027 715 2081 victuri
747 2026 974 2080 sumus?
1002 2024 1197 2080 Absit:
1253 2040 1375 2078 nam
1424 2032 1548 2077 tunc
1598 2022 1829 2077 maxime
1875 2020 2113 2093 augenda

520 2118 747 2173 scicntia
777 2127 895 2181 est;
927 2117 1157 2187 ideoque
1184 2115 1431 2170 dicebat:
1472 2113 1619 2168 Tunc
1648 2129 1949 2185 cognoscam
1987 2113 2116 2167 sicut

520 2220 567 2264 et
597 2212 829 2280 cognitus
855 2225 971 2263 sum
998 2209 1075 2278 (l.
1106 2208 1224 2264 Cor.
1257 2208 1344 2262 15.
1377 2207 1487 2277 12).
1527 2206 1818 2276 Propterea
1842 2248 1857 2272 ,
1898 2221 1964 2261 ne
1994 2220 2117 2275 per-

522 2303 648 2359 inde
686 2314 846 2373 atque
891 2301 1226 2373 prophetiam
1265 2311 1319 2356 et
1361 2301 1569 2371 linguas
1610 2300 1745 2355 hanc
1786 2310 2114 2355 cessaturam

521 2410 643 2450 esse
674 2404 909 2465 putares,
940 2409 1063 2449 cum
1091 2392 1336 2457 dixisset,
1372 2393 1496 2450 Sire
1540 2394 1750 2447 scicntia
1792 2392 2113 2457 destruetur.

522 2505 630 2545 non
675 2490 860 2553 tacuit,
891 2485 985 2544 sed
1017 2488 1234 2542 inodum
1268 2486 1657 2542 destructiunis
1688 2486 1981 2555 subjunxit,
2008 2487 2117 2541 cito

521 2582 729 2638 addens
769 2582 897 2637 illttd
928 2600 941 2636 :
988 2581 1041 2637 9.
1086 2580 1167 2636 lia:
1195 2591 1342 2651 parte
1370 2582 1758 2652 cognoscimus,
1797 2590 1842 2634 et
1870 2598 1935 2635 ea:
1972 2589 2118 2652 parte

523 2676 904 2747 prOphctamus.
952 2676 1040 2731 10.
1082 2675 1208 2728 Cum
1236 2687 1405 2729 autem
1448 2676 1634 2729 venerit
1663 2673 1800 2744 quod
1839 2675 2116 2745 perfectum

522 2777 629 2832 est,
671 2777 791 2821 tunc
835 2767 1162 2822 cracuabitur
1209 2766 1346 2833 quod
1398 2782 1461 2820 ea:
1507 2776 1651 2837 parte
1689 2777 1781 2820 cst.
1829 2766 1947 2821 Non
1986 2780 2117 2837 ergo

522 2860 749 2914 scientia
790 2859 1111 2924 deStruizur,
1150 2860 1242 2913 sed
1283 2859 1367 2911 illa
1411 2873 1475 2913 ex
1515 2870 1669 2929 parte
1710 2869 1912 2913 tantum
1943 2859 2117 2913 scien-

523 2952 630 3006 tia:
663 2967 767 3006 uon
795 2952 936 3006 enim
964 2949 1137 3005 solum
1168 2960 1246 3004 tot
1278 2961 1529 3020 tantaqttc
1556 2951 1806 3011 sciemus.
1836 2950 1929 3005 sed
1954 2951 2114 3005 etiam

523 3042 693 3095 multo
725 3041 900 3110 plura.
935 3040 1005 3095 Ut
1033 3050 1212 3095 autem
1246 3040 1378 3093 illud
1404 3041 1652 3109 exemplo
1684 3044 1855 3110 palam
1887 3039 2074 3095 farciunt
2101 3057 2114 3094 :

527 3150 670 3189 nunc
698 3133 901 3187 scimus
942 3132 1109 3187 Deum
1153 3132 1351 3201 ubique
1377 3147 1498 3186 esse
1519 3173 1534 3199 ,
1564 3132 1656 3187 sed
1690 3131 1994 3201 quomodo,
2026 3147 2119 3186 ne-

531 3225 732 3280 scimus
761 3241 773 3276 :
807 3223 949 3292 quod
980 3238 1047 3277 ex
1078 3223 1248 3276 nihilo
1300 3224 1478 3277 omnia
1509 3222 1694 3278 fecerit
1719 3223 1921 3278 scimus
1942 3264 1956 3288 ,
1999 3239 2118 3279 ruo-

527 3316 657 3372 dunt
684 3326 864 3370 autem
898 3315 1247 3384 ignoramus:
1294 3314 1435 3384 quod
1481 3330 1545 3369 ex
1579 3314 1794 3385 Virgine
1831 3323 1987 3369 natus
2014 3315 2115 3381 sit,

526 3408 798 3478 quomodo
818 3417 1020 3469 autem,
1051 3421 1157 3460 non
1182 3407 1331 3460 item.
1354 3405 1507 3460 Tunc
1533 3415 1710 3461 autem
1739 3405 1866 3476 quid
1890 3406 2118 3476 amplius

532 3515 589 3560 et
635 3503 832 3559 clarius
885 3501 954 3557 de
1008 3501 1093 3555 his
1143 3515 1559 3570 cognoscemus.
1629 3499 1832 3554 Deinde
1885 3500 2121 3556 ostendit

525 3606 784 3667 quantum
822 3592 1063 3658 intersit,
1099 3602 1153 3648 et
1181 3592 1323 3662 quod
1358 3592 1443 3646 hic
1483 3590 1665 3647 deficit
1708 3608 1813 3646 non
1842 3606 1963 3647 esse
1994 3608 2118 3661 par-

526 3705 683 3752 vum,
723 3687 946 3743 dicens:
995 3686 1082 3740 11.
1131 3682 1259 3738 Cum
1298 3700 1455 3738 essent
1498 3685 1756 3754 parvulus,
1781 3683 2021 3752 loquebar
2067 3695 2120 3739 ut

528 3780 790 3850 parvulus,
814 3778 1069 3848 sapiebam
1099 3785 1153 3829 ut
1183 3775 1424 3845 parvulus
1448 3791 1467 3829 :
1491 3792 1605 3830 cum
1630 3785 1797 3829 autent
1821 3778 1987 3847 [actus
2009 3793 2119 3830 sum

528 3871 623 3937 δεῖν,
645 3868 881 3924 evacuavi
907 3882 1022 3937 qum
1040 3877 1184 3921 erant
1210 3866 1429 3936 parvuli.
1458 3864 1559 3920 Per
1585 3865 1715 3921 illud
1734 3876 1911 3921 autem
1931 3881 2120 3922 exem-

530 3966 676 4032 plum
707 3963 809 4018 hoc
837 3963 1010 4032 ipsum
1042 3975 1229 4015 rursus
1255 3959 1529 4026 declarat,
1571 3960 1756 4014 dicens
1782 3978 1793 4013 :
1840 3959 1928 4015 12.
1968 3959 2119 4015 Vide-

529 4074 640 4111 mus
668 4057 800 4109 enim
840 4070 973 4109 nunc
1003 4070 1095 4124 per
1117 4054 1402 4125 speculum.

597 4148 655 4202 ‘2.
699 4147 901 4202 Deinde
930 4148 1053 4217 quia
1080 4146 1363 4216 Speculum
1396 4144 1447 4200 id
1478 4145 1619 4216 quod
1661 4145 1871 4200 videtur
1909 4153 2121 4201 utcum-

529 4256 632 4311 que
673 4248 961 4305 monstrat,
994 4239 1290 4307 subjunxit,
1320 4237 1384 4290 In
1411 4238 1700 4309 wnigmatc,
1731 4253 1796 4292 ex
1830 4236 2124 4309 hyperbole

531 4342 838 4387 ntoustrans
868 4347 961 4402 per
987 4331 1222 4386 uuidicas
1253 4340 1431 4401 partes
1452 4346 1573 4387 esse
1602 4342 1920 4402 praesentem
1948 4332 2125 4388 scien-

530 4427 680 4480 tiam.
715 4424 856 4479 Tunc
899 4433 1069 4480 autem
1096 4424 1227 4494 facie
1255 4423 1323 4475 ad
1354 4422 1569 4492 faciem;
1617 4439 1723 4477 non
1761 4422 1901 4494 quod
1936 4424 2122 4479 faciem

532 4521 728 4574 habeat
756 4519 931 4585 Deus,
961 4516 1056 4573 sed
1089 4526 1148 4572 ut
1186 4532 1299 4572 rem
1331 4515 1532 4572 clarius
1557 4524 1613 4572 et
1638 4516 1811 4587 magis
1842 4518 2125 4587 perspicue

528 4613 693 4667 dicat.
753 4610 914 4665 Vides
964 4609 1148 4664 omnia
1220 4607 1496 4663 discentes
1548 4623 1642 4678 per
1687 4609 2125 4663 incrementum?

533 4701 689 4758 Nunc
731 4716 980 4772 εοθηοεεο
1011 4716 1072 4754 εκ
1101 4707 1247 4768 parte
1271 4739 1287 4762 ,
1332 4707 1450 4751 tunc
1475 4709 1643 4752 autem
1672 4715 1972 4769 cognoscant
1996 4703 2125 4757 sicut

528 4804 578 4848 et
605 4792 838 4863 cognitus
864 4806 1000 4845 sum.
1030 4789 1219 4845 Viden’
1257 4789 1528 4860 quomodo
1558 4788 1748 4845 fastum
1790 4808 1974 4848 eorum
2020 4795 2122 4850 du-

534 4885 745 4955 pliciter
771 4882 1077 4953 deprimat?
1104 4881 1249 4953 quod
1281 4890 1336 4935 et
1365 4896 1460 4953 per
1494 4890 1672 4951 partes
1701 4884 1773 4938 sit
1800 4885 2042 4951 scientia,
2072 4895 2128 4941 et

531 4976 675 5049 quod
710 4991 813 5031 non
844 4975 989 5029 illam
1020 4990 1084 5030 ex
1113 4989 1173 5029 se
1202 4973 1454 5029 habeant.
1501 4973 1617 5029 Non
1656 4975 1798 5030 enim
1833 4993 1934 5048 ego
1976 4978 2125 5033 illum

535 5069 681 5133 novi,
725 5067 818 5122 sed
867 5082 925 5121 se
974 5067 1087 5137 ipse
1130 5065 1258 5120 mihi
1291 5074 1476 5120 notum
1509 5065 1655 5133 fecit,
1683 5066 1875 5137 inquit.
1925 5068 2126 5136 Quem-

535 5160 823 5217 admodum
868 5176 997 5230 ergo
1038 5162 1152 5231 ipse
1201 5176 1287 5214 me
1332 5160 1486 5214 novit
1527 5160 1673 5231 prior
1714 5176 1877 5228 nunc,
1916 5173 1972 5217 et
2014 5163 2129 5234 ipse

535 5253 601 5308 ad
652 5268 739 5306 nte
780 5251 1014 5307 accurrit
1052 5269 1065 5305 :
1110 5252 1189 5306 sic
1234 5266 1333 5320 ego
1377 5260 1505 5305 tunc
1542 5250 1608 5304 ad
1655 5251 1805 5306 illum
1850 5267 2127 5309 accurram

538 5344 706 5396 multo
737 5344 926 5412 magis,
953 5356 1111 5410 quam
1146 5359 1305 5395 nunc.
1337 5340 1548 5395 Etenim
1576 5341 1666 5412 qui
1695 5343 1746 5396 in
1780 5342 2016 5400 tenebris
2044 5360 2131 5400 sc-

537 5436 627 5488 det
648 5474 663 5497 ,
692 5431 867 5487 donec
894 5431 1087 5486 viderit
1120 5432 1310 5492 solem,
1343 5447 1449 5486 non
1480 5433 1594 5502 ipse
1629 5435 1862 5489 accurrit
1903 5435 1971 5490 ad
2014 5437 2131 5507 pul-

539 5523 904 5580 chritudinem
932 5523 1089 5590 radii,
1121 5523 1213 5577 sed
1245 5524 1333 5577 illa
1362 5523 1592 5593 seipsatn
1619 5526 1888 5592 ostendit,
1916 5529 2131 5597 quando

536 5616 815 5672 illuxerit:
864 5629 985 5669 eum
1025 5624 1202 5668 autem
1247 5615 1363 5684 ejus
1415 5615 1759 5685 splendorem
1799 5620 2127 5688 susceperit.

542 5718 669 5764 tunc
706 5716 759 5763 et
801 5708 918 5776 ipse
960 5705 1178 5760 dennnn
1232 5706 1405 5761 lucem
1450 5709 1808 5777 persequitur.
1852 5708 1965 5764 lloc
2003 5726 2131 5781 ergo

542 5801 643 5856 sibi
684 5801 795 5853 vult
838 5798 989 5860 illud,
1021 5799 1166 5853 Sicut
1192 5810 1241 5854 et
1274 5801 1504 5871 cognitus
1534 5816 1692 5856 sum:
1738 5818 1846 5857 non
1891 5803 2016 5873 quia
2062 5806 2130 5859 ita

543 5889 690 5943 ilium
717 5888 979 5959 cognituri
1009 5904 1215 5957 sumus,
1245 5892 1383 5946 sicut
1413 5892 1526 5961 ipse
1554 5906 1655 5946 nos
1697 5893 2000 5963 cognoscit;
2036 5896 2131 5953 sed

1315 433 1373 488 S.
1403 430 1684 488 JOANNIS
1719 430 2195 489 CllltYSOSTOMl
2229 431 2542 488 ARCHIEP.
2582 431 3115 489 CONSTANTINOP.
3705 442 3788 500 ess

2223 547 2345 617 quia
2375 547 2515 601 sicut
2546 546 2635 601 ille
2672 547 2738 601 ad
2783 563 2881 602 nos
2918 564 3061 604 nunc
3097 554 3372 616 accurrit,
3423 554 3494 607 ita
3530 565 3583 610 ct
3612 572 3702 612 nos
3730 576 3793 616 sic

2225 648 2352 694 tunc
2376 639 2548 708 ipsum
2581 640 2925 711 insequemur
2943 681 2959 709 ,
2990 652 3045 698 et
3069 644 3235 699 multa
3261 686 3275 710 ,
3305 662 3431 717 qua:
3459 663 3601 703 nunc
3624 666 3793 707 arcana

2221 738 2365 794 sunt,
2394 731 2661 798 sciemus,
2703 743 2760 787 et
2788 734 3094 791 beatissima
3126 737 3216 792 illa
3243 737 3493 795 fruemur
3531 755 3796 799 consuetu-

2220 821 2347 877 dine
2384 833 2441 877 et
2484 823 2768 894 sapientia.
2820 826 2877 881 Si
2926 829 3071 883 enim
3113 833 3201 898 qui
3250 841 3361 885 tam
3405 834 3578 888 ruuita
3619 837 3797 893 sciebat

2224 915 2703 986 Paulusparvulus
2728 929 2876 983 erat,
2903 920 3076 991 cogita
3105 933 3301 993 quanta
3333 927 3427 980 illa
3456 927 3567 982 sint
3594 946 3610 982 :
3634 930 3676 984 si
3702 931 3798 988 bare

2221 1016 2347 1061 sunt
2369 1009 2642 1078 speculum
2669 1021 2735 1097 et
2751 1014 3001 1082 :enigma,
3023 1014 3109 1069 hic
3130 1015 3259 1069 mihi
3286 1018 3607 1074 consideres
3624 1033 3795 1091 quanta

2221 1100 2289 1152 sit
2317 1098 2501 1155 facies.
2533 1099 2606 1158 Ut
2643 1111 2822 1158 autem
2864 1105 2955 1159 tibi
2988 1120 3208 1175 parvum
3251 1108 3533 1179 quidpiam
3576 1115 3787 1182 aperiam

2221 1193 2363 1246 circa
2392 1191 2751 1251 differentiam
2780 1196 2939 1262 hanc,
2968 1209 3018 1253 et
3052 1199 3258 1254 radium
3286 1203 3600 1271 quempiam
3626 1205 3792 1259 obscu-

2223 1299 2340 1337 rum
2367 1283 2525 1355 hujus
2547 1288 2869 1356 cognitionis
2894 1290 2946 1344 in
2968 1293 3200 1345 animam
3229 1303 3377 1348 tuam
3402 1295 3702 1363 immittam,
3727 1314 3794 1353 re-

2220 1376 2444 1432 cordare
2484 1393 2671 1433 eorum
2714 1397 2836 1451 qua:
2880 1382 2931 1436 in
2970 1382 3087 1453 lege
3121 1393 3277 1449 sunt,
3319 1402 3467 1441 nunc
3498 1403 3620 1442 cum
3654 1392 3791 1459 gratia

2220 1465 2436 1521 effulsit.
2478 1467 2689 1523 Etenim
2721 1470 2807 1525 illa
2836 1482 2961 1528 ante
2986 1474 3212 1545 gratiam
3256 1491 3457 1548 magna
3484 1479 3716 1549 quzedam
3751 1490 3793 1535 ct

2220 1559 2482 1614 mirabilia
2512 1561 2828 1618 ridebantur
2863 1579 3019 1631 esse;
3063 1576 3303 1623 attamen
3345 1568 3475 1623 audi
3515 1571 3641 1640 quid
3677 1571 3793 1626 dicat

2220 1652 2286 1707 de
2316 1652 2419 1706 illis
2449 1663 2570 1721 post
2602 1657 2830 1724 gratiam
2875 1658 3071 1713 Paulus
3101 1678 3113 1714 :
3163 1660 3287 1715 Non
3338 1663 3683 1733 glori/ictuum
3716 1668 3792 1736 [uit

2218 1745 2353 1815 quod
2378 1745 2565 1799 claruit
2596 1748 2646 1801 in
2676 1751 2774 1802 hac
2797 1760 2960 1819 parte,
2992 1762 3200 1823 propter
3224 1756 3680 1823 supereminentem
3699 1760 3792 1828 glo-

2219 1836 2351 1889 riam
2376 1836 2450 1906 (2.
2479 1836 2599 1891 Cor.
2627 1839 2682 1894 ’5.
2712 1839 2828 1911 10).
2859 1841 2928 1897 Ut
2947 1854 3124 1898 autem
3151 1845 3295 1915 quod
3323 1845 3453 1901 dico
3477 1847 3669 1902 clarius
3692 1863 3792 1903 ενδ·

2219 1927 2328 1995 dat,
2348 1928 2399 1983 in
2419 1944 2577 1984 unam
2596 1932 2830 2002 aliquam
2851 1950 3119 2005 rem,qu:e
3136 1944 3264 1991 tunc
3280 1939 3514 2009 mystice
3531 1938 3789 2009 perageba-

2222 2032 2328 2089 tur,
2344 2037 2651 2079 sermonem
2682 2026 3086 2094 transferamus,
3116 2039 3169 2083 et
3196 2039 3327 2087 tunc
3347 2030 3554 2087 videbis
3569 2040 3789 2101 quantum

2220 2114 2290 2167 sit
2314 2114 2651 2170 intervallum
2681 2135 2695 2171 :
2735 2119 2859 2174 etsi
2886 2120 2967 2184 vis
2988 2161 3002 2185 ,
3047 2120 3251 2175 Pascha
3281 2122 3335 2175 in
3365 2121 3598 2177 medium
3624 2120 3787 2176 alieru-

2222 2220 2339 2260 mus
2367 2214 2422 2261 et
2459 2215 2613 2263 vetus
2645 2217 2699 2263 et
2740 2223 2934 2266 novum
2957 2253 2970 2273 ,
3001 2221 3054 2267 et
3083 2222 3208 2267 tunc
3236 2213 3383 2269 scies
3415 2214 3785 2268 excellentiam.

2222 2296 2353 2352 Illud
2393 2299 2537 2353 enim
2580 2300 2927 2357 celebrabant
2965 2305 3126 2358 etiam
3157 2302 3356 2368 Judmi,
3392 2304 3500 2362 hoc
3527 2316 3693 2360 autem
3716 2320 3787 2373 pa-

2221 2402 2308 2448 cto
2331 2391 2715 2460 celebrabant,
2747 2404 2803 2450 ut
2843 2398 2893 2449 in
2934 2400 3154 2467 speculo
3195 2408 3251 2453 et
3278 2399 3333 2453 in
3377 2400 3785 2470 zenigmate:ar-

2220 2498 2351 2537 cana
2382 2493 2562 2539 autem
2596 2485 2711 2540 lure
2739 2488 2994 2559 mysteria
3025 2503 3093 2544 ne
3122 2490 3175 2543 in
3202 2501 3444 2545 mentem
3473 2489 3678 2560 quidem
3702 2489 3786 2543 illis

2223 2590 2455 2646 unquam
2483 2585 2764 2643 venerant,
2784 2593 2961 2649 neque
2987 2579 3229 2636 sciebant
3252 2595 3505 2651 quamam
3532 2591 3699 2636 essent
3717 2594 3783 2641 ea.

2221 2681 2343 2736 qua:
2371 2667 2459 2722 illa
2489 2669 2950 2736 praenuntiabant;
2981 2671 3075 2726 sed
3107 2687 3263 2726 ovem
3296 2671 3552 2728 videbant
3578 2671 3783 2734 mactari,

2222 2769 2275 2812 et
2301 2760 2612 2829 sanguinem
2641 2760 2871 2825 bruti,et
2901 2770 3084 2830 portas
3111 2763 3203 2817 illo
3226 2773 3455 2828 unctas;
3479 2760 3615 2833 quod
3636 2772 3784 2816 autem

2222 2849 2392 2906 Filius
2420 2852 2512 2906 Dei
2542 2854 2855 2909 incarnatus
2881 2855 3195 2911 mactandos
3221 2866 3371 2911 esset
3396 2869 3452 2912 et
3477 2857 3655 2911 orbem
3678 2853 3783 2908 libe-

2224 2954 2440 2999 raturus
2484 2953 2695 3009 totum,
2748 2945 3082 3017 daturusque
3127 2957 3183 3002 et
3220 2947 3434 3003 Graecis
3471 2957 3527 3002 et
3580 2944 3782 3000 barbaris

2224 3036 2539 3106 sanguinem
2586 3035 2730 3092 hunc
2787 3037 3228 3108 degustandum,
3288 3040 3484 3095 cadum
3542 3046 3782 3108 aperturas

2223 3129 2496 3193 omnibus,
2529 3138 2584 3183 et
2627 3146 2749 3199 qua:
2793 3131 2900 3186 illic
2940 3140 3069 3187 sunt
3117 3133 3355 3188 humano
3394 3132 3573 3203 generi
3611 3130 3782 3184 oblatu—

2225 3236 2357 3287 rus;
2391 3231 2443 3277 et
2477 3236 2695 3277 carnem
2736 3222 2881 3276 illam
2908 3224 3169 3295 sanguine
3195 3233 3534 3281 cruentatam
3563 3223 3783 3278 dedoctu-

2224 3329 2318 3368 rus
2346 3328 2505 3383 supra
2551 3315 2743 3369 caelum
2789 3323 2847 3371 et
2884 3316 3076 3371 caelum
3105 3317 3248 3385 cadi,
3283 3327 3344 3374 et
3371 3331 3557 3372 omnes
3597 3313 3782 3368 omnino

2224 3420 2490 3475 supernos
2545 3406 2858 3476 angelorum
2886 3448 2900 3471 ,
2975 3407 3432 3479 archangelorum
3491 3407 3780 3472 aliarumque

2224 3497 2479 3552 virtutum
2499 3500 2788 3564 exercitus,
2807 3507 2863 3554 et
2884 3500 2935 3553 in
2951 3499 3068 3570 ipso
3088 3500 3285 3555 throno
3308 3501 3457 3570 regio
3470 3499 3532 3554 ad
3544 3498 3777 3554 dexteram

2225 3589 2401 3644 Patris
2424 3603 2696 3645 sessuram
2726 3590 3109 3655 collocaturus,
3141 3591 3312 3662 gloria
3341 3589 3588 3647 ineffabili
3613 3586 3780 3655 fulgeti-

2228 3690 2334 3738 tem
2361 3699 2375 3737 :
2408 3681 2523 3737 haec
2551 3691 2698 3738 certe
2731 3698 2904 3753 neque
2934 3683 3173 3750 illorum,
3205 3700 3385 3755 neque
3411 3685 3623 3738 aliorum
3646 3676 3778 3734 homi-

2226 3790 2355 3829 num
2387 3774 2653 3844 quispiam
2683 3774 2766 3828 vcl
2810 3775 3079 3844 prtescivit
3100 3819 3116 3836 ,
3146 3776 3228 3830 vel
3280 3776 3335 3830 in
3370 3782 3595 3829 mentem
3623 3782 3776 3824 vocare

2228 3867 2418 3936 potuit.
2450 3864 2553 3921 Sed
2585 3866 2711 3936 quid
2741 3866 2928 3921 dicunt
2958 3867 2993 3920 ii
3022 3868 3111 3937 qui
3151 3868 3334 3922 munia
3375 3864 3601 3921 audent?
3635 3856 3771 3921 Illud,

2231 3956 2390 4013 Nunc
2419 3974 2665 4030 cognosco
2691 3975 2755 4014 ex
2783 3971 2947 4029 parte,
2988 3959 3056 4014 de
3082 3959 3573 4031 dispensationibus
3613 3955 3771 4011 dictum

2226 4064 2384 4117 esse;
2437 4050 2610 4120 ipsum
2663 4052 2809 4105 enim
2854 4050 3146 4120 perfectam
3195 4052 3261 4107 de
3313 4053 3425 4107 Deo
3466 4046 3770 4119 cognitionem

2228 4141 2501 4197 habuisse.
2547 4142 2616 4197 Et
2651 4143 2922 4212 quomodo
2951 4158 3014 4198 se
3043 4142 3302 4199 infantem
3338 4142 3528 4200 vocat?
3554 4130 3771 4211 quomodo

2227 4249 2325 4305 per
2349 4234 2626 4304 speculum
2656 4234 2840 4290 videt?
2871 4235 3142 4306 quomodo
3172 4236 3225 4291 in
3255 4239 3552 4307 muigmatc,
3580 4232 3619 4286 si
3643 4236 3767 4282 totam

2228 4325 2391 4383 habet
2438 4328 2759 4383 scientiam?
2807 4345 2904 4383 cur
2953 4328 3082 4384 illud
3131 4330 3281 4400 quasi
3335 4328 3584 4384 eximium
3629 4316 3767 4375 tribuit

2228 4419 2472 4491 Spiritui,
2504 4432 2559 4476 et
2589 4421 2720 4477 nulli
2750 4423 2838 4476 alii
2876 4432 3074 4478 creata:
3106 4426 3397 4493 potestati,
3429 4422 3639 4477 dicens:
3675 4408 3765 4476 (θυῖε

2230 4517 2364 4571 cnim
2401 4516 2536 4569 novit
2574 4532 2688 4586 qua:
2726 4524 2846 4570 sunt
2886 4516 3108 4571 hominis
3130 4559 3144 4581 ,
3179 4518 3274 4572 nisi
3319 4517 3526 4585 spiritus
3561 4502 3761 4564 Immittit.

2229 4609 2316 4678 qui
2340 4616 2414 4660 cst
2441 4608 2492 4661 in
2524 4607 2634 4676 ipso
2653 4607 2679 4661 ξ’
2709 4607 2798 4663 Sic
2828 4616 2874 4660 ct
2904 4624 3020 4678 qua:
3061 4605 3159 4663 Dei
3198 4619 3315 4663 sunt
3346 4622 3488 4663 nemo
3523 4600 3670 4661 novit.
3694 4590 3761 4646 "5“

2234 4699 2461 4769 Spiritus
2487 4697 2583 4752 Dei
2612 4700 2688 4769 (l.
2736 4699 2857 4755 Cor.
2899 4701 2957 4753 2.
2988 4699 3101 4772 ll).
3137 4701 3203 4756 Et
3228 4701 3475 4757 Christus
3499 4704 3682 4753 rursum
3701 4681 3755 4738 sui

2231 4791 2399 4846 solius
2435 4789 2537 4844 hoc
2565 4804 2688 4844 esse
2714 4789 2849 4844 dicit
2877 4790 2948 4844 ita
2982 4791 3248 4862 loquens:
3283 4791 3407 4847 Non
3440 4786 3569 4860 quod
3605 4782 3749 4836 Patrw

2232 4882 2357 4937 vidit
2394 4882 2662 4952 quisquam
2683 4924 2699 4948 ,
2730 4882 2830 4936 nisi
2857 4883 2941 4954 qui
2982 4893 3055 4937 est
3100 4900 3132 4937 a
3172 4885 3313 4951 Deo,
3345 4885 3425 4939 hic
3452 4881 3567 4936 vidit
3604 4874 3758 4929 Patrem

2235 4973 2416 5046 (Joan.
2448 4974 2505 5029 6.
2535 4976 2669 5045 4G);
2706 4976 2965 5032 visionem
2996 4977 3187 5034 dicens
3216 4978 3556 5034 clarissimam
3591 4977 3638 5024 ei
3669 4972 3758 5054 Ρθτῖ

2236 5068 2580 5123 tectissimum
2633 5068 3020 5140 cognitionem.
3086 5071 3366 5138 Quomodo
3419 5076 3586 5123 autem
3624 5060 3662 5112 is
3693 5062 3757 5121 (1⁸³³

2236 5160 2587 5214 substantiam
2612 5162 2782 5227 novit,
2803 5163 3137 5217 meonomias
3157 5173 3210 5218 et
3230 5157 3629 5237 di~pensationcs
3651 5148 3759 5215 ίε¹¹⁰⁹

2236 5251 2409 5306 rabit?
2456 5252 2549 5306 Illa
2581 5254 2725 5307 enim
2773 5254 3011 5323 cognitio
3042 5254 3140 5310 hac
3183 5255 3351 5326 major
3379 5260 3478 5309 est.
3512 5244 3758 5317 Ignorant"s

2237 5360 2388 5415 ergo,
2415 5345 2609 5415 inquit,
2637 5345 2843 5399 Deum?
2874 5345 3029 5402 Absit
3055 5368 3068 5403 :
3100 5347 3197 5403 sed
3224 5346 3362 5419 quod
3390 5341 3586 5415 quidem
3612 5331 3669 5386 sit
3688 5338 3757 5378 n0-

2237 5441 2449 5504 vimus;
2482 5439 2609 5510 quid
2642 5448 2822 5495 autem
2849 5440 3151 5497 substantia
3182 5442 3246 5496 sit
3267 5482 3282 5507 ,
3315 5455 3417 5495 non
3458 5437 3591 5489 item.
3634 5421 3689 5477 Et
3717 5421 3757 5510 ιξῐ

2239 5534 2380 5587 scias
2425 5530 2567 5600 quod
2620 5548 2728 5586 non
2780 5532 2848 5586 de
2901 5532 3385 5603 dispensationibus
3428 5519 3602 5582 dixerit
3638 5502 3751 5603 illud.

2243 5622 2399 5677 Nunc
2433 5639 2682 5696 cognosco
2729 5639 2793 5677 ea:
2829 5602 3005 5695 parte,
3039 5625 3166 5681 audi
3206 5620 3504 5694 sequentia:
3535 5602 3755 5674 subjunnl

2241 5731 2391 5785 ergo,
2428 5714 2567 5769 Tum:
2610 5727 2778 5770 autem
2813 5733 3117 5787 cognoscam
3159 5718 3289 5772 sicut
3330 5726 3376 5770 et
3417 5705 3617 5778 “dum”
3646 5702 3747 5794 an”.

2242 5808 2356 5864 Non
2388 5820 2564 5862 autem
2593 5827 2621 5864 a
2647 5811 3140 5880 dispensatiouibus
3159 5822 3215 5868 et
3240 5801 3532 5867 mcenomiis
3556 5791 3749 5880 cnstitit“

2245 5909 2324 5954 εει
2353 5938 2367 5965 ι
2414 5899 2505 5955 sed
2537 5916 2565 5954 a
2603 5902 2729 5957 lico.
2765 5901 2934 5958 Nemo
2965 5902 3123 5975 igitur
3150 5905 3233 5960 vel
3262 5910 3464 5975 parvam
3491 5888 3563 5947 rel
3582 5872 3743 5944 simpir
