3962 6424
205 417 297 471 εις-ι

191 537 312 586 κατὰ
348 530 641 603 σύγκρισιν
675 531 863 603 ἑτέραν
904 531 1144 601 ἐπαίρων
1191 533 1360 602 αὐτῆς
1402 532 1463 584 τὸ
1503 529 1743 600 ἀξίωμα,

189 617 272 669 καί
318 613 491 682 λέγων
545 613 756 678 οὕτως·
796 614 932 668 Εἴτε
961 613 1030 666 δὲ
1060 614 1411 683 προφητεῖαι
1453 628 1749 681 καταργη-

189 696 482 765 θήσονται,
519 698 644 751 εἴτε
692 697 964 767 γλῶσσαι
1002 698 1357 751 παύσονται.
1408 698 1469 750 Εἰ
1498 696 1607 767 γὰρ
1642 697 1751 765 ἀμ-

190 781 372 851 φότερα
421 779 597 834 ταῦτα
659 782 758 850 τῆς
815 781 1047 844 πίστεως
1115 780 1300 833 ἐνεκεν
1354 781 1750 851 εἰσενήνεκται,

189 864 374 934 ταύτης
426 864 704 936 πανταχοῦ
748 865 1163 935 διασπαρείσης,
1220 863 1448 935 περιττὴ
1486 861 1688 916 τούτων
1717 863 1751 932 ή

191 948 327 1019 χρεία
370 947 576 1001 λοιπόν.
640 946 778 1000 Ἀλλ’
806 948 865 999 οὐ
912 947 973 1000 τὸ
1006 947 1226 1017 ἀγαπᾷν
1254 946 1516 1014 ἀλλήλους
1548 944 1758 1015 παυθή-

194 1048 347 1096 σεται,
368 1030 509 1085 ἀλλὰ
550 1030 644 1084 καὶ⁸
675 1029 926 1084 ἐπιδώσει
959 1030 1242 1099 μειζόνως,
1281 1031 1375 1083 καὶ
1402 1026 1636 1083 ἐνταῦθα
1662 1028 1754 1081 καὶ

191 1115 312 1169 κατὰ
339 1114 403 1167 τὸ
456 1114 669 1185 μέλλον,
719 1114 812 1167 καὶ
842 1114 961 1167 τότε
1008 1113 1207 1184 μᾶλλον
1245 1114 1276 1185 ἦ
1331 1112 1448 1167 νῦν.
1492 1110 1756 1165 Ἐνταῦθα

192 1200 275 1268 μὲν
306 1197 415 1269 γὰρ
450 1196 621 1250 πολλὰ
645 1197 713 1250 τά
744 1195 1049 1267 χαυνοῦντα
1073 1196 1171 1267 τὴν
1201 1196 1446 1266 ἀγάπην,
1474 1195 1752 1266 χρήματα,

192 1281 495 1351 πράγματα,
528 1278 676 1349 πάθη
730 1279 1023 1348 σωμάτων,
1066 1281 1349 1349 νοσήματα
1392 1276 1568 1348 ψυχῆς
1597 1293 1610 1306 ·
1643 1277 1758 1329 ἐκεῖ

187 1365 235 1417 δὲ
275 1363 424 1416 οὐδὲν
463 1361 689 1416 τούτων.
748 1361 909 1414 Ἀλλά
960 1362 1022 1414 τὸ
1078 1362 1178 1431 μὲν
1220 1361 1559 1432 προφητείας
1618 1376 1756 1413 κατ-

188 1445 459 1518 αργεῖσθαι
516 1446 612 1499 καὶ
659 1444 932 1513 γλώσσας,
1007 1444 1317 1515 θαυμαστὸν
1361 1444 1515 1497 οὐδέν
1541 1458 1555 1473 ·
1596 1442 1657 1495 τὸ
1697 1442 1754 1494 δὲ

186 1532 366 1599 γνῶσιν
411 1530 827 1602 καταργεῖσθαι,
888 1528 1047 1582 τοῦτό
1088 1530 1203 1581 ἐστι
1255 1529 1316 1581 τὸ
1365 1528 1465 1600 τὴν
1521 1526 1754 1597 ἀπορίαν

184 1614 383 1668 ποιοῦν·
416 1615 514 1667 καὶ
545 1614 653 1683 γὰρ
682 1613 777 1666 καὶ
820 1610 978 1663 τοῦτο
1008 1610 1349 1681 προσέθηκεν
1383 1609 1570 1674 εἰπὼν,
1620 1609 1758 1664 Εἴτε

185 1696 394 1767 γνῶσις
423 1694 967 1765 καταργηθήσεται.
998 1694 1062 1745 Τί
1091 1689 1185 1746 οὖν
1213 1710 1227 1758 ;
1262 1696 1319 1746 ἐν
1348 1693 1592 1764 ἀγνωσία
1627 1692 1756 1760 μέλ-

181 1781 333 1851 λομεν
357 1780 461 1851 ζῇν
484 1778 639 1843 τότε;
672 1779 890 1845 Ἀπαγε
910 1793 923 1806 ·
954 1775 1051 1830 καὶ
1078 1774 1187 1847 γάρ
1208 1775 1329 1828 τότε
1354 1775 1587 1846 μάλιστα
1604 1773 1755 1846 [511]

179 1863 495 1932 ἐπιταθῆναι
552 1860 699 1923 εἰκὸς
746 1858 845 1930 τὴν
890 1859 1115 1928 γνῶσιν.
1153 1858 1245 1911 Διὸ
1272 1859 1367 1911 καὶ
1410 1858 1584 1927 ἔλεγε,
1622 1858 1758 1912 Τότε

174 1945 609 2015 ἐπιγνώσομαι,
675 1942 871 2007 καθὼς
921 1941 1019 1995 καὶ
1069 1940 1480 2009 ἐπεγνώσθην.
1540 1941 1639 1993 Διά
1673 1957 1756 1993 τοι

172 2028 346 2090 τοῦτο,
370 2028 460 2080 ἵνα
488 2025 562 2098 μὴ
580 2025 781 2095 ὁμοίως
802 2028 868 2095 τῇ
901 2024 1209 2096 προφητείᾳ
1232 2026 1324 2077 καὶ
1345 2026 1464 2086 ταῖς
1484 2021 1758 2091 γλώσσαις

172 2112 262 2165 καὶ
287 2110 497 2179 ταύτην
525 2106 921 2179 καταργεῖσθαι
949 2106 1200 2177 νομίσῃς.
1226 2104 1434 2168 Εἰπὼν,
1463 2105 1581 2158 εἴτε
1606 2102 1757 2174 γνῶ-

165 2211 266 2259 σις
311 2191 860 2260 καταργηθήσεται,
901 2189 1000 2243 ούκ
1042 2189 1316 2260 ἐσίγησεν,
1357 2187 1471 2241 ἀλλ’
1508 2188 1756 2258 ἐπήγαγε

164 2279 260 2330 καὶ
282 2278 381 2329 τὸν
407 2276 609 2347 τρόπον
650 2275 749 2345 τῆς
793 2274 1209 2345 καταργήσεως,
1244 2271 1456 2343 ταχέως
1498 2272 1757 2342 προσθεὶς

161 2363 242 2427 τὺ,
298 2363 407 2415 Ἐκ
435 2359 660 2429 μέρους
694 2357 1088 2427 γινώσκομεν,
1133 2356 1231 2411 καί
1265 2357 1334 2410 ἐκ
1366 2355 1590 2424 μέρους
1616 2369 1758 2423 προ-

158 2447 531 2515 φητεύομεν.
561 2442 740 2495 Ὅταν
763 2439 831 2494 δὲ
869 2440 1021 2509 ἔλθῃ
1053 2439 1119 2494 τὸ
1150 2438 1405 2505 τέλειον,
1435 2440 1568 2492 τότε
1602 2437 1669 2490 τό
1689 2438 1756 2491 ἐκ

150 2527 389 2596 μέρους
417 2525 956 2594 καταργηθήσεται.
989 2524 1104 2576 Οὐκ
1124 2521 1234 2592 ἄρα
1257 2523 1290 2593 ή
1320 2520 1520 2590 γνῶσις
1549 2536 1756 2591 καταρ-

153 2615 374 2680 γεῖται,
420 2609 558 2665 ἀλλά
587 2609 649 2662 τὸ
701 2607 900 2679 μερικὴ
952 2600 1093 2659 εἷνάι
1129 2604 1367 2674 γνῶσις·
1418 2603 1604 2658 οὐκέτι
1647 2604 1757 2675 γὰρ

152 2693 407 2748 τοσαῦτα
443 2690 702 2762 εἰσόμεθα
755 2690 933 2761 μόνον,
982 2688 1119 2743 ἀλλά
1159 2690 1255 2742 καὶ
1287 2686 1467 2758 πολλῷ
1513 2684 1753 2739 πλείονα.

152 2778 280 2830 Ἵνα
314 2777 381 2829 δὲ
410 2777 505 2829 καὶ
534 2774 627 2828 ἐπὶ
666 2773 1067 2843 ὑποδείγματος
1100 2772 1231 2826 αὐτὸ
1267 2772 1481 2841 ποιήσω
1503 2770 1753 2841 φανερὸν,

149 2859 254 2911 νῦν
302 2859 471 2928 ἴσμεν
512 2858 595 2910 ὃτι
650 2853 926 2925 πανταχοῦ
982 2857 1131 2908 ἐστιν
1159 2855 1188 2906 6
1235 2853 1390 2917 Θεὸς,
1432 2851 1569 2905 ἀλλά
1616 2852 1754 2916 πῶς,

146 2942 259 2996 οὐκ
289 2942 479 3011 ἴσμεν.
512 2942 633 2994 "Ut:
659 2939 719 3004 ἐξ
741 2940 840 2993 οὐκ
875 2938 1044 2992 όντων
1082 2938 1153 2991 τὰ
1191 2937 1321 2991 ὅντα
1362 2937 1641 3006 ἐποίησεν,
1677 2937 1757 2990 ἰσι-

150 3042 261 3093 μεν
307 3042 326 3057 ·
367 3026 461 3079 τὸν
493 3025 549 3078 δὲ
596 3025 797 3095 τρόπον
847 3021 1151 3094 ἀγνοοῦμεν
1187 3037 1200 3051 ·
1255 3023 1337 3075 ὅτι
1368 3024 1432 3075 ἐκ
1478 3020 1755 3093 Παρθένου

146 3109 387 3180 ἐτέχθη,
418 3109 533 3173 πῶς
561 3108 638 3174 δὲ,
672 3107 878 3161 οὐκέτι.
922 3106 1055 3160 Τότε
1088 3105 1145 3160 δὲ
1198 3104 1460 3175 εἰσόμεθά
1511 3122 1564 3158 τι
1594 3104 1759 3158 πλέον

143 3197 251 3248 καὶ
293 3196 639 3266 σαφέστερον
674 3192 1045 3262 περὶτούτων.
1095 3188 1230 3245 Εἶτα
1273 3189 1516 3244 δείκνυσι
1558 3191 1653 3243 καὶ
1695 3191 1759 3245 τὸ

148 3280 336 3349 μέσον
375 3280 518 3344 ὅσον,
548 3280 642 3331 καὶ
663 3277 745 3330 ὃτι
768 3278 830 3330 οὐ
865 3276 1061 3347 μικρὸν
1091 3275 1150 3328 τὸ
1177 3275 1517 3345 λειπόμενον,
1544 3274 1720 3344 λέγων
1739 3292 1752 3306 ·

147 3362 308 3416 Ὅτε
352 3361 517 3430 ἥμην
557 3358 798 3428 νήπιος,
828 3359 909 3421 ὡς
939 3359 1159 3423 νήπιος
1201 3357 1489 3420 ἐλάλουν,
1538 3358 1619 3424 ὡς
1656 3358 1761 3426 νή-

145 3462 298 3514 πιος
350 3446 671 3514 ἐφρόνουν,
714 3443 793 3508 ὡς
852 3441 1069 3509 νήπιος
1107 3440 1459 3511 ἐλογιζόμην
1485 3453 1500 3470 ·
1548 3441 1647 3494 ὅτε
1691 3441 1760 3494 δὲ

148 3528 390 3598 γέγονα
422 3526 601 3593 ἀνὴρ,
665 3524 738 3579 τὰ
787 3524 894 3578 τοῦ
950 3523 1174 3591 νηπίου
1227 3522 1595 3593 κατήργηκα.
1648 3523 1760 3577 Καὶ

146 3611 221 3664 δι’
254 3609 460 3681 ἐτέρου
490 3608 549 3661 δέ
587 3607 1024 3679 παραδείγματος
1044 3605 1106 3659 τὸ
1133 3607 1264 3661 αὐτὸ
1292 3606 1456 3660 πάλιν
1487 3606 1641 3679 δηλοῖ
1672 3605 1760 3660 λέ-

149 3710 274 3761 γων
296 3710 314 3724 ·
357 3690 678 3760 Βλέπομεν
704 3690 817 3759 γὰρ
847 3688 978 3759 ἄρτι
1007 3688 1082 3743 δι’
1119 3687 1442 3759 ἐσόπτρου.

231 3846 305 3918 β’.
331 3841 469 3901 Εἶτα
498 3844 686 3917 ἐπειδὴ
707 3844 769 3898 τὸ
794 3843 1056 3913 ἔσοπτρον
1077 3843 1372 3915 παρίστησι
1393 3843 1453 3895 τὸ
1483 3842 1760 3915 ὁρώμενον

156 3931 556 4001 ὁπωσδήποτε,
592 3928 893 3999 ἐπήγαγεν,
940 3928 1035 3981 Ἐν
1063 3929 1363 3996 αἰνίγματι
1384 3967 1399 3992 ,
1448 3926 1567 3995 μεθ’
1592 3927 1761 3998 ὑπερ-

160 4013 335 4085 ϐολῆς
379 4011 599 4076 δεικνὺς
642 4010 1024 4083 μερικωτάτην
1064 4010 1162 4083 τὴν
1209 4010 1492 4080 παροῦσαν
1532 4010 1754 4077 γνῶσιν.

168 4099 311 4152 Τότε
331 4097 402 4151 δὲ
424 4097 755 4165 πρόσωπον
800 4096 950 4165 πρὸς
990 4094 1338 4161 πρόσωπον·
1361 4095 1459 4166 οὐχ
1486 4094 1563 4159 ὡς
1588 4096 1759 4167 πρόσ-

162 4198 318 4233 ωπον
338 4181 558 4250 ἔχοντος
573 4178 670 4232 τοῦ
699 4177 859 4241 Θεοῦ,
889 4178 1003 4231 ἀλλ’
1028 4178 1115 4230 ἵνα
1141 4177 1273 4251 εἴπῃ
1304 4179 1639 4249 σαφέστερον
1665 4179 1759 4231 καὶ

165 4263 519 4335 τρανότερον.
558 4262 722 4333 Ὁρᾷς
749 4260 872 4316 κατ’
892 4260 1134 4314 ἐπίδοσιν
1151 4262 1328 4315 πάντα
1352 4261 1756 4331 μανθάνοντας;

170 4350 336 4414 Ἄρτι
377 4345 650 4416 γινώσκω
692 4345 762 4399 ἐκ
788 4343 1034 4414 μέρους,
1078 4343 1212 4398 τότε
1243 4343 1313 4397 δὲ
1355 4345 1759 4412 ἐπιγνώσομαι

167 4432 369 4496 καθὼς
384 4428 487 4484 καὶ
505 4428 914 4497 ἐπεγνώσθην.
937 4424 1089 4490 Εἶδες
1114 4427 1230 4490 πῶς
1255 4426 1416 4499 διπλῇ
1443 4428 1504 4481 τὸ
1529 4427 1757 4499 φύσημα

170 4516 355 4568 αὐτῶν
399 4512 779 4577 κατέσπασεν;
825 4512 906 4565 ὅτι
962 4512 1056 4565 καὶ
1090 4510 1290 4582 μερικὴ
1321 4513 1355 4581 ἡ
1390 4510 1594 4580 γνῶσις
1617 4551 1632 4574 ,
1665 4511 1758 4564 καὶ

171 4600 291 4653 οὐδὲ
328 4597 538 4667 ταύτην
588 4595 801 4649 οἴκοθεν
857 4594 1095 4665 ἔχουσιν.
1154 4594 1228 4647 Οὺ
1279 4594 1389 4665 γὰρ
1445 4594 1556 4662 ἐγὼ
1594 4592 1756 4647 αὑτὸν

179 4684 371 4748 ἔγνων,
400 4680 519 4734 ἀλλ’
549 4678 710 4742 αὐτός
756 4694 823 4748 με
871 4676 1156 4746 ἐγνώρισε,
1193 4677 1378 4747 φησίν.
1418 4678 1628 4749 Ὥσπερ
1663 4674 1757 4731 οὖν

177 4765 340 4827 αὑτός
370 4780 438 4833 με
471 4762 612 4831 ἐγνω
640 4763 904 4832 πρότερος
937 4759 1053 4826 νῦν,
1084 4761 1175 4813 καὶ
1206 4760 1366 4824 αὑτός
1398 4778 1489 4829 μοι
1520 4762 1756 4834 ἐπέδρα-

187 4864 303 4916 μεν,
351 4845 523 4909 οὕτως
573 4846 682 4914 ἐγὼ
728 4843 876 4914 αὐτῷ
932 4842 1340 4915 ἐπιδραμοῦμαι
1393 4844 1515 4896 τότε
1578 4843 1756 4915 πολλῷ

192 4929 464 4998 μειζόνως,
494 4928 528 4999 ἦ
556 4928 672 4982 νῦν.
697 4927 803 4981 Καὶ
823 4928 930 4999 γὰρ
954 4929 983 4980 ὁ
1007 4928 1064 4979 ἐν
1101 4927 1276 4996 σκότῳ
1297 4926 1626 4998 καθήμενος,
1649 4927 1754 4991 ἕως

190 5012 289 5082 μὲν
314 5013 377 5067 ἂν
413 5012 497 5083 μὴν
521 5010 694 5083 βλέπῃ
722 5011 814 5065 τὸν
838 5011 1010 5080 ἥλιον,
1043 5011 1143 5063 οὐκ
1172 5010 1332 5074 αὐτὸς
1361 5011 1644 5082 ἐπιτρέχει
1677 5011 1756 5080 τῷ

186 5096 369 5149 κάλλει
413 5095 515 5165 τῆς
540 5095 787 5162 ἀκτῖνος,
823 5092 936 5146 ἀλλ’
986 5092 1166 5162 ἐκείνη
1214 5092 1483 5146 δείκνυσιν
1532 5094 1752 5165 ἑαυτὴν,

186 5178 402 5233 ἐπειδὰν
437 5176 644 5248 λάμψῃ·
678 5176 807 5229 ὅταν
840 5176 897 5228 δὲ
935 5176 1105 5246 αὐτῆς
1146 5175 1370 5246 δέξηται
1419 5176 1516 5245 τὴν
1553 5177 1752 5249 αὐγὴν,

186 5262 301 5315 τότε
333 5261 430 5314 καὶ
455 5260 615 5323 αὐτὸς
635 5260 821 5313 λοιπὸν
852 5259 1038 5312 διώκει
1061 5259 1121 5311 τὸ
1159 5259 1292 5327 φῶς.
1325 5260 1497 5314 Τοῦτο
1522 5257 1615 5314 οὖν
1638 5264 1754 5315 ἐστι

185 5346 263 5409 τὸ,
299 5342 505 5408 Καθὼς
546 5343 642 5397 καὶ
673 5342 1081 5412 ἐπεγνώσθην·
1130 5344 1228 5413 οὐχ
1264 5346 1346 5396 ὅτι
1389 5343 1561 5408 οὕτως
1595 5346 1757 5399 αὐτὸν

188 5426 460 5496 εἰσόμεθα.
490 5424 669 5488 καθὼς
707 5426 867 5489 αὐτὸς
897 5427 1066 5494 ἡμᾶς,
1100 5425 1212 5478 ἀλλ’
1244 5426 1327 5480 ὃτι
1366 5424 1555 5496 ὥσπερ
1592 5428 1757 5492 αὐτὸς

188 5514 313 5582 ἡμῖν
340 5511 612 5580 ἐπέδραμε
642 5508 757 5572 νῦν,
796 5509 938 5562 οὓτω
970 5509 1064 5563 καὶ
1096 5511 1254 5580 ἡμεῖς
1284 5509 1623 5578 ἀνθεξόμεθα
1655 5513 1755 5564 αὑο

188 5595 276 5648 τοῦ
313 5594 435 5646 τότε
458 5636 471 5654 ,
501 5593 597 5645 καὶ
629 5592 796 5645 πολλὰ
829 5592 938 5646 τῶν
986 5591 1080 5644 νῦν
1111 5593 1438 5664 ἀπορρήτων
1471 5593 1752 5663 εἰσόμεθα,

190 5680 277 5730 καὶ
312 5675 412 5746 τῆς
444 5675 866 5745 μακαριωτάτης
889 5673 1103 5744 ἐκείνης
1131 5675 1513 5743 ἀπολαύσομεν
1537 5675 1754 5745 ὁμιλίας

190 5762 275 5814 καὶ
301 5758 515 5828 σοφίας.
552 5759 614 5811 Εἰ
647 5760 754 5828 γὰρ
787 5759 815 5811 ό
842 5757 1081 5811 τοσαῦτα
1115 5756 1270 5821 εἰδὼς
1300 5758 1511 5823 Παῦλος
1539 5761 1749 5827 νήπιος,

190 5847 435 5913 ἐννόησον
473 5843 635 5913 ήλίκα
674 5844 875 5895 ἐκεῖνα·
919 5841 969 5892 εἰ
1008 5840 1181 5894 ταῦτα
1222 5842 1485 5913 ἐσοπτρον
1530 5843 1623 5897 καὶ
1667 5843 1753 5895 αἴ.

197 5946 373 5992 ίιγμα,
428 5925 638 5990 λογίζου
691 5942 779 5991 μοι
824 5923 984 5978 πάλιν
1039 5924 1290 5979 ἐντεῦθεν
1342 5927 1401 5979 τὸ
1458 5926 1747 5997 πρόσωπον

1217 414 1284 470 IN
1324 414 1540 470 EPIST.
1585 413 1604 467 1
1641 410 1729 465 AD
1758 409 1918 466 εοιι.
1958 411 2188 468 HOMIL.
2226 411 2471 469 XXXIV.

3328 422 3433 477 238

1853 529 2037 599 ἡλίκον
2066 532 2238 585 ἐστίν.
2288 532 2404 585 Ἵνα
2437 530 2495 584 δέ
2540 549 2619 585 σοι
2659 534 2854 606 μικρόν
2886 552 2939 586 τι
2988 535 3299 606 παρανοίξω
3338 542 3436 607 τῆς

1852 613 2112 685 διαφορᾶς
2148 614 2374 685 ταύτης.
2405 616 2500 668 καὶ
2528 617 2724 671 ἁκτίνά
2753 635 2874 671 τινα
2911 619 3158 690 ἀμυδρὰν
3188 619 3282 672 τοῦ
3311 623 3435 690 νοή-

1857 715 2026 767 ματος
2052 699 2237 767 ἐναφῶ
2283 716 2376 753 σου
2406 703 2471 770 τῇ
2502 700 2647 772 ψυχῇ
2680 701 2894 766 τούτου,
2931 703 3313 775 ἀναμνήσθητε
3345 722 3436 774 μοι

1851 780 1960 834 τῶν
1989 782 2046 834 ἐν
2072 780 2150 852 τῷ
2174 781 2327 853 νόμῳ
2351 782 2466 847 νῦν,
2492 785 2656 854 ἡνίκα
2686 787 2719 856 ή
2741 787 2900 856 χάρις
2929 785 3162 856 ἔλαμψε.
3190 787 3303 840 Καὶ
3328 786 3437 858 γὰρ

1854 864 2039 917 ἐκεῖνα
2070 864 2176 936 πρὸ
2213 866 2313 936 τῆς
2354 867 2577 937 χάριτος
2612 868 2823 938 μεγάλα
2855 869 2976 922 τινά
3008 870 3104 923 καὶ
3147 869 3438 938 θαυμαστά

1854 946 2124 1014 ἐφαίνετο·
2157 947 2273 1002 ἀλλ’
2301 950 2453 1019 ὅμως
2483 950 2714 1005 ἄκουσον
2744 951 2890 1025 [512]
2918 951 2971 1004 τί
3006 969 3137 1022 φησι
3179 955 3307 1023 περὶ
3336 953 3433 1006 αύ-

1853 1032 1962 1084 τῶν
1990 1032 2129 1102 μετά
2155 1031 2253 1100 τὴν
2279 1033 2442 1104 χάριν
2465 1034 2492 1086 6
2513 1033 2742 1097 Παῦλος.
2770 1036 2850 1089 ὃτι
2881 1038 2963 1088 Οὺ
2985 1036 3344 1101 δεδόξασται
3370 1036 3437 1090 τὸ

1854 1114 2305 1186 δεδοξασμένον
2349 1118 2419 1171 ἐν
2469 1118 2659 1182 τούτῳ
2712 1117 2793 1183 τῷ
2844 1119 3028 1188 μέρει,
3081 1120 3289 1175 ἕνεκεν
3326 1120 3438 1189 τῆς

1854 1199 2361 1267 ὑπερϐαλλούσης
2398 1200 2606 1268 δόξης.
2645 1202 2762 1255 Ἵνα
2800 1202 2858 1255 δὲ
2900 1203 2994 1257 καὶ
3038 1204 3372 1274 σαφέστερον
3409 1204 3439 1255 ὃ

1854 1280 2000 1349 λέγω
2043 1283 2303 1355 γένηται,
2337 1284 2421 1353 ἐφ’
2459 1284 2577 1348 ἑνός
2608 1303 2751 1349 τινος
2790 1286 2900 1338 τῶν
2932 1287 3054 1339 τότε
3096 1287 3436 1357 τελουμένων

1854 1365 1947 1418 τὸν
1983 1365 2140 1434 λόγον
2191 1368 2679 1439 μεταχειρίσωμεν,
2719 1370 2813 1423 καὶ
2856 1370 2979 1423 τότε
3016 1369 3136 1438 ὄψει
3173 1371 3234 1423 τὸ
3273 1372 3438 1442 μέσον

1854 1449 1996 1502 ὅσον·
2035 1450 2149 1515 καὶ,
2181 1450 2229 1502 εἰ
2264 1449 2462 1519 βούλει,
2500 1451 2562 1504 τὸ
2597 1452 2788 1522 Πάσχα
2828 1454 2907 1513 εἰς
2951 1453 3113 1522 μέσον
3139 1454 3438 1523 ἀγάγωμεν

1856 1533 2030 1585 ἐκεῖνο
2066 1535 2161 1586 καὶ
2191 1533 2366 1600 τοῦτο,
2396 1534 2490 1588 καὶ
2526 1534 2646 1587 τότε
2674 1536 2794 1605 εἴσῃ
2831 1535 2929 1604 τὴν
2975 1536 3270 1607 ὑπεροχήν.
3310 1537 3437 1591 Ἐπ-

1857 1614 2070 1668 ετέλουν
2093 1616 2192 1686 μὲν
2217 1616 2325 1685 γὰρ
2352 1619 2444 1670 καὶ
2459 1617 2718 1679 Ἰουδαῖοι,
2743 1619 3031 1672 ἐπετέλουν
3056 1619 3113 1672 δὲ
3139 1618 3334 1684 οὕτως,
3361 1621 3437 1683 ὡς

1856 1698 1913 1750 ἐν
1939 1699 2188 1771 ἐσόπτρῳ
2215 1703 2309 1754 καὶ
2339 1702 2397 1753 ἐν
2423 1700 2737 1770 αἰνίγματι·
2770 1702 2837 1755 τά
2863 1701 2919 1754 δὲ
2948 1703 3234 1774 ἀπόρρητα
3262 1702 3438 1755 ταῦτα

1860 1783 2137 1852 μυστήρια
2173 1783 2294 1835 οὐδὲ
2325 1786 2406 1847 εἰς
2450 1783 2575 1837 νοῦν
2618 1801 2748 1837 ποτε
2794 1785 3005 1850 ἔλαθον,
3038 1786 3161 1839 οὐδὲ
3193 1785 3434 1856 ᾔδεσανα

1854 1865 1977 1919 τίνα
1999 1861 2087 1936 ἦν,
2115 1864 2151 1920 ἀ
2175 1868 2358 1920 ἐκεῖνα
2383 1867 2776 1938 προανεφώνει·
2802 1868 2937 1921 ἀλλά
2958 1868 3229 1940 πρόϐατον
3248 1868 3435 1939 ἐώρων

1859 1953 2246 2023 σφαττόμενον,
2276 1953 2370 2005 καὶ
2396 1947 2537 2022 αἷμα
2564 1953 2783 2021 ἀλόγου,
2816 1954 2909 2006 καὶ
2942 1952 3112 2026 θύρας
3140 1956 3435 2026 χριομένοις

1855 2037 2030 2106 τούτῳ
2045 2053 2059 2066 ⁸
2082 2037 2165 2090 ὃτι
2186 2038 2243 2091 δὲ
2262 2040 2290 2092 ό
2315 2037 2444 2101 Υἰδς
2465 2037 2557 2091 τοῦ
2583 2036 2718 2091 Θεοῦ
2742 2038 3047 2108 σαρκωθείς
3068 2042 3434 2110 σφαγήσεται,

1858 2120 1949 2174 καὶ
1980 2120 2079 2191 τὴν
2113 2121 2438 2191 οἰκουμένην
2482 2120 2840 2191 ἐλευθερώσει
2871 2123 3085 2186 πᾶσαν,
3134 2124 3229 2176 καὶ
3275 2122 3435 2177 δώσει

1855 2205 1950 2257 καὶ
1974 2202 2200 2273 Ἕλλησι
2215 2204 2311 2256 καὶ
2335 2203 2633 2274 βαρϐάροις
2655 2203 2748 2256 τοῦ
2774 2205 3006 2274 αἵματος
3024 2204 3435 2273 ἀπογεύσασθαι

1855 2285 2068 2358 τούτου,
2102 2288 2196 2339 καὶ
2238 2288 2330 2340 τὸν
2370 2287 2596 2359 οὐρανὸν
2635 2287 2836 2352 ἀνοίξει
2867 2291 3022 2356 πᾶσι,
3071 2292 3166 2344 καὶ
3213 2290 3280 2343 τά
3319 2291 3439 2343 ἐκεῖ

1857 2370 2157 2441 προσθήσει
2189 2372 2265 2443 τῷ
2302 2371 2412 2425 τῶν
2443 2372 2748 2443 ἀνθρώπων
2794 2372 2968 2441 γένει,
3003 2374 3098 2427 καὶ
3126 2373 3225 2446 τὴν
3271 2377 3437 2445 αἱμα-

1855 2454 2075 2525 χθεῖσαν
2111 2455 2290 2525 σάρκα
2317 2454 2499 2508 λαϐὼν
2527 2456 2667 2526 ὑπὲρ
2699 2457 2789 2509 τὸν
2819 2456 3068 2527 οὐρανὸν,
3103 2460 3196 2509 καὶ
3226 2458 3316 2512 τὸν
3345 2458 3436 2512 ού-

1858 2538 2019 2609 ρανὸν
2048 2538 2142 2591 τοῦ
2181 2538 2440 2609 ούρανοῦ,
2473 2538 2569 2591 καὶ
2604 2538 2784 2601 πάσας
2815 2539 3001 2601 ἀτελῶς
3041 2539 3140 2602 τὰς
3181 2540 3295 2607 ἄνω
3323 2541 3437 2595 τῶν

1856 2620 2101 2689 ἀγγέλων
2139 2622 2235 2675 καὶ
2266 2622 2619 2692 ἀρχαγγέλων
2650 2623 2743 2674 καὶ
2779 2621 2887 2673 τῶν
2932 2621 3107 2676 ἀλλων
3151 2624 3438 2694 δυνάμεων

1858 2704 2117 2776 στρατιάς
2153 2704 2473 2758 ἀναθιϐἀσει
2495 2746 2510 2770 ,
2546 2704 2641 2757 καὶ
2685 2706 2771 2757 ἐπ’
2802 2704 2968 2758 αὐτοῦ
2997 2704 3088 2759 τοῦ
3122 2706 3313 2774 θρόνου
3338 2705 3434 2759 τοῦ

1858 2787 2139 2857 βασιλικοῦ
2188 2790 2246 2841 ἐν
2297 2787 2447 2859 δεξιᾷ
2490 2787 2583 2841 τοῦ
2629 2787 2841 2859 Πατρδς
2872 2788 3042 2859 αὐτὴν
3083 2789 3269 2842 καθιεῖ
3309 2789 3436 2861 δόξῃ

1856 2871 2179 2942 λάμπουσαν
2228 2872 2485 2943 ἀρρήτῳ·
2542 2870 2715 2925 ταῦτα
2763 2872 2828 2942 δὴ
2872 2870 2997 2924 οὕτε
3037 2873 3260 2926 ἐκείνων
3312 2890 3434 2938 τις,

1856 2954 1979 3008 οὔτε
2029 2954 2139 3007 τῶν
2189 2954 2363 3008 ἄλλων
2409 2954 2583 3017 οὐδεὶς
2635 2954 2969 3023 ἀνθρώπων,
3007 2953 3131 3007 οὔτε
3184 2956 3439 3027 προέγνω

1856 3039 1980 3095 οὔτε
2038 3041 2121 3103 εἰς
2171 3039 2294 3093 νοῦν
2342 3038 2583 3110 ήδυνήθη
2629 3038 2887 3109 βαλέσθαι
2944 3040 3096 3092 ποτέ.
3168 3040 3328 3094 Ἀλλά
3381 3042 3438 3094 τί

1858 3141 2022 3194 φασιν
2065 3126 2113 3177 οἱ
2156 3123 2333 3176 πάντα
2364 3121 2660 3195 τολμηροίς
2692 3122 2782 3184 Τὸ.
2835 3125 2987 3190 "Apta
3036 3124 3307 3192 γινώσκω
3365 3125 3437 3179 ἐκ

1852 3207 2113 3278 μέρους,
2147 3207 2275 3278 περὶ
2317 3205 2640 3276 οἰκονομιῶν
2686 3204 2987 3277 εἰρῆσθαιν
3024 3207 3122 3277 τὴν
3169 3208 3276 3277 γάρ
3308 3209 3439 3277 περὶ

1857 3290 1949 3343 τοῦ
1978 3289 2114 3343 Θεοῦ
2139 3288 2343 3358 γνῶσιν
2366 3288 2784 3359 ἀπηρτισμένην
2806 3288 2967 3341 αὐτὸν
2996 3288 3158 3359 ἔχειν.
3188 3289 3295 3342 Καὶ
3319 3289 3438 3353 πῶς

1858 3374 2052 3445 νήπιον
2083 3373 2274 3426 ἑαυτὸν
2300 3372 2490 3438 καλεῖ;
2524 3370 2641 3435 πῶς
2670 3371 2735 3423 δι’
2764 3370 3032 3442 ἐσόπτρου
3063 3371 3251 3441 βλέπει
3277 3389 3291 3437 ;
3320 3371 3438 3435 πῶς

1858 3457 1915 3509 ἐν
1962 3455 2267 3526 αἰνίγματι,
2317 3456 2366 3508 εἰ
2403 3455 2465 3508 τὸ
2504 3457 2611 3507 πᾶν
2657 3453 2769 3525 ἔχει
2810 3453 2910 3524 τῆς
2961 3453 3249 3522 γνώσεως;
3283 3454 3335 3508 τί
3381 3455 3439 3508 δέ

1858 3538 2048 3610 ὥσπερ
2081 3537 2357 3609 ἐξαίρετον
2384 3537 2704 3607 ἀνατίθησιν
2731 3537 2863 3590 αὐτὸ
2891 3536 2967 3606 τῷ
3010 3537 3310 3607 Πνεύματι,
3343 3538 3441 3591 καὶ

1858 3623 2087 3694 οὐδεμιᾷ
2127 3622 2264 3695 ἄλλῃ
2291 3621 2519 3690 δυνάμει
2548 3621 2647 3691 τῆς
2677 3620 2927 3683 κτίσεως,
2958 3620 3132 3689 λέγων
3157 3638 3169 3651 ·
3208 3623 3300 3687 Τίς
3329 3623 3439 3692 γὰρ

1858 3703 1985 3761 οἶδε
2016 3708 2091 3759 τὰ
2124 3706 2230 3759 τοῦ
2260 3704 2598 3777 ἀνθρώπου,
2634 3704 2791 3773 εἰμὴ
2820 3703 2886 3757 τὸ
2920 3707 3155 3773 πνεῦμα
3196 3706 3302 3760 τοῦ
3333 3707 3438 3759 ἀν-

1859 3789 2095 3857 θρώπου
2134 3789 2202 3843 τὸ
2232 3789 2302 3842 ἐν
2339 3787 2521 3853 αὐτῴ;
2557 3786 2719 3840 Οὕτω
2752 3786 2851 3841 καί
2895 3789 2968 3841 τὰ
3008 3789 3116 3842 τοῦ
3156 3789 3303 3844 Θεοῦ
3333 3790 3435 3842 οὺ-

1858 3874 1985 3938 δείς
2011 3869 2196 3935 οἶδεν,
2226 3873 2278 3925 εἰ
2296 3872 2382 3941 μὴ
2409 3870 2474 3924 τι)
2507 3869 2749 3939 Πνεῦμα
2776 3869 2883 3924 τοῦ
2915 3870 3085 3924 Θεοῦ.
3117 3870 3227 3925 Καὶ
3248 3872 3276 3923 ό
3302 3871 3438 3941 Χρι-

1862 3959 1986 4021 στὸς
2018 3956 2180 4010 πάλιν
2212 3954 2403 4008 ἐαυτοῦ
2457 3954 2619 4020 μόνου
2658 3952 2814 4006 τοῦτο
2858 3949 2997 4006 εἷναί
3041 3972 3240 4024 ςησιν,
3294 3953 3438 4007 οὕτω

1858 4044 2054 4112 λέγων·
2093 4042 2217 4110 Οὐχ
2254 4040 2341 4092 ὅτι
2372 4039 2477 4091 τὸν
2506 4037 2738 4104 Πατέρα
2767 4055 2851 4102 τις
2890 4036 3171 4106 ἑώρακεν,
3201 4041 3250 4092 εὶ
3286 4039 3372 4109 μὴ
3405 4044 3437 4094 ό

1858 4126 1944 4180 ὢν
1982 4124 2143 4192 παρὰ
2176 4124 2282 4178 τοῦ
2320 4121 2489 4188 Θεοῦ,
2542 4117 2720 4187 οὗτος
2770 4121 2992 4189 ἑώρακε
3040 4120 3148 4175 τόν
3184 4121 3433 4191 Πατέρα·

1859 4213 2050 4283 ὅρασιν
2106 4210 2205 4280 τὴν
2271 4208 2471 4277 γνῶσιν
2540 4206 2713 4274 λέγων
2768 4206 2868 4275 τὴν
2935 4206 3282 4275 σαφεστάτην
3344 4208 3438 4259 καὶ

1859 4292 2298 4366 ἀπηρτισμένην.
2345 4290 2466 4353 ΙΙῶς
2497 4289 2554 4343 δὲ
2585 4289 2614 4341 ό
2650 4290 2748 4359 τὴν
2798 4287 2986 4341 οὐσίαν
3022 4287 3199 4355 εἰδὼς,
3230 4288 3329 4354 τὰς
3361 4291 3436 4341 οἰ-

1860 4377 2117 4447 κονομίας
2172 4376 2458 4444 ἀγνοήσει;
2515 4371 2700 4443 ἐκείνη
2745 4372 2855 4442 γὰρ
2905 4370 3106 4441 μείζων
3156 4374 3360 4443 ταύτης
3404 4375 3436 4444 ή

1859 4462 2081 4531 γνῶσις.
2127 4458 2454 4530 Ἀγνοοῦμεν
2489 4453 2604 4523 οῦν,
2642 4457 2795 4527 φησὶ,
2849 4456 2941 4509 τὸν
2976 4456 3144 4521 Θεόν;
3201 4456 3434 4525 Ἄπαγε·

1859 4548 1976 4602 ἀλλ’
1999 4548 2080 4601 ὅτι
2107 4546 2205 4616 μὲν
2232 4544 2399 4609 ἐστιν,
2431 4541 2607 4613 ἴσμεν·
2634 4542 2687 4594 τί
2717 4558 2848 4595 ποτε
2873 4540 2929 4593 δέ
2958 4542 3074 4593 ἐστι
3098 4541 3196 4611 τὴν
3224 4539 3434 4600 οὐσίαν,

1858 4632 2066 4687 οὐκέτι.
2098 4632 2209 4685 Καὶ
2242 4631 2329 4683 ἵνα
2349 4626 2492 4698 γνῷς
2514 4628 2598 4681 ὅτι
2624 4627 2685 4680 οῦ
2717 4628 2845 4697 περί
2874 4625 2984 4677 τῶν
3014 4624 3333 4695 οἰκονομιῶν
3359 4623 3437 4676 εἴα

1862 4734 1997 4787 ρηκε
2035 4715 2118 4781 τὸ,
2155 4716 2313 4782 ’Ἄρτι
2355 4709 2628 4782 γινώσκω
2664 4710 2734 4764 ἐκ
2760 4709 3003 4779 μέρους,
3054 4709 3286 4763 ἄκουσον
3327 4707 3438 4761 τῶν

1858 4799 2012 4868 ἑξῆς·
2058 4800 2332 4868 ἐπήγαγεν
2364 4793 2476 4850 οῦν·
2517 4796 2653 4848 Τότε
2685 4794 2753 4847 δὲ
2789 4792 3213 4862 ἐπιγνώσομαι,
3243 4789 3437 4855 καθὼς

1859 4889 1958 4943 καὶ
1983 4881 2394 4953 ἐπεγνώσθην.
2424 4882 2498 4934 Οὐ
2539 4879 2709 4949 δήπου
2737 4877 2796 4930 δὲ
2828 4876 2933 4929 ὑπὸ
2972 4875 3080 4928 τῶν
3116 4874 3437 4944 οἰκονομιῶν

1858 4968 2201 5040 ἐπεγνώσθη,
2224 4964 2338 5020 ἀλλ’
2362 4964 2465 5017 ὑπὸ
2485 4963 2578 5016 τοῦ
2599 4959 2755 5015 Θεοῦ.
2779 4959 2984 5030 Μηδεὶς
3002 4959 3184 5013 τοίνυν
3210 4956 3433 5040 μικρὰν,

1862 5055 1996 5126 μηδὲ
2028 5053 2206 5122 ἁπλῆν
2234 5048 2500 5120 νομιζέτω
2528 5044 2664 5099 εἶναι
2701 5043 2904 5113 ταύτην
2932 5043 3031 5113 τὴν
3068 5039 3434 5126 παρανομίαν,

1857 5123 1993 5192 ἀλλά
2022 5137 2116 5189 καὶ
2144 5134 2337 5202 διπλῆν
2365 5133 2458 5185 καὶ
2487 5129 2722 5202 τριπλῆν
2750 5128 2840 5180 καὶ
2876 5124 3331 5180 πολλαπλασίονα.
3359 5123 3434 5176 Οὐ

1858 5223 1966 5293 γὰρ
1990 5223 2054 5292 δή
2075 5219 2231 5273 τοῦτο
2255 5219 2412 5289 μόνον
2446 5216 2562 5268 ἐστὶ
2588 5213 2648 5266 τὸ
2675 5212 2895 5274 ἄτοπον,
2921 5213 3004 5264 ὅτι
3030 5208 3206 5264 ταῦτα
3236 5208 3434 5293 ἀλαζο-

1858 5291 2100 5360 νεύονται
2122 5303 2340 5366 εἰδέναι,
2357 5300 2393 5353 δι
2417 5298 2508 5352 τοῦ
2534 5294 2849 5366 Πνεύματός
2869 5295 2983 5347 ἐστι
3011 5294 3195 5363 μόνου,
3222 5292 3314 5345 καὶ
3340 5291 3434 5344 τοῦ

1862 5388 2181 5464 μονογενοῦς
2208 5386 2333 5439 Υἱοῦ
2356 5383 2450 5438 τοῦ
2476 5382 2635 5448 Θεοῦ,
2656 5380 2769 5435 ἀλλ’
2789 5381 2869 5433 ὅτι
2891 5380 2986 5433 καὶ
3004 5377 3215 5433 Παύλου
3235 5375 3355 5429 οὐδὲ
3375 5376 3435 5429 τὸ

1862 5457 2085 5548 μερικὺν
2105 5471 2263 5525 τοῦτο
2277 5468 2377 5538 τῆς
2396 5466 2648 5536 γνώσεως
2669 5466 2795 5548 ἄνευ
2819 5464 2917 5548 τῆς
2941 5457 3436 5548 ἀνωθεν-ἀποκαλύ-

1858 5540 2004 5628 ίξαεως
2020 5554 2338 5625 δυνηθέντος
2363 5550 2553 5621 μαθεῖν
2568 5590 2582 5616 ,
2605 5547 2759 5603 αὐτοὶ
2786 5546 2847 5599 τὸ
2877 5547 2984 5599 πᾶν
3005 5546 3068 5598 ἐκ
3093 5545 3201 5598 τῶν
3221 5540 3435 5628 οἰκείων

1859 5621 2009 5713 [515]
2042 5621 2319 5708 λογισμῶν
2351 5632 2736 5703 κατειληφέναι
2771 5629 2954 5700 φασίν.
2985 5627 3117 5681 Οὐδὲ
3146 5626 3253 5694 γάρ
3280 5621 3435 5693 ἔχου·-

1923 5931 1942 5957 ⁸
1976 5929 2146 5977 Περι-(ιι
2170 5926 2358 5987 ᾔδεσαν.
