3962 6428
182 469 280 525 289

180 594 292 636 cem
317 581 451 634 hanc
480 577 818 647 iniquitatem
848 584 969 629 esse
996 578 1167 641 putet,
1200 568 1295 625 sed
1325 577 1381 624 et
1406 565 1670 636 duplicem
1702 572 1753 619 et

184 671 433 739 triplicem
464 675 523 724 et
552 664 925 735 multiplicem.
954 661 1071 717 Non
1117 661 1261 717 enim
1299 660 1405 714 hoc
1443 660 1616 713 solum
1661 657 1759 712 ab-

181 762 394 818 surdum
434 770 542 826 est,
572 758 720 831 quod
747 771 807 813 ea
838 768 899 812 se
925 768 1062 810 vane
1087 752 1394 824 glorientur
1419 750 1560 805 scire
1582 791 1597 815 ,
1639 763 1757 820 qua:

182 856 402 922 Spiritus
427 851 600 906 solius
625 857 752 905 sunt
777 857 833 904 et
860 846 1113 917 nnigeniti
1150 844 1270 899 Filii
1300 842 1429 908 Dei;
1458 841 1552 897 sed
1596 840 1757 896 etiam

184 945 332 1017 quod,
365 958 487 999 cum
528 942 728 998 Paulus
755 954 823 996 ne
848 948 1053 1009 partem
1082 938 1297 1009 quidem
1328 935 1473 991 illam
1499 934 1759 1006 cognitio-

184 1040 259 1091 nis
284 1038 401 1091 sine
432 1049 664 1107 snperna
695 1032 1025 1089 revelatione
1061 1030 1307 1101 accipere
1344 1027 1586 1098 potuerit
1606 1065 1622 1092 ,
1656 1025 1756 1107 ipsi

186 1138 339 1183 totum
365 1142 436 1182 ex
467 1106 698 1196 propriis
724 1122 1017 1179 ratiociniis
1044 1134 1103 1177 se
1128 1120 1403 1189 accepisse
1424 1117 1630 1174 dicant.
1659 1106 1760 1172 Ne-

182 1237 276 1290 que
299 1223 445 1276 enim
478 1228 702 1290 usquam
740 1224 966 1290 pomum
995 1214 1362 1285 Scripturam,
1408 1224 1527 1282 quae
1565 1211 1634 1267 de
1672 1211 1759 1265 his

182 1313 520 1377 disseruerit,
554 1311 710 1367 nobis
737 1309 1045 1365 ostendere.
1091 1306 1197 1363 Sed
1230 1306 1392 1360 missa
1426 1305 1639 1360 illorum
1672 1304 1756 1359 iu-

181 1409 340 1473 sauia,
371 1406 653 1475 sequentia
678 1416 800 1474 qua)
826 1400 898 1458 de
924 1401 1148 1457 caritate
1184 1399 1437 1454 dicuntur
1467 1412 1758 1468 persequa-

181 1515 310 1553 mur.
340 1497 529 1568 Neque
553 1497 698 1553 enim
726 1495 812 1550 his
837 1502 1123 1549 contentus
1144 1490 1279 1556 fuit,
1305 1488 1398 1545 sed
1428 1504 1617 1545 rursus
1645 1489 1760 1544 lucc

176 1589 480 1660 subiungit:
512 1588 598 1644 l5.
632 1587 788 1642 Nam
814 1595 984 1640 autem
1010 1592 1181 1638 manet
1209 1582 1355 1653 ﬁdes,
1384 1599 1517 1649 spes,
1547 1582 1754 1647 caritas,

177 1684 268 1737 tria
293 1683 440 1747 haec;
470 1681 638 1750 major
666 1688 834 1733 autem
859 1678 1037 1733 horum
1065 1686 1137 1730 est
1163 1676 1367 1730 caritas.

240 1774 293 1830 '5.
321 1773 568 1829 Caritatis
588 1768 1064 1826 emortum—Nam
1096 1768 1228 1822 fides
1248 1777 1302 1823 et
1330 1776 1476 1836 spes,
1509 1782 1628 1821 cum
1660 1767 1757 1823 ad-

172 1866 425 1922 venerim
461 1866 597 1920 bona
634 1877 751 1935 quae
773 1862 976 1918 credita
998 1870 1053 1918 et
1074 1870 1284 1932 sperata
1316 1860 1552 1927 fuemn't,
1579 1877 1760 1918 cessa—

168 1960 317 2012 bunt.
352 1958 420 2012 Et
449 1958 547 2013 hoc
577 1955 888 2028 significans
918 1954 1117 2010 Paulus
1147 1953 1363 2009 dicebat
1401 1971 1415 2007 :
1461 1953 1593 2024 Spes
1627 1955 1760 2008 enim

161 2066 275 2119 qum
296 2049 523 2108 videtur.
558 2063 661 2101 non
690 2057 763 2101 est
796 2062 912 2114 spes
942 2061 960 2100 :
984 2046 1124 2117 quod
1147 2046 1280 2100 enim
1319 2045 1452 2099 videt
1476 2047 1607 2114 quis,
1636 2045 1761 2115 quid

159 2141 313 2194 etiam
345 2149 515 2210 speret
552 2138 732 2210 (Rom.
760 2139 813 2195 8.
841 2138 936 2207 24)
963 2137 989 2193 2
1013 2150 1068 2192 et
1096 2152 1312 2193 rursum
1342 2155 1355 2191 :
1388 2135 1478 2191 Est
1504 2147 1670 2191 autem
1695 2137 1762 2206 βα

134 2234 249 2309 ’des
276 2236 465 2287 eorum
501 2234 615 2301 gate
651 2239 922 2302 sperantur
951 2230 1230 2285 substantia
1249 2270 1264 2297 ,
1309 2245 1478 2283 rerum
1519 2245 1632 2298 qua:
1660 2246 1759 2285 non

153 2327 401 2380 uidentur
441 2333 794 2396 argumentum
821 2322 1017 2394 (Hebr.
1051 2322 1140 2378 il.
1169 2321 1254 2392 i).
1286 2320 1643 2390 Quamobrem
1676 2321 1760 2377 hze

148 2417 388 2487 quidem
408 2415 833 2471 cessabuntcum
862 2414 948 2469 illa
967 2414 1342 2484 apparuerint:
1370 2414 1562 2468 caritas
1583 2422 1759 2469 autem

149 2520 291 2565 tunc
344 2510 584 2565 maxime
621 2507 916 2572 extollitur,
961 2513 1019 2562 et
1054 2507 1114 2560 fit
1160 2505 1549 2561 vehementior.
1600 2504 1760 2560 Aliud

143 2618 364 2659 rursus
408 2601 714 2658 encomium
751 2601 989 2656 caritatis
1028 2616 1042 2653 :
1075 2614 1251 2669 neque
1288 2599 1432 2654 enim
1474 2607 1761 2654 contentus

140 2707 234 2752 est
262 2696 573 2767 prioribus,
603 2694 702 2751 sed
729 2704 783 2750 et
806 2694 911 2750 alia
947 2708 1160 2748 rursum
1194 2692 1440 2748 invenire
1462 2691 1758 2747 contendit.

138 2791 424 2845 Animum
471 2799 649 2845 autem
703 2787 899 2844 adhibe
935 2805 949 2842 :
995 2786 1130 2842 dixit
1173 2801 1292 2842 eam
1337 2785 1600 2842 charisma
1640 2800 1762 2841 esse

138 2899 423 2955 magnum
454 2891 510 2938 et
531 2882 669 2937 viam
691 2880 760 2936 ad
789 2881 905 2935 haec
932 2878 1418 2950 supe‘reminentem
1444 2895 1461 2946 ;
1489 2877 1622 2933 dixit
1645 2878 1763 2934 sine

136 2976 239 3029 illa
290 2991 410 3029 non
455 2973 682 3028 multum
712 2972 901 3041 juvare
942 2971 1293 3035 charismata,
1330 2972 1447 3041 ejus
1475 2971 1761 3040 imaginem

136 3067 415 3135 pluribus
469 3064 754 3134 descripsit
801 3081 814 3116 ε
863 3063 976 3118 vult
1016 3074 1207 3118 rursus
1258 3063 1404 3117 illam
1452 3062 1557 3117 alio
1602 3060 1762 3117 modo

133 3158 452 3224 extollere,
478 3166 530 3211 et
554 3153 844 3211 ostendere
871 3152 1013 3225 quod
1033 3168 1221 3223 magna
1240 3153 1307 3208 sit
1324 3168 1388 3208 ex
1407 3167 1473 3208 eo
1488 3153 1630 3223 quod
1651 3168 1762 3208 ma-

134 3262 303 3305 neat.
348 3248 586 3319 Ideoque
625 3247 780 3314 dixit,
815 3246 969 3301 Nunc
1000 3255 1172 3300 autem
1196 3254 1400 3300 manent
1425 3246 1573 3315 ﬁdes,
1625 3262 1760 3315 spes,

133 3344 380 3408 caritas,
409 3344 508 3397 tria
537 3343 678 3406 hac;
708 3343 874 3410 major
897 3351 1064 3395 autem
1093 3340 1275 3394 horum
1296 3348 1369 3395 est
1385 3341 1591 3396 caritas.
1620 3339 1762 3407 Quo-

139 3436 328 3491 modo
364 3450 496 3507 ergo
535 3435 707 3505 major
748 3443 829 3488 est
868 3434 1062 3488 caritas
1093 3432 1294 3501 ιουοά
1334 3431 1421 3487 illa
1467 3441 1760 3488 transeant.

139 3527 204 3582 Si
245 3542 397 3598 ergo
423 3534 570 3582 tanta
596 3534 681 3581 est
708 3526 879 3580 virtus
900 3525 1164 3591 caritatis,
1209 3526 1331 3594 jure
1375 3524 1649 3595 subjungit
1678 3526 1764 3580 di-

142 3634 293 3676 cens
336 3637 353 3672 :
388 3617 668 3674 Sectamiui
714 3617 1000 3671 caritatem.
1042 3616 1255 3672 Etenim
1298 3616 1508 3687 insequi
1553 3625 1767 3687 oportet

146 3726 220 3766 ac
249 3710 617 3767 vehementer
643 3709 709 3764 ad
739 3709 882 3763 illam
914 3722 1134 3764 currere
1162 3724 1177 3773 ;
1208 3708 1279 3763 ita
1311 3723 1341 3762 a
1369 3708 1522 3763 nobis
1555 3708 1763 3774 avolat,

149 3813 211 3858 et
239 3814 402 3859 tanta
430 3811 556 3858 sunt
579 3817 700 3874 qua:
719 3809 1025 3872 susceptum
1047 3800 1143 3856 illo
1162 3814 1378 3856 cursum
1400 3799 1765 3870 supplantant.

153 3896 515 3969 Quapropter
542 3909 679 3967 opus
716 3902 800 3951 est
841 3908 942 3949 nos
972 3907 1162 3964 magna
1205 3893 1280 3948 uti
1320 3892 1679 3960 vehementia,
1713 3903 1770 3947 ut

160 3991 318 4046 illam
374 3989 897 4060 comprehendamus
943 4006 958 4043 :
1014 3985 1159 4058 quod
1226 3986 1517 4042 ostendens
1582 3986 1770 4042 beatus

162 4085 377 4141 Paulus
401 4098 511 4140 non
536 4083 692 4152 dixit,
721 4080 1019 4152 Sequimini
1042 4081 1343 4143 caritatem,
1367 4077 1766 4149 sed,Persequi-

165 4180 296 4233 mini
328 4178 597 4233 caritatem
617 4217 633 4243 ,
661 4176 902 4232 excitans
936 4187 1043 4229 nos
1070 4171 1476 4242 accendensque
1508 4170 1573 4224 ad
1626 4171 1768 4226 illam

168 4267 711 4342 apprehendendum.
740 4266 955 4322 Etenim
980 4265 1122 4321 Deus
1146 4279 1175 4319 a
1204 4263 1467 4342 principio
1495 4262 1773 4318 innumera

172 4339 258 4418 ad-
278 4362 435 4417 illam
467 4362 521 4416 in
555 4357 713 4415 nobis
741 4355 1085 4413 inserendam
1124 4339 1460 4411 machinatus
1490 4362 1573 4409 est
1602 4371 1614 4407 :
1649 4368 1771 4407 nam

173 4456 433 4512 omnibus
464 4467 628 4508 unum
648 4450 796 4507 dedit
829 4458 1010 4523 caput,
1039 4448 1323 4503 Adamum.
1355 4447 1465 4503 Cur
1490 4448 1633 4502 enim
1665 4462 1773 4502 non

177 4565 244 4606 ex
280 4557 428 4604 terra
472 4544 742 4600 nascimur
782 4540 1020 4600 omnes?
1055 4555 1152 4596 cur
1192 4554 1300 4595 non
1352 4538 1613 4611 perfecti,
1659 4539 1774 4595 sive

184 4639 350 4697 adulti
373 4639 515 4695 sicut
536 4635 627 4693 ille
652 4635 677 4690 ἲ
705 4634 776 4692 Ut
799 4641 856 4690 et
882 4641 1063 4704 partus
1083 4641 1137 4688 et
1158 4632 1382 4687 filiorum
1405 4631 1773 4697 educationes,

186 4744 239 4790 et
281 4730 427 4805 quod
483 4746 552 4787 ex
601 4728 722 4784 aliis
769 4740 1139 4792 nasceremur,
1168 4737 1267 4779 nos
1314 4730 1503 4779 mutuo
1548 4723 1773 4794 colliga-

188 4835 330 4881 rent.
358 4822 485 4879 Ideo
521 4835 698 4891 neque
725 4819 1008 4875 mulierem
1044 4826 1109 4872 ex
1139 4825 1279 4871 terra
1309 4814 1453 4870 fecit.
1477 4812 1610 4884 Quia
1631 4815 1774 4870 enim

195 4930 301 4971 non
322 4915 452 4971 satis
477 4920 596 4968 erat
620 4910 687 4967 ad
711 4907 1093 4967 verecundiam
1130 4907 1185 4962 in
1219 4905 1376 4960 nobis
1404 4904 1773 4972 inserendam,

199 5021 314 5078 qua:
339 5006 402 5061 ad
428 5001 773 5061 concordiam
810 5015 911 5057 nos
948 4998 1261 5065 adduceret,
1296 4996 1440 5069 quod
1484 5012 1549 5053 ex
1586 4998 1775 5055 eadem

197 5096 490 5156 substantia
516 5108 759 5152 essemus
780 5132 797 5160 ,
829 5090 933 5147 nisi
957 5088 1209 5146 eumdem
1241 5087 1568 5145 haberemus
1596 5102 1779 5160 proge-

200 5193 419 5247 nitorem
455 5205 472 5243 :
519 5186 625 5242 hoc
668 5198 881 5257 quoque
926 5181 1126 5239 eﬂ'ecit.
1169 5179 1225 5236 Si
1267 5179 1411 5237 enim
1451 5192 1596 5235 nunc
1645 5179 1779 5235 solis

203 5280 445 5353 disiuncti
488 5278 653 5344 locis,
682 5276 890 5332 alienos
932 5287 1033 5328 nos
1066 5270 1484 5334 existimamus;
1521 5269 1568 5325 si
1609 5283 1780 5341 genus

206 5387 436 5435 nostrum
475 5373 583 5430 duo
620 5371 879 5444 principia
923 5367 1235 5435 habuisset,
1275 5366 1447 5422 multo
1478 5366 1649 5438 magis
1676 5367 1781 5424 hoc

207 5473 455 5530 eveniret.
496 5468 639 5535 Ideo,
682 5468 834 5539 quasi
877 5465 946 5522 ab
976 5478 1096 5520 uno
1118 5462 1316 5535 capite,
1348 5470 1520 5518 totum
1564 5461 1780 5534 generis

209 5562 412 5619 humani
458 5572 653 5628 corpus
688 5555 980 5628 colligavit.
1015 5553 1084 5609 Et
1111 5552 1234 5625 quia
1284 5551 1338 5607 in
1380 5551 1645 5623 principio
1672 5549 1781 5607 duo

208 5654 409 5727 quidam
442 5649 761 5707 videbantur
784 5661 907 5704 esse
929 5686 946 5713 ,
970 5643 1097 5701 vide
1114 5642 1386 5715 quomodo
1410 5642 1534 5698 illos
1550 5640 1778 5712 conglu-

213 5749 330 5802 tinet
352 5753 410 5802 et
442 5742 497 5799 in
523 5756 689 5797 unum
716 5747 871 5810 cogat
895 5753 993 5809 per
1019 5734 1347 5792 connubium
1386 5752 1400 5790 :
1432 5732 1654 5805 Propter
1686 5735 1781 5789 Irae

213 5840 361 5905 enim,
390 5834 583 5906 inquit,
615 5833 857 5902 relinquet
886 5830 1036 5885 homo
1066 5836 1262 5899 patrem
1286 5840 1435 5882 suum
1476 5837 1523 5882 et
1544 5834 1776 5890 Matrem,

216 5943 252 5987 tt
275 5927 547 5986 adherebit
580 5925 732 5981 uxori
779 5938 906 5991 saw,
962 5931 1009 5977 et
1049 5927 1196 5976 erunt
1242 5918 1346 5973 duo
1376 5918 1444 5973 in
1485 5934 1639 5974 carne
1677 5934 1780 5973 una

1168 455 1235 514 lN
1271 452 1488 512 EPIST.
1528 449 1549 508 l
1610 448 1703 508 AD
1740 442 1897 505 COR.
1940 448 2173 505 HOMIL.
2216 448 2456 505 XXXIV.

3354 452 3456 509 29R

1866 560 2032 632 (Gen.
2060 563 2113 618 2.
2145 563 2275 634 24).
2317 565 2436 621 Non
2473 564 2648 633 dixit,
2694 566 2917 634 Mulier,
2961 569 3280 638 schIomo,
3330 575 3455 642 quia

1864 652 2037 724 major
2059 663 2142 709 est
2184 654 2237 710 in
2270 655 2359 711 illo
2383 659 2841 727 concupiscentia.
2878 659 3013 715 Nam
3040 660 3164 717 ideo
3193 664 3454 733 majorem

1865 745 2010 800 illam
2055 746 2200 812 fecit,
2247 757 2303 803 ut
2344 749 2485 819 quod
2530 751 2883 808 excellentius
2926 763 3045 809 erat
3072 755 3312 814 ﬂecteret
3362 773 3457 830 per

1865 836 2022 906 hujus
2050 839 2250 893 amoris
2277 841 2640 912 tyrannidem,
2673 853 2729 898 et
2765 845 3107 902 imbecilliori
3138 849 3453 919 subjiceret.

1864 928 1997 996 Quia
2025 944 2155 986 vero
2180 933 2576 987 matrimonium
2599 935 2760 990 etiam
2784 936 3141 994 inducendum
3169 950 3305 1009 erat,
3329 958 3452 999 cum

1864 1035 1930 1075 ex
1957 1035 2065 1092 quo
2092 1031 2206 1077 orta
2238 1033 2353 1078 erat
2392 1022 2520 1079 fecit
2547 1024 2760 1081 mulieri
2802 1028 3052 1083 maritum
3089 1048 3101 1084 :
3135 1031 3278 1087 Deus
3305 1034 3450 1089 enim

1863 1115 2042 1169 omnia
2073 1115 2281 1170 caritati
2311 1116 2604 1187 postponit.
2638 1116 2694 1174 Si
2725 1119 2868 1174 enim
2899 1134 3022 1175 cum
3053 1135 3139 1177 res
3184 1123 3257 1177 ita
3297 1123 3453 1180 fact-.e

1864 1207 1971 1261 sint
1993 1246 2009 1274 ,
2040 1207 2245 1278 primus
2274 1210 2459 1289 statim
2490 1211 2568 1266 sic
2597 1210 3184 1285 insanivittantamque
3224 1233 3452 1287 pugnam

1863 1307 1919 1355 ct
1945 1299 2195 1355 invidiam
2237 1300 2461 1356 inseruit
2488 1302 2736 1359 diabolus
2770 1321 2785 1369 ;
2829 1304 2956 1375 quid
2990 1320 3096 1360 non
3128 1307 3338 1363 fecisset
3360 1351 3373 1373 ,
3407 1311 3452 1364 si

1864 1408 1970 1449 non
1991 1408 2056 1449 ex
2087 1391 2191 1449 una
2213 1396 2392 1452 radice
2421 1398 2522 1451 orti
2546 1400 2976 1468 germinassent?
2997 1401 3199 1458 Deinde
3227 1414 3284 1459 ut
3307 1405 3453 1460 aliud

1863 1487 2074 1556 quidem
2104 1488 2477 1557 subjiceretur,
2517 1491 2660 1545 aliud
2704 1491 3038 1562 imperaret;
3088 1511 3209 1549 nam
3245 1499 3446 1566 paritas

1864 1576 2086 1633 honoris
2112 1580 2251 1635 solet
2272 1596 2414 1653 saepe
2445 1598 2649 1654 pugnas
2677 1584 2928 1640 inducere
2956 1603 2970 1652 ;
3000 1602 3105 1642 non
3134 1588 3256 1643 sivit
3289 1606 3456 1660 popu-

1866 1669 1978 1724 lare
2006 1669 2288 1740 imperium
2317 1686 2459 1740 esse,
2484 1674 2576 1729 sed
2597 1690 2839 1745 regnum,
2871 1686 2925 1732 et
2950 1678 3090 1733 sicut
3118 1679 3168 1733 in
3192 1685 3452 1749 exerci'u,

1864 1763 2113 1821 eumdem
2140 1764 2339 1821 videris
2383 1767 2434 1821 in
2473 1768 2697 1837 singulis
2744 1768 2993 1825 domibus
3038 1771 3305 1827 ordinem.
3355 1774 3452 1829 Est

1864 1872 1992 1928 ergo
2022 1860 2243 1913 maritus
2274 1860 2325 1913 in
2356 1860 2547 1915 ordine
2574 1860 2715 1931 regis
2736 1903 2751 1927 ,
2784 1863 2978 1917 mulier
3006 1879 3137 1918 vero
3166 1864 3218 1918 in
3262 1864 3455 1921 ordine

1867 1948 2103 2019 praefecti
2150 1959 2242 2005 aut
2282 1950 2432 2006 ducis
2459 1955 2765 2016 exercitus;
2797 1954 3013 2009 tertium
3046 1953 3138 2009 lilii
3169 1955 3454 2025 imperium

1866 2043 2200 2109 sortiuntur;
2258 2045 2454 2101 deinde
2504 2036 2752 2117 quartum
2805 2048 3086 2105 domestici
3139 2060 3456 2121 occupant:

1866 2150 1987 2207 nam
2035 2137 2088 2190 hi
2121 2152 2334 2207 quoque
2383 2139 2651 2208 imperant
2680 2138 2998 2204 minoribus,
3048 2150 3100 2197 et
3141 2156 3278 2198 unus
3312 2158 3459 2214 stupe

1864 2230 2115 2286 omnibus
2161 2234 2449 2302 prtefectns
2500 2231 2630 2299 fuit,
2675 2233 2878 2290 domini
2918 2234 3162 2291 ordinem
3211 2250 3456 2303 servans,

1863 2332 2115 2379 caeterum
2144 2333 2201 2378 ut
2224 2324 2571 2380 domesticus.
2591 2325 2660 2380 Et
2689 2337 2812 2396 post
2844 2326 2946 2383 hoc
2972 2328 3117 2383 aliud
3146 2344 3331 2384 rursus
3356 2329 3458 2384 im-

1865 2415 2070 2486 perium
2089 2415 2165 2489 (a)
2184 2414 2262 2489 [et
2284 2417 2334 2471 in
2352 2418 2504 2489 ipsis,
2533 2419 2811 2487 imperium
2836 2419 3141 2488 mulierum,
3173 2421 3458 2491 imperium

1867 2506 2158 2580 filiorum],
2207 2517 2263 2564 et
2305 2508 2361 2564 in
2392 2509 2524 2580 ipsis
2568 2509 2693 2564 filiis
2721 2524 2908 2565 rursus
2958 2511 3103 2565 aliud
3157 2512 3457 2567 secundum

1872 2609 2078 2656 rtatem
2116 2611 2171 2657 et
2219 2602 2515 2657 secundum
2558 2617 2745 2658 sexum
2780 2620 2794 2657 :
2829 2618 2934 2658 non
2984 2604 3127 2659 enim
3170 2605 3223 2659 in
3273 2605 3459 2660 liberis

1865 2692 2114 2748 similiter
2141 2694 2476 2749 dominatum
2504 2696 2710 2751 obtinet
2748 2695 2966 2751 femina.
3008 2697 3076 2751 Et
3118 2698 3315 2767 ubique
3346 2697 3459 2753 fere

1866 2783 2007 2840 Deus
2065 2783 2361 2856 frequentia
2402 2784 2527 2841 fecit
2578 2787 2837 2856 imperia,
2894 2795 2953 2841 ιιι
3004 2789 3186 2841 omnia
3237 2788 3287 2842 in
3319 2803 3453 2843 cen-

1865 2878 2047 2932 cordia
2089 2887 2370 2932 manerent
2407 2887 2460 2932 et
2496 2877 2547 2931 in
2586 2888 2733 2932 recto
2773 2877 2983 2933 ordine.
3038 2878 3265 2946 Idcirco,
3299 2890 3456 2935 ante-

1866 2984 2025 3039 quam
2062 2984 2231 3040 genus
2279 2968 2568 3024 humanum
2615 2969 3083 3039 multiplicaretttr,
3131 2984 3251 3026 cum
3297 2971 3460 3041 primi

1866 3060 1974 3116 duo
1991 3070 2193 3116 tantum
2210 3071 2417 3128 essent,
2433 3060 2593 3132 jussit
2614 3060 2754 3116 hunc
2773 3062 3060 3132 imperare,
3081 3062 3224 3116 illam
3249 3077 3458 3132 parere.

1867 3152 1936 3208 Et
1979 3168 2047 3209 ne
2090 3166 2280 3208 rursus
2327 3153 2472 3207 illam
2508 3161 2565 3207 ut
2593 3153 2858 3209 minorem
2907 3153 3246 3224 despiceret,
3287 3163 3343 3210 et
3368 3155 3459 3209 illa

1866 3246 2287 3312 abscinderetur,
2335 3246 2456 3301 vide
2498 3246 2770 3316 quomodo
2815 3246 2960 3300 illam
3004 3246 3352 3311 honoraverit
3398 3256 3455 3302 et

1868 3341 2226 3412 conjunxerit,
2256 3340 2417 3396 etiam
2448 3350 2573 3396 ante
2593 3340 2947 3396 creationem.
2974 3339 3106 3395 Nam
3128 3341 3203 3394 ait
3232 3358 3245 3394 :
3283 3339 3461 3394 Facia-

1868 3450 1981 3488 mus
2007 3433 2088 3487 illi
2116 3433 2402 3504 adjutorcm
2450 3431 2599 3503 (Gen.
2628 3433 2682 3487 ‘2.
2716 3433 2809 3502 £8)
2839 3448 2854 3497 ;
2899 3432 3189 3487 ostendens
3225 3431 3366 3486 illam
3410 3433 3463 3486 in

1872 3541 2025 3581 usum
2072 3524 2264 3581 factam
2294 3523 2495 3591 fuisse,
2526 3534 2580 3579 et
2608 3524 2708 3578 hac
2739 3524 2947 3578 ratione
2983 3523 3282 3578 concilians
3314 3522 3460 3578 illum

1871 3633 1994 3673 cum
2021 3634 2106 3682 ea,
2138 3634 2258 3687 qua:
2286 3628 2507 3688 propter
2547 3617 2721 3686 ipsum
2766 3614 2905 3671 facta
2934 3614 3033 3670 fuit
3062 3632 3076 3669 :
3106 3631 3228 3670 nam
3274 3617 3465 3684 majori

1872 3711 2066 3767 oliveto
2098 3711 2321 3766 ferimur
2359 3725 2485 3780 erga
2527 3725 2590 3765 ea
2619 3724 2739 3780 qua:
2767 3717 2990 3780 propter
3022 3724 3121 3763 nos
3148 3708 3286 3763 facta
3315 3717 3461 3763 sunt.

1873 3805 1945 3862 Ut
1964 3822 2031 3861 ne
2055 3815 2233 3861 autem
2257 3804 2345 3859 illa
2370 3818 2561 3859 rursus
2587 3804 2890 3868 elierretur,
2923 3813 3105 3873 utpote
3131 3802 3183 3856 in
3205 3802 3461 3857 auxilium

1876 3903 1973 3972 ipsi
2001 3899 2144 3964 data,
2177 3908 2230 3955 et
2260 3899 2363 3953 hoc
2385 3907 2660 3968 rumperet
2687 3898 2983 3965 vinculum,
3021 3910 3086 3952 ex
3120 3896 3285 3951 latere
3314 3894 3461 3949 illam

1875 3994 2022 4059 fecit,
2071 3991 2365 4047 ostendens
2407 3989 2553 4044 illam
2597 3999 2799 4059 partem
2833 4002 2955 4043 esse
2989 3987 3154 4042 totius
3195 3986 3464 4054 corporis.

1879 4085 1949 4143 Ut
1974 4095 2152 4141 autem
2196 4098 2370 4154 neque
2401 4083 2484 4137 vir
2524 4082 2650 4137 inde
2688 4081 3058 4147 cxtollerctur,
3089 4094 3195 4134 non
3241 4078 3471 4147 amplius

1876 4182 2006 4239 sinit
2034 4194 2154 4237 esse
2180 4179 2367 4240 solius.
2397 4176 2540 4249 quod
2569 4176 2739 4232 solius
2768 4176 2998 4246 primum
3031 4175 3126 4229 luit
3158 4190 3173 4239 ;
3214 4171 3309 4227 sed
3335 4186 3466 4227 con-

1881 4275 2100 4332 trarium
2147 4273 2295 4339 fecit,
2343 4272 2631 4327 liberorum
2683 4268 3112 4339 procreationem
3161 4265 3471 4329 inducens;

1879 4376 1934 4422 et
1959 4365 2058 4420 hac
2086 4364 2137 4419 in
2166 4379 2225 4418 re
2249 4361 2466 4434 quidem
2493 4361 2665 4416 virum
2709 4358 3025 4431 praeferens,
3073 4373 3248 4428 neque
3290 4364 3468 4411 tamen

1881 4467 2049 4515 totum
2073 4457 2172 4527 ipsi
2201 4455 2529 4526 relinquens.
3096 4440 3099 4445 ’

1950 4551 2005 4606 4.
2041 4547 2284 4603 Vidistin‘
2306 4554 2432 4617 quot
2467 4545 2666 4601 amoris
2695 4542 2907 4599 vincula
2937 4542 3077 4597 Deus
3109 4539 3341 4596 fecerit?
3363 4539 3472 4596 Sed

1884 4642 2000 4700 Iuec
2039 4641 2254 4714 quidem
2301 4657 2367 4696 ex
2427 4648 2613 4694 natura
2660 4635 2963 4693 concordiae
3012 4636 3226 4705 pignora
3272 4631 3473 4703 posuit.

1880 4732 2015 4792 Nam
2042 4734 2184 4806 quod
2212 4748 2277 4788 ex
2318 4731 2508 4788 eadem
2545 4728 2847 4793 substantia
2897 4727 2986 4789 sit,
3032 4725 3098 4779 ad
3142 4725 3243 4779 hoc
3281 4722 3430 4778 ducit
3461 4741 3475 4777 ξ

1882 4846 2043 4887 omne
2072 4830 2272 4901 quippe
2310 4823 2510 4881 animal
2553 4821 2694 4893 quod
2734 4821 2913 4876 simile
2957 4819 3056 4889 ipsi
3099 4826 3184 4873 est
3208 4826 3391 4881 amat;
3424 4824 3477 4870 ct

1883 4923 2025 4998 quod
2051 4922 2246 4978 mulier
2275 4920 2345 4976 sit
2375 4933 2439 4974 ex
2465 4920 2585 4973 viro
2608 4958 2623 4983 ,
2656 4922 2711 4969 et
2738 4911 2880 4984 quod
2911 4925 2978 4967 ex
3004 4919 3232 4980 utroque
3262 4923 3476 4963 rursum

1884 5018 1990 5075 sint
2020 5014 2135 5071 ﬁlii.
2156 5013 2319 5071 Unde
2348 5012 2511 5067 etiam
2543 5016 2836 5064 nascuntur
2863 5004 3021 5061 multi
3057 5003 3281 5058 affectus
3309 5002 3475 5057 modi.

1885 5110 2039 5166 Illum
2085 5121 2316 5179 namque
2358 5113 2415 5159 ut
2444 5110 2652 5175 patrem
2680 5114 2921 5156 amamus
2943 5139 2959 5165 ,
2997 5097 3146 5152 illum
3190 5104 3251 5152 ut
3276 5110 3479 5162 avum;

1886 5215 1935 5261 et
1966 5204 2110 5260 illam
2137 5212 2195 5256 ut
2222 5208 2476 5263 matrem,
2504 5197 2658 5252 istam
2700 5201 2759 5248 ut
2783 5192 3088 5255 nutricem;
3133 5189 3295 5245 alium
3329 5197 3386 5242 ut
3412 5188 3480 5241 ti-

1886 5298 2040 5366 lium,
2067 5305 2126 5353 ut
2171 5302 2444 5365 nepotem,
2485 5299 2542 5345 ut
2586 5292 2980 5359 pronepotem;
3026 5283 3187 5337 aliam
3216 5289 3276 5337 ut
3316 5280 3481 5336 ﬁliam

1886 5399 1944 5448 et
1966 5397 2024 5445 ut
2047 5388 2249 5444 sororis
2277 5384 2437 5440 ﬁliam
2464 5401 2477 5437 :
2497 5389 2549 5437 et
2570 5380 2713 5435 hunc
2732 5378 2946 5450 quidem
2974 5384 3032 5431 ut
3052 5374 3292 5442 fratrem,
3316 5374 3478 5428 alimn

1886 5500 2018 5541 vero
2048 5492 2105 5538 ut
2132 5479 2427 5553 patruelem
2452 5495 2466 5541 ;
2496 5476 2654 5531 aliam
2685 5481 2744 5529 ut
2768 5486 3032 5539 sororem,
3059 5469 3219 5524 aliam
3250 5476 3309 5522 ut
3346 5481 3482 5522 con-

1887 5576 2180 5636 sobrinam.
2212 5572 2281 5629 Et
2313 5568 2441 5642 quid
2470 5582 2606 5638 Opus
2634 5574 2719 5623 est
2745 5577 3035 5620 recensere
3070 5562 3249 5617 omnia
3279 5574 3483 5629 cogna-

1888 5669 2052 5727 tionis
2080 5664 2298 5722 nomina
2325 5662 2349 5717 ?
2382 5658 2720 5732 Excogitavit
2745 5657 2906 5713 etiam
2949 5655 3109 5710 aliam
3139 5650 3363 5706 affectus
3389 5664 3482 5701 oc-

1887 5767 2159 5826 casionem
2194 5781 2209 5818 :
2231 5758 2516 5833 prohibitis
2537 5755 2681 5813 enim
2708 5760 3058 5825 cognatorum
3084 5743 3390 5808 connubiis,
3413 5740 3480 5796 ad

1955 5924 2029 5988 (a)
2061 5920 2254 5972 Uncinis
2270 5914 2433 5968 clausa
2457 5924 2487 5964 e
2514 5908 2802 5964 Conuucliu.
2827 5902 3179 5968 supplevimus.
