3962 6450
561 440 662 496 291

562 556 772 611 alienos
799 549 981 606 eduxit
1010 562 1106 601 nos
1126 586 1138 607 ,
1174 545 1404 611 illosque
1434 553 1645 594 rursum
1688 535 1755 589 ad
1785 551 1881 588 nos
1909 534 2152 587 attraxit.

566 647 701 712 Quia
734 644 876 699 enim
908 658 939 695 a
965 637 1189 694 naturali
1215 635 1304 687 illa
1336 631 1652 702 cognatione
1677 645 1781 681 non
1814 627 2007 680 licebat
2035 624 2155 677 illos

566 740 724 794 nobis
749 733 1020 804 conjungi,
1050 748 1077 784 a
1102 727 1377 785 connubio
1399 739 1585 781 rursus
1605 721 1902 792 conjunxit,
1923 721 2156 787 integras

563 831 755 885 domos
785 842 881 897 per
906 838 1069 877 unam
1099 834 1347 890 sponsam
1373 817 1726 886 conjungens,
1764 821 1818 867 et
1846 826 2039 881 genera
2073 811 2155 862 iu-

564 934 712 990 tegra
741 915 1033 986 generibus
1061 910 1440 967 Commiscens.
1485 906 1569 961 Ne
1591 907 1770 970 ducas,
1804 902 1997 972 inquit,
2030 918 2157 953 uro-

564 1028 669 1066 rem
707 1024 929 1064 sororem
956 1017 1128 1069 luant,
1153 1019 1313 1073 neque
1343 1016 1565 1054 sororem
1604 997 1783 1069 patris,
1816 1011 1975 1064 neque
2001 994 2156 1046 alium

564 1103 785 1174 puellam
833 1114 946 1170 qua:
976 1097 1126 1151 talem
1156 1105 1320 1149 tecum
1357 1092 1707 1164 cognationem
1750 1087 1928 1142 habeat
1959 1083 2156 1158 (Leuit.

563 1194 654 1248 18.
712 1192 849 1248 8-10
881 1194 930 1260 ),
975 1204 1097 1260 qua:
1145 1185 1545 1241 matrimonium
1593 1178 1889 1249 impediat,
1943 1176 2159 1230 nomina

566 1297 774 1355 ponens
802 1278 1109 1351 bujusmodi
1141 1277 1542 1348 cognationum.
1575 1271 1693 1327 'I‘ibi
1719 1269 1918 1324 snflieit
1942 1268 2008 1322 ad
2037 1267 2159 1322 illo-

565 1393 682 1430 rum
731 1373 983 1428 affectum
1036 1369 1396 1431 trahendum,
1451 1364 1594 1435 quod
1637 1361 1853 1420 eodetn'
1888 1369 2036 1429 partu
2087 1358 2160 1412 sis

563 1468 763 1531 editus,
797 1475 850 1520 et
888 1462 1030 1534 quod
1061 1461 1128 1517 ad
1162 1469 1213 1515 te
1248 1459 1406 1514 aliter
1432 1456 1551 1511 alia:
1578 1464 1822 1526 spectent
1848 1453 2157 1506 affinitates.

565 1560 672 1614 Cur
700 1559 750 1613 in
783 1566 1066 1627 angustum
1092 1554 1291 1625 redigis
1314 1551 1649 1606 latitudinem
1671 1548 1909 1603 caritatis
1939 1546 2078 1599 ?cur
2109 1545 2159 1598 in

567 1653 711 1706 illam
758 1650 954 1704 frustra
1000 1647 1229 1715 suscipis
1283 1643 1533 1699 amicitiae
1572 1655 1813 1705 causam,
1862 1654 1957 1708 per
2001 1652 2159 1706 quam

567 1753 723 1813 potes
763 1740 920 1795 aliam
951 1737 1204 1808 consequi
1249 1735 1501 1791 amicitia:
1534 1733 1895 1796 occasionem,
1940 1741 2163 1785 externa

568 1835 783 1891 inducta
816 1847 1004 1896 uxore,
1034 1840 1087 1886 et
1115 1846 1209 1900 per
1233 1831 1378 1884 illam
1414 1826 1675 1882 inducens
1699 1833 2050 1895 cegnatorum
2075 1837 2163 1877 se-

568 1931 724 1986 riem.
758 1937 1002 1988 matrem,
1055 1935 1281 1992 patrem,
1338 1919 1534 1975 fratres
1580 1928 1635 1974 et
1674 1917 1887 1972 illorum
1934 1915 2165 1971 afﬁnes?

571 2018 759 2071 Viden‘
802 2027 929 2085 quot
976 2014 1148 2068 modis
1177 2028 1275 2067 nos
1305 2010 1640 2082 colligat-erit
1664 2009 1687 2062 ’ἒ
1714 2011 1963 2063 Attamen
1993 2023 2165 2076 neque

574 2110 657 2163 Itis
685 2118 972 2163 contentus
998 2104 1114 2168 fuit,
1146 2104 1239 2158 sed
1265 2103 1425 2157 ctiatn
1450 2099 1629 2156 effecit
1657 2109 1714 2155 ut
1740 2099 1832 2154 alii
1864 2098 1985 2154 aliis
2024 2098 2165 2152 intll-

568 2214 838 2271 geremus,
866 2208 921 2251 ut
941 2196 1103 2251 etiam
1135 2195 1212 2249 sic
1243 2208 1342 2248 nos
1367 2192 1737 2262 eonjnngcret,
1761 2190 1885 2261 quia
1907 2188 2168 2243 amicitias

572 2309 701 2349 usus
729 2292 872 2347 facit.
922 2289 1048 2345 Ideo
1076 2304 1181 2344 non
1210 2288 1408 2357 ubique
1437 2286 1614 2340 omnia
1642 2284 1785 2355 gigni
1826 2284 2085 2353 permisit,
2112 2291 2169 2336 ut

574 2387 699 2440 hinc
744 2384 907 2439 etiam
940 2397 1040 2436 nos
1069 2388 1289 2451 cogeret
1330 2394 1451 2432 cum
1481 2377 1599 2431 aliis
1627 2375 1989 2431 commisceri.
2031 2372 2165 2428 Cum

574 2494 734 2548 porro
765 2474 892 2532 illud
919 2473 1187 2531 etTecissct
1236 2480 1295 2526 ut
1334 2472 1471 2526 alter
1495 2470 1666 2525 altero
1691 2482 1969 2537 egeremus
1991 2510 2007 2535 ,
2039 2466 2168 2521 faci-

572 2572 678 2624 lem
726 2568 954 2623 reddidit
997 2565 1433 2621 commixtionetn
1467 2581 1480 2616 :
1514 2561 1613 2615 nisi
1662 2560 1804 2615 enim
1853 2557 1955 2613 ltoe
1985 2568 2165 2619 esset,

572 2661 738 2715 altera
766 2659 891 2713 hinc
916 2657 1160 2712 molestia
1189 2666 1238 2710 et
1265 2652 1556 2709 diflieultas
1583 2659 1904 2720 emergeret.
1936 2650 1992 2705 Si
2017 2649 2165 2703 enim

574 2751 785 2806 medico
812 2757 1059 2819 egentem
1088 2756 1181 2802 aut
1208 2747 1358 2800 fabro
1395 2755 1485 2798 aut
1511 2746 1619 2798 alio
1658 2744 1866 2799 artiﬁce
1893 2752 2101 2812 oportet
2117 2751 2170 2796 et

574 2857 801 2913 peregre
833 2840 1117 2912 proﬁcisci,
1150 2848 1317 2893 totum
1353 2837 1570 2906 periret.
1597 2834 1723 2889 Ideo
1753 2842 1806 2889 et
1831 2835 1989 2889 urbes
2013 2848 2171 2902 para-

577 2936 674 3000 vit,
698 2941 751 2987 et
774 2946 965 2985 omnes
987 2927 1143 2983 simul
1161 2926 1461 2995 conjunxit.
1482 2923 1553 2981 Ut
1572 2933 1751 2979 autem
1773 2924 1966 2993 eosqui
1988 2922 2171 2992 procul

575 3032 701 3081 sunt
737 3023 893 3078 facile
921 3021 1068 3076 adire
1113 3035 1413 3089 possemus,
1446 3033 1594 3072 mare
1615 3019 1667 3072 in
1695 3017 1873 3072 medio
1909 3017 2169 3081 extendit,

574 3126 630 3172 et
677 3124 957 3169 ventorum
1005 3111 1156 3166 dedit
1199 3110 1550 3174 celeritatem,
1598 3109 1676 3164 sic
1715 3107 1895 3164 faciles
1940 3109 2174 3164 reddens

576 3204 1053 3278 peregrinationes.
1104 3201 1261 3257 Initio
1303 3203 1465 3257 etiam
1512 3216 1700 3254 omnes
1750 3200 1803 3254 in
1851 3214 1959 3255 uno
2000 3201 2175 3271 coegit

578 3301 733 3365 loco;
760 3313 932 3368 neque
961 3298 1108 3367 prius
1137 3294 1414 3365 dispersit,
1447 3284 1623 3348 donec
1645 3293 1679 3346 ii
1706 3292 1795 3363 qui
1819 3294 2048 3362 primum
2077 3293 2174 3347 do-

578 3411 707 3450 num
737 3401 1076 3462 acceperant,
1111 3388 1402 3445 concordia
1431 3387 1499 3441 ad
1539 3388 1738 3441 malum
1767 3387 1846 3439 usi
1877 3394 2043 3451 sunt;
2077 3384 2171 3440 sed

578 3487 813 3557 undique
844 3500 944 3541 nos
968 3483 1208 3553 collegit,
1232 3492 1284 3537 et
1306 3498 1336 3537 a
1366 3490 1553 3536 natura
1587 3490 1640 3534 et
1659 3495 1690 3535 a
1715 3478 2036 3550 cognatione
2062 3488 2113 3533 et
2143 3493 2172 3532 a

578 3581 754 3650 lingua
800 3587 855 3632 et
888 3592 917 3629 a
958 3576 1101 3631 loco.
1139 3575 1217 3630 Ac
1257 3574 1395 3629 sicut
1441 3571 1654 3628 uolebat
1698 3584 1795 3625 nos
1828 3569 2079 3625 excidere
2108 3583 2172 3624 ex

575 3671 924 3743 paradiso;si
946 3671 1091 3725 enim
1122 3668 1401 3732 voluisset,
1432 3682 1539 3721 non
1564 3665 1673 3720 illic
1697 3680 1819 3719 cum
1844 3678 2002 3732 quem
2034 3662 2175 3717 fece-

579 3774 660 3820 rat
689 3763 961 3818 hominem
994 3763 1047 3817 in
1083 3760 1343 3831 principio
1370 3758 1654 3829 posuisset,
1679 3756 1772 3812 sed
1794 3755 1884 3825 qui
1915 3770 2019 3809 non
2044 3755 2174 3808 obe-

579 3858 733 3923 divit,
769 3858 821 3910 in
867 3871 1027 3910 causa
1058 3854 1157 3909 fuit
1191 3873 1202 3908 :
1238 3858 1317 3908 sic
1345 3866 1443 3906 nos
1480 3851 1696 3905 nolebat
1722 3850 1953 3903 diversa:
1982 3848 2173 3917 lingere

580 3965 737 4015 esse;
770 3964 891 4002 nam
918 3947 984 4002 ab
1013 3947 1163 4001 initio
1194 3945 1297 4001 hoc
1326 3944 1540 3999 fecisset
1570 3959 1584 4008 ;
1617 3957 1758 3996 nunc
1778 3952 1957 3995 autem
1987 3945 2037 3994 in
2066 3948 2173 3993 tota

581 4052 724 4096 terra
757 4039 954 4094 labium
1000 4045 1118 4093 erat
1158 4052 1319 4092 unutn
1360 4044 1417 4091 et
1451 4050 1551 4088 vox
1593 4048 1698 4087 una
1740 4030 2012 4085 omnibus.
2046 4030 2176 4084 Pro-

584 4144 764 4203 ptctca
795 4147 892 4186 nec
921 4129 1135 4200 quando
1158 4138 1357 4184 terram
1384 4127 1619 4197 oportuit
1637 4123 1828 4187 deleri,
1855 4138 1952 4176 nos
1977 4137 2042 4176 ex
2066 4122 2172 4175 alia

586 4223 708 4278 fecit
752 4222 995 4284 materia,
1031 4236 1207 4290 neque
1246 4219 1451 4291 justum
1496 4215 1807 4279 transtulit;
1842 4212 1936 4269 sed
1983 4212 2076 4267 illo
2123 4214 2175 4266 in

584 4315 773 4371 mediis
791 4315 1039 4369 fluctibus
1058 4313 1304 4377 dimisso,
1329 4310 1480 4380 quasi
1502 4309 1730 4381 quadam
1753 4306 1900 4361 orbis
1921 4304 2174 4371 scintilla,

583 4425 752 4481 genus
782 4416 1023 4463 nostrum
1057 4420 1243 4461 rursus
1270 4404 1519 4459 accendit
1540 4419 1605 4458 ex
1638 4406 1796 4458 beato
1824 4403 1915 4457 illo
1944 4402 2075 4458 Noe.
2110 4401 2179 4457 Et

584 4503 653 4557 ab
681 4501 834 4556 initio
864 4500 1079 4570 quidem
1110 4514 1273 4553 unum
1316 4497 1443 4551 fecit
1474 4496 1757 4566 imperium
1787 4496 1959 4551 virum
1998 4492 2171 4562 prtuli-

584 4596 735 4647 ciens
778 4589 988 4645 mulieri
1022 4609 1033 4642 :
1066 4589 1189 4658 quia
1217 4601 1347 4642 vero
1375 4601 1547 4657 genus
1588 4593 1828 4640 nostrum
1860 4584 1914 4638 in
1955 4584 2178 4639 multam

585 4682 788 4738 decidit
817 4680 1021 4734 ordinis
1049 4684 1407 4741 eversionem,
1435 4678 1540 4732 alia
1569 4692 1780 4748 quoque
1809 4676 2029 4746 imperia
2052 4692 2181 4731 con-

587 4773 797 4839 stituit,
831 4787 1023 4840 nempe
1067 4771 1410 4824 dominorum
1439 4779 1494 4825 et
1520 4770 1963 4840 magisu'atuum;
1997 4777 2052 4824 et
2081 4767 2183 4825 hoc

589 4874 808 4937 propter
839 4864 1139 4920 caritatem.
1170 4862 1304 4930 Quia
1332 4861 1475 4917 enim
1509 4862 1708 4916 malitia
1739 4875 1910 4932 genus
1941 4870 2180 4914 nostrum

587 4961 749 5016 solvit
771 4967 826 5015 et
847 4959 1083 5029 perimit,
1112 4973 1210 5014 ceu
1237 4955 1499 5027 quosdam
1529 4953 1766 5010 medicos
1797 4955 1848 5007 in
1878 4952 2070 5008 mediis
2096 4969 2184 5008 ur-

590 5053 746 5107 bibus
771 5050 1050 5106 constituit
1077 5050 1166 5120 qui
1184 5048 1386 5119 judicia
1410 5045 1637 5108 ferrent,
1671 5052 1730 5099 ut
1753 5043 2008 5114 deinceps
2032 5044 2185 5099 maliv

590 5144 715 5197 tiam
748 5158 846 5198 ceu
885 5141 1168 5212 quamdam
1196 5138 1435 5195 caritatis
1480 5147 1685 5208 pestem
1715 5136 2055 5191 eliminantes
2083 5176 2096 5201 ,
2131 5136 2184 5190 in

592 5251 751 5290 unum
786 5250 884 5289 nos
907 5243 1183 5301 cogerent.
1213 5232 1283 5289 Ut
1313 5240 1492 5286 autem
1523 5246 1628 5286 non
1658 5230 1829 5284 solum
1858 5228 1912 5283 in
1939 5228 2181 5290 urbibus,

594 5328 685 5383 sed
717 5329 879 5381 etiam
906 5327 956 5380 in
985 5326 1211 5397 singulis
1232 5322 1486 5380 domibus
1513 5324 1678 5378 multa
1701 5322 1987 5378 concordia
2011 5331 2182 5385 esset;

592 5435 714 5473 cum
742 5418 917 5473 virum
946 5418 1172 5488 imperio
1197 5426 1253 5471 et
1283 5415 1646 5486 prtecellentia
1677 5415 1997 5470 Itonorasset
2018 5454 2032 5477 ,
2064 5430 2186 5467 nnt-

593 5512 776 5567 lierem
808 5522 985 5566 autem
1026 5509 1462 5580 concupiscentia
1491 5515 1791 5572 armasset,
1838 5514 1897 5562 et
1934 5520 2187 5575 procrea-

594 5606 754 5660 tionis
780 5604 1071 5660 liberorum
1100 5603 1301 5657 donum
1328 5605 1381 5656 in
1410 5602 1589 5658 medio
1618 5617 1803 5656 eorum
1826 5600 2182 5670 deposuisset,

594 5696 695 5749 alia
726 5712 846 5751 cum
898 5695 982 5759 bis
1024 5709 1145 5764 qua:
1188 5694 1465 5749 caritatem
1505 5695 1859 5750 conciliarent
1888 5703 2183 5762 apparavit.

599 5784 778 5855 Neque
820 5786 962 5841 enim
992 5784 1171 5838 omnia
1199 5785 1443 5854 permisit
1469 5785 1584 5839 viro
1604 5826 1619 5851 ,
1654 5799 1828 5855 neque
1854 5785 2035 5838 omnia
2066 5800 2185 5838 mu-

600 5872 739 5937 lieri,
773 5875 865 5929 sed
892 5886 945 5930 et
989 5875 1105 5929 haec
1134 5874 1421 5945 unicuique
1448 5874 1664 5944 divisit,
1699 5871 1908 5929 mulieri
1940 5871 2184 5942 domum,

1242 430 1297 486 S.
1336 424 1613 484 JOANNlS
1650 417 2119 479 CHRYSOSTOMI
2157 414 2476 472 ARCHIEl‘.
2516 413 3045 473 CONSTANTIXOP.
3717 425 3797 481 3!);

2267 529 2384 585 viro
2407 528 2579 583 forum
2609 529 2966 600 consignans;
2994 540 3050 586 et
3075 531 3188 586 viro
3205 531 3421 604 quidem
3441 544 3499 589 ut
3523 535 3693 605 aleret,
3718 549 3801 596 ter-

2269 637 2383 676 ram
2409 621 2554 676 enim
2595 620 2759 689 colit;
2789 622 3003 677 mulieri
3032 637 3162 678 vero
3190 632 3247 679 ut
3273 625 3523 692 vestiret,
3562 629 3658 684 tela
3688 632 3800 687 cuitu

2262 724 2318 769 et
2354 713 2508 768 colus
2552 722 2678 768 sunt
2720 714 2964 769 mulieris
2997 731 3011 769 :
3043 714 3161 786 ipse
3201 731 3432 787 namque
3468 718 3608 775 dedit
3631 721 3804 780 mulieri

2266 806 2482 861 texendi
2525 806 2867 861 industriam.
2912 807 3020 864 Sed
3066 818 3250 879 pereat
3288 813 3547 878 avaritia,
3592 830 3700 885 qua:
3723 834 3804 873 non

2264 900 2393 953 sinit
2416 898 2556 953 hanc
2576 913 2838 968 apparere
2857 898 3235 955 differentiam.
3258 900 3391 957 Nam
3411 904 3685 961 multorum
3704 910 3808 963 mol-

2265 990 2407 1044 lities
2439 989 2586 1044 viros
2612 988 2680 1043 ad
2711 990 2843 1044 telas
2873 989 3125 1059 deduxit,
3166 1002 3221 1046 ct
3264 993 3441 1049 radios
3482 996 3558 1050 eis
3580 997 3632 1051 in
3656 1014 3807 1055 manus

2262 1080 2412 1135 dedit
2455 1089 2510 1135 et
2553 1080 2870 1152 subtegmen
2915 1091 2970 1137 ει
2997 1084 3249 1139 stamina.
3282 1085 3532 1143 Attamen
3569 1089 3643 1144 sic
3679 1092 3806 1146 etiam

2265 1169 2430 1241 fulget
2457 1169 2655 1226 divina:
2697 1173 3113 1242 dispensationis
3158 1176 3513 1246 providentia.
3556 1179 3678 1236 Nam
3715 1198 3807 1237 mu-

2265 1264 2396 1319 liere
2435 1264 2488 1318 in
2517 1264 2637 1319 aliis
2663 1265 2826 1320 etiam
2864 1265 3154 1323 admodum
3184 1271 3505 1326 necessariis
3530 1286 3657 1343 opus
3678 1272 3807 1330 babe-

2267 1371 2406 1416 mus.
2430 1365 2485 1410 et
2506 1357 2806 1411 minoribus
2831 1357 2884 1411 in
2905 1358 2971 1412 iis
2994 1374 3115 1428 quas
3133 1361 3297 1415 vitam
3318 1363 3592 1419 continent
3616 1374 3807 1419 nostram

2266 1446 2600 1517 indigemus;
2634 1456 2888 1518 tantaque
2928 1457 3014 1505 est
3055 1452 3351 1507 necessitas
3373 1495 3389 1518 ,
3419 1460 3479 1508 ut
3505 1454 3698 1508 etiamsi
3720 1456 3809 1524 quis

2266 1539 2505 1593 omnium
2534 1539 2605 1593 sit
2634 1538 2913 1595 hominum
2945 1540 3264 1610 ditissimus,
3294 1558 3473 1614 neque
3495 1545 3571 1600 sic
3597 1544 3687 1601 hac
3708 1561 3809 1600 con-

2262 1632 2541 1703 junctione
2582 1632 2861 1699 liberetur,
2909 1634 2983 1689 ita
3014 1643 3072 1689 ut
3094 1634 3259 1691 etiam
3304 1635 3561 1693 inferiore
3586 1653 3705 1708 opus
3737 1639 3811 1692 ba-

2271 1726 2411 1781 beat.
2441 1724 2625 1795 Neque
2651 1726 2796 1780 enim
2827 1740 3089 1796 pauperes
3117 1727 3292 1782 solum
3333 1742 3472 1799 opus
3499 1729 3685 1785 habent
3706 1729 3812 1785 divi-

2270 1818 2434 1885 tibus,
2465 1818 2561 1873 sed
2587 1818 2750 1873 etiam
2775 1818 2971 1874 divites
3000 1822 3350 1891 pauperibus,
3384 1831 3438 1877 et
3458 1821 3514 1876 bi
3542 1824 3695 1894 magis
3715 1824 3810 1892 illis,

2268 1928 2426 1983 quam
2457 1911 2533 1966 illi
2565 1911 2703 1967 istis.

2342 2007 2393 2061 5.
2436 2005 2507 2061 Et
2549 2015 2607 2061 ut
2638 2006 2739 2061 hoc
2785 2006 2983 2062 clarius
3027 2006 3234 2075 videas,
3279 2008 3557 2075 faciamus,
3584 2011 3626 2064 si
3653 2011 3806 2079 placet,

2270 2097 2403 2153 duas
2428 2095 2625 2162 urbes;
2653 2098 2812 2152 aliam
2853 2097 3081 2154 divitum
3125 2109 3357 2165 tantum,
3386 2102 3543 2156 aliam
3574 2118 3690 2157 vero
3714 2118 3813 2172 pau-

2274 2206 2490 2262 perum;
2523 2199 2582 2245 et
2610 2206 2784 2261 neque
2811 2191 2862 2244 in
2893 2206 2956 2246 ea
2984 2207 3104 2261 quae
3129 2192 3357 2247 divitum
3380 2203 3465 2247 est
3488 2194 3558 2249 sit
3576 2194 3684 2264 quis
3708 2209 3811 2263 pau.

2275 2296 2389 2351 per,
2422 2296 2598 2351 neque
2624 2282 2677 2335 in
2708 2297 2769 2336 ea
2800 2299 2920 2354 qua:
2965 2298 3260 2353 pauperum
3307 2296 3395 2340 est
3434 2286 3501 2340 sit
3528 2287 3643 2357 quis
3676 2286 3809 2352 dives,

2271 2373 2365 2429 sed
2391 2381 2670 2443 utramque
2696 2383 2887 2430 exacte
2915 2390 3281 2446 expurgemus
3305 2397 3319 2431 :
3346 2385 3401 2432 et
3426 2377 3686 2434 videamus
3698 2394 3811 2449 quae-

2273 2480 2395 2519 nam
2427 2465 2598 2535 magis
2623 2465 2725 2520 sibi
2750 2465 3002 2523 sufﬁcere
3031 2469 3248 2536 poterit.
3275 2468 3336 2525 Si
3361 2470 3503 2525 enim
3528 2469 3812 2526 inveniamus

2273 2572 2393 2613 eam
2417 2572 2537 2627 qua:
2565 2558 2757 2627 possit,
2781 2573 2902 2614 esse
2938 2574 3230 2632 pauperum
3262 2561 3475 2629 urbem,
3522 2564 3682 2632 palam
3717 2564 3809 2626 erit,

2273 2649 2420 2722 qLod
2448 2649 2645 2705 divites
2676 2652 2846 2721 magis
2893 2651 3001 2706 illis
3031 2651 3332 2723 indigeant.
3365 2655 3549 2724 Itaque
3574 2654 3624 2710 in
3650 2655 3726 2710 illa
3749 2654 3811 2709 di-

2276 2744 2445 2799 vitum
2473 2743 2606 2799 urbe
2629 2744 2808 2798 nullus
2836 2744 2941 2799 erit
2963 2744 3184 2812 artifex,
3220 2761 3331 2801 non
3373 2748 3702 2814 architectus,
3729 2762 3807 2800 non

2276 2836 2444 2901 faber,
2473 2850 2582 2891 non
2621 2844 2773 2890 sutor
2802 2836 3122 2902 ealeearius,
3159 2854 3265 2892 non
3301 2840 3494 2910 pistor,
3525 2855 3623 2894 non
3647 2840 3811 2908 agrico-

2277 2929 2350 2995 la,
2394 2944 2502 2984 non
2544 2926 2699 2983 faber
2727 2929 2974 2995 aerarius,
3014 2943 3121 2984 non
3170 2928 3380 2985 funium
3428 2940 3708 2995 contestor,
3733 2946 3811 2983 non

2274 3023 2421 3079 aliud
2453 3022 2745 3094 quidquam
2780 3022 3105 3092 hujusmodi.
3142 3022 3275 3091 Quis
3301 3025 3448 3079 enim
3490 3024 3695 3080 divitum
3718 3038 3811 3077 unt-

2275 3132 2437 3188 quam
2463 3114 2581 3170 baec
2609 3124 2840 3170 tractare
2855 3114 3110 3183 voluerit,
3135 3115 3355 3185 quando
3376 3116 3412 3170 ii
3429 3117 3606 3184 etiam,
3634 3115 3709 3186 qui
3727 3115 3813 3168 hrec

2279 3216 2530 3271 tractant,
2580 3221 2704 3262 cum
2749 3206 2992 3276 opulenti
3037 3205 3258 3273 fuerint,
3290 3222 3401 3262 non
3429 3207 3564 3263 ultra
3599 3205 3812 3262 sustinent

2279 3302 2470 3356 borum
2494 3314 2720 3371 operum
2740 3299 3050 3354 miseriam?
3077 3299 3364 3367 Quomodo
3391 3301 3548 3369 igitur
3562 3299 3699 3354 nobis
3718 3296 3813 3351 urbs

2279 3395 2428 3449 istaec
2456 3393 2755 3448 consistet?
2783 3390 3094 3460 Numerata,
3145 3392 3382 3463 inquies,
3431 3393 3640 3463 pecunia
3666 3390 3815 3446 divites

2279 3489 2393 3545 inec
2423 3504 2453 3543 a
2502 3487 2829 3558 pauperibus
2874 3494 3076 3541 ement.
3108 3486 3250 3557 Ergo
3276 3503 3388 3541 non
3430 3487 3530 3542 sibi
3560 3486 3676 3555 ipsis
3697 3480 3812 3538 sufﬁ-

2278 3581 2444 3645 cient,
2475 3580 2518 3634 si
2553 3579 2661 3632 illis
2688 3577 2979 3649 indigeant.
3002 3577 3285 3645 Quomodo
3316 3588 3498 3633 autem
3525 3577 3698 3632 domos
3719 3570 3814 3627 aedi-

2282 3669 2552 3727 ficabunt?
2580 3685 2647 3724 an
2691 3667 2797 3724 ltoe
2837 3669 2998 3724 etiam
3042 3669 3263 3724 ement?
3304 3670 3402 3725 sed
3446 3670 3496 3725 id
3533 3677 3699 3723 natura
3734 3677 3811 3718 non

2282 3764 2461 3819 habet.
2495 3763 2638 3833 Ergo
2666 3777 2888 3818 necesse
2912 3771 2996 3817 est
3024 3761 3131 3816 huc
3163 3761 3406 3819 artiﬁces
3434 3776 3667 3827 evocare,
3693 3767 3735 3814 et
3757 3756 3814 3809 le-

2278 3871 2400 3928 gem
2447 3870 2818 3924 corrumpere,
2860 3870 3021 3924 quam
3050 3854 3204 3909 initio
3235 3859 3510 3924 posuimus
3534 3868 3645 3910 eum
3671 3850 3811 3904 urbem

2282 3948 2474 4005 incolis
2498 3947 2927 4002 instrueremus:
2956 3946 3280 4002 meministis
3325 3948 3468 4002 enim
3508 3944 3640 4016 quod
3662 3938 3812 3997 dixeri-

2283 4054 2424 4105 mus,
2459 4037 2727 4093 neminem
2756 4052 2878 4092 esse
2904 4036 3049 4091 intus
3075 4052 3391 4106 pauperem.
3414 4038 3518 4094 Sed
3539 4042 3812 4092 ecccneces-

2281 4131 2415 4186 sitas
2441 4129 2606 4185 etiam
2632 4128 2788 4183 nobis
2814 4127 3122 4184 nolentibus
3152 4126 3298 4197 ipsos
3334 4129 3607 4184 advocavit
3624 4135 3674 4181 et
3688 4124 3811 4179 intro-

2282 4222 2452 4278 duxit.
2484 4221 2640 4278 Unde
2661 4221 2836 4290 palam
2864 4228 2949 4275 est
2978 4236 3082 4276 non
3112 4236 3271 4291 posse
3291 4222 3413 4278 sine
3438 4219 3728 4293 pauperibus
3749 4226 3810 4267 ur-

2283 4315 2405 4371 bem
2437 4312 2752 4369 subsistere.
2778 4311 2834 4367 Si
2862 4314 3006 4368 enim
3035 4324 3249 4369 maneat
3277 4316 3469 4370 civitas
3492 4314 3677 4370 nullum
3699 4304 3809 4364 exiis

2284 4405 2588 4475 excipiens,
2611 4419 2721 4460 non
2749 4404 2885 4458 ultra
2915 4404 3105 4459 civitas
3123 4405 3246 4473 erit,
3277 4406 3375 4461 sed
3403 4405 3607 4476 peribit.
3628 4402 3724 4458 Non
3738 4397 3807 4467 igi-

2287 4509 2373 4554 tur
2398 4497 2501 4554 sibi
2530 4496 2783 4563 sufﬁciet,
2816 4495 2917 4551 nisi
2948 4497 3101 4553 velut
3123 4509 3435 4555 servatores
3455 4497 3691 4569 quosdam
3714 4507 3806 4563 pau-

2286 4604 2443 4662 peres
2464 4589 2518 4643 in
2547 4603 2607 4644 se
2632 4588 2997 4660 congregarit.
3034 4588 3325 4645 Videamus
3366 4606 3551 4647 rursus
3577 4596 3803 4661 pauperum

2288 4680 2499 4747 urbem,
2529 4694 2654 4734 num
2684 4679 2773 4735 illa
2802 4679 3051 4735 similiter
3077 4681 3128 4735 in
3155 4690 3401 4752 egestate
3421 4682 3594 4753 degat,
3616 4673 3801 4735 divitibus

2287 4775 2515 4847 privata.
2550 4773 2617 4828 Et
2645 4774 2819 4843 primo
2844 4789 3207 4845 expurgemus
3254 4777 3499 4831 oratione
3532 4774 3731 4832 divitias,
3752 4765 3795 4817 ἱΙ·

2290 4866 2476 4935 lasque
2515 4873 2703 4934 aperte
2746 4866 3116 4921 ostendamus.
3159 4866 3427 4934 Quidnam
3469 4877 3586 4922 sunt
3628 4852 3802 4920 divitia?

2289 4958 2520 5023 Aurum,
2550 4965 2854 5026 argentum,
2882 4958 3089 5027 lapides
3120 4959 3361 5028 pretiosi,
3402 4970 3575 5016 vestes
3601 4956 3752 5013 serica:
3770 4958 3805 5001 cl

2293 5065 2574 5120 purpurea:
2599 5060 2652 5105 et
2683 5065 2882 5105 aureae.
2910 5051 3043 5118 Quia
3071 5053 3233 5123 igitur
3255 5063 3477 5125 apparet
3503 5044 3808 5124 quzenamsilll

2290 5144 2514 5210 divniaa,
2546 5143 2879 5212 expellamus
2903 5144 3024 5199 illas
3046 5161 3110 5200 ex
3145 5161 3435 5216 pauperum
3480 5146 3622 5208 urbe,
3649 5141 3688 5197 si
3712 5134 3808 5190 veli—

2291 5252 2412 5292 mus
2441 5251 2733 5306 pauperum
2776 5237 3046 5293 civitatem
3089 5250 3278 5296 exacte
3305 5240 3651 5301 constituere;
3678 5248 3731 5289 ne
3751 5225 3810 5279 νει

2293 5345 2391 5401 per
2421 5330 2688 5385 somnium
2720 5330 2828 5385 illic
2853 5347 3040 5387 aurum
3071 5344 3346 5404 appareat,
3378 5350 3545 5406 neque
3564 5330 3671 5388 talia
3691 5320 3811 5379 vesu-

2295 5431 2504 5487 menta;
2528 5421 2572 5475 si
2596 5422 2676 5476 vis
2695 5431 2895 5487 autem,
2922 5439 3097 5494 neque
3122 5437 3423 5497 argentum,
3443 5439 3603 5497 neque
3620 5433 3721 5475 vasa
3745 5427 3809 5466 ar-

2292 5524 2507 5584 gentea.
2538 5512 2677 5582 Quid
2706 5515 2877 5585 ergo?
2903 5515 2989 5571 dic
3014 5517 3167 5584 mihi,
3197 5519 3389 5575 ideone
3422 5520 3474 5574 in
3501 5521 3712 5588 egeSIate
3735 5506 3809 5563 erit

2295 5609 2413 5661 hate
2443 5606 2608 5662 urbs?
2628 5607 2869 5665 Minime.
2897 5608 2953 5666 Si
2980 5611 3123 5666 enim
3155 5612 3422 5670 aediﬁcare
3460 5615 3698 5683 oportealo
3730 5614 3811 5654 "0"

2294 5712 2429 5752 auro
2460 5713 2561 5753 nec
2586 5708 2809 5770 argento
2837 5717 2938 5756 nec
2968 5706 3270 5775 margaritis
3296 5715 3375 5762 est
3416 5720 3561 5774 opus,
3596 5696 3678 5756 sed
3701 5704 3807 5749 πιεο

2296 5789 2578 5855 manibus;
2604 5791 2849 5847 manibus
2871 5804 3052 5851 autem
3081 5814 3188 5852 neu
3214 5808 3511 5868 utcumque,
3537 5791 3623 5849 sed
3640 5782 3812 5842 callosis

2297 5879 2584 5952 digitisque
2614 5881 2898 5954 induratis,
2929 5889 3122 5946 robore
3156 5892 3340 5958 multo,
3370 5890 3535 5961 lignis,
3564 5875 3806 5953 lapidibus:
