3962 6448
239 399 322 458 τοι
1243 395 1308 449 ΙΝ
1351 394 1572 451 ΕΙῚδΤ.
1610 395 1628 450 1
1666 393 1757 450 AD
1796 408 1799 437 ι

1906 394 1952 449 ἶ.
1998 395 2233 451 ΙΙΟΜΙΙ..
2278 395 2515 452 XXXIV.

239 514 319 568 καὶ
344 511 403 565 δι’
440 508 664 577 ἐκείνης
716 505 982 574 συγγενῶν
1014 504 1274 576 ὁρμαθόν,
1304 508 1399 560 καὶ
1436 506 1667 577 μητέρα,
1703 504 1797 557 καὶ

238 594 451 664 πατέρα,
484 591 583 643 καὶ
601 588 880 657 ἀδελφοὺς,
911 589 1006 641 καὶ
1032 591 1159 651 τοὺς
1183 589 1388 642 τούτων
1421 588 1787 657 ἐπιτηδείους;

240 674 373 738 Εἶδες
405 675 595 735 πόσοις
632 672 852 743 τρόποις
888 673 1036 742 ἡμᾶς
1086 671 1408 743 συνέδησενς
1462 671 1598 724 Ἀλλ’
1645 670 1792 740 ὅμως

236 759 342 812 οὑδέ
370 755 544 810 ταῦτα
572 754 989 826 αὑτῷήρκεσεν,
1021 755 1157 808 ἀλλά
1188 757 1281 809 καὶ
1306 754 1551 826 ἀλλήλων
1573 751 1793 823 χρῄζειν

239 840 635 914 παρεσκεύασεν
659 851 709 903 ι,
759 839 844 891 ἵνα
896 838 991 891 καί
1046 838 1218 901 οὑτως
1275 839 1423 909 ἡμᾶς
1489 837 1790 907 συναγάγῃ.

234 924 410 996 ἐπειδὴ
449 923 686 994 μάλιστα
710 920 809 986 τὰς
838 921 1020 992 φιλίας
1046 922 1104 974 αἱ
1130 925 1312 995 χρεῖαι
1342 921 1574 975 ποιοῦσι.
1606 920 1704 973 Διά
1729 920 1792 989 δή

235 1009 377 1063 τοῦτο
398 1008 519 1061 οὑδὲ
545 1008 722 1060 πάντα
748 1005 924 1077 ἀφῆκε
956 1005 1233 1076 πανταχοῦ
1260 1005 1529 1074 γίνεσθαι,
1552 1005 1637 1057 ἵνα
1664 1005 1795 1057 κάν-

234 1093 415 1146 τεῦθεν
437 1090 695 1162 ἀλλήλοις
730 1089 1127 1159 ἀναμίγνυσθαι
1164 1090 1470 1160 ἀναγκάσῃ.
1507 1087 1796 1156 Καταστή-

236 1195 322 1241 σας
363 1177 421 1230 δέ
456 1177 602 1247 ἡμᾶς
640 1176 700 1228 ἐν
741 1173 899 1245 χρείᾳ
938 1172 1202 1244 ἀλλήλων,
1233 1171 1454 1227 εὔκολον
1494 1171 1655 1225 πάλιν
1697 1169 1795 1241 τὴν

233 1260 500 1331 ἐπιμιξίαν
546 1258 823 1328 ἐποίησενο
859 1257 979 1309 ἐπεὶ
1006 1256 1055 1308 εἰ
1088 1255 1163 1326 μὴ
1193 1255 1352 1309 τοῦτο
1376 1251 1466 1326 ἦν,
1500 1257 1580 1317 εἰς
1603 1254 1795 1324 ἑτέραν

233 1344 412 1415 ἀηδίαν
467 1343 530 1396 τὸ
571 1343 807 1413 πρᾶγμα
856 1340 1172 1413 περιΐστατο
1219 1341 1314 1394 καὶ
1359 1339 1695 1410 δυσχέρειαν.
1733 1337 1794 1391 Εἰ

232 1429 328 1498 γὰρ
366 1426 554 1495 ἰατροῦ
603 1425 855 1495 δεόμενον
887 1424 920 1494 ἢ
962 1424 1212 1487 τέκτονος
1246 1423 1279 1493 ἢ
1315 1423 1501 1492 ἐτέρου
1538 1421 1797 1491 δημιουρ-

230 1514 338 1581 γοῦ,
401 1509 619 1581 μακρὰν
667 1508 774 1561 ἔδει
832 1506 1143 1561 στέλλεσθαι
1195 1506 1525 1575 ἀποδημίαν,
1577 1504 1639 1557 τὸ
1688 1505 1795 1556 πᾶν

226 1594 507 1649 ἀπολώλει.
536 1592 635 1646 Διά
664 1591 729 1663 δὴ
753 1590 911 1644 τοῦτο
940 1590 1033 1644 καὶ
1065 1590 1251 1651 πόλεις
1278 1586 1671 1652 κατεσκεύασε,
1700 1587 1796 1639 καὶ

227 1679 424 1740 πάντας
458 1675 591 1747 ὁμοῦ
623 1676 950 1745 συνήγαγεν.
980 1674 1097 1726 ’Ίνα
1128 1672 1193 1744 δὴ
1235 1673 1329 1727 καὶ
1357 1672 1469 1734 τοῖς
1515 1668 1795 1741 πόρρωθεν

224 1761 420 1832 ῥᾳδίως
445 1755 797 1830 ἐπιχωριάζω
808 1773 928 1827 μεν,
966 1755 1233 1810 θάλατταν
1253 1756 1333 1817 εἰς
1364 1753 1527 1825 μέσον
1550 1752 1792 1822 ἥπλωσε,

222 1845 309 1897 καὶ
343 1843 563 1912 ἀνέμων
606 1840 885 1913 ταχύτητα
927 1838 1128 1903 ἔδωκε,
1173 1838 1361 1910 ῥᾳδίας
1405 1835 1657 1890 ἐντεῦθεν
1696 1835 1795 1897 τὰς

219 1925 526 1997 ἀποδημίας
575 1924 762 1978 ποιῶν.
807 1923 964 1994 Παρὰ
1014 1924 1070 1977 δὲ
1125 1921 1224 1993 τήν
1267 1919 1438 1990 ἀρχὴν
1479 1918 1574 1972 καὶ
1609 1919 1667 1971 ἐν
1714 1918 1795 1972 ἐνὶ

215 2012 427 2072 πάντας
469 2009 744 2077 συνήγαγε
785 2008 991 2078 χωρίῳ,
1037 2007 1133 2060 καὶ
1167 2005 1229 2058 οὑ
1259 2003 1523 2074 πρότερον
1553 2002 1790 2055 διέσπει-

215 2109 331 2163 ρεν,
373 2092 482 2155 ἕως
517 2092 597 2154 είς
627 2090 794 2144 κακὸν
829 2091 1131 2160 ἐχρήσαντο
1157 2090 1225 2158 τῇ
1257 2085 1481 2158 ὁμονοίᾳ
1507 2088 1556 2139 οἰ
1588 2085 1792 2157 πρῶτοι

210 2176 479 2238 λαϐόντες
502 2175 564 2227 τὸ
588 2172 760 2244 δῶρον
782 2188 796 2203 ⁸
836 2172 972 2225 ἀλλὰ
1006 2170 1272 2226 πάντοθεν
1305 2170 1453 2240 ἡμᾶς
1497 2170 1791 2239 συνήγαγε,

211 2261 310 2313 καὶ
351 2258 467 2313 ἀπὸ
496 2258 711 2327 φύσεως
747 2255 842 2310 καὶ
873 2256 982 2309 ἀπὸ
1011 2254 1329 2324 συγγενείας
1360 2254 1453 2307 καὶ
1484 2251 1590 2305 ἀπὸ
1620 2252 1794 2322 γλώτ-

210 2360 317 2412 της
337 2342 434 2395 καὶ
466 2341 573 2395 ἀπὸ
593 2340 779 2393 τόπου.
821 2340 932 2393 Kal
974 2338 1163 2410 ὥσπερ
1204 2338 1304 2391 οὑκ
1348 2335 1595 2389 ἐϐούλετο
1632 2336 1797 2387 ἐκπε-

205 2430 328 2479 σεῖν
360 2424 512 2497 ἡμᾶς
542 2423 634 2476 τοῦ
668 2422 997 2493 παραδείσου
1028 2422 1101 2491 (εί
1133 2419 1243 2491 γὰρ
1279 2418 1547 2480 ἐϐούλετο,
1581 2417 1689 2469 οὐδ’
1729 2416 1795 2469 ἂν

198 2510 330 2562 ἐκεῖ
376 2505 641 2561 κατέθετο
694 2505 753 2559 δν
812 2505 1068 2575 ἐποίησεν
1115 2504 1398 2574 ἄνθρωπον
1437 2501 1534 2573 τὴν
1576 2499 1793 2570 ἀρχὴν),

196 2591 326 2645 ἀλλ’
354 2593 385 2644 ὁ
416 2589 774 2661 παρακούσας
809 2587 979 2652 αἴτιος
997 2606 1011 2619 ο
1043 2586 1216 2650 οὑτως
1246 2587 1367 2640 οὐδὲ
1390 2583 1797 2652 ἀλλογλώσσους

194 2670 356 2728 εἶναι
387 2672 655 2743 ἠθέλησεν
677 2688 691 2701 ·
732 2671 853 2724 ἐπεὶ
887 2670 992 2725 κᾶν
1031 2670 1092 2735 ἐξ
1122 2671 1296 2741 ἀρχῆς
1339 2668 1497 2722 τοῦτο
1536 2667 1793 2737 ἐποίησε*

195 2758 305 2811 νῦν
345 2757 409 2811 δέ
446 2757 597 2809 πᾶσα
630 2757 664 2826 ή
691 2755 760 2825 γῆ
797 2754 969 2825 χεῖλος
996 2754 1052 2806 ἓν
1080 2749 1168 2824 ἦν,
1200 2752 1294 2805 καὶ
1325 2751 1476 2821 φωνὴ
1513 2750 1608 2820 μία
1637 2751 1791 2805 πᾶσι.

195 2840 309 2895 Διά
346 2840 419 2909 δὴ
458 2837 617 2891 τοῦτο
649 2836 771 2890 οὐδὲ
799 2837 963 2907 ἡνίκα
994 2837 1093 2906 τὴν
1131 2836 1236 2906 γῆν
1277 2833 1639 2904 ἀφανισθῆναι
1666 2832 1794 2896 ἔδει,

192 2925 333 2977 οὐδὲ
380 2923 505 2975 τότε
548 2921 697 2991 ἡμᾶς
736 2918 796 2984 ἐξ
836 2918 1004 2987 ἄλλης
1033 2917 1287 2989 ἐποίησεν
1330 2915 1482 2987 ὕλης,
1513 2915 1632 2968 οὑδέ
1664 2932 1799 2984 μετ-

190 3006 388 3077 ἔθηκε
414 3005 509 3059 τὸν
540 3004 769 3066 δίκαιον,
795 3001 909 3054 ἀλλ’
940 3001 1101 3069 ἀφεὶς
1126 3000 1288 3055 αὑτὸν
1319 3000 1376 3053 ἐν
1400 2998 1548 3069 μέσῳ
1571 2997 1649 3068 τῷ
1668 2996 1798 3050 κλυ-

196 3091 426 3160 δωνίῳ,
466 3087 656 3156 ὥσπερ
680 3085 800 3139 τινὰ
832 3082 1106 3154 σπινθῆρα
1136 3085 1235 3154 τῆς
1253 3081 1596 3152 οἰκουμένης,
1626 3081 1799 3151 ἀνῆψε

192 3174 387 3227 πάλιν
409 3171 569 3241 ήμῶν
594 3171 655 3223 τὸ
686 3168 842 3237 γένος
868 3168 1077 3221 ἐκεῖθεν
1105 3168 1213 3221 ἀπὸ
1236 3166 1332 3220 τοῦ
1363 3166 1632 3238 μακαρίου
1652 3166 1796 3223 Νῶε.

186 3257 322 3310 Καὶ
358 3256 421 3323 ἐξ
448 3256 625 3327 ἀρχῆς
654 3253 753 3324 μὲν
798 3252 929 3322 μίαν
961 3252 1217 3322 ἐποίησεν
1261 3251 1457 3324 ἀρχὴν,
1488 3252 1579 3304 τὸν
1633 3251 1800 3324 ἄνδρα

194 3342 531 3410 ἐπιστήσας
560 3340 627 3409 τῇ
659 3335 907 3405 γυναικί’
942 3335 1129 3407 ἐπειδὴ
1156 3334 1213 3388 δέ
1237 3336 1317 3399 είς
1347 3334 1548 3407 πολλὴν
1582 3334 1803 3400 ἐξώκει-

188 3425 297 3477 λεν
342 3421 579 3486 ἀταξίαν
605 3420 667 3473 τὸ
695 3420 851 3489 γένος
891 3419 1070 3490 ἡμῶν,
1103 3419 1200 3472 καὶ
1243 3418 1434 3489 ἐτέρας
1478 3418 1798 3489 κατέστησε,

189 3512 304 3576 τάς
319 3510 440 3564 τῶν
465 3507 742 3563 δεσποτῶν
763 3504 935 3579 [516],
958 3505 1057 3568 τὰς
1071 3505 1180 3560 τῶν
1203 3505 1502 3576 ἀρχόντων·
1535 3503 1802 3558 καὶτοῦτο

188 3588 257 3642 δὲ
284 3590 364 3643 δι’
392 3588 634 3657 ἀγάπην.
652 3584 869 3656 Ἐπειδὴ
895 3583 1055 3656 γάρή
1078 3582 1243 3639 κακία
1273 3583 1577 3638 διαλυτικδν
1600 3584 1692 3637 καὶ
1710 3585 1802 3636 ἀν-

194 3671 500 3743 αιρετικὸν
532 3668 690 3740 ἡμῶν
721 3666 814 3721 τοῦ
848 3667 1061 3735 γένους,
1093 3667 1282 3738 ὥσπερ
1317 3666 1467 3730 τινὰς
1498 3669 1714 3737 ἰατροὺς
1745 3666 1802 3718 ἐν

202 3756 418 3823 μέσαις
439 3756 561 3815 ταῖς
593 3751 812 3805 πόλεσιν
837 3749 1059 3803 ἐκάθισε
1085 3751 1213 3814 τοὺς
1232 3750 1570 3813 δικάζοντας,
1603 3749 1668 3800 ἵν’
1690 3747 1801 3801 ὥσ-

199 3855 319 3910 περ
345 3836 475 3890 τινὰ
499 3836 689 3906 λοιμὲν
710 3833 811 3903 τῆς
840 3833 1062 3904 ἀγάπης
1097 3837 1197 3903 τήν
1238 3833 1437 3887 κακίαν
1474 3831 1801 3886 ἀπελαύνον-

200 3938 327 3984 τες,
372 3920 586 3981 πάντας
618 3920 697 3981 εἰς
726 3916 786 3969 ἐν
827 3918 1228 3985 συναγάγωσιν.
1273 3917 1391 3970 Ἵνα
1421 3915 1479 3969 δὲ
1523 3915 1599 3986 μὴ
1644 3915 1803 3985 μόνον

201 4007 266 4059 ἐν
298 4006 431 4066 ταῖς
455 4002 699 4067 πόλεσιν,
752 3999 890 4054 ἀλλά
922 3999 1015 4053 καὶ
1063 4001 1121 4053 ἐν
1164 4000 1367 4071 ἑκάστῃ
1390 3998 1537 4070 οἰκίᾳ
1574 3998 1739 4069 πολλὴ
1766 4000 1798 4070 ἡ

203 4089 444 4157 ὁμόνοια
468 4081 528 4158 ᾖ,
562 4085 652 4139 τὸν
686 4083 785 4154 μὲν
824 4083 991 4154 ἄνδρα
1031 4086 1096 4155 τῇ
1136 4082 1277 4154 ἀρχῇ
1310 4083 1404 4136 καὶ
1444 4085 1510 4153 τῇ
1557 4082 1799 4154 ὑπεροχῇ

207 4171 482 4242 τιμήσας,
531 4167 632 4238 τήν
665 4166 723 4220 δὲ
775 4168 1010 4234 γυναῖκα
1045 4169 1112 4236 τῇ
1144 4164 1407 4236 ἐπιθυμίᾳ.
1443 4164 1798 4231 καθοπλίσας,

211 4255 309 4306 καὶ
330 4253 401 4307 τὸ
429 4252 528 4323 τῆς
571 4249 915 4313 παιδοποιίας
947 4248 1005 4302 δέ
1034 4247 1204 4321 δῶρον
1235 4250 1314 4311 είς
1355 4248 1519 4317 μέσον
1557 4248 1803 4318 ἀμφοτέ-

213 4354 340 4407 ροις
374 4332 659 4397 καταθεὶς,
684 4333 779 4387 καὶ
793 4331 881 4385 ἐτε
891 4348 960 4403 ρα
988 4331 1125 4402 μετά
1149 4330 1355 4385 τούτων
1381 4332 1674 4400 συναγωγά
1705 4330 1805 4402 τῆς

211 4420 447 4489 ἀγάπης
496 4415 921 4472 κατεσκεύασεν.
966 4414 1103 4469 Οὑτε
1146 4414 1256 4486 γὰρ
1305 4415 1485 4470 πάντα
1537 4413 1805 4486 ἐπέτρεψε

214 4504 295 4575 τῷ
340 4502 525 4575 ἀνδρὶ,
559 4500 683 4555 οὔτε
730 4500 910 4555 πάντα
946 4502 1013 4571 τῇ
1043 4499 1283 4567 γυναικὶ,
1322 4498 1458 4553 ἀλλὰ
1494 4499 1590 4552 καὶ
1630 4496 1805 4551 ταῦτα

216 4591 422 4642 διεῖλεν
464 4587 713 4656 ἑκάστῳ,
749 4587 815 4656 τῇ
857 4584 955 4654 μὲν
981 4582 1082 4654 τὴν
1109 4582 1305 4649 οἰκίαν,
1341 4582 1420 4654 τῷ
1458 4582 1514 4635 δὲ
1545 4582 1642 4654 τὴν
1674 4582 1806 4651 ἀγο-

224 4674 327 4742 ρὰν
352 4670 691 4741 ἐγχειρίσας,
709 4669 804 4722 καὶ
828 4666 907 4739 τῷ
931 4667 1030 4738 μὲν
1060 4665 1122 4719 τὸ
1142 4665 1384 4737 τρέφειν,
1408 4669 1641 4737 γεωργεῖ
1659 4664 1768 4737 γάρ
1787 4681 1803 4697 ο

222 4762 289 4830 τῇ
311 4758 375 4811 δὲ
401 4757 462 4809 τὸ
485 4772 553 4807 πε
563 4753 852 4825 ριὸάλλειν,
880 4752 1024 4816 ἱστὸς
1051 4750 1160 4822 γὰρ
1190 4752 1286 4805 καὶ
1311 4750 1555 4821 ἠλακάτη
1586 4750 1689 4821 τῆς
1709 4767 1808 4820 γυ-

224 4841 433 4903 ναικός*
468 4839 636 4901 αὑτὸς
662 4837 770 4909 γὰρ
802 4837 970 4891 ἔδωκε
1002 4838 1069 4908 τῇ
1103 4836 1322 4904 γυναικὶ
1356 4835 1676 4906 ὑφάσματος
1718 4851 1808 4888 σου

230 4926 381 4993 φίαν.
434 4922 577 4977 Ἀλλ’
629 4922 881 4976 ἀπόλοιτο
931 4922 965 4991 ή
1018 4920 1371 4992 φιλαργυρία,
1423 4920 1523 4975 οὑκ
1585 4922 1808 4990 ἀφιεῖσα

234 5008 431 5077 ταύτην
484 5006 765 5075 φαίνεσθαι
807 5004 904 5076 τὴν
963 5004 1254 5075 διάκρισιν.
1328 5006 1391 5058 Ἦ
1423 5006 1533 5076 γὰρ
1582 5004 1808 5074 βλακεία

232 5091 339 5146 τῶν
380 5090 593 5145 πολλῶν
650 5089 744 5143 καὶ⁸
779 5088 906 5151 τοὺς
933 5085 1132 5157 ἄνδρας
1158 5088 1239 5151 εἰς
1264 5089 1391 5153 τοὺς
1416 5088 1598 5150 ἱστοὺς
1623 5089 1809 5141 ἐπεισ-

232 5179 430 5247 ήγαγε,
455 5174 553 5227 καὶ
574 5172 827 5241 κερκίδας
851 5170 1034 5233 αὑτοῖς
1049 5170 1344 5243 ἐνεχείρισε
1372 5170 1468 5224 καὶ
1487 5170 1694 5243 κρόκην
1716 5173 1810 5226 καὶ

236 5260 331 5329 στή
342 5274 532 5329 μονας.
574 5254 716 5308 Ἀλλ’
747 5254 896 5324 ὅμως
924 5252 1019 5306 καὶ
1047 5250 1191 5305 οὑτω
1213 5251 1506 5324 διαλάμπει
1534 5254 1635 5325 τῆς
1658 5256 1810 5320 θείας

236 5340 544 5410 οἰκονομίας
575 5339 611 5409 ή
646 5337 892 5409 πρόνοια.
928 5334 1040 5390 Kal
1069 5334 1176 5408 γάρ
1207 5336 1303 5389 καὶ
1328 5337 1427 5407 τῆς
1460 5336 1723 5406 γυναικὸς
1751 5340 1808 5392 ἐν

237 5425 415 5486 ἄλλοις
464 5420 909 5491 ἀναγκαιοτέροις
965 5416 1173 5488 σφόδρα
1227 5418 1496 5489 δεόμεθα,
1548 5422 1643 5475 καὶ
1700 5420 1810 5474 τῶν

238 5506 535 5561 ἐλαττόνων
552 5506 609 5556 ἐν
634 5506 742 5567 τοῖς
769 5504 1048 5572 συνέχουσι
1069 5500 1161 5554 τὸν
1182 5499 1295 5571 βίον
1328 5502 1485 5573 ήμῶν
1504 5503 1778 5576 χρῄζομεν
1794 5522 1807 5534 ⁸

239 5594 335 5646 καὶ
366 5589 609 5661 τοσαύτη
659 5588 761 5659 τῆς
793 5587 982 5660 χρείας
1016 5586 1165 5639 ἐστὶν
1212 5588 1247 5656 ἡ
1289 5587 1526 5658 ἀνάγκη,
1577 5589 1658 5642 ὃτι
1709 5588 1809 5642 κᾶν

242 5678 457 5730 πάντων
501 5670 799 5743 ἀνθρώπων
858 5668 1256 5739 πλουσιώτερος
1361 5686 1466 5734 τις,
1513 5669 1632 5723 οὑδὲ
1668 5669 1811 5723 οὕτω

302 5838 327 5868 ⁸
348 5828 470 5891 Alii,
508 5828 874 5879 κατεσκεύασεν.

3367 401 3473 454 ⁸2ξὲ9.

1906 504 2109 577 ταύτης
2141 506 2488 578 ἀπήλλακται
2518 507 2618 577 τῆς
2658 508 2971 576 συναφείας,
3013 510 3106 562 καὶ
3143 507 3238 563 τοῦ
3267 510 3471 567 δεῖσθαι

1895 589 1990 642 τοῦ
2012 592 2462 663 καταδεεστέρου.
2504 592 2580 643 Οὑ
2602 589 2711 661 γὰρ
2750 591 2814 664 δὴ
2848 593 2960 646 τῶν
2992 593 3260 649 πλουσίων
3290 598 3342 650 οί
3377 602 3475 651 πέ-

1903 690 2060 743 νητες
2081 673 2285 727 δέονται
2311 676 2491 745 μόνον,
2525 675 2657 727 ἀλλά
2697 676 2787 729 καὶ
2812 677 2861 727 οἱ
2892 675 3133 731 πλούσιοι
3162 679 3270 732 τῶν
3303 681 3473 751 στενή-

1898 772 2027 823 των,
2062 756 2156 809 καὶ
2177 752 2321 812 οὗτοι
2357 756 2556 828 μᾶλλον
2583 758 2826 822 ἐκείνων,
2855 758 2886 828 ἢ
2923 760 3117 813 ἐκεῖνοι
3137 760 3362 816 τούτων.

1964 915 2026 970 ε’.
2046 918 2156 971 Kal
2190 916 2275 969 ἴνα
2288 918 2445 971 τοῦτο
2462 919 2789 989 σαφέστερον
2817 921 2951 992 ἴδῃς,
2971 924 3305 994 ποιήσωμεν,
3323 926 3369 979 εί
3387 923 3474 979 60-

1897 1000 2003 1061 κεῖ,
2030 1000 2122 1053 δυο
2151 1000 2356 1064 πόλεις,
2391 1002 2492 1069 τὴν
2525 1001 2626 1072 μὲν
2655 1002 2927 1056 πλουσίων
2957 1004 3137 1073 μόνον,
3166 1007 3266 1076 τὴν
3291 1007 3348 1059 δὲ
3374 1024 3474 1061 πει

1899 1083 2096 1152 νήτων·
2146 1082 2239 1135 καὶ
2292 1084 2428 1153 μήτε
2479 1085 2537 1136 ἐν
2571 1086 2636 1155 τῇ
2678 1085 2786 1139 τῶν
2816 1085 3191 1142 πλουτούντων
3223 1089 3361 1143 ἔστω
3386 1108 3474 1153 τις

1898 1164 2087 1234 πένης,
2128 1166 2265 1234 μήτε
2299 1166 2357 1218 ἐν
2386 1168 2451 1235 τῇ
2492 1165 2602 1219 τῶν
2635 1170 2884 1238 πενήτων
2923 1168 3067 1222 ἐστω
3097 1188 3181 1235 τις
3217 1170 3473 1236 πλούσιος

1899 1244 2060 1317 ἀνὴρ,
2115 1247 2228 1300 ἀλλ’
2275 1247 2674 1320 ἐκκαθάρωμεν
2725 1250 2970 1321 ἀκριϐῶς
3028 1251 3314 1324 ἑκατέρας,
3378 1258 3474 1308 καὶ

1904 1330 2100 1400 ἴδωμεν
2131 1331 2256 1384 ποία
2297 1331 2495 1402 μᾶλλον
2525 1333 2759 1404 ἀρκέσαι
2799 1335 2968 1405 ἑαυτῇ
2998 1335 3307 1407 δυνήσεται.
3346 1339 3473 1391 Ἐὰν

1898 1412 2008 1483 γὰρ
2054 1412 2304 1484 εὕρωμεν
2331 1413 2430 1484 τὴν
2459 1414 2568 1468 τῶν
2597 1418 2841 1487 πενήτων
2887 1418 3209 1490 δυναμένην,
3250 1419 3473 1493 εῠδηλον

1897 1497 1979 1550 ὄτι
2005 1498 2055 1550 οἱ
2080 1498 2324 1552 πλούσιοι
2361 1497 2565 1552 τούτων
2601 1499 2801 1569 μᾶλλον
2831 1501 3133 1571 δεήσονται.
3176 1504 3386 1558 Οὑκοῦν
3415 1509 3473 1560 ἐν

1902 1579 2002 1649 μὲν
2029 1583 2211 1654 ἐκείνῃ
2237 1584 2303 1654 τῇ
2326 1581 2436 1635 τῶν
2463 1584 2711 1652 εὐπόρων
2743 1584 2919 1647 οὐδεὶς
2945 1583 3096 1638 ἔσται
3119 1586 3469 1659 δημιουργὸς,

1898 1665 1999 1716 οὑκ
2017 1666 2316 1738 οἰκοδόμος,
2338 1667 2399 1720 οὑ
2424 1667 2652 1730 τέκτων,
2677 1667 2775 1738 οὑχ
2800 1668 3342 1742 ὑποδηματορῤάφος,
3372 1676 3473 1729 οὑκ

1899 1748 2208 1819 ἀρτοποιὸς,
2255 1750 2316 1803 οὑ
2350 1750 2614 1821 γεωργὸς,
2647 1751 2708 1803 οὑ
2749 1750 3112 1821 χαλκοτύπος,
3148 1754 3209 1807 οὑ
3265 1773 3475 1826 σχοινο-

1900 1832 2152 1901 στρόφος,
2184 1833 2285 1885 οὑκ
2309 1833 2436 1887 ἀλλο
2470 1833 2580 1887 τῶν
2622 1834 2877 1887 τοιούτων
2924 1835 3097 1890 οὐδέν.
3139 1837 3233 1901 Τίς
3261 1840 3371 1908 γάρ
3408 1842 3474 1896 ἀν

1898 1913 2072 1967 ἕλοιτο
2117 1914 2226 1968 τῶν
2273 1915 2645 1969 πλουτούντων
2678 1915 2851 1969 ταῦτα
2883 1919 3123 1985 μετιέναι
3151 1922 3302 1986 ποτὲ,
3337 1924 3473 1979 ὅπου

1898 2013 1962 2065 γε
1994 1997 2089 2052 καὶ
2112 1998 2263 2051 αὑτοὶ
2291 2000 2340 2050 οἱ
2363 1998 2533 2052 ταῦτα
2570 1998 3056 2070 μεταχειρίζοντες.
3089 2003 3217 2057 ὅταν
3243 2006 3473 2079 εὐπορή-

1901 2097 2086 2145 σωσιν,
2121 2082 2221 2134 οὑκ
2246 2082 2525 2152 ἀνέχονται
2551 2082 2649 2152 τῆς
2675 2081 2782 2135 ἀπὸ
2810 2082 2916 2134 τῶν
2947 2084 3125 2155 ἔργων
3150 2087 3354 2142 τούτων
3381 2107 3475 2144 τα-

1897 2160 2240 2234 λαιπωρίαςς
2277 2165 2401 2227 Πῶς
2443 2161 2536 2219 οῦν
2583 2167 2716 2234 ἡμῖν
2745 2166 2778 2235 ἡ
2813 2165 2965 2229 πόλις
3009 2169 3266 2239 στήσεται
3300 2171 3470 2244 αὑτης

1898 2248 2111 2310 Δόντες,
2137 2249 2322 2318 φησὶν,
2353 2248 2616 2320 ἀργύριον
2644 2249 2693 2302 οἰ
2716 2249 3094 2314 πλουτοῦντες,
3124 2253 3300 2308 ταῦτα
3336 2256 3478 2326 ὠνή-

1901 2345 2081 2382 σονται
2099 2330 2251 2399 παρά
2267 2329 2372 2382 τῶν
2390 2333 2656 2401 πενήτων.
2682 2331 2891 2385 Οὑκοῦν
2903 2333 3001 2386 οὑκ
3017 2335 3338 2404 ἀρκέσουσιν
3359 2340 3476 2391 ἐαυ-

1898 2414 2032 2476 τοῖς,
2072 2411 2125 2463 εῐ
2147 2428 2207 2479 γε
2240 2412 2465 2466 ἐκείνων
2490 2414 2720 2468 δέονται.
2747 2414 2869 2476 Πῶς
2890 2415 2947 2467 δὲ
2976 2418 3151 2481 οἰκίας
3186 2421 3474 2492 οἰκοδομή-

1901 2508 2121 2559 σονται;
2166 2493 2199 2564 ἢ
2236 2495 2331 2548 καὶ
2387 2494 2545 2549 τοῦτο
2587 2496 2919 2566 ὠνήσονται;
2973 2498 3086 2553 ἀλλ’
3118 2500 3218 2553 οὑκ
3257 2502 3325 2556 ἂν
3362 2503 3475 2575 ἔχοι

1898 2575 2056 2630 τοῦτο
2082 2576 2259 2646 φύσις.
2287 2578 2496 2632 Οὑκοῦν
2535 2580 2745 2650 ἀνάγκη
2778 2582 2906 2645 τοὺς
2937 2584 3187 2652 τεχνίτας
3226 2586 3343 2640 ἐκεῖ
3370 2604 3475 2641 κα·-

1898 2660 2031 2726 λεῖν,
2057 2662 2153 2715 καὶ
2185 2662 2518 2734 διαφθείρειν
2549 2665 2641 2717 τὸν
2668 2664 2936 2742 νόμον,1δν
2969 2666 3245 2737 ἐθήκαμεν
3282 2668 3340 2736 ἐξ
3374 2672 3475 2742 ἀρ-

1899 2747 2002 2817 χῆς
2026 2744 2125 2817 τὴν
2155 2745 2310 2799 πόλιν
2347 2746 2663 2811 οἰκίζοντες
2700 2738 2980 2819 μέμνησθε
3010 2751 3140 2821 γὰρ,
3171 2753 3259 2805 ὅτε
3292 2738 3473 2822 ἐλέγο⁸

1904 2844 2024 2899 μεν,
2058 2827 2246 2899 μηδεὶς
2270 2829 2410 2881 ἔστω
2432 2830 2599 2900 πένης
2621 2829 2788 2884 ἔνδον.
2826 2831 2964 2884 Ἀλλ’
2996 2833 3103 2886 ἰδοὺ
3126 2836 3158 2905 ή
3183 2835 3356 2906 χρεία,
3383 2838 3478 2890 καί

1905 2912 1978 2983 μὴ
2042 2911 2381 2983 βουλομένων
2439 2911 2590 2985 [517]
2645 2914 2823 2985 ἡμῶν,
2854 2916 3110 2971 ἐκάλεσεν
3139 2920 3338 2983 αὑτοὺς
3384 2923 3477 2975 καὶ

1902 2996 2217 3065 εἰσήγαγεν.
2259 2994 2419 3049 Ὅθεν
2452 2995 2628 3066 δῆλον,
2672 2998 2746 3060 ὠς
2800 2997 3056 3053 ἀδύνατον
3110 3002 3279 3072 χωρὶς
3315 3005 3481 3073 πενήα

1901 3095 2008 3132 των
2060 3078 2320 3148 συστῆναι
2372 3078 2548 3133 πόλιν.
2594 3081 2657 3133 Εἰ
2692 3078 2802 3151 γὰρ
2844 3082 2993 3150 μένοι
3019 3084 3051 3153 ή
3082 3083 3238 3147 πόλις
3275 3085 3480 3155 μηδένα

1903 3163 2320 3235 παραδεχομένη
2354 3162 2583 3228 τούτων,
2626 3165 2807 3218 οὐκέτι
2842 3165 2994 3219 ἔσται
3040 3167 3213 3235 πόλις,
3238 3168 3352 3222 ἀλλ’
3375 3168 3480 3222 ἀπ-

1901 3244 2123 3301 ολεῖται.
2181 3245 2389 3299 Οὐκοῦν
2424 3248 2524 3299 οὑκ
2554 3247 2778 3317 ἀρκέσει
2808 3249 2997 3320 ἑαυτῇ,
3025 3252 3073 3302 εἰ
3114 3251 3187 3320 μὴ
3233 3250 3483 3323 καθάπερ

1904 3329 2055 3392 τινάς
2089 3330 2339 3400 σωτῆρας
2369 3331 2493 3392 τοὺς
2520 3330 2758 3399 πένητας
2795 3333 2923 3399 παρ’
2958 3334 3124 3404 έαυτῇ
3161 3335 3477 3404 συναγάγοι.

1910 3415 2138 3485 Ἴδωμεν
2171 3413 2226 3467 δὲ
2260 3414 2353 3467 καὶ
2384 3413 2481 3485 τὴν
2505 3414 2614 3467 τῶν
2643 3416 2889 3486 πενήτων
2921 3416 3094 3483 πόλιν,
3127 3421 3176 3471 εἰ
3222 3421 3314 3473 καὶ
3342 3420 3480 3490 αὕτη

1903 3497 2107 3570 ὁμοίως
2135 3497 2328 3560 ἐνδεῶς
2359 3497 2692 3551 διακείσεται
2714 3498 2822 3550 τῶν
2854 3498 3228 3554 πλουτούντων
3253 3503 3482 3574 ἑστερη-

1909 3581 2067 3651 μένη.
2119 3581 2229 3633 Καὶ
2286 3580 2549 3651 πρότερον
2610 3579 3031 3651 διακαθάρωμεν
3077 3583 3155 3653 τῷ
3205 3583 3346 3655 λόγῳ
3390 3586 3482 3638 τὸν

1908 3662 2157 3726 πλοῦτον,
2193 3662 2288 3716 καὶ
2314 3662 2577 3733 δείξωμεν
2602 3662 2764 3716 αὑτὸν
2787 3664 2993 3733 σαφῶς.
3020 3665 3085 3718 Τί
3108 3668 3226 3719 ποτ’
3249 3663 3342 3721 οὖν
3367 3669 3483 3721 ἐστι

1908 3745 2170 3812 πλοῦτος;
2204 3743 2416 3815 Χρυσὸς
2448 3745 2546 3799 καὶ
2575 3746 2834 3816 ἄργυρος,
2865 3747 2958 3799 καί
2988 3747 3124 3801 λίθοι
3163 3748 3352 3818 τίμιοι,
3390 3753 3484 3803 καὶ

1909 3830 2100 3897 ἱμάτια
2155 3826 2356 3897 σηρικά
2406 3827 2502 3879 καὶ
2551 3828 2797 3899 ἁλουργά
2845 3830 2942 3882 καὶ
2992 3830 3278 3900 διάχρυσα.
3330 3832 3484 3886 Ἐπεὶ

1907 3906 2000 3963 οὖν
2029 3911 2203 3981 ἐφάνη
2242 3908 2296 3962 τί
2332 3909 2462 3963 ποτέ
2494 3912 2641 3963 ἐστιν
2668 3912 2697 3963 ὁ
2726 3910 2976 3978 πλοῦτος,
3004 3913 3368 3984 ἀπελάσωμεν
3391 3917 3487 3969 αὑ-

1908 3994 1999 4047 τὸν
2031 3992 2132 4061 τῆς
2153 3992 2263 4047 τῶν
2287 3993 2537 4063 πενήτων
2563 3993 2792 4060 πόλεως,
2829 3996 2878 4046 εί
2908 3994 3195 4066 μέλλοιμεν
3229 3998 3483 4070 καθαρῶς

1911 4077 2066 4130 πόλιν
2103 4077 2351 4146 πενήτων
2373 4077 2570 4139 ποιεῖν,
2608 4078 2702 4129 καὶ
2753 4076 2886 4147 μηδέ
2909 4078 3039 4148 ὄναρ
3070 4081 3188 4132 ἐκεῖ
3216 4081 3486 4150 φαινέσθω

1911 4159 2152 4231 χρυσίον,
2182 4159 2315 4229 μηδέ
2348 4159 2536 4229 ἱμάτια
2557 4159 2799 4212 τοιαῦταο
2833 4163 2879 4212 εί
2910 4160 2965 4213 δέ
2995 4161 3192 4231 βούλει,
3227 4163 3362 4235 μηδέ
3389 4165 3486 4237 ἀρ-

1912 4259 2098 4314 γυρος,
2129 4242 2262 4313 μηδὲ
2316 4242 2383 4294 τά
2428 4241 2486 4308 ἐξ
2536 4241 2780 4313 ἀργύρου
2830 4243 3020 4315 σκεύη.
3062 4245 3127 4298 Τί
3169 4243 3300 4312 οὑν;
3337 4248 3487 4318 παρά

1910 4335 2069 4389 τοῦτο
2099 4333 2294 4397 ἐνδεῶς
2327 4332 2551 4404 ζήσεται
2598 4334 2667 4388 τά
2715 4337 2814 4404 τῆς
2856 4335 3062 4400 πόλεως
3107 4337 3330 4409 ταύτης,
3366 4340 3485 4393 εἰπέ

1913 4436 2041 4491 μοι;
2070 4417 2254 4471 Οὐδέν.
2289 4418 2388 4470 "Av
2417 4435 2477 4470 τε
2520 4416 2628 4490 γὰρ
2680 4418 2983 4483 οἰκοδομεῖν
3014 4420 3128 4493 δέῃ,
3174 4423 3236 4475 οὑ
3282 4422 3486 4493 χρυσοῦ

1910 4502 2006 4556 καὶ
2046 4501 2291 4573 ἀργύρου
2320 4501 2401 4553 δεῖ
2450 4501 2545 4555 καὶ
2585 4503 2962 4574 μαργαριτῶν,
3005 4505 3142 4559 ἀλλά
3171 4507 3364 4578 τέχνης
3393 4508 3487 4560 καί⁵

1910 4586 2130 4656 χειρῶν,
2157 4586 2356 4656 χειρῶν
2383 4585 2441 4639 δέ
2462 4585 2560 4657 οὑχ
2584 4585 2789 4651 ἁπλῶς,
2812 4586 2947 4641 ἀλλά
2969 4589 3375 4660 τετυλωμένων,
3393 4591 3488 4645 καὶ

1910 4670 2189 4725 δακτύλων
2218 4670 2663 4741 ἀπεσκληκότων,
2687 4673 2781 4726 καὶ
2808 4672 2989 4742 ἰσχύος
3019 4674 3240 4745 πολλῆς,
3281 4678 3374 4731 καὶ
3398 4675 3489 4741 ξύ-

1911 4754 2018 4808 λων
2047 4754 2141 4807 καὶ
2159 4754 2339 4807 λίθων
2369 4755 2435 4808 ἄν
2455 4771 2515 4807 τε
2540 4756 2787 4824 ὑφαίνειν
2817 4758 2978 4811 πάλιν
3014 4759 3245 4830 ἱμάτιον,
3270 4763 3330 4815 οὑ
3358 4779 3490 4832 χρυ-

1913 4836 2008 4890 σοῦ
2037 4836 2199 4890 πάλιν
2232 4839 2364 4906 ἡμῖν
2403 4837 2460 4891 δέ
2506 4839 2602 4893 καὶ
2631 4840 2897 4912 ἀργύρου,
2926 4841 3061 4896 ἀλλά
3087 4844 3288 4915 χειρῶν
3328 4845 3490 4897 πάλιν

1911 4921 2006 4974 καὶ
2042 4921 2236 4991 τέχνης
2284 4921 2376 4974 καὶ
2425 4922 2702 4990 γυναικῶν
2733 4925 3135 4997 ἐργαζομένων.
3184 4928 3249 4981 Τί
3286 4929 3365 4992 δὲ,
3394 4929 3489 4982 ἐὰν

1912 5006 2176 5073 γεωργεῖν
2203 5003 2298 5076 δέη
2341 5004 2434 5057 καὶ
2465 5004 2728 5060 σκάπτειν
2754 5008 2853 5078 τὴν
2887 5009 3023 5079 γῆν;
3052 5010 3421 5066 πλουτούντων
3452 5013 3488 5084 ἢ

1914 5086 2228 5155 πενομένων
2252 5087 2438 5158 χρεία;
2470 5089 2636 5141 Παντί
2662 5107 2764 5143 που
2786 5090 2967 5161 δῆλον,
2993 5093 3074 5146 ὃτι
3092 5095 3356 5165 πενήτων.
3384 5096 3490 5148 Kal

1914 5166 2032 5237 σίδη
2043 5184 2131 5236 ρον
2146 5167 2203 5220 δὲ
2219 5169 2346 5223 ὅταν
2361 5169 2455 5242 δέῃ
2470 5171 2875 5242 χαλκεύειν,καὶ
2896 5175 3024 5228 ἄλλο
3039 5192 3092 5227 τι
3111 5175 3219 5229 τῶν
3232 5175 3491 5229 τοιούτων

1913 5252 2110 5315 ποιεῖν,
2140 5250 2233 5304 τοῦ
2258 5251 2435 5322 δήμου
2468 5255 2658 5309 τούτου
2691 5256 2925 5326 μάλιστα
2957 5261 3088 5328 ἡμῖν
3120 5259 3218 5312 δεῖ.
3253 5259 3360 5313 Ποῦ
3398 5255 3492 5315 οὖν

1912 5334 2220 5404 δεησόμεθα
2248 5336 2356 5389 τῶν
2384 5337 2756 5394 πλουτούντων
2774 5341 2978 5394 λοιπόν·
3004 5343 3143 5414 πλὴν
3171 5346 3219 5396 εἰ
3255 5345 3329 5416 μὴ
3360 5345 3495 5399 καθ-

1915 5419 2055 5471 ελεῖν
2079 5418 2197 5473 δέον
2226 5418 2324 5492 τὴν
2350 5422 2505 5474 πόλιν
2544 5423 2786 5494 ταύτην;
2820 5425 2883 5478 Εἰ
2917 5425 3027 5496 γάρ
3068 5427 3492 5482 ἐπεισελθόντων

1915 5500 2141 5583 ἐκείνων
2163 5503 2243 5566 είς
2269 5504 2367 5583 τὴν
2387 5503 2482 5557 τοῦ
2510 5507 2736 5583 χρυσίου
2769 5508 2861 5561 καὶ
2884 5510 2983 5580 τὴν
3004 5510 3111 5564 τῶν
3140 5510 3493 5583 μαργαριτῶν

1915 5581 2205 5651 ἐμπέσοιεν
2236 5582 2548 5653 ἐπιθυμίαν,
2580 5580 2726 5639 οὑτοι
2753 5588 2803 5640 οί
2840 5588 3119 5658 φιλόσοφοι
3143 5580 3495 5659 (φιλοσόφους

1915 5665 2026 5736 γάρ
2064 5663 2174 5731 ἐγὼ
2221 5666 2372 5719 καλῶ
2410 5668 2534 5729 τοὺς
2571 5670 2724 5723 οὐδὲν
2774 5673 3025 5742 περιττὸν
3055 5671 3491 5743 ἐπιζητοῦνταςὶ,

1916 5748 2085 5819 ἀργίᾳ
2126 5749 2307 5813 δόντες
2356 5751 2581 5814 ἑαυτοὺς
2633 5754 2726 5806 καὶ
2782 5757 2983 5826 τρυφῇ,
3020 5755 3198 5807 πάντα
3236 5755 3495 5809 ἀπολοῦσι

1916 5829 2122 5887 λοιπόν.
2157 5833 2263 5885 Καὶ
2307 5835 2355 5886 εί
2397 5832 2473 5903 μὴ
2505 5836 2775 5906 χρήσιμος
2818 5840 2847 5891 ὁ
2877 5837 3123 5902 πλοῦτος,
3164 5840 3317 5909 φησὶ,
3351 5840 3494 5904 τίνος
