3962 6432
550 386 656 440 293

546 506 733 559 ἕνεκεν
759 500 968 555 δέδοται
994 496 1144 569 παρὰ
1173 493 1267 547 τοῦ
1294 491 1430 546 Θεοῦ
1457 508 1472 556 ;
1507 489 1617 542 Kal
1656 486 1821 541 πόθεν
1848 485 2029 556 δῆλον,
2060 485 2142 537 6::

548 597 701 667 1:a96
728 593 823 647 τοῦ
853 591 988 645 Θεοῦ
1010 590 1070 643 :6
1106 587 1351 640 πλουτεῖν
1379 599 1394 649 ;
1432 582 1498 635 Ἥ
1524 580 1719 653 Γραφή
1748 595 1935 667 φησιν,
1966 575 2143 645 Ἐμὸν

550 688 616 742 τὸ
636 663 957 755 ⁷ἀργύριον,
991 679 1086 732 καὶ
1113 676 1262 746 ἐμὸν
1289 674 1357 729 τὸ
1381 674 1661 744 χρυσίον,
1689 670 1783 724 καὶ
1814 663 1857 737 ᾧ
1885 669 1980 722 ὲάν
2018 664 2141 736 βού-

548 782 733 848 λομαι,
774 767 1114 828 δώσω-αὑτό.
1162 763 1430 819 Ἐνταῦθα
1460 765 1508 817 εἰ
1546 762 1621 835 μὴ
1656 763 1891 833 πρᾶγμα
1918 758 2139 813 ἐποίουν

548 866 795 938 αἰσχρὸν,
824 863 916 917 καὶ
946 858 1184 928 ἐγέλασα
1212 854 1307 909 νῦν
1328 854 1537 909 πλατὺν
1571 855 1805 922 γέλωτα,
1831 851 1937 905 τῶν
1967 848 2142 904 ταῦτα

548 958 813 1024 λεγόντων
874 946 1219 1017 καταγελῶν,
1272 946 1355 999 ὅτι
1408 944 1661 1016 καθάπερ
1719 942 1906 996 παιδία
1969 939 2142 1012 μικρά

547 1047 824 1120 τραπέζης
878 1041 1223 1097 ἀπολαύοντα
1259 1036 1565 1108 βασιλικῆς,
1614 1036 1731 1106 μετ’
1780 1033 1997 1103 ἐκείνης
2041 1032 2142 1101 τῆς

546 1140 754 1211 τροφῆς
799 1136 897 1191 καὶ
946 1135 1007 1188 τὺ
1039 1131 1345 1202 προστυχὸν
1402 1130 1548 1183 ἀπαν
1606 1125 2009 1198 ἐπεμϐάλλουσι
2061 1122 2142 1194 τῷ

549 1210 794 1301 στόματι*
832 1226 976 1280 οὕτω
1005 1223 1099 1277 καὶ
1129 1217 1275 1276 06:0:
1305 1219 1442 1290 μετά
1462 1216 1572 1270 τῶν
1603 1215 1761 1270 θείων
1783 1212 2016 1286 Γραφῶν
2045 1210 2143 1265 καὶ

546 1322 616 1375 τά
643 1322 772 1394 παρ’
803 1317 1015 1373 ἑαυτῶν
1074 1313 1476 1381 συνεισάγουσι.
1539 1308 1614 1361 T6
1663 1308 1761 1394 μὲν
1798 1308 1931 1378 γὰρ,
1969 1305 2144 1375 Ἐμὸν

547 1416 615 1469 τὸ
649 1393 959 1482 ἀργύριον,
994 1406 1093 1461 καί
1122 1404 1269 1475 ἐμὸν
1297 1402 1363 1456 τὸ
1385 1401 1667 1471 χρυσίον,
1707 1393 1827 1451 οἶδα
1851 1395 2141 1469 εἰρημένον

546 1502 626 1574 τῷ
651 1504 934 1574 προφήτῃο
965 1498 1025 1551 :6
1055 1493 1132 1561 δέ,
1165 1488 1235 1566 *ῼ
1265 1493 1358 1547 ἐὰν
1389 1491 1549 1555 θέλω,
1582 1489 1741 1543 δώσω
1769 1487 1921 1554 66:6,
1957 1486 2142 1539 οὐκέτι

554 1596 975 1667 προσκείμενον,
1003 1588 1139 1644 ἀλλά
1164 1586 1317 1659 παρά
1343 1584 1452 1638 τῶν
1489 1581 1775 1655 συρφετῶν
1805 1580 2011 1635 τούτων
2045 1580 2144 1632 ἐπι-

548 1684 1019 1756 εισενηνεγμένον.
1063 1681 1173 1735 Kal
1206 1680 1382 1733 ἐκεῖνο
1424 1675 1480 1730 δὲ
1532 1674 1676 1739 τίνος
1709 1674 1898 1727 ἕνεκεν
1925 1672 2142 1744 εἴρηται

550 1781 682 1853 ἐρῶ.
720 1780 779 1833 'O
809 1778 917 1849 γάρ
945 1776 1234 1847 προφήτης
1267 1771 1523 1840 Ἀγγαῖος
1549 1765 1737 1838 ἐπειδὴ
1768 1762 2010 1835 συνεχῶς
2044 1764 2144 1815 ἐπ-

550 1874 846 1947 ηγγέλλετο
876 1873 989 1933 τοῖς
1023 1867 1296 1930 Ἰουδαίοις
1343 1863 1484 1937 μετά
1512 1863 1611 1935 τὴν
1644 1860 1906 1916 ἐπάνοδον
1952 1857 2055 1931 τὴν
2077 1860 2143 1911 ἐκ

554 1965 873 2029 Βαϐυλῶνος
926 1964 1020 2017 τὸν
1064 1961 1189 2015 ναδν
1241 1957 1436 2024 δείξειν
1468 1955 1562 2011 ἐπὶ
1601 1953 1696 2009 τοῦ
1736 1954 2018 2025 σχήματος
2048 1949 2143 2005 τοῦ

551 2058 841 2131 προτέρου,
871 2056 966 2110 καὶ
1000 2053 1267 2125 ἠπίστουν
1294 2050 1372 2121 τῷ
1399 2047 1680 2120 λεγομένῳ
1714 2045 1860 2109 τινὲς
1894 2044 1990 2099 καὶ
2018 2054 2147 2114 σχε-

548 2152 639 2205 δὸν
662 2148 927 2204 ἀδύνατον
956 2143 1097 2201 εἶναι
1133 2142 1406 2215 ἐνόμιζον,
1436 2144 1486 2195 εἰ
1514 2140 1653 2212 μετά
1678 2138 1779 2210 τὴν
1810 2137 2018 2209 τέφραν
2051 2135 2145 2189 καὶ

550 2240 649 2309 τὴν
701 2238 852 2293 κόνιν
903 2233 1143 2299 τοιοῦτος
1186 2233 1346 2288 πάλιν
1380 2232 1633 2302 φανεῖται
1662 2231 1691 2284 6
1718 2224 1867 2290 οἶκος
1889 2243 1905 2259 ·
1938 2229 2146 2290 ἐκεῖνος

551 2330 759 2384 ἐκλύων
789 2328 968 2383 αὐτῶν
994 2327 1094 2397 τὴν
1124 2325 1407 2389 ἀπιστίαν,
1449 2326 1513 2378 ἐκ
1546 2321 1843 2394 προσώπου
1877 2320 1972 2373 τοῦ
2007 2317 2143 2373 Θεοῦ

555 2418 707 2493 [518]
739 2418 913 2475 ταῦτα
941 2415 1114 2486 λέγει,
1135 2414 1211 2478 ῶς
1232 2414 1297 2469 ἂν
1326 2415 1375 2467 εἰ
1397 2412 1573 2482 ἔλεγεν
1600 2412 1666 2465 Τί
1686 2411 1960 2466 δεδοίκατε
1979 2427 1995 2478 ;
2015 2409 2068 2462 τί
2087 2407 2145 2462 δὲ

552 2513 870 2577 ἀπιστεῖτες
920 2508 1102 2579 Ἐμὸν
1147 2506 1215 2560 :6
1247 2507 1553 2576 ἀργύριον,
1589 2505 1692 2558 καί
1722 2502 1871 2573 ἐμὸν
1902 2501 1969 2556 τὸ
2000 2519 2147 2571 χρυ-

550 2605 713 2670 σίον,
759 2603 855 2656 καὶ
902 2602 964 2655 06
1023 2600 1238 2672 δέομαι,
1298 2599 1428 2670 παρ’
1485 2596 1688 2668 ἑτέρων
1730 2595 2142 2665 δανεισάμενος,

550 2696 695 2751 οὓτω
723 2693 1071 2749 καλλωπίσαι
1106 2693 1197 2746 τὸν
1221 2687 1390 2745 οἷκον.
1427 2689 1539 2743 Kal
1560 2689 1642 2742 6::
1662 2686 1822 2741 τοῦτό
1844 2688 2014 2750 ἐστιν,
2044 2686 2146 2739 ἐπα

551 2791 751 2861 ήγαγε,
805 2785 918 2839 Καὶ
968 2786 1141 2840 ἔσται
1196 2783 1236 2851 ἡ
1287 2781 1439 2847 δόξα
1488 2780 1596 2836 τοῦ
1631 2779 1805 2834 οικου
1847 2779 2065 2832 τούτου
2108 2778 2146 2845 ἡ

550 2879 784 2951 ἐσχάτη
845 2877 1000 2946 ὑπὲρ
1051 2873 1169 2943 τὴν
1198 2871 1461 2943 πρώτην.
1523 2871 1616 2943 Μή
1663 2871 1844 2925 τοίνυν
1894 2868 2149 2939 ἀραχνῶν

554 2970 855 3042 ὑφάσματα
907 2966 1290 3035 ἐπεισάγωμεν
1356 2963 1434 3035 τῷ
1479 2963 1671 3034 πέπλῳ
1732 2960 1810 3032 τῷ
1860 2958 2145 3031 βασιλικῷ.

554 3061 617 3113 Εἰ
653 3059 782 3132 γὰρ,
810 3060 870 3112 ἐν
899 3056 1178 3129 ἁλουργίδι
1207 3056 1260 3107 ετ
1279 3068 1362 3117 τις
1393 3052 1548 3122 ἁλοίη
1584 3051 1789 3123 κρόκην
1814 3050 2149 3122 παράσημον

554 3144 866 3225 ἐμπλέκων,
899 3150 999 3220 τὴν
1038 3149 1275 3220 ἐσχάτην
1316 3144 1479 3199 δώσει
1508 3144 1685 3214 δίκην,
1718 3141 1900 3212 πολλῷ
1945 3140 2148 3213 μᾶλλον

556 3244 790 3300 ἐπὶτῶν
819 3240 1225 3313 πνευματικῶνο
1268 3237 1390 3291 οὐδὲ
1438 3237 1548 3307 γάρ
1597 3237 1658 3289 :6
1695 3235 1857 3305 τυχὸν
1897 3233 2148 3288 ἐντεῦθεν

554 3340 862 3413 ἁμάρτημα
888 3336 1120 3407 γίνεται.
1145 3333 1255 3386 Kal
1284 3330 1336 3383 τί
1358 3329 1503 3397 λέγω
1526 3328 1679 3398 1:195:
1706 3328 2025 3399 προσθήκην
2046 3326 2141 3379 καὶ

555 3430 881 3503 ἀφαίρεσιν;
908 3427 1059 3497 παρὰ
1100 3425 1334 3493 στιγμὴν
1365 3421 1552 3493 μόνην,
1589 3420 1684 3472 καὶ
1714 3419 1865 3490 παρά
1909 3419 2144 3489 ὑπόκρι-

558 3540 644 3576 σιν
671 3522 841 3594 μόνην
866 3517 1224 3590 ἀναγνώσεως
1259 3514 1430 3568 πολλά
1455 3513 1714 3575 πολλάκις
1740 3512 1919 3566 ἄτοπα
1950 3508 2146 3581 ἐτέχθη

557 3617 831 3686 νοήματα.

632 3800 710 3860 ς’.
731 3791 902 3846 Πόθεν
918 3784 1010 3844 οὖν
1031 3790 1080 3842 οἱ
1099 3784 1453 3847 πλουτοῦντες
1473 3798 1488 3849 ;
1511 3782 1661 3853 φησί·
1678 3779 1896 3850 καὶγὰρ
1912 3779 2146 3851 εἴρηται,

560 3883 838 3951 Πλοῦτος
880 3882 978 3937 καί
1009 3878 1187 3933 πενία
1225 3877 1386 3944 παρὰ
1424 3874 1669 3941 Κυρίου.
1719 3869 2009 3941 Ἐρῶμεθα
2056 3865 2152 3924 οὖν

558 3979 684 4043 τοὺς
707 3975 883 4031 ταῦτα
907 3974 1040 4045 ήμῖν
1069 3968 1571 4039 ἀνθυποφέροντας,
1597 3959 1748 4034 Ἀρα
1779 3964 1889 4026 πᾶς
1919 3960 2153 4025 πλοῦτος

560 4070 656 4123 καὶ
705 4068 859 4121 πᾶσα
909 4062 1073 4117 πενία
1108 4059 1263 4131 παρὰ
1314 4057 1558 4129 κυρίους
1606 4055 1718 4107 Kal
1750 4054 1835 4117 τίς
1878 4053 1947 4107 ἀν
1996 4051 2153 4105 τοῦτο

561 4162 738 4226 εἴποις
784 4157 898 4212 Kal
940 4155 1051 4227 γὰρ
1087 4153 1335 4225 ὁρῶμεν,
1385 4149 1482 4203 καί
1514 4149 1573 4214 ἐξ
1603 4145 1864 4218 ἁρπαγῆς
1896 4144 1992 4199 καὶ
2044 4144 2154 4198 ἀπὸ

561 4253 662 4324 τῆς
686 4250 813 4321 περὶ
841 4248 1045 4317 τάφους
1072 4240 1411 4313 κακουργίας
1435 4239 1531 4293 καὶ
1556 4238 1667 4293 61:6
1690 4236 1948 4307 γοητείας
1974 4236 2069 4287 καὶ
2095 4233 2153 4301 ἐξ

564 4344 768 4416 ἐτέρων
806 4340 1068 4396 τοιούτων
1098 4336 1428 4409 προφάσεων
1471 4330 1638 4386 πολὺν
1673 4329 1889 4392 πολλοῖς
1919 4327 2152 4396 συναγό-

569 4453 730 4508 μενον
779 4433 1032 4495 πλοῦτον,
1087 4430 1183 4483 καὶ
1230 4428 1360 4491 τοὺς
1408 4424 1633 4496 ἔχοντας
1670 4422 1792 4477 ούδέ
1833 4421 1932 4493 ζῇν
1970 4420 2156 4486 ἀξίους

563 4531 743 4593 ὄντας.
778 4527 845 4581 Τί
892 4519 1004 4589 οὖν,
1041 4522 1164 4577 εἰπέ
1212 4536 1325 4593 μοι,
1360 4517 1548 4572 τοῦτον
1583 4516 1735 4587 παρά
1775 4512 1871 4568 τοῦ
1905 4512 2036 4568 Θεοῦ
2064 4515 2155 4567 τὸν

568 4622 797 4679 πλοῦτον
837 4615 978 4673 εἷναί
1033 4631 1249 4687 φαμενς
1308 4614 1564 4680 ’Ἄπαγε⁸
1619 4609 1756 4664 ἀλλά
1803 4607 1996 4676 πόθεν;
2067 4608 2155 4673 Ἐξ

566 4713 861 4785 ἁμαρτίας.
912 4708 1023 4763 Kal
1068 4707 1178 4777 γὰρ
1224 4707 1257 4777 ή
1308 4704 1483 4776 πόρνη
1513 4701 1575 4756 :6
1630 4700 1793 4772 σῶμα
1823 4698 2158 4771 ἐνυϐρίσασα

570 4804 811 4865 πλουτεῖ,
845 4800 940 4854 καὶ
965 4796 1243 4869 εὔμορφος
1271 4795 1390 4858 νέος
1423 4790 1686 4855 πολλάκις
1718 4790 1816 4861 τὴν
1842 4787 1991 4859 ῶραν
2024 4788 2158 4841 ἀπ)-

565 4895 790 4967 δόμενος
845 4891 962 4963 μετ’
997 4887 1390 4961 ἀσχημοσύνης
1416 4885 1688 4953 κέκτηται
1725 4880 1969 4955 χρυσίον,
2000 4878 2098 4932 καὶ
2127 4878 2156 4931 6

566 4985 928 5059 τυμϐωρύχος
956 4982 1082 5044 τοὺς
1113 4980 1318 5048 τάφους
1345 4974 1661 5050 ἀναρρήξας
1689 4975 1966 5059 συνήγαγε
1990 4969 2156 5059 πλοῦ-

567 5052 661 5124 τον
714 5052 920 5130 ἄδικον,
977 5066 1073 5120 καὶ
1129 5066 1157 5117 6
1206 5062 1413 5135 λῃστὴς
1459 5060 1587 5122 τοὺς
1644 5052 2154 5135 τοίχουςδιορύξας.

570 5152 782 5209 Οὐκοῦν
805 5150 915 5205 ἀπὸ
942 5149 1035 5203 τοῦ
1060 5147 1197 5201 Θεοῦ
1217 5134 1365 5209 61:6;
1387 5146 1417 5197 6
1442 5140 1710 5206 πλοῦτος;
1741 5140 1808 5194 Τί
1828 5134 1944 5204 οὖν,
1968 5139 2155 5208 φησὶν,

571 5237 809 5312 ἐροῦμεν
851 5235 987 5307 πρὸς
1017 5233 1117 5303 τὴν
1154 5232 1315 5303 ῥῆσιν
1346 5227 1586 5300 ταύτην;
1625 5225 1785 5282 Μάθε
1815 5222 2034 5294 πρῶτον
2063 5226 2158 5279 καὶ

577 5309 768 5378 πενίαν
784 5321 885 5374 οὐκ
911 5319 1020 5373 61:6
1042 5317 1179 5371 Θεοῦ
1205 5314 1520 5387 γινομένην,
1556 5312 1652 5366 καὶ
1676 5312 1800 5364 τότε
1821 5309 1918 5363 καὶ
1937 5309 2032 5363 ἐπὶ
2057 5310 2158 5380 τὴν

575 5418 737 5490 ῥῆσιν
769 5415 939 5485 αὐτὴν
972 5409 1324 5482 βαδιούμεθα.
1364 5408 1534 5461 Ὅταν
1565 5405 1675 5478 γάρ
1710 5420 1793 5467 τις
1828 5402 2037 5466 ἄσωτος
2081 5400 2159 5456 ὢν

572 5510 714 5575 νέος,
735 5507 769 5581 ἢ
792 5510 871 5571 είς
896 5506 1101 5578 πόρνας
1124 5500 1380 5573 ἀναλώσῃ
1395 5501 1488 5553 τὸν
1505 5498 1758 5561 πλοῦτον,
1779 5494 1910 5567 ἦείς
1928 5494 2156 5565 γόητας,

573 5601 608 5671 ἢ
637 5607 717 5663 είς
748 5598 941 5669 ἑτέρας
984 5594 1137 5656 τινὰς
1166 5589 1421 5653 τοιαύτας
1455 5588 1775 5658 ἐπιθυμίας.
1811 5585 1906 5638 xal
1929 5585 2160 5655 γένηται

575 5688 766 5756 πένης,
807 5684 909 5737 οὐκ
958 5680 1201 5751 εῦδηλον,
1234 5679 1316 5732 6::
1368 5680 1468 5731 οὐκ
1514 5675 1625 5730 61:6
1658 5674 1752 5728 τοῦ
1801 5673 1937 5727 Θεοῦ
1965 5675 2158 5744 γέγονε

576 5778 756 5842 τοῦτο,
779 5775 895 5830 ἀλλ’
914 5773 1024 5827 ἀπὸ
1046 5774 1142 5843 τῆς
1161 5771 1368 5834 οἰκείας
1393 5768 1662 5832 ἀσωτίας;
1682 5765 1852 5821 Πάλιν
1873 5765 1928 5818 εί
1947 5782 2030 5829 τις
2055 5765 2161 5819 61:6

578 5870 774 5940 ἀργίας
798 5867 1005 5935 γένοιτο
1030 5864 1220 5937 πένης,
1249 5862 1402 5929 είτις
1429 5860 1534 5916 ὑπὸ
1562 5859 1746 5924 ἀνοίας
1773 5860 1852 5924 εἰς
1882 5859 2159 5929 πτωχείαν

1300 379 1359 436 S.
1397 373 1687 433 JOANNIS
1722 369 2222 430 CIIRYSOSTOMI
2260 369 2595 427 AIKCIIIEP.
2624 366 3178 426 CUNSTANTlNOP.
3671 380 3752 432 ξω

2250 483 2627 555 κατενεχθείη,
2679 483 2734 536 εί
2779 499 2866 545 τις
2927 481 3289 547 ἐπικινδύνοις
3340 482 3435 537 καλ⁸
3474 489 3755 560 παρανόμοις

2245 577 2537 648 ἐπιχειρῶν
2563 575 2906 647 πράγμασιν,
2935 575 3037 628 οὐκ
3065 573 3287 647 εὔδηλον
3314 576 3536 642 πάντως,
3566 579 3639 633 6::
3662 582 3759 635 οὐδὲ

2240 668 2447 722 τούτων
2466 685 2551 731 τις
2574 668 2797 723 καὶτῶν
2820 667 3080 722 τοιούτων
3108 669 3190 730 είς
3221 666 3319 737 τὴν
3348 668 3598 739 πτωχείαν
3623 670 3759 744 αὐτὴν

2243 758 2350 812 ἀπὸ
2393 757 2528 813 Θεοῦ
2567 759 2907 837 κατηνέχθης
2959 760 3229 815 Ψεύδεται
3271 754 3362 815 οὖν
3395 763 3427 832 ή
3460 762 3664 836 Γραφὴ;
3690 766 3764 838 Μὴ

2241 849 2472 919 γένοιτο,
2528 850 2643 906 ἀλλ’
2694 853 3106 924 ἀνοηταίνουσιν
3139 854 3190 906 οἱ
3229 852 3302 924 μὴ
3343 852 3475 923 μετά
3499 856 3590 926 τῆς
3622 872 3762 927 προε-

2243 940 2485 1012 ηκούσης
2551 942 2840 1014 ἀκριϐείας
2912 942 3261 1008 ἐξετάζοντες
3322 944 3389 998 :6
3449 947 3768 1017 γεγραμμένα

2243 1032 2481 1091 ἅπαντα.
2511 1036 2575 1089 Εἰ
2609 1036 2720 1107 γὰρ
2753 1036 2848 1090 καὶ
2876 1036 3036 1089 τοῦτο
3077 1035 3445 1107 ὡμολόγηται,
3468 1038 3547 1091 ὃτι
3572 1038 3768 1110 ἀψευδὴς

2243 1131 2277 1202 ή
2312 1128 2525 1201 Γραφή,
2557 1128 2652 1182 καὶ
2690 1128 2849 1182 τοῦτο
2880 1128 3202 1200 ἀπεδείχθη,
3232 1129 3315 1183 6::
3352 1130 3411 1183 06
3442 1132 3546 1193 πᾶς
3584 1132 3768 1198 πλοῦτπ

2243 1221 2396 1292 παρά
2428 1219 2586 1287 Θεοῦ,
2613 1220 2712 1291 τῆς
2749 1218 2857 1273 τῶν
2884 1221 3309 1292 ἀπερισκέπτως
3339 1222 3769 1290 ἀναγινωσκόντων

2243 1308 2531 1372 ἀσθενείας
2555 1311 2590 1381 ή
2626 1309 2850 1379 ἀπορία.
2891 1310 3003 1362 Kal
3049 1308 3156 1362 ἔδει
3190 1309 3291 1380 μέν
3320 1310 3462 1382 ἡμᾶς
3492 1313 3704 1381 ἀφεῖναι,
3728 1316 3771 1368 ὲν

2242 1400 2417 1472 τούτῳ
2444 1400 2860 1468 ἀπαλλάξαντας
2888 1403 2988 1472 τὴν
3031 1401 3259 1474 Γραφὴν
3306 1403 3414 1457 τῶν
3443 1404 3773 1477 ἐγκλημάτων,

2244 1493 2335 1549 ἵνα
2366 1493 2572 1566 ταύτην
2620 1495 2751 1566 ήμῖν
2787 1493 2946 1566 δίκην
2993 1492 3130 1547 δῶτε
3178 1495 3279 1565 τῆς
3314 1496 3440 1567 περὶ
3464 1495 3556 1560 τὰς
3592 1496 3770 1569 Γραφὰς

2246 1584 2547 1659 ῥᾳθυμίας*
2579 1585 2694 1641 ἀλλ’
2727 1584 2918 1656 ἐπειδὴ
2952 1584 3208 1658 φείδομαι
3259 1587 3465 1659 σφόδρα
3513 1586 3671 1659 ὑμῶν,
3705 1589 3776 1643 καὶ

2243 1678 2304 1730 06
2334 1676 2569 1748 δύναμαι
2597 1677 2855 1731 ἐπιπλέον
2888 1675 3325 1749 θορυϐουμένους
3358 1680 3482 1733 ἰδεῖν
3509 1680 3597 1733 καὶ
3623 1679 3775 1733 διατα-

2247 1770 2630 1844 ραττομένους,
2660 1768 2807 1843 [519]
2843 1770 2975 1840 φέρε
3006 1769 3103 1824 καὶ
3127 1769 3226 1841 τὴν
3253 1769 3409 1824 λύσιν
3437 1770 3777 1840 ἐπαγάγωμεν,

2246 1862 2508 1933 πρότερον
2539 1861 2631 1914 τὸν
2670 1862 2932 1933 εἰρηκότα
2975 1862 3241 1928 εἰπόντες,
3274 1864 3370 1917 καὶ
3422 1863 3544 1920 πότε
3577 1863 3776 1934 εἴρηται,

2246 1955 2340 2007 καὶ
2371 1952 2508 2024 πρὸς
2535 1953 2710 2015 τίνας.
2738 1953 2872 2007 Οὐδὲ
2891 1951 2999 2025 γάρ
3034 1952 3238 2024 ὁμοίως
3265 1954 3471 2008 ἀπασιν
3495 1954 3524 2008 6
3552 1954 3671 2016 Θεὸς
3693 1953 3781 2005 δια-

2244 2045 2485 2115 λέγεται,
2540 2044 2729 2114 ῶσπερ
2770 2044 2893 2098 οὐδὲ
2941 2046 3106 2116 ήμεῖς
3148 2045 3384 2111 παιδίοις
3432 2046 3525 2100 καὶ
3567 2044 3783 2116 ἀνδράσιν

2244 2138 2447 2210 ὁμοίως
2473 2136 2811 2208 κεχρήμεθα.
2845 2136 2984 2189 Πότε
3012 2132 3106 2189 οὖν
3135 2138 3374 2208 εῖρηται,
3404 2139 3499 2193 καὶ
3522 2139 3618 2191 61:6
3651 2138 3783 2201 τίνος,

2246 2233 2342 2286 καὶ
2370 2231 2506 2302 1:96:
2543 2230 2733 2297 τίνας;
2780 2229 2917 2282 Ὑπὸ
2957 2228 3051 2282 τοῦ
3084 2230 3435 2301 Σολομῶντος
3461 2230 3552 2283 ἐπὶ
3585 2228 3673 2298 τῆς
3701 2229 3785 2280 Πα-

2245 2326 2405 2389 λαιᾶς
2428 2323 2566 2395 πρὸς
2588 2325 2715 2389 τοὺς
2759 2324 3048 2388 Ἰουδαίους
3075 2324 3204 2388 τοὺς
3229 2324 3385 2378 οὐδὲν
3412 2323 3593 2395 ἕτερον
3618 2321 3785 2383 εἰδότας

2246 2420 2280 2490 ἢ
2316 2418 2385 2472 :6
2411 2415 2670 2487 αἰσθητὰ,
2704 2417 2799 2471 καὶ
2828 2416 2936 2469 61:6
2964 2416 3172 2469 τούτων
3204 2416 3302 2469 τοῦ
3334 2414 3469 2469 Θεοῦ
3508 2411 3785 2485 δοκιμάζον-

2247 2529 2345 2575 τας
2374 2509 2471 2581 τήν
2501 2509 2675 2580 ἰσχύν.
2719 2503 2878 2563 06:0:
2920 2507 3030 2578 γάρ
3064 2510 3110 2560 οἱ
3137 2507 3394 2576 λέγοντές
3439 2508 3574 2560 εἰσι·
3605 2503 3689 2573 Μὴ
3712 2501 3787 2556 καί

2247 2604 2429 2672 ἄρτον
2453 2602 2704 2656 δύναται
2732 2600 2979 2663 ὃοῦναι;
3010 2600 3126 2663 καὶ,
3166 2600 3228 2653 Τί
3257 2598 3515 2669 σημεῖον
3537 2597 3786 2661 δεικνύεις

2246 2695 2423 2765 ἡμῖν;
2449 2697 2515 2748 Οἱ
2558 2693 2811 2761 πατέρες
2842 2690 3012 2761 ἡμῶν
3051 2691 3285 2762 ἔφαγον
3312 2692 3383 2744 τὸ
3419 2688 3616 2761 μάννα
3653 2687 3712 2742 ἐν
3732 2684 3787 2754 τῇ

2246 2786 2461 2854 ἐρήμῳ.
2494 2778 2608 2838 Ὧν
2631 2788 2664 2838 ὀ
2695 2784 2828 2849 θεὸς
2851 2783 2889 2850 ἡ
2924 2782 3144 2836 κοιλία.
3190 2780 3347 2835 Ἐπεὶ
3384 2776 3477 2835 οὖν
3496 2779 3602 2834 ἀπὸ
3621 2778 3788 2831 τούτων

2247 2877 2411 2930 αὐτὸν
2444 2874 2787 2945 ἐδοκίμαζον,
2837 2874 2989 2943 λέγει
3034 2873 3172 2945 πρὸς
3216 2873 3443 2937 αὐτοὺς,
3482 2871 3691 2925 δυνατὸν
3718 2868 3790 2922 καὶ

2247 2969 2407 3025 τοῦτο
2434 2968 2511 3040 τῷ
2547 2968 2687 3038 Θεῷ,
2719 2970 2813 3021 καὶ
2852 2965 3144 3029 πλουσίους
3171 2966 3405 3037 ποιῆσαι
3445 2964 3536 3019 καὶ
3560 2962 3788 3031 πένητας·

2247 3062 2347 3134 οὐχ
2373 3063 2457 3116 6::
2498 3061 2717 3124 πάντως
2758 3060 2919 3122 66:6;
2958 3055 3124 3124 ποιεῖ,
3165 3056 3284 3111 ἀλλ’
3320 3058 3403 3111 6::
3432 3056 3665 3120 δύναται,
3693 3052 3792 3105 ὃταν

2249 3154 2413 3228 θέλῃ·
2450 3152 2640 3224 ὥσπερ
2670 3152 2797 3205 ὅταν
2830 3150 2987 3223 λέγῃ,
3035 3148 3090 3201 '0
3116 3149 3393 3213 ἀπειλῶν
3428 3147 3503 3218 τῇ
3528 3145 3791 3209 θαλάσση,

2250 3248 2347 3301 καὶ
2383 3246 2682 3315 ξηραίνων
2709 3245 2924 3313 αὐτὴν,
2951 3243 3050 3298 καὶ
3083 3242 3323 3311 πάντας
3352 3242 3497 3309 τοὺς
3537 3236 3795 3308 ποταμοὺς

2249 3336 2588 3409 ἑξερημῶν’
2634 3337 2814 3390 καίτοι
2852 3334 3011 3388 τοῦτο
3039 3334 3303 3389 οὐδέποτε
3334 3335 3553 3404 γέγονε,
3591 3330 3701 3394 Πῶς
3723 3322 3796 3382 οὖν

2251 3433 2383 3487 αύτδ
2410 3435 2438 3487 6
2466 3433 2753 3503 προφήτης
2787 3428 2989 3501 φησίν;
3022 3428 3137 3499 Οὐχ
3160 3427 3236 3490 ὡς
3265 3427 3554 3497 γινόμενον
3583 3425 3678 3486 ἀεὶ,
3707 3416 3797 3475 ἀλλ’

2251 3528 2327 3592 ὡς
2355 3526 2580 3581 δυνατὸν
2624 3523 2775 3596 αὑτῷ
2801 3523 3047 3593 ποιῆσαι.
3091 3521 3259 3576 Ποίαν
3296 3516 3393 3575 οὖν
3425 3519 3610 3574 πενίαν
3631 3516 3797 3575 δίδωσι,

2253 3619 2349 3674 καὶ
2377 3620 2531 3671 ποῖον
2574 3614 2833 3681 πλοῦτονς
2885 3613 3299 3684 Ἀναμνήσθητι
3332 3609 3431 3665 τοῦ
3479 3606 3796 3680 πατριάρχου,

2254 3714 2349 3769 καὶ
2373 3714 2495 3784 εῐσῃ
2527 3711 2619 3765 τὸν
2655 3706 2809 3780 παρὰ
2836 3707 2930 3761 τοῦ
2972 3705 3110 3760 Θεοῦ
3136 3705 3424 3776 διδόμενον
3456 3701 3690 3756 πλοῦτον.
3714 3693 3799 3784 Kal

2250 3804 2363 3878 γὰρ
2407 3781 2499 3858 τὸν
2538 3800 2790 3874 ’Ἀϐραὰμ
2822 3797 2986 3861 66:6;
3024 3794 3285 3850 πλούσιον
3316 3794 3568 3866 ἐποίησε,
3595 3790 3680 3845 καὶ
3708 3781 3795 3857 μετ’

2252 3898 2460 3951 ἐκεῖνον
2480 3896 2572 3949 τὸν
2606 3892 2747 3958 Ἰὼϐ,
2779 3890 2963 3955 καθὼς
2991 3890 3088 3945 καὶ
3110 3889 3277 3953 αὐτός
3304 3905 3505 3960 φησιν·
3535 3887 3601 3941 El
3627 3883 3694 3938 :6
3709 3878 3798 3949 μὲν

2252 3987 2446 4057 ἀγαθὰ
2479 3982 2809 4054 ἐδεξάμεθα
2855 3980 3017 4049 παρὰ
3059 3980 3307 4049 Κυρίου,
3340 3979 3417 4033 τὰ
3443 3977 3514 4031 δὲ
3548 3975 3688 4030 κοικά
3711 3969 3797 4035 οὐχ

2253 4080 2622 4149 ὑποίσομεν;
2663 4077 2774 4130 Kal
2815 4076 2844 4129 6
2876 4073 2971 4128 τοῦ
3014 4072 3210 4126 Ἰακὼϐ
3242 4071 3482 4136 πλοῦτος
3511 4068 3704 4124 ἐκεῖθεν
3724 4060 3797 4129 τὴν

2254 4174 2431 4247 ἀρχὴν
2469 4168 2636 4243 εἶχεν.
2672 4169 2829 4223 Ἐστι
2855 4167 2912 4222 δὲ
2949 4167 3046 4221 καὶ
3071 4166 3234 4220 πενία
3268 4167 3409 4238 παρ’
3434 4162 3596 4219 αὐτοῦ
3624 4162 3655 4232 ή
3679 4161 3797 4211 ἐπαι-

2254 4269 2403 4339 νετὴ,
2428 4266 2546 4320 οἵαν
2570 4263 2852 4337 προεξένει
2877 4261 2997 4314 τότε
3025 4259 3105 4330 τῷ
3127 4258 3378 4331 πλουσίῳ
3407 4260 3619 4328 ἐκείνῳ,
3643 4250 3796 4319 λέγων’

2256 4364 2326 4418 El
2367 4362 2562 4426 θέλεις
2595 4358 2823 4423 τέλειος
2851 4351 3005 4409 εἶναι
3024 4392 3039 4416 ,
3070 4353 3371 4419 πώλησόν
3402 4368 3521 4406 σου
3557 4348 3624 4403 τὰ
3648 4339 3793 4409 ὑπάρ-

2257 4473 2464 4529 χοντα,
2490 4454 2589 4509 καί
2614 4452 2721 4519 δὸς
2742 4446 3020 4517 πτωχοῖς,
3045 4445 3149 4501 καί
3165 4444 3349 4514 δεῦρο
3375 4443 3680 4501 ἀκοαούθει

2256 4519 2353 4605 καὶ
2380 4519 2498 4612 τοῖς
2532 4545 2803 4620 μαθηταῖς
2834 4540 2998 4595 πάλιν
3044 4536 3358 4609 νομοθετῶν
3391 4536 3488 4590 καὶ
3520 4533 3696 4601 λέγων,
3724 4519 3793 4586 Μὴ

2257 4644 2568 4711 κτήσασθε
2601 4636 2857 4709 χρυσόν,
2888 4632 3045 4704 μηδὲ
3090 4631 3383 4701 ἁργυρον,
3424 4626 3580 4699 μηδὲ
3603 4624 3794 4711 δύονζι-

2256 4708 2473 4801 τῶνας.
2507 4708 2609 4802 Μή
2646 4727 2826 4783 τοίνυν
2874 4724 3024 4793 λέγε,
3055 4723 3137 4776 6::
3185 4721 3370 4775 πάντα
3414 4717 3641 4775 πλοῦτον
3674 4708 3789 4802 αὖθις

2256 4796 2474 4884 δίδωσί·
2530 4796 2627 4879 καὶ
2657 4820 2768 4892 γὰρ
2812 4816 3031 4889 ἐδείχθη
3070 4815 3166 4869 καὶ
3202 4814 3314 4868 61:6
3363 4814 3548 4883 φόνων
3593 4807 3678 4863 καὶ
3709 4796 3785 4854 ἀπὺ

2258 4918 2514 4992 ἁρπαγῆς
2545 4913 2642 4970 καὶ
2676 4891 2787 4967 ἀπὸ
2817 4908 3028 4982 μυρίων
3065 4907 3272 4979 ἐτέρων
3302 4905 3633 4978 προφάσεων
3654 4891 3791 4992 sum:

2257 4980 2487 5083 γόμενος
2524 5002 2698 5070 οὗτος.
2745 4980 2907 5056 Ἀλλά
2940 5000 3103 5055 πάλιν
3140 5001 3219 5062 εἰς
3249 4997 3313 5051 :6
3360 4997 3625 5069 πρότερον
3652 4980 3797 5083 ἡμῖνΙὸ

2255 5071 2415 5172 λόγος
2443 5071 2792 5171 περιΐσταται
2832 5092 3076 5166 ζήτημα.
3104 5088 3174 5144 Εί
3205 5088 3318 5161 γάρ
3358 5086 3532 5160 μηδὲν
3556 5071 3797 5172 ήμῖνῇχρῇ

2258 5163 2411 5267 σιμοί
2455 5163 2930 5253 οί-πλουτοῦντες,
2962 5163 3063 5238 νδιά
3100 5182 3152 5236 τί
3187 5182 3554 5252 γεγένηνται;
3580 5175 3631 5229 τί
3654 5166 3736 5267 οὖν
3750 5163 3799 5217 ἂν

2259 5257 2541 5357 εἴποιμεν;
2582 5282 2707 5335 Ὀτι
2738 5270 2886 5333 06:0:
2934 5276 2996 5330 06
3024 5276 3305 5348 χρήσιμοι,
3352 5275 3406 5326 οἱ
3446 5268 3661 5329 ἑαυτοὺς
3691 5257 3800 5357 οῦτιυ

2259 5378 2544 5441 ποιοῦντες
2574 5372 2885 5437 πλουσίους,
2922 5370 2999 5434 ὡς
3029 5370 3083 5423 οἶ
3115 5385 3179 5437 γε
3212 5367 3371 5439 παρά
3395 5364 3494 5420 τοῦ
3526 5356 3655 5416 Θεοῦ
3678 5351 3802 5423 γενό-

2263 5491 2435 5547 μενοι,
2477 5472 2573 5525 καὶ
2620 5467 2828 5538 σφόδρα
2860 5464 3142 5537 χρήσιμοι.
3181 5461 3289 5515 Kal
3325 5458 3490 5513 τοῦτο
3529 5454 3621 5509 ἀπ’
3655 5441 3801 5547 αύτῶδς

2259 5532 2367 5621 τῶν
2593 5532 2818 5615 ἐκείνῶν
2861 5532 3162 5627 γινομένων
3216 5551 3483 5623 μάνθανε.
3530 5545 3635 5604 Καὶ
3667 5532 3804 5635 γὰρῆ

2272 5625 2527 5729 Ἀϐραὰμ
2575 5656 2689 5718 τοῖς
2722 5650 2891 5717 ξένοις
2937 5625 3033 5702 καί
3068 5650 3182 5711 τοῖς
3224 5645 3507 5714 δεομένοις
3555 5640 3711 5691 ἅπασι
3731 5625 3804 5729 16‘!

2262 5716 2799 5817 πλοῦτονέκέκτητο.
2836 5744 2894 5796 '0
2924 5740 3034 5813 γὰρ
3059 5739 3226 5811 τριῶν
3259 5730 3722 5817 παραγενομένων..
3744 5716 3805 5776 ὡς

2262 5842 2530 5918 ἐνόμιζεν,
2576 5814 2898 5910 ἀνθρώπων,
2930 5836 3131 5908 μόσχον
3160 5832 3348 5894 θύσας,
3381 5828 3477 5882 καὶ
3503 5824 3622 5896 τρία
3654 5814 3807 5888 μέτρα
