3962 6478
204 382 292 439 293
1182 373 1248 430 IN
1288 371 1503 428 EPIST.
1549 372 1564 425 1
1631 371 1720 425 Αἰ)
1759 370 1916 427 COB.
1960 369 2192 431 HOMIL.
2238 369 2475 429 XXXIV,
3378 378 3486 436 29s

208 505 243 559 si
267 513 438 556 rursus
469 508 685 555 vestem
723 507 922 560 texere,
954 508 1057 549 non
1086 507 1217 548 auro
1259 504 1449 546 rursus
1490 504 1626 559 opus
1664 498 1767 550 est,

209 608 301 647 non
320 597 565 659 argento,
600 589 697 644 sed
725 587 969 642 manibus
985 598 1199 639 rursum
1221 591 1275 638 et
1302 590 1418 635 arte
1442 578 1782 634 mulieribus-

203 699 296 753 que
321 681 693 753 operantibus.
716 679 850 748 Quid
882 694 1007 734 vero
1036 676 1082 732 si
1108 686 1304 730 terram
1328 672 1511 729 colere
1536 681 1782 742 oporteat

199 786 247 829 et
277 774 479 841 fodere,
510 788 580 827 an
608 772 865 828 divitibus
890 786 957 825 an
1004 768 1327 840 pauperibus
1369 776 1453 822 est
1481 764 1653 836 opus?
1682 762 1782 818 Pa-

200 868 295 920 lam
325 877 408 921 est
432 864 575 935 quod
601 863 947 935 pauperibus.
976 862 1044 915 Et
1071 860 1115 916 si
1143 861 1343 915 ferrum
1373 867 1602 912 tractare
1618 871 1783 926 Opor-

196 967 318 1023 tcat,
343 967 436 1010 aut
464 955 594 1027 quid
617 955 792 1009 simile
822 953 1020 1019 facere,
1055 952 1155 1006 bac
1181 950 1413 1008 maxime
1445 949 1604 1020 plebe
1628 948 1783 1002 nobis

191 1062 324 1120 opus
352 1058 459 1103 est.
485 1047 711 1103 Ubinam
739 1060 866 1114 ergo
888 1044 1140 1100 divitibus
1168 1058 1303 1113 opus
1326 1041 1660 1103 habebimus,
1680 1039 1783 1094 nisi

188 1144 473 1199 destruere
504 1149 747 1211 oporteat
772 1139 921 1193 hunc
952 1135 1262 1193 civitatem?
1288 1134 1423 1190 Nam
1467 1132 1513 1189 si
1559 1132 1666 1187 illis
1698 1132 1782 1186 in-

186 1235 413 1307 gressis,
440 1234 496 1288 in
529 1234 642 1288 auri
671 1241 725 1288 et
752 1232 1161 1303 margaritarum
1186 1228 1677 1299 concupiscentiam
1699 1227 1784 1280 in-

185 1326 425 1382 ciderint
454 1326 507 1379 hi
542 1323 845 1395 philosophi
873 1321 1248 1396 (philosophos
1289 1322 1433 1375 enim
1484 1333 1617 1374 voco
1665 1333 1783 1381 eos,

184 1417 271 1486 qui
305 1414 447 1471 nihil
477 1412 806 1484 superfluum
835 1412 1133 1483 quierunt),
1165 1413 1276 1466 otio
1305 1425 1364 1466 se
1390 1408 1588 1463 dantes
1612 1416 1667 1462 et
1692 1421 1788 1460 vo-

186 1508 403 1579 luptati,
435 1506 613 1563 omnia
638 1505 854 1561 demum
880 1504 1126 1575 perdent.
1160 1503 1227 1558 Et
1255 1502 1356 1558 nisi
1384 1502 1545 1557 utiles
1575 1498 1784 1554 sintdi-

183 1602 356 1667 vitiae,
382 1600 615 1671 inquies,
641 1613 738 1653 cur
767 1613 797 1652 a
823 1597 1051 1652 Domino
1078 1596 1218 1651 datae
1238 1594 1397 1649 sunt?
1424 1593 1493 1648 Et
1519 1591 1785 1647 undenam

182 1696 360 1765 liquet
385 1692 601 1748 divitias
621 1707 651 1746 a
683 1691 794 1746 Deo
814 1689 968 1745 dari?
996 1689 1272 1758 Scriptura
1299 1687 1432 1743 dicit
1463 1705 1476 1741 :
1513 1685 1685 1740 Meum
1715 1694 1789 1739 est

182 1793 462 1856 argentum
484 1792 528 1837 et
557 1799 720 1836 meum
750 1797 934 1834 aurum
961 1779 1159 1851 (Aggwt'
1203 1778 1257 1832 2.
1280 1776 1359 1846 9),
1379 1788 1431 1832 et
1456 1776 1540 1832 cui
1568 1778 1789 1831 voluero

182 1876 331 1932 dabo
363 1874 518 1930 illud.
569 1873 689 1940 Hic,
722 1871 827 1926 nisi
860 1886 972 1926 rem
1005 1880 1215 1939 turpem
1267 1868 1523 1935 facerem,
1571 1866 1790 1937 profuse

184 1983 334 2023 nunc
365 1967 630 2031 risissem,
654 1965 774 2020 illos
804 1964 892 2035 qui
920 1963 1034 2018 lucc
1057 1963 1243 2017 dicunt
1282 1960 1532 2025 irridens,
1565 1960 1688 2032 quia
1716 1960 1790 2016 si-

182 2070 273 2116 cut
304 2060 523 2131 pueruli
557 2059 700 2129 regia
733 2057 974 2113 fruentes
1002 2069 1209 2122 mensa,
1242 2069 1362 2109 cum
1405 2053 1496 2108 illo
1535 2053 1790 2108 alimento

184 2152 456 2224 quidquid
484 2150 732 2207 inciderit
758 2150 810 2204 in
844 2163 905 2203 os
934 2148 1200 2218 iniiciunt.
1230 2145 1321 2201 Sic
1349 2154 1403 2199 et
1427 2145 1479 2199 hi
1502 2159 1625 2199 cum
1657 2143 1794 2199 divi-

184 2247 264 2300 nis
294 2244 601 2313 Scripturis
620 2257 716 2298 sua
740 2256 953 2312 quoque
974 2240 1253 2310 colligunt.
1277 2236 1412 2293 Illud
1432 2238 1597 2304 enim,
1619 2236 1794 2291 Meum

182 2350 251 2392 est
280 2348 580 2408 argentum,
608 2345 653 2389 et
682 2351 846 2388 meum
877 2344 950 2388 est
978 2348 1183 2397 aurum,
1217 2331 1329 2385 scio
1355 2328 1557 2385 dictum
1586 2329 1793 2385 fuissea

186 2430 494 2499 propheta;
526 2426 656 2481 illud
684 2442 833 2491 vero,
862 2425 958 2481 Cui
1004 2424 1227 2479 voluero
1264 2422 1405 2478 dabo
1447 2421 1642 2492 ipsum,
1687 2437 1795 2477 non

187 2523 254 2577 ibi
279 2522 497 2592 jacere,
528 2519 621 2575 sed
658 2534 688 2573 a
715 2517 938 2573 faecibus
970 2518 1087 2572 istis
1126 2515 1399 2570 inductum
1443 2514 1626 2569 fuisse.
1660 2513 1795 2570 Illud

188 2628 323 2669 vero
354 2628 462 2683 qua
487 2611 555 2665 de
581 2625 743 2665 causa
777 2609 977 2665 dictum
1010 2609 1080 2663 sit
1123 2607 1320 2663 dicam.
1368 2605 1639 2678 Propheta
1686 2606 1796 2675 Ag-

193 2719 369 2776 gmus,
400 2704 528 2775 quia
555 2701 867 2773 frequenter
895 2699 1097 2756 iudicis
1120 2699 1461 2769 promiserat,
1501 2706 1623 2769 post
1651 2696 1798 2753 redi-

192 2806 309 2851 tum
347 2811 415 2852 ex
452 2794 725 2865 Babylone
752 2807 811 2849 se
840 2792 1096 2863 templum
1137 2800 1481 2845 ostensurum
1527 2789 1582 2843 in
1620 2788 1801 2861 priore

195 2889 395 2955 forma,
431 2903 542 2943 non
574 2886 868 2943 credebant
897 2896 1075 2940 autem
1105 2884 1318 2955 quidam
1346 2883 1569 2949 dicenti,
1610 2891 1662 2938 et
1692 2882 1801 2938 fere

200 2996 317 3036 rem
350 2978 743 3051 impossibilem
783 2976 1186 3043 existimabant,
1227 2974 1371 3046 quod
1400 2974 1454 3030 in
1481 2976 1718 3030 cinerem
1749 2982 1803 3030 ct

204 3077 483 3147 pulverem
508 3073 727 3130 redacta
754 3070 969 3136 domus,
1003 3070 1122 3125 talis
1145 3084 1358 3125 rursum
1387 3066 1695 3138 apparitura
1718 3080 1806 3122 es-

206 3178 318 3232 set;
348 3167 441 3223 ille
471 3164 690 3220 solvens
717 3161 1150 3219 incredulitatem
1181 3161 1444 3231 ipsorum,
1478 3175 1545 3215 ex
1574 3174 1804 3230 persona

212 3259 301 3315 Dei
342 3258 463 3313 haec
493 3256 647 3321 dicit,
679 3268 744 3310 ac
771 3254 817 3309 si
846 3253 1085 3309 diceret:
1113 3251 1251 3320 Quid
1281 3250 1514 3306 timetis?
1539 3250 1666 3322 quid
1698 3267 1805 3305 non

213 3349 463 3405 creditis?
490 3347 666 3402 Meum
691 3356 764 3401 est
788 3354 1052 3417 argentum
1068 3353 1116 3398 et
1133 3358 1296 3397 meum
1321 3358 1526 3409 aurum,
1556 3356 1657 3397 nec
1671 3356 1808 3411 opus

218 3440 407 3508 habeo,
436 3448 497 3494 ut
526 3437 752 3509 pecunia
785 3437 992 3493 foenore
1034 3443 1277 3506 accepta,
1308 3434 1391 3490 sic
1438 3432 1611 3489 sedem
1646 3447 1808 3488 exor-

222 3547 350 3588 nem.
384 3531 456 3587 Et
485 3529 629 3603 quod
661 3528 765 3586 hoc
792 3529 885 3594 sit,
916 3527 1194 3597 subiunxit
1227 3544 1241 3581 :
1288 3525 1353 3581 Et
1396 3528 1490 3581 erit
1515 3526 1681 3598 gloria
1711 3526 1808 3579 do-

220 3644 323 3680 mus
366 3627 526 3696 hujus
556 3624 734 3678 ultima
782 3639 940 3694 supra
982 3622 1206 3693 primum
1236 3619 1434 3693 (Λαριιεὶ
1460 3619 1517 3675 2.
1558 3620 1626 3675 10
1652 3618 1692 3691 ).
1732 3618 1811 3675 Ne

220 3732 341 3788 ergo
370 3718 423 3771 in
455 3715 837 3771 vestimentum
878 3715 1084 3784 regium
1132 3714 1268 3768 telas
1305 3729 1621 3768 aranearum
1654 3712 1812 3767 indu-

220 3822 420 3862 camus.
446 3805 581 3861 Nam
609 3805 651 3859 si
679 3804 801 3877 quis
827 3803 1260 3875 deprehendatur
1288 3802 1341 3858 in
1367 3819 1603 3874 purpura
1634 3803 1811 3858 defor-

222 3917 300 3956 me
350 3901 674 3971 subtegmen
716 3907 1046 3964 contexens,
1090 3905 1366 3952 extremas
1410 3895 1558 3951 dabit
1598 3910 1807 3966 poenas,

222 3995 387 4049 multo
408 3994 583 4063 magis
625 3993 679 4046 ia
720 3990 1327 4060 spiritualibuszncque
1368 3991 1512 4044 enim
1543 3989 1667 4043 hinc
1694 3989 1812 4044 leve

226 4097 497 4157 peccatum
523 4086 715 4140 oritur.
738 4084 806 4139 Et
825 4082 953 4155 quid
982 4083 1102 4138 dico
1131 4083 1201 4139 de
1230 4082 1502 4137 additione
1529 4092 1583 4138 et
1604 4081 1671 4137 de
1686 4083 1813 4135 sub-

225 4178 523 4235 tractione?
562 4193 627 4233 ex
669 4185 868 4247 puncto
912 4184 1137 4241 tantum,
1173 4183 1227 4229 et
1254 4190 1319 4231 ex
1349 4174 1600 4229 simulata
1644 4174 1809 4228 altera

224 4272 449 4326 lci-tione
480 4269 645 4323 multa
672 4282 816 4338 saepe
840 4266 1073 4323 absurda
1098 4282 1255 4323 sensa
1284 4276 1404 4323 orta
1431 4276 1573 4321 sunt.

291 4364 344 4419 6.
380 4362 660 4419 Undenam
680 4375 809 4432 ergo
826 4360 1273 4432 divites?inquies
1292 4367 1306 4418 ;
1326 4360 1523 4414 dictum
1546 4367 1628 4414 est
1645 4357 1810 4414 enim.

226 4458 429 4513 Divitiae
453 4464 503 4510 et
531 4463 812 4525 paupertas
835 4469 867 4507 a
895 4452 1115 4507 Domino
1153 4451 1340 4523 (Eccli.
1373 4453 1461 4507 11.
1504 4450 1613 4523 id).
1648 4451 1817 4505 Inter-

225 4548 534 4621 rogabimus
558 4561 691 4617 ergo
714 4560 810 4601 eos
841 4546 930 4614 qui
960 4545 1077 4599 hinc
1104 4544 1256 4599 nobis
1277 4543 1573 4613 objiciunt:
1603 4543 1815 4615 Ergone

224 4654 412 4696 omnes
442 4638 641 4692 divitia:
671 4646 726 4692 et
749 4637 927 4692 omnis
957 4646 1244 4707 paupertas
1270 4651 1300 4691 a
1327 4636 1587 4691 Domino?
1613 4645 1667 4691 et
1693 4637 1814 4706 quis

228 4735 325 4789 hoc
352 4730 589 4785 dixerit?
616 4728 749 4784 Nam
776 4727 1020 4783 videmus
1043 4738 1101 4784 et
1123 4744 1189 4782 ex
1220 4727 1407 4798 rapina
1435 4737 1491 4783 et
1519 4741 1586 4782 ex
1609 4726 1815 4782 malefi-

228 4829 309 4881 cio
335 4825 391 4878 iu
419 4822 686 4877 iodiendis
713 4821 996 4892 sepulcris,
1022 4830 1076 4876 et
1101 4835 1166 4875 ex
1195 4818 1481 4891 prrcstigiis
1494 4834 1666 4889 exque
1697 4818 1818 4873 aliis

231 4915 534 4986 huiusmodi
561 4914 770 4979 causis,
802 4927 1024 4984 magnas
1049 4928 1077 4964 a
1110 4911 1292 4967 multis
1320 4911 1531 4966 corradi
1579 4910 1814 4979 divitias,

236 5019 291 5063 et
315 5009 398 5078 qui
426 5022 523 5063 eas
566 5004 863 5076 possident,
912 5019 981 5059 ne
1022 5005 1127 5078 vita
1173 5002 1396 5073 quidem
1439 5002 1630 5073 dignos
1670 5016 1814 5056 esse.

238 5076 364 5168 Quid
389 5114 543 5171 ergo,
572 5099 660 5154 dic
683 5097 836 5165 mihi,
863 5076 1083 5152 hascine
1103 5095 1314 5151 divitias
1339 5110 1369 5149 a
1399 5095 1508 5150 Deo
1533 5109 1653 5149 csse
1674 5094 1821 5149 dica-

235 5195 383 5251 mus?
410 5194 602 5249 Absit:
636 5191 733 5248 sed
755 5190 1062 5247 undenam?
1098 5189 1173 5243 Ex
1208 5199 1448 5259 peccato.
1472 5187 1605 5242 Nam
1639 5202 1817 5242 mere-

236 5289 328 5342 trix
368 5300 569 5356 corpus
610 5300 765 5340 suum
806 5281 1128 5338 contumelia
1166 5281 1430 5347 alliciens,
1476 5278 1724 5343 ditescit;
1765 5287 1821 5332 et

236 5382 501 5437 formosus
539 5379 854 5434 adolescens
896 5391 1040 5446 saepe
1086 5374 1310 5430 formam
1356 5371 1595 5428 vendens
1642 5385 1817 5436 suam,

234 5493 349 5532 cum
382 5474 714 5544 turpitudine
738 5487 925 5527 aurum
957 5468 1231 5542 possidet;
1266 5477 1320 5523 et
1348 5466 1719 5539 sepulcrorum
1742 5464 1822 5519 ef-

234 5569 426 5632 fossor,
445 5566 677 5635 diruptis
696 5563 975 5634 sepulcris,
994 5560 1207 5617 divitias
1225 5560 1368 5629 cogit
1393 5558 1644 5629 injustas,
1666 5558 1822 5611 item-

232 5676 330 5732 que
358 5660 505 5715 latro
529 5657 696 5713 muris
738 5656 1042 5726 perforatis.
1083 5653 1294 5723 Ergone
1319 5665 1353 5706 a
1380 5650 1607 5706 Domino
1631 5663 1820 5704 omnes

224 5751 468 5809 divitiae?
496 5748 632 5818 Quid
673 5762 824 5817 ergo,
853 5745 1084 5816 inquies,
1132 5742 1582 5815 respondebimus
1615 5737 1682 5796 ad
1713 5738 1820 5795 hoc

223 5844 462 5901 dictum?
496 5842 649 5897 Disce
674 5840 821 5910 prius
846 5853 945 5894 nec
974 5844 1342 5908 paupertatem
1370 5850 1399 5892 a
1431 5835 1544 5894 Deo
1582 5853 1725 5908 esse,
1761 5853 1817 5896 et

566 5938 836 6010 PATnOL.
888 5938 1005 6000 Gtt.
1057 5936 1217 6002 LXI.

1891 495 2018 541 tunc
2041 486 2107 540 ad
2137 485 2239 542 hoc
2264 485 2470 541 dictum
2501 478 2795 541 veniemus.
2830 487 2964 543 Cum
2991 489 3134 545 enim
3176 492 3295 562 quis
3321 494 3481 564 iuve-

1889 579 1970 634 nis
1997 577 2251 652 prodigus
2271 588 2364 634 aut
2391 579 2444 634 in
2476 581 2790 636 meretrices
2819 580 3035 637 divitias
3064 587 3481 655 consumpserit,

1887 671 2055 725 autin
2085 670 2522 740 prmstigialores,
2573 682 2662 725 aut
2712 671 2765 725 in
2796 671 2931 728 alias
2970 675 3250 744 quasillam
3277 675 3484 733 similes

1887 761 2226 832 cupiditates,
2263 770 2319 818 et
2344 778 2548 833 pauper
2574 764 2841 830 evaserit;
2876 780 3054 821 nonne
3084 769 3258 837 palam
3279 776 3362 824 est
3382 767 3489 824 hoc

1888 868 1916 907 a
1948 853 2061 909 Deo
2092 852 2291 907 factum
2331 868 2437 908 non
2491 868 2633 918 esse,
2665 853 2761 909 sed
2805 854 2876 910 ab
2914 857 3082 926 ipsius
3132 857 3491 927 profusione?

1890 945 2121 1001 Rursum
2152 946 2197 1001 si
2228 946 2348 1017 quis
2377 945 2447 1000 ob
2483 947 2765 1017 segnitiem
2810 962 3012 1018 pauper
3042 950 3149 1011 fiat,
3183 950 3228 1004 si
3269 951 3389 1021 quis
3421 967 3488 1007 ex

1890 1038 2097 1095 insania
2154 1039 2206 1093 in
2253 1047 2621 1109 paupertatem
2666 1040 2899 1110 decidat,
2929 1042 2973 1097 si
3004 1043 3124 1113 quis
3156 1044 3484 1113 periculosas

1888 1138 1946 1185 et
1974 1130 2183 1201 iniquas
2202 1145 2292 1186 res
2320 1145 2635 1201 aggressus;
2678 1147 2859 1188 nonne
2894 1134 3241 1203 conspicuum
3265 1152 3487 1207 prorsus

1887 1231 1991 1287 est,
2024 1223 2228 1277 nullum
2256 1237 2444 1278 eorum
2472 1222 2564 1293 qui
2607 1223 2916 1294 huiusmodi
2946 1236 3073 1281 sunt
3116 1228 3170 1283 in
3204 1240 3488 1299 pauperta-

1889 1322 1996 1368 tem
2026 1329 2056 1367 a
2089 1315 2201 1369 Deo
2227 1314 2496 1383 deiectum
2527 1314 2730 1372 fuisse?
2753 1316 3007 1373 Mentitur
3025 1334 3155 1390 ergo
3180 1320 3488 1394 Scriptura?

1892 1404 2072 1471 Absit;
2104 1405 2198 1460 sed
2231 1406 2395 1461 stulte
2424 1416 2591 1477 agunt
2622 1406 2678 1472 ii,
2726 1408 2817 1477 qui
2850 1423 2958 1465 non
2989 1424 3112 1465 cum
3156 1427 3219 1466 ca
3256 1429 3360 1482 qua
3387 1428 3485 1485 par

1890 1506 2034 1552 esset
2059 1499 2404 1554 accuratione
2424 1500 2603 1554 omnia
2632 1516 2752 1572 qua:
2774 1503 2971 1572 scripta
3000 1512 3127 1558 sunt
3149 1506 3486 1562 examinant.

1890 1587 2025 1643 Nam
2052 1589 2101 1643 si
2125 1598 2179 1644 et
2201 1589 2305 1645 hoc
2331 1590 2385 1645 in
2410 1589 2662 1648 confesso
2697 1592 2788 1660 sit,
2817 1592 2961 1664 quod
3002 1594 3284 1667 Scriptura
3330 1613 3487 1654 men-

1894 1683 1982 1739 tiri
2012 1694 2267 1754 nequeat,
2313 1694 2369 1741 et
2418 1684 2525 1742 hoc
2564 1686 2994 1744 demonstratum
3043 1689 3134 1756 sit,
3185 1690 3328 1761 quod
3378 1705 3485 1748 non

1892 1788 2080 1831 omnes
2106 1775 2307 1830 divitia:
2342 1791 2373 1831 a
2416 1777 2527 1832 Deo
2552 1778 2688 1845 sint;
2739 1778 3029 1835 difficultas
3056 1781 3206 1837 venit
3230 1798 3295 1838 ex
3321 1782 3492 1840 imbe-

1891 1865 2116 1922 cillitate
2140 1882 2329 1923 eorum
2360 1869 2450 1939 qui
2483 1884 2590 1924 non
2617 1870 2961 1928 considerate
2986 1872 3189 1944 legunt.
3228 1872 3298 1929 Et
3322 1888 3488 1945 opor-

1895 1967 2035 2015 teret
2052 1960 2268 2030 quidem
2296 1976 2393 2016 vos
2421 1960 2713 2028 dimittere,
2743 1978 2865 2019 cum
2908 1964 2962 2019 in
2996 1963 3101 2021 hoc
3148 1963 3489 2038 Scripturam

1894 2053 1963 2109 ab
1988 2054 2185 2110 oblatis
2211 2054 2533 2111 criminibus
2572 2056 2944 2126 liberavimus,
2979 2068 3037 2115 ut
3080 2058 3178 2115 has
3206 2061 3365 2116 nobis
3395 2077 3490 2117 ve-

1895 2153 2021 2200 stra:
2044 2145 2097 2200 in
2122 2145 2365 2216 legendis
2384 2146 2677 2218 Scripturis
2700 2149 3038 2222 negligentia:
3060 2149 3259 2206 daretis
3282 2166 3490 2223 prunas:

1896 2250 2081 2291 verum
2112 2236 2236 2306 quia
2271 2237 2419 2294 vobis
2449 2238 2741 2294 admodum
2774 2255 2960 2311 parco,
3012 2249 3067 2298 et
3114 2258 3223 2297 non
3273 2258 3489 2312 possum

1897 2328 2127 2399 amplius
2150 2328 2338 2384 videre
2364 2344 2460 2385 vos
2484 2331 2858 2400 conturbatos,
2891 2347 2990 2403 age
3016 2332 3343 2390 solutionem
3373 2334 3497 2390 alie-

1899 2436 2099 2488 ramus,
2129 2422 2302 2492 primo
2325 2437 2447 2478 eum
2472 2424 2565 2495 qui
2605 2424 2740 2481 dixit
2779 2436 3165 2495 memorantes,
3194 2437 3250 2484 ct
3281 2431 3498 2500 quando

1898 2513 2099 2569 dictum
2127 2514 2308 2581 fuerit,
2332 2525 2388 2570 et
2416 2515 2483 2570 ad
2514 2530 2801 2587 quosnam.
2833 2517 3018 2590 Neque
3047 2521 3189 2575 enim
3215 2522 3356 2577 Deus
3372 2538 3495 2577 cum

1900 2606 2150 2661 omnibus
2173 2606 2705 2679 similiterloquitur;
2734 2618 2793 2665 ut
2823 2626 2999 2681 neque
3035 2627 3134 2666 nos
3156 2628 3278 2667 cum
3316 2615 3501 2685 pueris

1901 2705 1953 2751 ct
1974 2712 2096 2752 eum
2121 2698 2247 2753 viris
2264 2698 2512 2754 similiter
2528 2700 2691 2755 verba
2716 2698 2962 2758 facimus.
2982 2703 3336 2773 Quandonam
3366 2722 3498 2777 ergo

1901 2787 2105 2844 dictum
2152 2799 2235 2845 est
2254 2831 2269 2858 ,
2300 2799 2356 2845 et
2379 2806 2410 2845 a
2437 2806 2545 2862 quo
2566 2834 2579 2859 ,
2610 2802 2668 2848 et
2696 2792 2761 2848 ad
2787 2796 3089 2864 quosnam?
3120 2798 3160 2851 Α
3209 2796 3500 2853 Salomone

1904 2879 1959 2936 in
1982 2878 2163 2936 Veteri
2204 2882 2271 2937 ad
2311 2882 2548 2949 Judceos,
2576 2884 2667 2954 qui
2708 2883 2839 2938 nihil
2884 2884 3028 2941 aliud
3064 2887 3309 2943 sciebant
3340 2903 3500 2959 quam

1905 2973 2203 3040 sensibilia,
2225 2982 2279 3030 et
2306 2974 2376 3029 ab
2405 2974 2470 3029 iis
2502 2974 2597 3031 Dei
2628 2974 2883 3032 virtutem
2915 2976 3236 3047 probabant.
3267 2978 3331 3033 lii
3357 2979 3502 3035 enim

1906 3076 2033 3122 sunt
2079 3069 2167 3140 qui
2205 3067 2496 3124 dicebant:
2527 3066 2797 3141 Numquid
2841 3080 2890 3126 et
2942 3087 3128 3143 panem
3170 3073 3354 3143 poterit
3383 3074 3508 3128 dare

1909 3158 2081 3231 (Psal.
2113 3161 2202 3216 77.
2224 3158 2443 3231 20)?et,
2466 3159 2616 3228 Quod
2640 3162 2845 3234 signum
2874 3164 3099 3221 ostendis
3124 3163 3267 3220 nobis
3290 3163 3507 3236 (Matth.

1909 3252 1999 3310 12.
2027 3253 2159 3326 58)?
2183 3252 2363 3308 Patres
2384 3255 2544 3308 nostri
2565 3256 3004 3311 ntanducaueruat
3030 3273 3219 3312 manna
3238 3256 3290 3312 in
3310 3256 3510 3315 deserto

1911 3343 2094 3415 (Joan.
2127 3345 2181 3401 6.
2233 3345 2346 3416 51).
2399 3344 2630 3412 Quorum
2662 3345 2788 3401 deus
2818 3356 2987 3402 venter
3010 3346 3275 3421 (Philipp.
3304 3348 3363 3405 3.
3396 3348 3507 3421 19).

1910 3437 2176 3504 Quoniam
2208 3437 2368 3509 igitur
2408 3452 2475 3493 ex
2519 3438 2584 3493 iis
2624 3438 2774 3494 illum
2817 3440 3164 3507 exercebant,
3192 3440 3325 3497 dicit
3352 3439 3509 3512 ipsis,

1911 3530 2026 3588 llnc
2054 3546 2268 3602 quoque
2294 3539 2474 3599 potest
2501 3531 2667 3596 Deus,
2700 3541 2753 3587 et
2781 3530 2976 3587 divites
3003 3531 3183 3588 facere
3208 3540 3263 3588 et
3293 3547 3510 3604 paupe-

1914 3637 2036 3689 res;
2066 3636 2174 3678 non
2205 3620 2348 3691 quod
2382 3620 2605 3675 omnino
2636 3622 2753 3691 ipse
2782 3621 2964 3690 faciat,
3009 3622 3103 3678 sed
3142 3622 3284 3694 quod
3317 3624 3509 3695 possit,

1913 3715 2128 3786 quando
2154 3715 2417 3771 voluerit:
2447 3724 2502 3769 ut
2525 3725 2581 3770 et
2606 3715 2822 3786 quando
2846 3716 3064 3785 dixerit,
3092 3717 3193 3783 Qui
3213 3718 3345 3772 mari
3368 3733 3509 3773 com-

1914 3808 2161 3874 minatur,
2192 3816 2240 3861 ct
2265 3807 2484 3861 exsiccet
2510 3805 2662 3872 illud,
2690 3817 2740 3861 et
2761 3823 2937 3862 attines
2962 3808 3147 3877 ﬂuuios
3174 3809 3226 3862 in
3256 3809 3508 3864 desertum

1913 3900 2150 3971 redigens
2189 3896 2452 3970 (Nahum.
2504 3899 2557 3954 1.
2604 3899 2698 3971 4);
2730 3915 3054 3971 quamquam
3087 3900 3188 3956 hoc
3215 3915 3508 3972 numquam

1915 3991 2114 4047 factum
2132 4001 2234 4046 est.
2253 3990 2536 4059 Quomodo
2564 3991 2729 4061 igitur
2756 3992 2884 4047 illud
2912 3993 3174 4064 propheta
3205 3992 3372 4048 dicit?
3391 3992 3508 4047 Non

1916 4082 2057 4153 quod
2084 4097 2302 4151 semper
2329 4082 2441 4147 liat,
2470 4082 2566 4137 sed
2593 4082 2736 4153 quod
2771 4084 2887 4153 ipse
2912 4085 3085 4155 possit
3106 4084 3306 4139 facere.
3336 4084 3509 4152 Quam

1917 4189 2047 4244 ergo
2097 4180 2470 4244 paupertatem
2514 4172 2606 4228 dat
2644 4185 2699 4229 et
2739 4189 2874 4246 quas
2919 4174 3176 4230 divitias?
3204 4176 3511 4232 Recordare

1921 4264 2263 4334 patriarcha),
2295 4274 2350 4320 et
2379 4267 2520 4321 scies
2567 4282 2814 4337 quamam
2853 4282 2885 4323 a
2916 4268 3030 4324 Deo
3056 4267 3255 4325 dentur
3281 4264 3508 4327 divitiae.

1919 4356 2050 4411 Nam
2084 4355 2449 4412 Abrahamum
2481 4357 2597 4428 ipse
2626 4357 2850 4414 divitem
2897 4358 3161 4424 reddidit;
3208 4368 3262 4416 et
3294 4370 3415 4431 post
3442 4361 3507 4415 ilo

1918 4451 2026 4505 lum
2050 4448 2266 4516 Jobum,
2293 4458 2349 4502 ut
2371 4459 2426 4503 et
2454 4449 2570 4519 ipse
2594 4448 2758 4505 dicit:
2793 4449 2854 4505 Si
2889 4448 3023 4505 bona
3052 4450 3255 4517 quidem
3278 4453 3507 4524 suscepi-

1921 4557 2031 4595 mus
2057 4558 2087 4594 a
2114 4539 2360 4605 Domino,
2404 4540 2542 4596 mala
2567 4550 2735 4596 autem
2760 4559 2865 4596 non
2892 4543 3250 4599 sustinebimus
3274 4543 3421 4617 (Job.
3450 4546 3511 4603 Ξ.

1922 4634 2051 4707 10)?
2075 4635 2140 4689 Et
2169 4633 2356 4691 Jacobi
2388 4635 2589 4691 divitia:
2620 4636 2746 4692 inde
2772 4637 2982 4692 initium
3017 4650 3384 4710 sumpserunt.
3417 4639 3513 4697 Est

1918 4738 2099 4783 autem
2127 4738 2181 4783 et
2226 4738 2513 4798 paupertas
2537 4729 2606 4784 ab
2633 4744 2700 4785 eo
2729 4729 3034 4794 laudabilis,
3067 4747 3226 4801 quam
3257 4732 3329 4787 illi
3360 4732 3512 4789 diviti

1923 4833 2048 4877 tunc
2073 4822 2396 4877 conciliabat
2434 4822 2661 4878 dicens:
2693 4822 2757 4879 Si
2799 4824 2873 4878 vis
2914 4828 3167 4896 perfectus
3196 4840 3326 4891 esse,
3358 4827 3517 4880 vende

1920 4928 2033 4984 qua:
2055 4911 2228 4980 habes,
2252 4921 2296 4967 et
2313 4913 2381 4966 da
2410 4914 2736 4984 pauperibus,
2758 4923 2805 4968 et
2830 4914 2944 4968 veni
2967 4931 3171 4985 sequere
3190 4931 3269 4970 me
3295 4914 3489 4988 (Matth
3503 4958 3519 4972 .

1923 5003 2164 5077 19.2l);
2192 5012 2247 5059 et
2275 5003 2557 5074 discipulis
2583 5020 2798 5061 rursum
2837 5006 3011 5078 legem
3042 5015 3289 5063 statuens
3325 5024 3391 5067 ac
3428 5009 3518 5067 di-

1922 5114 2087 5153 cens:
2116 5095 2292 5152 Nolite
2332 5099 2590 5166 possidere
2616 5115 2821 5167 aurum,
2855 5117 3018 5171 neque
3044 5109 3340 5171 argentum,
3358 5119 3521 5174 neque

1924 5192 2051 5245 duas
2078 5194 2273 5244 tunicas
2303 5187 2453 5263 (Luc.
2484 5192 2536 5245 9.
2562 5190 2642 5263 ὅ).
2661 5191 2935 5262 Neitaque
2959 5191 3106 5247 dicas
3131 5193 3304 5265 ipsum
3326 5209 3524 5253 omnes

1924 5283 2056 5338 dare
2082 5282 2328 5337 divitias:
2360 5298 2482 5337 nam
2510 5282 2937 5339 demonstratum
2982 5293 3066 5340 est
3099 5293 3156 5340 et
3182 5300 3249 5341 ex
3276 5287 3517 5343 cmdibus

1926 5388 1981 5429 ct
2001 5391 2064 5429 ex
2092 5374 2295 5443 rapinis
2325 5385 2380 5429 et
2404 5390 2469 5428 ex
2500 5375 2649 5429 mille
2669 5376 2792 5430 aliis
2821 5374 3198 5432 occasionibus
3224 5376 3369 5447 ipsas
3396 5379 3517 5434 col-

1927 5466 2037 5536 ligi.
2061 5465 2165 5521 Sed
2201 5479 2386 5520 rursus
2408 5464 2474 5519 ad
2501 5468 2739 5537 priorem
2767 5468 3126 5538 qumstioncm
3149 5483 3331 5524 sermo
3358 5468 3521 5525 redu-

1925 5567 2097 5613 catur.
2125 5557 2181 5613 Si
2211 5558 2355 5612 enim
2378 5557 2445 5612 ad
2481 5557 2612 5612 nihil
2638 5557 2793 5614 nobis
2824 5559 2987 5616 utiles
3014 5560 3209 5617 divites
3236 5570 3380 5628 sunt,
3419 5575 3518 5617 cur

1928 5649 2054 5705 facti
2085 5646 2268 5705 fuere?
2295 5650 2421 5720 quid
2449 5665 2582 5721 ergo
2606 5650 2939 5707 dixerimus?
2967 5652 3122 5722 Quod
3163 5651 3216 5707 hi
3248 5668 3353 5708 non
3385 5668 3515 5722 pro-

1928 5742 2055 5807 sint,
2086 5741 2176 5812 qui
2206 5756 2266 5796 se
2293 5741 2370 5797 sic
2390 5742 2586 5798 divites
2613 5742 2872 5809 reddunt;
2901 5754 2960 5801 ut
2984 5745 3059 5801 illi
3089 5745 3234 5817 quia
3261 5745 3369 5801 Deo
3394 5745 3517 5804 facti

1929 5848 2074 5909 sunt,
2107 5839 2256 5894 valde
2284 5850 2408 5895 sunt
2437 5840 2613 5897 utiles.
2642 5832 2756 5906 Hoc
2785 5835 2853 5891 ab
2882 5835 3098 5893 illorum
3123 5835 3291 5905 gestis
3312 5833 3515 5899 edisse.
