3962 6428
545 388 652 443 295

548 505 762 562 Etenim
790 498 1058 558 Abraham
1086 473 1381 566 peregrinis
1420 496 1476 543 et
1517 484 1702 556 egenis
1730 463 1981 536 omnibus
2008 491 2130 549 pos-

550 597 763 675 sidebat
806 592 1039 649 divitias.
1086 585 1182 662 ille
1209 583 1351 654 enim
1382 573 1878 660 cumadvenisseut
1922 579 2051 652 tres,
2081 578 2138 624 ut

547 673 912 764 existimabat,
943 679 1210 744 homines,
1241 673 1412 750 vitulo
1440 679 1670 727 mactato
1695 665 1967 749 tribusque
1989 661 2132 717 simi-

517 821 519 823 .
549 780 615 834 la:
637 757 905 834 mensuris
935 769 1194 836 Subactis,
1213 766 1266 822 in
1285 765 1531 834 ostioque
1552 758 1747 816 sedens
1765 765 2006 827 tempore
2024 751 2136 807 me-

553 871 781 946 ridiano,
799 865 1080 942 considera
1097 875 1218 916 cum
1235 866 1434 930 quanta
1451 853 1771 910 liberalitate
1785 859 1841 906 et
1859 848 2136 904 alacritate

531 943 640 1019 sua
664 961 912 1017 omnibus
941 953 1294 1027 impenderet,
1320 964 1444 1006 cum
1483 944 1728 1019 pecuniis
1757 943 1916 998 etiam
1945 953 2137 1009 corpo-

546 1058 620 1128 ris
649 1041 1004 1110 ministerium
1030 1046 1314 1111 adhibens,
1341 1051 1396 1098 et
1425 1040 1541 1095 htec
1557 1038 1608 1093 in
1633 1044 1778 1092 tanto
1802 1033 1977 1090 senio.
2002 1031 2136 1086 Por-

548 1160 632 1206 tus
657 1157 773 1204 erat
793 1145 1066 1216 hospitum
1091 1150 1387 1208 eorumque
1419 1133 1508 1206 qui
1538 1133 1592 1188 in
1611 1127 1936 1186 necessitate
1953 1132 2129 1188 erant,

547 1245 676 1301 nihil
699 1243 798 1298 sibi
818 1239 1090 1312 proprium
1113 1233 1416 1306 possidens,
1441 1242 1540 1283 nec
1565 1228 1726 1282 etiam
1752 1218 1922 1276 lilium
1941 1233 2130 1274 suum:

548 1340 658 1411 Deo
688 1311 922 1406 namque
944 1331 1176 1402 iubente
1207 1325 1353 1381 hunc
1393 1321 1560 1380 etiam
1592 1317 1841 1382 tradidit;
1872 1329 1993 1369 cum
2025 1311 2135 1366 ﬁlio

545 1403 725 1502 autem
748 1403 985 1498 seipsutn
1014 1421 1184 1487 dedit,
1217 1426 1274 1474 et
1298 1424 1462 1472 totam
1494 1412 1738 1476 domum,
1767 1403 1982 1480 quando
2018 1411 2134 1458 stu-

546 1497 707 1580 debat
739 1497 920 1574 fratris
949 1513 1116 1584 filium
1143 1509 1371 1580 eripere.
1412 1505 1479 1560 Et
1513 1502 1630 1557 hmo
1657 1497 1887 1554 faciebat
1911 1509 2018 1549 non
2045 1507 2138 1563 pe-

545 1612 822 1670 cuniarum
853 1619 1035 1670 causa,
1069 1601 1164 1657 sed
1205 1614 1273 1655 ex
1304 1593 1634 1652 humanitate
1663 1589 1800 1674 sola.
1828 1587 1964 1642 Cum
1992 1583 2135 1666 enim

545 1707 720 1774 ipsum
753 1697 1139 1774 manubiarum
1182 1690 1458 1764 dominum
1508 1665 1752 1760 fecerunt
1776 1665 1887 1750 'qui
1923 1677 1992 1732 ab
2019 1660 2136 1744 ipso

544 1766 996 1860 servatiifueraut,
1047 1766 1218 1859 usque
1243 1782 1310 1838 ad
1332 1781 1480 1836 filum
1521 1770 1872 1846 subtegmiuis
1892 1775 1947 1825 et
1969 1766 2137 1823 corri-

543 1890 684 1964 giam
704 1882 1066 1956 realccamenti
1083 1879 1265 1957 omnia
1286 1870 1574 1931 recusavit.
1725 1933 1728 1940 Ι

615 1981 668 2034 Ἰ.
700 1976 846 2034 Talis
871 1951 1062 2032 eratet
1083 1951 1280 2026 beatus
1309 1963 1412 2022 Job
1438 1980 1451 2016 :
1484 1958 1701 2017 etenim,
1719 1955 1918 2012 Ostium
1947 1951 2134 2016 ineunt,

547 2071 739 2151 inquit,
767 2066 906 2122 omni
933 2051 1150 2119 venienti
1191 2067 1427 2130 apertum
1463 2058 1591 2128 erat.
1626 2047 1738 2121 Ego
1778 2061 1917 2100 eram
1961 2041 2137 2097 oculus

546 2143 793 2239 ewcorum
819 2166 866 2212 et
910 2170 998 2234 per
1041 2149 1378 2213 claudorum;
1426 2158 1516 2215 ego
1547 2155 1685 2194 erant
1729 2145 1874 2207 pater
1902 2133 2137 2201 inﬁrmo-

545 2221 695 2328 rum;
748 2221 875 2322 foris
910 2221 1095 2300 ‘autem
1123 2257 1224 2326 non
1257 2236 1502 2292 ‘manebat
1528 2234 1711 2301 hospes
1738 2225 1881 2296 (Job.
1913 2224 2001 2310 5i.
2044 2221 2133 2278 '59..

543 2356 588 2407 et
737 2307 824 2397 l5.
867 2337 996 2408 l6):
1030 2320 1228 2391 infirmi
1257 2337 1459 2393 autem,
1490 2323 1536 2380 si
1564 2319 1780 2393 quando
1806 2307 2138 2404 opusqhabeo

546 2425 694 2509 bant,
730 2433 837 2488 non
889 2425 1329 2487 frustrabantur;
1383 2429 1558 2488 neque
1607 2412 1705 2468 sivi
1753 2401 2024 2464 infirmum
2070 2421 2136 2460 ex

546 2504 688 2605 ostio
713 2539 835 2580 meo
862 2522 984 2578 sinu
1013 2531 1184 2574 vacuo
1217 2503 1387 2569 exire.
1430 2507 1499 2563 Et
1539 2505 1622 2562 his
1654 2497 1824 2558 multo
1864 2495 2035 2571 plura,
2069 2511 2138 2553 ne

535 2595 725 2676 omnia
771 2628 914 2671 nunc
955 2612 1353 2670 recen'seamus,
1397 2600 1573 2656 facere
1619 2611 1724 2651 non
1751 2591 2051 2656 desinebat,
2084 2588 2136 2644 in

544 2693 746 2782 egenos
771 2718 963 2762 omnes
1006 2683 1222 2758 divitias
1266 2681 1614 2752 consumens.
1661 2685 1754 2741 Vis
1805 2681 1966 2739 etiam
2018 2678 2139 2734 illos

545 2763 741 2859 divites
782 2797 987 2862 videre,
1017 2793 1109 2864 qui
1144 2806 1172 2844 a
1203 2789 1314 2844 Deo
1341 2779 1618 2860 nonqtale's
1649 2767 1938 2840 facti‘sunt,
1970 2763 2027 2826 ut
2051 2768 2137 2825 di-

546 2877 668 2968 scas
697 2858 982 2961 quomodo-
999 2858 1202 2938 divitiis
1231 2878 1338 2933 sint
1368 2858 1493 2930 usi?
1532 2869 1666 2925 Vide
1699 2867 1847 2922 illum
1884 2858 1974 2935 qui
2016 2875 2138 2917 cunt

536 2953 772 3045 Lazaro,
791 2978 880 3049 qui
911 2991 982 3032 ne
1010 2973 1178 3030 micas
1197 2967 1412 3040 quidem
1435 2961 1632 3029 dabat;
1661 2959 1782 3015 vide
1805 2953 2137 3018 Achaabmn,

1275 371 1330 430 s.
1368 367 1646 428 lOANNlS
1669 358 2139 421 CllRYSOSTOMl
2179 356 2493 412 AttCtttEP.
2528 348 3063 412 'CONSTAN'l‘lNOP.

3659 367 3742 426 296

2241 475 2330 548 qui
2372 483 2429 529 et
2469 473 2682 528 vineam
2717 474 2938 545 rapuit;
2985 472 3107 531 vide
3131 472 3303 544 Glezi,
3335 478 3445 536 vide
3483 471 3649 541 omnes
3681 489 3750 558 qui

2243 566 2548 638 bujusmodi
2595 565 2766 622 fuere.
2813 566 2946 644 Nam
2976 567 3065 637 qui
3103 567 3249 637 juste
3295 571 3567 648 possident,
3606 587 3755 648 utpote

2239 660 2329 732 qui
2375 673 2405 713 a
2452 659 2563 714 Deo
2594 657 2918 728 acceperint,
2948 658 3242 714 secundum
3269 651 3356 716 Dei
3400 646 3636 734 praecepta
3660 646 3760 722 im-

2242 751 2485 822 pendunt
2502 749 2882 823 ;quiautemin
2902 749 3232 820 acquirendo
3263 751 3421 808 Deum
3447 753 3758 826 offenderunt,

2244 852 2300 899 et
2326 842 2377 896 in
2404 842 2657 911 expensis
2679 856 2889 912 quoque
2916 840 3148 912 idipsum
3176 840 3395 908 faciunt.
3426 845 3476 900 in
3499 850 3762 907 meretrices

2239 943 2295 991 et
2314 933 2572 1004 parasitos
2593 925 2948 1001 insumentes,
2974 944 3068 990 aut
3094 934 3434 995 sull'odientes
3454 938 3532 992 vel
3555 939 3762 996 clauden-

2241 1036 2341 1092 tes,
2377 1027 2429 1080 in
2461 1026 2768 1082 mendicum
2798 1034 2976 1082 autem
3004 1026 3140 1082 nihil
3169 1037 3466 1098 erogantes.
3493 1031 3552 1085 Et
3572 1046 3673 1097 cur,
3695 1034 3763 1087 in-

2238 1119 2409 1189 quies,
2453 1118 2714 1188 permittit
2741 1118 2882 1175 Deus
2911 1128 2970 1173 ut
2996 1118 3130 1176 tales
3173 1119 3412 1176 homines
3449 1121 3764 1178 sintdivites!

2239 1211 2372 1278 Quia
2425 1211 2634 1282 patiens
2672 1221 2775 1278 est,
2807 1211 2930 1282 quia
2961 1211 3076 1268 vult
3103 1225 3203 1267 nos
3229 1211 3298 1267 ad
3327 1213 3666 1282 paenitentiam
3688 1216 3764 1269 ad-

2239 1301 2458 1368 ducere,
2477 1305 2601 1373 quia
2629 1303 2927 1373 gebennam
2959 1303 3301 1384 praeparavit,
3325 1304 3444 1374 quia
3469 1303 3598 1360 diem
3616 1307 3768 1360 statuit

2240 1393 2292 1448 in
2316 1409 2416 1464 qua
2437 1393 2772 1464 judicaturus
2793 1403 2876 1450 est
2904 1393 3112 1451 orbem.
3131 1393 3188 1452 Si
3217 1405 3395 1452 autem
3422 1397 3590 1452 statim
3611 1396 3767 1452 divites

2241 1486 2518 1558 plecteret,
2547 1486 2835 1542 Zaccbaeus
2865 1501 2972 1541 non
3001 1485 3278 1542 habuisset
3319 1495 3518 1556 tempus
3541 1487 3602 1541 ad
3627 1487 3766 1557 poeni-

2241 1579 2486 1644 tentiam,
2521 1579 2591 1632 ita
2630 1587 2690 1632 ut
2717 1576 2966 1633 redderet
2993 1576 3351 1648 quadruplum
3373 1591 3550 1632 eorum
3573 1591 3676 1646 qua!
3700 1591 3768 1628 ra-

2240 1679 2446 1740 puerat,
2478 1676 2533 1725 et
2559 1668 2840 1724 dimidium
2887 1667 3051 1724 etiam
3091 1667 3359 1744 bonorum
3407 1681 3610 1722 suorum
3636 1665 3768 1720 addc-

2241 1770 2359 1816 rct:
2393 1775 2498 1815 non
2547 1757 2826 1814 Mattltmus
2869 1769 3079 1830 tempus
3125 1757 3403 1813 habuisset
3429 1767 3484 1813 ut
3521 1765 3770 1812 mutaretur

2239 1861 2293 1908 et
2314 1853 2460 1908 fieret
2488 1851 2780 1922 apostolus,
2801 1851 2846 1905 si
2871 1862 2998 1906 ante
3018 1858 3381 1921 opportunum
3401 1839 3604 1920 tempus
3623 1856 3771 1918 raptus

2241 1943 2465 2027 fuisset;
2497 1957 2602 1997 non
2631 1942 2724 1996 alii
2767 1942 2920 1996 multi
2950 1942 3176 1998 similes.
3211 1942 3497 2011 Propterea
3523 1948 3771 2010 exSpectat,

2240 2024 2306 2109 ad
2335 2033 2701 2105 paenitentiam
2725 2048 2912 2089 omnes
2940 2047 3160 2089 vocans.
3178 2024 3237 2088 Si
3266 2047 3395 2087 vero
3415 2032 3683 2103 ‘nolperint,
3699 2028 3772 2085 sed

2247 2127 2299 2181 in
2345 2125 2535 2181 iisdem
2580 2124 2994 2196 permanserint,
3026 2125 3243 2181 audient
3270 2123 3490 2180 Paulum
3518 2115 3774 2178 dicentem:

2244 2220 2393 2286 Quod
2414 2221 2688 2274 secundum
2718 2211 2954 2274 duritiem
2983 2235 3159 2274 eorum
3198 2228 3244 2274 et
3271 2218 3671 2288 impaenitem'cor
3693 2217 3776 2269 tlte-

2239 2311 2496 2365 saurizent
2520 2310 2615 2365 sibi
2648 2311 2779 2364 iram
2804 2312 2855 2365 in
2883 2311 2964 2364 die
2990 2311 3082 2364 irae
3115 2319 3162 2365 et
3185 2309 3503 2365 reuelationis
3528 2317 3574 2363 et
3589 2308 3700 2378 justi
3711 2307 3779 2377 jtt-

2242 2402 2360 2456 dicii
2387 2399 2486 2456 Dei
2513 2400 2689 2488 (Rom.
2713 2401 2768 2456 Ξ.
2793 2402 2870 2474 5).
2895 2401 3065 2470 Quam
3116 2402 3248 2457 iram
3279 2411 3340 2459 ut
3368 2403 3638 2472 fugiamus,
3671 2399 3779 2453 dite-

2241 2511 2364 2551 mur
2390 2494 2592 2549 divitiis
2621 2494 2950 2562 caelestibus,
2989 2504 3044 2550 et
3075 2494 3400 2551 laudabilem
3450 2504 3781 2566 persequamur

2242 2595 2629 2657 paupertatem.
2656 2585 2732 2640 lta
2755 2587 2898 2641 enim
2922 2595 2975 2642 et
2998 2585 3234 2642 cmlestia
3255 2600 3637 2655 consequemur
3648 2582 3778 2645 dona,

2241 2693 2362 2750 quae
2392 2677 2595 2732 utinam
2626 2691 2726 2731 nos
2767 2691 2957 2731 onmes
2987 2676 3212 2746 adipisci
3243 2665 3541 2747 contingat,
3567 2673 3716 2746 gratia
3743 2678 3784 2724 et

2244 2771 2570 2842 benignitate
2600 2769 2812 2824 Domini
2835 2769 3004 2824 nosui
3031 2768 3163 2825 Jesu
3191 2769 3420 2836 Christi,
3444 2768 3644 2840 quicum
3671 2762 3783 2818 Patri

2219 2876 2456 2932 unaque
2472 2858 2692 2930 Spiritui
2716 2859 3115 2930 sanctogloria,
3139 2857 3451 2929 imperium,
3481 2847 3660 2922 honer,
3676 2864 3785 2908 nunc

2246 2962 2301 3008 et
2329 2967 2543 3023 semper
2571 2959 2627 3007 et
2656 2949 2708 3006 in
2731 2950 2930 3008 saecula
2961 2950 3310 3006 smculorum.
3345 2951 3535 3004 Amen.

553 3059 3780 3133 NW

1882 3136 2238 3229 'HOMtLtA
2285 3162 2558 3226 xxxv.

542 3331 806 3398 'CﬂIH.
835 3349 887 3388 v.
922 3334 974 3389 1.
1002 3324 1373 3398 Persequimini
1393 3323 1674 3385 caritatem,
1699 3310 2014 3372 wntulatnini
2045 3309 2150 3380 spi-

826 3425 1058 3493 rilualia,
1085 3422 1246 3494 magis
1271 3429 1439 3473 autent
1466 3425 1520 3470 ut
1547 3410 1875 3487 praphetetis.

561 3511 570 3514 ﬂ
631 3529 680 3583 l.
723 3525 859 3594 Quia
904 3521 1049 3577 enim
1093 3531 1215 3573 cum
1260 3511 1604 3568 accuratione
1633 3502 1872 3562 caritatis
1898 3500 2148 3554 virtutem

548 3615 773 3678 'omne'm
821 3615 926 3671 illis
973 3607 1268 3675 recensuit,
1300 3603 1366 3661 de
1396 3612 1593 3659 caetero
1639 3585 1886 3653 lto'rtalur
1929 3602 1982 3647 ut
2027 3603 2151 3645 cum

549 3697 838 3769 alacritate
865 3688 1011 3762 illam
1041 3697 1434 3772 amplectantur
1461 3712 1473 3749 :
1507 3689 1735 3771 ideoque
1759 3684 1992 3751 dicebat,
2025 3680 2155 3736 Pcr-

555 3797 846 3874 sequimini.
873 3791 1009 3853 Nam
1038 3767 1520 3865 qui—persequitur,
1539 3781 1688 3837 'illud
1711 3767 1905 3836 solum
1933 3773 2156 3844 respicit

562 3856 708 3966 qdod
754 3856 1114 3962 persequitur.
1160 3856 1217 3938 et
1259 3856 1507 3934 ad—illud
1555 3872 1744 3940 tendit,
1796 3884 1896 3924 nec
1944 3856 2155 3921 desistit

556 3965 739 4042 donec
769 3980 1016 4052 accipiat.
1045 3975 1149 4045 Qui
1199 3970 1562 4044 persequitur,
1605 3980 1726 4020 cum
1774 3977 1870 4033 per
1919 3952 2154 4028 scipsum

553 4067 670 4134 'non
703 4039 903 4146 potest,
933 4088 1028 4143 per
1056 4083 1150 4125 eos
1189 4039 1279 4137 qui
1311 4039 1435 4118 ante
1479 4061 1631 4116 illum
1677 4066 1820 4121 sunt,
1867 4039 2154 4123 fugientem

567 4141 949 4239 apprehendit,
975 4176 1072 4218 eos
1099 4159 1188 4230 qui
1221 4169 1390 4227 prope
1431 4161 1555 4208 sunt
1593 4165 1712 4206 cum
1745 4153 1939 4216 magno
1982 4141 2158 4197 studio

557 4235 1284 4324 'adhortaris,'utdetineant
1318 4254 1374 4302 ct
1412 4249 1628 4299 servent
1671 4254 1793 4295 eum
1838 4235 1927 4306 qui
1973 4241 2160 4301 captus

571 4353 690 4421 fuit,
719 4323 894 4405 donec
921 4343 1012 4401 ille
1037 4339 1334 4398 advenerit.
1365 4336 1479 4391 lluc
1501 4341 1606 4387 nos
1627 4342 1840 4402 quoque
1867 4323 2156 4380 faciamus:

560 4428 691 4500 tum
718 4441 818 4512 ipsi
850 4453 957 4492 non
989 4426 1425 4510 pervenimu's'ad
1449 4425 1748 4486 caritatem,
1769 4432 1864 4474 eos
1883 4415 1971 4488 qui
1993 4428 2162 4487 prope

573 4546 697 4590 sunt
721 4533 1010 4603 jubeamus
1041 4542 1160 4582 eam
1201 4507 1466 4587 detinere,
1495 4519 1665 4573 donec
1695 4503 2070 4586 perveniamus
2097 4507 2162 4563 ad

576 4602 756 4682 illam:
788 4623 982 4679 deinde
1003 4635 1125 4675 cum
1143 4611 1686 4686 ‘apprehenderimus,
1713 4616 1789 4662 ne
1817 4605 1952 4660 ultra
1980 4602 2162 4658 dimit-

574 4729 752 4772 tamus
792 4729 943 4778 eam,
974 4697 1044 4766 ne
1072 4722 1256 4764 rursus
1288 4721 1316 4758 a
1348 4701 1504 4782 nobis
1548 4685 1734 4770 fugiat.
1768 4687 1996 4752 Assidue
2022 4695 2164 4750 esim

555 4793 606 4864 la
635 4800 1138 4872 nobis.resilit,quia
1165 4802 1269 4876 non
1289 4805 1352 4876 ut
1370 4807 1464 4866 par
1483 4801 1564 4849 est
1587 4789 1676 4847 illa
1700 4790 2027 4852 utimur,sea
2053 4801 2168 4841 om-

553 4901 666 4955 'nia
688 4899 738 4954 ei
766 4885 1118 4968 praeferimus.
1133 4879 1266 4947 ideo
1286 4877 1467 4945 omnia
1490 4881 1705 4958 oportet
1727 4881 1922 4968 facere,
1944 4889 2001 4934 ut
2023 4880 2165 4933 illam

555 4986 828 5050 accurate
859 4977 1363 5045 retineamus.'Nam
1393 4981 1438 5036 si
1465 4979 1573 5041 hoc
1600 4977 1715 5043 liat,‘
1739 4961 1847 5030 non
1877 4972 2045 5028 multo
2073 4986 2169 5027 no-

554 5071 664 5140 “bis
690 5083 946 5150 deinceps
974 5093 1110 5150 opus
1138 5076 1242 5132 erit
1274 5059 1495 5139 labore,
1527 5073 1636 5141 imo
1665 5083 1732 5123 ne
1765 5066 1868 5122 levi
1911 5064 2129 5136 quidem
2147 5076 2166 5127 ·,

581 5174 676 5232 sed
706 5161 756 5229 in
785 5172 990 5228 deliciis
1037 5169 1338 5232 versantes,
1367 5166 1564 5222 feStum
1608 5151 1847 5232 agentes,
1877 5173 1973 5228 per
2000 5171 2139 5226 aagu

2243 3306 2529 3361 hominibus
2558 3307 2780 3377 loquitur
2821 3307 2890 3362 ad
2927 3307 3326 3379 atdiﬁcationcm
3357 3316 3403 3362 ct
3439 3299 3790 3362 exhortationem

2244 3408 2292 3451 et
2336 3398 2756 3453 consolationem.
2799 3398 3271 3470 Comparationem
3324 3399 3413 3454 hic
3454 3397 3656 3452 demum
3696 3385 3791 3441 facil

2244 3490 2652 3557 charismatum,
2672 3500 2728 3546 et
2757 3490 3058 3561 linguarum
3085 3491 3356 3546 charisma
3379 3485 3638 3558 deprimit,
3657 3486 3793 3546 neque

2247 3583 2467 3638 omnino
2507 3582 2693 3638 inutile
2720 3583 3034 3649 ostendens,
3061 3571 3240 3654 neque
3271 3580 3428 3637 va‘l'de
3455 3577 3580 3633 utile
3619 3586 3697 3644 per
3730 3579 3788 3620 δε-

2247 3674 2379 3731 Nam
2409 3673 2698 3759 admodum
2730 3676 2783 3731 in
2811 3675 2918 3730 hoc.
2959 3674 3411 3740 intumescebant,
3441 3671 3560 3742 quia
3589 3672 3791 3735 malim"

2250 3766 2536 3840 putabatur
2572 3756 2713 3825 'eSSe
2751 3768 3044 3824 charisma.
3085 3768 3347 3839 Magnum
3392 3778 3521 3821 vero
3564 3755 3792 3831 putabatur

2250 3873 2390 3929 esse,
2433 3860 2556 3931 quia
2608 3859 2784 3931 ipsum
2833 3859 3062 3931 primum
3113 3861 3350 3931 apostoli
3401 3857 3716 3926 acceperant,
3751 3851 3789 3896 et

2251 3968 2371 4009 cum
2403 3962 2546 4009 tanta
2565 3953 2825 4024 dignitate
2854 3969 2917 4010 ac
2935 3953 3254 4023 splendore.
3297 3953 3483 4024 Neque
3524 3956 3682 4003 tamen
3706 3935 3794 3991 aliis

2253 4045 2374 4101 ideo
2402 4045 2745 4116 praestantius
2775 4053 2910 4100 erat.
2937 4045 3048 4100 Cur
3076 4052 3204 4115 ergo
3233 4047 3360 4100 ante
3402 4041 3504 4098 alia
3535 4031 3655 4094 illud
3678 4039 3796 4084 acce-

2253 4145 2444 4208 perant
2467 4137 2740 4207 apostoli?
2765 4137 2898 4204 Qu‘ia
2925 4148 3027 4206 per
3058 4143 3247 4191 omnes
3275 4133 3428 4191 orbis
3458 4139 3626 4208 partes
3652 4129 3795 4194 perra-

2254 4229 2366 4285 suri
2388 4239 2540 4284 erant
2567 4247 2580 4280 :
2615 4237 2669 4283 et
2699 4227 2847 4283 sicut
2877 4227 2930 4281 in
2975 4236 3218 4295 tempore
3243 4215 3355 4297 quo
3375 4221 3524 4279 facta
3550 4205 3625 4273 est
3657 4205 3794 4269 turris.

2257 4324 2436 4393 lingua
2481 4338 2602 4394 qua:
2651 4330 2769 4378 erat
2817 4336 2921 4376 una
2958 4319 3300 4375 dividebatur
3346 4318 3402 4373 in
3453 4313 3637 4370 multas
3677 4296 3793 4374 (σεπ-

2257 4416 2386 4486 ll);
2418 4415 2489 4471 ita
2515 4421 2641 4470 tttn'c
2671 4415 2976 4485 qure'erant
3007 4411 3212 4475 multte,
3240 4409 3392 4481 stupe
3424 4405 3569 4462 ibant
3592 4398 3650 4454 ad
3676 4401 3796 4448 υιιυω

2260 4509 2567 4575 hominem;
2593 4514 2666 4563 'ct
2713 4506 2854 4563 idem
2897 4504 3059 4560 homo
3087 4495 3377 4560 Persarum
3411 4510 3466 4556 et
3491 4491 3795 4554 Romanon

2253 4607 2315 4661 'et
2341 4603 2590 4659 Indorum
2618 4611 2673 4657 et
2701 4601 2818 4656 aliis
2847 4597 3029 4654 multis
3061 4596 3385 4668 loquebatur
3414 4589 3620 4662 linguis,
3645 4583 3690 4637 in
3713 4577 3795 4663 ills“

2257 4693 2542 4751 i‘nsonanle
2585 4690 2785 4764 Spiritu
2836 4709 2850 4746 :
2913 4701 2968 4747 et
3015 4689 3118 4745 hoc
3165 4687 3441 4744 charisma
3495 4671 3795 4751 appellabatur

2251 4778 2530 4844 'charisma
2583 4801 2680 4841 seu
2725 4784 2924 4840 donum
2983 4783 3308 4852 linguarum,
3338 4774 3591 4849 quoniam
3643 4759 3788 4852 ροιοπξι

2255 4842 2423 4936 ama
2464 4879 2645 4933 multis
2687 4872 2834 4946 lo'qui
2867 4842 3090 4944 linguis:
3110 4870 3245 4927 Vide
3280 4842 3415 4938 ergo
3457 4842 3794 4946 quomodolfl'

2257 4973 2436 5043 ipsum
2468 4978 2521 5025 ct
2551 4937 2802 5039 deprimit
2841 4974 2896 5020 et
2924 4937 3152 5020 e'xtollit.
3187 4962 3322 5017 Nam
3353 4937 3600 5019 dicendo,
3628 4942 3712 5013 Qui
3745 4937 3800 4992 to-

2263 5059 2434 5124 quitur
2461 5061 2670 5130 linguis,
2701 5076 2802 5114 nou
2834 5055 3119 5110 hominibus
3152 5053 3399 5125 lo‘quitur,
3419 5048 3509 5104 sed
3543 5041 3673 5104 Deo;
3697 5039 3802 5086 nemo

2267 5156 2397 5210 enim
2442 5129 2608 5217 audit,
2651 5139 2917 5222 depressit
2949 5147 3073 5202 illud
3093 5189 3107 5212 ,
3133 5143 3430 5200 ostendens
3478 5151 3582 5194 non
3611 5129 3805 5210 magna!“

581 5206 676 5232 πυ
707 5206 756 5229 Ill
785 5206 990 5228 “CIILIID
1043 5206 1338 5232 νυιδαιιιυο,
1369 5206 1564 5222 ινα-ιη..
1608 5206 1847 5232 ..οι-.--σι
1880 5206 1961 5228 ινν-
2001 5206 2100 5226 ..-νο
2125 5206 2138 5208 -
2273 5206 2394 5210 -.κηη
2463 5206 2486 5207 η
2597 5206 2608 5217 ι
2699 5206 2736 5222 ί.
3095 5206 3104 5212 ’

555 5264 962 5344 ἐίςιιιϊγὶινιυιίς
990 5260 1490 5319 viam'incedcmas.
1518 5255 1642 5311 ideo
1677 5255 1771 5320 ait,
1804 5243 2172 5318 Persequar-ini
2259 5243 2384 5302 Iesse
2411 5244 2696 5300 utilitatem
2722 5261 2737 5297 :
2769 5237 3142 5311 subjungen‘do
3167 5243 3371 5300 autem,
3399 5229 3599 5300 Spiritu
3631 5206 3807 5287 loquitur

2462 5336 2474 5344 .
2696 5341 2698 5344 .
2849 5341 2859 5344 _
2906 5330 2960 5344 ιι-
3074 5343 3077 5344 ,
3148 5326 3172 5344 ,9
3199 5326 3556 5344 I-.-_-.-__.---A
3598 5313 3807 5344 QIIMrra'

561 5355 718 5416 "eaut.
753 5356 957 5414 Deinde
983 5359 1060 5413 ne
1077 5362 1348 5432 putarent,
1379 5351 1501 5405 ideo
1531 5350 1704 5418 ipsum
1729 5347 1794 5400 de
1820 5345 2042 5400 caritate
2063 5353 2176 5397 ser-

518 5468 526 5473 ·
567 5447 1132 5512 Δϊιὶοιὶιείη’ἱιιιὶιιιιίδειῃ
1167 5456 1223 5501 ut
1263 5443 1590 5500 charismata
1637 5437 2022 5507 exstingueret,
2052 5436 2158 5489 sub

2258 5336 2527 5409 'mysteria,
2559 5341 2746 5390 rursus
2775 5330 2986 5395 extulit,
3023 5343 3090 5384 ne
3126 5326 3557 5382 videretur'esse
3598 5313 3807 5409 Super?"

2267 5387 2494 5484 mancum
2527 5433 2583 5482 et
2626 5423 2834 5488 inutile,
2867 5423 3151 5476 et‘temere
3190 5431 3252 5472 ac
3293 5413 3491 5469 frustra
3519 5407 3706 5488 daltlmf
3733 5387 3810 5455 θηί

2257 5521 2437 5573 autem
2469 5517 2756 5589 prophetat,
2789 5486 3076 5568 hominibus
3121 5507 3352 5576 loquitur
3380 5502 3449 5557 ad
3477 5486 3812 5563 aediﬁcatione"

2271 5624 2317 5666 et
2345 5609 2754 5665 adhortationem
2792 5619 2840 5660 et
2867 5601 3281 5660 consolationem.
3313 5588 3563 5653 Vidistin'
3590 5581 3811 5666 undenattt

2271 5705 2517 5762 ostendat
2563 5702 2722 5781 hujus
2766 5691 2896 5755 ‘doni
2932 5694 3342 5758 excellentiam,
3378 5703 3443 5745 ex
3491 5697 3554 5741 eo
3606 5667 3728 5747 quod
3771 5663 3814 5717 in

3693 5772 3812 5834 ρη-

567 5535 758 5618 Ὶιήιᾴὶι
795 5541 1019 5598 dicens:
1051 5536 1400 5593 JEmulantini
1446 5543 1612 5588 autent
1661 5528 1970 5601 Spiritualt'a,
2017 5543 2176 5596 magn

573 5631 757 5694 "autem
794 5647 846 5691 ut
880 5633 1207 5708 prephetetis.
1235 5631 1290 5685 2.
1325 5629 1424 5697 Qui
1446 5628 1579 5682 enim
1607 5625 1826 5694 loquitur
1852 5622 2048 5691 lingua,
2078 5635 2175 5672 nor.

561 5723 875 5783 "hominibus
915 5723 1158 5792 loquitur,
1188 5721 1276 5776 sed
1317 5719 1465 5784 Deo;
1512 5733 1656 5771 nemo
1683 5713 1814 5770 enim
1840 5711 2017 5776 audit;
2051 5709 2177 5780 Spi-

565 5821 695 5876 "titu
729 5809 895 5874 autem
924 5819 1151 5888 loquitur
1182 5812 1473 5888 ‘mysteria:
1500 5812 1551 5868 5.
1577 5812 1661 5882 qui
1689 5819 1856 5865 autem
1886 5775 2174 5879 prophetat,
2275 5812 2558 5858 commune
2607 5775 2886 5860 conferat;
2942 5801 2993 5847 et
3051 5784 3317 5863 quomodo
3363 5781 3416 5837 id
3463 5775 3648 5844 ubique
