3962 6424
204 575 374 644 ponat
398 563 541 638 quod
572 562 631 618 lit
660 560 743 617 ad‘
774 557 1067 615 multorum
1114 550 1401 644 utilitatem
1421 545 1574 644 l_ll|i
1624 542 1789 607 enim,

200 640 429 733 quaeso,
484 670 662 713 annon
715 655 1005 724 loquuntur
1050 642 1399 701 hominibus?
1456 640 1791 710 Loquuntnr,

196 755 297 812 sed
348 767 458 808 non
507 749 668 805 talem
711 743 1118 801 aedificationem
1168 746 1223 795 et
1268 733 1697 792 exhortationem
1742 742 1797 786 et

192 847 651 906 consolationem.

270 937 573 1010 Prophetite
598 936 787 989 donum
812 930 948 986 dono
974 930 1263 1000 linguarum
1290 920 1796 996 prtestat.—-—Qnam-

189 1036 399 1091 obrem
442 1047 474 1086 a
515 1028 717 1100 Spiritu
759 1024 975 1097 quidem
1023 1021 1192 1077 teneri
1234 1029 1291 1074 et
1318 1015 1505 1088 agitari
1537 1022 1621 1070 est
1661 1011 1795 1066 utri-

188 1141 309 1196 que
334 1136 627 1181 commune
649 1161 664 1185 ,
698 1126 753 1173 et
776 1116 825 1172 ei
852 1116 942 1188 qui
972 1113 1293 1185 prophetat,
1322 1117 1377 1165 et
1400 1107 1449 1162 ei
1479 1109 1569 1176 qui
1602 1104 1796 1208 linguis

191 1217 494 1289 loquitur:
527 1215 581 1269 in
609 1214 713 1267 hoc
738 1219 915 1265 autem
946 1214 1164 1277 praestat
1208 1204 1344 1273 ipse,
1392 1215 1587 1270 nempe
1623 1199 1669 1252 is
1706 1199 1795 1268 qui

190 1288 501 1381 prophetat
525 1346 540 1370 ,
569 1302 708 1375 quod
739 1302 809 1359 sit
834 1301 994 1357 etiam
1025 1297 1174 1353 utilis
1202 1295 1268 1350 iis
1290 1293 1380 1366 qui
1409 1291 1651 1346 audiunt.
1690 1288 1797 1344 Eos

191 1404 351 1460 enim
380 1400 474 1473 qui
502 1398 698 1469 linguis
723 1394 1097 1465 loquebantur,
1129 1405 1236 1445 non
1266 1386 1553 1442 audiebant
1578 1383 1668 1455 qui
1696 1382 1797 1438 do-

193 1509 337 1551 num
370 1508 479 1548 non
513 1488 801 1545 habebant.
838 1483 976 1553 Quid
1005 1482 1169 1538 vero?
1212 1479 1291 1535 illi
1323 1477 1599 1533 nullumne
1627 1473 1798 1529 aedifi-

192 1585 447 1643 cabant?
473 1582 657 1648 Certe,
684 1578 874 1651 inquit,
902 1577 1111 1647 seipsos
1135 1574 1279 1629 solos
1305 1590 1319 1627 :
1345 1580 1401 1626 et
1424 1569 1548 1624 ideo
1564 1565 1798 1637 subiun-

197 1682 327 1752 git,
356 1680 414 1736 4.
450 1676 550 1743 Qui
580 1674 800 1747 loquitur
828 1672 1036 1743 lingua,
1074 1666 1401 1737 semetipsum
1443 1662 1688 1731 redi/iam.
1736 1661 1799 1752 bit

196 1751 509 1843 quomodo,
546 1769 591 1823 si
618 1768 791 1823 nescit
814 1779 935 1836 quze
961 1760 1125 1818 dicit?
1160 1758 1267 1815 Sed
1298 1772 1441 1812 nunc
1469 1754 1702 1825 loquitur
1731 1751 1800 1807 de

199 1867 269 1922 iis
290 1905 310 1931 ,
344 1865 441 1935 qui
464 1863 643 1918 sciunt
670 1874 791 1929 qua:
819 1857 1040 1918 dicunt,
1081 1852 1171 1923 qui
1200 1852 1299 1922 ipsi
1324 1849 1538 1921 quidem
1552 1884 1566 1893 π
1583 1847 1758 1901 sciunt
1780 1886 1794 1910 ,

200 1957 463 2013 nesciunt
488 1964 668 2010 autem
696 1950 817 2007 aliis
847 1947 1152 2005 enuntiare.
1189 1944 1289 2012 Qui
1318 1940 1796 2013 autem-prapltetat,

200 2048 512 2106 Ecclesium
540 2044 784 2112 wdi/icat.
845 2042 1118 2110 Quantum
1160 2047 1336 2093 autem
1390 2036 1627 2091 interest.
1662 2035 1799 2088 inter

204 2156 386 2195 mium
426 2148 482 2195 et
527 2136 824 2192 Erclesiam
846 2175 863 2199 ,
913 2139 1059 2188 tanta
1088 2139 1185 2186 est.
1217 2128 1524 2185 intechunc
1554 2136 1608 2182 et
1649 2126 1800 2180 illum

202 2231 540 2289 dill'erentia.
575 2228 823 2285 Vidistin?
859 2224 976 2297 ejus
1003 2222 1365 2295 sapientiam,
1401 2220 1671 2292 quomodo
1698 2220 1802 2275 do-

206 2342 342 2384 num
383 2322 743 2393 nonredigat
770 2318 1131 2384 insnihilum,
1173 2314 1267 2372 sed
1304 2313 1573 2369 emendate
1600 2312 1800 2368 habere

207 2420 435 2492 quidem
463 2419 699 2479 lucrum,
732 2413 849 2471 sed.
876 2428 1120 2485 parvum,
1162 2420 1216 2466 et
1255 2408 1395 2482 quod
1440 2407 1489 2464 ei
1516 2406 1696 2463 solum»
1714 2408 1801 2478 qui

212 2512 460 2585 possidet
500 2508 766 2565 sufficiat?
798 2506 1001 2563 Deinde
1032 2521 1100 2560 ne
1145 2504 1517 2559 existimarent
1544 2500 1682 2573 quod
1725 2501 1804 2556 eis

212 2604 463 2660 invidens
504 2603 713 2672 linguas
747 2596 1249 2670 deprimatlplures
1275 2595 1418 2650 enim
1445 2592 1606 2648 exxiis
1635 2591 1802 2646 habe-

217 2699 348 2753 bant
374 2695 480 2750 hoc
519 2692 741 2763 donum)
767 2733 782 2756 ,
811 2687 1389 2759 suspicionemreorum
1412 2683 1694 2755 corrigens
1717 2682 1803 2738 di-

215 2791 286 2844 cit
319 2809 333 2843 :
366 2788 421 2843 5.
464 2785 587 2839 Volo
613 2793 777 2837 autem
804 2799 976 2836 omnes
1010 2797 1094 2834 vos
1121 2779 1257 2851 loqui
1286 2778 1501 2848 linguis,
1520 2777 1682 2848 magis
1704 2793 1801 2830 an»

217 2889 316 2934 tem
346 2879 673 2948 prapltetare.
718 2872 856 2927 Nam
884 2873 1049 2944 major
1083 2880 1155 2925 est
1190 2870 1280 2941 qui
1316 2867 1583 2938 prophetat
1607 2883 1805 2937 ,,quant

216 2973 303 3043 qui
331 2970 556 3042 loquitur
587 2966 772 3038 linguis
790 3006 806 3032 ,
836 2964 933 3019 nisi
968 2966 1096 3035 forte
1124 2962 1477 3031 interpretetur
1495 3000 1510 3028 ,
1538 2968 1595 3012 ut
1622 2958 1804 3013 Eccleo

206 3068 296 3121 asia
322 3063 712 3133 aediﬁcationem
740 3058 977 3128 accipiat.
1015 3056 1179 3127 Magis
1206 3064 1386 3111 atttem
1414 3063 1467 3109 et
1492 3054 1669 3109 minus
1695 3067 1803 3108 non

220 3167 343 3214 sunt
369 3172 439 3212 ex
469 3154 754 3210 contrariis
773 3193 789 3218 ,
820 3152 914 3207 sed
943 3166 1008 3206 ex
1040 3149 1104 3204 iis
1133 3164 1252 3218 qtae
1282 3156 1625 3216 exsuperant.

287 3250 344 3303 2.
387 3246 750 3316 Quamobrem
791 3244 918 3299 hinc
947 3257 1158 3314 quoque
1186 3251 1267 3296 est
1296 3238 1637 3310 perspicuum
1665 3238 1804 3310 quod

220 3340 419 3397 donum
477 3354 582 3393 non
634 3337 918 3406 vituperet,
976 3333 1071 3390 sed
1126 3347 1222 3389 eos
1266 3333 1424 3388 ducat
1452 3334 1518 3387 ad
1561 3331 1801 3397 meliora,

222 3432 512 3489 ostendens
541 3446 593 3486 et
623 3446 784 3500 quam
816 3443 1003 3483 eorum
1045 3442 1228 3481 curam
1268 3434 1453 3497 gerat,
1488 3434 1542 3480 et
1567 3425 1804 3479 animum

226 3526 291 3580 ab
312 3524 461 3579 omni
506 3523 701 3577 invidia
744 3521 997 3577 liberum.
1044 3519 1229 3590 Neque
1259 3520 1402 3574 enim
1446 3517 1583 3572 dixit
1613 3537 1626 3572 :
1661 3517 1807 3572 Duos

226 3628 309 3674 aut
336 3630 469 3684 tres,
501 3617 617 3683 sed,
656 3614 755 3670 Vos
782 3632 952 3669 omnes
971 3613 1084 3668 volo
1104 3613 1291 3683 linguis
1312 3613 1449 3681 loqui
1470 3628 1488 3665 :
1512 3626 1684 3681 neque
1706 3611 1807 3664 hoc

227 3711 392 3766 solum
421 3752 436 3776 ,
484 3709 578 3764 sed
609 3710 771 3765 etiam
801 3706 1123 3778 pr0phetare
1162 3722 1174 3758 :
1213 3711 1269 3759 et
1305 3704 1406 3759 hoc
1448 3704 1615 3774 magis
1645 3717 1803 3773 quam

230 3802 389 3866 illud;
425 3800 599 3869 major
629 3808 712 3856 est
736 3799 881 3853 enim
912 3798 1001 3869 qui
1031 3796 1333 3867 prophetat.
1365 3794 1496 3848 Nam
1526 3803 1805 3864 postquam

230 3894 277 3949 id
302 3892 640 3949 confirmavit
662 3901 719 3946 et
746 3890 1155 3952 demonstravit,
1177 3896 1301 3942 tunc
1327 3886 1393 3942 de
1421 3894 1620 3941 caetero
1647 3885 1807 3940 etiam

233 3986 553 4051 pronuntiat,
582 3998 687 4039 non
714 3993 891 4038 tamen
918 3982 1181 4047 absolute,
1209 3978 1304 4036 sed
1329 3994 1450 4035 cum
1472 3978 1805 4047 adjectione:

232 4078 501 4148 subjunxit
530 4078 693 4143 enim,
729 4076 849 4131 Nisi
876 4076 1006 4145 forte
1032 4076 1426 4146 interpretetur;
1454 4074 1521 4128 ita
1545 4081 1605 4127 ut
1634 4072 1679 4126 si
1707 4070 1811 4125 hoc

234 4171 434 4239 possit,
480 4170 823 4240 interpretari
854 4169 996 4235 dico,
1041 4183 1137 4238 par
1173 4170 1243 4225 sit
1272 4171 1564 4243 prOphetze,
1610 4167 1806 4237 inquit,

234 4262 481 4328 quoniam
512 4270 636 4315 sunt
674 4262 826 4316 multi
849 4261 939 4333 qui
974 4262 1274 4333 percipiunt
1303 4263 1586 4320 utilitatem
1622 4280 1636 4317 :
1667 4263 1810 4334 quod

236 4352 461 4406 maxime
484 4360 569 4407 est
597 4352 991 4407 observandum
1015 4395 1030 4419 ,
1075 4354 1344 4424 quomodo
1375 4355 1476 4410 hoc
1516 4370 1610 4425 per
1635 4355 1814 4409 omnia

236 4453 354 4500 ante
386 4444 490 4499 alia
520 4446 777 4515 requirat.
802 4446 856 4502 6.
890 4444 1044 4501 Nunc
1069 4458 1262 4515 autem,
1291 4454 1473 4518 fratres
1494 4491 1508 4516 ,
1551 4451 1595 4504 si
1635 4467 1815 4505 venero

237 4538 298 4591 ad
331 4555 420 4592 vos
464 4539 652 4610 linguis
678 4540 887 4610 loquens
908 4582 923 4607 ,
951 4543 1074 4613 quid
1110 4542 1245 4598 vobis
1279 4544 1495 4614 prodero
1515 4587 1531 4609 ,
1559 4546 1658 4599 nisi
1680 4545 1817 4599 vobis

239 4632 412 4703 loquar
433 4642 522 4686 aut
545 4633 597 4688 in
619 4634 940 4703 reuelatione,
969 4646 1055 4691 aut
1081 4637 1133 4692 in
1156 4638 1385 4705 scientia,
1409 4652 1499 4693 aut
1520 4640 1572 4694 in
1603 4641 1819 4711 prop/te-

241 4725 325 4791 tia,
353 4726 519 4779 autin
540 4726 813 4781 doctrina?
840 4728 907 4782 Et
943 4727 1093 4799 quid,
1136 4727 1325 4799 inquit,
1368 4730 1490 4786 dico
1534 4733 1708 4786 alios?
1737 4732 1819 4788 Sit

244 4817 402 4884 enim,
427 4816 620 4887 inquit,
646 4819 736 4889 qui
761 4819 954 4889 linguis
976 4820 1210 4891 loquitur
1227 4820 1421 4880 Padus
1446 4839 1459 4875 :
1484 4839 1659 4894 neque
1675 4826 1817 4879 etiim

248 4911 315 4964 sic
339 4908 631 4982 quidquam
664 4910 860 4967 redibit
886 4913 1232 4968 emolumenti
1262 4913 1328 4968 ad
1371 4914 1663 4970 auditores.
1696 4917 1821 4971 Hanc

246 5009 412 5058 autem
433 5000 583 5066 dicit,
600 5003 890 5059 ostendens
909 5020 969 5060 se
992 5003 1044 5059 id
1063 5021 1305 5076 quaerere
1325 5008 1465 5076 quod
1487 5009 1559 5063 sit
1573 5010 1652 5064 eis
1668 5010 1821 5065 utile:

246 5110 341 5148 non
364 5104 551 5150 autem
571 5096 699 5153 odio
728 5097 924 5153 habere
953 5113 1047 5153 eos
1092 5099 1182 5169 qui
1225 5100 1492 5157 charisma
1524 5104 1822 5173 possident,

241 5202 358 5242 cum
391 5202 461 5243 ne
491 5188 544 5241 in
572 5190 785 5258 propria
811 5190 1023 5259 quidem
1050 5205 1278 5259 persona
1301 5202 1512 5249 recuset
1540 5194 1827 5251 ostendere

242 5279 289 5332 id
331 5294 458 5335 esse
488 5280 693 5336 inutile.
721 5282 951 5352 Semper
987 5292 1164 5339 autem
1210 5285 1264 5339 in
1306 5287 1386 5339 sui
1434 5302 1661 5355 persona
1706 5304 1828 5358 qua:

243 5380 363 5426 sunt
390 5372 577 5442 gravia
604 5382 658 5428 et
683 5374 905 5429 molesta
935 5374 1140 5443 agitat,
1168 5376 1305 5430 sicut
1330 5376 1541 5433 dicebat
1582 5379 1633 5432 in
1677 5383 1827 5448 prin-

240 5463 379 5531 cipio
406 5463 654 5533 epistola:
682 5480 696 5517 ι
730 5464 856 5531 Quis
881 5474 952 5519 est
984 5464 1179 5521 Paulus
1197 5468 1222 5520 ?
1246 5468 1358 5536 quis
1376 5476 1453 5522 est
1477 5468 1659 5537 Apollo
1676 5472 1701 5523 ?
1718 5471 1830 5541 quis

246 5554 444 5624 Ceplzas
470 5553 548 5625 (.l.
582 5554 700 5609 Cor.
727 5557 781 5611 '5.
808 5557 906 5627 4)?
932 5556 1083 5622 Quod
1112 5558 1326 5627 quidem
1359 5558 1447 5614 hic
1464 5575 1677 5629 quoque
1705 5560 1832 5616 facit

245 5646 432 5703 dicens
462 5665 478 5703 :
512 5646 594 5703 Ne
616 5647 752 5702 vobis
777 5650 976 5718 quidem
996 5652 1235 5719 prodero,
1268 5651 1366 5705 nisi
1390 5651 1526 5706 vobis
1547 5653 1727 5724 loquar
1747 5665 1834 5709 aut

245 5740 296 5793 in
325 5741 631 5796 reuelatione
649 5784 663 5808 ,
688 5752 775 5795 aut
803 5744 854 5796 in
889 5743 1177 5814 prophetia,
1202 5754 1290 5798 aut
1320 5747 1371 5799 in
1398 5747 1638 5811 scientia,
1668 5756 1757 5800 aut
1782 5748 1835 5800 in

243 5831 503 5887 doctrina.
538 5830 654 5888 lloc
686 5841 865 5889 autem
910 5834 1026 5888 vult
1071 5834 1377 5907 signiﬁcare
1425 5858 1437 5892 :
1482 5838 1591 5893 Nisi
1633 5838 1832 5909 aliquid

244 5924 461 5995 dixero,
492 5923 650 5996 quod.
672 5940 703 5982 a
732 5925 885 5984 vobis
913 5925 1066 5984 facile
1097 5927 1263 5999 possit
1292 5929 1409 6001 capi
1433 5938 1487 5986 ct
1518 5932 1683 6002 possit
1709 5946 1829 5990 osse

1204 433 1276 490 IN
1309 430 1525 489 EPIST.
1561 429 1600 485 Ι.
1643 427 1734 484 Μ)
1772 424 1927 482 ευῆ.
1963 428 2194 489 ΗΟΜΙΙι.
2237 430 2457 496 XXXV.

1830 799 1859 860 ες

3382 451 3488 508 298

1900 545 2268 617 manifestum,
2319 552 2415 607 sed
2465 562 2670 611 tantum
2698 557 2990 617 ostendero
3032 552 3347 622 me‘bsbere
3385 567 3499 622 dllt

1902 653 2027 693 num
2060 639 2383 733 linguarum,
2418 644 2636 704 abibitis
2665 649 2815 706 nullo
2845 651 2998 710 lucro
3012 653 3169 712 facto
3194 672 3260 714 ex
3294 660 3487 733 linguis

1901 745 2035 799 quas
2063 731 2308 788 audistis.
2341 735 2479 802 Quid
2505 740 2649 795 enim
2687 741 2832 798 lucri
2862 760 2948 801 ex»
2974 761 3109 803 voce
3130 791 3145 816 ,
3181 764 3338 821 quam
3379 731 3486 808 non

1903 819 2235 892 intelligitis?
2257 828 2310 881 7.
2335 826 2523 884 Tamen
2549 847 2664 901 qua:
2682 834 2792 889 sine
2806 837 2983 892 anima
3001 850 3118 894 sunt
3137 819 3304 897 vocem
3336 845 3490 898 iden-

1904 912 1994 976 tia,
2026 915 2131 970 sive
2157 916 2279 971 tibia
2314 920 2417 975 sive
2439 922 2636 978 cithara
2656 967 2670 993 ,
2700 927 2802 983 sive
2822 929 3195 987 distinctionem
3234 938 3492 992 sonituum

1902 1004 2149 1073 dederint,
2179 1013 2427 1080 quomodo
2463 1017 2651 1070 scietur
2691 1019 2745 1073 id
2783 1021 2920 1090 quod
2947 1024 3151 1079 canitur
3172 1036 3260 1080 aut
3281 1028 3492 1083 cit/tari-

1901 1105 2048 1151 zatur
2067 1098 2094 1151 7
2121 1099 2188 1154 Et
2214 1102 2339 1171 quid
2369 1103 2490 1159 dico
2514 1147 2528 1171 ,
2573 1106 2780 1178 inquit,
2822 1110 2926 1168 hoc
2953 1115 3093 1184 quod
3132 1116 3185 1171 in
3225 1118 3379 1174 nobis
3409 1132 3494 1176 est

1904 1188 2034 1244 nihil
2063 1190 2194 1246 lucri
2222 1193 2435 1260 afferre,
2459 1198 2590 1253 utile
2612 1210 2791 1256 autem
2819 1218 2939 1260 esse
2955 1205 3097 1276 quod
3118 1217 3200 1264 est
3216 1209 3422 1265 clarum
3439 1222 3493 1267 et
3510 1254 3527 1267 χ

1902 1281 2043 1349 quod
2065 1282 2217 1340 facile
2242 1288 2458 1357 capiunt
2488 1291 2794 1350 auditores?
2820 1296 2952 1353 Nam
2970 1299 3130 1356 etiam
3158 1304 3211 1358 in
3246 1304 3495 1360 inanimis

1902 1374 2121 1430 musicae
2150 1376 2517 1436 instrumentis
2544 1383 2647 1439 hoc
2681 1386 2878 1443 videris
2907 1408 2922 1441 :
2951 1390 3065 1447 sive
3101 1394 3243 1449 enim
3270 1398 3341 1451 sit
3366 1397 3491 1453 tibia

1902 1462 2018 1519 sive
2037 1465 2260 1536 cithara,
2293 1477 2346 1524 et
2373 1486 2547 1543 neque
2568 1489 2797 1533 numero
2808 1494 2984 1551 neque
2997 1480 3493 1544 harmoniaeouvc-

1903 1557 2105 1652 niente,
2128 1561 2243 1617 sed
2268 1565 2492 1622 confuse
2516 1576 2571 1623 et
2598 1576 2799 1628 temere
2838 1575 3077 1643 pulsatur
3094 1580 3495 1652 et‘inspirelur,

1905 1649 2105 1704 nullum
2148 1667 2215 1708 ex
2256 1653 2461 1727 iis-qui
2488 1658 2738 1717 .audiuut
2768 1661 3063 1724 delectabit
3098 1684 3163 1725 ac
3206 1649 3491 1730 recreabis.

1903 1741 2039 1797 Nam
2065 1744 2227 1801 etiam
2259 1748 2322 1802 in:
2345 1749 2448 1805 illis
2474 1751 3042 1832 iunrliculutissallqua
3083 1764 3327 1823 claritate
3358 1784 3492 1840 Opus

1904 1845 1989 1890 est
2017 1847 2070 1893 et
2097 1839 2365 1897 evidentia
2400 1860 2426 1896 .:
2458 1848 2644 1904 et-nisi
2670 1865 2735 1906 ex
2766 1866 2882 1913 arte
2912 1860 3207 1928 pulsaveris
3230 1875 3285 1921 et
3311 1839 3493 1925 tibiam

1907 1928 2256 2000 iuSpiraveris
2277 1976 2291 2000 ,
2322 1938 2455 1994 nihil
2500 1940 2695 1999 fecisti.
2727 1945 2783 2003 Si
2809 1959 2989 2006 autem
3020 1954 3285 2026 exigimus
3308 1959 3377 2016 ab
3409 1962 3496 2018 in-

1908 2023 2102 2080 animis
2132 2036 2188 2081 ut
2233 2037 2375 2084 tanta
2418 2034 2490 2088 sit
2514 2034 2566 2090 in
2592 2038 2671 2092 eis
2699 2038 2915 2098 claritas
2943 2055 2998 2100 et
3022 2023 3301 2107 harmonia
3328 2064 3382 2109 et
3407 2057 3496 2111 di-

1910 2116 2150 2183 stinctio,
2180 2130 2235 2175 et
2261 2124 2310 2176 in
2340 2125 2447 2180 illis
2479 2124 2595 2182 non
2615 2130 3041 2202 significantibus
3067 2143 3497 2218 sonisvurgemns

1907 2220 1962 2267 et
2002 2215 2377 2272 contendimus
2407 2230 2463 2277 ut
2490 2238 2755 2294 magnam
2781 2228 3121 2299 imponamus
3150 2215 3497 2309 significatio-

1907 2319 2078 2403 nem:
2111 2309 2281 2363 multo
2328 2315 2517 2383 magis
2546 2317 2599 2371 in
2638 2320 2887 2378 animatis
2928 2334 2984 2380 et
3022 2329 3227 2385 ratione
3260 2336 3499 2403 praeditis

1911 2395 2219 2495 hominibus
2247 2412 2298 2457 et
2342 2406 2395 2458 in
2425 2407 2581 2462 donis
2606 2410 2975 2479 Spiritualibus
3004 2395 3499 2495 persequi-oportet

1911 2488 1960 2541 id
1987 2490 2127 2559 quod
2155 2504 2307 2550 recte
2329 2497 2615 2567 signiﬁcet.
2645 2502 2709 2557 8.’
2740 2502 2947 2560 Etenim
2974 2488 3289 2568 siincertam
3320 2488 3497 2574 vocem

1909 2580 1992 2634 det
2029 2582 2179 2649 tuba,
2210 2587 2323 2654 quis
2348 2590 2642 2658 parabit-se
2654 2596 2725 2647 ad
2739 2596 2935 2652 bellum
2958 2601 2985 2654 ἱ)
3010 2602 3052 2657 Α
3081 2612 3498 2675 supervacaneis

1908 2675 2063 2730 enim
2078 2676 2143 2730 ad
2172 2694 2255 2742 ea,
2290 2696 2425 2750 quse-
2439 2694 2564 2739 sunt
2590 2688 2763 2759 magis
2789 2697 3090 2752 necessaria
3110 2711 3174 2754 'et
3203 2702 3385 2771 utilia,
3404 2706 3497 2763 dc-

1907 2766 2056 2823 ducit
2080 2769 2414 2839 orationem;
2443 2785 2498 2829 et
2526 2778 2655 2833 dicit
2681 2783 2823 2850 quod
2850 2788 3155 2845 non'solum
3185 2793 3237 2848 in
3265 2766 3493 2867 cithara,

1907 2860 2002 2917 sed
2026 2864 2202 2921 etiam
2239 2866 2292 2922 in
2320 2868 2453 2924 tuba
2475 2872 2674 2928 videris
2706 2874 2806 2931 hec
2833 2894 2931 2934 usu
2951 2884 3167 2942 venire.
3198 2889 3332 2947 Sunt
3351 2860 3494 2951 enim

1911 2953 2019 3012 illic
2051 2973 2264 3057 quoque
2304 2962 2581 3033 rhythmi,
2610 2977 2664 3023 et
2693 2968 2928 3028 indicant
2954 2977 3244 3048 aliquando
3279 2988 3494 3057 quidem

1907 3063 2100 3104 sonum
2132 3050 2384 3108 bellicum
2406 3095 2424 3119 ,
2453 3056 2742 3127 aliquando
2769 3078 2899 3120 vero
2926 3083 3030 3122 non
3059 3071 3247 3141 talem;
3290 3050 3355 3133 et'
3383 3081 3496 3136 ali;-

1909 3140 2122 3211 quando
2148 3141 2327 3199 educit
2350 3145 2403 3201 in
2429 3148 2619 3214 aciem,
2651 3151 2939 3223 aliquando
2958 3169 3145 3217 autem
3165 3179 3409 3236 revocat;
3431 3189 3497 3230 ac

1911 3232 2010 3288 nisi
2037 3234 2301 3305 quispiam
2339 3237 2442 3295 hoc
2470 3242 2646 3308 norit,
2680 3243 2732 3300 in
2759 3259 3062 3307 extremum
3098 3258 3240 3313 venit
3277 3232 3499 3330 pericuq

1910 3325 2043 3381 lum.
2070 3326 2223 3395 Quod
2245 3330 2459 3401 quidem
2488 3334 2814 3405 signiﬁcans,
2843 3351 2898 3395 et
2919 3358 3156 3402 errorem
3179 3325 3502 3426 ostendens,-

1909 3417 2059 3482 dicit,
2105 3418 2230 3484 Quis
2278 3423 2476 3493 parabit
2518 3442 2573 3480 se
2617 3429 2703 3482 ad'
2733 3433 3366 3504 bellutit?Quamobrem.
3394 3417 3509 3508 nisi-

1913 3511 2015 3565 hoc
2041 3510 2232 3568 habeat
2253 3555 2267 3579 ,
2303 3524 2468 3571 totum
2502 3520 2696 3587 perdit.
2743 3523 2806 3577 Et
2830 3527 2953 3595 quid
2980 3529 3118 3600 hinc,
3153 3534 3358 3605 inquies
3379 3585 3393 3608 ,
3426 3549 3493 3601 ad

1910 3606 2050 3658 nos?
2090 3605 2171 3661 Ad
2225 3621 2320 3662 vos
2362 3611 2592 3667 maxime
2641 3627 2868 3684 spectat,
2912 3629 2965 3674 et
3008 3621 3129 3678 ideo
3178 3605 3493 3705 subjungit:

1911 3696 1968 3751 9.
1998 3695 2085 3751 Ita
2110 3708 2157 3753 et
2182 3715 2301 3765 vos,
2342 3718 2433 3770 per
2470 3703 2694 3775 linguam
2735 3709 2835 3765 nisi
2870 3695 3497 3793 ntattifestumgsermouem

1913 3788 2152 3844 dederitis
2172 3834 2185 3855 ,
2214 3795 2463 3862 quomodo
2489 3798 2673 3851 scietur
2708 3800 2763 3853 id
2787 3806 2924 3875 quod
2949 3807 3174 3866 dicitur?
3197 3788 3335 3871 eritis
3364 3823 3498 3877 enim

1912 3881 1965 3934 in
1988 3898 2154 3936 aerem
2179 3884 2451 3954 loquentes.
2484 3887 2594 3943 lloc
2620 3900 2729 3955 est,
2760 3894 2889 3948 nihil
2918 3897 3196 3969 loquentes
3216 3949 3229 3971 ,
3260 3909 3387 3965 nulli
3416 3911 3497 3967 lo-

1914 3984 2160 4043 quentes.
2193 3976 2256 4030 Et
2289 3977 2484 4049 ubique
2510 3998 2620 4035 rem
2654 3986 2889 4041 ostendit
2918 3990 3176 4048 inutilem.
3205 3997 3269 4051 Et
3296 4004 3339 4054 si
3378 4003 3498 4058 iuu-

1918 4065 2061 4134 tilis,
2092 4067 2301 4138 inquies
2320 4112 2334 4136 ,
2363 4085 2460 4125 cur
2485 4073 2760 4129 data'cst‘?
2791 4077 2859 4134 Ut
2887 4082 2958 4135 sit
2985 4084 3126 4139 utilis
3152 4089 3198 4142 ei
3228 4092 3314 4159 qui
3342 4109 3499 4150 acce-

1921 4159 1994 4228 pit
2026 4177 2039 4211 :
2072 4160 2116 4213 si
2157 4172 2336 4216 autem
2376 4162 2497 4218 aliis
2523 4181 2736 4236 quoque
2764 4168 2938 4226 futura
2968 4185 3051 4229 est
3082 4178 3256 4246 utilis,
3291 4195 3503 4250 Oportet

1919 4250 2057 4306 adsit
2082 4250 2475 4324 interpretatio.
2503 4255 2629 4313 llmc
2652 4269 2830 4315 autem
2858 4262 3005 4330 dicit,
3040 4283 3134 4324 eos
3164 4271 3300 4326 inter
3324 4289 3399 4331 se.
3425 4277 3504 4332 in-

1920 4343 2090 4398 vicem
2118 4345 2432 4413 concilians,
2465 4358 2524 4403 ut
2570 4358 2625 4404 et
2663 4351 2708 4406 si
2759 4353 2874 4422 ipse
2917 4372 3020 4411 non
3067 4359 3275 4417 habeat.
3304 4364 3501 4422 donum

1921 4435 2345 4506 interpretandi,
2386 4451 2662 4511 assumpto
2703 4443 2873 4499 altero
2909 4448 2997 4518 qui
3030 4448 3079 4503 id
3120 4448 3330 4519 habeat,
3361 4459 3504 4527 quod

1921 4544 2078 4585 suum
2124 4542 2205 4585 cst
2244 4546 2337 4602 per
2389 4532 2537 4587 illum
2583 4534 2742 4591 faciat
2781 4538 2927 4594 utile.
2982 4540 3281 4612 Propterea.
3314 4549 3507 4619 ubique

1924 4622 2160 4679 ostendit
2186 4639 2298 4679 rem
2328 4640 2447 4680 esse
2475 4626 2867 4696 imperfectam,
2898 4634 3128 4704 uLipsos
3156 4638 3233 4694 sic
3261 4656 3363 4695 una
3390 4645 3506 4698 cul—

1926 4720 2070 4791 liget.
2101 4720 2307 4775 Etenim
2335 4722 2425 4792 qui
2456 4721 2506 4777 id
2535 4722 2636 4777 sibi
2666 4724 2941 4781 existimat
2963 4729 3227 4796 sufficere,
3263 4748 3366 4788 non
3402 4746 3508 4791 tam

1927 4817 1978 4871 id
2007 4816 2187 4871 laudat
2220 4835 2378 4889 quam
2407 4821 2659 4891 deprimit
2678 4865 2694 4891 ,
2713 4841 2828 4882 .non
2858 4827 3050 4883 sistens.
3081 4830 3131 4885 id
3160 4844 3305 4890 recte
3331 4837 3513 4905 splen-

1926 4908 2060 4966 dere
2089 4926 2185 4981 per
2227 4913 2745 4985 interpretationem.
2780 4919 3065 4976 Pulchrum
3099 4925 3242 4980 enim
3285 4938 3367 4984 est
3411 4928 3515 4984 do—

1930 5016 2056 5055 num
2086 5011 2137 5058 et
2169 5003 2555 5069 necessarium,
2587 5006 2680 5062 seti
2727 5015 2838 5063 tum
2883 5009 3134 5079 demum,
3172 5015 3227 5075 si
3257 5018 3513 5075 .habuerit

1929 5109 2051 5150 eum
2084 5096 2174 5164 qui
2203 5096 2440 5152 declaret
2467 5112 2528 5153 ea
2558 5114 2677 5170 quae
2704 5101 2971 5157 dicuntur.
3004 5103 3136 5161 Nam
3165 5107 3362 5179 digitus
3382 5125 3517 5180 quo-

1931 5202 2036 5257 que
2062 5201 2148 5241 res
2176 5197 2256 5242 est
2290 5192 2592 5245 necessaria
2614 5233 2627 5257 ,
2660 5191 2754 5247 sed
2783 5193 2995 5262 quando
3016 5211 3137 5250 eum
3166 5198 3457 5257 abduxeris
3487 5219 3517 5256 ε

1934 5280 2152 5351 reliquis
2176 5320 2192 5347 ,
2233 5297 2338 5336 non
2365 5285 2466 5337 erit
2496 5299 2647 5354 aeque
2678 5285 2821 5339 utilis
2851 5304 2864 5340 :
2900 5288 3024 5342 tuba
3056 5304 3267 5360 quoque
3296 5300 3380 5347 est
3421 5309 3519 5349 ne-

1933 5374 2201 5440 cessaria;
2229 5374 2322 5429 sed
2350 5375 2565 5445 quando
2597 5384 2797 5431 temere
2825 5380 3087 5443 sonuerit,
3113 5390 3195 5436 est
3224 5383 3383 5438 etiam
3409 5399 3523 5439 mo-

1939 5465 2073 5519 lesta
2102 5474 2155 5518 ct
2186 5466 2383 5536 gravis.
2427 5466 2611 5537 Neque
2652 5469 2793 5523 enim
2837 5484 2924 5525 ars
2956 5473 3272 5540 apparebit,
3309 5475 3408 5528 nisi
3453 5477 3522 5529 sit

1939 5555 2177 5626 subjecta
2219 5560 2475 5623 materia;
2524 5574 2697 5630 neque
2748 5561 3066 5618 informatur
3110 5567 3331 5619 materia
3360 5606 3372 5629 ,
3425 5565 3525 5621 nisi

1940 5645 2186 5716 imposita
2230 5648 2300 5702 sit
2345 5648 2537 5704 forma.
2573 5650 2717 5706 Pone
2756 5667 2887 5722 ergo
2928 5669 3112 5709 vocem
3141 5654 3354 5723 quidem
3389 5666 3526 5709 tant-

1940 5755 2099 5809 quam
2127 5740 2445 5812 subjectum,
2469 5742 2764 5799 claritatem
2786 5757 2963 5801 autem
2989 5756 3253 5815 tamquam
3278 5747 3527 5814 formant,

1942 5850 2064 5904 quae
2094 5835 2136 5889 si
2164 5850 2268 5890 non
2301 5834 2476 5902 adsit,
2521 5835 2749 5907 subjecti
2782 5838 2960 5893 nullus
2987 5846 3071 5893 est
3102 5854 3249 5893 usus.
3288 5839 3372 5895 lO.
3409 5838 3533 5893 Tum

1942 5933 2120 6003 niulta,
2166 5930 2209 5985 si
2254 5928 2566 6001 contingant,
2619 5945 2801 6000 genera
2850 5931 3302 6000 linguarmn‘sunt
3345 5933 3394 5989 in
3442 5934 3534 5988 hcc
