3998 6416
518 452 628 512 299
1279 452 1336 494 5.
1376 452 1657 492 ιυλιγιγιδ
1689 452 2117 485 Ullulavalvu

525 546 745 612 mundo,
778 551 826 597 et
851 538 983 595 nihil
1002 537 1108 592 sine
1132 549 1252 590 me
1270 541 1363 586 est.
1389 529 1501 584 lloc
1526 535 1631 588 est,
1662 534 1770 580 tam
1796 517 1980 575 multa:
2012 514 2117 567 lin-

526 657 666 713 suae,
694 610 803 693 tam
828 634 1010 692 multa:
1032 643 1213 691 voces,
1233 623 1585 696 Scytharum,
1607 616 1901 676 Thracum,
1929 610 2121 713 Rern»

530 702 745 795 norum,
785 729 1092 788 Persarum,
1134 721 1465 781 Maurorum,
1510 711 1794 775 Indorum,
1832 702 2111 775 Egyptio-
2160 735 2175 755 .

528 842 649 882 rum
672 863 690 891 ,
720 822 944 877 aliarum
972 814 1211 888 gentium
1242 805 1735 866 innumerabilium.
1777 800 1865 855 ‘ll.
1907 796 1969 853 Si
2003 810 2122 865 ergo

529 916 754 973 nesciet-0
778 913 1015 967 virtutem
1042 908 1198 970 rosis,
1230 920 1318 960 ere
1342 902 1388 959 ei
1414 900 1493 955 cui
1522 898 1701 969 loquar
1723 895 1991 949 barbarus.

601 1007 658 1063 3.
706 1004 786 1061 Ne
813 1000 1095 1059 existimes
1129 996 1277 1055 enim
1302 992 1445 1065 quod
1475 991 1580 1046 hoc
1608 987 1784 1043 solum
1814 981 2027 1040 accidat
2064 980 2125 1036 in

531 1099 683 1154 vobis
703 1138 722 1164 ,
758 1093 971 1166 inquit,
1020 1088 1116 1146 sed
1143 1089 1307 1147 etiam
1338 1085 1397 1141 in
1420 1080 1670 1139 omnibus
1699 1078 1803 1133 hoe
1833 1073 1949 1129 ﬁeri
1979 1069 2128 1127 vids-

534 1195 627 1251 ris.
659 1187 1022 1261 Quamobrem
1047 1182 1165 1239 lateo
1194 1180 1338 1244 dico,
1385 1191 1492 1233 non
1534 1188 1725 1229 vocem
1769 1170 2081 1238 vituperans
2108 1204 2127 1231 ,

536 1284 632 1343 sed
654 1260 951 1339 ostendens
976 1292 1095 1333 eam
1123 1273 1254 1330 mihi
1286 1284 1412 1328 esse
1439 1266 1705 1330 inutilem,
1737 1260 1995 1334 quamdiu
2021 1272 2128 1313 non

536 1376 702 1445 luerit
726 1375 881 1431 clara
898 1379 963 1427 et
978 1366 1287 1426 manifesta».
1318 1359 1523 1418 Deinde
1543 1373 1612 1413 ne
1635 1369 1851 1427 gravem
1873 1367 1937 1407 ac
1962 1349 2132 1405 mole-

705 1466 898 1525 reddat
923 1460 1346 1522 accusationem,
1378 1459 1624 1524 cumquot
1651 1450 1878 1513 crimen,
1907 1444 2128 1500 dicens:

545 1564 645 1622 Ille
676 1562 799 1617 mihi
843 1557 1120 1620 barbarus,
1154 1562 1201 1608 et
1228 1568 1319 1623 ego
1345 1549 1424 1605 illi
1447 1564 1468 1613 ;
1495 1561 1603 1601 non
1627 1559 1699 1600 ex
1727 1551 1916 1597 natura
1945 1537 2093 1593 vocis
2113 1574 2129 1601 ,

540 1658 635 1715 sed
663 1673 729 1713 ex
755 1662 945 1711 nostra
961 1646 1281 1721 ignorantia.
1308 1640 1555 1698 Vidistin‘
1583 1633 1852 1708 quomodo
1878 1628 2132 1721 paulatim

541 1748 696 1805 duxit
730 1746 805 1801 ad
844 1742 931 1810 id,
1159 1745 1243 1793 est
1286 1740 1570 1804 cognatum
1597 1744 1660 1785 ac
1701 1726 1778 1782 rei
1810 1722 2087 1795 proprium
2110 1720 2136 1773 Ὶ

543 1840 698 1909 Quod
727 1836 942 1909 quidem
986 1846 1107 1887 mos
1132 1838 1218 1885 est
1245 1827 1294 1885 ei
1338 1826 1550 1889 lacere,
1578 1831 1637 1877 ut
1673 1817 1919 1888 exempla
1952 1812 2136 1886 procul

545 1905 803 1996 attrahat,
834 1937 887 1983 et
918 1924 1131 1981 desinat
1156 1922 1215 1976 in
1243 1918 1297 1974 id
1320 1916 1465 1988 quod
1505 1922 1589 1973 est
1626 1911 1872 1982 subiecto
1911 1905 2137 1976 conjun-

544 2025 686 2080 ctius
710 2030 769 2079 et
791 2018 969 2090 magis
986 2014 1285 2087 proprium.
1312 2009 1446 2066 Nam
1482 2016 1765 2079 postquam
1793 2001 1934 2057 dixit
1969 2000 2038 2055 de
2066 1999 2136 2053 ti-

547 2119 635 2175 bia
681 2123 738 2171 et
783 2110 1017 2173 cithara,
1060 2107 1149 2162 ubi
1195 2102 1367 2160 multa
1411 2100 1611 2156 desunt
1637 2104 1694 2153 et
1722 2096 1892 2152 multa
1932 2091 2140 2148 inutilia

548 2216 698 2274 sum,
728 2204 876 2262 venit
917 2200 984 2257 ad
1019 2198 1223 2263 tubam,
1270 2209 1385 2251 rem
1430 2192 1703 2248 utiliorem
1724 2230 1741 2255 ,
1771 2197 1828 2244 et
1853 2183 2051 2242 deinde
2072 2180 2141 2238 ad

549 2303 721 2371 ipsam
762 2310 977 2351 vocem.
1020 2292 1095 2347 lla
1142 2289 1304 2346 etiam
1347 2296 1527 2348 antea,
1569 2279 1786 2353 quando
1825 2276 2144 2335 versabatur

549 2368 668 2463 ejus
708 2388 881 2444 oratio
909 2386 963 2440 in
1002 2398 1069 2441 eo
1096 2390 1157 2437 ut
1189 2377 1500 2437 ostenderet
1525 2389 1632 2432 non
1660 2387 1785 2430 esse
1813 2368 2143 2442 prohibitum

456 2556 460 2560 _
550 2458 807 2556 apostolis
834 2478 1104 2548 accipere,
1130 2487 1250 2529 eum
1270 2470 1526 2540 cupisset
1546 2466 1785 2537 primum
1801 2462 1871 2516 ab
1894 2458 2145 2530 agricolis

550 2549 606 2633 et
637 2571 954 2647 pastoribus
968 2576 1030 2624 cs
1044 2565 1325 2627 militibus,
1351 2570 1482 2617 tunc
1506 2556 1730 2614 deduxit
1754 2554 2057 2611 orationem
2075 2549 2143 2605 ad

551 2667 605 2722 ιιι
632 2643 889 2737 quodest
920 2657 1195 2731 proposito
1236 2649 1591 2727 prepinquius
1614 2690 1629 2716 ,
1660 2662 1853 2717 nempe
1876 2643 1944 2700 ad
1971 2657 2150 2699 sacer-

551 2734 707 2814 dotes
731 2755 824 2827 qui
863 2758 1025 2809 emut-
1061 2751 1118 2804 in
1157 2745 1360 2803 Veteri.
1395 2743 1475 2799 Tu
1500 2751 1677 2796 autem
1707 2737 1838 2792 mihi
1866 2734 2146 2793 considera

552 2845 1053 2924 qnomodoubiqne
1083 2839 1318 2897 studium
1361 2836 1605 2909 posuerit
1635 2844 1694 2888 ut
1718 2832 1920 2889 donum
1949 2828 2147 2886 libera-

556 2918 641 2998 ret
664 2941 732 2996 ab
755 2935 1102 2993 accusatione
1126 2973 1157 3000 ,.
1188 2939 1244 2987 et
1282 2928 1491 2984 crimen
1532 2923 1808 2982 conferret
1848 2923 1901 2976 in
1931 2935 2027 2978 eos
2055 2918 2147 2989 qui

556 3034 906 3102 acceperunt.
937 3022 1056 3079 Non
1082 3019 1219 3076 dixit
1248 3017 1392 3077 enim
1425 3034 1441 3071 :
1472 3016 1577 3072 Ero
1600 3014 1862 3069 barbarus
1882 3052 1900 3079 ,
1923 3009 2018 3068 sed
2041 3050 2057 3076 ,
2084 3008 2151 3065 Ei

556 3125 643 3195 qui
682 3100 906 3191 loquitur
948 3112 1216 3170 barbarus.
1247 3109 1316 3166 Et
1345 3123 1531 3164 rursus
1561 3121 1670 3161 non
1712 3105 1847 3159 dixit
1875 3121 1889 3156 :
1919 3102 2020 3171 Qui
2064 3100 2150 3156 io-

559 3192 741 3285 quitur
762 3254 777 3277 ,
811 3206 1071 3263 barbarus
1094 3246 1111 3273 ,
1140 3201 1234 3258 sed
1258 3242 1273 3267 ,
1311 3199 1412 3268 Qui
1440 3197 1688 3268 loquitur,
1735 3196 1862 3248 mihi
1886 3192 2150 3247 barbarus.

559 3284 698 3374 Quid
726 3314 855 3372 ergo
876 3304 1111 3369 oportet,
1134 3292 1328 3363 inquit,
1354 3288 1512 3345 ﬁeri?
1536 3287 1651 3343 Non
1672 3286 1848 3342 solum
1877 3284 2021 3342 enim
2043 3297 2153 3339 nou

560 3402 773 3466 oportet
804 3392 1137 3460 vituperare,
1184 3383 1278 3441 sed
1316 3383 1477 3439 etiam
1517 3379 1790 3436 adhortari
1827 3388 1883 3436 et
1907 3376 2103 3434 docere
2135 3394 2150 3433 ;

561 3486 706 3559 quod
733 3484 847 3556 ipse
873 3494 1091 3554 quoque
1130 3476 1290 3531 facit..
1307 3474 1600 3546 Postquam
1630 3472 1775 3528 enim
1804 3470 2077 3527 accusavit
2101 3477 2157 3526 et

563 3576 894 3649 increpavit,
943 3582 998 3629 ot
1038 3570 1226 3627 inutile
1260 3583 1381 3625 esse
1409 3564 1680 3633 ostendit,
1712 3563 1969 3635 deinceps
1993 3564 2155 3619 etiam

562 3672 845 3729 consilium
876 3668 989 3733 dat,
1016 3665 1203 3722 dicens
1231 3680 1245 3718 :
1279 3662 1367 3718 12.
1403 3659 1493 3717 Sic
1521 3668 1567 3715 et
1594 3675 1712 3725 vos,
1737 3658 1979 3730 quoniam
1997 3672 2160 3714 mn.

563 3766 748 3819 latores
774 3761 891 3815 estis
917 3758 1215 3829 spirituum,
1241 3753 1310 3808 ad
1333 3751 1723 3821 aediﬁcationem
1753 3748 1996 3805 Ecclesiae
2018 3765 2158 3821 qua:-

562 3856 657 3909 rite
676 3864 727 3908 ut
749 3849 1032 3906 abundetis.
1062 3845 1305 3901 V’idistin’
1327 3844 1444 3913 ejus
1469 3856 1693 3914 scopum
1720 3855 1936 3912 semper
1958 3849 2014 3897 et
2043 3840 2159 3896 ubi-

564 3962 669 4018 que
698 3959 861 4000 unum
890 3940 1050 3998 esse?
1078 3937 1209 3994 Eam
1237 3952 1338 3993 ceu
1368 3938 1605 4007 regulam
1640 3934 1808 4005 ponit,
1836 3949 1956 4006 qua:
1976 3933 2160 3991 multis

566 4039 713 4094 utilis
741 4038 812 4093 sit
851 4043 906 4091 et
946 4032 1241 4089 Ecclesium
1279 4030 1449 4101 iuret.
1497 4027 1683 4099 Neque
1723 4028 1899 4097 diuit,
1924 4027 1995 4085 lit
2019 4028 2159 4087 dona

568 4127 907 4202 possidentis,
936 4123 1030 4183 sed
1065 4122 1133 4180 Ut
1166 4122 1435 4177 abundetis
1452 4123 1596 4189 ;boe
1617 4130 1802 4189 esl,ut
1821 4136 1944 4177 cum
1969 4136 2159 4191 magna

565 4223 717 4290 κονίει
750 4219 838 4274 illa
870 4216 1139 4273 habeatis.
1162 4214 1390 4270 Tantum
1425 4214 1568 4270 enim
1606 4214 1759 4269 abest
1783 4224 1841 4269 ut
1870 4214 2036 4271 nolim
2066 4230 2162 4271 vos

566 4330 634 4371 ea
672 4311 868 4368 habere
892 4351 908 4375 ,
940 4317 1000 4364 ut
1028 4307 1187 4363 velim
1227 4307 1389 4362 etiam
1419 4322 1512 4363 vos
1540 4306 1627 4363 eis
1648 4306 1956 4372 abundare,
2000 4308 2168 4367 modo

565 4422 631 4462 ea
655 4402 953 4461 exerceatis
976 4400 1045 4456 ad
1075 4399 1127 4455 id
1151 4398 1293 4471 quod
1324 4400 1695 4456 ita-commune
1718 4410 1803 4457 est
1829 4402 1983 4457 utile.
2013 4402 2159 4471 Quo-

571 4500 743 4556 modo.
780 4507 961 4553 autem
1012 4495 1115 4551 hoc
1170 4494 1280 4559 liat,
1325 4492 1463 4548 dicit
1499 4502 1553 4549 et
1595 4494 1895 4565 subiungit,
1938 4494 2159 4553 dicens;

569 4593 659 4647 i5.
694 4589 757 4645 Et
790 4589 904 4642 ideo
929 4586 1013 4655 qui
1048 4583 1275 4653 loquitur
1301 4583 1478 4654 lingua
1497 4624 1527 4650 ν
1556 4593 1663 4638 oret
1701 4594 1757 4638 ut
1782 4584 2161 4656 interpretetur.

569 4684 661 4739 M.
691 4679 835 4735 Nam
859 4680 903 4732 si
933 4691 1072 4731 orem
1107 4675 1304 4745 lingua,
1332 4675 1542 4745 spiritus
1566 4690 1706 4729 meus
1730 4684 1873 4743 orat,
1906 4694 2045 4733 mea;
2064 4695 2166 4733 au-

571 4788 682 4832 tam
695 4790 818 4829 mea.
836 4772 943 4826 sine
971 4774 1143 4843 fructu
1171 4776 1263 4822 est.
1294 4767 1382 4823 l5.
1416 4767 1555 4835 Quid
1578 4784 1696 4840 ergo
1723 4769 2034 4827 est?'0rabo
2053 4774 2163 4843 spi-

570 4868 692 4934 ritu,
720 4866 877 4923 orabo
904 4872 953 4919 et
980 4869 1147 4916 ments
1166 4875 1184 4914 :
1199 4860 1419 4932 psallunt
1447 4862 1891 4934 spititu,.psallam
1912 4879 1960 4920 et
1981 4878 2165 4924 mente.

572 4960 674 5016 Hic
711 4955 945 5013 ostendit
972 4954 1040 5010 in.
1062 4967 1249 5009 eorum
1279 4967 1402 5008 esse
1426 4960 1693 5024 potestate
1718 4964 1781 5010 ut.
1803 4955 2004 5013 donum
2026 4959 2169 5015 soci-

571 5055 715 5128 piant
747 5069 761 5106 :
795 5049 918 5105 Oret
965 5048 1131 5112 enim,
1180 5046 1386 5118 inquit;
1431 5046 1535 5102 hoc
1579 5056 1685 5115 est,
1736 5065 1857 5119 qua:
1898 5066 1993 5106 sua
2041 5061 2175 5109 sunt

572 5138 784 5198 saerata.
812 5141 946 5199 Nam
975 5140 1021 5196 si
1052 5138 1341 5211 diligenter,
1374 5148 1429 5196 ct
1470 5154 1665 5211 magno
1703 5142 1882 5198 studio
1912 5145 2163 5214 petieris,

574 5237 827 5309 accipies.
856 5234 986 5289 Pete
1016 5246 1147 5302 ergo
1172 5240 1231 5287 ut
1256 5247 1361 5286 non
1393 5231 1568 5287 solum
1603 5232 1801 5289 habeas
1830 5233 2030 5291 donum
2059 5237 2164 5292 lin—

572 5347 712 5403 guae,
731 5329 823 5386 sed
843 5327 1489 5397 etiam-interpretationis
1516 5346 1530 5381 :
1554 5337 1612 5383 ut
1632 5329 1705 5383 sis
1726 5330 1977 5387 omnibus
1999 5334 2165 5401 utilis,

574 5439 675 5479 nec
702 5420 904 5476 donum
932 5419 984 5473 in
1021 5428 1073 5471 te
1101 5418 1274 5472 solum
1313 5417 1575 5475 includas.
1624 5417 1766 5473 Nam
1801 5423 1846 5475 si
1888 5439 2057 5489 orem,
2087 5424 2168 5479 in—

574 5518 707 5585 quit,
735 5515 933 5588 lingua,
973 5510 1181 5583 spiritus
1206 5528 1345 5567 meus
1371 5520 1502 5580 orat,
1540 5528 1681 5566 mens
1711 5525 1880 5568 autent
1916 5532 2026 5570 mea
2060 5518 2169 5575 sine

569 5613 605 5679 ί.
622 5619 741 5664 ttctu
759 5614 853 5664 est.

640 5702 848 5757 Donum
874 5700 1168 5771 linguarum
1196 5697 1456 5770 quodnam
1494 5707 1641 5753 esset.
1660 5729 1733 5739 -—
1755 5698 2002 5756 Vidistin’
2027 5718 2166 5773 quo-

570 5792 732 5849 modo
765 5793 1020 5864 paulatim
1066 5792 1339 5848 extollens
1379 5792 1702 5856 orationem,
1745 5793 1996 5849 ostendat
2040 5811 2166 5852 eum

577 5886 679 5956 qui.
697 5893 788 5942 est
816 5884 1117 5955 ejusmodi,
1145 5900 1253 5942 non
1280 5883 1455 5940 solum
1482 5899 1603 5940 esse
1632 5884 1751 5938 aliis
1779 5884 2167 5949 inutilemsscd

1279 440 1336 494 s.
1376 429 1657 492 solutus
1689 413 2176 485 cnnvsos'rom
2198 414 2507 472 ARCIIIEP.
2546 411 3085 471 consrsrrrluor.
3663 415 3740 477 tu

2227 510 2399 566 etiam
2418 508 2528 564 sibi:
2553 509 2679 580 ipsi,
2709 507 2977 577 siquidem
3022 518 3178 563 meus
3205 503 3322 575 eius
3348 512 3425 563 est
3450 504 3553 561 sine
3585 505 3741 566 fructu.

2226 604 2358 661 Nam
2399 603 2444 659 si
2483 602 2604 673 quis
2645 604 2893 672 loquatur
2934 600 3110 656 solum
3151 599 3423 657 Persarum
3467 600 3642 671 lingua,
3678 613 3748 660 aut

2227 701 2407 770 aliqua
2456 698 2561 753 alia
2606 698 2806 764 aliena,
2862 697 3069 753 nesciat
3119 706 3295 752 autem
3322 712 3436 768 qua:
3463 697 3600 764 dicit,
3636 707 3750 757 certe

2229 792 2388 847 etiam
2414 790 2514 846 sibi
2559 791 2658 859 ipsi
2681 790 2791 859 jum
2819 791 2925 846 crit
2961 790 3242 856 barbarus,
3276 806 3379 846 nou
3405 789 3487 844 alii
3513 791 3681 856 solum,
3702 808 3752 849 eo

2229 882 2373 954 quod
2404 882 2608 938 nesciat
2642 882 2757 935 vim
2777 882 2945 937 vocis.
2982 881 3147 938 Erant
3176 881 3319 937 enim
3348 882 3616 952 antiquitus
3636 884 3755 939 multi

2232 976 2327 1047 qui
2355 976 2620 1033 orationis
2646 974 2847 1030 donum
2888 974 3159 1031 habebant
3205 990 3325 1035 cum
3368 976 3564 1046 lingua;
3591 987 3637 1035 cl
3661 993 3756 1034 ora-

2232 1069 2367 1126 bant
2390 1068 2633 1140 quidem,
2660 1078 2715 1125 et
2740 1069 2919 1139 lingua
2948 1068 3286 1139 lapte-batur,
3313 1077 3400 1124 aut
3420 1068 3669 1125 Persarum
3692 1080 3759 1126 aut

2233 1162 2601 1219 Romanorum
2626 1176 2763 1219 voce
2782 1176 2983 1229 orans;
3008 1177 3163 1216 mens
3188 1170 3364 1216 autem
3391 1162 3638 1218 nesciebat
3652 1165 3760 1235 quod

2233 1257 2534 1313 dicebatur.
2565 1255 2694 1313 ideo
2716 1256 2950 1323 dicebat,
2979 1256 3044 1313 Si
3064 1272 3204 1312 orem
3228 1258 3422 1329 lingua,
3450 1258 3638 1327 spiritus
3658 1276 3764 1313 tutus

2235 1359 2393 1413 orat;
2422 1348 2479 1404 id
2504 1358 2610 1415 est,
2636 1349 2903 1405 charisma
2928 1349 3072 1421 quod
3095 1349 3280 1409 datum
3308 1360 3395 1406 est
3410 1351 3531 1409 mihi
3556 1361 3607 1406 et
3626 1367 3765 1408 mret

2238 1442 2473 1514 linguam
2498 1458 2513 1509 ;
2544 1459 2689 1497 mens
2714 1452 2895 1497 autem
2915 1459 3029 1498 mea
3056 1443 3173 1503 sine
3200 1444 3365 1515 fructu
3395 1452 3485 1498 est.
3514 1442 3638 1509 Quid
3669 1460 3767 1515 ergo

2238 1535 2505 1606 optimum
2528 1544 2584 1591 et
2614 1534 2751 1590 utile
2781 1535 2909 1590 est?
2942 1542 2999 1590 et
3036 1534 3311 1605 quomodo
3345 1532 3646 1602 faciendum,
3671 1538 3768 1605 quid

2240 1626 2532 1700 petendum
2557 1641 2589 1681 a
2619 1626 2730 1682 Deo
2747 1626 2873 1683 est?
2894 1624 2963 1682 lit
2985 1634 3042 1681 et
3067 1625 3284 1697 spiritu,
3305 1625 3358 1680 id
3383 1636 3463 1681 est
3479 1624 3769 1690 charismate.

2241 1729 2299 1776 et
2343 1727 2525 1775 meute
2567 1728 2774 1775 oretur.
2817 1717 2888 1773 Et
2940 1717 3066 1774 ideo
3111 1717 3371 1775 (licebat:
3405 1717 3566 1775 Orcho
3606 1720 3771 1788 spiritu,

2244 1815 2400 1869 orabo
2439 1824 2488 1868 et
2529 1824 2733 1879 mente;
2770 1812 2999 1883 psallam
3035 1812 3246 1882 spiritu,
3293 1811 3507 1885 psallam
3544 1820 3588 1866 et
3627 1822 3773 1869 meme.

2248 1907 2391 1965 Idem
2420 1922 2608 1964 rursus
2643 1907 2729 1964 hic
2757 1920 2973 1977 quoque
2998 1905 3271 1977 significat
3298 1923 3315 1960 :
3342 1905 3410 1964 Ut
3438 1914 3492 1961 et
3525 1905 3681 1977 lingua
3716 1905 3777 1958 io-

2244 2010 2461 2072 quatur,
2491 2010 2549 2057 et
2582 2016 2740 2057 mens
2765 2015 2873 2056 non
2904 2000 3115 2071 ignoret
3153 2013 3219 2057 ea
3257 2013 3379 2070 quae
3404 1998 3653 2055 dicuntur.
3675 1997 3777 2052 Nam

2247 2095 2350 2152 nisi
2378 2095 2481 2151 hoc
2504 2095 2595 2162 sit,
2634 2095 2738 2149 alia
2766 2109 2983 2165 quoque
3002 2093 3113 2150 erit
3141 2092 3411 2150 conlusio.
3440 2091 3522 2148 i6.
3555 2091 3727 2145 Etenim
3749 2091 3781 2144 si

2247 2187 2587 2253 benedixeris,
2621 2186 2812 2257 inquit,
2855 2186 3062 2257 spiritu,
3097 2186 3186 2256 qui
3218 2184 3422 2258 supplet
3458 2185 3614 2241 locum
3647 2184 3783 2237 idiota

2248 2278 2505 2350 quomodo
2545 2278 2705 2345 dicet,
2741 2278 2925 2343 Amen,
2962 2294 3119 2349 super
3157 2285 3304 2331 tuam
3349 2278 3621 2350 gratiarum
3656 2276 3785 2329 actio-

2251 2390 2367 2429 nem
2388 2374 2414 2427 .9
2432 2372 2678 2444 quoniam
2715 2372 2839 2442 quid
2879 2372 3024 2427 dicas
3049 2372 3229 2429 nescit.
3269 2372 3359 2427 17.
3388 2370 3525 2426 Nam
3548 2382 3599 2424 tu
3626 2371 3785 2440 quidem

2252 2466 2375 2521 bene
2401 2465 2595 2536 gratias
2621 2463 2753 2535 agis,
2784 2462 2874 2518 sed
2911 2463 3045 2518 alter
3074 2478 3180 2517 non
3203 2462 3509 2532 ludiﬁcatur.
3539 2460 3659 2517 Vide
3681 2475 3788 2530 quo-

2253 2558 2415 2614 modo
2455 2557 2545 2613 hic
2572 2572 2762 2613 rursus
2790 2556 3024 2627 lapidem
3054 2555 3204 2612 ducit
3228 2556 3301 2612 ad
3336 2557 3601 2623 amussim,
3632 2554 3788 2625 ubique

2253 2665 2502 2723 quaerens
2544 2649 2804 2707 Ecclesiae
2830 2649 3269 2706 aediﬁcationem.
3303 2649 3522 2706 ldiotam
3547 2657 3703 2704 autem
3727 2647 3791 2701 di-

2254 2744 2327 2800 cit
2356 2743 2572 2808 laicum,
2603 2751 2658 2797 et
2682 2740 2919 2797 ostendit
2946 2756 3069 2797 eum
3098 2755 3205 2797 non
3231 2756 3457 2813 parvum
3477 2741 3703 2797 damnum
3721 2753 3791 2793 ac-

2255 2835 2459 2905 cipere,
2487 2833 2704 2905 quando
2735 2848 2842 2890 non
2874 2841 3048 2903 potest
3072 2832 3279 2901 dicere,
3307 2834 3495 2889 Amen.
3523 2832 3627 2888 Hoc
3651 2839 3792 2887 autem

2257 2927 2371 2981 vult
2398 2926 2741 2997 signiﬁcare:
2768 2924 2825 2984 Si
2861 2923 3212 2981 barbarorum
3249 2939 3388 2983 voce
3429 2924 3691 2982 benedicas
3723 2935 3793 2978 no-

2256 3019 2435 3076 sciens
2464 3017 2595 3089 quid
2619 3016 2791 3085 dicas,
2815 3032 2993 3089 neque
3016 3017 3206 3077 valens
3229 3016 3588 3089 interpretari,
3617 3029 3708 3072 non
3724 3027 3795 3083 po-

2262 3120 2368 3168 test
2412 3111 2581 3166 laicus
2622 3109 2974 3181 respondere,
3020 3112 3195 3167 Arnen
3226 3126 3243 3163 :
3276 3124 3387 3166 non
3435 3108 3643 3164 audiens
3686 3106 3796 3160 enim

2261 3201 2411 3269 illud,
2444 3202 2500 3257 In
2523 3202 2720 3258 smcula
2744 3202 3087 3267 sasculorum,
3111 3200 3257 3273 quod
3288 3211 3375 3258 est
3400 3200 3538 3270 linis,
3567 3214 3660 3256 non
3683 3196 3800 3263 dicit,

2261 3296 2458 3352 Amen.
2504 3293 2709 3350 Deinde
2748 3310 2936 3349 rursus
2975 3308 3097 3350 eum
3144 3294 3461 3361 consolans,
3508 3307 3574 3349 ne
3606 3290 3802 3346 videatur

2263 3386 2467 3443 donum
2488 3385 2642 3441 Valde
2659 3385 2989 3457 vilipendere
3012 3404 3027 3440 :
3051 3386 3194 3457 quod
3215 3387 3470 3457 superius
3484 3384 3694 3445 dicebat,
3709 3392 3802 3434 cum

2265 3477 2411 3549 loqui
2454 3478 2734 3549 mysteria,
2777 3486 2832 3533 et
2862 3477 2974 3533 Deo
3001 3477 3169 3548 loqui,
3201 3488 3258 3534 et
3297 3479 3533 3548 seipsum
3563 3466 3802 3535 :edillc'are,

2263 3580 2320 3629 et
2343 3586 2502 3627 orare
2538 3571 2768 3641 spiritu;
2799 3586 2867 3630 ex
2895 3568 2979 3627 bis
3004 3586 3115 3625 non
3141 3586 3363 3641 parvam
3390 3569 3681 3641 excogitans
3703 3580 3805 3621 con-

2263 3662 2605 3727 solationem.
2652 3662 2757 3719 hoc
2797 3662 2886 3718 hic
2919 3676 3134 3733 quoque
3176 3661 3329 3728 facit,
3377 3662 3561 3718 dicens
3590 3678 3603 3714 :
3632 3658 3743 3713 Nam
3767 3662 3807 3708 ιιι

2262 3755 2485 3827 quidem
2509 3755 2650 3812 bene
2668 3755 2869 3826 gratias
2895 3755 3043 3826 agis;
3071 3754 3277 3825 Spiritu
3306 3756 3451 3813 enim
3478 3764 3644 3810 motus
3664 3752 3809 3820 loque-

2266 3848 2341 3905 ris
2361 3864 2376 3914 ;
2400 3846 2496 3903 sed
2517 3846 2606 3903 ille
2628 3846 2761 3901 nihil
2786 3845 3032 3914 audiens,
3054 3863 3230 3918 neque
3250 3847 3431 3903 sciens
3450 3861 3565 3919 qua:
3581 3846 3809 3905 dicuntur,

2266 3948 2394 4005 stat,
2417 3953 2524 3995 non
2555 3953 2804 4010 magnam
2831 3939 3110 4010 excipiens
3138 3940 3448 3997 utilitatem.

2339 4032 2396 4089 4.
2428 4031 2629 4087 Deinde
2658 4031 2913 4102 quoniam
2948 4045 3043 4087 eos
3069 4041 3152 4088 est
3179 4032 3479 4088 insectatus
3506 4030 3591 4103 qui
3621 4030 3709 4084 hoc
3735 4024 3809 4079 ba-

2268 4122 2399 4181 δοίη
2421 4123 2658 4209 donum,
2678 4132 2951 4194 tamquam
2976 4125 3067 4193 qui
3106 4124 3242 4181 nihil
3273 4140 3525 4198 magnum
3565 4123 3811 4181 haberent;

2268 4231 2345 4273 ne
2368 4214 2615 4271 videatur
2644 4207 2809 4272 veluti
2833 4230 2900 4272 eo
2926 4216 3187 4287 privatus,
3217 4230 3317 4273 eos
3343 4215 3682 4288 vilipenderc,
3719 4207 3811 4263 vide

2266 4310 2396 4383 quid
2425 4310 2567 4369 dicat
2599 4327 2613 4364 :
2636 4309 2725 4367 18.
2755 4309 2959 4365 Gratias
2985 4326 3083 4382 ago
3102 4309 3234 4379 Deo,
3260 4310 3401 4382 quod
3422 4310 3585 4383 magis
3601 4321 3730 4381 quam
3748 4315 3814 4355 ros

2270 4418 2444 4459 mnes
2486 4402 2679 4474 linguis
2722 4401 2922 4474 loquar.
2974 4401 3089 4459 Hoc
3116 4411 3298 4459 autem
3343 4402 3474 4458 facit
3508 4402 3658 4458 etiam
3697 4391 3812 4449 alibi.

2271 4496 2636 4566 Depressnrus
2655 4496 2798 4551 enim
2827 4509 2890 4553 ea
2908 4495 3103 4567 quibus
3149 4496 3508 4567 exsuperabat
3536 4490 3810 4550 Judaismust

2272 4596 2329 4646 et
2343 4598 2666 4644 osuutsurus
2678 4602 2738 4642 ea
2755 4586 2889 4642 nihil
2907 4601 3050 4655 esse,
3073 4587 3222 4658 prius
3243 4587 3483 4643 ostendit
3497 4601 3555 4642 se
3568 4600 3628 4640 ea
3638 4580 3811 4637 habere.

2272 4688 2329 4735 et
2366 4679 2523 4749 longe
2552 4677 2818 4748 amplius,
2852 4685 2979 4735 tunc
3004 4692 3220 4748 quoque
3247 4692 3310 4733 ea
3337 4678 3592 4733 damnum
3627 4667 3809 4743 appellat

2273 4773 2459 4829 dicens
2491 4789 2505 4826 :
2536 4770 2599 4827 Si
2622 4771 2743 4841 quis
2760 4771 2958 4825 videtur
2992 4769 3179 4825 habere
3207 4770 3453 4840 ﬁduciam
3481 4770 3534 4823 in
3570 4779 3726 4828 carne,
3746 4769 3809 4825 ⁸9⁸

2274 4868 2457 4937 magis,
2487 4865 2813 4921 circumcisus
2842 4873 3016 4921 octauo
3056 4865 3161 4931 die,
3204 4880 3268 4919 ea:
3294 4879 3481 4935 genere
3509 4858 3683 4923 Israel,
3718 4849 3817 4907 ml“

2273 4958 2567 5027 Bcnjamin,
2591 4955 2839 5012 Hebrazus
2861 4973 2926 5012 ea:
2954 4956 3203 5023 Hebreis,
3230 4957 3513 5011 secundum
3542 4958 3691 5025 legent
3712 4945 3819 5000 Ριιαα

2274 5052 2473 5116 rimus,
2505 5049 2783 5102 secundum
2808 5049 2975 5105 zelum
3014 5066 3332 5120 persequens
3349 5047 3646 5111 Ecclesium,
3673 5051 3818 5096 κεκη-

2274 5145 2409 5198 dum-
2428 5141 2684 5213 justitiatn
2711 5159 2825 5213 qua
2848 5152 2921 5197 est
2951 5159 3015 5198 ea:
3041 5144 3171 5214 lege,
3205 5147 3374 5214 factus
3414 5129 3825 5211 irrepreltensiliﬁt

2278 5238 2536 5310 (Philipp.
2569 5239 2622 5292 5.
2652 5237 2824 5307 ἄνθ).
2870 5236 2938 5291 Ει
2992 5245 3118 5292 tunc
3170 5246 3453 5308 postquam
3499 5229 3746 5291 ostendit.
3777 5234 3824 5275 98

2274 5332 2328 5387 in
2358 5332 2439 5385 his
2460 5330 2712 5386 omnibus
2739 5330 3035 5394 abundare,
3072 5330 3201 5385 dicit
3224 5348 3255 5385 τ’
3277 5330 3385 5385 Sed
3413 5343 3529 5398 qua
3568 5319 3827 5378 mihieratrl

2275 5425 2439 5489 lucra,
2471 5439 2531 5476 ea
2569 5423 2815 5475 damnum
2854 5421 3140 5474 existimavi
3171 5430 3379 5490 propter
3413 5419 3670 5475 Christum
3690 5404 3822 5477 (litici-

2273 5532 2321 5570 o.
2348 5519 2423 5586 7).
2468 5516 2542 5570 ita
2588 5514 2674 5569 hic
2698 5527 2911 5584 quoque
2937 5512 3084 5578 facit,
3125 5513 3311 5568 dicens
3342 5530 3355 5565 :
3390 5510 3559 5582 Magis
3582 5519 3720 5577 quam
3756 5511 3825 5551 vos

2219 5603 2225 5607 ’
2271 5627 2448 5664 omnes
2490 5608 2679 5679 linguis
2728 5606 2930 5676 loquor.
2956 5607 3035 5664 Ne
3064 5621 3198 5677 ergo
3235 5603 3564 5668 elferamini,
3613 5607 3663 5653 ct
3697 5588 3825 5644 vobis

2276 5701 2533 5768 placeatis
2572 5710 2841 5769 tamquam
2886 5698 2988 5753 soli
3026 5698 3229 5754 donum
3270 5696 3558 5759 habentes;
3596 5703 3709 5744 nam
3742 5692 3825 5749 (‘60

2269 5807 2490 5866 quoque
2522 5791 2573 5847 id
2603 5789 2874 5861 possideo,
2904 5798 2959 5845 et
2986 5792 3156 5861 magis
3185 5804 3342 5861 quam
3374 5802 3493 5843 vos.
3534 5783 3619 5839 l9.
3659 5774 3824 5866 Sed»!!!

2280 5864 2514 5947 Ecclesia
2537 5882 2655 5940 uolo
2673 5883 2894 5954 quinque
2918 5884 3067 5941 verba
3082 5901 3234 5941 sensu
3260 5898 3365 5939 meo
3392 5881 3546 5953 loqui,
3575 5882 3627 5929 ut
3649 5879 3691 5926 et
3710 5864 3822 5920 alios
