3998 6476
166 474 280 536 301

159 593 487 651 instituam.
510 582 660 660 Quid"
687 598 787 658 est,
825 585 990 646 Sensu
1019 605 1127 644 meo
1167 588 1324 658 loqui,
1367 597 1422 641 ut
1449 596 1495 642 et
1537 587 1665 641 alios
1707 586 1789 640 in-

161 686 446 743 αἱ(ωωῖ
485 684 797 756 lntelligens
823 699 942 754 qua:
985 681 1129 751 dico,
1167 691 1221 738 et
1261 696 1380 752 quae
1410 695 1630 751 possunt
1673 680 1792 735 aliis

165 795 412 851 quoque
447 778 814 849 interpretari,
854 787 908 834 et
948 792 1072 832 cum
1101 775 1450 846 intelligentia
1491 774 1690 839 dicere,
1739 785 1792 830 et

169 872 397 927 docere
426 885 526 926 eos
550 870 641 941 qui
668 869 909 924 audiunt.
941 869 1105 937 Quam
1126 869 1300 923 decem
1335 867 1496 921 millia
1525 868 1790 922 verborum

173 965 230 1018 in
277 963 504 1034 lingua.
532 962 747 1031 Quare?
789 960 858 1016 Ut
901 960 1052 1027 alios,
1100 961 1288 1031 inquit,
1333 960 1614 1015 instituam.
1655 958 1787 1014 Nam

174 1053 322 1112 illud-
354 1054 582 1125 quidem
612 1054 773 1109 habet
811 1054 1226 1109 ostentationem
1270 1061 1500 1119 tantum,
1549 1053 1651 1108 hoc
1689 1067 1786 1106 au-

177 1159 289 1205 tem
321 1147 558 1203 multam
603 1146 906 1203 utilitatem.
937 1145 1052 1202 Hoc
1077 1145 1220 1201 enim
1266 1152 1368 1210 est,
1407 1143 1550 1216 quod
1590 1143 1788 1214 ubique

177 1245 424 1316 (liuet-it,
451 1242 598 1313 quod
623 1243 676 1298 in
707 1240 975 1299 comr‘uni
997 1241 1068 1297 sit
1095 1239 1245 1296 utile.
1273 1238 1434 1310 Atqui
1457 1237 1657 1294 donum
1683 1237 1789 1291 lin-

180 1351 419 1407 guarum
459 1345 582 1391 erat
622 1349 820 1390 novum
864 1341 920 1390 et
961 1333 1218 1396 alienum,
1265 1329 1562 1400 prephetize
1606 1336 1784 1382 autem

181 1430 395 1484 donum
425 1439 741 1484 consuetum
770 1437 824 1482 et
849 1426 1125 1498 antiquum
1155 1434 1208 1480 et
1237 1423 1417 1478 multis
1442 1421 1551 1492 jam
1577 1420 1777 1489 datum,

185 1521 288 1577 hoc
317 1531 504 1576 autem
533 1531 646 1575 tum
676 1519 904 1588 primum
933 1534 948 1583 ;
991 1515 1085 1572 sed
1118 1525 1297 1572 tamen
1328 1513 1380 1567 in
1408 1512 1460 1568 id
1497 1527 1603 1567 non
1644 1508 1785 1565 mui-
1804 1502 1832 1520 ’“

194 1624 299 1669 tum
331 1611 571 1682 ponebat
595 1610 776 1667 studii.
807 1609 1166 1679 Quamobrem
1189 1622 1289 1662 nec
1314 1621 1381 1661 eo
1403 1619 1530 1659 usus
1551 1612 1652 1669 est,
1676 1617 1784 1656 non

192 1703 330 1774 quod
363 1718 474 1758 non
507 1702 750 1769 haberet,
791 1700 886 1757 sed
917 1698 1059 1770 quod
1089 1705 1359 1769 quaereret
1386 1711 1506 1766 qua:
1531 1705 1657 1749 sunt
1683 1693 1787 1747 nti-

197 1797 324 1852 liora
357 1814 375 1850 :
407 1806 525 1850 erat
550 1795 694 1850 enim
722 1795 859 1849 liber
888 1793 957 1848 ab
983 1791 1128 1846 omni
1160 1789 1304 1845 inani
1328 1788 1520 1860 gloria,
1544 1795 1598 1842 et
1620 1801 1782 1840 unum

196 1887 487 1959 spectabat,
518 1895 580 1942 ut
607 1886 857 1942 meliores
882 1883 1134 1939 redderet
1163 1881 1456 1937 auditores.
1498 1878 1782 1947 Propterea

197 1980 350 2034 etiam
396 1986 611 2048 poterat
637 1977 819 2034 videre
845 1975 989 2046 quod
1016 1974 1115 2028 sibi
1147 1983 1201 2027 et
1229 1973 1348 2026 aliis
1378 1979 1494 2024 crat
1535 1970 1686 2035 utile,
1716 1982 1783 2023 eo

196 2072 326 2144 quod
353 2080 503 2128 esset
531 2071 669 2126 liber
699 2069 768 2124 ab
795 2068 938 2124 inani
966 2067 1154 2139 gloria.
1178 2064 1310 2121 Nam
1351 2064 1440 2133 qui
1467 2071 1548 2117 est
1583 2062 1635 2116 in
1665 2061 1784 2130 ejus

199 2166 504 2222 servitutem
532 2163 803 2228 redactus,
854 2177 961 2217 non
1008 2159 1203 2232 poterit
1233 2158 1438 2222 videre,
1469 2171 1575 2210 non
1606 2157 1779 2210 solum

199 2257 328 2328 quod
353 2258 501 2325 aliis,
521 2257 617 2313 sed
644 2257 803 2312 etiam
829 2253 973 2325 quod
998 2253 1097 2309 sibi
1124 2260 1208 2307 est
1228 2251 1381 2306 utile.
1409 2249 1551 2304 Talis
1568 2246 1782 2304 eratSi-

194 2366 335 2416 mon,
366 2351 458 2421 qui
476 2350 730 2420 quoniam
749 2347 815 2404 ad
835 2347 1050 2402 inanem
1071 2344 1278 2415 aspexit
1294 2343 1540 2414 gloriam,
1565 2357 1632 2395 ne
1651 2340 1778 2394 vidit

191 2442 402 2514 quidem
423 2442 569 2514 quod
587 2440 688 2497 sibi
715 2449 830 2496 erat
849 2437 1223 2496 conducibile:
1249 2435 1384 2491 tales
1410 2443 1564 2489 erant
1585 2432 1778 2499 Judaei,

193 2533 279 2604 qui
320 2541 547 2604 propter
573 2547 690 2588 eam
722 2530 937 2585 diabolo
963 2544 1114 2586 suam
1155 2526 1508 2598 propinarnnt
1527 2524 1778 2580 salutem.

255 2625 441 2682 Inanis
485 2625 663 2697 gloriae
689 2625 784 2680 vis.
827 2621 1132 2692 PhilosOphi
1180 2618 1348 2675 στωσὶ
1391 2627 1781 2690 carpuntur.—

192 2721 320 2778 llinc
347 2720 514 2776 etiam
545 2730 662 2775 orta
693 2727 821 2774 sunt
855 2715 1021 2784 idola,
1053 2723 1108 2772 et
1135 2713 1345 2770 externi
1377 2711 1683 2783 philosophi
1712 2727 1777 2768 ex

192 2816 287 2872 hoc
311 2814 498 2870 furore
525 2813 728 2870 incitati
757 2809 894 2882 lapsi
925 2817 1051 2865 sunt
1074 2807 1142 2864 ad
1179 2807 1317 2862 mala
1347 2806 1616 2877 dogmata.
1645 2804 1780 2861 Vide

190 2917 364 2965 autem
392 2906 554 2977 hujus
595 2906 708 2962 vitii
736 2905 1166 2976 perversitatem.
1197 2901 1300 2958 Per
1327 2901 1430 2956 hoc
1453 2915 1516 2956 ex
1547 2901 1612 2954 iis
1640 2915 1778 2955 non-

191 3000 314 3055 nulli
332 2996 522 3055 'etl'ecti
549 3007 677 3052 sunt
705 2991 989 3069 pauperes,
1015 3004 1072 3051 et
1102 2993 1190 3048 alii
1221 2992 1457 3048 studium
1478 3001 1782 3063 posuerunt

190 3091 240 3146 in
272 3091 498 3147 divitiis.
547 3089 719 3145 Tanta
769 3096 853 3144 est
891 3087 1010 3158 ejus
1057 3083 1322 3158 tyrannis,
1368 3092 1426 3139 ut
1471 3083 1781 3139 dominetur

189 3183 342 3240 etiam
388 3183 442 3237 in
485 3181 792 3237 contrariis.
825 3179 957 3235 Nam
1001 3188 1055 3234 et
1093 3193 1157 3234 ex
1204 3175 1557 3247 temperantia
1586 3174 1779 3246 aliquis

187 3276 324 3332 inani
358 3275 528 3346 gloria
559 3274 813 3340 afﬁcitur,
836 3282 890 3329 et
917 3286 1104 3327 rursus
1134 3270 1273 3326 alius
1301 3285 1368 3326 ex
1388 3269 1652 3324 adulterio
1681 3286 1696 3324 :
1723 3278 1780 3325 et

190 3369 270 3426 hic
291 3368 510 3440 quidem
541 3383 608 3423 ex
631 3366 861 3438 justitia,
887 3365 1026 3420 alius
1065 3379 1131 3418 ex
1166 3362 1445 3433 injustitia,
1474 3376 1540 3417 ex
1571 3361 1778 3418 deliciis

192 3471 238 3518 et
263 3479 330 3518 ex
360 3461 595 3532 jejunio,
627 3476 695 3515 ex
737 3459 962 3515 lenitate
988 3464 1046 3515 et
1085 3473 1154 3512 ex
1195 3455 1441 3523 audacia,
1485 3472 1551 3510 ex
1577 3455 1778 3511 divitiis

196 3563 236 3610 et
261 3570 327 3611 ex
357 3563 692 3625 paupertate.
725 3550 973 3607 Nonnulli
1011 3549 1154 3604 enim
1181 3549 1408 3615 externi,
1443 3563 1563 3604 cum
1591 3549 1779 3604 liceret

196 3645 317 3702 dona
361 3646 652 3716 accipere;
694 3652 751 3698 ut
797 3643 849 3697 in
897 3641 1251 3697 admiratione
1279 3639 1624 3706 haberentur,
1670 3656 1774 3695 non

193 3739 533 3810 accipiebant.
582 3737 688 3794 Sed
739 3752 846 3791 non
888 3735 968 3791 sic
1012 3733 1283 3805 apostoli:
1316 3749 1436 3787 nam
1479 3732 1623 3803 qttod
1661 3735 1776 3801 puri

192 3841 357 3888 essent
379 3847 410 3888 a
433 3844 570 3885 vana
589 3827 782 3900 gloria,
800 3825 1146 3883 ostenderunt
1165 3841 1260 3894 per
1280 3839 1341 3879 ea
1361 3838 1479 3895 quae
1513 3823 1774 3879 fecerunt.

191 3921 389 3980 Etenim
435 3922 651 3993 quando
701 3921 822 3976 illos
856 3919 988 3976 deos
1011 3918 1296 3981 vocabant,
1325 3927 1380 3972 et
1418 3916 1587 3986 parati
1624 3925 1779 3971 erant

187 4015 241 4071 ad
275 4013 690 4071 sacriﬁcandum
723 4012 852 4083 ipsis
884 4020 1066 4067 tauros
1109 4017 1417 4074 coronatos,
1455 4023 1560 4062 non
1601 4007 1774 4063 solum

187 4108 586 4174 prohibuerunt,
625 4105 721 4161 sed
751 4106 912 4160 etiam
953 4119 1047 4160 sua
1089 4103 1412 4159 vestimenta
1454 4101 1776 4157 sciderunt:

183 4209 226 4255 et
250 4198 474 4270 quando
507 4197 757 4254 claudum
795 4203 1158 4259 curaverunt,
1198 4195 1448 4248 omnibus
1485 4207 1580 4249 eos
1611 4191 1776 4247 hianti

180 4306 266 4348 ore
307 4290 656 4362 stupentibus
699 4288 1002 4344 dixerunt:
1038 4287 1173 4356 Quid
1213 4303 1305 4340 nos
1343 4285 1590 4355 aspicitis,
1640 4293 1775 4338 tam-

177 4401 328 4453 quam
354 4384 570 4455 propria
598 4383 780 4437 virtute
807 4381 1075 4454 fecerimus
1100 4382 1232 4434 hunc
1265 4379 1527 4433 ambulare
1552 4377 1688 4450 (Act.
1718 4378 1773 4433 5.

176 4477 308 4548 l2)?
337 4477 405 4532 Et
435 4475 512 4530 illi
541 4473 758 4546 quidem
786 4474 928 4528 inter
950 4471 1096 4527 viros
1113 4479 1477 4542 paupertatem
1508 4468 1778 4524 admiran-

176 4580 274 4637 tes,
305 4577 683 4640 paupertatem
727 4567 1030 4638 eligebant;
1081 4563 1135 4619 hi
1179 4580 1309 4620 vero
1357 4563 1528 4633 ipsam
1573 4563 1777 4633 eligunt

177 4661 314 4732 apud
353 4661 602 4717 homines
641 4659 733 4732 qui
773 4667 1142 4730 paupertatem
1174 4664 1437 4728 spernunt
1470 4664 1525 4712 et
1561 4655 1776 4713 divitias

179 4755 416 4811 laudant.
451 4755 520 4810 Et
547 4753 600 4809 hi
651 4752 892 4824 quidem,
941 4752 986 4808 si
1027 4750 1154 4821 quid
1203 4757 1544 4820 acceperant,
1589 4749 1774 4820 egenis

181 4862 334 4914 opem
360 4845 646 4911 ferebant;
676 4844 748 4901 ita
775 4860 882 4900 non
909 4852 1130 4914 propter
1159 4842 1376 4898 inanem
1399 4842 1642 4913 gloriam,
1673 4842 1769 4898 sed

186 4950 396 5010 propter
447 4940 829 5010 benignitatem
877 4937 1058 4993 omnia
1106 4935 1267 4992 faciet
1286 4945 1374 4991 1mt
1412 4953 1426 4989 :
1473 4936 1551 4991 illi
1592 4946 1771 4991 autem

190 5031 333 5098 plane
357 5031 710 5096 contrarium,
741 5038 1016 5100 tamquam
1041 5029 1131 5100 qui
1157 5037 1339 5085 essent
1364 5027 1568 5083 inimici
1595 5036 1650 5083 et
1681 5042 1764 5097 pc-

194 5133 288 5181 stes
323 5123 627 5182 communis
674 5135 902 5188 natura,
955 5125 1071 5179 lucc
1116 5123 1194 5178 sic
1226 5138 1440 5194 quoque
1480 5123 1769 5178 faciebant.

197 5214 309 5272 Nam
333 5217 470 5272 alius
495 5216 710 5288 quidem
751 5215 949 5272 frustra
978 5222 1034 5271 et
1078 5224 1280 5283 temere
1307 5229 1498 5270 omnes
1531 5229 1656 5270 suas
1694 5214 1774 5270 fa-

199 5309 405 5366 cultates
448 5310 504 5365 in
549 5323 698 5366 mare
738 5308 1108 5378 demergehat,
1134 5306 1309 5362 fatuos
1352 5308 1568 5362 imitans
1595 5315 1650 5362 et
1676 5322 1771 5362 eos

200 5401 278 5471 qui
299 5410 418 5458 sunt
446 5402 650 5458 insana:
676 5403 872 5457 mentis
904 5418 916 5455 :
949 5401 1086 5456 alius
1127 5411 1306 5455 autem
1342 5399 1558 5455 sinebat
1582 5415 1769 5455 omnes

204 5507 309 5550 suos
334 5508 488 5566 agros
517 5493 734 5563 depasci
761 5493 828 5550 ab
854 5492 1066 5548 ovibus.
1112 5491 1203 5547 Sic
1241 5493 1419 5546 omnia
1463 5491 1604 5561 apud
1651 5491 1770 5546 illos

199 5584 260 5641 ad
281 5601 461 5641 vanam
496 5585 721 5657 gloriam
750 5584 1086 5654 spectabant.
1119 5581 1226 5638 Sed
1263 5598 1369 5638 non
1403 5582 1478 5649 hi,
1505 5583 1613 5638 imo
1640 5598 1768 5637 vero

204 5693 306 5749 qua
327 5678 586 5734 dabantur
608 5676 964 5748 accipiebant,
997 5684 1053 5732 et
1069 5675 1460 5731 distribuebant
1485 5673 1768 5746 egentibus

207 5789 313 5830 cum
339 5781 477 5828 tanta
501 5771 842 5837 liberalitate,
867 5777 926 5825 ut
951 5769 1112 5826 etiam
1139 5769 1194 5825 in
1217 5769 1356 5825 fame
1387 5775 1647 5840 perpetua
1666 5765 1764 5822 de—

209 5874 388 5940 gerent.
412 5865 470 5921 Si
503 5873 681 5920 autem
715 5861 940 5934 gloriam
971 5869 1266 5926 amassent,
1310 5876 1416 5918 non
1459 5861 1561 5916 hoc
1608 5859 1763 5915 fecis-

213 5968 330 6028 sent,
355 5971 536 6029 nempe
565 5966 622 6014 ut
648 5956 955 6028 acciperent
992 5963 1046 6013 ct
1075 5954 1478 6024 distribuerent,
1509 5954 1762 6011 timentes

1226 465 1292 526 IN
1331 469 1544 529 EPIST.
1588 469 1607 527 Ι
1663 471 1754 526 AD
1793 468 1950 527 C0“.
1983 469 2218 530 HOMIL.
2250 473 2467 533 XXXV.

3388 485 3497 547 δας

1901 600 1969 642 ne
1993 595 2182 642 contra
2226 589 2373 661 ipsos
2417 592 2594 663 aliqua
2637 593 2778 650 foret
2807 594 3060 668 suapicio.
3093 599 3225 656 Nam
3266 603 3358 674 qul
3395 618 3490 659 sna

1895 678 2078 746 objicit
2119 690 2338 751 propter
2366 683 2612 754 gloriam,
2645 687 2814 742 multo
2841 689 3009 761 magis
3036 706 3142 747 non
3171 694 3398 764 accipiet
3424 712 3487 753 ea

1895 784 2014 838 quae
2041 781 2167 827 sunt
2194 773 2442 843 aliorum,
2474 793 2542 832 ne
2569 778 2815 834 videatur
2835 796 2995 853 egere
3021 783 3162 852 aliis,
3190 792 3485 855 neque've-

1895 863 2002 917 niat
2030 863 2082 918 in
2109 867 2492 937 suspicionem.
2522 871 2629 927 llos
2655 883 2834 928 autem
2856 875 3008 931 vides
3035 885 3090 931 et
3119 878 3483 939 ministrantes

1893 965 1947 1011 et
1966 957 2367 1016 emendicantes
2392 977 2493 1033 pro
2512 965 2793 1034 egentibus
2823 986 2836 1021 :
2865 967 3000 1023 adeo
3025 978 3181 1024 erant
3203 972 3360 1025 etiam
3388 988 3484 1043 pa-

1893 1047 2065 1104 tribus
2115 1051 2443 1120 quibuslibet
2494 1058 2839 1113 amantiores.
2892 1059 3026 1115 Vide
3074 1072 3254 1117 autem
3296 1081 3483 1120 eorum

1891 1155 2106 1212 quoque
2132 1143 2278 1216 leges
2308 1147 2635 1215 moderatas,
2679 1159 2733 1204 et
2760 1151 2828 1206 ab
2872 1151 3015 1206 inani
3059 1155 3228 1224 gloria
3261 1156 3481 1211 liberas.

1894 1229 2150 1289 Habentes
2171 1236 2334 1302 enim,
2359 1238 2550 1308 inquit,
2582 1241 2872 1295 vestimenta
2900 1253 2946 1296 et
2972 1244 3234 1312 alimenta,
3260 1246 3338 1300 his
3363 1264 3483 1301 con-

1891 1324 2016 1376 tenti
2044 1326 2232 1381 erimus
2260 1329 2337 1400 (1.
2367 1328 2506 1383 Tim.
2538 1331 2591 1387 6.
2619 1332 2677 1402 8)
2709 1349 2722 1385 :
2755 1348 2860 1388 non
2898 1333 3038 1390 sicut
3076 1336 3165 1391 ille
3193 1336 3480 1410 Sinopeus,

1889 1416 1978 1485 qui
2028 1420 2217 1487 pannis
2265 1421 2470 1479 obsitus
2515 1434 2567 1480 et
2607 1425 2810 1481 dolium
2854 1427 3140 1495 habitans,
3182 1446 3303 1486 cum
3348 1433 3480 1488 nihil

1895 1521 2035 1566 esset
2072 1528 2230 1583 opus,
2280 1518 2478 1574 multos
2523 1520 2738 1590 quidem
2787 1522 3090 1593 stupefecit,
3143 1525 3272 1579 nulli
3301 1537 3480 1580 autem

1889 1601 2107 1670 profuit.
2143 1606 2337 1664 Paulus
2375 1620 2554 1667 autem
2606 1613 2738 1668 nihil
2771 1613 2962 1670 horum
3005 1614 3275 1670 faciebat:
3310 1634 3482 1689 neque

1889 1696 2032 1752 enim
2062 1700 2338 1768 spectabat
2370 1704 2720 1760 ambitionem
2759 1715 2816 1762 et
2863 1708 3082 1763 honoris
3129 1708 3478 1774 desiderium,

1890 1787 1983 1842 sed
2010 1797 2065 1844 et
2093 1790 2289 1848 decore
2331 1795 2652 1851 induebatur
2683 1799 2944 1866 vestibus,
2982 1809 3036 1856 et
3079 1800 3222 1855 domi
3268 1803 3483 1858 assidue

1888 1879 2183 1949 habitabat,
2217 1900 2380 1956 seque
2421 1888 2579 1957 plane
2612 1892 2909 1960 perfectum
2945 1892 3262 1948 ostendebat
3289 1894 3340 1949 in
3381 1895 3481 1950 alia

1887 1973 2033 2058 omni
2082 1975 2280 2032 virtute
2314 1994 2327 2030 :
2356 1979 2500 2049 quod
2542 1980 2874 2050 deSpiciebat
2915 1982 3169 2054 Cynicus,
3221 1985 3484 2055 intempe-

1889 2072 2071 2119 ranter
2096 2066 2281 2122 vivens
2323 2077 2377 2124 et
2418 2070 2591 2140 palam
2623 2071 2878 2128 indecore
2923 2087 2981 2128 se
3027 2088 3222 2144 gerens
3266 2075 3366 2148 (ο),
3412 2078 3482 2129 ah

1889 2155 2030 2210 inani
2055 2157 2220 2226 gloria
2253 2160 2531 2231 abreptus.
2565 2162 2622 2218 Si
2649 2165 2768 2234 quis
2797 2164 2940 2220 enim
2966 2175 3117 2236 roget
3137 2182 3236 2222 cur
3260 2169 3312 2222 in
3337 2167 3484 2222 dolio

1889 2249 2228 2319 habitaverit,
2260 2255 2465 2310 nullam
2494 2256 2653 2312 aliam
2681 2273 2898 2313 causam
2929 2259 3162 2316 inveniet
3189 2276 3349 2331 quam
3392 2278 3482 2316 va-

1887 2359 2010 2400 nam
2037 2345 2282 2416 gloriam.

1957 2436 2012 2491 5.
2063 2435 2208 2492 Vana
2236 2438 2402 2508 gloria
2430 2456 2563 2494 saeva
2589 2441 2777 2496 bellua.
2794 2473 2868 2484 —-
2889 2443 3086 2500 Paulus
3110 2454 3289 2500 autem
3317 2446 3478 2501 etiam

1885 2528 2126 2594 domum,
2155 2547 2314 2601 quam
2353 2532 2539 2588 Romae
2575 2534 2864 2604 incolebat,
2915 2536 3164 2592 mercede
3200 2537 3478 2596 conduxit.

1885 2619 2217 2692 Quamquam
2258 2623 2348 2694 qui
2387 2623 2545 2692 longe
2595 2623 2815 2679 fortiora
2844 2634 3075 2694 poterat,
3112 2627 3280 2681 multo
3309 2628 3480 2699 magis

1886 2713 1988 2768 hoc
2015 2714 2298 2784 patuisset.
2324 2714 2428 2770 Sed
2459 2731 2566 2771 ιιοη
2591 2715 2886 2786 aspiciebat
2909 2717 2977 2772 ad
3005 2717 3252 2788 gloriam,
3282 2733 3478 2774 smvam

1885 2807 2140 2875 belluatn,
2167 2807 2497 2864 horrendum
2525 2809 2848 2877 d:cntonem,
2875 2819 3080 2880 pestem
3120 2811 3268 2866 orbis
3300 2821 3475 2878 terrae,

1887 2910 2208 2956 venenatam
2236 2901 2495 2971 viperam.
2527 2902 2679 2958 Sicut
2721 2904 2866 2958 enim
2905 2903 2991 2958 illa
3025 2904 3196 2960 bestia
3229 2904 3482 2963 dentibus

1885 3002 2096 3049 uterum
2120 2995 2305 3049 matris
2333 2995 2609 3066 discerpit,
2643 2997 2713 3052 ita
2740 2998 2903 3052 etiam
2931 2998 3036 3054 hoc
3061 2999 3246 3055 vitium
3271 3015 3470 3070 paren-

1885 3093 1992 3139 tem
2018 3085 2296 3141 dilacerat.
2325 3087 2609 3143 Undenatn
2634 3104 2764 3160 ergo
2792 3090 2944 3145 vario
2966 3090 3090 3146 huic
3115 3093 3304 3149 morbo
3330 3093 3484 3150 inve-

1883 3176 2030 3232 neris
2057 3177 2546 3234 tnedicamentum'l
2567 3179 2625 3236 Si
2649 3196 2745 3236 eos
2773 3181 2864 3252 qui
2893 3183 3066 3252 ipsum
3095 3184 3482 3241 conculcarunt

1884 3268 2195 3324 inmedium
2227 3269 2538 3339 adduxeris,
2571 3279 2626 3327 et
2653 3272 2719 3327 ad
2748 3273 2960 3329 illorum
2993 3275 3279 3346 imaginem
3311 3278 3483 3347 respi-

1882 3359 2053 3428 ciens,
2076 3361 2156 3416 sic
2181 3361 2343 3416 vitam
2370 3365 2765 3433 cornposueris.
2799 3365 3108 3421 Patriarcha.
3133 3367 3276 3423 enim
3304 3370 3479 3424 Abra-

1883 3451 2006 3508 ham
2032 3471 2046 3516 ;
2079 3453 2174 3509 sed
2215 3469 2374 3510 nemo
2405 3455 2537 3510 mihi
2565 3457 2695 3511 vitio
2727 3466 2903 3513 vertat
2945 3458 3186 3529 ejusdem
3217 3463 3292 3515 rei
3319 3477 3479 3530 repe-

1885 3549 2147 3613 titionem,
2178 3551 2221 3602 si
2245 3564 2389 3617 saepe
2412 3551 2528 3617 ejus
2558 3559 2611 3605 et
2637 3551 2690 3605 in
2712 3552 2964 3606 omnibus
2992 3552 3338 3609 memininus.
3367 3554 3480 3609 Hoc

1883 3640 2024 3694 enim
2065 3649 2150 3695 est
2175 3641 2315 3711 quod
2347 3641 2496 3696 illum
2525 3657 2741 3712 quoque
2773 3643 2947 3698 reddit
2974 3645 3206 3700 maxime
3241 3646 3477 3701 adrnira-

1883 3732 2066 3800 bilem,
2100 3742 2154 3788 et
2183 3749 2278 3790 eos
2305 3735 2395 3804 qui
2427 3750 2530 3790 non
2563 3736 2735 3805 ipsum
2759 3737 3101 3804 mmulantur,
3125 3739 3271 3792 omni
3301 3739 3480 3809 privat

1882 3826 2057 3881 venia.
2107 3826 2240 3881 Nam
2271 3828 2313 3882 si
2345 3843 2468 3882 eum
2502 3829 2718 3899 quidem
2762 3829 2817 3885 in
2865 3841 3016 3900 parte
3043 3831 3242 3901 aliqua,
3277 3833 3329 3887 in
3373 3833 3476 3888 alia

1881 3925 2060 3972 autem
2092 3927 2243 3988 parte
2272 3919 2434 3972 alium
2479 3934 2538 3974 se
2583 3930 2730 3975 recte
2773 3923 3008 3992 gessisse
3053 3922 3474 3988 ostenderimus,

1881 4007 2078 4063 dixerit
2103 4009 2296 4079 aliquis
2333 4009 2558 4066 diiﬁcile
2582 4027 2704 4066 esse
2739 4012 2950 4067 virtutis
2987 4015 3337 4079 exercitium;
3366 4029 3474 4070 non

1881 4115 2002 4156 esse
2041 4101 2184 4155 enim
2216 4099 2374 4156 facile
2407 4103 2586 4157 omnia
2630 4104 2788 4158 simul
2824 4114 2972 4160 recte
3009 4120 3218 4176 gerere,
3249 4123 3474 4177 quorum

1882 4201 2088 4262 partem
2119 4201 2426 4248 sanctorum
2458 4194 2650 4265 singuli
2677 4205 2963 4266 gesserunt
2992 4214 3006 4252 :
3034 4212 3155 4252 cum
3185 4207 3364 4254 autem
3397 4184 3479 4254 in-

1881 4284 2131 4339 veniatur
2167 4299 2306 4339 unus
2335 4294 2390 4340 et
2419 4285 2560 4342 idem
2601 4289 2781 4342 omnia
2811 4288 3078 4355 obtinere,
3111 4307 3270 4360 quam
3310 4291 3476 4346 habe-

1881 4374 2014 4430 bunt
2042 4375 2439 4432 excusationem
2482 4377 2571 4448 qni
2617 4387 2737 4447 post
2780 4379 2952 4449 legem
2993 4389 3048 4435 et
3094 4383 3319 4452 gratiam
3365 4399 3473 4438 non

1881 4479 2106 4537 possunt
2149 4467 2218 4523 ad
2254 4469 2500 4524 eamdem
2533 4471 2815 4541 pervenire
2855 4487 3187 4538 mensuram,
3217 4472 3284 4527 ad
3315 4488 3474 4543 quam

1880 4561 1971 4631 qui
2002 4559 2218 4616 fuerunt
2252 4571 2380 4616 ante
2412 4563 2581 4632 legem
2625 4573 2678 4618 et
2725 4563 2993 4634 gratiam?
3023 4564 3305 4631 Quomodo
3345 4580 3478 4636 ergo

1881 4650 1968 4706 hic
2017 4651 2322 4721 patriarcha
2375 4653 2513 4708 hanc
2571 4653 2802 4710 belluam
2863 4655 2993 4709 vicit
3044 4666 3095 4710 et
3159 4658 3476 4725 superavit,

1878 4744 2097 4815 quando
2141 4743 2240 4800 fuit
2267 4746 2315 4800 ei
2359 4747 2731 4802 controversia
2780 4761 2902 4802 cum
2952 4747 3062 4801 ﬁlio
3091 4749 3314 4802 fratris?
3342 4748 3474 4804 Nam

1877 4851 1999 4892 cum
2031 4838 2209 4892 minor
2233 4839 2413 4909 portio
2441 4839 2489 4895 ei
2516 4839 2819 4910 obtigisset,
2857 4840 2908 4895 ei
2939 4840 3141 4909 primas
3162 4851 3343 4911 partes
3370 4858 3476 4897 non

1878 4937 2022 4984 esset
2049 4938 2392 5000 assequutus,
2435 4945 2542 4986 non
2586 4931 2780 4986 doluit.
2825 4928 2986 4986 Scitis
3025 4942 3207 4986 autem
3237 4931 3380 5003 quod
3423 4933 3474 4986 in

1878 5021 1961 5078 his
1989 5023 2150 5078 rebus
2189 5022 2423 5079 dedecus
2453 5033 2536 5079 est
2563 5024 2717 5094 pejus
2760 5023 2958 5080 damno
2990 5023 3055 5079 iis
3085 5025 3174 5094 qui
3219 5036 3345 5080 sunt
3373 5041 3476 5096 pu-

1877 5113 1980 5169 silli
2012 5113 2198 5180 animi,
2224 5125 2280 5170 et
2303 5116 2534 5172 maxime
2554 5115 2770 5186 quando
2797 5116 2912 5186 ipse
2937 5117 3175 5171 omnium
3200 5117 3474 5182 dominus,

1877 5207 2015 5263 sicut
2047 5217 2172 5263 tunc
2198 5209 2310 5276 ille,
2354 5219 2410 5266 et
2451 5210 2540 5279 qui
2589 5210 2738 5279 prior
2770 5217 3007 5280 coeperat
3046 5209 3335 5276 honorare,
3366 5226 3474 5266 non

1875 5301 2112 5356 vicissim
2142 5302 2348 5360 honore
2371 5302 2624 5358 afﬁcitur.
2664 5302 2770 5358 Sed
2802 5312 2978 5358 tamen
3011 5302 3141 5356 nihil
3185 5304 3375 5359 horum
3410 5303 3476 5358 il-

1876 5393 1986 5448 lum
2015 5394 2326 5463 momordit,
2371 5395 2467 5451 sed
2509 5403 2708 5452 etcum
2739 5395 3002 5451 secundas
3037 5395 3263 5453 haberet
3292 5406 3472 5468 partes

1877 5487 1975 5543 fuit
1997 5497 2307 5554 contentus,
2339 5497 2396 5544 et
2423 5488 2618 5558 injuria
2659 5488 2884 5544 allectus
2921 5504 2949 5542 a
2976 5489 3176 5558 juvene
3199 5504 3387 5556 senex,
3421 5500 3473 5545 et

1875 5589 2096 5649 patruus
2139 5595 2170 5634 a
2219 5579 2400 5635 fratris
2446 5580 2576 5645 ﬁlio,
2608 5595 2717 5635 non
2765 5582 3075 5636 succensuit
3117 5596 3291 5652 neque
3328 5594 3470 5649 {egre

1876 5672 2015 5739 tulit,
2045 5672 2138 5729 sed
2169 5673 2418 5728 similiter
2441 5687 2567 5728 eum
2592 5673 2808 5728 amabat
2827 5680 2885 5728 et
2904 5673 3148 5729 curabat.
3175 5673 3380 5726 Rursus
3399 5686 3468 5726 ex

1874 5780 2066 5836 magno
2095 5765 2186 5821 illo
2210 5775 2263 5821 et
2295 5766 2514 5822 terribili
2547 5765 2689 5821 bello
2719 5774 2871 5836 parta
2894 5765 3136 5829 victoria,
3163 5764 3322 5834 vique
3346 5778 3472 5833 pro-

1937 5899 2008 5960 (a)
2042 5900 2160 5958 Quae
2187 5899 2267 5948 hic
2299 5899 2362 5948 de
2400 5898 2628 5962 Diogene
2653 5898 2830 5962 Cynico
2854 5897 3096 5962 feruntur,
3123 5895 3247 5962 apud
3272 5894 3471 5962 Dioge-

1873 5957 2239 6014 nem'laet'tium
2265 5970 2314 6013 et
2339 5957 2592 6013 sexcentis
2615 5962 2662 6011 in
2687 5957 2792 6010 aliis
2815 5965 3042 6011 veterum
3069 5958 3188 6010 locis
3209 5957 3467 6009 habentur.
