3998 6426
646 428 755 486 303

651 546 881 618 pulsatis
906 550 959 600 et
979 537 1271 613 proﬂigatis
1299 535 1561 601 barbaris,
1593 534 1661 590 de
1683 533 1905 590 victoria
1932 547 2039 596 non
2061 533 2247 594 trium-

652 637 784 707 phat
822 653 918 691 nec
957 632 1116 702 erigit
1147 639 1402 700 trepzeum
1429 648 1443 684 :
1475 625 1688 684 volebat
1717 625 1862 688 enim
1894 633 2098 690 tantum
2131 639 2247 679 ser-

650 743 802 790 vare,
851 741 954 780 non
999 739 1060 780 se
1110 730 1400 778 ostentare.
1451 719 1673 790 Excepit
1722 730 1906 774 rursus
1967 717 2243 786 hospites;

652 836 828 893 neque
869 820 955 874 hic
994 817 1140 872 inani
1181 815 1350 887 gloria
1389 811 1670 879 laboravit,
1702 811 1796 867 sed
1825 817 1881 868 et
1909 810 2024 882 ipse
2053 824 2244 864 occur-

651 911 807 968 rebat
847 920 903 967 et
947 909 1226 973 adorabat,
1257 923 1365 962 non
1410 917 1679 975 tamquam
1721 904 1854 959 dans
1899 901 2242 968 beneficium,

650 1003 746 1060 sed
775 1012 1043 1074 tamquam
1088 999 1351 1057 beneficio
1389 998 1648 1054 allectus:
1680 1005 1735 1052 et
1775 1005 1930 1050 vocat
1971 994 2240 1060 dominos,

649 1096 900 1152 nesciens
927 1092 1141 1166 quidem
1170 1092 1386 1163 quinam
1417 1088 1790 1154 accessissent,
1818 1095 1872 1142 et
1899 1087 2016 1141 loco
2033 1083 2243 1146 ancillae

647 1189 927 1247 consntuit
955 1202 1200 1243 uxorem.
1229 1184 1364 1240 Cum
1391 1194 1567 1239 autem
1606 1192 1767 1241 antea
1795 1181 1850 1240 in
1885 1179 2114 1251 Aigypto,
2144 1178 2240 1245 ad-

649 1278 915 1337 mirabilis
950 1276 1307 1347 apparuisset,
1341 1285 1396 1329 et
1441 1273 1582 1334 hanc
1623 1273 1798 1342 ipsam,
1827 1287 2048 1333 uxorem
2088 1285 2242 1335 recc:

646 1374 838 1444 pisset,
872 1379 1186 1440 tantumque
1216 1377 1361 1424 esset
1387 1367 1646 1423 honorem
1687 1371 2070 1432 consequutus,
2102 1361 2241 1431 apud

647 1463 921 1520 neminem
948 1477 1007 1518 se
1034 1468 1297 1526 ostentat;
1337 1458 1432 1514 sed
1465 1456 1729 1527 indigenae
1756 1455 1973 1526 quidem
2001 1469 2122 1509 eum
2151 1470 2239 1508 re.-

651 1572 772 1627 gem
801 1555 1164 1626 appellabant,
1189 1554 1304 1625 ipse
1327 1560 1508 1609 autem
1539 1552 1697 1606 solvit
1725 1550 1954 1620 pretium
1985 1549 2237 1618 sepulcri.

645 1652 780 1706 Cum
807 1659 987 1703 autem
1013 1647 1249 1702 mitteret
1277 1645 1556 1711 famulum,
1582 1657 1804 1700 uxorem
1837 1641 1944 1698 filio
1973 1641 2239 1706 adductus

646 1757 788 1809 rum,
818 1741 952 1795 nihil
984 1739 1143 1810 jussit
1178 1753 1426 1808 magnum
1467 1747 1559 1794 aut
1587 1737 1910 1805 praeclarum
1950 1733 2020 1789 de
2057 1750 2116 1792 se
2155 1733 2239 1788 di-

645 1850 790 1899 cere,
829 1832 925 1889 sed
969 1833 1142 1888 solum
1173 1846 1428 1902 sponsam
1463 1828 1753 1888 adducere.
1799 1827 1890 1880 Vis
1919 1826 2079 1891 eiiam
2113 1842 2240 1880 exa-

648 1927 858 1982 minare
885 1941 978 1981 eos
1008 1925 1098 1996 qui
1120 1934 1272 1978 erant
1293 1923 1394 1978 sub
1417 1922 1607 1992 gratia,
1640 1919 1854 1991 quando
1883 1933 1977 1974 eos
2005 1919 2238 1989 undique

645 2019 1052 2076 circumfluebat
1089 2033 1279 2089 magna
1309 2015 1570 2072 doctrina:
1604 2015 1796 2085 gloria,
1824 2021 1878 2068 et
1909 2011 2093 2070 videre
2135 2011 2239 2076 hoc

645 2126 860 2183 quoque
890 2109 1078 2167 vitium
1107 2119 1234 2164 tunc
1262 2108 1492 2178 ejectum
1519 2119 1574 2162 et
1598 2106 1929 2161 eliminatum
1953 2105 1976 2158 ἲ

720 2203 876 2256 Pauli
901 2202 1036 2256 laus.
1055 2201 1330 2272 --Cogita
1361 2199 1488 2254 mihi
1517 2199 1659 2254 hunc
1687 2198 1860 2268 ipsum
1892 2198 1982 2268 qui
2013 2196 2126 2252 lucc
2155 2196 2236 2252 di-

641 2296 737 2362 cit,
774 2293 1042 2365 quomodo
1085 2309 1300 2364 semper
1340 2302 1507 2348 totum
1558 2292 1670 2347 Deo
1709 2291 1926 2354 tribuat,
1963 2291 2236 2362 quomodo

641 2401 862 2440 suorum
890 2384 1107 2456 quidem
1130 2394 1472 2456 peccatorum
1493 2383 1710 2439 assidue
1736 2382 2063 2450 meminerit,
2089 2392 2236 2443 recte

641 2487 820 2533 autem
866 2476 1130 2532 factorqu
1183 2491 1290 2533 non
1336 2476 1484 2530 item.
1516 2473 1623 2530 Sed
1669 2474 1714 2534 si
1746 2473 1960 2542 quando
1989 2483 2237 2544 oporteat

637 2571 912 2641 corrigere
940 2568 1233 2638 discipulos
1263 2577 1313 2622 et
1340 2575 1564 2634 cogatur
1603 2565 1706 2622 hoc
1735 2564 1932 2630 facere,
1969 2581 2087 2620 eam
2119 2581 2233 2626 rem

639 2674 795 2716 vocat
836 2659 1215 2731 insipientiam,
1251 2667 1307 2713 et
1333 2658 1492 2723 Petro
1531 2657 1733 2726 primas
1769 2657 1912 2711 cedit
1941 2674 1955 2709 :
1989 2672 2089 2712 nec
2113 2673 2238 2728 eru-

639 2753 815 2811 bescit
840 2753 1050 2822 operari
1079 2750 1222 2822 apud
1250 2749 1547 2807 Priscillam
1573 2757 1628 2804 et
1655 2748 1900 2818 Aquilam
1924 2749 2064 2820 (Act.
2099 2751 2190 2819 l8)
2217 2768 2230 2804 :

636 2856 695 2902 et
722 2845 918 2914 ubique
940 2855 1165 2899 conatus
1191 2851 1274 2898 est
1300 2857 1358 2896 se
1384 2841 1674 2904 ostendere
1710 2841 1966 2896 humilem
2003 2851 2058 2896 et
2082 2841 2233 2911 abje-

634 2945 805 3003 etum,
839 2951 946 2990 non
994 2935 1048 2989 in
1095 2935 1211 2989 foro
1249 2935 1482 3003 superbe
1530 2935 1787 2990 incedens
1833 2949 2006 3005 neque
2051 2936 2234 2991 turbas

639 3027 1049 3093 circumferens,
1077 3026 1170 3082 sed
1195 3042 1255 3081 se
1280 3026 1522 3083 referens
1544 3026 1594 3079 in
1623 3042 1906 3088 numerum
1933 3043 2118 3082 eorum
2143 3028 2231 3099 qui

638 3132 766 3176 sunt
790 3120 1005 3177 obscuri
1029 3128 1084 3175 et
1113 3135 1218 3174 non
1252 3119 1508 3188 insignes.
1541 3118 1610 3178 Et
1645 3117 1766 3172 ideo
1799 3118 2040 3186 dicebat,
2082 3119 2233 3175 Prte-

637 3214 801 3270 senlia
825 3224 992 3266 autem
1022 3212 1251 3281 corporis
1275 3221 1349 3264 est
1376 3210 1581 3279 inﬁrma
1604 3210 1680 3277 (2.
1707 3210 1827 3266 Cor.
1867 3211 1954 3266 10.
1988 3211 2100 3283 10),
2131 3211 2232 3281 huc

636 3315 740 3373 est,
779 3304 1144 3376 despicienda.
1182 3314 1239 3358 et
1271 3318 1390 3373 qua:
1434 3301 1637 3356 nullum
1672 3301 1866 3360 habeat
1902 3302 2136 3372 fastum;
2179 3312 2234 3360 et

635 3413 825 3455 rursus
854 3415 867 3451 :
904 3396 1040 3468 Opto
1065 3413 1151 3451 vos
1180 3395 1311 3450 nihil
1347 3395 1468 3447 mali
1495 3397 1679 3464 facere,
1710 3410 1773 3448 ne
1802 3411 1894 3449 nos
1933 3395 2130 3465 probati
2159 3401 2234 3452 vi-

634 3491 849 3545 deamur
875 3488 952 3561 (2.
987 3487 1106 3544 Cor.
1147 3487 1229 3542 l5.
1264 3487 1339 3556 7).
1373 3486 1437 3546 Et
1465 3485 1589 3556 quid
1621 3487 1840 3550 mirum,
1877 3485 1921 3541 si
1962 3487 2101 3542 hanc
2130 3488 2229 3550 de-

634 3584 797 3656 spicit
845 3581 1118 3655 gloriam?
1149 3579 1249 3648 Qui
1281 3580 1426 3635 enim
1453 3594 1740 3650 supernam
1783 3579 1924 3633 illam
1980 3579 2228 3650 despicit,

641 3686 702 3730 nt
729 3687 784 3732 et
809 3690 1032 3746 regnum
1079 3682 1135 3728 et
1177 3672 1500 3744 gehennam,
1533 3669 1826 3732 secundum
1871 3671 2072 3726 Christi
2119 3673 2230 3745 pla-

632 3769 798 3824 citum
835 3769 1012 3840 (optat
1058 3765 1202 3820 enim
1230 3779 1352 3823 esse
1399 3764 1684 3819 anathema
1730 3779 1760 3818 a
1806 3763 2022 3820 Christo
2046 3763 2227 3838 [Rana

633 3861 688 3917 9.
721 3861 756 3915 5
781 3859 802 3932 ]
830 3874 928 3930 pro
973 3857 1169 3914 Christi
1207 3856 1378 3927 gloria
1407 3872 1420 3908 :
1454 3870 1578 3912 nam
1624 3855 1834 3911 etiamsi
1884 3871 1980 3926 pro
2028 3855 2229 3913 Iudaeis

634 3953 741 4007 hoc
767 3966 827 4007 se
857 3949 999 4007 dicat
1025 3948 1162 4004 velle
1183 3947 1312 4019 pati,
1346 3947 1450 4002 hoc
1477 3946 1628 4012 dicit,
1657 3961 1726 4002 ne
1765 3947 1882 4017 quis
1907 3947 2103 4003 stultus
2133 3964 2229 4018 pu-

635 4053 715 4100 tet
741 4043 916 4112 ipsum
955 4041 1343 4113 promissiones
1379 4039 1484 4094 illis
1531 4038 1696 4096 factas
1731 4039 1832 4096 sibi
1863 4039 2100 4108 sumere)
2134 4057 2148 4094 :
2179 4041 2227 4096 si

633 4133 726 4189 ille
755 4149 886 4204 ergo
913 4141 1132 4203 paratus
1170 4139 1286 4188 erat
1319 4146 1382 4188 ea
1415 4132 1708 4201 praeterire,
1747 4130 1876 4202 quid
1917 4132 2150 4198 miraris,
2181 4131 2227 4186 si

637 4226 872 4281 humana
899 4224 1166 4296 despicit?
1194 4223 1300 4281 Sed
1343 4238 1438 4280 eos
1464 4223 1556 4296 qui
1587 4239 1730 4280 mute
1758 4232 1885 4290 sunt
1908 4223 2228 4294 demergunt

633 4319 838 4387 omnia,
868 4334 975 4374 non
1007 4319 1181 4375 solum
1221 4316 1408 4390 gloria:
1452 4317 1738 4388 cupiditas,
1768 4317 1864 4374 sed
1903 4317 2065 4372 etiam
2095 4331 2229 4380 con-

634 4413 878 4478 trarium,
910 4409 1235 4468 contumelia
1276 4417 1331 4465 et
1371 4419 1549 4466 metus
1593 4408 1846 4470 infamiae.
1897 4407 2030 4464 Nam
2079 4417 2134 4464 et
2181 4407 2226 4462 si

632 4505 897 4576 quispiam
928 4503 1246 4569 laudaverit,
1285 4500 1624 4565 intumescis,
1654 4509 1708 4555 et
1748 4499 1796 4555 si
1824 4499 2223 4570 vituperaverit,

633 4596 977 4666 deprimeris.
1024 4594 1093 4649 Et
1134 4594 1274 4650 sicut
1315 4606 1542 4662 corpora
1586 4590 1851 4646 imbecilla
1882 4590 2227 4646 offenduntur

634 4689 770 4743 vela
796 4683 1146 4756 quibuslibet,
1176 4685 1247 4739 ita
1273 4683 1434 4738 etiam
1462 4682 1666 4753 pusillae
1686 4691 1743 4738 et
1761 4681 1986 4752 abjecta:
2006 4683 2220 4748 animm.

633 4779 744 4834 Eos
773 4777 920 4837 enim
945 4776 1038 4848 qui
1067 4784 1193 4838 sunt
1221 4773 1547 4842 hujusmodi,
1577 4788 1682 4831 non
1712 4772 1884 4832 solum
1912 4784 2222 4845 paupertas,

636 4871 732 4926 sed
769 4870 933 4928 etiam
964 4868 1165 4924 divitia:
1194 4865 1466 4940 perdunt;
1505 4881 1612 4928 non
1648 4866 1860 4932 tristitia
1890 4867 2086 4934 solum,
2129 4869 2224 4924 sed

633 4962 796 5019 etiam
841 4961 1114 5032 gaudium,
1145 4970 1200 5015 et
1241 4974 1362 5029 qua:
1409 4967 1534 5014 sunt
1577 4958 1816 5029 jucunda
1863 4960 2034 5028 magis
2063 4975 2223 5030 quam

633 5070 755 5126 qua:
791 5054 983 5110 tristia.
1023 5053 1152 5109 Nam
1187 5061 1473 5123 paupertas
1499 5051 1716 5122 quidem
1751 5051 1896 5122 cogit
1933 5067 2055 5107 esse
2093 5061 2227 5111 tem-

634 5156 948 5220 perantem;
978 5147 1174 5203 divitia:
1201 5156 1389 5204 autem.
1402 5143 1550 5215 saepe
1579 5144 1814 5215 educunt
1837 5145 1996 5216 etiam
2026 5145 2090 5202 ad
2123 5145 2222 5200 ali-

638 5241 782 5314 quod
826 5256 1076 5312 magnum
1112 5241 1334 5296 malum.
1384 5241 1444 5294 Et
1492 5239 1632 5300 sicut
1669 5237 1761 5308 qui
1800 5236 2120 5306 febricitant,
2159 5238 2226 5292 ab

635 5333 884 5390 omnibus
912 5331 1252 5386 offenduntur
1280 5347 1294 5383 :
1321 5330 1389 5386 ita
1421 5329 1507 5400 qui
1535 5337 1662 5384 sunt
1685 5329 1866 5398 animo
1895 5337 2148 5400 corrupto
2171 5337 2224 5384 et

637 5423 934 5493 depravato
963 5464 978 5486 ,
1054 5422 1319 5478 lmdunlur
1341 5420 1406 5476 ab
1437 5420 1706 5476 omnibus.

677 5517 758 5570 -.6.
780 5513 1100 5572 Christianus
1118 5511 1368 5581 quomodo
1397 5511 1527 5581 ᾳπίεἱ
1555 5511 1729 5580 debeat
1755 5527 1876 5582 erga
1898 5510 2221 5580 temporalia.

635 5609 820 5665 Anima
863 5605 1113 5676 quomodo
1154 5604 1406 5666 curanda.
1437 5603 1663 5665 Divitum
1709 5604 1846 5658 mala
1891 5601 2224 5658 conditio.—

628 5699 762 5757 llaee
789 5712 922 5767 ergo
945 5713 1066 5752 cum
1091 5695 1358 5763 sciamus,
1392 5709 1458 5750 ne
1501 5694 1766 5766 fugiamus
1811 5703 2178 5766 paupertatem
2204 5733 2220 5761 ,

633 5805 806 5862 neque
830 5790 1157 5857 admiremur
1187 5787 1432 5853 divitias;
1461 5787 1556 5842 sed
1584 5786 1819 5841 animum
1852 5787 1922 5841 ita
1945 5800 2224 5856 compare-

637 5897 670 5936 n
685 5899 752 5939 us
790 5890 848 5937 ut
883 5882 951 5938 sit
987 5891 1141 5955 aptus
1177 5890 1231 5938 et
1267 5880 1492 5938 idoneus
1519 5877 1585 5935 ad
1613 5878 1809 5935 omnia.
1837 5877 1968 5934 Nam
1995 5878 2084 5950 qui
2114 5876 2215 5934 do-

1394 420 1450 476 8.
1490 416 1769 480 JOANNIS
1805 413 2275 482 CHRYSOSTOMI
2313 413 2636 472 ARCHIBP.
2673 415 3205 476 CONSTANTINOP.
3751 443 3816 502 3m

2355 545 2499 584 mum
2526 528 2774 608 aedificat,
2809 547 2914 586 non
2943 547 3010 587 eo
3037 541 3260 602 spectat,
3289 544 3342 592 ut
3378 537 3426 592 in
3459 554 3566 606 eam
3598 561 3684 601 non
3714 558 3819 614 cndu

2350 620 2547 690 pluvia,
2568 636 2741 691 neque
2769 632 2824 676 ut
2851 621 2916 676 ad
2943 639 3060 678 eam
3089 639 3192 678 non
3221 627 3388 682 veniat
3413 630 3575 688 radius
3589 652 3605 704 ;_
3623 637 3706 704 hoc
3723 648 3818 703 enim

2351 711 2466 765 fieri
2486 712 2698 780 nequit;
2717 711 2811 768 sed
2831 721 2887 767 ut
2901 713 2968 768 ad
2986 716 3164 770 omnia
3189 715 3391 774 ferenda
3409 733 3520 791 apta
3538 702 3655 791 silet
3669 702 3820 792 idonea,

2352 799 2418 854 Et
2442 801 2533 871 qui
2565 817 2754 857 navem
2785 803 3094 872 fabricatur,
3129 821 3232 872 non
3256 807 3305 863 id
3331 821 3473 865 curat
3499 823 3548 868 ut
3573 816 3618 870 in
3642 834 3734 875 eam
3756 840 3823 882 non

2351 891 2646 963 irrumpant
2668 893 2880 962 fluctus,
2906 911 3078 966 neque
3103 906 3162 951 ut
3185 912 3284 972 non
3312 902 3548 966 excitetur
3572 911 3709 964 maris
3735 924 3824 969 tem-

2351 995 2561 1055 pestas;
2604 987 2707 1042 hoc
2733 989 2874 1048 enim
2905 988 3017 1044 fieri
3049 991 3263 1060 nequit;
3295 993 3384 1048 sed
3411 1003 3463 1058 ut
3490 973 3621 1054 navis
3657 1003 3824 1060 fabulata

2349 1086 2466 1147 apta
2497 1079 2605 1133 sint.
2631 1075 2696 1134 ad
2726 1081 2926 1144 omnia.
2957 1081 3164 1138 Rursus
3192 1084 3277 1153 qui
3302 1100 3470 1148 curam
3493 1092 3614 1158 gerit
3634 1099 3822 1163 corporis,

2349 1185 2455 1232 non
2483 1186 2548 1225 eo
2574 1179 2780 1242 spectat
2806 1182 2862 1230 ut
2890 1188 2994 1229 non
3025 1176 3095 1228 sit
3121 1177 3256 1234 aeris
3297 1178 3599 1250 inmqualitas
3624 1195 3669 1238 et
3693 1187 3822 1242 intem-

2347 1261 2542 1332 peries,
2563 1261 2658 1317 sed
2680 1270 2738 1317 ut
2756 1277 2950 1334 corpus
2972 1265 3149 1320 omnia
3173 1265 3288 1322 ιιωο
3308 1267 3452 1324 facile
3475 1269 3611 1326 ferat.
3631 1273 3703 1330 Sic
3718 1280 3825 1333 etiam

2346 1355 2604 1414 faciamus
2632 1357 2684 1414 in
2715 1361 2913 1432 anima,
2933 1371 2991 1416 et
3017 1362 3251 1435 studium
3281 1379 3544 1434 ponamus,
3571 1385 3661 1425 non
3684 1383 3727 1426 ut
3746 1387 3828 1441 pau-

2345 1460 2606 1520 pertatem
2652 1451 2929 1522 fugiamus,
2964 1470 3136 1525 neque
3175 1467 3231 1531 ut
3270 1458 3429 1513 simus
3468 1461 3658 1530 divites,
3697 1466 3767 1519 sed
3793 1477 3829 1520 ut

2345 1544 2765 1615 unumquodque
2793 1561 2859 1600 ex
2893 1547 2956 1602 iis
2986 1548 3053 1601 ita
3083 1557 3371 1610 tractemus.
3390 1593 3405 1618 ,
3437 1562 3492 1607 ut
3519 1553 3565 1606 iu
3594 1562 3688 1620 tuto
3715 1558 3830 1612 Collo-

2344 1649 2550 1695 cemur.
2595 1635 2882 1708 Propterea
2909 1637 2991 1709 his
3019 1638 3277 1712 dimissis,
3305 1652 3356 1697 et
3381 1643 3567 1717 divitiis
3594 1654 3641 1699 et
3666 1661 3829 1716 pauper-

2346 1728 2437 1782 tati
2485 1738 2662 1798 aptam
2715 1729 3013 1785 efficiamus
3063 1732 3314 1802 animam.
3370 1720 3493 1789 Nam
3535 1721 3709 1790 etiamsi
3745 1738 3832 1791 nihil

2344 1822 2558 1876 humani
2593 1822 2834 1890 aceidat,
2867 1824 3006 1894 quod
3034 1825 3250 1896 quidem
3283 1837 3337 1881 ut
3369 1827 3628 1896 plurimum
3653 1829 3740 1894 fieri
3764 1845 3831 1883 non

2344 1923 2556 1984 potest,
2595 1915 2671 1970 sic
2714 1930 2925 1985 quoque
2965 1917 3067 1970 erit
3109 1917 3299 1972 melior
3328 1919 3412 1988 qui
3445 1936 3543 1974 non
3566 1921 3834 1988 qumritdivi-

2345 2007 2444 2062 tias
2462 2048 2477 2074 ,
2499 2006 2594 2061 sed
2625 2006 2803 2060 omnia
2835 2005 2988 2062 facile
3016 2017 3192 2078 potest
3218 2009 3356 2066 ferre
3375 2051 3388 2075 ,
3418 2027 3563 2080 quam
3593 2011 3633 2066 is
3654 2011 3724 2081 qui
3742 2027 3836 2064 scm-

2343 2113 2438 2168 per
2466 2107 2548 2154 est
2578 2096 2748 2153 dives.
2794 2098 3015 2166 Quare?
3063 2099 3301 2156 Primum
3332 2103 3557 2172 quidem,
3585 2106 3661 2174 qui
3685 2113 3749 2160 est
3770 2103 3836 2157 hu-

2335 2191 2568 2262 jusmodi
2591 2235 2604 2254 ,
2629 2207 2691 2246 ex
2723 2206 2782 2256 se
2807 2200 2863 2247 et
2888 2193 3028 2263 apud
3059 2209 3117 2249 se
3144 2195 3306 2251 habet
3329 2197 3463 2267 quod
3490 2183 3557 2252 sit
3582 2198 3626 2251 in
3655 2206 3758 2261 tuto,
3779 2197 3836 2252 ille

2340 2291 2517 2340 autem
2558 2284 2914 2340 extrinsecus.
2959 2286 3027 2339 Et
3064 2287 3205 2342 sicut
3230 2288 3385 2351 miles
3411 2289 3496 2345 ille
3521 2290 3685 2352 melior
3704 2292 3837 2358 estqui

2339 2376 2562 2432 conlidit
2592 2377 2806 2446 corpori
2833 2387 2890 2440 et
2918 2378 3020 2434 arti
3050 2378 3273 2446 bellicae,
3299 2397 3453 2452 quam
3478 2386 3560 2452 qui
3584 2381 3727 2436 solum
3743 2383 3837 2434 vires

2341 2467 2499 2523 habet
2527 2468 2579 2522 in
2603 2468 2805 2526 armis:
2837 2468 2908 2533 ita
2934 2470 3024 2539 qui
3069 2485 3099 2524 a
3141 2471 3338 2528 virtute
3379 2482 3550 2543 septas
3593 2480 3662 2526 est
3695 2481 3736 2525 et
3764 2487 3840 2524 mn-

2341 2561 2502 2626 nitus,
2537 2559 2729 2615 melior
2755 2570 2839 2615 est
2867 2575 2934 2615 eo
2973 2562 3061 2631 qui
3102 2564 3330 2620 confidit
3354 2565 3595 2634 pecuniis.
3624 2561 3836 2629 Secundo,

2339 2653 2480 2725 quod
2521 2652 2728 2714 etiamsi
2771 2653 2823 2707 in
2867 2664 3241 2724 paupertatem
3269 2671 3370 2712 non
3401 2655 3643 2717 inciderit,
3665 2654 3752 2709 fieri
3770 2669 3838 2706 non

2339 2753 2515 2815 potest
2543 2755 2600 2800 ut
2627 2745 2743 2815 ipse
2769 2760 2874 2800 non
2903 2746 2972 2808 sit
2996 2745 3261 2818 obnoxius
3287 2748 3648 2818 perturbationi
3671 2765 3682 2801 :
3705 2747 3838 2800 mullos

2339 2841 2480 2893 enim
2528 2837 2721 2891 ﬂuctus
2762 2844 2815 2891 et
2855 2838 3288 2908 perturbationes
3338 2839 3527 2895 habent
3565 2838 3746 2894 divitia‘.
3769 2833 3840 2889 Sed

2339 2944 2444 2984 non
2473 2930 2642 2996 virtus
2673 2947 2686 2983 :
2718 2928 2831 2984 hzec
2860 2930 3188 3000 voluptatem
3222 2931 3383 2987 modo
3411 2932 3563 2987 habet
3585 2941 3631 2987 et
3654 2928 3840 2985 securim.

2339 3028 2446 3076 tem
2477 3037 2490 3073 :
2523 3019 2985 3090 inexpugnabilem
3010 3022 3150 3076 enim
3179 3023 3356 3078 reddit
3379 3022 3840 3088 insidiantibus:con-

2339 3121 2416 3165 tra
2443 3120 2619 3165 autem
2643 3111 2861 3176 divitiae,
2890 3123 2943 3166 et
2967 3111 3122 3167 facile
3140 3113 3318 3168 invadi
3341 3123 3553 3185 possunt
3570 3110 3779 3184 etabripi.
3801 3107 3840 3160 Et

2336 3204 2475 3259 sicut
2500 3205 2638 3259 inter
2665 3205 2914 3259 animalia
2940 3206 3085 3261 cervi
3111 3215 3164 3262 et
3195 3209 3407 3278 lepores
3434 3206 3646 3276 maxime
3667 3201 3839 3260 omnium

2337 3296 2493 3352 facile
2521 3295 2638 3370 capi
2673 3305 2905 3366 possunt
2924 3308 3145 3368 propter
3167 3300 3505 3356 timiditatem
3529 3313 3556 3353 a
3582 3308 3734 3368 natura
3757 3293 3842 3347 insi-

2339 3397 2444 3442 tam
2470 3405 2484 3455 ;
2532 3403 2662 3457 aper
2690 3399 2867 3444 autem
2898 3399 2953 3443 et
2985 3397 3167 3446 taurus
3195 3403 3253 3457 et
3283 3394 3368 3448 leo
3399 3408 3498 3447 non
3528 3389 3664 3445 facile
3702 3383 3843 3442 incide-

2335 3481 2441 3536 rint
2471 3482 2522 3536 in
2554 3481 2898 3544 insidiatores
2923 3500 2935 3536 :
2963 3482 3030 3538 ita
3059 3483 3227 3538 etiam
3256 3485 3440 3540 videre
3467 3495 3545 3540 est
3573 3486 3615 3538 in
3639 3478 3840 3537 divitibus,

2336 3582 2390 3626 ct
2413 3572 2464 3626 in
2491 3571 2554 3632 iis
2579 3573 2665 3643 qui
2690 3587 2784 3627 sua
2807 3582 2997 3644 sponte
3019 3574 3222 3645 degunt
3248 3577 3302 3631 in
3329 3583 3642 3658 paupertate.
3665 3570 3768 3626 Nam
3787 3565 3842 3619 hic

2335 3661 2550 3732 quidem
2580 3663 2771 3719 similis
2798 3673 2881 3721 est
2910 3664 3052 3718 leoni
3084 3674 3139 3721 et
3166 3674 3345 3737 tauro,
3372 3658 3461 3738 ille
3485 3676 3648 3721 autem
3670 3666 3841 3718 correct

2335 3756 2526 3826 lepori.
2556 3755 2726 3823 Quem
2754 3756 2896 3812 enim
2927 3773 3031 3828 non
3063 3759 3217 3822 timet
3245 3760 3438 3816 dives?
3465 3774 3629 3814 annon
3653 3757 3841 3813 latrones.

2334 3863 2510 3905 annon
2549 3848 2817 3924 principes
2841 3891 2858 3918 ,
2903 3863 3082 3904 annon
3113 3851 3364 3919 invidos,
3417 3867 3587 3907 annon
3626 3842 3842 3919 calumnia-

2336 3939 2518 3994 tores?
2577 3939 2643 3994 Et
2710 3939 2836 4010 quid
2892 3939 3014 3995 dico
3066 3942 3308 4010 latrones
3363 3953 3420 4001 et
3481 3941 3842 3999 calumniatores,

2333 4046 2455 4087 cum
2521 4030 2667 4100 ipsos
2722 4031 2883 4088 etiam
2941 4033 3167 4090 famulos
3221 4035 3419 4092 habeat
3477 4030 3755 4108 suspectus!
3801 4023 3845 4078 Et

2332 4122 2457 4194 quid
2484 4123 2606 4178 dico
2633 4124 2826 4198 vivus?
2853 4139 2918 4180 ne
2945 4138 3188 4195 mortuus
3228 4127 3447 4199 quidem
3491 4112 3618 4182 liber
3638 4130 3707 4178 est
3726 4135 3748 4173 a
3767 4129 3844 4171 ma-

2333 4214 2508 4269 lelicio
2535 4215 2820 4280 latronum,
2849 4232 3022 4290 neque
3051 4232 3200 4292 mors
3227 4235 3352 4290 eum
3382 4228 3554 4291 potest
3582 4218 3628 4272 in
3653 4222 3743 4268 tuto
3759 4205 3841 4261 eol-

2333 4306 2550 4374 loeare;
2582 4306 2676 4362 sed
2707 4316 2761 4362 et
2793 4318 3061 4374 mortuum
3085 4311 3469 4384 depraedantur
3499 4296 3842 4364 maletlcizadeo

2332 4396 2597 4452 instabilis
2618 4407 2671 4453 et
2693 4397 2896 4476 lubrica
2928 4414 3014 4454 res
3045 4410 3169 4455 sunt
3194 4401 3420 4458 divitize.
3437 4401 3551 4459 Non
3577 4398 3723 4454 solum
3743 4387 3842 4446 enim

2334 4488 2704 4560 perfodiuntur
2731 4491 2942 4557 domus,
2965 4492 3058 4548 sed
3090 4494 3251 4550 etiam
3281 4496 3528 4568 sepulcra
3561 4498 3839 4564 perrumpun-

2333 4589 2420 4636 tur
2460 4591 2516 4652 et
2557 4582 2736 4657 loculi.
2771 4582 2908 4650 Quid
2940 4599 3069 4658 ergo
3098 4585 3181 4642 his
3209 4585 3327 4643 fieri
3361 4587 3590 4658 potuerit
3630 4577 3838 4638 miserius.

2331 4690 2451 4728 cum
2480 4689 2548 4743 ne
2578 4689 2724 4730 mors
2749 4673 2964 4745 quidem
3007 4676 3057 4731 ei
3103 4676 3244 4733 hanc
3269 4680 3509 4750 przebeat
3536 4672 3835 4732 securitatem;

2332 4767 2428 4825 sed
2465 4766 2650 4826 infelix
2701 4767 2831 4822 illud
2859 4783 3059 4839 corpus
3083 4811 3098 4836 ,
3133 4785 3202 4825 nc
3230 4772 3340 4826 vita
3367 4770 3582 4843 quidem
3622 4765 3835 4843 privatum,

2329 4875 2361 4915 a
2407 4859 2560 4918 malis
2586 4874 2706 4929 quae
2747 4867 2875 4928 sunt
2915 4860 3099 4931 invita
3144 4861 3214 4916 sit
3251 4842 3574 4926 liberatum;
3613 4871 3713 4912 rum
3731 4850 3758 4903 ii
3778 4842 3842 4914 ‘1‘li

2332 4968 2396 5020 ea
2439 4951 2729 5022 admittunt
2773 4951 3068 5021 maleficia,
3113 4957 3275 5010 etiam
3329 4972 3454 5012 cum
3501 4955 3701 5026 pulvere
3731 4952 3772 5000 et
3798 4939 3848 4991 εἰ·

2332 5061 2463 5101 nere
2507 5046 2838 5102 contendant
2888 5047 3089 5103 bellum
3135 5065 3356 5119 gerere,
3393 5059 3449 5106 et
3493 5047 3653 5104 multo
3690 5033 3847 5113 gravius

2332 5153 2490 5208 quam
2513 5153 2634 5192 cum
2661 5138 2905 5194 viveret?
2929 5137 3063 5194 Nam
3093 5149 3218 5197 tunc
3241 5139 3460 5214 quidem
3502 5135 3773 5212 penuarium
3791 5125 3848 5179 in-

2331 5233 2656 5304 gredientes,
2685 5233 2894 5288 arculas
2924 5233 3138 5302 quidem
3168 5235 3482 5301 movebant,
3514 5249 3542 5288 a
3573 5238 3766 5300 corpore
3786 5232 3850 5271 all-

2332 5333 2436 5378 tem
2487 5323 2870 5400 abstinebant,
2902 5339 3075 5394 neque
3122 5334 3227 5380 tam
3273 5325 3446 5381 multa
3493 5319 3782 5392 accipiebant
3814 5315 3852 5359 Hi

2330 5415 2506 5484 ipsum
2537 5417 2697 5474 etiam
2725 5431 2921 5485 corpus
2951 5419 3215 5474 nudarent
3247 5437 3259 5473 :
3295 5435 3443 5488 nunc
3469 5427 3636 5472 autem
3661 5426 3716 5466 ne
3739 5407 3791 5459 ah
3811 5401 3853 5452 iii

2330 5505 2547 5580 quidem
2595 5508 2867 5574 abstinent
2912 5511 3256 5566 exsecranda:
3283 5526 3478 5566 manus
3505 5521 3676 5565 eorum
3703 5497 3778 5571 qui
3797 5507 3855 5547 50‘

2331 5599 2512 5669 pulcra
2560 5599 2821 5654 effodiunt
2846 5641 2860 5666 ,
2893 5600 2988 5656 sed
3022 5603 3194 5673 ipsum
3241 5612 3463 5658 movent
3491 5610 3542 5655 et
3585 5598 3796 5650 versant.
3820 5591 3857 5635 ci

2331 5710 2453 5748 cum
2480 5709 2686 5750 summa
2717 5694 3035 5751 crudelitate
3080 5697 3249 5766 ipsum
3294 5694 3612 5768 contumelia
3637 5699 3684 5745 et
3706 5680 3859 5768 prnbrff

2330 5785 2591 5844 afficiunt.
2620 5785 2750 5840 Nam
2786 5800 3065 5860 postquam
3100 5764 3255 5844 terra:
3281 5764 3593 5843 mandatum
3612 5780 3733 5842 fuit,
3761 5764 3859 5826 illud

2335 5877 2493 5934 etiam
2523 5877 2748 5935 vestium
2789 5879 2987 5937 amictu
3023 5881 3274 5939 nudatum
3303 5881 3379 5938 sic
3411 5881 3580 5938 sinunt
3609 5870 3856 5947 proiecwm
