3998 6416
202 426 311 490 5θὸ

1277 423 1345 482 ΙΝ
1375 421 1601 484 εριεοιτ.
1635 422 1654 480 Ι
1684 423 1778 480 ΑΙ)
1816 421 1977 483 COR.
2022 421 2264 484 ΗΟΜΙΙ..
2299 423 2522 494 XXXV.

3371 439 3478 503 τιθᾶ

201 543 346 600 κατὰ
377 540 586 614 κράτος
622 540 839 608 ἐλάσας,
872 540 973 597 οὐκ
996 540 1347 614 ἐμπομπεύει
1372 546 1444 616 τῇ
1480 544 1629 618 νίκῃ,
1661 544 1784 601 οὐδέ
1891 539 2006 594 ἀλλ’
2035 539 2186 604 ὅπως
2212 540 2263 595 οἱ
2294 544 2464 612 τοῖχοι
2489 543 2590 614 τῆς
2629 542 2764 609 νεὼς
2792 545 2929 616 πρὸς
2962 547 3178 603 ἅπαντα
3211 543 3322 605 εῐεν
3358 553 3480 609 ἐπι..

195 628 464 698 τρόπαιον
491 625 699 697 ἵστησιο
730 626 901 681 σῶσαι
921 627 1031 698 γὰρ
1056 626 1310 682 ἐϐούλετο
1335 629 1519 699 μόνον,
1541 631 1642 684 οὐκ
1663 630 1784 683 ἐπι-

1889 621 2110 694 τήδειοι.
2144 623 2256 678 Καὶ
2289 623 2318 676 6
2365 623 2618 694 σώματος
2658 630 2960 699 φροντίζων
3000 632 3164 686 πάλιν
3211 635 3271 686 06
3314 636 3477 691 τοῦτο

192 709 498 775 δείξασθαι.
534 709 731 774 Ξένους
770 710 986 782 ἐδέχετο
1025 711 1188 766 πάλιν
1209 752 1230 776 ,
1257 711 1352 766 καὶ
1393 711 1516 766 0666
1547 711 1782 767 ἐνταῦθα
1851 758 1866 778 κ
1890 707 2104 773 σκοπεῖ,
2122 707 2270 770 ὅπως
2301 707 2376 779 μὴ
2402 709 2689 780 ἀνωμαλία
2714 713 2896 784 ἀέρων
2918 719 3152 783 γένοιτο,
3185 717 3298 770 ἀλλ’
3323 719 3466 784 ὅπως

189 793 522 859 ἐκενοδόξει,
542 793 658 848 ἀλλ’
679 793 840 858 αὐτὸς
857 795 954 849 καί
968 794 1302 866 προσέτρεχε
1319 797 1415 851 καὶ
1431 795 1776 867 προσεκύνει,

186 877 292 948 οὐχ
324 877 404 940 ὡς
425 871 485 931 εὖ
536 877 725 941 ποιῶν,
759 877 875 930 ἀλλ’
911 877 987 942 ὡς
1015 873 1076 933 εῦ
1109 880 1336 949 πάσχων
1356 917 1372 943 ,
1404 878 1500 933 καὶ
1553 878 1779 950 κυρίους

184 960 376 1025 καλεῖ,
408 959 531 1014 οὐδὲ
561 959 718 1025 εἰδὼς
743 960 887 1024 τίνες
914 963 1045 1015 ποτέ
1075 963 1214 1016 εἰσιν
1239 964 1289 1016 οἰ
1315 962 1774 1033 παραγενόμενοι,

183 1043 286 1096 καὶ
340 1043 644 1116 παρίστησι
674 1043 778 1114 τὴν
821 1047 1054 1112 γυναῖκα
1087 1047 1144 1098 ἐν
1181 1045 1336 1110 τάξει
1376 1045 1772 1117 θεραπαινίδος.

181 1129 304 1186 Καὶ
358 1129 418 1180 ἐν
465 1127 728 1199 Αἰγύπτῳ
779 1128 836 1182 66
886 1129 993 1199 πρὸ
1041 1129 1233 1183 τούτου
1283 1130 1593 1202 θαυμαστὸς
1633 1129 1778 1184 οὕτω

181 1209 423 1279 φανεὶς,
463 1211 558 1264 καὶ
586 1211 759 1282 αὐτὴν
805 1211 1014 1282 ταύτην
1045 1212 1144 1283 τὴν
1183 1215 1418 1282 γυναῖκα
1457 1213 1771 1279 ἀπολαϐὼν,

180 1295 281 1348 καὶ
327 1293 603 1366 τοσαύτης
639 1294 950 1360 ἀπολαύσας
1003 1299 1204 1367 τιμῆς,
1243 1297 1382 1368 πρὸς
1414 1297 1607 1351 οὐδένα
1653 1298 1773 1350 ἐπι-

177 1378 486 1433 δείκνυταιο
539 1378 654 1432 ἀλλ’
693 1378 745 1432 οἰ
779 1377 878 1448 μιν
917 1378 1173 1449 ἐγχώριοι
1208 1379 1306 1433 καὶ
1343 1378 1568 1450 βασιλέα
1607 1379 1771 1436 αὑτὸν

179 1461 454 1526 ἐκάλουν,
487 1461 650 1525 αὐτὸς
693 1461 876 1516 δὲκαὶ
918 1462 1086 1534 τιμὴν
1121 1462 1392 1516 κατέϐαλε
1433 1462 1526 1516 τοῦ
1571 1463 1768 1532 τάφου.

181 1545 298 1599 Καὶ
331 1544 499 1615 ἡνίκα
525 1545 584 1600 δὲ
615 1545 833 1616 ἔπεμπε
867 1546 1343 1619 μνηστευσόμενος
1370 1545 1452 1617 τῷ
1481 1547 1655 1613 παιδὶ,
1681 1549 1772 1602 οὑ-

178 1625 267 1680 δέν
295 1628 558 1682 ἐκέλευσε
593 1628 742 1699 μέγα
773 1629 908 1699 περὶ
932 1628 1100 1684 αὑτοῦ
1141 1631 1235 1684 καὶ
1271 1629 1528 1702 λαμπρὸν
1571 1631 1766 1697 εἰπεῖν,

181 1711 299 1766 ἀλλ’
330 1713 520 1777 ἁπλῶς
548 1714 780 1784 ἀγαγεῖν
801 1713 900 1786 τὴν
920 1713 1162 1786 νύμφην.
1191 1713 1380 1768 Βούλει
1411 1714 1506 1769 καὶ
1529 1717 1654 1779 τοὺς
1675 1715 1769 1769 ἐπὶ

181 1796 278 1866 τῆς
311 1795 538 1868 χάριτος
568 1797 841 1863 ἐξετάσαι,
877 1799 969 1852 ὅτε
997 1798 1171 1870 πολλὴ
1204 1797 1543 1868 πανταχόθεν
1568 1798 1768 1862 αὐτοὺς

184 1877 336 1952 i329]
370 1880 653 1951 περιέρρει
699 1881 800 1951 τῆς
835 1880 1187 1946 διδασκαλίας
1229 1883 1268 1955 ἠ
1307 1880 1461 1951 δόξα,
1496 1881 1593 1936 καὶ
1637 1883 1765 1937 ἰδεῖν

182 1963 270 2019 καὶ
297 1964 425 2020 τότε
453 1963 609 2026 τοῦτο
639 1965 702 2023 16
731 1964 904 2030 πάθος
933 1964 1376 2036 ἐκϐεϐλημένον;

255 2120 548 2194 Ἑννόησόν
598 2139 688 2194 μοι
733 2119 920 2177 τοῦτον
967 2121 1128 2178 αὑτὸν
1167 2121 1258 2180 τὸν
1307 2121 1481 2179 ταῦτα
1515 2124 1760 2194 λέγοντα,

180 2204 291 2269 πῶς
331 2205 421 2259 ἀει
459 2207 521 2260 τδ
563 2207 672 2261 πᾶν
720 2206 1011 2280 ἀνατίθησι
1051 2205 1128 2279 τῷ
1170 2205 1311 2280 Θεῷ,
1359 2209 1478 2272 πῶς
1515 2209 1626 2264 τῶν
1661 2210 1762 2282 μὲν

179 2290 589 2361 ἁμαρτημάτων
617 2290 784 2345 αὑτοῦ
819 2291 1094 2363 μέμνηται
1119 2291 1381 2363 συνεχῶς,
1410 2292 1521 2348 τῶν
1549 2293 1606 2347 δὲ
1630 2312 1762 2349 κατ-

177 2374 511 2445 ορθωμάτων
547 2375 750 2429 οὐκέτι.
793 2375 940 2447 Πλὴν
977 2375 1033 2429 εί
1072 2393 1200 2429 ποτε
1233 2376 1481 2448 μαθητάς
1525 2379 1760 2451 ἐπανορ-

177 2457 343 2512 θῶσαι
377 2458 510 2525 δέοι,
543 2458 646 2514 κάν
683 2459 1003 2531 ἀναγκασθῇ
1049 2461 1272 2532 ποιῆσαι
1302 2461 1480 2525 τοῦτο,
1516 2463 1758 2533 ἀφροσύ-

175 2542 349 2612 νηντὸ
371 2543 606 2613 πρᾶγμα
640 2542 814 2610 καλεῖ,
847 2542 943 2598 καὶ
985 2544 1091 2596 τῶν
1128 2545 1415 2615 πρωτείων
1453 2545 1532 2618 τῷ
1565 2549 1759 2622 Πέτρῳ

175 2628 514 2696 παραχωρεῖ,
555 2625 650 2680 καὶ
685 2625 786 2679 οὐκ
829 2627 1146 2697 αίσχύνεται
1195 2627 1565 2700 ἐργαζόμενος
1605 2634 1756 2704 παρὰ

167 2709 471 2783 Πρισκίλλη
497 2710 591 2764 καὶ
627 2709 848 2782 Ἀκύλᾳ,
880 2712 975 2763 καὶ
1019 2712 1296 2782 πανταχοῦ
1327 2714 1585 2767 ταπεινὸν
1630 2717 1759 2772 606-

163 2795 252 2848 τὸν
271 2792 580 2848 ἐσπούδακε
606 2793 922 2857 δεικνύναι,
961 2794 1022 2849 οὐ
1059 2795 1232 2850 σοϐῶν
1261 2798 1353 2851 ἐπὶ
1392 2797 1490 2868 τῆς
1523 2799 1750 2872 ἀγορᾶς,

163 2877 282 2932 οὐδὲ
305 2877 502 2949 ὄχλους
528 2877 863 2950 περιφέρων,
892 2877 1010 2932 ἀλλ’
1056 2879 1116 2933 ἐν
1153 2883 1266 2943 τοῖς
1315 2881 1554 2954 ἀσήμοις
1583 2903 1754 2941 κατα.

162 2962 374 3017 τάττων
398 2963 611 3018 ἑαυτόν.
642 2961 734 3016 Διὸ
757 2963 850 3020 καὶ
881 2961 1086 3032 ἔλεγεν,
1125 2963 1187 3019 Ἡ
1217 2963 1286 3017 δὲ
1313 2969 1620 3035 παρουσία
1645 2970 1753 3026 τοῦ

162 3045 442 3116 σώματος
475 3045 766 3114 ἀσθενὴς,
801 3045 1104 3116 τουτέστιν,
1141 3047 1622 3122 εὐκαταφρόνητος
1657 3055 1754 3112 καὶ

161 3129 314 3184 οὐδὲν
337 3128 534 3200 ἔχουσα
564 3129 772 3200 κομψόν
795 3145 810 3160 ο
843 3130 935 3183 καὶ
967 3130 1152 3197 πάλιν,
1181 3131 1452 3203 Εὔχομαι
1480 3133 1638 3203 ὑμᾶς
1661 3137 1750 3208 μὴ

162 3211 415 3282 ποιῆσαι
450 3213 639 3268 κακὸν
663 3213 881 3283 μηδὲν,
921 3213 1022 3268 ἵνα
1041 3213 1127 3285 μὴ
1160 3215 1330 3284 ἡμεῖς
1362 3215 1595 3288 δόκιμοι
1633 3239 1751 3290 φα-

160 3296 376 3368 πῶμεν.
409 3298 519 3351 Καὶ
543 3297 596 3351 τί
629 3297 960 3370 θαυμαστὸν,
993 3299 1043 3353 εἰ
1065 3297 1225 3370 δόξης
1258 3307 1592 3375 καταφρονεῖ
1619 3306 1750 3360 ταύ-

161 3400 295 3454 τηςς
354 3383 414 3437 '0
445 3383 554 3454 γὰρ
578 3383 681 3454 τῆς
717 3384 830 3439 ἀνω
864 3382 1025 3454 δόξης
1065 3387 1424 3457 καταφρονῶν
1465 3390 1560 3442 καὶ
1596 3390 1752 3460 βασι-

162 3466 304 3532 λείας
327 3467 424 3521 καὶ
452 3467 676 3535 γεέννης
705 3465 795 3548 διὰ
824 3465 884 3520 16
913 3467 990 3538 τῷ
1016 3467 1240 3540 Χριστῷ
1269 3469 1461 3524 δοκοῦν
1492 3472 1609 3544 (καὶ
1638 3475 1748 3548 γάρ

164 3551 409 3622 ἀνάθεμα
430 3550 649 3624 εὔχεται
677 3546 821 3606 εἰναι
841 3549 949 3604 ἀπὸ
973 3549 1068 3604 τοῦ
1099 3552 1338 3625 Χριστοῦ
1362 3555 1501 3628 ὑπὲρ
1528 3557 1627 3628 τῆς
1649 3546 1747 3614 τοῦ

164 3634 398 3706 Χριστοῦ
423 3635 585 3706 δόξης
610 3651 626 3666 ·
657 3634 760 3690 κᾶν
794 3633 904 3706 γάρ
931 3634 1074 3707 ὑπὲρ
1115 3635 1390 3692 Ἰουδαίων
1423 3639 1584 3696 τοῦτο
1614 3642 1746 3716 λέγῃ

166 3717 448 3788 βούλεσθαι
484 3718 734 3788 πάσχειν,
761 3717 851 3772 διὰ
878 3716 1037 3772 τοῦτο
1069 3718 1240 3788 λέγει,
1283 3721 1370 3776 ἵνα
1400 3722 1476 3794 μὴ
1503 3724 1630 3799 δόξῃ
1660 3745 1748 3798 τις

164 3801 268 3856 τῶν
294 3803 559 3874 ἀνοήτων
601 3799 1070 3873 ἐπιλαμϐάνεσθαι
1105 3803 1214 3858 τῶν
1250 3805 1595 3873 ἐπαγγελιῶν
1637 3809 1746 3863 τῶν

166 3886 295 3958 πρδς
327 3886 528 3950 αὐτοὺς
554 3884 960 3957 γεγενημένων)
986 3901 1002 3917 ο
1042 3887 1092 3939 εἰ
1127 3886 1310 3942 τοίνυν
1347 3889 1533 3944 ἐκεῖνα
1562 3907 1746 3964 παρα-

164 3969 384 4042 δραμεῖν
429 3969 670 4040 ἐτοιμος,
719 3969 773 4022 τί
822 3967 1148 4039 θαυμάζεις,
1204 3971 1253 4024 εἰ
1302 3972 1372 4026 τά
1437 3973 1744 4046 ἀνθρώπων

166 4056 401 4126 ὑπερορᾷ
425 4072 444 4123 ;
480 4053 644 4108 Ἀλλά
662 4054 788 4118 τοὺς
819 4052 914 4107 νῦν
942 4053 1159 4108 ἅπαντα
1191 4055 1464 4125 βαπτίζει,
1493 4059 1554 4112 οὑ
1584 4059 1745 4132 δόξης

164 4137 423 4209 ἐπιθυμία
448 4137 629 4209 μόνον,
658 4137 796 4192 ἀλλά
823 4139 919 4192 καὶ
954 4137 1266 4193 τούναντίον
1297 4139 1458 4212 ὑϐρις
1508 4145 1605 4199 καὶ
1635 4146 1745 4200 ἀτι.

166 4222 285 4293 μίας
313 4222 453 4286 δέος.
481 4223 582 4277 Ἂν
601 4239 660 4276 τε
685 4221 796 4294 γάρ
827 4221 1090 4296 ἐπαινέσῃ
1111 4239 1216 4288 τις,
1246 4224 1549 4296 ἐφυσήθης,
1578 4228 1645 4283 άν
1682 4247 1742 4284 τε

161 4306 312 4380 ψέξῃ,
339 4305 682 4379 κατηνέχθης
718 4306 806 4360 ἀν.
854 4305 964 4360 Καὶ
999 4305 1255 4378 καθάπερ
1292 4306 1361 4361 τά
1401 4308 1608 4381 ἀσθενῆ
1634 4311 1742 4365 σώ-

163 4409 304 4460 ματα
330 4393 427 4446 καὶ
467 4391 575 4445 ἀπὸ
610 4390 721 4444 τῶν
747 4389 1022 4461 τυχόντων
1047 4390 1438 4462 ἐπηρεάζεται,
1471 4393 1615 4448 οὑτω
1647 4398 1742 4452 καὶ

160 4477 212 4528 αἰ
237 4473 568 4547 χαμαίζηλοι
591 4473 784 4546 ψυχαί.
828 4474 968 4537 Τοὺς
1012 4474 1121 4546 γάρ
1165 4475 1440 4541 τοιούτους
1479 4478 1540 4531 οὑ
1581 4481 1743 4536 πενία

163 4559 337 4628 μόνον,
369 4557 506 4613 ἀλλὰ
527 4558 620 4612 καὶ
656 4556 887 4622 πλοῦτος
918 4557 1236 4623 ἀπόλλυσιν,
1268 4559 1330 4613 οὑ
1360 4559 1506 4633 λύπη
1553 4563 1736 4633 μόνον,

161 4644 288 4698 011.0
318 4643 414 4696 καὶ
441 4643 605 4716 χαρά,
638 4643 733 4696 καὶ
777 4642 846 4696 10
883 4641 1098 4714 χρηστά
1133 4643 1334 4714 μᾶλλον
1388 4644 1422 4715 ἢ
1457 4645 1525 4699 τά
1564 4647 1740 4720 λυπη-

163 4728 245 4789 ρά.
291 4728 354 4780 Ἢ
395 4727 496 4798 μὲν
532 4726 642 4798 γάρ
681 4725 840 4780 πενία
883 4727 978 4780 καὶ
1013 4730 1315 4797 σωφρονεῖν
1350 4728 1675 4798 ἀναγκάζει,
1709 4733 1739 4786 6

157 4809 214 4864 δὲ
241 4811 465 4876 πλοῦτος
495 4811 590 4865 καὶ
627 4812 707 4874 εἰς
753 4810 923 4864 κακόν
952 4828 1006 4864 τι
1047 4811 1192 4882 μέγα
1221 4811 1404 4881 ἐξάγει
1451 4815 1736 4882 πολλάκις.

167 4894 263 4946 Καὶ
289 4894 476 4967 ῶσπερ
516 4896 564 4948 οἰ
599 4895 959 4965 πυρέττοντες
993 4894 1129 4966 πρὸς
1158 4895 1341 4950 πάντα
1371 4898 1479 4952 εἰσί
1501 4899 1737 4972 δυσάρεο

170 4992 292 5044 στοι,
313 4977 456 5031 οὓτω
480 4979 576 5032 καί⁵
611 4980 663 5031 οἰ
701 4977 1090 5051 διεφθαρμένοι
1127 4980 1228 5050 τὴν
1257 4980 1436 5053 ψυχὴν
1468 4983 1738 5040 πάντοθεν

173 5058 499 5132 πλὴττονται.
1609 5101 1640 5155 ι.

236 5228 300 5285 ς’.
337 5221 502 5275 Ταῦτ’
540 5217 636 5276 οῦν
673 5222 905 5287 εἰδότες,
947 5221 1022 5296 μὴ
1068 5223 1261 5279 πενίαν
1300 5225 1626 5297 φεύγωμεν,
1660 5229 1736 5301 μὴ

178 5301 376 5359 πλοῦτον
393 5305 788 5378 θαυμάζωμεν,
806 5307 940 5360 ἀλλά
956 5307 1054 5379 τὴν
1071 5309 1250 5380 ψυχὴν
1268 5311 1403 5382 πρὸς
1414 5312 1595 5366 πάντα
1613 5312 1703 5365 ίκα
1713 5339 1735 5351 ο

177 5386 255 5456 νην
287 5389 809 5460 κατασκευάζωμεν.
838 5391 949 5445 Καὶ
969 5392 1078 5461 γάρ
1111 5394 1290 5447 οἰκίαν
1309 5411 1393 5457 τις
1420 5395 1734 5466 οἰκοδομού-

177 5486 333 5537 μενος,
358 5473 422 5525 οὑ
453 5472 612 5527 τοῦτο
653 5477 870 5538 σκοπεῖ,
896 5476 1047 5538 ὅπως
1081 5478 1220 5547 μήτε
1247 5477 1402 5542 ὑετὸς
1439 5479 1526 5530 ἐπ’
1559 5479 1732 5550 αὑτὴν

173 5557 522 5630 κατενεχθείη,
549 5559 689 5630 μήτε
711 5560 868 5624 ἀκτὶς
892 5560 1038 5614 ἔλθοι
1055 5575 1068 5589 ⁸
1095 5561 1251 5614 τοῦτο
1275 5562 1384 5634 γάρ
1413 5563 1693 5634 ἀμήχανον
1714 5581 1727 5595 ·

165 5640 264 5695 ἀλλ’
295 5643 445 5704 ὅπως
481 5642 620 5714 αὑτὴ
669 5644 828 5714 ἱκανὴ
861 5644 1071 5714 γένοιτο
1113 5647 1287 5700 πάντα
1321 5646 1526 5718 φέρειν.
1563 5648 1673 5700 Καὶ
1702 5649 1730 5702 6

163 5725 330 5779 πλοῖον
359 5725 417 5779 δέ
442 5727 880 5795 τεκταινόμενος,
916 5729 1014 5798 οὐχ
1048 5729 1194 5791 ὅπως
1227 5731 1301 5799 μὴ
1335 5730 1556 5801 κύματα
1579 5731 1730 5802 αὑτῷ

171 5809 502 5882 τροσρήξειε,
533 5810 669 5881 μηδὲ
702 5809 908 5881 χειμὼν
941 5811 1136 5882 άρθείη
1165 5811 1464 5884 θαλάσσης,
1501 5817 1648 5866 ποιεῖ
1674 5832 1727 5868 τι

167 5896 238 5949 καὶ
312 5895 623 5966 μηχανᾶται
645 5909 658 5922 ·
706 5895 808 5950 καὶ
856 5895 965 5968 γάρ
1031 5899 1125 5950 7.01
1174 5897 1332 5952 10610
1403 5899 1685 5971 ἀμήχανον
1711 5916 1724 5930 σ

1886 788 1948 843 16
1975 788 2139 859 σῶμα
2173 789 2412 855 εὐκόλως
2445 791 2661 848 ἅπαντα
2690 796 2864 850 ταῦτα
2897 797 3072 870 φέροι.
3105 799 3262 856 Οὑτω
3291 803 3466 857 τοίνυν

1887 872 1984 926 καὶ
2005 873 2097 926 ἐπὶ
2131 873 2230 940 τῆς
2268 873 2450 944 ψυχῆς
2486 876 2753 948 ποιῶμεν,
2783 879 2878 932 καὶ
2914 880 2992 952 μὴ
3031 883 3179 946 ὅπως
3207 883 3466 954 φύγωμεν

1885 955 2096 1020 πενίαν,
2129 955 2261 1026 μηδέ
2290 957 2440 1021 ὅπως
2467 960 2758 1030 γενώμεθα
2779 962 3022 1018 πλούσιοι
3051 967 3466 1038 σπουδάζωμεν,

1882 1038 1998 1092 ἀλλ’
2019 1040 2168 1104 ὅπως
2186 1041 2322 1112 πρὸς
2336 1043 2435 1111 τὴν
2455 1043 2665 1096 ἑαυτῶν
2682 1044 2984 1114 ἀσφάλειαν
3001 1047 3234 1103 ἕκαστον
3260 1050 3465 1107 τούτων

1883 1123 2377 1194 μεταχειρίσωμεν.
2404 1122 2554 1197 [550]
2566 1125 2836 1182 Διὸταῦτα
2855 1130 3103 1199 ἀφέντες,
3129 1134 3469 1188 κατασκευά-

1880 1203 2062 1274 ζωμεν
2094 1206 2195 1276 τὴν
2224 1206 2400 1278 ψυχὴν
2431 1208 2524 1261 καὶ
2557 1208 2774 1282 πλούτῳ
2804 1213 2900 1265 καὶ
2944 1214 3106 1286 πενίᾳ
3131 1216 3464 1287 ἐπιτηδείαν.

1879 1287 2001 1340 Κᾶν
2027 1287 2138 1358 γάρ
2183 1290 2351 1362 μηδὲν
2389 1290 2732 1363 ἀνθρώπινον
2777 1295 3072 1366 συμϐαίνῃ,
3117 1297 3254 1368 ὅπερ
3282 1297 3358 1362 ὡς
3398 1298 3469 1353 τά

1878 1371 2051 1425 πολλά
2081 1372 2364 1440 ἀδύνατον,
2397 1375 2492 1429 καὶ
2519 1374 2663 1430 οὑτω
2695 1375 2921 1447 βελτίων
2945 1380 2973 1432 6
3001 1379 3078 1450 μὴ
3108 1379 3337 1436 πλοῦτον
3369 1380 3468 1450 ζη-

1875 1453 2007 1522 τῶν,
2035 1455 2151 1510 ἀλλ’
2175 1457 2332 1520 εἰδὼς
2360 1459 2538 1513 πάντα
2561 1460 2750 1528 φέρειν
2773 1461 3030 1527 εὐκόλως,
3055 1463 3151 1516 τοῦ
3172 1463 3466 1529 διαπαντὸς

1879 1537 2262 1604 πλουτοῦντος.
2297 1539 2362 1595 Τί
2395 1541 2632 1612 δήποτε;
2668 1545 2892 1614 Πρῶτον
2927 1545 3027 1614 μὲν
3059 1547 3088 1599 6
3111 1547 3349 1611 τοιοῦτος
3382 1547 3464 1601 01'-

1875 1620 2034 1676 κοθεν
2059 1623 2174 1694 έχει
2201 1624 2262 1678 τὸ
2294 1625 2556 1695 ἀσφαλὲς,
2585 1628 2788 1691 ἐκεῖνος
2813 1628 2869 1682 δὲ
2890 1629 3108 1695 ἔξωθεν.
3133 1631 3243 1684 Καὶ
3272 1630 3467 1703 ῶσπερ

1876 1705 2218 1778 στρατιώτης
2261 1707 2486 1778 βελτίων
2531 1712 2561 1764 6
2609 1710 2688 1782 τῷ
2736 1711 2952 1782 σώματι
2992 1712 3213 1785 θαρρῶν
3255 1713 3350 1766 καὶ
3391 1718 3465 1786 τῇ

1872 1787 2037 1861 τέχνῃ
2066 1787 2161 1844 τοῦ
2199 1790 2456 1862 πολεμεῖν
2484 1831 2500 1859 ,
2552 1791 2646 1846 τοῦ
2689 1792 2787 1864 τὴν
2833 1796 2987 1865 ἰσχὺν
3025 1795 3083 1849 ἐν
3126 1797 3238 1860 τοῖς
3272 1796 3462 1860 ὅπλοις

1872 1869 2090 1942 ἔχοντος
2117 1873 2278 1942 μόνον
2300 1891 2313 1904 ·
2345 1874 2490 1930 οὑτω
2520 1875 2613 1930 τοῦ
2648 1878 2898 1948 χρήμασι
2929 1878 3262 1950 θαρροῦντος
3292 1881 3320 1934 6
3350 1880 3460 1934 ἀπὸ

1869 1955 1970 2027 τῆς
2007 1957 2212 2030 ἀρετῆς
2252 1960 2644 2031 πεφραγμένος
2699 1963 2960 2032 ἀμείνων.
3009 1963 3304 2035 Δεύτερον,
3352 1966 3458 2030 ὅτι,

1869 2039 1975 2096 κᾶν
2000 2042 2081 2106 εἰς
2118 2044 2310 2098 πενίαν
2341 2045 2418 2117 μὴ
2448 2046 2759 2119 καταπέσῃ,
2793 2047 2852 2101 06
2879 2047 3102 2102 6uv016v
3131 2048 3296 2104 αὑτὸν
3323 2049 3458 2105 ἀτά-

1870 2141 2035 2196 ραχον
2064 2125 2238 2182 εἶναι’
2270 2127 2495 2200 καὶγὰρ
2521 2129 2753 2193 πολλοὺς
2777 2129 2890 2200 ἔχει
2917 2130 3195 2195 κλύδωνας
3229 2133 3257 2185 6
3290 2131 3456 2186 πλοῦ-

1867 2221 1959 2272 τος
1997 2207 2095 2262 καὶ
2140 2211 2410 2282 ταραχάς.
2459 2211 2599 2274 Ἀλλ’
2647 2211 2747 2284 οὑχ
2785 2215 2820 2284 ἡ
2867 2214 3058 2286 ἀρετὴ,
3110 2213 3224 2267 ἀλλ’
3263 2213 3457 2285 ἡδονὴν

1870 2291 2034 2360 μόνον
2063 2294 2156 2346 καὶ
2177 2294 2480 2363 ἀσφάλειαν
2503 2309 2519 2324 ⁶
2544 2296 2642 2350 καὶ
2683 2295 2794 2368 γάρ
2829 2297 3127 2370 ἀχείρωτον
3153 2299 3298 2350 ποιεῖ
3342 2301 3457 2364 τοῖς

1867 2373 2341 2432 ἐπιϐουλεύουσινο
2379 2378 2408 2431 6
2445 2377 2503 2431 66
2543 2377 2774 2443 πλοῦτος
2805 2379 3116 2434 τούναντίον
3148 2380 3314 2447 ἅπαν,
3360 2380 3455 2433 66-

1866 2459 2212 2531 επιχείρητον
2261 2459 2359 2515 καὶ
2407 2461 2708 2532 ἁλώσιμον.
2765 2463 2877 2518 Καὶ
2928 2465 3182 2534 καθάπερ
3233 2465 3293 2518 ἐν
3340 2466 3456 2527 τοῖς

1865 2538 2025 2609 ζώοις
2053 2541 2240 2612 ἔλαφοι
2275 2544 2368 2596 καὶ
2392 2542 2596 2613 λαγωοὶ
2617 2545 2853 2616 μάλιστα
2874 2545 3093 2600 πάντων
3117 2547 3252 2599 εἰσὶν
3276 2545 3453 2618 εὐχεί-

1868 2641 2028 2696 ρωτοι
2055 2625 2141 2678 610
2166 2625 2265 2697 τὴν
2299 2627 2357 2679 ἐν
2382 2630 2448 2698 τῇ
2479 2629 2638 2697 φύσει
2671 2628 2898 2698 δειλίαν,
2931 2621 2994 2693 ῦς
3028 2630 3086 2682 δὲ
3124 2629 3316 2700 ἀγριος
3356 2631 3454 2684 καὶ

1861 2706 2066 2778 ταῦρος
2105 2709 2197 2761 καὶ
2220 2709 2358 2761 λέων
2388 2709 2497 2765 οὐδ’
2529 2709 2598 2763 ἂν
2632 2710 2928 2781 ἐμπέσοιεν
2965 2712 3164 2784 ῥᾳδίως
3195 2715 3311 2776 τοῖς
3331 2714 3453 2765 ἐπι-

1863 2788 2212 2845 ϐουλεύουσιν
2245 2809 2258 2823 '
2290 2792 2434 2846 οὑτω
2464 2794 2530 2864 δὴ
2557 2795 2652 2848 καὶ
2679 2795 2773 2848 ἐπὶ
2805 2795 2914 2849 τῶν
2940 2795 3338 2864 πλουτούντων,
3358 2795 3457 2850 καὶ

1861 2873 1920 2926 ἐν
1951 2874 2112 2946 πενία
2146 2873 2363 2940 ζώντων
2391 2877 2624 2931 ἑκόντων
2653 2877 2800 2932 ἐστιν
2837 2879 2986 2933 ἰδεῖν.
3034 2879 3094 2932 '0
3125 2879 3223 2950 μὲν
3245 2879 3353 2950 γάρ
3375 2878 3452 2949 τῷ

1859 2962 2038 3018 λέοντι
2067 2965 2162 3018 καὶ
2182 2964 2260 3036 τῷ
2285 2964 2475 3037 ταύρῳ
2513 2965 2712 3031 έοικεν,
2755 2967 2784 3020 6
2807 2966 2863 3020 66
2899 2969 2964 3038 τῇ
3017 2965 3199 3037 ἐλάφῳ
3237 2967 3333 3020 καί¹
3373 2963 3457 3036 τῷ

1858 3045 2078 3119 λαγωῷ.
2111 3049 2246 3103 Τίνα
2277 3050 2388 3119 γάρ
2420 3051 2482 3102 06
2512 3049 2752 3104 δέδοικεν
2793 3053 2822 3104 6
2859 3050 3148 3116 πλουτῶν;
3195 3050 3318 3120 οὐχὶ
3355 3050 3454 3122 λῃ-

1861 3132 1992 3198 στάς
2016 3149 2031 3200 ;
2061 3133 2184 3204 οὐχὶ
2203 3133 2508 3200 δυνάστας;
2537 3135 2596 3188 οὑ
2624 3134 2926 3205 βασκάνους
2951 3152 2965 3202 ;
2988 3135 3048 3188 06
3073 3135 3450 3204 συκοφάνταςς

1858 3216 1972 3272 Καὶ
2003 3217 2053 3270 τί
2085 3217 2228 3284 λέγω
2278 3217 2482 3290 λῃστὰς
2515 3219 2610 3271 καὶ
2657 3219 3021 3287 συκοφάντας,
3065 3219 3199 3272 ὃπου
3248 3233 3313 3285 γε
3356 3217 3452 3271 καὶ

1855 3301 1984 3366 τοὺς
2005 3302 2220 3363 οἰκέτας
2253 3303 2451 3365 αὐτοὺς
2484 3303 2783 3356 ὑποπτεύει
2810 3319 2823 3368 ;
2875 3303 2986 3357 Καὶ
3031 3304 3084 3356 τί
3123 3301 3266 3372 λέγω
3299 3301 3450 3367 ζῶν;

1855 3385 1978 3440 0666
2011 3385 2345 3458 τελευτήσας
2393 3386 2494 3456 τῆς
2535 3387 2644 3444 τῶν
2699 3387 3071 3461 λῃστευόντων
3110 3386 3452 3457 κακουργίας

1855 3471 2229 3544 ἀπήλλακται,
2263 3471 2386 3525 0666
2421 3471 2595 3542 ἰσχύει
2623 3475 2652 3526 6
2683 3473 2912 3537 θάνατος
2943 3473 3002 3525 ἐν
3033 3472 3304 3542 ἀσφαλείᾳ
3349 3471 3450 3526 0.6-

1853 3555 1948 3608 τὸν
1997 3554 2361 3625 καταστῆσαι,
2404 3555 2543 3610 ἀλλά
2580 3557 2674 3611 καὶ
2711 3555 2902 3628 νεκρὸν
2958 3554 3088 3609 ὄντα
3134 3552 3366 3607 συλῶσιν
3397 3551 3454 3606 οἱ

1855 3639 2294 3711 κακουργοῦντες
2318 3655 2332 3670 ·
2365 3639 2512 3696 οὕτω
2539 3642 2775 3715 πρᾶγμα
2796 3639 3100 3708 ἐπισφαλὲς
3125 3640 3154 3694 6
3195 3637 3444 3702 πλοῦτος.

1854 3721 1931 3777 Οὐ
1957 3724 2067 3796 γάρ
2089 3723 2154 3796 δὴ
2183 3724 2352 3781 οἰκίαι
2385 3723 2755 3797 διορὺττονται
2786 3723 2969 3794 μόνον,
3005 3722 3142 3776 ἀλλά
3168 3721 3262 3777 καὶ
3285 3721 3450 3792 τάφοι

1853 3805 2294 3878 ἀναῤῥήγνυνται
2322 3807 2416 3869 καὶ
2445 3807 2628 3878 θῆκαι.
2661 3806 2728 3859 Τί
2764 3801 2858 3860 οὖν
2885 3805 3216 3876 ἀθλιώτερον
3254 3804 3453 3858 τούτου

1853 3889 2052 3958 γένοιτ’
2105 3892 2193 3955 ἂν,
2247 3891 2378 3945 ὅταν
2427 3891 2564 3961 μηδὲ
2607 3890 2834 3952 θάνατος
2887 3889 3036 3960 αὑτῷ
3076 3887 3292 3959 παρέχῃ
3346 3887 3451 3958 τὴν

1852 3973 2038 4027 ἄδειαν
2073 3972 2298 4044 ταύτην,
2339 3973 2479 4027 ἀλλά
2515 3973 2575 4026 16
2613 3973 2850 4026 δείλαιον
2892 3973 3071 4026 ἐκεῖνο
3115 3971 3277 4041 σῶμα
3322 3971 3450 4024 οὐδὲ

1853 4055 1998 4126 ζωῆς
2028 4055 2404 4128 ἀποστερηθέν
2455 4055 2802 4126 ἀπήλλακται
2851 4055 2959 4108 τῶν
2989 4056 3048 4109 ἐν
3082 4057 3149 4125 τῇ
3197 4053 3309 4125 ζωῇ
3344 4071 3448 4107 κα·-

1852 4138 1988 4202 κῶν,
2025 4139 2137 4192 τῶν
2172 4140 2242 4193 τά
2269 4138 2494 4193 τοιαῦτα
2522 4137 2974 4210 κακουργούντων
3004 4139 3098 4192 καὶ
3129 4137 3266 4208 πρὸς
3297 4137 3449 4191 κόνιν

1852 4223 1947 4276 καὶ
1982 4223 2189 4292 τέφραν
2230 4222 2604 4294 ἐπειγομένων
2645 4223 2923 4292 πολεμεῖν,
2951 4220 3048 4274 καὶ
3081 4219 3259 4290 πολλῷ
3287 4220 3451 4290 χαλε-

1851 4305 2177 4378 πώτερον,ἢ
2211 4305 2375 4377 ἡνίκα
2415 4305 2552 4376 ἔζης
2597 4305 2733 4359 Τότε
2772 4305 2870 4376 μὲν
2910 4305 3018 4376 γάρ
3065 4306 3146 4368 εἰς
3197 4306 3446 4375 ταμιεῖον

1849 4390 2132 4456 εἰσιόντες,
2167 4389 2238 4442 10
2275 4387 2509 4442 κιϐώτια
2546 4389 2644 4460 μὲν
2685 4387 2922 4452 ἐκίνουν,
2964 4387 3059 4441 τοῦ
3093 4387 3344 4458 σώματος
3385 4386 3445 4439 66

1849 4473 2160 4545 ἀπείχοντο,
2188 4473 2284 4527 καὶ
2308 4473 2409 4526 οὐκ
2442 4472 2509 4525 ἂν
2543 4471 2784 4526 τοσαῦτα
2817 4471 3031 4537 ἔλαϐον,
3068 4471 3145 4534 ὡς
3181 4469 3274 4524 καὶ
3309 4468 3442 4522 0616

1848 4556 2136 4629 γυμνῶσαι
2161 4556 2224 4609 16
2252 4556 2413 4626 σῶμα
2436 4572 2451 4587 ·
2486 4555 2604 4609 νυνί
2642 4555 2699 4607 66
2733 4554 2856 4607 0666
2899 4554 3108 4608 τούτων
3141 4553 3441 4624 ἀπέχονται

1848 4643 1906 4696 αἰ
1954 4643 2154 4714 μιαραὶ
2193 4641 2302 4694 τῶν
2347 4640 2730 4713 τυμϐωρύχων
2765 4642 2972 4712 χεῖρες,
3013 4639 3152 4692 ἀλλά
3196 4637 3440 4691 κινοῦσιν

1848 4725 1982 4780 0616
2010 4728 2105 4779 καὶ
2136 4725 2562 4798 περιστρέφουσι
2586 4765 2601 4790 ,
2631 4724 2727 4778 καὶ
2758 4725 2898 4794 μετὰ
2929 4723 3128 4793 πολλῆς
3155 4721 3443 4792 ὠμότητος

1845 4809 2210 4880 ἐνυϐρίζουσι.
2243 4809 2399 4863 Μετὰ
2439 4808 2548 4880 γὰρ
2593 4807 2656 4860 16
2695 4807 3065 4879 παραδοθῆναι
3102 4807 3166 4876 τῇ
3211 4806 3305 4875 γῇ,
3336 4819 3444 4871 γυ-

1851 4893 1983 4966 μνὸν
2016 4894 2111 4947 καὶ
2161 4893 2265 4963 τῆς
2311 4892 2521 4947 ἐκεῖθεν
2555 4891 2849 4963 περιϐολῆς
2891 4891 2992 4944 καὶ
3024 4889 3126 4960 τῆς
3169 4888 3279 4941 ἀπὸ
3328 4887 3442 4940 τῶν

1849 4975 2086 5048 ἱματίων
2137 4978 2485 5044 ποιήσαντες,
2530 4973 2704 5038 οὕτως
2747 4975 2972 5043 ἀφιᾶσιν
3011 4970 3288 5042 ἐρρῖφθαι.
3341 4969 3441 5030 Τίς

1844 5057 1940 5116 οὖν
1973 5061 2117 5114 οὓτω
2166 5060 2449 5130 πολέμιος,
2479 5059 2554 5122 ὡς
2584 5059 2612 5112 6
2649 5057 2900 5120 πλοῦτος,
2941 5053 3161 5121 ζώντων
3197 5052 3298 5123 μὲν
3342 5052 3440 5104 καὶ

1843 5145 1945 5216 τὴν
1970 5143 2151 5214 ψυχὴν
2185 5143 2449 5206 ἀπολλὺς,
2494 5141 2935 5212 τελευτησάντων
2962 5138 3020 5192 δὲ
3053 5136 3148 5190 καὶ
3175 5135 3238 5189 τὸ
3276 5134 3440 5204 σῶμα

1843 5228 2169 5298 ἐνυϐρίζων,
2199 5227 2292 5280 καὶ
2321 5226 2440 5280 οὑδέ
2471 5228 2538 5298 τῇ
2565 5227 2635 5298 γῇ
2669 5223 3011 5296 κρύπτεσθαι
3036 5218 3377 5292 συγχωρῶν;
3412 5220 3445 5271 ὃ

1844 5313 2026 5367 κοινὸν
2061 5313 2156 5364 καὶ
2180 5311 2289 5364 τῶν
2309 5310 2618 5364 καταδίκων
2647 5309 2782 5369 ἐστὶ,
2815 5307 2908 5360 καὶ
2941 5305 3049 5360 τῶν
3083 5305 3175 5358 ἐπὶ
3205 5304 3318 5366 τοῖς
3349 5305 3438 5356 αἱ·

1845 5397 2088 5466 σχίστοις
2134 5393 2287 5468 [551]
2328 5391 2668 5446 ἑαλωκότων.
2716 5390 2988 5453 Ἐκείνους
3033 5389 3132 5460 μὲν
3185 5387 3294 5459 γάρ
3340 5384 3443 5438 τοῦ.

1842 5480 2083 5534 θανάτου
2111 5479 2214 5550 τὴν
2241 5477 2397 5548 δίκην
2428 5475 2836 5545 ἀπαιτήσαντες
2865 5474 2914 5526 οἱ
2941 5471 3247 5542 νομοθέται,
3279 5469 3446 5523 οὐδὲν·

1843 5564 2161 5636 περαιτέρω
2202 5561 2656 5634 περιεργάζονται
2703 5573 2718 5588 ’
2767 5556 2990 5619 τούτους
3027 5555 3086 5608 δὲ
3133 5558 3162 5608 6
3201 5553 3438 5616 πλοῦτος,

1842 5649 1942 5704 καὶ
1965 5649 2108 5720 μετά
2132 5647 2360 5701 θάνατον
2385 5643 2718 5716 πικροτάτην
2745 5643 2966 5696 ἀπαιτεί
2984 5640 3162 5709 δίκην,
3187 5639 3443 5708 γυμνοὺς

1843 5731 2128 5806 προτιθεὶς
2162 5732 2257 5785 καὶ
2303 5731 2563 5798 ἀτάφους,
2607 5727 2786 5797 θέαμα
2831 5723 3001 5778 δεινὸν
3043 5723 3140 5776 καὶ
3168 5720 3422 5806 ἐλεεινόνἐ

1841 5802 1953 5870 καὶ
1980 5816 2094 5886 γὰρ
2125 5814 2236 5867 τῶν
2262 5813 2369 5867 ἀπὸ
2395 5814 2576 5884 ψήφου
2605 5810 2762 5864 τοῦτο
2793 5807 3105 5876 πασχόντων
3127 5806 3220 5858 καὶ
3251 5802 3440 5873 θυμοῦ.

1842 5896 2164 5954 δικαστικοῦ
2217 5895 2572 5968 χαλεπώτερα
2609 5887 2755 5946 οὗτοι
2803 5891 3122 5961 πάσχουσιν.
3195 5888 3437 5942 Ἐκείνοιι
