3998 6466
168 338 306 394 305

174 454 414 521 jacere.
430 447 568 516 Quis
586 455 670 502 est
688 460 815 517 ergo
834 444 1029 502 divitiis
1043 440 1216 513 major
1228 441 1415 507 hostis,
1437 456 1555 511 qua:
1570 438 1811 496 vivorum

174 542 434 611 quidem
454 540 689 611 perdunt
704 538 953 603 animam,
975 543 1301 590 mortuorum
1320 542 1497 587 autem
1515 532 1673 587 etiam
1697 547 1814 585 eor-

178 648 303 703 pus
334 633 546 701 probro
564 639 619 685 et
638 627 958 685 contumelia
980 625 1238 691 alliciunt,
1263 633 1317 679 et
1338 638 1403 679 ne
1436 633 1575 679 terra
1598 622 1812 694 quidem

160 726 308 796 κιρ-εἰ
342 723 709 796 permittunt?
729 720 871 793 quod
897 720 1110 791 quidem
1133 728 1216 773 est
1247 733 1532 773 commune
1552 725 1606 771 et
1640 716 1703 770 iis
1724 715 1812 784 qui

166 828 336 875 sunt.
373 817 745 878 condemnati,
782 824 835 871 et
869 824 1075 870 rerum
1104 813 1526 883 turpissimarum
1562 810 1810 866 convicti.

174 911 345 966 Nam
362 926 495 966 cum
514 910 582 965 de
600 909 929 979 illisquidem
948 907 1331 977 pcenaseapitis
1351 905 1644 975 exegerint,
1660 904 1814 974 legis-

178 1002 420 1056 latores
444 1000 577 1055 nihil
607 1000 831 1055 ulterius
856 998 1131 1067 inquirunt
1156 1016 1168 1051 :
1205 997 1272 1051 ab
1301 997 1380 1051 bis
1406 1006 1582 1050 autem
1617 994 1813 1050 divitize

182 1104 333 1165 post
363 1103 597 1149 mortem
621 1106 807 1162 poenas
823 1091 1166 1162 gravissimas
1187 1088 1424 1157 exigunt,
1446 1088 1617 1143 nudos
1653 1102 1816 1157 expo-

186 1199 409 1243 nentes
433 1196 490 1242 et
518 1185 831 1255 insepultos,
858 1182 1215 1254 Spectaculum
1233 1196 1393 1252 grave
1407 1190 1459 1235 et
1492 1180 1812 1235 miserabile.

186 1279 260 1333 lii
286 1279 448 1333 enim
472 1276 719 1347 graviora
741 1274 935 1341 ferunt,
962 1290 1120 1345 quam
1144 1275 1199 1336 ii,
1224 1275 1311 1344 qui
1331 1274 1379 1328 id
1400 1271 1814 1344 patiunturaju—

188 1371 346 1425 dicis
362 1369 574 1424 calculo
603 1379 657 1423 et
678 1369 774 1422 ira.
798 1366 932 1422 Nam
953 1367 1026 1421 illi
1052 1366 1266 1436 quidem
1291 1380 1411 1419 cum
1444 1379 1549 1419 uno
1575 1373 1627 1419 et
1647 1364 1815 1418 altero

193 1464 294 1518 die
318 1461 628 1517 manserint
644 1460 909 1530 insepulti,
934 1468 1089 1513 terrm
1106 1457 1455 1513 mandantur:
1479 1457 1529 1511 bi
1552 1471 1679 1511 vero
1694 1472 1813 1511 eum

200 1566 381 1612 terra:
424 1555 663 1610 mandati
696 1554 915 1618 fuerint,
961 1565 1085 1608 tunc
1115 1553 1403 1618 nudantur,
1431 1551 1733 1621 probroque
1762 1560 1817 1606 et

198 1648 549 1704 contumelia
570 1646 892 1702 afficiuntur.
914 1644 1068 1713 Quod
1091 1644 1136 1700 si
1159 1660 1262 1698 non
1284 1645 1444 1699 etiam
1467 1653 1621 1714 rapto
1642 1643 1816 1698 loculo

204 1741 483 1798 recedunt
508 1741 742 1795 latrones
760 1780 774 1803 ,
799 1738 867 1793 de
897 1752 960 1793 eo
988 1752 1092 1793 non
1123 1737 1323 1791 divitiis
1342 1778 1357 1799 ,
1385 1735 1479 1791 sed
1520 1734 1815 1806 paupertati

208 1846 347 1890 sunt.
378 1834 645 1889 habenda:
671 1834 857 1905 gratia:
886 1850 901 1888 :
935 1832 1047 1903 ipsa
1099 1832 1243 1887 enim
1274 1830 1424 1885 illum
1472 1828 1649 1899 eripit.
1683 1827 1813 1881 Nam

206 1928 252 1982 si
305 1943 441 1983 eum
493 1926 949 1982 commisissemus
987 1923 1207 1990 divitiis,
1263 1930 1317 1978 et
1369 1936 1474 1975 non
1520 1935 1587 1975 ex
1641 1920 1816 1991 lapide

210 2018 719 2073 eonstruxissemus
748 2030 892 2083 eum,
921 2012 1016 2070 sed
1038 2028 1103 2069 ex
1129 2026 1281 2079 auro,
1305 2027 1427 2066 eum
1455 2026 1667 2082 quoque
1696 2025 1818 2081 per-

202 2108 570 2163 didissemus.
621 2107 770 2162 Adeo
800 2106 964 2160 infida
1017 2119 1105 2159 res
1134 2111 1258 2157 sunt
1306 2102 1527 2169 divitiae,
1580 2110 1813 2157 nectam

198 2211 344 2255 sunt
372 2215 564 2255 eorum
590 2200 680 2269 qui
723 2199 941 2263 habent,
964 2211 1122 2268 quam
1153 2211 1336 2250 eorum
1365 2195 1454 2265 qui
1503 2209 1690 2264 rapere
1717 2209 1812 2263 ag-

200 2293 564 2363 grediuntur.
593 2291 952 2359 Quamobrem
973 2304 1363 2361 supervacanea
1393 2295 1477 2343 est
1506 2287 1594 2341 illa
1621 2288 1812 2351 oratio,

210 2401 339 2456 qua:
368 2393 603 2440 conatur
628 2382 911 2438 ostendere
938 2382 1154 2437 divitias
1190 2396 1311 2437 esse
1348 2389 1649 2449 extinguam
1678 2378 1819 2433 diffi-

208 2478 374 2543 ciles,
400 2491 526 2531 cum
572 2490 672 2530 nec
700 2476 751 2529 in
779 2474 866 2529 die
905 2474 1117 2543 quidem
1147 2471 1333 2527 mortis
1362 2471 1457 2525 tuti
1481 2471 1588 2525 sint
1610 2469 1699 2540 qui
1724 2485 1816 2524 cas

212 2568 524 2639 possident.
555 2566 714 2637 Atqui
743 2566 864 2636 quis
891 2581 997 2619 non
1022 2563 1397 2619 reconciliatur
1424 2576 1545 2617 eum
1580 2570 1811 2625 mortuo,

208 2660 436 2714 etiamsi
455 2660 524 2713 sit
544 2659 670 2724 fera,
692 2657 900 2713 etiamsi
918 2656 1151 2720 dtemon,
1169 2654 1380 2709 etiarnsi
1400 2652 1623 2724 quilibet
1641 2652 1817 2706 alius?

202 2750 416 2807 sufﬁcit
450 2750 593 2806 enim
617 2748 993 2821 spectaculum
1020 2746 1086 2801 ad
1115 2744 1436 2801 flectendum
1470 2745 1554 2799 vel
1583 2743 1813 2799 ferreum

216 2843 301 2898 vel
348 2842 558 2897 doloris
604 2849 899 2911 expertem.
956 2839 1243 2908 Propterea
1295 2852 1415 2890 cum
1458 2836 1577 2905 quis
1624 2836 1813 2892 viderit

216 2944 520 2998 mortuum,
549 2934 756 2989 etiamsi
784 2931 974 2987 viderit
998 2931 1268 2987 inimicum
1295 2939 1349 2984 et
1379 2928 1608 2995 hostem,
1642 2930 1816 3001 lacry-

206 3037 400 3083 matur
425 3040 551 3081 cum
574 3025 947 3080 amicissimis:
979 3033 1034 3078 et
1078 3023 1153 3078 ira
1183 3021 1397 3093 quidem
1455 3021 1818 3092 exstinguitur

218 3134 341 3173 cum
368 3119 500 3183 vita,
534 3117 651 3187 eius
676 3125 852 3170 autem
874 3114 1054 3169 locum
1083 3112 1227 3169 subit
1252 3112 1641 3169 misericordia.
1676 3113 1741 3168 Et
1762 3114 1815 3168 in

208 3210 494 3281 exsequiis
511 3217 579 3264 et
594 3207 803 3263 funeris
828 3208 1058 3263 elatione
1080 3222 1185 3261 non
1206 3205 1525 3261 discreveris
1542 3204 1815 3261 inimicum

223 3302 291 3356 ab
315 3317 381 3356 eo
409 3302 502 3371 qui
529 3299 830 3370 hujusmodi
864 3314 971 3354 non
1003 3307 1119 3354 est:
1146 3298 1216 3352 ita
1251 3312 1442 3353 omnes
1475 3312 1814 3353 communem

226 3402 547 3449 reverentur
573 3400 839 3457 naturam,
859 3400 913 3446 et
942 3406 1034 3446 cas
1061 3406 1181 3461 quae
1201 3390 1266 3446 de
1281 3405 1343 3445 ea
1362 3390 1485 3445 latze
1504 3400 1628 3447 sunt
1649 3390 1813 3460 leges.

227 3484 430 3539 Divitias
462 3492 640 3538 autem
687 3496 756 3538 ne
804 3481 906 3538 hoc
944 3482 1160 3553 quidem
1189 3493 1513 3553 assequutaz,
1545 3483 1677 3538 iram
1707 3484 1813 3539 im-

231 3576 445 3630 mittunt
493 3574 545 3629 in
593 3589 688 3629 eos
728 3574 817 3644 qui
874 3574 1022 3644 ipsas
1054 3574 1359 3644 possident;
1389 3574 1484 3629 sed
1513 3583 1567 3629 et
1605 3590 1697 3630 eos
1724 3575 1814 3644 qui

234 3668 366 3722 nulla
392 3665 573 3722 affecti
598 3674 727 3721 sunt
754 3665 947 3735 injuria
982 3665 1209 3720 reddunt
1260 3666 1502 3721 inimicos
1553 3666 1811 3731 defuncti,

232 3757 486 3828 siquidem
530 3764 801 3810 mortuum
831 3770 1027 3826 corpus
1055 3756 1256 3811 nudare
1283 3767 1366 3810 est
1402 3756 1609 3811 acrium
1640 3758 1814 3812 inimio

222 3864 406 3904 eorum
428 3857 483 3901 et
502 3846 768 3901 hostium.
805 3845 870 3900 Et
897 3855 1084 3901 natura
1119 3847 1333 3918 quidem
1382 3848 1541 3902 etiam
1570 3848 1814 3906 inimicos

237 3943 279 3995 ei
326 3950 454 3995 tunc
485 3936 847 4003 reconciliat;
901 3937 1101 3994 divitia:
1160 3949 1338 3994 autem
1392 3939 1552 3994 etiam
1613 3941 1665 3993 in
1719 3955 1813 3996 eos

228 4033 421 4089 bellum
478 4039 690 4102 gerunt,
738 4046 873 4102 quos
899 4047 969 4087 ne
1000 4042 1224 4102 possunt
1270 4034 1486 4103 quidem
1518 4034 1675 4089 ullius
1702 4036 1810 4090 cri-

240 4126 382 4181 minis
430 4138 725 4187 accusare,
779 4132 835 4179 et
876 4124 929 4178 in
978 4140 1167 4194 magna
1210 4126 1497 4181 solitudine
1523 4126 1811 4182 crudeliter

236 4218 449 4273 saviunt
501 4217 555 4271 in
604 4229 823 4284 corpus.
900 4216 1060 4285 Atqui
1135 4217 1301 4273 multa
1352 4230 1477 4273 sunt
1534 4219 1641 4274 illic
1688 4236 1810 4290 qua:

232 4318 445 4379 possunt
504 4305 779 4362 attrahere
831 4305 899 4362 ad
966 4309 1424 4377 misericordiam,
1472 4311 1575 4367 hoc
1628 4313 1804 4382 ipsum

1249 327 1316 383 1N
1355 326 1571 385 EPIST.
1614 327 1630 381 Ι
1699 326 1789 381 ΑΙ)
1816 325 1968 383 COll.
2016 329 2243 387 HOMIL.
2290 329 2532 390 XXXVI.

3388 346 3505 400 {608

1918 443 2057 511 quod
2105 445 2175 497 sit
2227 456 2535 510 mortuum,
2588 446 2729 515 quod
2783 446 3083 516 immobile,
3125 453 3267 522 quod
3300 454 3366 509 ad
3398 466 3508 512 ter‘

1916 548 2028 587 ram
2060 536 2240 589 tendat
2279 548 2332 591 et
2353 538 2776 607 corruptionem,
2807 541 2946 609 quod
2980 558 3138 597 nemo
3168 546 3309 600 adsit
3348 561 3509 617 Opem

1916 624 2136 680 laturus.
2188 627 2294 683 Sed
2321 630 2453 683 nihil
2484 629 2673 683 horum
2724 630 2918 702 frangit
2957 634 3077 688 illos
3113 639 3471 694 exsecrandos
3496 680 3513 704 .

1919 732 2139 790 propter
2172 723 2507 795 tyrannidem
2553 739 2670 794 qua:
2715 740 2782 779 ex
2838 727 3081 796 improba
3130 730 3303 784 oritur
3345 733 3514 802 cupi-

1916 809 2101 867 ditate.
2139 814 2304 869 Amor
2334 816 2476 869 enim
2504 815 2777 884 pecuniae,
2811 825 3082 886 tamquam
3113 819 3361 876 immanis
3394 824 3513 891 qui-

1917 904 2039 960 dam
2096 918 2390 979 tyrannus,
2442 918 2595 979 urget
2655 907 2941 964 inhumana
2994 909 3142 980 jussa
3203 913 3511 982 imperans,

1918 1015 2118 1069 eosque
2160 1001 2212 1053 in
2250 1000 2388 1054 feras
2427 1010 2663 1055 mutatos
2688 1041 2703 1067 ,
2736 1001 2807 1056 ita
2836 1001 2984 1057 ducit
3012 1002 3079 1057 ad
3119 1004 3345 1059 loculos.
3373 1005 3508 1059 Nam

1920 1100 2188 1160 tamquam
2223 1092 2349 1147 [οι-τε
2381 1101 2621 1147 mortuos
2665 1093 3014 1161 invadentes,
3068 1110 3135 1149 ne
3181 1110 3211 1149 a
3259 1096 3509 1152 carnibus

1919 1184 2132 1253 quidem
2155 1184 2529 1251 abstinuerint,
2552 1184 2597 1240 si
2614 1186 2854 1240 membra
2878 1186 2983 1240 illis
3004 1197 3184 1241 essent
3205 1188 3374 1242 utilia.
3400 1188 3510 1244 llos

1919 1275 2123 1330 fructus
2153 1277 2478 1347 percipimus
2525 1291 2593 1331 ex
2628 1277 2829 1332 divitiis
2852 1319 2867 1342 ,
2896 1278 3054 1332 etiam
3112 1290 3233 1350 post
3279 1290 3507 1336 mortem

1920 1366 2118 1435 probro
2138 1368 2527 1422 eteontumelia
2547 1368 2721 1423 allecti
2745 1378 2799 1423 et
2819 1370 3088 1438 sepultura
3110 1372 3322 1440 privati,
3347 1389 3506 1440 quam

1918 1470 2275 1528 assequuntur
2302 1460 2462 1514 etiam
2508 1460 2600 1530 qui
2640 1460 2839 1515 nefaria
2888 1472 3280 1531 perpetrarunt.
3332 1464 3507 1519 Easne

1918 1564 2067 1620 ergo,
2091 1550 2194 1616 dic,
2220 1567 2371 1622 rogo,
2396 1551 2572 1606 adhuc
2593 1553 2888 1607 amabimus
2908 1570 3027 1623 qua:
3050 1555 3202 1608 nobis
3227 1567 3350 1610 sunt
3373 1557 3508 1612 adeo

1919 1642 2126 1698 infesta)
2172 1655 2227 1699 et
2275 1644 2546 1699 inimicm?
2574 1644 2918 1715 Nequaquam
2941 1688 2954 1711 ,
2986 1662 3139 1717 rogo,
3174 1664 3531 1721 nequaquam,

1919 1734 2129 1801 fratres,
2162 1737 2256 1792 sed
2290 1739 2581 1807 fugiamus,
2616 1754 2716 1793 nec
2746 1738 2936 1793 faciem
2965 1738 3035 1793 ad
3066 1755 3127 1794 ea
3156 1751 3300 1795 retro
3327 1753 3507 1796 verta-

1920 1844 2069 1894 mus;
2096 1839 2149 1884 et
2180 1830 2224 1885 si
2257 1830 2307 1883 in
2340 1844 2530 1884 manus
2570 1840 2780 1885 nostras
2810 1832 3074 1898 venerint,
3107 1849 3174 1887 ne
3208 1834 3350 1890 intus
3378 1835 3509 1889 reti-

1920 1936 2174 1986 neamus,
2205 1922 2300 1977 sed
2329 1938 2424 1979 eas
2449 1938 2740 1994 pauperum
2772 1924 3021 1981 manibus
3050 1927 3352 1997 alligemus.
3385 1929 3510 1983 llaec

1918 2013 2059 2068 enim
2083 2013 2295 2068 vincula
2317 2030 2410 2070 eos
2432 2016 2601 2086 magis
2622 2024 2846 2086 possunt
2867 2016 3123 2084 retinere,
3148 2028 3201 2073 et
3220 2035 3508 2089 numquam

1918 2104 2171 2175 effugient
2200 2121 2263 2159 ex
2295 2106 2402 2160 illis
2428 2106 2728 2176 penuariis;
2764 2108 2983 2177 ista'qne
3016 2107 3193 2163 infida:
3217 2108 3284 2163 de
3312 2121 3512 2166 caetero

1919 2206 2135 2251 manent
2184 2197 2408 2265 fideles,
2462 2198 2722 2267 placidae,
2773 2209 3101 2266 mansuetae,
3153 2202 3511 2273 eleemosyna:

1902 2277 2138 2343 ‘dcxtera
2168 2289 2245 2343 sic
2274 2300 2637 2344 commutauit.
2669 2290 2723 2345 Si
2756 2290 2968 2361 quando
2998 2306 3126 2361 ergo
3159 2293 3286 2361 ipsa:
3316 2292 3381 2347 ad
3414 2308 3512 2347 nos

1918 2381 2265 2447 accesserint,
2296 2381 2395 2450 ipsi
2419 2395 2510 2436 eas
2532 2381 2802 2436 tradamus
2828 2400 2841 2435 :
2872 2384 2954 2438 sin
2984 2392 3166 2438 autem
3192 2400 3296 2438 non
3326 2384 3513 2440 adfue-

1920 2472 2049 2538 rint,
2081 2488 2147 2527 ne
2172 2489 2495 2541 qua-ramus,
2528 2489 2628 2528 nec
2656 2488 2754 2528 nos
2782 2474 2926 2543 ipsos
2951 2474 3273 2529 suffocemus
3294 2517 3307 2539 ,
3338 2492 3511 2546 neque

1918 2579 2012 2619 eos
2040 2564 2131 2635 qui
2173 2564 2370 2619 habent
2401 2566 2586 2621 beatos
2628 2566 3018 2621 existimemus.
3052 2566 3337 2633 Quomodo
3366 2568 3509 2623 enim

1920 2656 2111 2711 beatus
2156 2656 2243 2712 hic
2287 2656 2715 2713 existimandus?
2760 2658 2859 2712 nisi
2902 2673 2997 2713 eos
3026 2659 3114 2728 qui
3162 2675 3283 2713 cum
3325 2660 3511 2715 bestiis

1920 2754 2158 2817 pugnant
2194 2746 2380 2801 beatos
2409 2744 2611 2802 dixeris
2631 2788 2647 2813 ,
2690 2746 2834 2818 quod
2867 2747 2919 2801 in
2954 2749 3125 2817 pretio
3155 2748 3363 2803 habitas
3392 2749 3511 2804 illas

1922 2838 2120 2892 bestias
2146 2837 2245 2892 sibi
2276 2837 2512 2892 inclusas
2537 2845 2755 2893 servent
2781 2838 2870 2909 qui
2903 2839 3024 2893 talia
3060 2850 3365 2909 preponunt
3393 2856 3512 2895 cer-

1922 2929 2139 2995 tamina,
2170 2928 2266 2998 ipsi
2294 2943 2399 2982 non
2427 2928 2686 2984 audentes
2716 2930 2973 2985 accedere
3005 2946 3103 2986 nec
3134 2943 3384 3002 tangere,
3414 2932 3510 2988 sed

1920 3019 2064 3088 ipsas
2086 3018 2441 3074 formidantes
2468 3028 2523 3074 ct
2552 3021 3052 3077 contremisccntes.
3084 3023 3195 3077 Iloc
3227 3025 3398 3093 ipsum
3424 3039 3512 3080 ac-

1920 3109 2051 3164 cidit
2070 3109 2233 3165 etiam
2254 3109 2529 3178 divitibus,
2561 3110 2652 3181 qui
2675 3119 2944 3181 tamquam
2970 3112 3256 3167 immanem
3287 3115 3510 3174 bestiam

1919 3200 2133 3255 divitias
2166 3201 2499 3257 incluserunt
2530 3202 2583 3257 in
2611 3202 2917 3273 pcnuariis,
2956 3214 3009 3259 et
3048 3204 3115 3259 ab
3144 3205 3254 3276 ipsa
3291 3206 3514 3277 singulis

1920 3295 2112 3350 diebus
2154 3295 2379 3351 vulnera
2426 3295 2695 3365 accipiunt
2746 3297 3191 3365 innumerabilia,
3238 3301 3513 3355 contrario

1922 3389 2079 3458 plane
2105 3387 2265 3443 modo
2306 3404 2466 3459 quam
2510 3387 2602 3443 ﬁat
2633 3388 2685 3443 in
2717 3389 2921 3444 bestiis.
2957 3390 3088 3445 Nam
3119 3391 3223 3445 illte
3252 3392 3464 3462 quidem
3492 3434 3509 3459 ,

1919 3480 2135 3549 quando
2179 3495 2270 3535 cas
2302 3480 2586 3546 eduxeris,
2634 3489 2759 3535 tunc
2804 3481 3025 3536 exitium
3072 3481 3299 3537 afferunt
3330 3484 3393 3537 iis
3421 3486 3510 3553 qui

1921 3571 2026 3625 illis
2056 3580 2344 3626 occurrunt
2374 3588 2389 3626 :
2420 3572 2536 3626 ista:
2578 3582 2757 3627 autem
2803 3587 2922 3627 cum
2974 3574 3171 3628 fuerint
3210 3573 3428 3629 inclusae
3458 3584 3514 3629 et

1919 3674 2165 3729 scrvatze,
2200 3676 2326 3719 tunc
2352 3680 2446 3719 eos
2474 3665 2702 3735 perdunt
2732 3666 2821 3737 qui
2850 3668 2992 3737 ipsas
3023 3667 3297 3736 possident
3322 3679 3374 3723 et
3399 3685 3512 3723 ser-

1920 3765 2063 3810 vant.
2094 3756 2198 3811 Sed
2240 3772 2340 3811 nos
2382 3757 2606 3812 bestiam
2638 3758 2774 3813 hanc
2816 3758 3103 3815 reddamus
3150 3770 3503 3816 mansuetam.

1923 3849 2037 3903 Erit
2059 3858 2235 3904 autem
2266 3861 2543 3904 mansneta
2566 3891 2581 3916 ,
2613 3852 2657 3906 si
2690 3865 2811 3907 eam
2839 3868 2943 3906 non
2977 3852 3351 3908 incluserimus
3371 3898 3384 3917 ,
3414 3856 3507 3909 sed

1921 3945 1973 3996 in
2015 3943 2253 3997 omnium
2303 3944 2575 4012 egentium
2623 3958 2814 3998 manus
2865 3945 3269 4000 adduxerimus.
3326 3946 3415 4002 Sic
3458 3957 3511 4001 et

1922 4036 2150 4090 maxima
2196 4036 2334 4090 bona
2361 4034 2487 4090 inde
2534 4036 2923 4105 percipiemus,
2954 4044 3009 4091 et
3041 4038 3090 4089 in
3122 4025 3228 4091 vita
3262 4039 3510 4106 prreseuti

1922 4137 2034 4182 tuto
2062 4142 2125 4181 ac
2168 4142 2355 4181 secure
2397 4135 2451 4180 et
2480 4141 2602 4180 cum
2640 4125 2775 4180 bona
2808 4141 2904 4195 spe
2946 4128 3187 4183 viventes
3208 4170 3221 4192 ,
3256 4136 3311 4182 et
3342 4130 3392 4182 iu
3424 4128 3512 4185 die

1921 4220 2098 4275 futuro
2127 4229 2335 4274 stantes
2364 4234 2486 4272 eum
2518 4217 2707 4272 fiducia
2738 4235 2752 4272 :
2785 4234 2945 4288 quam
2975 4218 3133 4275 detur
3162 4222 3312 4277 nobis
3339 4224 3513 4278 omni-

1919 4314 2018 4369 bus
2046 4313 2256 4383 assequi
2285 4312 2453 4383 gratia
2479 4324 2532 4367 et
2561 4312 2908 4381 benignitate,
2936 4321 3040 4367 etc.

1527 4520 1870 4583 HOMILIA
1908 4522 2210 4584 XXXVI.

240 4666 347 4723 Cur.
380 4669 468 4723 14.
504 4685 554 4720 v.
587 4667 677 4723 20.
710 4667 921 4723 Fratres
942 4711 956 4734 ,
1000 4668 1155 4723 nolite
1187 4669 1330 4737 pueri
1375 4669 1503 4739 efﬁci
1530 4669 1771 4724 mentibus
1791 4712 1806 4736 ,

297 4762 377 4813 sed
416 4760 613 4814 malitia
648 4762 848 4832 parvuli
880 4770 1061 4828 estote,
1113 4762 1360 4815 mentibus
1392 4772 1558 4817 autem
1602 4765 1811 4835 perfecti

296 4863 460 4908 estote.

302 4945 346 4999 l.
378 4944 566 5000 Merito
598 4955 718 5015 post
752 4945 975 5001 multam
1002 4946 1467 5003 confirmationem
1498 4958 1550 5004 et
1579 4949 1808 5005 demon-

243 5035 530 5089 Strationetn
559 5036 802 5090 oratione
829 5037 995 5091 utitur
1018 5037 1419 5093 vehementiore
1446 5047 1502 5093 et
1532 5040 1697 5093 multa
1729 5040 1810 5094 in-

241 5125 555 5196 crspatione,
607 5137 663 5180 et
702 5127 944 5182 meminit
990 5128 1220 5196 exempli
1258 5130 1514 5198 praesenti
1556 5129 1631 5183 rei
1673 5146 1805 5185 eon-

241 5218 473 5287 grueutis.
505 5218 719 5274 Pueruli
749 5219 894 5275 enim
934 5219 1001 5274 ad
1042 5235 1206 5290 parva
1234 5219 1448 5291 quidem
1500 5220 1663 5275 hianti
1711 5236 1807 5277 ore

240 5318 432 5380 stupent
472 5318 527 5365 et
555 5311 842 5378 mirantur,
872 5326 1050 5366 rerum
1078 5322 1261 5367 autem
1298 5312 1452 5367 valde
1491 5327 1805 5389 magnarum

242 5418 327 5457 non
356 5410 496 5457 tanta
530 5411 781 5459 tenentur
822 5403 1195 5465 admiratione.
1238 5404 1501 5474 Quoniam
1546 5421 1674 5476 ergo
1718 5407 1803 5462 isti

238 5512 425 5568 quoque
454 5496 754 5566 linguarum
776 5496 1037 5552 habentes
1064 5497 1286 5562 donum,
1317 5513 1375 5553 se
1406 5506 1574 5553 totum
1606 5499 1805 5555 habere

239 5587 623 5653 existimabant,
664 5586 811 5657 quod
852 5587 1073 5659 quidem
1104 5597 1219 5643 erat
1248 5590 1475 5644 aliorum
1520 5591 1801 5657 ultimum,

240 5688 497 5751 propterea
523 5677 655 5733 dicit
680 5691 699 5732 :
728 5676 900 5733 Nolite
921 5678 1063 5748 pueri
1090 5679 1249 5750 eﬁici;
1279 5680 1380 5735 hoc
1409 5689 1511 5745 est,
1539 5695 1643 5735 non
1677 5681 1805 5735 insi-

241 5774 440 5846 pientes.
476 5770 565 5827 ubi
594 5779 806 5843 oportet
830 5784 954 5827 esse
980 5771 1281 5842 sapientes;
1312 5771 1403 5831 sed
1434 5772 1539 5827 illic
1568 5773 1717 5845 pueri
1748 5783 1800 5829 t-t

1916 4670 2218 4741 simplices,
2254 4669 2341 4724 ubi
2385 4680 2467 4725 est
2499 4670 2756 4741 iujustitia
2779 4713 2794 4738 ,
2829 4671 2917 4726 ubi
2967 4672 3138 4727 inanis
3178 4673 3344 4743 gloria
3369 4714 3384 4738 ,
3421 4672 3509 4728 ubi

1919 4772 2115 4817 tumor.
2147 4762 2280 4816 Eum
2311 4763 2452 4817 enim
2479 4804 2493 4829 ,
2526 4763 2613 4833 qui
2647 4764 2777 4817 vitio
2818 4775 2902 4818 est
2951 4764 3156 4830 infans,
3188 4765 3347 4819 etiam
3379 4780 3510 4834 pru-

1913 4854 2129 4911 dentem
2156 4870 2277 4911 esse
2319 4864 2549 4924 oportet.
2579 4855 2730 4911 Sicut
2755 4854 2897 4910 enim
2934 4856 3212 4925 prudentia
3245 4872 3366 4910 cum
3407 4857 3508 4909 im-

1915 4948 2181 5017 probitate
2206 4962 2539 5017 nequaquam
2565 4947 2723 5001 fuerit
2752 4947 3030 5017 prudentia
3058 4965 3072 5002 :
3108 4949 3176 5001 ita
3201 4949 3359 5002 etiam
3382 4949 3508 5002 sim-

1912 5039 2122 5108 plicitas
2152 5054 2273 5093 cum
2306 5038 2538 5092 amentia
2580 5054 2685 5092 non
2718 5037 2877 5092 fuerit
2911 5039 3244 5110 simplicitas.
3292 5038 3424 5093 Nam
3457 5048 3513 5093 (ιι

1914 5128 1969 5182 in
1999 5129 2341 5198 simplicitate
2374 5128 2617 5199 fugienda
2649 5138 2731 5183 est
2758 5131 2991 5184 amentia
3013 5172 3028 5196 ,
3060 5138 3114 5183 et
3145 5130 3194 5183 in
3227 5131 3509 5198 prudentia

1911 5218 2100 5273 vitium
2120 5228 2175 5274 et
2196 5221 2451 5291 nequitia.
2473 5219 2934 5287 Quemadmodum
2960 5221 3101 5275 enim
3125 5238 3300 5292 neque
3325 5239 3507 5277 amara

1912 5325 2083 5379 neque
2114 5309 2286 5364 dulcia
2317 5310 2705 5365 medicamenta
2736 5319 2997 5381 prosunt,
3026 5312 3070 5365 si
3101 5313 3222 5366 talia
3251 5314 3359 5367 sint
3390 5314 3510 5383 plus

1911 5415 2070 5469 quam
2101 5413 2197 5469 par
2222 5387 2329 5455 sit}
2364 5402 2433 5455 ita
2466 5416 2568 5456 nec
2607 5401 2926 5471 simplicitas
2957 5418 3054 5472 per
3100 5418 3159 5458 se
3180 5444 3196 5469 ,
3240 5419 3339 5459 nec
3379 5420 3505 5473 ιιτιιο

1908 5494 2111 5551 dentia.
2143 5496 2504 5563 Quamobrem
2532 5494 2776 5550 Christus
2800 5504 3026 5568 utraque
3042 5495 3240 5569 jubens
3264 5506 3505 5551 eontem-

1910 5602 2100 5659 perare
2139 5587 2350 5642 dicebat
2381 5607 2394 5644 :
2432 5588 2607 5641 Estote
2646 5590 2919 5660 prudentes
2965 5591 3096 5644 sicut
3134 5600 3387 5661 serpentes
3410 5630 3424 5655 ,
3458 5600 3505 5644 et

1908 5679 2160 5752 simplices
2182 5680 2312 5733 sicut
2337 5679 2586 5734 columba:
2620 5678 2831 5751 (Matth.
2868 5680 2951 5736 l0.
2984 5681 3096 5752 16).
3125 5680 3263 5749 Quid
3290 5689 3370 5734 cst
3401 5696 3499 5732 an-

1910 5781 2012 5829 tem
2043 5785 2161 5827 esse
2191 5771 2440 5845 parvulos
2483 5788 2575 5827 seu
2609 5772 2839 5827 infantes
2872 5772 3072 5827 malitia
3102 5787 3194 5827 seu
3225 5770 3395 5828 vitio?
3423 5767 3501 5821 Ne
