3998 6422
620 285 730 339 507

627 413 788 456 nosse
819 400 1036 471 quidem
1064 397 1190 470 quid
1214 397 1284 454 sit
1312 397 1496 452 vitium
1524 414 1540 451 :
1567 409 1662 451 eos
1684 395 1830 452 enim
1856 397 1972 452 vult
1989 410 2116 453 esse
2142 405 2224 452 ta-

626 493 726 546 les.
761 495 824 546 Et
853 493 976 547 ideo
1012 490 1260 546 dicebat:
1292 487 1514 544 Omnino
1541 488 1671 542 inter
1697 503 1785 541 vos
1820 487 2030 543 auditur
2057 489 2223 560 forni-

625 585 760 638 cutio
789 586 877 653 (Ι.
915 583 1034 639 Cor.
1065 583 1118 639 5.
1149 583 1175 637 1
1199 582 1243 651 ).
1293 580 1408 636 Non
1450 577 1621 645 dixit,
1667 578 2033 649 Perpetratur,
2085 576 2178 634 sed
2205 620 2220 644 ,

1386 281 1443 338 S.
1484 277 1762 336 JOANNIS
1796 278 2270 339 CHRYSOSTOMI
2306 281 2622 346 ARCIIIEP.
2663 286 3201 354 CONSTANTINOP.

2331 323 2585 342 "manu.
2601 326 2622 346 τ
2665 323 2837 348 uvqu
2850 323 2873 347 ι
2885 323 2975 349 nu
2991 323 3012 350 ι
3029 323 3201 354 suur.
3730 323 3803 381 ms

2331 413 2458 510 esse
2576 404 2818 510 signum,
2851 417 2910 465 ut
2948 409 3214 484 linguam,
3243 417 3435 477 scilicet
3471 423 3645 487 inutile.
3671 435 3802 510 Neque

2272 556 2275 558 _
2334 491 2639 550 inﬁdelibus
2670 497 2800 554 utile
2822 500 2949 601 quid
2973 512 3062 559 est
3088 504 3298 577 lingua:
3327 525 3477 570 unum
3499 521 3624 578 enim
3643 491 3805 601 ⁸⁵ιέὖέ

2323 597 2464 682 opus
2487 601 2552 640 ac
2579 604 2795 658 manus,
2824 594 3233 667 obstupefacere
3258 603 3423 662 solum
3459 624 3517 665 ac
3539 594 3805 682 conturbare.

626 677 865 731 Auditur.
911 675 1042 730 Rem
1081 674 1264 739 enim,
1309 672 1537 779 inquit,-
1563 672 1787 779 omnino
1832 672 2016 779 scitis;
2050 672 2220 743 ipsam
2323 675 2662 779 gignunt—est
2689 685 2835 740 enim
2865 700 2932 742 ex
2962 689 3026 744 iis
3065 704 3187 762 quae
3212 703 3332 750 sunt
3357 700 3515 757 media
3542 672 3808 779 antqua—nd;

625 773 769 826 enim
799 770 1087 841 aliquando
1109 769 1412 824 audivistis.
1438 766 1669 823 Volebat
1687 768 1830 823 enim
1858 767 2006 837 ipsos
2028 782 2148 822 esse
2163 775 2223 821 et
2326 766 2458 823 dicit
2482 787 2494 824 :
2529 769 2638 826 Fac
2660 791 2860 832 mecum
2879 780 3101 850 signum.
3123 794 3179 839 el
3200 785 3358 853 add“.
3383 791 3432 846 ίιι
3452 792 3644 863 bonum;
3665 766 3708 857 id

623 866 770 920 viros
795 876 852 920 et
880 879 1076 934 pueros
1095 905 1111 930 ,
1156 863 1251 918 sed
1284 861 1387 918 hoc
1413 861 1631 933 quidem
1663 861 1717 917 in
1747 861 1896 928 vitio,
1928 861 2058 918 illud
2090 874 2218 918 vero

624 961 676 1013 in
705 958 1005 1028 prudentia.
1035 957 1127 1014 Sic
1145 957 1292 1014 enim
1313 966 1367 1013 et
1387 956 1488 1024 vir,
1517 957 1601 1012 vir
1629 953 1811 1024 fuerit,
1838 957 1882 1012 si
1909 955 2069 1012 fuerit
2097 973 2218 1028 par-

625 1051 782 1106 vulus
811 1069 824 1105 :
853 1050 1113 1121 “quamdiu
1135 1058 1314 1105 autem
1344 1063 1450 1104 non
1481 1048 1642 1104 fuerit
1669 1049 1842 1104 infans
1871 1049 2020 1113 vitio,
2049 1065 2118 1105 ne
2137 1051 2218 1105 vir

617 1142 834 1214 quidem
865 1142 986 1197 erit.
1014 1140 1147 1195 Nam
1172 1141 1262 1210 qui
1293 1147 1377 1196 est
1401 1138 1698 1196 sceleratus
1722 1182 1737 1205 ,
1769 1155 1878 1196 non
1904 1141 2012 1195 erit
2029 1139 2214 1210 perfe-

615 1244 758 1301 ctus,
790 1233 884 1289 sed
915 1233 1197 1302 insipiens.
1224 1231 1316 1286 2i.
1349 1230 1416 1286 In
1442 1233 1552 1303 lege
1580 1232 1715 1286 enim
1739 1232 1985 1304 scriptum
2009 1241 2084 1287 est
2105 1247 2126 1289 ς
2146 1230 2214 1286 In

614 1327 734 1380 aliis
763 1325 948 1397 linguis
976 1335 1021 1379 et
1048 1325 1103 1379 in
1133 1324 1280 1378 labiis
1307 1323 1423 1379 aliis
1448 1324 1631 1394 loquar
1656 1324 1844 1395 populo
1873 1325 2020 1391 huic,
2046 1334 2094 1379 et
2122 1342 2213 1380 nec

615 1419 690 1472 sic
735 1417 1008 1472 exaudient
1039 1433 1138 1483 me,
1182 1416 1306 1470 dicit
1352 1415 1620 1472 Dominus.
1649 1419 1808 1488 Atqui
1851 1433 2114 1489 nusquam
2157 1418 2209 1472 in

611 1509 736 1580 lege
764 1509 1022 1580 scriptum
1047 1519 1150 1577 est,
1180 1507 1275 1565 sed
1297 1509 1436 1564 sicut
1459 1509 1611 1580 prius
1635 1509 1767 1577 dixi,
1798 1511 2104 1568 universam
2126 1527 2211 1567 vc-

615 1610 784 1655 tercm
827 1599 1162 1670 Scripturam
1193 1615 1407 1673 semper
1436 1612 1594 1658 vocat
1626 1603 1796 1674 legem
1823 1613 1878 1659 et
1917 1605 2208 1675 prophetas

611 1702 669 1747 et
717 1692 988 1747 historias.
1041 1692 1274 1748 Adducit
1319 1702 1499 1749 autem
1545 1694 1912 1750 testimonium
1963 1710 2026 1750 ex
2071 1695 2206 1751 Isaia

609 1787 902 1856 propheta,
935 1799 1124 1841 rursus
1161 1785 1288 1842 doni
1315 1786 1539 1856 gloriam
1569 1785 1874 1843 diminuens
1899 1786 1966 1841 ad
1993 1787 2204 1842 illorum

609 1878 930 1940 utilitatem;
963 1876 1062 1932 sed
1105 1888 1286 1932 tamen
1316 1877 1488 1946 ipsum
1515 1891 1640 1932 cum
1668 1877 1824 1933 laude
1854 1878 2023 1947 ponit.
2070 1877 2205 1933 Illud

608 1971 754 2025 enim
779 2012 794 2037 ,
831 1968 942 2024 Nec
963 1970 1035 2024 sic
1054 2011 1070 2035 ,
1089 1980 1221 2025 erat
1243 1968 1580 2026 ostettdentis
1608 1969 1858 2025 sufﬁcere
1875 1970 2202 2026 miraculum

607 2064 675 2118 ad
703 2077 798 2119 eos
825 2063 1198 2134 percelleudos
1228 2080 1244 2117 :
1275 2064 1320 2120 si
1352 2073 1530 2119 autem
1557 2079 1666 2119 non
1695 2063 2074 2128 crediderunt,
2105 2079 2202 2120 eo-

602 2166 726 2216 rum
751 2161 912 2216 fuisse
927 2161 1160 2231 culpam.
1183 2159 1250 2214 Et
1275 2173 1371 2214 cur
1391 2158 1494 2213 hoc
1513 2157 1644 2213 fecit
1667 2159 1829 2225 Deus,
1847 2158 1892 2213 si
1922 2175 2026 2213 non
2049 2169 2203 2215 erant

605 2252 901 2307 credituri?
929 2251 997 2308 Ut
1022 2266 1236 2321 semper
1251 2261 1570 2306 cerneretur
1595 2250 1770 2305 facere
1793 2267 1911 2322 quae
1934 2265 2027 2305 sua
2051 2261 2196 2307 sunt.

575 2346 735 2400 ’Cum
765 2360 896 2415 ergo
939 2344 1267 2400 ostendisset
1311 2343 1472 2398 etiam
1515 2353 1583 2399 ex
1632 2342 1912 2414 prephetia
1938 2384 1952 2408 ,
1987 2343 2196 2414 signum

601 2453 708 2493 non
738 2437 892 2493 valde
919 2451 1041 2493 esse
1069 2437 1220 2503 utile,
1250 2436 1563 2506 subiunxit:
1595 2435 1685 2490 22.
1720 2435 1902 2506 Itaque
1931 2437 2123 2508 linguis
2145 2439 2196 2492 in

597 2532 800 2600 signum
840 2539 956 2584 sunt
984 2545 1086 2582 non
1124 2527 1382 2598 ﬁdelibus,
1428 2529 1519 2582 sed
1567 2527 1902 2598 inﬁdelibus:
1928 2531 2197 2600 prophetia

596 2632 768 2676 autem
794 2638 895 2676 non
921 2621 1234 2690 inﬁdelibus,
1265 2620 1354 2675 sed
1381 2619 1637 2689 ﬁdelibus.
1670 2621 1761 2677 25.
1793 2622 1854 2677 Si
1881 2637 2002 2692 ergo
2024 2636 2197 2677 con'vcb

591 2717 702 2768 ‘m'at
729 2715 962 2770 universa
984 2712 1221 2768 Ecclesia
1241 2714 1293 2766 in
1316 2729 1494 2778 unum,
1515 2722 1562 2768 et
1582 2729 1754 2769 omnes
1777 2713 1966 2786 linguis
1987 2715 2198 2786 loquan-

598 2816 701 2871 tur,
752 2807 939 2861 intrent
979 2816 1150 2860 autem
1193 2805 1365 2860 idiota:
1396 2814 1482 2858 aut
1510 2805 1773 2873 inﬁdeles,
1819 2823 1988 2862 nonne
2027 2809 2194 2864 dicent

592 2897 730 2966 quod
759 2897 1036 2952 insanitis?
1059 2895 1153 2953 24.
1185 2897 1248 2952 Si
1279 2907 1448 2951 autem
1475 2913 1650 2952 omnes
1671 2897 1974 2968 prop/ment
1993 2941 2009 2966 ,
2034 2901 2193 2956 intret

595 2998 766 3042 autem
788 2989 901 3058 quis
919 2988 1156 3058 inﬁdelis
1171 2990 1264 3043 uel
1285 2989 1447 3043 idiota
1462 3029 1476 3054 ,
1509 2990 1823 3044 convincitur
1845 2986 1919 3045 ab
1935 2993 2186 3059 omnibus,

594 3081 910 3151 rlijudicatur
933 3081 998 3136 ab
1037 3080 1268 3135 omnibus
1291 3095 1312 3135 :
1333 3080 1424 3136 25.
1446 3091 1508 3135 et
1547 3082 1621 3136 sic
1647 3082 1843 3136 occulta
1888 3084 2058 3139 cordis
2081 3086 2191 3156 ejus

593 3175 865 3240 manifesta
905 3175 1063 3243 ﬁunt,
1097 3183 1145 3228 et
1177 3173 1375 3228 'cadens
1415 3174 1468 3228 in
1500 3174 1682 3243 [aciem
1726 3175 1960 3230 adorabit
1986 3177 2186 3246 Deum,

593 3267 932 3336 pronuntians
959 3268 1096 3335 quod
1123 3283 1234 3321 vere
1264 3265 1400 3322 Deus
1419 3269 1472 3322 in
1494 3269 1631 3323 vobis
1655 3269 1740 3322 sit.
1771 3269 1987 3326 Multam
2011 3287 2075 3328 ex
2100 3273 2186 3342 iis,

587 3374 712 3430 qua:
740 3360 882 3414 dicta
907 3369 1055 3422 sunt,
1079 3360 1172 3417 hic
1192 3359 1399 3416 videbis
1418 3361 1830 3420 dubitationem.
1861 3363 1915 3420 Si
1938 3366 2080 3422 enim
2108 3368 2189 3423 in-

592 3452 842 3506 ﬁdelibus
869 3453 1078 3523 signum
1109 3463 1234 3508 sunt
1264 3453 1458 3524 lingua:
1479 3457 1795 3526 ,‘quomodo
1816 3457 1984 3514 dicit:
2015 3459 2072 3515 Si
2102 3461 2186 3516 vi-

590 3547 768 3602 derint
797 3559 892 3601 vos
923 3547 1118 3618 linguis
1142 3547 1422 3617 loquentes
1447 3548 1693 3605 inﬁdeles
1713 3592 1728 3615 ,
1770 3550 1950 3607 dicent
1977 3567 2075 3608 vos
2105 3555 2188 3608 in-

587 3639 810 3692 sauire?
838 3649 890 3692 et
917 3639 961 3694 si
998 3640 1276 3708 prophetia
1305 3655 1411 3695 non
1442 3640 1884 3704 inﬁdelibus,'sed
1913 3643 2180 3711 ﬁdelilms,

582 3731 859 3799 quomodo
889 3747 952 3786 ex
985 3747 1046 3786 ea
1070 3732 1420 3788 lucrabuutnr
1438 3733 1605 3789 etiam
1635 3735 1926 3792 inﬁdeles?
1951 3737 2013 3793 Si
2036 3741 2180 3796 enim

585 3823 755 3888 intret,
787 3823 975 3894 inquit,
1000 3823 1384 3892 inﬁdelis'uobis
1405 3827 1838 3897 praphetantibus,
1869 3833 2184 3887 convincitur

584 3917 648 3971 ab
680 3920 910 3972 omnibus
930 3959 944 3982 ,
977 3917 1293 3987 dijudicatur
1318 3919 1384 3972 ab
1411 3920 1663 3974 omnibus.
1703 3920 1820 3977 Non
1861 3922 1976 3979 lttec
2002 3935 2180 3982 autem

583 4010 781 4074 solum,
813 4010 905 4065 sed
933 4010 1093 4065 etiam
1117 4021 1246 4081 post
1270 4026 1388 4067 eam
1415 4013 1648 4069 secunda
1681 4012 1806 4070 hinc
1834 4017 2005 4072 oritur
2029 4034 2180 4089 qum-

583 4101 688 4155 stio
713 4119 726 4156 :
759 4102 1037 4172 apparebit
1063 4104 1206 4158 cnim
1228 4103 1417 4174 lingua
1458 4119 1647 4159 rursus
1669 4105 1848 4176 major
1876 4108 2177 4179 prophetia.

583 4194 717 4250 Nam
747 4197 796 4251 si
831 4195 1028 4266 linguae
1056 4205 1183 4252 sunt
1207 4196 1262 4251 iu
1289 4196 1499 4268 signum
1527 4197 1865 4266 inﬁdelibus,
1901 4201 2180 4271 prophetia

578 4296 760 4341 autem
791 4286 1069 4354 lidelibus,
1117 4287 1168 4342 id
1207 4287 1349 4358 quod
1379 4288 1516 4344 alios
1545 4289 1768 4344 attrahit
1793 4300 1846 4346 et
1871 4292 2141 4364 coniungit
2161 4335 2176 4359 ,

576 4378 757 4448 majus
778 4388 862 4434 est
886 4393 954 4433 eo
980 4379 1120 4449 quod
1151 4379 1444 4437 familiares
1469 4396 1535 4435 ac
1558 4381 1885 4440 domesticos
1905 4389 2179 4456 componit

577 4481 637 4526 ct
664 4473 976 4528 concinnat.
996 4471 1135 4542 Quid
1161 4481 1244 4529 est
1263 4488 1392 4545 ergo
1406 4473 1549 4545 quod
1566 4473 1766 4531 dictum
1785 4477 1904 4533 est?
1916 4477 2060 4536 Nihil
2075 4479 2178 4536 dii-

579 4564 724 4619 ﬁcile
754 4579 855 4620 nec
879 4564 1168 4620 obscurum
1195 4579 1372 4636 neque
1401 4566 1671 4636 prioribus
1697 4569 2048 4637 contrarium,
2079 4571 2174 4627 scd

579 4653 739 4710 valde
758 4653 1107 4720 conveniens,
1137 4655 1184 4710 si
1207 4655 1568 4713 attendamus.
1597 4658 1731 4714 Nam
1755 4659 2040 4730 prophetia
2057 4664 2177 4734 qui-

573 4747 704 4803 dem
734 4749 974 4819 utrisque
1003 4758 1087 4803 est
1129 4757 1284 4820 apta,
1329 4749 1507 4821 lingua
1553 4759 1734 4808 autem
1761 4753 2000 4810 minime.
2051 4755 2178 4814 lde‘o

574 4858 702 4897 cum
730 4843 798 4899 de
829 4843 1005 4913 lingua
1037 4841 1261 4898 dixisset
1290 4858 1408 4898 eam
1436 4859 1558 4900 esse
1589 4845 1641 4899 in
1673 4844 1904 4916 signum,
1933 4847 2172 4916 addidit,

581 4934 704 4988 Non
733 4935 1001 5003 ﬁdelibus,
1036 4935 1126 4989 sed
1153 4935 1475 5005 inﬁdelibus,
1523 4936 1699 5006 hisque
1739 4938 1792 4992 in
1817 4940 2038 5011 signum,
2072 4941 2175 4999 hoc

549 5036 680 5091 ‘cst,
714 5027 777 5081 ad
802 5027 1282 5098 stupcl'aciemlum,
1309 5035 1414 5082 non
1442 5028 1578 5084 adeo
1599 5039 1776 5085 autem
1793 5030 1864 5085 'ad
1891 5033 2176 5089 institueno

583 5119 733 5175 dum.
762 5122 829 5174 At
857 5120 907 5174 in
936 5120 1236 5191 prophetia,
1263 5119 1453 5187 inquit,
1481 5120 1582 5176 hoc
1612 5122 1782 5193 ipsum
1806 5121 2130 5180 fecitdicens
2154 5141 2170 5179 :

579 5210 860 5284 Prop/retia
887 5224 1055 5267 autem
1086 5229 1185 5268 non
1212 5213 1504 5282 inﬁdelibus
1524 5254 1538 5277 ,
1571 5214 1660 5268 sed
1686 5214 1939 5282 ﬁdelibus.
1983 5215 2173 5288 Neque

576 5304 722 5360 enim
751 5303 930 5360 fidelis
950 5321 1083 5377 opus
1113 5303 1278 5360 habet
1307 5315 1363 5359 ut
1394 5307 1602 5376 signum
1625 5304 1843 5372 videat,
1876 5307 1970 5362 sed
1998 5310 2170 5364 solum

575 5396 821 5452 doctrina
863 5393 1061 5467 indiget
1106 5406 1161 5451 et
1190 5396 1548 5453 institutione.
1579 5397 1861 5465 Quomodo
1888 5413 2018 5469 ergo
2039 5441 2053 5462 ,
2087 5401 2170 5455 in—

572 5489 711 5561 quit,
740 5487 876 5544 dicis
901 5487 1232 5558 prophetiam
1262 5476 1503 5558 utrisque
1524 5503 1645 5542 esse
1673 5488 1879 5552 utilem,
1909 5502 2028 5542 cum
2060 5489 2172 5559 ipse

574 5585 750 5650 dicat,
783 5582 907 5640 Non
936 5585 1264 5653 inﬁdelibus,
1296 5587 1383 5641 sed
1413 5585 1691 5656 ﬁdelibus?
1721 5585 1778 5642 Si
1804 5586 2090 5657 diligenter
2119 5599 2170 5643 et

578 5687 767 5734 exacte
796 5678 1224 5745 examinaveris,
1269 5679 1409 5734 scies
1447 5681 1589 5749 quod
1634 5681 1846 5736 dicitur.
1878 5679 1995 5736 Non
2027 5684 2170 5739 enim

579 5767 712 5823 dixit
739 5759 1073 5842 prOphetiam
1101 5784 1209 5826 nou
1229 5785 1350 5829 esse
1377 5771 1561 5827 utilem
1590 5771 1914 5840 inﬁdelibus,
1944 5775 2037 5833 sed
2061 5791 2167 5832 non

2324 871 2442 965 sum
2455 860 2710 965 LFactus
2747 884 2862 965 sum
2882 880 3163 965 tamquam
3196 879 3468 951 prodigium
3671 860 3807 965 (Ptol.

2317 949 2413 1005 .35.
2449 952 2535 1007 t7.
2566 966 2616 1009 et
2647 957 2736 1014 7o.
2770 958 2848 1031 7),
2878 961 2983 1018 hoc
3005 974 3114 1033 est,
3142 967 3193 1022 in
3219 949 3442 1040 signum.

2393 1042 2448 1144 2.
2479 1044 2623 1144 Etut
2641 1051 2784 1144 scias
2804 1067 2927 1108 eum
2952 1053 3040 1112 hic
3059 1057 3342 1119 adduxisse
3361 1065 3570 1136 signum,
3586 1087 3682 1127 non
3700 1080 3806 1144 quasi

2321 1131 2480 1228 faciat
2508 1138 2705 1210 aliquid
2734 1146 2883 1199 omni
2910 1163 2977 1202 ex
3003 1159 3158 1218 parte
3182 1153 3310 1209 utile
3329 1197 3345 1221 ,
3376 1131 3429 1212 id
3445 1131 3575 1228 quod
3599 1175 3654 1216 ex
3682 1131 3808 1222 ilioit

2319 1223 2542 1324 inducit.
2554 1230 2702 1324 Quid
2731 1233 2834 1290 huc
2857 1246 2944 1293 est
2963 1241 3188 1296 autent?
3215 1243 3411 1315 Dicent,
3442 1223 3610 1321 inquit,
3633 1256 3739 1324 quod
3756 1260 3809 1311 in-

2318 1320 2517 1375 sanitis.
2552 1323 2665 1380 Hoc
2689 1337 2870 1384 autem
2901 1331 3051 1400 dit-it,
3081 1349 3187 1390 non
3213 1351 3280 1393 ex
3301 1349 3483 1396 natura
3507 1320 3655 1414 signi,
3677 1347 3748 1402 sed
3763 1365 3808 1404 ex

2319 1410 2532 1470 illorum
2553 1421 2814 1476 amentia.
2838 1421 3089 1482 luﬁdeles
3114 1439 3293 1485 autem
3311 1432 3514 1502 quando
3531 1410 3741 1503 audieris,
3763 1455 3808 1495 ne

2311 1505 2592 1603 existimes
2615 1512 2834 1570 eosdem
2867 1516 3064 1588 ubique
3087 1520 3195 1577 dici
3211 1564 3230 1592 ,
3256 1524 3350 1580 sed
3371 1525 3630 1598 aliquando
3653 1547 3727 1586 eos
3747 1537 3808 1603 qui

2314 1597 2504 1656 morbo
2524 1601 2768 1662 laborant
2791 1608 3090 1679 incurabili,
3115 1624 3169 1670 et
3187 1629 3402 1674 monent
3417 1620 3656 1690 ejusmodi
3669 1635 3720 1681 ut

2311 1690 2522 1759 possint
2558 1696 2790 1767 corrigi;
2823 1700 3112 1773 aliquando
3141 1715 3318 1764 autem
3345 1711 3498 1767 etiam
3521 1728 3607 1770 eos
3625 1717 3700 1786 qui
3720 1732 3810 1786 pos-

2309 1791 2436 1874 sunt
2466 1788 2659 1842 mutari
2691 1805 2706 1842 :
2745 1792 2935 1860 quales
2983 1793 3203 1852 fuerunt
3246 1807 3477 1872 tempore
3509 1808 3807 1874 apostolorum

2308 1873 2399 1967 qui
2427 1874 2832 1938 admirabantur
2859 1899 2922 1940 ea
2943 1903 3066 1958 quae
3089 1889 3340 1950 dicuntur
3355 1873 3603 1967 magnalia
3630 1899 3728 1966 Dei;
3747 1916 3811 1956 cu-

2295 1962 2539 2059 .jusmodi
2565 1969 2662 2026 fuit
2690 1971 2994 2034 Cornelius.
3021 1980 3133 2038 Hoc
3149 1993 3236 2039 est
3259 1999 3384 2056 ergo
3397 1962 3532 2059 quod
3557 1989 3697 2046 dicit:
3717 1962 3810 2047 ltro-

2299 2056 2486 2128 .phetia
2515 2063 2733 2132 quidem
2777 2077 2864 2123 est
2907 2080 2963 2126 et
3007 2073 3394 2134 in-inlidelibus
3420 2056 3486 2136 “et
3519 2082 3566 2136 iu
3593 2082 3808 2148 ﬁdelibus;

2307 2149 2543 2223 linguam
2568 2168 2747 2213 autem
2778 2162 3060 2222 audientes
3085 2167 3329 2226 inﬁdeles
3347 2180 3400 2228 et
3419 2173 3712 2244 insipientes,
3735 2189 3809 2231 nos

2306 2246 2479 2301 solum
2512 2263 2617 2304 non
2638 2251 3016 2324 lucrifaciunt,
3049 2260 3144 2317 sed
3172 2263 3334 2320 etiam
3363 2280 3455 2321 eos
3481 2267 3563 2336 qui
3588 2267 3811 2338 loquuntur

2305 2337 2530 2397 irrident
2563 2353 2832 2416 tamquam
2865 2352 3082 2408 insanos
3108 2375 3122 2411 :
3153 2369 3238 2412 eet
3267 2359 3406 2413 cutim
3429 2359 3507 2414 eis
3530 2337 3679 2415 solum
3702 2360 3742 2414 in
3761 2361 3809 2415 si-

2292 2446 2464 2503 gnum
2489 2477 2504 2503 ,
2539 2437 2642 2494 hoc
2683 2451 2765 2496 est
2787 2483 2804 2509 ,
2847 2454 2904 2499 ut
2933 2451 3305 2507 tantummodo
3331 2454 3694 2525 obstupescunt.
3716 2455 3809 2510 Nam

2299 2525 2346 2580 si
2387 2528 2724 2599 sapuissent,
2769 2535 2930 2592 etiam
2963 2539 3152 2597 lucrati
3200 2553 3384 2600 essent
3425 2556 3623 2617 propter
3654 2547 3808 2618 signum

2300 2620 2443 2689 quod
2466 2621 2566 2678 ﬁiit
2589 2625 2693 2681 illis
2709 2626 2913 2684 datum.
2947 2631 3063 2688 Non
3091 2637 3239 2692 enim
3266 2641 3727 2696 tunc-erant‘solum
3746 2637 3810 2708 qui

2300 2713 2576 2772 ebrietatis
2612 2719 3006 2794 insimularent,
3039 2729 3134 2784 sed
3163 2732 3318 2786 multi
3347 2747 3438 2788 eos
3465 2733 3611 2788 etiam
3636 2732 3810 2787 admira-

2293 2806 2496 2866 bantur
2514 2821 2780 2884 tamquam
2793 2817 2894 2872 Dei
2915 2822 3179 2891 magnalia
3200 2824 3508 2896 loquentes:
3530 2825 3809 2898 quamobrem

2286 2901 2388 2970 qui
2415 2901 2616 2960 irridcb
2634 2916 2711 2962 int
2741 2919 2896 2964 erant
2936 2912 3276 2984 insipientes.
3303 2918 3376 2973 Et
3394 2919 3524 2974 ideo
3550 2917 3715 2974 Paulus
3732 2930 3808 2970 non

2290 2993 2542 3052 absolute
2561 2997 2700 3054 dixit
2723 3018 2738 3054 :
2767 2999 2949 3057 Dicent
2970 3020 3058 3059 vos
3080 3006 3328 3075 insanire,
3349 3010 3442 3065 sed
3455 3009 3661 3074 addidit,
3685 3007 3811 3062 idiota

2280 3093 2343 3138 «et
2359 3085 2618 3154 inﬁdeles.
2644 3089 2938 3161 Prophetia
2960 3103 3140 3151 autem
3169 3115 3279 3155 non
3303 3101 3542 3157 absolute
3567 3101 3614 3156 in
3630 3101 3808 3169 signum.

2280 3177 2389 3232 's‘ed
2419 3179 2487 3234 nd
2517 3181 2674 3236 fidem
2696 3193 2762 3238 'et
2787 3187 3074 3245 utilitatem
3106 3193 3352 3265 utrisque
3377 3204 3457 3250 est
3477 3202 3664 3264 rapta-et
3687 3190 3807 3246 utilis.

2281 3268 2457 3342 idque
2479 3272 2582 3328 etsi
2600 3289 2718 3332 tuen
2749 3279 2950 3346 statim,
2973 3295 3078 3350 per
3103 3298 3165 3338 ea
3189 3294 3366 3341 tamen
3395 3301 3509 3357 qua:
3525 3285 3742 3353 deinceps
3757 3295 3812 3335 se-

2280 3373 2548 3432 quuntur,
2573 3369 2817 3437 apertius
2842 3369 3234 3443 interpretatus
3257 3387 3344 3433 est
3358 3419 3374 3445 ,
3395 3377 3614 3434 dicens:
3637 3373 3809 3430 Convin-

2276 3455 2424 3509 -citur
2450 3458 2516 3512 ab
2545 3459 2796 3516 omnibus.
2829 3462 2890 3518 Si
2917 3465 3060 3520 enim
3101 3483 3280 3524 manes
3309 3471 3626 3542 prophetarit,
3652 3463 3808 3535 inquii.

2277 3547 2444 3601 intret
2492 3561 2660 3605 autem
2688 3554 2812 3623 quis
2854 3556 3077 3625 inﬁdelis
3123 3561 3202 3618 vel
3238 3563 3430 3628 idiota,
3473 3560 3740 3616 convincitur
3765 3555 3810 3607 ab

2277 3641 2523 3697 omnibus
2545 3685 2560 3709 ,
2591 3644 2906 3714 diiudicatur
2921 3649 2992 3703 ab
3013 3653 3249 3708 omnibus
3277 3670 3297 3708 :
3323 3664 3371 3709 et
3392 3651 3666 3711 sic-occulta
3686 3646 3810 3703 cordi:

2283 3736 2400 3806 ejus
2429 3737 2556 3805 ﬁunt
2577 3740 2867 3811 manifesta,
2891 3752 2936 3796 et
2961 3745 3149 3801 cadens
3164 3747 3220 3802 in
3241 3749 3423 3820 faciem
3443 3741 3806 3803 adorabit'Dettm.

2284 3830 2628 3896 pronuntians
2648 3833 2790 3900 quod
2833 3851 2946 3890 rere
2977 3836 3113 3891 Deus
3149 3838 3203 3893 in
3221 3841 3372 3896 uobis
3398 3841 3488 3896 sit.
3517 3835 3807 3908 Quamobrem

2279 3935 2396 3977 non
2419 3923 2530 3980 hoc
2549 3924 2723 3979 solum
2747 3928 2921 3996 major
2945 3939 3026 3984 est
3052 3931 3360 4000 prophetia,
3376 3931 3525 4003 equod
3551 3931 3642 3984 vim
3661 3923 3809 3982 habent

2284 4010 2342 4068 in
2363 4015 2638 4086 utrisque,
2651 4017 2744 4073 sed
2769 4021 2930 4074 etiam
2953 4022 3181 4090 quodex
3208 4023 3510 4080 inﬁdelibus
3527 4037 3614 4077 eos
3631 4014 3810 4074 attrahat

2280 4110 2376 4179 qui
2404 4119 2529 4164 sunt
2545 4110 2622 4163 im
2633 4111 3203 4185 pudentiores.~Neqe
3226 4117 3371 4172 enim
3394 4115 3534 4171 idem
3562 4120 3664 4169 erat
3681 4106 3807 4162 emira-

2285 4200 2466 4255 culum
2497 4203 2720 4272 quando
2733 4202 3050 4274 Sapphiram
3073 4207 3329 4277 convicit,
3357 4207 3497 4279 quod
3520 4203 3706 4277 quidem
3722 4203 3809 4252 erat

2273 4294 2582 4365 =pr‘ophetim
2607 4313 2620 4362 ;
2651 4306 2705 4352 ct
2729 4297 2943 4367 quando
2970 4298 3160 4369 linguis
3180 4301 3504 4372 loquebatur
3521 4299 3689 4355 Petrus
3707 4308 3718 4343 :
3736 4284 3806 4342 sed

2286 4395 2413 4442 tunc
2429 4388 2653 4458 quidem
2683 4388 2898 4444 fuerunt
2935 4392 3417 4459 omnescoerciti;
3459 4387 3656 4461 quando
3673 4392 3806 4437 autem

2285 4481 2606 4553 loquebatur
2630 4483 2849 4554 linguis,
2874 4483 3034 4538 etiam
3067 4499 3164 4554 pro
3187 4485 3361 4540 deliro
3379 4493 3462 4540 est
3487 4481 3691 4538 habitus.
3709 4473 3805 4528 Cum

2284 4591 2414 4648 ergo
2445 4577 2672 4631 dixisset
2715 4577 2950 4648 linguam
2981 4592 3086 4632 non
3122 4579 3426 4648 profuisse,
3469 4585 3522 4632 et
3551 4575 3641 4628 hoc
3679 4570 3805 4640 ipsum

2265 4681 2472 4726 'rursus
2501 4679 2877 4734 extenuasset,
2909 4685 2975 4725 eo
3001 4670 3141 4742 quod
3171 4672 3384 4742 culpam
3411 4671 3465 4726 in
3491 4667 3685 4724 Judmos
3711 4670 3802 4712 co"-

2263 4763 2530 4831 tulisset,
2563 4761 2863 4833 procedens
2887 4762 3122 4818 ostendit
3149 4763 3203 4818 id
3231 4765 3395 4820 etiam
3437 4761 3640 4818 laadere.
3665 4753 3719 4808 Et
3734 4759 3800 4800 cur

2282 4856 2465 4911 datum
2494 4855 2616 4912 est?
2645 4855 2715 4911 Ut
2760 4854 3014 4925 procedat
3041 4870 3162 4910 cum
3201 4854 3630 4927 interpretatione
3664 4863 3677 4902 :
3715 4850 3802 4896 nam

2282 4947 2484 5019 absque
2506 4946 2598 5003 illo
2620 4947 2781 5002 etiam
2805 4948 3138 5004 contrarium
3164 4949 3346 5004 evenit
3371 4947 3510 5019 apud
3537 4939 3807 5012 insipietmv

2283 5038 2366 5104 Si,
2399 5040 2540 5094 cnim
2563 5079 2578 5104 ,
2607 5039 2814 5109 inquit,
2845 5056 3017 5094 omnes
3043 5039 3318 5112 loquantur
3336 5040 3548 5111 tinguis,
3569 5028 3810 5106 ingredimi-

2283 5139 2363 5183 tur
2391 5130 2821 5200 autent'inﬁdeles
2850 5140 2896 5186 et
2920 5131 3110 5197 idiotas,
3141 5131 3309 5186 dicent
3332 5148 3425 5187 nos
3445 5128 3690 5190 insanire;
3709 5119 3812 5175 Siet“

2281 5223 2440 5278 etiam
2472 5221 2700 5293 apostoli
2729 5223 3020 5280 existimati
3049 5233 3173 5280 sunt
3201 5223 3335 5279 ebrii
3368 5220 3650 5278 :‘didebaat
3666 5209 3810 5308 enim:

2283 5315 2455 5371 Musto
2482 5316 2536 5370 lii
2563 5327 2681 5370 sunt
2708 5316 2888 5385 repleti
2917 5316 3068 5387 (Act.
3101 5316 3157 5371 2.
3189 5312 3437 5384 1ὖ).ί58(1
3474 5328 3578 5368 non
3617 5315 3688 5364 est
3701 5303 3812 5370 ἐἱειιὶ

2283 5409 2456 5478 culpa,
2478 5419 2662 5463 rerum
2682 5408 2897 5462 illorum
2921 5407 3170 5462 ruditatis
3190 5417 3243 5464 et
3263 5405 3550 5478 iniustitiae.
3576 5402 3810 5493 Propter?a

2278 5499 2507 5568 adjecit,
2544 5497 2730 5553 ldiotc
2755 5508 2802 5552 et
2830 5499 3062 5569 inﬁdeles
3090 5515 3110 5554 :
3130 5513 3304 5570 quare
3347 5497 3556 5553 illorum
3580 5484 3813 5559 imperiti:e

2279 5601 2331 5646 et
2360 5591 2694 5648 inﬁdelitatis
2721 5601 2804 5648 est
2825 5593 3171 5649 existimatio.
3188 5592 3324 5648 Nam
3349 5599 3408 5646 ut
3434 5588 3576 5661 prius
3599 5581 3812 5646 dixi.non

2280 5684 2332 5738 in
2381 5684 2447 5739 iis
2487 5698 2606 5755 qua:
2637 5683 2834 5739 dantur
2858 5684 3025 5752 vitio,
3069 5683 3167 5741 sed
3190 5685 3246 5740 in
3273 5683 3338 5738 iis
3359 5695 3484 5753 quae
3498 5691 3606 5735 non
3621 5670 3814 5728 multum

2274 5777 2504 5850 juvant,
2533 5787 2760 5834 conatur
2786 5777 3222 5851 donum-ponere
3241 5821 3258 5851 ,
3287 5785 3346 5835 ut
3373 5790 3467 5834 eos
3485 5770 3744 5845 reprimi:
3769 5768 3812 5814 ει
