3998 6450
152 313 264 372 ευτ

135 429 240 480 καὶ
272 423 409 479 οὐδ’
431 423 627 491 οὕτως
655 425 1120 480 εἰσακούσονταί
1139 443 1280 495 μου,
1305 426 1470 495 λέγει
1502 426 1742 494 Κύριος.

137 510 350 563 Καίτοι
373 524 440 576 γε
463 507 704 579 οὐδαμοῦ
727 509 782 559 ἐν
811 507 888 579 τῷ
913 509 1060 578 νόμῳ
1082 509 1415 580 γέγραπται,
1441 509 1580 574 ἀλλ’,
1608 509 1746 578 ὅπερ

134 592 326 660 ἔφθην
369 589 567 652 εἰπὼν,
616 591 793 644 πᾶσαν
823 592 922 664 τὴν
968 592 1210 645 Παλαιὰν
1264 593 1352 645 ἀεὶ
1394 591 1558 661 νόμον
1592 589 1747 644 καλεῖ

135 675 240 728 καὶ
271 673 408 735 τοὺς
439 675 729 741 προφήτας
761 673 855 727 καὶ
880 675 978 738 τὰς
1004 675 1263 744 ἱστορίας.
1290 673 1536 746 Παράγει
1566 673 1622 726 δὲ
1646 672 1745 742 τὴν

137 756 475 829 μαρτυρίαν
519 758 627 809 ἀπὸ
664 757 885 810 Ἡσαΐου
932 757 1025 810 τοῦ
1064 760 1364 829 προφήτου,
1413 757 1575 810 πάλιν
1609 757 1742 808 ὑπο-

135 842 491 911 τεμνόμενος
517 839 614 892 τοῦ
649 841 983 910 χαρίσματος
1019 842 1118 912 τὴν
1140 841 1320 908 δόξαν,
1347 841 1484 911 πρὸς
1512 839 1576 893 τὸ
1603 838 1746 893 ὲκεί-

137 943 253 976 νων
293 925 574 994 χρήσιμον
599 941 614 955 ·
654 923 769 976 ἀλλ’
802 925 952 993 ὅμως
991 923 1087 975 καὶ
1136 923 1279 978 οὓτω
1315 925 1432 993 μετ’
1465 921 1743 992 ἑγκωμίου

136 1008 376 1077 τίθησιν
428 1007 581 1063 αὑτό.
625 1008 697 1060 Τὸ
728 1007 858 1077 γάρ,
897 1010 1050 1064 Οὐδὲ
1094 1008 1267 1072 οὕτω,
1311 1006 1617 1076 δεικνύντος
1653 1000 1742 1075 ἢν,

141 1095 227 1144 ὅτι
257 1092 459 1146 ἱκανὸν
489 1087 558 1164 ἦν
589 1093 784 1157 αὐτοὺς
818 1092 1084 1164 ἐκπλῆξαι
1126 1091 1188 1144 τὸ
1219 1090 1434 1160 θαῦμα·
1468 1091 1516 1142 εἰ
1557 1089 1614 1142 δὲ
1645 1088 1746 1141 οὐκ

144 1173 518 1244 ἐπείσθησαν,
563 1175 788 1228 ἐκείνων
821 1175 881 1228 τὸ
908 1174 1181 1245 ἔγκλημα.
1219 1174 1329 1228 Καὶ
1363 1175 1506 1236 τίνος
1558 1171 1744 1224 ἕνεκεν

146 1258 287 1312 αὐτὸ
317 1258 580 1330 ἐποίησεν
601 1261 630 1312 ό
663 1260 816 1325 Θεὸς,
846 1261 894 1313 εί
929 1259 1002 1331 μὴ
1027 1259 1254 1328 ἔμελλον
1286 1257 1598 1321 πείθεσθαι;
1626 1255 1743 1307 Ἵνα

148 1343 218 1394 τά
260 1340 438 1394 αὐτοῦ
473 1341 748 1412 πανταχοῦ
784 1342 1037 1414 φαίνηται
1087 1341 1278 1395 ποιῶν.
1331 1338 1520 1405 Δείξας
1563 1337 1744 1392 τοίνυν

153 1425 248 1476 καὶ
296 1423 410 1476 ἀπὸ
463 1424 562 1495 τῆς
600 1426 955 1496 προφητείας.
997 1425 1079 1478 ὅτι
1119 1425 1178 1477 οὐ
1229 1423 1436 1495 σφόδρα
1474 1421 1744 1492 χρήσιμον

156 1507 214 1558 τὸ
241 1508 496 1576 σημεῖον,
531 1508 806 1578 ἐπήγαγεν
833 1523 848 1537 ο
889 1507 1069 1561 Ὥστε
1112 1511 1169 1561 αὶ
1202 1506 1475 1576 γλῶσσαι
1516 1505 1604 1569 εἰς
1635 1518 1744 1568 ση-

159 1588 330 1656 μεῖόν
354 1591 532 1653 εἰσιν,
561 1593 631 1644 οὐ
661 1589 786 1655 τοῖς
821 1592 1239 1653 πιστεύουσιν,
1277 1590 1438 1643 ἀλλὰ
1462 1587 1586 1652 τοῖς
1611 1585 1747 1640 ἀπί-

161 1689 337 1738 στοις
362 1688 377 1702 ·
406 1672 447 1739 ἡ
491 1672 560 1725 δὲ
591 1673 921 1742 προφητεία
953 1675 1024 1728 οὐ
1071 1673 1196 1738 τοῖς
1248 1671 1546 1735 ἀπίστοις,
1586 1665 1748 1723 ἀλλὰ

165 1753 286 1820 τοῖς
313 1756 737 1812 πιστεύουσιν.
769 1755 911 1810 Ἐὰν
932 1751 1045 1811 οὖν
1071 1755 1340 1823 συνέλθῃ
1362 1755 1400 1824 ἡ
1420 1750 1746 1819 Ἐκκλησία

170 1838 277 1905 ὅλη
298 1838 401 1891 ὲπί
437 1839 502 1892 τὸ
534 1840 701 1902 αὐτὸ,
725 1838 824 1894 καί
861 1839 1084 1907 πάντες
1122 1839 1429 1909 γλώσσαις
1450 1834 1743 1900 λαλῶσιν,

170 1919 490 1976 εἰσέλθωσι
546 1919 615 1975 δὲ
648 1921 871 1976 ἰδιῶται
913 1925 950 1992 ἣ
1001 1923 1266 1986 ἄπιστοι,
1304 1923 1416 1975 οὐκ
1478 1918 1743 1987 ἐροῦσιν,

169 2004 252 2056 ὅτι
299 2005 647 2068 Μαίνεσθες
702 2005 838 2060 Ἐὰν
869 2005 938 2059 δὲ
992 2005 1216 2071 πάντες
1270 2002 1742 2071 προφητεύωσιν,

171 2084 413 2155 εἰσέλθῃ
444 2085 512 2140 δέ
535 2104 627 2153 τις
651 2086 909 2154 ἄπιστος
945 2089 982 2157 ἢ
1008 2088 1264 2156 ἰδιώτης,
1290 2086 1599 2154 ἐλέγχεται
1624 2080 1744 2137 ὑπὸ

165 2170 430 2232 πάντων,
464 2170 846 2239 ἀνακρίνεται
879 2171 998 2226 ὑπὸ
1031 2170 1308 2224 πάντων*
1353 2168 1452 2223 καὶ
1494 2166 1646 2221 οὔτω
1674 2163 1747 2218 τὰ

166 2253 398 2322 κρυπτὰ
442 2253 556 2322 τῆς
597 2255 844 2323 καρδίας
884 2255 1071 2310 αὐτοῦ
1107 2252 1336 2324 φανερὰ
1372 2252 1620 2322 γίνεται,
1648 2246 1747 2302 καί

166 2337 372 2392 πεσὼν
398 2337 501 2391 ἐπὶ
543 2339 871 2406 πρόσωπον
899 2335 1316 2406 προσκυνήσει
1359 2335 1437 2399 τῷ
1481 2331 1602 2397 Θεῷ
1631 2333 1746 2386 ἀπ-

163 2420 498 2492 αγγέλλων,
534 2421 624 2474 ὅτι
656 2422 799 2488 Θεὸς
838 2421 1024 2487 ὄντως
1065 2421 1134 2474 ὲν
1175 2419 1318 2489 ὑμῖν
1356 2419 1509 2472 ἐστι.
1543 2412 1746 2483 Πολλὴν

164 2501 398 2557 ἐνταῦθα
439 2506 504 2557 ὲκ
547 2504 653 2557 τῶν
694 2505 1000 2576 εἰρημένων
1033 2502 1132 2574 τὴν
1167 2502 1508 2572 ἐπαπόρησιν
1539 2498 1637 2550 ίδοι
1663 2513 1747 2558 τις

164 2587 245 2640 ἀν.
275 2587 344 2641 El
376 2588 490 2658 γάρ
523 2590 634 2650 τοῖς
660 2587 907 2651 ἀπίστοις
953 2586 1174 2657 σημεῖόν
1221 2587 1358 2638 εἰσιν
1395 2585 1451 2637 αἱ
1482 2581 1745 2651 γλῶσσαι,

164 2671 277 2733 πῶς
297 2671 472 2739 λέγει,
517 2671 641 2724 Ἐὰν
676 2671 857 2726 ἴδωσιν
887 2672 1034 2742 ὑμᾶς
1055 2669 1329 2738 γλώσσαις
1362 2665 1662 2726 λαλοῦντας
1695 2664 1746 2715 οἱ

164 2753 403 2815 ἄπιστοι,
433 2751 668 2824 ἐροῦσιν,
694 2753 776 2807 ὅτι
807 2753 1128 2818 Μαίνεσθε;
1162 2753 1258 2806 καὶ
1287 2753 1335 2805 εί
1355 2754 1662 2824 προφητεία
1684 2751 1744 2804 οὐ

164 2836 272 2897 τοῖς
321 2834 595 2900 ἀπίστοις,
649 2834 785 2888 ἀλλὰ
823 2837 933 2898 τοῖς
970 2834 1312 2898 πιστεύουσι,
1363 2834 1478 2897 πῶς
1555 2836 1648 2889 καὶ
1695 2836 1744 2887 οἱ

165 2917 384 2970 ἄπιστοι
412 2917 474 2982 ἐξ
510 2916 681 2987 αὐτῆς
723 2916 1104 2988 κερδανοῦσιν;
1169 2917 1310 2970 Ἐὰν
1337 2917 1444 2988 γὰρ
1477 2917 1744 2986 εἰσέλθῃ,

168 3000 353 3068 φησὶν,
385 2998 646 3065 ἄπιστος
673 2999 1171 3068 προφητευόντων
1201 2996 1367 3068 ὑμῶν
1388 3039 1400 3063 ,
1438 2998 1747 3069 ἐλέγχεται

169 3081 284 3136 ὑπὸ
309 3083 577 3148 πάντων,
609 3082 708 3136 καὶ
737 3083 1138 3150 ἀνακρίνεται.
1175 3083 1286 3152 Οὐχ
1311 3081 1446 3153 αὕτη
1475 3083 1531 3136 δὲ
1566 3084 1744 3153 μόνον,

170 3165 304 3218 ἀλλά
332 3165 430 3218 καὶ
467 3164 606 3236 μετὰ
639 3164 838 3235 ταύτην
868 3164 1096 3235 δευτέρα
1117 3157 1284 3236 ’ἑτέρα
1311 3165 1536 3235 ζήτησις
1564 3165 1749 3219 ἐντεῦ-

171 3249 257 3301 θεν
287 3248 490 3318 φύεται
517 3263 532 3276 ⁸
568 3252 812 3318 φανεῖται
837 3249 944 3320 γάρ
969 3249 1002 3319 ή
1041 3247 1257 3316 γλῶττα
1290 3248 1453 3303 πάλιν
1484 3248 1583 3318 τῆς
1617 3267 1749 3320 προ-

174 3333 400 3402 φητείας
434 3332 654 3403 μείζων.
689 3333 750 3386 Εἰ
770 3331 878 3404 γὰρ
905 3334 958 3386 αἱ
988 3332 1232 3400 γλῶσσαι
1265 3333 1344 3395 εἰς
1367 3333 1602 3402 ’σημεῖον
1637 3335 1749 3395 τοῖς

177 3415 442 3480 ἀπίστοις,
470 3417 504 3486 ἡ
538 3415 594 3468 δὲ
621 3415 925 3485 προφητεία
945 3417 1059 3477 τοῖς
1089 3417 1322 3479 πιστοῖς,
1346 3416 1409 3467 τὸ
1431 3415 1559 3477 τοὺς
1587 3414 1745 3467 ἀλλο-

181 3497 355 3566 τρίους
406 3497 769 3566 ἐφελκόμενον
809 3496 958 3569 [554]
990 3496 1086 3551 καὶ
1125 3497 1382 3562 οἰκειοῦν,
1431 3496 1616 3568 μεῖζον
1651 3495 1746 3549 τοῦ

187 3580 534 3650 ῥυθμίζοντος
577 3581 704 3643 τοὺς
745 3581 996 3644 οἰκείους.
1034 3580 1098 3634 Τί
1136 3576 1229 3634 οὖν
1285 3582 1402 3632 ἐστι
1437 3580 1497 3633 τὸ
1531 3581 1751 3652 εἰρημέ-

185 3678 300 3727 νον;
329 3662 497 3715 Οὐδὲν
525 3661 784 3715 δύσκολον
816 3663 936 3716 οὐδὲ
967 3662 1175 3731 ἀσαφὲς
1202 3663 1322 3716 οὐδὲ
1356 3663 1596 3716 ἐναντίον
1638 3664 1750 3725 τοῖς

190 3741 505 3814 ἔμπροσθεν,
546 3744 683 3798 ἀλλὰ
723 3746 817 3798 καὶ
848 3745 1050 3814 σφόδρα
1095 3744 1410 3816 συμϐαῖνον,
1453 3747 1548 3798 ὲάν
1581 3760 1750 3815 προσ-

193 3825 413 3897 έχωμεν.
457 3827 520 3878 Ἡ
557 3827 655 3897 μὲν
698 3827 802 3899 γὰρ
838 3828 1145 3899 προφητεία
1198 3827 1528 3898 ἀμφοτέροις
1562 3827 1752 3896 ἐπιτή-

196 3907 342 3974 δειος,
407 3912 442 3980 ἠ
489 3910 545 3963 δὲ
585 3909 802 3978 γλῶττα
839 3912 1039 3965 οὐκέτι.
1083 3911 1279 3982 Διόπερ
1323 3909 1489 3963 εἰπὼν
1523 3910 1615 3962 ἐπὶ
1653 3909 1752 3978 τῆς

197 3992 445 4065 γλώττης,
474 3994 577 4059 Είς
618 3995 868 4062 σημεῖόν
909 3995 1062 4058 ἐστι,
1108 3993 1465 4065 προσέθηκεν,
1517 3995 1598 4046 Οὐ
1627 3991 1753 4058 τοῖς

199 4079 598 4142 πιστεύουσιν,
626 4077 784 4132 ἀλλὰ
806 4077 929 4144 τοῖς
962 4079 1259 4143 ἀπίστοις,
1293 4076 1389 4129 καί
1415 4076 1647 4142 τούτοις
1666 4077 1753 4140 εις

201 4160 451 4228 σημεῖον,
476 4160 770 4224 τουτέστιν,
795 4163 872 4223 είς
900 4161 1178 4231 ἔκπληξιν,
1210 4162 1310 4213 οὐκ
1338 4162 1417 4223 εἰς
1451 4160 1752 4230 κατήχησιν

201 4245 452 4298 τοσοῦτον.
493 4243 653 4297 Ἀλλά
702 4244 797 4298 καὶ
838 4245 930 4298 ἐπὶ
974 4245 1071 4313 τῆς
1117 4244 1472 4314 προφητείας,
1511 4243 1664 4313 φησὶ,
1691 4243 1753 4296 τὸ

203 4327 315 4380 αὐτὸ
332 4326 488 4380 τοῦτο
505 4326 778 4396 ἐποίησεν,
801 4325 989 4391 εἰπὼν,
1006 4327 1075 4380 'II
1101 4326 1169 4378 δὲ
1189 4326 1517 4392 προφητεία
1536 4328 1607 4379 οὐ
1627 4325 1754 4391 τοῖς

203 4409 478 4476 ἀπίστοις,
507 4410 668 4464 ἀλλά
695 4408 818 4476 τοῖς
845 4409 1257 4463 πιστεύουσιν.
1281 4408 1416 4460 Οὐδὲ
1434 4407 1542 4478 γὰρ
1567 4408 1755 4478 χρείαν

206 4492 302 4561 ἔχει
333 4493 360 4545 6
387 4493 578 4556 πιστὸς
602 4495 823 4562 σημεῖον
859 4491 1009 4554 ἰδεῖν,
1037 4491 1172 4545 ἀλλὰ
1209 4490 1556 4554 διδασκαλίας
1581 4491 1752 4544 δεῖται

209 4579 350 4644 μόνον
381 4578 476 4630 καὶ
501 4578 875 4647 κατηχήσεως.
915 4574 1040 4639 Πῶς
1075 4571 1170 4628 οὖν
1207 4575 1270 4627 σὺ
1319 4575 1519 4642 λέγεις,
1565 4577 1750 4644 φησὶν,

161 4686 168 4692 -
211 4659 513 4729 ἀμφοτέροις
547 4661 816 4729 χρήσιμον
855 4658 996 4711 εἶναι
1043 4658 1142 4728 τὴν
1188 4657 1541 4727 προφητείαν,
1589 4657 1754 4710 αὑτοῦ

210 4739 458 4809 λέγοντος,
484 4745 566 4796 Ob
598 4742 719 4807 τοῖς
741 4743 1042 4806 ἀπίστοις,
1086 4740 1248 4796 ἀλλὰ
1277 4741 1401 4804 τοῖς
1438 4742 1757 4795 πιστεύου-

211 4838 333 4887 scr;
369 4823 494 4876 Ἐὰν
541 4823 781 4896 ἀκριϐῶς
831 4824 1111 4897 ἐξετάσῃς,
1161 4822 1284 4896 εἴσῃ
1328 4823 1387 4875 τὸ
1443 4823 1753 4895 λεγόμενον.

214 4905 326 4959 Οὐδὲ
347 4905 454 4976 γάρ
480 4900 651 4967 εἶπεν,
681 4907 762 4960 ὅτι
798 4906 899 4958 οὐκ
931 4905 1046 4959 ἔστι
1089 4907 1410 4976 χρήσιμοςὴ
1452 4908 1758 4976 προφητεία

164 5014 168 5016 -
215 4990 305 5052 τοῖς
326 4989 596 5055 ἀπίστοις,
646 4989 784 5052 ἀλλ’,
827 4989 941 5042 Οὐκ
987 4989 1134 5042 ἐστιν
1184 4990 1264 5050 εἰς
1306 4991 1552 5059 σημεῖον,
1599 4990 1674 5054 ὡς
1724 4992 1758 5062 ἡ

217 5073 427 5138 γλῶττα,
459 5073 731 5143 ἀνωφελὲς
781 5073 1042 5143 δηλονότι.
1101 5073 1232 5127 Οὐδὲ
1264 5077 1375 5137 τοῖς
1415 5075 1662 5137 ἀπίστοις
1707 5092 1759 5128 τι

215 5158 518 5227 χρήσιμονή
550 5155 797 5226 γλῶτταο
829 5156 886 5209 ἓν
920 5157 1028 5226 γάρ
1059 5156 1228 5223 αὐτῆς
1263 5159 1378 5210 ἐστι
1411 5156 1470 5209 τὸ
1499 5157 1677 5229 ἔργον,
1700 5158 1762 5211 τὸ

216 5240 458 5311 ἐκπλῆξαι
492 5240 650 5310 μόνον
687 5239 781 5294 καὶ
817 5239 1134 5310 θορυϐῆσαι.
1166 5240 1238 5291 Τὸ
1263 5239 1371 5310 γάρ
1406 5242 1629 5308 σημεῖον
1654 5242 1762 5295 τῶν

219 5321 379 5391 μέσων
408 5321 552 5374 ἐστίν
574 5336 588 5352 ⁸
613 5322 687 5384 ὡς
711 5323 838 5373 ὅταν
856 5320 1010 5391 λέγῃ,
1036 5321 1299 5388 Ποίησον
1321 5323 1447 5391 μετ’
1467 5320 1614 5390 ἐμοῦ
1654 5336 1765 5390 ση-

212 5406 379 5476 μεῖον,
425 5403 519 5458 καὶ
570 5403 945 5475 προστίθησιν,
991 5406 1077 5469 είς
1109 5402 1365 5472 ἀγαθόν’
1422 5403 1516 5455 καὶ
1562 5403 1760 5470 πάλιν,

226 5486 535 5556 Ἐγενήθην
578 5486 719 5540 ὠσεί
764 5486 937 5555 τέρας
969 5485 1094 5552 τοῖς
1140 5485 1412 5552 πολλοῖς,
1457 5485 1756 5553 τουτέστιν,

217 5571 279 5632 εἰς
306 5571 540 5641 σημεῖον.

271 5652 329 5724 β’.
373 5652 478 5704 Καὶ
511 5651 596 5704 ἵνα
631 5648 825 5723 μάθῃς,
850 5649 930 5704 ὅτι
965 5650 1023 5703 τὸ
1055 5654 1276 5722 σημεῖον
1308 5649 1538 5704 ἐνταῦθα
1570 5648 1668 5718 οὐχ
1688 5649 1762 5712 ὡς

1157 315 1222 369 IN
1267 313 1482 371 EPIST.
1526 313 1546 366 ι
1585 312 1676 368 AD
1711 311 1870 368 (ΞΟΠ.
1915 311 2152 372 ΠΟΜΠ..
2188 312 2425 368 XXXVI.

3324 313 3431 371 308

1848 427 2024 497 πάντη
2066 428 2340 497 χρήσιμόν
2384 444 2438 480 τι
2477 428 2667 482 ποιοῦν
2717 430 3059 502 παρήγαγεν,
3094 433 3337 505 ἐπήγαγε
3370 435 3436 489 τδ

1846 509 1906 572 ἐξ
1939 509 2106 562 αὑτοῦ
2144 511 2452 580 γινόμενον.
2491 512 2555 564 Τί
2594 513 2652 566 δὲ
2696 509 2765 584 ἦν
2797 515 2987 583 τοῦτο;
3031 519 3289 587 Ἑροῦσι,
3327 537 3432 590 φη·-

1848 591 1955 657 σὶν,
2005 592 2095 645 ὅτι
2145 594 2468 648 Μαίνεσθε.
2523 595 2692 648 Τοῦτο
2717 595 2773 650 δὲ
2796 598 2862 650 οὐ
2893 600 3044 671 παρὰ
3085 601 3184 671 τὴν
3212 600 3306 654 τοῦ
3334 618 3432 672 ση-

1849 675 2002 744 μείου
2045 675 2228 744 φύσιν,
2261 677 2396 732 ἀλλά
2436 679 2588 749 παρὰ
2617 679 2714 750 τὴν
2762 682 2948 736 ἄνοιαν
2978 683 3222 738 ἐκείνων.
3281 685 3433 738 Ἀπί-

1848 773 2009 820 στους
2043 757 2099 812 δὲ
2151 761 2281 812 ὅταν
2328 759 2589 832 ἀκούσῃς,
2627 761 2702 832 μὴ
2733 764 2859 828 τοὺς
2901 765 3097 829 αὐτοὺς
3151 767 3432 838 πανταχοῦ

1845 838 2035 908 νόμιζε
2071 841 2344 909 λέγεσθαι,
2392 843 2528 897 ἀλλά
2559 844 2690 898 ποτὲ
2722 845 2820 914 μὲν
2844 847 2971 910 τοὺς
3009 847 3075 900 τὰ
3121 848 3314 901 ἀνίατα
3344 865 3433 902 νο-

1847 921 2076 987 σοῦντας
2105 926 2200 977 καὶ
2224 926 2586 997 ἀδιορθὼτους
2618 928 2902 999 μένοντας,
2937 931 3070 984 ποτὲ
3098 931 3153 984 δὲ
3182 933 3310 994 τοὺς
3337 933 3432 986 καὶ

1848 1005 2243 1076 μεταϐαλέσθαι
2291 1009 2640 1077 δυναμένους,
2673 1007 2774 1064 οἷοι
2813 1009 2954 1082 ἦσαν
3009 1015 3100 1066 ἐπὶ
3148 1014 3260 1067 τῶν
3292 1015 3431 1068 ἀπο-

1847 1089 2046 1142 στόλων
2073 1091 2123 1143 οί
2158 1090 2528 1161 θαυμάζοντες
2557 1091 2625 1146 τὰ
2651 1092 2918 1166 λεγόμενα
2959 1095 3051 1148 τοῦ
3087 1095 3223 1150 Θεοῦ
3260 1114 3432 1166 μεγα-

1843 1169 1960 1224 λεῖα
1979 1188 1993 1201 ·
2019 1168 2120 1226 οἷοι
2148 1173 2243 1228 ἐπὶ
2268 1175 2361 1227 τοῦ
2396 1173 2719 1245 Κορνηλίου.
2763 1165 2834 1231 ’⁸⁸0
2861 1178 3041 1232 τοίνυν
3069 1179 3238 1248 λέγει,
3263 1165 3431 1233 τοῦτό

1845 1256 1994 1308 ἐστιν
2016 1272 2031 1287 ο
2065 1257 2201 1327 ὅτιὴ
2236 1259 2333 1327 μὲν
2364 1258 2672 1329 προφητεία
2705 1260 2799 1314 καὶ
2830 1263 2886 1314 ἐν
2921 1264 3033 1326 τοῖς
3059 1263 3307 1326 ἀπίστοις
3337 1265 3432 1318 καὶ

1847 1340 1905 1390 ὲν
1929 1341 2040 1402 τοῖς
2079 1343 2289 1403 πιστοῖς
2325 1342 2498 1413 ἰσχύει
2522 1359 2535 1372 ·
2567 1343 2664 1414 τὴν
2697 1343 2756 1398 δὲ
2791 1345 3041 1412 γλῶτταν
3067 1346 3352 1410 ἀκούοντες
3380 1349 3429 1400 οί

1845 1422 2060 1487 ἄπιστοι
2089 1423 2184 1476 καὶ
2215 1424 2452 1496 ἀνόητοι.
2481 1426 2540 1479 οὐ
2579 1426 2738 1496 μόνον
2772 1428 2834 1480 οὐ
2866 1427 3264 1498 κερδαίνουσιν,
3293 1427 3432 1481 ἀλλὰ

1845 1503 1938 1556 καὶ
1975 1505 2370 1572 καταγελῶσιν,
2400 1508 2476 1570 ὡς
2501 1509 2866 1578 μαινομένων,
2889 1509 2996 1563 τῶν
3019 1509 3429 1579 φθεγγομένων.

1845 1585 1956 1639 Καὶ
1988 1588 2095 1658 γὰρ
2122 1589 2201 1649 είς
2235 1590 2460 1661 σημεῖόν
2487 1592 2636 1644 ἐστιν
2682 1593 2868 1654 αὐτοῖς
2897 1592 3085 1661 μόνον·
3132 1591 3428 1656 τουτέστιν,

1837 1668 1927 1731 ἐίς
1951 1669 2011 1722 τὸ
2060 1670 2458 1741 ἐκπλήττεσθαι
2504 1673 2727 1738 ἁπλῶςο
2763 1676 2840 1738 ὡς
2867 1675 2922 1727 οἵ
2947 1690 3012 1743 γε
3053 1672 3178 1728 νοῦν
3216 1673 3432 1744 ἔχοντες

1846 1752 1942 1806 καὶ
1969 1754 2298 1824 ἐκέρδαινον,
2333 1755 2398 1809 δι’
2429 1755 2457 1808 ὃ
2485 1757 2643 1828 ἐδόθη
2673 1757 2735 1812 τὸ
2761 1775 2827 1830 ση
2837 1761 3010 1829 μεῖον.
3037 1758 3113 1812 Οὐ
3139 1757 3247 1829 γὰρ
3271 1758 3433 1829 μόνον

1844 1835 1894 1888 οί
1949 1835 2120 1908 μέθην
2168 1837 2346 1890 αὐτῶν
2401 1840 2837 1912 κατηγοροῦντες
2894 1836 3034 1911 ἦσαν
3092 1840 3238 1903 τότε,
3291 1839 3432 1893 ἀλλὰ

1847 1918 2032 1972 πολλοὶ
2063 1920 2158 1974 καὶ
2204 1921 2513 1992 ἐθαύμαζον
2557 1924 2776 1987 αὐτοὺς,
2810 1924 2887 1986 ὡς
2918 1923 2988 1977 τὰ
3037 1923 3301 1994 μεγαλεῖα
3332 1919 3430 1975 τοῦ

1842 2001 1983 2054 ’Θεοῦ
2032 2002 2449 2074 διηγουμένουςο
2496 2005 2638 2059 ὥστε
2683 2008 2732 2059 οί
2782 2006 3068 2074 γελῶντες,
3117 2008 3167 2061 οἱ
3213 2005 3431 2076 ἀνόητοι

1842 2081 2007 2155 ἦσαν.
2052 2087 2143 2139 Διὸ
2186 2087 2282 2141 καὶ
2309 2087 2521 2152 Παῦλος
2561 2090 2660 2159 οὐχ
2707 2089 2893 2154 ἁπλῶς
2929 2084 3104 2153 εἶπεν,
3150 2083 3433 2156 Ἐροῦσιν

1847 2167 1936 2221 ὅτι
1964 2170 2287 2230 Μαίνεσθε,
2320 2170 2455 2225 ἀλλὰ
2498 2172 2861 2243 προσέθηκεν,
2909 2171 3124 2227 ’διῶται
3155 2172 3255 2226 καὶ
3289 2171 3428 2225 ἀπι-

1846 2266 2002 2304 στοι.
2045 2251 2109 2304 Ἡ
2135 2251 2190 2304 δὲ
2223 2253 2527 2323 προφητεία
2555 2254 2654 2307 οὑκ
2683 2256 2761 2317 είς
2794 2258 3020 2325 σημεῖον
3052 2253 3261 2318 ἁπλῶς,
3291 2251 3431 2308 ἀλλὰ

1846 2333 1942 2386 καὶ
1984 2335 2064 2397 είς
2093 2335 2274 2387 πίστιν
2304 2335 2398 2388 καὶ
2436 2338 2516 2400 εἰς
2562 2336 2833 2406 ὠφέλειαν
2867 2337 3202 2409 ἀμφοτέροις
3231 2339 3428 2407 ἐπιτη-

1846 2415 1965 2469 δεία
2018 2417 2111 2470 καὶ
2162 2418 2452 2488 χρήσιμος.
2501 2419 2612 2473 Καὶ
2641 2420 2798 2474 τοῦτο
2851 2422 2900 2474 εἰ
2947 2423 3042 2474 καὶ
3202 2419 3426 2484 εὐθέως,

1845 2499 1982 2554 ἀλλὰ
2023 2499 2111 2554 διὰ
2143 2501 2249 2554 τῶν
2291 2501 2419 2572 ἑξῆς
2465 2504 2796 2574 σαφέστερον
2826 2504 3190 2576 ἡρμήνευσεν,
3223 2501 3425 2555 είπών·

1858 2582 2199 2653 Ἐλέγχεται
2233 2584 2352 2638 ὑπὸ
2402 2583 2664 2640 πάντων.
2709 2587 2842 2638 Ἐὰν
2881 2587 2992 2654 γὰρ
3025 2584 3247 2650 πάντες
3282 2597 3428 2652 προ-

1845 2667 2172 2734 ρητεύωσι,
2207 2667 2391 2735 φησὶν,
2436 2667 2682 2736 εἰσέλθῃ
2711 2667 2778 2721 δέ
2807 2666 2959 2739 [555]
2990 2685 3079 2733 τις
3106 2667 3361 2729 ἄπιστος
3387 2665 3429 2733 ἦ

1849 2747 2118 2815 ἰδιώτης,
2180 2748 2487 2818 ἐλέγχεται
2540 2749 2661 2804 ὑπὸ
2729 2751 2992 2814 πάντων,
3049 2748 3429 2816 ἀνακρίνεται

1845 2832 1965 2886 ὑπὸ
2012 2834 2273 2897 πάντων,
2327 2834 2424 2886 καὶ
2464 2834 2616 2887 οὕτω
2661 2835 2732 2888 τὰ
2768 2836 2999 2902 κρυπτὰ
3031 2833 3142 2902 τῆς
3182 2830 3430 2898 καρδίας

1846 2913 2031 2968 αὑτοῦ
2059 2915 2286 2982 φανερά
2324 2917 2569 2981 γίνεται,
2598 2916 2697 2970 καὶ
2727 2917 2932 2969 πεσὼν
2977 2916 3075 2968 ἐπὶ
3105 2915 3431 2982 πρόσωπον

1847 2998 2260 3066 προσκυνήσει
2290 2997 2369 3064 τῷ
2408 2999 2550 3063 Θεῷ.
2585 2999 2984 3068 ἀπαγγέλλων
3011 2998 3100 3051 ὅτι
3141 2997 3285 3061 Θεὸς
3327 2993 3427 3049 ὄν-

1847 3098 1962 3147 τως
2016 3081 2085 3134 ἐν
2133 3081 2276 3151 ὑμῖν
2308 3081 2497 3135 ἐστιν.
2543 3083 2705 3134 Ὥστε
2739 3084 2798 3134 οὐ
2827 3081 3002 3150 τούτῳ
3037 3079 3195 3151 μόνον
3229 3079 3429 3150 μείζων

1847 3164 1880 3234 ὴ
1915 3165 2219 3235 προφητεία
2247 3165 2325 3235 τῷ
2359 3167 2414 3216 ὲν
2461 3166 2746 3236 ἑκατέροις
2799 3163 3024 3235 ἰσχύειν,
3059 3163 3194 3218 ἀλλά
3225 3163 3321 3216 καὶ
3349 3161 3429 3232 τῷ

1846 3247 1975 3309 τοὺς
2036 3248 2555 3319 ἀναισχυντοτέρους
2613 3248 2720 3304 τῶν
2775 3249 3019 3302 ἀπίστων
3082 3247 3423 3316 ἐφέλκεσθαι.

1848 3331 1983 3384 Οὐδὲ
2033 3332 2143 3402 γὰρ
2189 3331 2251 3383 τὺ
2303 3333 2438 3385 αὐτὸ
2488 3331 2672 3400 θαῦμα
2724 3327 2812 3401 ἦν,
2845 3333 2932 3385 ὅτε
2965 3331 3064 3402 τὴν
3109 3329 3423 3399 Σάπφειραν

1847 3413 2091 3485 Ιίγλεγξεν,
2148 3415 2283 3486 ὅπερ
2336 3414 2672 3484 προφητείας
2736 3412 2824 3485 ἦν,
2893 3414 2988 3468 καὶ
3021 3415 3108 3466 ὅτε
3156 3410 3430 3480 γλώσσαις

1849 3496 2027 3550 ἐλάλει
2053 3497 2260 3568 Πέτρος
2281 3514 2294 3527 ·
2322 3497 2459 3549 ἀλλὰ
2487 3497 2606 3549 τότε
2642 3498 2738 3566 μὲν
2768 3497 2968 3559 πάντες
3000 3495 3424 3563 συνεστάλησαν,

1848 3579 1936 3632 ὅτε
1984 3578 2041 3630 δὲ
2085 3576 2359 3646 γλώσσαις
2389 3573 2604 3639 ἐλάλει,
2657 3579 2750 3631 καὶ
2805 3578 3213 3649 παραπαίοντος
3269 3575 3427 3629 ἔλαϐε

1847 3661 2024 3726 δόξαν.
2052 3659 2251 3713 Εἰπὼν
2285 3660 2486 3721 τοίνυν,
2526 3661 2608 3712 ὅτι
2655 3661 2753 3712 οὐκ
2783 3661 3030 3729 ὠφέλησε
3055 3659 3293 3727 γλῶττα,
3331 3659 3428 3710 καὶ

1849 3743 2254 3814 ὑποτέμόμενος
2313 3742 2478 3796 πάλιν
2522 3742 2653 3795 αὐτὸ
2689 3743 2846 3796 τοῦτο
2876 3742 2953 3811 τῷ
2979 3743 3039 3794 τδ
3073 3741 3320 3812 ἔγκλημα
3349 3741 3429 3802 είς

1848 3825 1978 3885 τοὺς
2042 3821 2332 3884 Ἰουδαίους
2381 3822 2730 3893 περιτρέψαι,
2788 3820 2994 3893 προῖὼν
3041 3820 3309 3874 δείκνυσιν
3347 3819 3428 3874 ὅτι

1843 3905 1946 3959 ’καὶ
1987 3904 2233 3975 βλάπτει.
2291 3905 2399 3958 Καὶ
2429 3907 2593 3970 τίνος,
2625 3905 2810 3974 φησὶν,
2854 3904 3041 3956 ἕνεκεν
3074 3901 3264 3973 ὲδόθης
3312 3902 3428 3954 Ἵνα

2240 3988 2253 4006 Ι
2364 4005 2369 4006 ,
2442 3989 2483 4006 κ*
2543 4003 2554 4006 _
2619 3989 2631 4005 ε

1855 3987 1994 4059 μετὰ
2023 3988 2319 4058 ἑρμηνείας
2353 3989 2518 4059 προΐῃ
2542 4003 2555 4016 ο
2603 3989 2679 4050 ὡς
2724 3987 2914 4040 τούτου
2962 3987 3276 4057 χωρὶς,’καὶ
3304 3985 3429 4038 τού-

1852 4071 2064 4126 ναντίον
2083 4071 2330 4124 ἐκϐαίνει
2354 4089 2427 4124 πα
2438 4071 2503 4140 ρὰ
2527 4072 2638 4133 τοῖς
2661 4071 2925 4140 ἀνοήτοις.
2963 4071 3096 4124 Ἐὰν
3120 4061 3248 4140 γάρ,
3273 4070 3427 4139 φησὶ,

1855 4153 2160 4224 γλώσσαις
2183 4153 2406 4220 πάντες
2431 4153 2726 4214 λαλῶσιν,
2755 4153 3070 4208 εἰσέλθωσι
3099 4151 3168 4205 δὲ
3189 4153 3430 4206 ἄπιστοι

1853 4238 1891 4305 ἢ
1923 4237 2166 4300 ἰδιῶται,
2187 4237 2452 4303 ἐροῦσιν,
2481 4236 2566 4288 ὅτι
2589 4238 2887 4290 Μαίνεσθε
2905 4248 2919 4262 ⁸
2942 4235 3198 4306 καθάπερ
3226 4231 3318 4289 οὖν
3337 4237 3431 4288 καὶ

1854 4322 1903 4374 οἱ
1954 4319 2242 4373 ἀπόστολοι
2276 4319 2581 4389 μεθυόντων
2609 4319 2912 4389 ἐλάμϐανον
2939 4318 3221 4372 ὑπόνοιαν·
3257 4315 3431 4373 Οὗτοι

1854 4403 1984 4472 γὰρ,
2010 4403 2162 4472 φησὶ,
2194 4403 2489 4470 γλεύκους
2510 4402 2952 4472 μεμεστωμένοι
2985 4402 3163 4455 εἰσίν.
3204 4401 3340 4454 Ἀλλ’
3369 4400 3432 4453 οὐ

1854 4483 1949 4536 τοῦ
1973 4484 2198 4554 σημείου
2230 4483 2555 4554 κατηγορία,
2591 4485 2726 4538 ἀλλὰ
2756 4486 2853 4554 τῆς
2886 4485 3110 4538 ἐκείνων
3143 4481 3431 4545 ίδιωτείας.

1857 4566 1955 4619 Διά
1987 4566 2144 4621 τοῦτο
2179 4566 2539 4637 προσέθηκεν,
2582 4565 2827 4621 Ἰδιῶται
2859 4567 2957 4619 καὶ
2997 4565 3260 4629 ἄπιστοι,
3295 4565 3434 4620 ὥστε

1856 4649 1958 4718 τῆς
1998 4649 2220 4703 ἐκείνων
2251 4649 2524 4719 ἀπειρίας
2566 4649 2604 4720 ’ἡ
2656 4648 2923 4720 ὑπόληψις
2983 4648 3078 4700 καὶ
3153 4648 3432 4710 ἀπιστίας.

1859 4733 2036 4803 Ὅπερ
2065 4733 2174 4802 γάρ
2207 4731 2378 4804 ἔφθην
2403 4735 2591 4797 εἰπὼν,
2618 4734 2718 4786 οὐκ
2747 4734 2803 4785 ἐν
2829 4734 2941 4794 τοῖς
2961 4731 3433 4801 διαϐεϐλημένοις,

1859 4815 1975 4869 ἀλλ’
1993 4818 2061 4867 ίὲν
2078 4818 2192 4878 τοῖς
2215 4816 2278 4868 οὐ
2303 4816 2510 4887 σφόδρα
2528 4815 2798 4884 ὠφελοῦσι
2829 4813 3120 4878 σπουδάζει
3135 4813 3435 4878 κατατάξαι

1857 4898 1921 4952 τὸ
1947 4898 2214 4969 χάρισμα,
2239 4899 2341 4951 καὶ
2365 4899 2542 4964 τοῦτο,
2571 4891 2712 4953 ὥστε
2736 4899 3091 4953 καταστεῖλαι
3119 4898 3316 4959 αὐτοὺς
3344 4899 3438 4952 καὶ

1860 4983 1943 5045 είς
1965 4982 2214 5053 ἀνάγκην
2246 4983 2474 5052 ἀγαγεῖν
2501 4982 2594 5036 τοῦ
2623 4984 2714 5036 τὸν
2743 4983 3111 5054 ἑρμηνεύοντα
3135 4981 3433 5051 ἐπιζητεῖν.

1873 5067 2091 5137 Ἐπειδὴ
2123 5067 2239 5138 ’γὰρ
2278 5067 2339 5120 οὐ
2379 5068 2514 5137 πρὸς
2543 5067 2700 5121 τοῦτο
2726 5066 2932 5138 ἐώρων,
2967 5066 3102 5119 ἀλλὰ
3151 5066 3284 5136 πρὸς
3316 5067 3437 5118 ἐπίο

1861 5150 2028 5217 δειξιν
2057 5151 2206 5221 αὑτῷ
2236 5151 2331 5204 καὶ
2355 5150 2665 5221 φιλοτιμίαν
2695 5152 2988 5222 ἐκέχρηντο
3012 5152 3060 5202 οί
3093 5149 3298 5211 πολλοὶ,
3332 5151 3440 5203 άπὸ

1861 5234 2051 5286 τούτου
2084 5233 2317 5304 μάλιστα
2347 5231 2570 5302 ἀπάγει,
2598 5232 2811 5296 δεικνὺς
2847 5234 2928 5286 δτι
2953 5235 3030 5296 εἰς
3068 5232 3224 5298 δόξαν
3257 5249 3439 5303 παρας

1863 5314 2212 5376 ϐλάπτονται,
2247 5316 2443 5384 μανίας
2484 5315 2752 5385 ὑπόληψιν
2795 5315 3087 5386 κτώμενοι.
3143 5317 3252 5368 Καὶ
3283 5317 3441 5368 τοῦτο

1867 5399 2102 5468 μάλιστά
2151 5400 2319 5463 ἐστιν,
2367 5398 2396 5451 ὃ
2430 5397 2669 5468 συνεχῶς
2701 5399 2970 5469 ἐπιχειρεῖ
3013 5397 3440 5460 κατασκευάζειν

1862 5482 1890 5533 ὁ
1929 5480 2161 5544 Παῦλος,
2207 5480 2336 5532 ὅταν
2372 5481 2514 5544 τινὸς
2543 5481 2780 5548 ἀπάγειν
2812 5481 3091 5552 βούληται,
3123 5483 3202 5543 είς
3233 5480 3373 5533 αὑτά
3403 5480 3440 5533 a

1864 5563 2127 5633 ἐπιθυμεῖ
2153 5561 2422 5616 δείκνυσιν
2453 5562 2616 5617 αὑτὸν
2659 5561 3200 5633 παραϐλαπτόμενον.
3233 5561 3342 5614 Καὶ
3374 5561 3438 5612 σὺ

1862 5645 2044 5700 τοίνυν
2085 5644 2228 5700 οὕτω
2260 5645 2438 5698 ποιεῖ·
2489 5645 2554 5700 ἂν
2579 5646 2771 5718 ἡδονῆς
2797 5644 3112 5718 ὰπαγάγῃς,
3141 5643 3310 5708 δεῖξον
3357 5642 3439 5696 ὅτι
