3998 6434
205 369 313 425 509

201 486 589 543 necessitatem
617 480 797 537 afferat
837 471 1144 546 requirendi
1183 472 1300 538 ejus
1344 469 1434 539 qui
1467 469 1791 535 interprete-

203 590 310 635 tur.
337 576 478 632 Nam
503 573 753 646 quoniam
793 585 897 625 non
928 584 992 624 eo
1022 563 1364 634 spectabant,
1399 558 1492 615 sed
1517 559 1582 612 ad
1609 552 1794 612 osten-

198 675 466 728 tationem
493 669 781 741 glorimque
808 673 863 718 ct
889 661 1108 717 honoris
1134 655 1480 726 cupiditatem
1514 650 1663 706 multi
1679 648 1796 741 hoc

195 767 347 822 dono
395 739 703 821 utebantur,
741 758 808 813 ab
849 770 915 811 eo
959 751 1189 808 maxime
1226 746 1475 805 abducit,
1504 739 1795 798 ostendens

194 875 295 915 eos
325 857 382 913 in
414 855 582 927 gloria
614 862 669 909 et
696 847 1087 907 existimatione
1129 853 1378 912 magnum
1406 836 1661 892 damnum
1699 847 1793 927 ac-

194 922 442 1022 cipere;
469 955 529 1001 ut
570 945 658 1016 qui
703 944 753 998 in
787 939 1008 996 insania:
1055 931 1416 1004 suspicionem
1445 927 1682 982 veniant.
1727 922 1795 978 Et

196 1045 303 1098 hoc
351 1049 437 1096 est
484 1037 748 1100 maxime,
796 1031 938 1104 quod
981 1027 1196 1085 assidue
1242 1023 1521 1080 adstruere
1567 1027 1795 1074 conatur

196 1135 436 1197 Paulus;
467 1129 682 1200 quando
709 1126 818 1181 vult
844 1123 912 1178 ab
939 1123 1114 1192 aliqua
1148 1133 1208 1173 re
1229 1115 1528 1176 abducere,
1559 1108 1796 1166 ostendit

193 1243 321 1284 eum
352 1223 479 1280 laedi
499 1224 552 1278 in
579 1222 646 1277 iis
675 1219 803 1290 ipsis
831 1232 948 1288 quzc
972 1211 1258 1270 desiderat.
1290 1209 1358 1264 Et
1386 1215 1440 1262 tu
1468 1217 1683 1276 quoque
1710 1201 1795 1256 fac

193 1317 450 1372 similiter
476 1332 489 1368 :
519 1315 564 1369 si
594 1328 625 1368 a
654 1311 926 1381 voluptate
954 1305 1220 1370 abducas,
1251 1297 1477 1356 ostende
1517 1311 1630 1352 rem
1673 1307 1795 1350 esse

195 1409 488 1473 acerbam;
519 1405 564 1462 si
593 1403 661 1459 ab
695 1402 839 1458 inani
866 1399 1037 1472 gloria
1079 1393 1359 1452 abstrahas
1379 1433 1394 1458 ,
1424 1387 1649 1446 ostende
1679 1400 1791 1441 rem

195 1517 322 1558 esse
352 1500 566 1571 plenam
591 1495 856 1552 dedecore
884 1501 940 1548 et
967 1489 1206 1547 infamia.
1247 1486 1338 1542 Sic
1376 1484 1536 1539 etiam
1565 1479 1792 1537 faciebat

195 1593 419 1649 Paulus.
450 1590 650 1646 Divites
676 1587 820 1644 enim
845 1584 1082 1640 avellens
1102 1581 1170 1636 ab
1194 1592 1377 1634 amore
1398 1573 1660 1647 pecuniae,
1687 1577 1792 1627 non

196 1688 336 1742 dixit
357 1686 533 1741 solum
555 1682 743 1738 noxias
763 1694 883 1736 esse
909 1677 1146 1741 divitias,
1176 1673 1271 1729 sed
1297 1670 1458 1728 etiam
1491 1668 1712 1738 injicere
1738 1666 1791 1720 in

199 1778 527 1834 tentationes
554 1793 568 1830 :
604 1789 726 1828 nam
751 1773 845 1836 ait,
881 1770 980 1837 Qui
1008 1768 1180 1822 volunt
1206 1764 1384 1818 divites
1409 1778 1533 1828 esse,
1564 1759 1793 1813 incidunt

196 1873 249 1926 in
279 1871 607 1925 tentalionem
639 1869 718 1938 (l.
752 1865 885 1920 Tim.
917 1865 970 1918 ὖ.
1003 1861 1083 1933 9).
1128 1859 1263 1927 Quia
1305 1856 1448 1912 enim
1477 1853 1794 1910 videbantur

198 1966 431 2020 liberare
457 1978 486 2016 a
534 1958 944 2022 tentationibus,
975 1955 1055 2010 eis
1083 1952 1268 2008 tribuit
1303 1946 1632 2004 contrarium
1677 1944 1792 2013 ejus

196 2058 342 2128 quod
369 2054 749 2112 existimabant
775 2050 993 2106 divites.
1020 2046 1126 2101 Alii
1167 2053 1405 2100 externae
1443 2054 1661 2109 operam
1693 2037 1790 2090 da-

197 2152 326 2204 bant
357 2147 666 2217 sapientire,
718 2153 986 2214 tamquam
1019 2139 1119 2193 hac
1153 2137 1360 2192 ratione
1397 2133 1588 2203 dogma
1629 2129 1790 2184 stabi-

196 2245 433 2298 lientes:
479 2237 714 2294 ostendit
761 2249 878 2291 eam
923 2249 1028 2289 non
1077 2231 1250 2286 solum
1296 2225 1442 2282 cruci
1487 2239 1593 2279 non
1632 2237 1787 2292 opem

196 2334 338 2388 ferre
359 2374 373 2397 ,
406 2331 500 2386 sed
533 2330 694 2385 etiam
727 2343 844 2383 eam
875 2323 1172 2382 exinanire.
1201 2318 1477 2390 Urgebant
1502 2324 1556 2369 ut
1579 2313 1788 2384 judica-

195 2433 384 2480 rcntur
409 2423 550 2493 apud
591 2421 757 2488 alios,
787 2418 1156 2475 existimantes
1188 2412 1460 2483 indignum
1495 2424 1614 2464 ρεςθ
1639 2407 1787 2477 judi-

192 2519 301 2573 cari
335 2517 476 2588 apud
521 2530 684 2584 suos,
729 2529 793 2569 ac
839 2513 883 2569 si
927 2509 1134 2567 externi
1162 2515 1345 2564 essent
1387 2503 1783 2574 sapientiores:

192 2611 429 2666 ostendit
457 2624 578 2665 esse
607 2619 764 2677 turpe
809 2605 937 2660 foris
971 2601 1219 2675 judicari.
1253 2597 1596 2656 Accedebant
1632 2595 1697 2650 ad
1725 2609 1785 2650 ea

191 2720 310 2775 qua:
337 2713 491 2760 erant
508 2703 666 2758 idolis
688 2700 978 2764 immolata,
1006 2709 1274 2767 tamquam
1296 2691 1583 2763 perfectam
1607 2700 1788 2745 osten-

194 2807 368 2853 tantes
395 2796 672 2851 scientiam
699 2813 713 2849 :
744 2792 980 2848 ostendit
1001 2791 1104 2845 hoc
1124 2803 1244 2845 esse
1266 2785 1593 2856 imperfecta:
1614 2783 1788 2839 scien-

192 2890 277 2942 tia:
299 2932 313 2952 ,
353 2887 562 2942 nescire
587 2885 963 2941 administrare
994 2897 1055 2937 ea
1087 2895 1206 2951 quae
1241 2885 1366 2934 sunt
1392 2877 1783 2947 proximorum.

193 2981 265 3035 Ita
295 2982 384 3037 hic
409 2995 644 3051 quoque,
674 2977 928 3050 quoniam
950 2975 1250 3046 linguarum
1278 2971 1476 3025 donum
1505 2975 1786 3038 stupentes

190 3073 614 3136 admirabantur,
639 3070 864 3142 gloriam
891 3076 1154 3131 amantes,
1179 3063 1416 3120 ostendit
1442 3061 1545 3116 hoc
1570 3059 1782 3129 quidem

191 3181 283 3222 eos
314 3166 550 3220 maxime
587 3163 854 3219 dedecore
884 3159 1102 3216 afﬁcere
1122 3199 1138 3223 ,
1179 3171 1285 3211 non
1334 3155 1506 3211 solum
1555 3165 1649 3207 eos
1679 3150 1786 3220 pri-

193 3272 321 3311 rans
351 3255 520 3328 gloria
546 3295 561 3319 ,
593 3254 688 3309 sed
720 3255 881 3310 etiam
924 3252 1046 3306 illos
1076 3250 1128 3306 in
1161 3247 1381 3304 insania:
1426 3245 1784 3316 suspicionem

193 3347 507 3417 conjiciens.
544 3346 613 3400 At
653 3361 758 3400 non
801 3345 982 3399 statim
1029 3343 1130 3397 hoc
1159 3341 1324 3410 dixit;
1366 3337 1459 3394 sed
1489 3352 1610 3392 cum
1642 3335 1823 3406 prius'

197 3439 473 3494 innumera
501 3437 754 3502 dixisset,
785 3435 1001 3506 quando
1027 3433 1202 3489 effecit
1245 3441 1302 3486 ut
1331 3430 1486 3485 facile
1511 3429 1784 3499 excipere-

194 3545 275 3588 tur
307 3542 571 3603 grataque
606 3538 753 3586 esset
782 3529 975 3592 oratio,
1007 3537 1132 3582 tunc
1157 3523 1430 3595 subjungit
1456 3523 1510 3577 id
1535 3522 1676 3593 quod
1703 3531 1787 3578 est

193 3625 505 3680 admirabile
529 3633 584 3680 et
609 3631 808 3694 praeter
834 3621 1164 3692 opinionem.
1195 3617 1290 3672 Est
1317 3626 1494 3671 autem
1527 3614 1643 3669 haec
1673 3629 1787 3668 meo

193 3718 376 3773 dilatio
408 3719 507 3787 ipsi
537 3715 831 3771 familiaris.
867 3715 1002 3770 Eum
1030 3713 1172 3768 enim
1200 3711 1291 3781 qui
1333 3710 1541 3765 firmam
1566 3716 1785 3763 sentem

198 3811 317 3875 tiam
366 3819 450 3864 est
480 3809 841 3864 labefacturns
876 3815 931 3862 ct
968 3805 1020 3859 in
1063 3803 1394 3859 contrarium
1424 3813 1786 3857 conversurus

198 3904 419 3958 ﬁrmiter
469 3902 842 3972 stabiliterque
898 3906 1216 3969 conceptam
1272 3895 1616 3964 opinionem,
1679 3907 1783 3946 non

197 4004 398 4064 oportet
428 3995 609 4049 statim
637 3993 816 4048 dicere
842 3991 1172 4046 contrarium
1207 4006 1221 4042 :
1250 3995 1394 4042 esset
1415 3986 1558 4041 enim
1590 3983 1788 4038 ridicu-

201 4086 277 4142 lus
296 4086 436 4156 apud
462 4101 578 4151 eos,
620 4099 757 4155 quos
781 4081 1052 4138 contraria
1079 4077 1472 4152 praeoccupavit
1499 4074 1782 4131 sententia.

199 4179 322 4234 Nam
351 4180 495 4251 quod
521 4188 604 4234 est
627 4178 786 4234 valde
812 4175 1128 4232 admirabile
1151 4184 1208 4231 et
1232 4182 1429 4244 praeter
1450 4171 1782 4242 Opinionem,

202 4288 299 4325 non
327 4271 485 4328 facile
511 4271 718 4326 admitti
744 4269 943 4343 poterit
972 4269 1040 4324 ab
1067 4268 1247 4330 initio;
1278 4265 1372 4322 sed
1399 4272 1630 4336 oportet,
1663 4277 1784 4318 cum

204 4381 292 4434 per
319 4366 419 4419 alia
466 4366 611 4435 prius
637 4373 784 4420 recte
813 4362 1100 4420 sufl‘oderis
1129 4369 1184 4416 et
1209 4359 1491 4431 irrepseris
1509 4400 1524 4426 ,
1552 4357 1630 4413 sic
1657 4371 1786 4412 con-

201 4467 402 4513 vertere
430 4459 483 4512 in
511 4458 860 4512 contrarium.

267 4551 319 4605 3.
353 4548 441 4604 Sic
470 4560 617 4604 certe
644 4548 767 4604 fecit
800 4547 962 4602 etiam
999 4546 1276 4602 disserens
1308 4543 1377 4600 de
1418 4541 1784 4598 matrimonio.

205 4641 328 4695 Nam
358 4642 608 4712 quoniam
642 4641 794 4695 multi
826 4639 1064 4694 animum
1091 4637 1416 4692 adhibebant
1445 4634 1788 4691 matrimonio

208 4743 466 4805 tamquam
503 4733 586 4789 rei
651 4733 833 4804 inqua
869 4740 1015 4787 esset
1047 4731 1200 4801 quies
1239 4738 1293 4786 et
1335 4729 1632 4792 recreatio;
1675 4727 1788 4799 ipse

207 4837 375 4882 autem
396 4827 610 4881 volebat
635 4825 943 4889 ostendere,
976 4839 1084 4880 non
1115 4823 1266 4894 jungi
1297 4822 1639 4878 matrimonio
1668 4835 1789 4876 esse

211 4919 431 4987 quietem
461 4932 525 4971 ac
569 4917 983 4984 recreationcm,
1025 4916 1068 4971 si
1105 4915 1284 4970 statim
1313 4913 1528 4985 quidem
1561 4914 1664 4968 hoc
1702 4913 1786 4968 di-

215 5012 384 5076 xisset,
416 5025 522 5066 non
571 5009 786 5067 fecisset
808 5018 868 5065 ut
909 5010 1012 5065 hoc
1039 5017 1146 5066 tam
1192 5008 1348 5065 facile
1373 5008 1748 5064 admitteretur
1774 5029 1786 5064 :

220 5118 340 5159 nunc
359 5114 541 5159 autem
566 5118 687 5159 cum
713 5111 836 5174 post
861 5102 1026 5158 multa
1046 5102 1147 5157 hoc
1167 5102 1457 5172 posuisset,
1487 5109 1790 5172 opportune

224 5194 480 5261 inducens,
514 5195 670 5250 facile
701 5193 956 5265 perculsit
994 5193 1287 5249 auditores.
1329 5192 1442 5247 Hoc
1467 5193 1628 5248 etiam
1665 5191 1790 5261 fecit

225 5289 266 5343 iu
290 5290 604 5360 virginitate.
631 5288 765 5344 Nam
795 5302 919 5343 cum
942 5295 1098 5343 antea
1125 5286 1292 5342 multa
1320 5286 1569 5353 dixisset,
1597 5294 1651 5341 et
1673 5301 1792 5340 rur-

225 5396 300 5438 sus
321 5395 525 5454 postea,
549 5395 677 5439 tunc
699 5383 831 5439 dicit
861 5400 875 5439 :
913 5381 1066 5436 Vobis
1089 5398 1242 5448 parco
1271 5397 1289 5434 ε
1309 5391 1382 5446 et,
1421 5379 1554 5435 Volo
1571 5396 1656 5435 vos
1684 5396 1793 5434 esse

225 5477 312 5532 sine
337 5479 682 5533 sollicitudine
709 5478 786 5549 (ί.
826 5475 945 5530 Cor.
979 5477 1031 5530 7.
1062 5475 1154 5531 28.
1189 5473 1305 5544 59).
1339 5474 1453 5530 lloc
1481 5473 1606 5528 facit
1629 5474 1788 5529 etiam

224 5584 266 5624 In
291 5571 498 5641 linguis,
541 5569 835 5625 ostendens
876 5584 971 5624 eas
998 5584 1104 5623 non
1150 5568 1323 5624 solum
1352 5568 1565 5637 privare
1596 5567 1788 5636 gloria,

222 5660 299 5718 sed
322 5678 414 5720 eos
441 5662 629 5728 etiam,
658 5661 747 5731 qui
777 5661 880 5716 hoc
904 5661 1102 5716 donum
1133 5661 1352 5724 habent,
1384 5661 1580 5730 probro
1605 5674 1670 5715 ac
1698 5659 1791 5714 tle-

221 5753 394 5811 decore
418 5754 638 5812 afﬁcere
675 5753 814 5824 apud
843 5753 1104 5809 inﬁdeles.
1137 5753 1421 5821 Pmphetia
1449 5761 1625 5808 autem
1657 5767 1790 5807 con-

223 5852 282 5901 tm
307 5848 509 5919 probro
541 5861 604 5901 ac
629 5845 893 5901 dedecore
929 5853 1082 5901 vacat
1116 5843 1258 5916 apud
1305 5843 1566 5911 infideles,
1597 5854 1647 5900 et
1677 5860 1787 5902 ma-

551 5946 818 6005 Ps'raot.
865 5948 979 6008 (in.
1033 5947 1182 6008 l..\’l.

1202 355 1263 410 IN
1306 351 1521 410 EPIST.
1564 351 1582 404 1
1647 349 1739 403 AD
1779 347 1934 401 (20R.
1983 345 2211 400 ilOMlL.
2256 348 2497 402 XXXVI.

3395 333 3500 397 sto

1903 463 2098 516 ximam
2130 463 2290 519 habet
2313 466 2538 536 gloriam
2567 478 2621 522 et
2646 467 2947 523 utilitatem.
2972 467 3104 522 Nam
3134 469 3186 524 in
3215 470 3497 543 prophetia

1903 569 2060 634 uento
2085 555 2226 610 dicet
2256 571 2351 611 eos
2381 559 2636 623 insanire,
2681 575 2781 615 nec
2823 561 3067 615 irridebit
3107 577 3201 616 ens
3239 562 3329 631 qui
3369 563 3496 632 pro-

1903 644 2142 715 phetant,
2171 635 2264 704 sed
2291 658 2475 704 contra
2507 657 2600 706 eos
2641 651 2879 721 stupebit
2913 662 2968 708 et
2993 644 3364 708 admirabitur.
3400 656 3498 708 Ar-

1901 750 2122 812 guuntur
2151 743 2292 822 enim
2335 752 2396 798 ac
2434 746 2803 800 convincuntur
2846 739 2908 800 ab
2946 736 3220 812 omnibus;
3256 734 3360 804 lt'oc
3389 759 3495 813 est,

1901 847 1963 889 ea
2009 849 2129 917 qua:
2185 833 2345 891 habet
2394 837 2446 892 in
2489 823 2654 894 corde
2701 837 2752 892 in
2800 826 3033 894 'medium
3080 825 3418 897 adducuntur
3443 853 3497 898 et

1899 926 2256 982 ostenduntur
2281 919 2555 985 omnibus.
2579 931 2695 986 Non
2725 943 2850 987 sunt
2877 941 3056 988 autem
3086 936 3256 1006 paria,
3291 936 3497 1006 ingrcs~

1899 1035 2018 1076 sum
2045 1022 2350 1092 quempiam
2376 1024 2580 1092 videre,
2610 1025 2756 1079 illum
2784 1026 2999 1096 quidem
3029 1027 3243 1083 Persice
3269 1027 3494 1098 loquen-

1903 1121 2030 1176 tem,
2065 1112 2205 1169 hunc
2229 1123 2406 1170 autem
2429 1115 2669 1188 Syriace;
2691 1128 2746 1173 et
2769 1119 3068 1188 ingressum
3090 1119 3278 1174 audire
3295 1136 3494 1175 arcana

1898 1203 2016 1280 ejus
2045 1206 2260 1269 mentis.
2293 1207 2407 1263 sive
2437 1217 2646 1264 tentans
2665 1220 2718 1265 et
2743 1211 2883 1264 malo
2908 1212 3108 1277 animo,
3141 1213 3255 1268 sive
3282 1213 3494 1268 sincere

1898 1305 1952 1352 et
1977 1298 2117 1352 bono
2139 1300 2316 1354 animo
2340 1303 2410 1355 sit
2436 1302 2706 1372 ingressus
2734 1319 2748 1366 ;
2779 1311 2834 1357 et
2859 1303 3000 1373 quod
3037 1302 3142 1358 hoc
3181 1295 3396 1374 quidem
3425 1306 3495 1359 ab

1898 1389 1990 1444 illo
2017 1401 2223 1463 gestum
2255 1395 2345 1460 sit,
2379 1394 2446 1449 de
2496 1396 2585 1450 illo
2627 1404 2806 1451 autem
2855 1397 2924 1451 sit
2953 1389 3351 1452 consultatum:
3393 1401 3494 1453 hoc

1898 1484 2039 1539 enim
2071 1493 2152 1540 est
2177 1486 2270 1541 illo
2295 1488 2464 1542 multo
2488 1475 2781 1544 terribilius
2807 1486 2861 1545 et
2891 1489 3092 1543 Utilius.
3126 1490 3414 1562 Propterea
3440 1492 3492 1546 ir.

1898 1576 2092 1647 linguis
2122 1579 2339 1648 quidem
2385 1580 2517 1660 dicit
2549 1597 2641 1635 vos
2669 1582 2937 1638 insanire:
2962 1581 3056 1637 sed
3084 1582 3184 1637 hoc
3209 1599 3274 1638 ex
3305 1595 3492 1639 senon

1897 1668 2048 1731 dicit.
2077 1685 2260 1726 verum
2284 1687 2348 1728 ex
2380 1672 2591 1729 illorum
2613 1674 2816 1744 judicio
2845 1692 2858 1728 :
2891 1674 3076 1731 Dicens
3098 1677 3261 1744 enim,
3295 1679 3488 1748 inquit,

1895 1763 2032 1834 quod
2059 1765 2311 1821 insanitis.
2360 1766 2456 1822 llic
2489 1777 2668 1823 autent
2700 1769 2867 1823 utitur
2890 1777 2946 1836 et
2976 1784 3158 1824 rerum
3201 1771 3487 1834 sententia,

1897 1865 1951 1912 et
1979 1872 2166 1912 eorum
2207 1861 2296 1928 qui
2319 1859 2593 1928 juvantur.
2624 1860 2949 1916 Conuincitur
2995 1845 3165 1925 enim,
3211 1862 3403 1933 inquit,
3430 1865 3493 1917 ab

1895 1950 2148 2016 omnibus,
2182 1951 2498 2020 dijudicatur
2527 1954 2590 2008 ab
2617 1955 2848 2010 omnibus
2877 1971 2895 2009 :
2926 1965 2971 2009 et
3001 1955 3074 2009 sic
3102 1956 3301 2009 occulta
3325 1957 3494 2010 cordis

1894 2044 2005 2112 ejus
2033 2043 2302 2115 manifesta
2326 2046 2476 2114 ﬁunt,
2505 2058 2551 2100 et
2573 2048 2644 2102 ita
2661 2048 2845 2102 cadens
2869 2047 2957 2102 ille
2978 2048 3028 2102 in
3057 2049 3238 2120 facient
3258 2047 3492 2102 adorabit

1895 2133 2081 2199 Deum,
2113 2139 2449 2204 pronuntians
2477 2141 2613 2209 quod
2642 2157 2753 2194 uere
2777 2140 2918 2195 Deus
2947 2141 2997 2194 in
3028 2141 3165 2195 vobis
3190 2142 3275 2196 sit.
3309 2141 3494 2197 Vidcu‘

1893 2227 2036 2297 quod
2068 2227 2172 2283 hoc
2201 2229 2415 2299 quidem
2449 2231 2520 2286 sit
2551 2231 2944 2287 indubitatum?
2972 2233 3102 2288 Nam
3131 2235 3236 2289 illic
3271 2235 3490 2305 quidem

1893 2321 1961 2377 de
1985 2337 2052 2376 eo
2081 2322 2222 2392 quod
2263 2322 2325 2377 fit
2351 2324 2661 2395 ambigitur,
2705 2337 2759 2382 et
2788 2327 3053 2398 quiSpiam
3093 2343 3158 2382 ex
3191 2327 3493 2383 infidelibus

1895 2413 1947 2468 id
1976 2413 2324 2485 adscripserit
2362 2417 2623 2473 insaniam
2653 2419 2744 2474 hic
2773 2429 2953 2475 autem
2984 2420 3118 2475 nihil
3163 2421 3267 2476 erit
3307 2421 3492 2490 hujus-

1894 2505 2060 2572 modi,
2085 2506 2180 2562 sed
2208 2516 2262 2562 et
2299 2507 2655 2565 admirabitur
2680 2520 2735 2566 et
2761 2509 3027 2575 adorabit,
3062 2511 3220 2568 faelis
3260 2512 3488 2582 primum

1890 2596 2176 2664 conﬁtens,
2201 2596 2396 2654 deinde
2419 2600 2580 2656 etiam
2603 2602 2802 2658 verbis.
2823 2602 2912 2658 Sic
2935 2604 3096 2658 etiam
3134 2602 3492 2659 Nabttcltodo‘

1891 2707 2055 2748 nosor
2082 2692 2247 2748 Deum
2274 2692 2765 2751 adoravitdicens:
2806 2695 2871 2751 In
2898 2696 3104 2751 veritate
3145 2695 3283 2751 Deus
3325 2708 3485 2752 vester

1890 2784 2000 2856 ipse
2027 2793 2099 2840 est
2120 2783 2260 2839 Deus
2286 2786 2516 2842 revelans
2548 2789 2810 2859 mysteria,
2834 2790 3075 2858 quoniam
3107 2789 3317 2860 potuisti
3347 2805 3487 2844 revea

1891 2878 1999 2932 lare
2029 2878 2319 2949 mysterium
2347 2879 2486 2935 istud
2507 2878 2670 2954 (Dan.
2699 2882 2754 2936 2.
2798 2882 2910 2953 47).
2943 2881 3190 2938 Vidistiu’
3218 2883 3322 2937 vim
3359 2895 3488 2953 pro-

1894 2970 2109 3039 phetiae,
2142 2972 2412 3042 quomodo
2457 2971 2693 3029 ferocem
2740 2974 2890 3029 illum
2935 2977 3220 3031 mutaverit
3249 2987 3303 3031 ct
3335 2978 3488 3032 insti-

1892 3064 2055 3120 tuerit
2074 3073 2126 3120 et
2145 3065 2212 3121 ad
2241 3065 2399 3122 fidem
2427 3067 2853 3125 deduxerit?26.~
2875 3068 3011 3137 Quid
3032 3086 3150 3141 ergo
3162 3070 3446 3140 est,fratres
3467 3074 3494 3124 ν

1891 3157 2022 3212 Cum
2048 3159 2342 3226 convenitis,
2393 3161 2736 3233 unusquisque
2777 3172 2997 3217 vestrum
3038 3163 3291 3234 psalmum
3323 3165 3486 3228 habet,

1892 3248 2176 3304 doctrinam
2206 3251 2374 3315 habet,
2424 3253 2654 3324 linguam
2703 3252 2868 3318 Itabet,
2922 3254 3273 3310 reuelationem
3319 3256 3485 3320 habet,

1891 3344 2357 3414 interpretationem
2387 3346 2536 3401 habet
2573 3363 2590 3402 :
2627 3350 2796 3402 omnia
2832 3348 2900 3402 ad
2921 3349 3311 3417 aedificationem
3338 3349 3486 3418 ﬁunt.

1895 3435 2140 3491 Vidistin’
2192 3438 2588 3494 Christianismi
2639 3439 3050 3495 fundamentum
3104 3449 3158 3494 et
3205 3440 3490 3508 regulam?

1890 3528 2040 3584 Sicut
2060 3529 2205 3586 enim
2233 3540 2317 3587 est
2337 3531 2562 3586 artiﬁcis
2598 3531 2835 3587 ofﬁcium
2869 3530 3155 3594 aediﬁcare,
3210 3531 3282 3585 ita
3321 3532 3486 3585 etiam

1892 3620 2185 3677 Christiani
2235 3622 2496 3692 proximis
2544 3637 2640 3694 per
2681 3625 2862 3679 omnia
2912 3623 3194 3693 prodesse.
3223 3622 3487 3689 Quoniam

1892 3724 2070 3771 autem
2102 3715 2156 3769 in
2183 3715 2382 3770 donum
2411 3716 2568 3772 valde
2593 3727 2675 3772 est
2704 3719 2966 3779 invectus,
2995 3732 3063 3772 ne
3093 3717 3340 3772 videatur
3366 3732 3488 3771 esse

1891 3820 2388 3877 supervacaneum;
2418 3824 2607 3864 eorum
2649 3811 2792 3865 enim
2837 3810 3030 3865 fastum
3070 3810 3260 3864 volens
3306 3808 3490 3878 depri-

1893 3915 2067 3965 mere,
2113 3901 2215 3955 hoc
2237 3901 2410 3955 solum
2440 3901 2594 3957 fecit:
2620 3918 2808 3958 rursus
2830 3903 3002 3973 ipsum
3029 3917 3150 3958 cum
3173 3904 3292 3957 aliis
3319 3918 3489 3956 anuu-

1893 4001 2082 4054 merat,
2116 3991 2301 4046 dicens
2327 4009 2338 4046 :
2369 3990 2637 4047 Psalmum
2671 3994 2838 4059 habet,
2869 3995 3154 4049 doctrinam
3182 3993 3347 4060 habet,
3390 3993 3491 4046 tin-

1892 4100 2046 4152 guant
2081 4083 2246 4137 habet.
2281 4083 2496 4140 Etenim
2527 4087 2764 4155 psalmos
2789 4086 2920 4140 olim
2949 4085 3216 4141 faciebant
3257 4101 3323 4139 ex
3361 4085 3491 4139 cha-

1894 4175 2113 4230 rismate
2147 4191 2241 4232 seu
2268 4175 2432 4242 dono,
2463 4186 2518 4232 et
2559 4177 2827 4233 docebant
2867 4193 2935 4233 ex
2963 4177 3110 4233 dono
3137 4197 3149 4234 :
3179 4176 3273 4231 sed
3313 4185 3491 4232 tamen

1897 4267 2012 4324 haec
2040 4267 2240 4333 omnia,
2293 4268 2482 4338 inquit,
2540 4268 2606 4322 ad
2655 4284 2818 4323 unum
2850 4268 3154 4338 aspiciant,
3203 4283 3395 4339 nempe
3425 4268 3492 4321 ad

1897 4359 2128 4429 proximi
2155 4359 2546 4414 correctionem
2575 4377 2588 4413 :
2623 4359 2756 4414 nihil
2801 4360 2892 4414 fiat
2932 4369 3141 4416 temere
3169 4371 3221 4416 et
3255 4359 3492 4414 inconsi-

1894 4451 2100 4508 derate.
2129 4451 2186 4508 Si
2212 4452 2354 4508 enim
2380 4468 2488 4507 non
2516 4454 2729 4509 accedis
2757 4453 2975 4510 fratrem
2997 4454 3379 4520 aediﬁcaturus,
3397 4469 3495 4509 cur

1893 4546 2141 4602 accedis?
2160 4545 2274 4601 Non
2305 4561 2494 4618 magna
2525 4563 2555 4601 a
2583 4563 2669 4602 me
2699 4547 2927 4603 habetur
2951 4549 3087 4603 ratio
3107 4548 3490 4604 charismatum

1895 4637 2211 4694 differentia:
2238 4656 2250 4691 :
2281 4654 2448 4693 unum
2483 4645 2569 4694 est
2611 4638 2743 4694 mihi
2789 4655 2955 4703 curae,
3000 4648 3055 4694 et
3097 4656 3260 4695 unum
3307 4649 3390 4694 est
3439 4641 3491 4694 in

1895 4731 2038 4801 quod
2065 4747 2245 4787 meum
2281 4747 2424 4802 pono
2447 4732 2706 4796 studium,
2739 4749 2934 4804 nempe
2966 4743 3022 4789 ut
3061 4735 3240 4789 omnia
3271 4733 3400 4789 ﬁant
3427 4735 3494 4788 ad

1896 4823 2328 4879 :edificationem.
2362 4824 2436 4879 ita
2476 4825 2641 4880 etiam
2674 4827 2762 4897 qui
2808 4843 3029 4897 parvum
3080 4826 3240 4882 habet
3268 4827 3493 4889 donum,

1897 4932 2022 4973 eum
2046 4918 2136 4990 qui
2167 4929 2418 4989 magnum
2460 4919 2619 4975 habet
2645 4921 2920 4990 superabit
2946 4937 3008 4976 ac
3049 4922 3492 4991 praetervehetnr,

1898 5012 1943 5068 si
1973 5012 2075 5068 hoc
2101 5011 2259 5067 adsit.
2291 5013 2583 5082 PrOpterea
2603 5014 2749 5068 enim
2777 5023 2901 5068 sunt
2925 5014 3086 5078 dona,
3122 5025 3174 5069 ut
3209 5017 3496 5085 unusquis-

1897 5119 2002 5174 que
2031 5103 2347 5159 mdiﬁcetur.
2377 5104 2435 5159 Si
2464 5104 2566 5160 hoc
2596 5105 2739 5160 enim
2778 5121 2883 5160 non
2929 5105 3128 5160 factum
3170 5105 3348 5173 fuerit,
3394 5109 3499 5160 erit

1897 5197 2096 5252 donum
2118 5196 2166 5252 ei
2184 5197 2272 5266 qui
2292 5197 2513 5268 ac'cepit,
2533 5199 2602 5253 ad
2619 5198 3140 5255 condemnationem.
3163 5199 3298 5267 Quid
3322 5201 3491 5264 enim.

1898 5287 1986 5345 dic
2006 5287 2158 5354 mihi,
2193 5288 2413 5358 prodest
2441 5288 2808 5360 prephetare?
2835 5289 2963 5360 quid
2988 5305 3119 5346 vero
3141 5301 3383 5348 mortuos
3401 5305 3494 5347 ex~

1899 5382 2088 5448 citare,
2129 5397 2251 5437 cum
2297 5383 2476 5438 nullus
2504 5383 2576 5438 sit
2603 5383 2694 5454 qui
2721 5383 2991 5439 lucretur?
3023 5383 3078 5440 Si
3109 5385 3194 5440 hic
3222 5397 3306 5443 est
3336 5402 3499 5457 porro

1899 5473 2164 5530 donorum
2193 5474 2334 5538 ﬁnis,
2369 5475 2498 5530 licet
2521 5484 2698 5530 autem
2725 5476 2886 5530 etiam
2917 5475 3026 5531 alio
3044 5477 3205 5532 modo
3233 5478 3335 5533 hoc
3359 5494 3492 5533 con-

1902 5568 2062 5624 ﬁcere
2085 5568 2288 5639 absque
2323 5568 2500 5634 donis,
2531 5582 2606 5624 nc'
2628 5579 2848 5639 propter
2877 5569 3025 5639 signa
3058 5569 3300 5626 cfl‘eraris
3332 5581 3386 5625 et
3409 5573 3461 5623 in
3483 5599 3496 5609 α

1902 5664 2159 5730 solescas,
2203 5678 2377 5733 neque
2407 5672 2458 5718 te
2485 5663 2739 5718 miserum
2768 5678 2888 5718 esse
2931 5665 3229 5730 existimes,
3258 5665 3397 5732 quod
3419 5664 3498 5717 sis

1902 5756 2316 5811 charismatibus
2343 5757 2600 5826 privatus.
2634 5757 2723 5810 27.
2759 5757 2878 5811 Sive
2904 5757 3082 5827 lingua
3105 5757 3219 5825 quis
3254 5756 3498 5825 loquitor,
3547 5778 3550 5780 η

1907 5848 2180 5904 secundum
2213 5847 2340 5902 duos
2369 5887 2382 5912 ,
2423 5857 2512 5902 aut
2551 5857 2604 5902 ut
2635 5848 2848 5902 multum
2889 5857 2988 5902 tres
3025 5855 3073 5900 et
3112 5863 3204 5914 per
3235 5855 3424 5918 partes,
3453 5853 3500 5900 et

3068 5945 3148 6002 ΩΟ
