3998 6436
478 365 571 422 5H

475 495 608 535 unus
636 480 1008 550 interpretetur.
1051 477 1141 532 98.
1175 476 1235 528 Si
1257 483 1423 528 autem
1462 488 1562 524 non
1589 470 1739 538 fuerit
1774 469 2017 536 interpres
2042 506 2055 526 ,

476 584 639 628 taceat
665 574 717 628 in
741 573 971 635 ecclesia,
998 571 1091 625 sibi
1113 578 1278 620 autem
1307 566 1541 635 loquatur
1563 573 1606 618 et
1645 561 1774 616 Deo.
1815 559 1950 628 Quid
1977 557 2059 612 di—

475 665 571 729 cis,
603 663 828 734 quzeso?
854 676 975 717 cum
1002 659 1070 714 dc
1107 656 1300 728 linguis
1329 667 1434 711 tam
1480 655 1644 709 multa
1675 652 1898 716 dixeris,
1921 648 2061 719 quod

475 753 525 809 id
554 755 622 808 sit
649 754 852 818 inutile,
876 750 1017 821 quod
1039 762 1514 821 supervacaneum,
1538 745 1643 801 nisi
1668 743 1862 799 haheat
1887 743 2059 796 inter-

476 856 701 916 pretem,
735 859 916 898 rursus
957 843 1114 914 jubes
1153 841 1298 912 loqui
1332 839 1570 910 linguis?
1601 837 1715 892 Non
1753 835 1938 906 jubeo,
1981 833 2062 887 itt-

474 937 606 1005 quit,
641 934 734 990 sed
766 949 865 990 nec
904 933 1166 1005 prohibeo
1196 950 1209 996 ;
1242 942 1299 988 ut
1333 931 1546 1003 quando
1573 929 1721 994 dicit,
1757 927 1818 983 Si
1842 926 1953 997 quis
1975 940 2062 978 vos

472 1036 611 1080 rocat
637 1027 941 1095 inﬁdelium,
969 1035 1015 1080 et
1041 1025 1193 1080 vultis
1215 1025 1290 1079 ire
1311 1024 1385 1094 (l.
1409 1021 1528 1078 Cor.
1557 1021 1644 1078 lo.
1673 1018 1789 1089 27),
1822 1033 1928 1074 non
1960 1015 2062 1071 hoc

470 1118 600 1171 dicit
630 1118 802 1188 legem
832 1117 1012 1173 ferens
1035 1126 1093 1171 ut
1119 1132 1233 1183 eas,
1267 1113 1358 1170 sed
1386 1129 1560 1185 neque
1581 1111 1847 1173 retinens;
1881 1109 1950 1163 ita
1973 1107 2062 1161 hic

469 1209 657 1278 etiam,
689 1208 801 1264 Sibi
829 1219 994 1264 autem
1025 1209 1263 1278 loquatur
1291 1217 1338 1261 et
1369 1204 1500 1260 Deo.
1533 1203 1589 1261 Si
1618 1219 1725 1258 non
1756 1208 1949 1272 potest,
1977 1201 2060 1255 in-

469 1300 602 1368 quit,
639 1309 837 1366 tacere,
863 1299 958 1355 sed
983 1308 1064 1354 est
1084 1299 1219 1352 adeo
1241 1297 1459 1352 honoris
1487 1305 1540 1351 et
1562 1294 1736 1350 inanis
1765 1291 1948 1364 gloria:
1968 1305 2061 1345 cu-

470 1392 648 1461 pidus,
685 1391 827 1462 apud
874 1406 934 1447 se
973 1391 1239 1461 loquatur.
1277 1389 1453 1456 Quare
1490 1387 1593 1444 hoc
1638 1387 1756 1458 ipso
1795 1384 1938 1456 quod
1982 1383 2060 1439 sic

471 1485 733 1554 permisit,
766 1484 1055 1555 prohibuit,
1091 1494 1149 1539 ut
1173 1484 1262 1552 qui
1285 1482 1487 1554 pudore
1513 1479 1774 1538 all‘ecerit.

541 1577 596 1632 4.
625 1576 778 1646 Quod
793 1578 955 1633 etiam
985 1573 1118 1632 facit
1137 1576 1261 1631 alibi
1288 1574 1561 1632 disserens
1584 1573 1652 1630 de
1671 1571 2058 1630 consuetudine

471 1684 592 1725 cum
622 1683 810 1736 uxore,
843 1677 896 1724 et
924 1667 1110 1724 dicens
1138 1685 1152 1723 :
1187 1667 1300 1723 Hoc
1324 1677 1490 1723 autem
1520 1668 1633 1721 dico
1653 1675 1856 1740 propter
1881 1666 2059 1720 incon-

471 1760 734 1815 tinentiam
753 1768 968 1814 vestram
994 1758 1070 1832 (Ι.
1099 1757 1217 1816 Cor.
1250 1759 1324 1829 7).
1355 1758 1459 1815 Sed
1489 1757 1704 1828 quando
1727 1757 1796 1814 de
1818 1757 2054 1828 prophe-

469 1855 540 1910 tia
583 1852 923 1922 loquebatur,
954 1866 1061 1907 non
1089 1851 1169 1907 sic
1195 1850 1331 1907 dixit
1357 1866 1371 1916 ;
1417 1849 1510 1906 sed
1539 1848 1854 1920 quomodo?
1879 1847 2054 1920 Impe-

469 1944 638 1999 rando
665 1952 719 1998 et
742 1942 914 2014 legem
944 1941 1166 1998 ferendo
1194 1957 1208 1996 :
1235 1939 1508 2011 Propheta:
1533 1950 1702 1995 autem
1726 1941 1827 1995 duo
1853 1950 1940 1994 attt
1957 1949 2054 1994 tres

469 2035 762 2106 loquantur.
793 2034 862 2090 Et
885 2048 1148 2104 nusquam
1175 2033 1260 2088 hic
1276 2033 1464 2103 quierit
1489 2033 1856 2103 interpretem,
1882 2047 2054 2102 neque

467 2141 529 2181 os
552 2125 784 2182 obstruit
813 2125 1174 2196 prophetanti,
1203 2125 1342 2180 sicut
1363 2125 1490 2192 illic,
1520 2124 1706 2180 dicens
1730 2142 1744 2179 :
1774 2123 1836 2180 Si
1863 2140 1966 2179 non
1990 2127 2054 2180 sit

466 2218 736 2288 interpres,
772 2225 954 2271 taceat.
1005 2216 1187 2287 Neque
1226 2216 1370 2272 enim
1407 2215 1605 2272 sufﬁcit
1650 2215 1698 2270 is
1739 2215 1830 2286 qui
1875 2213 2052 2286 lingua

467 2310 719 2377 loquitur.
755 2309 1114 2377 Quamobrem
1161 2309 1208 2364 si
1252 2309 1372 2380 quis
1398 2308 1594 2364 habeat
1636 2315 1921 2379 utrumque
1953 2307 2054 2364 do-

464 2416 622 2468 num,
651 2401 935 2469 loquatur;
963 2401 1008 2456 si
1036 2408 1214 2456 autem
1243 2415 1347 2454 non
1370 2400 1596 2466 habeat,
1626 2399 1740 2454 vult
1767 2408 1946 2454 autem
1969 2397 2051 2454 lo-

462 2493 572 2562 qui,
602 2506 722 2548 cum
769 2493 1068 2562 interprete
1106 2490 1210 2547 hoc
1253 2491 1430 2547 iaciat.
1477 2489 1747 2562 Propheta
1787 2491 1936 2546 enim
1971 2500 2053 2546 est

460 2585 749 2653 interpres,
782 2583 877 2639 sed
913 2583 1031 2652 Dei,
1063 2591 1118 2637 tu
1149 2591 1329 2638 autem
1367 2581 1620 2637 hominis.
1669 2581 1732 2638 Si
1753 2591 1922 2636 autem
1946 2598 2051 2638 non

459 2675 523 2727 sit
566 2674 837 2744 interpres,
885 2681 1068 2729 taceat.
1118 2671 1257 2727 Nihil
1299 2672 1444 2728 enim
1486 2685 1887 2742 supervacaneo
1933 2672 2050 2727 tleri

458 2773 694 2835 oportet,
741 2763 872 2819 nihil
919 2764 987 2819 ad
1021 2763 1370 2820 ambitionem
1419 2773 1477 2820 et
1524 2763 1746 2820 honoris
1792 2763 2049 2821 studium.

459 2858 570 2913 Sibi
591 2866 760 2912 autem
787 2858 1023 2928 loquatur
1051 2866 1098 2912 et
1121 2855 1263 2924 Deo,-
1290 2857 1391 2913 hoc
1419 2865 1523 2923 est,
1545 2857 1598 2912 in
1621 2865 1821 2926 mente,
1844 2867 1902 2914 et
1927 2872 2051 2914 sen-

458 2949 560 3002 sim
587 2958 641 3004 et
659 2949 862 3018 absque
885 2949 1135 3020 strepitu,
1163 2948 1208 3003 si
1236 2948 1386 3004 velit.
1426 2947 1542 3004 Non
1563 2958 1650 3004 est
1677 2949 1819 3005 enim
1845 2948 1950 3005 hoc
1967 2949 2048 3004 le-

458 3057 577 3110 gem
620 3041 862 3107 ferentis,
909 3039 1006 3096 sed
1051 3039 1190 3097 forte
1228 3040 1406 3110 potius
1442 3039 1703 3110 pudorem
1742 3041 2049 3098 incutientis

457 3148 556 3205 per
580 3132 1006 3201 concessionem,
1036 3133 1176 3188 sicut
1214 3132 1429 3204 quando
1457 3133 1608 3201 dicit,
1653 3133 1717 3189 Si
1743 3135 1856 3201 quis
1883 3144 2051 3189 autem

457 3227 634 3291 esurit,
665 3225 1138 3298 domicomedatﬂ.
1168 3225 1290 3282 Cor.
1317 3227 1407 3281 ll.
1439 3226 1567 3299 '5‘);
1593 3234 1786 3283 etcum
1806 3227 2050 3283 videatur

458 3319 778 3387 concedere,
821 3333 888 3375 eo
931 3319 1049 3390 ipso
1091 3318 1240 3374 illum
1287 3319 1458 3390 tangit
1497 3319 1696 3375 acrius.
1745 3319 1863 3375 Non
1903 3320 2046 3376 enim

460 3414 601 3480 ideo,
623 3413 835 3484 .inquit,
866 3411 1187 3478 convenitis,
1228 3420 1288 3468 ut
1325 3426 1420 3468 vos
1452 3411 1592 3468 dona
1635 3411 1838 3468 habere
1863 3422 2049 3468 osten-

456 3504 617 3569 datis,
649 3504 743 3558 sed
775 3512 831 3558 ut
855 3517 950 3557 eos
987 3503 1077 3574 qui
1114 3500 1338 3558 audiunt
1368 3502 1684 3560 aedificetis:
1712 3503 1856 3575 quod
1881 3505 2045 3560 etiam

458 3597 592 3651 dixit
617 3596 794 3662 initio,
841 3594 1126 3650 Omniatsd
1151 3595 1546 3666 aediﬁcationem
1591 3596 1740 3665 ﬁant.
1786 3595 1879 3650 ΞΘ.
1917 3595 2050 3652 Pro-

459 3689 625 3758 pheta:
649 3697 819 3742 autem
845 3688 950 3741 duo
989 3695 1080 3741 ut
1115 3695 1216 3741 tres
1253 3687 1446 3754 dicant,
1483 3697 1530 3744 et
1551 3689 1721 3744 ceteri
1746 3689 2045 3761 diiudicent.

458 3778 729 3849 Nusquam
775 3777 1062 3848 plurimum
1093 3779 1271 3849 posuit
1306 3779 1444 3836 sicut
1486 3780 1540 3836 in
1572 3779 1784 3852 linguis.
1821 3781 1888 3837 Et
1921 3782 2048 3852 quid

459 3873 581 3938 hoc,
616 3871 865 3942 inquies?
893 3886 1066 3942 neque
1107 3871 1252 3928 enim
1281 3871 1637 3928 sufficientem
1667 3873 1903 3930 ostendit
1927 3890 2050 3932 esse

459 3965 818 4034 prophetiam,
849 3964 895 4021 si
923 3964 1043 4020 aliis
1071 3965 1333 4035 permittit
1353 3965 1634 4036 judicium.
1670 3965 1782 4023 lmo
1811 3983 1942 4024 vero
1967 3977 2050 4025 est

459 4056 614 4110 valde
642 4054 915 4112 sufﬁciens
943 4073 957 4110 :
991 4071 1166 4127 neque
1209 4055 1354 4112 enim
1404 4056 1530 4112 huic
1571 4057 1710 4112 sicut
1747 4057 1825 4113 illi
1860 4073 1924 4114 os
1949 4060 2048 4116 ob-

459 4149 674 4213 struxit,
701 4159 755 4204 et
777 4149 1046 4205 silentium
1075 4149 1286 4215 indixit,
1317 4153 1360 4206 si
1389 4166 1494 4207 non
1517 4152 1585 4207 sit
1609 4154 1698 4223 qui
1726 4153 2050 4224 interprete-

461 4252 580 4306 tur;
611 4256 784 4311 neque
806 4241 948 4296 sicut
969 4240 1040 4297 de
1069 4241 1162 4296 illo
1187 4240 1342 4309 dixit,
1375 4240 1561 4298 Sinon
1590 4245 1654 4298 sit
1674 4245 1942 4317 interpres,
1967 4256 2049 4301 ta-

458 4341 567 4385 cent
597 4346 616 4384 :
646 4335 714 4385 ita
743 4331 813 4386 de
838 4330 940 4386 hoc
964 4346 1200 4403 quoque,
1221 4331 1281 4388 Si
1308 4347 1418 4388 non
1445 4334 1628 4405 sitqui
1660 4333 1954 4404 discernat,
1983 4353 2052 4393 ne

462 4423 784 4496 prophetet;
827 4423 922 4480 sed
960 4425 1136 4482 solum
1175 4427 1369 4481 muniit
1409 4426 1733 4483 auditorem.
1768 4429 1881 4485 lloc
1905 4431 2049 4486 enim

461 4518 596 4572 dixit
630 4517 695 4573 ad
723 4532 820 4573 eos
853 4518 1152 4575 monendos
1179 4526 1238 4574 ut
1275 4527 1552 4586 caverent,
1587 4534 1654 4574 ne
1688 4521 1827 4576 inter
1850 4535 1945 4578 eos
1972 4524 2053 4578 in-

459 4617 708 4666 curreret
746 4617 897 4664 vates
932 4624 996 4664 ac
1024 4609 1311 4665 divinator.
1344 4608 1478 4665 Nam
1509 4610 1672 4666 etiam
1702 4611 1756 4666 in
1787 4612 2053 4684 principio

463 4707 567 4761 hoc
589 4703 746 4774 jussit
774 4717 967 4758 cavere
987 4744 1001 4767 ,
1032 4702 1247 4774 quando
1288 4703 1639 4761 divinationis
1669 4713 1730 4760 et
1757 4706 2052 4776 prophetia:

462 4797 643 4853 attulit
670 4795 1063 4862 ditl'erentiam;
1094 4803 1153 4852 et
1173 4811 1316 4852 nunc
1346 4796 1521 4867 ipsum
1554 4795 1705 4866 jubet
1743 4796 2054 4855 discernere

461 4901 519 4948 ct
546 4889 913 4955 considerare,
935 4904 1002 4945 ne
1025 4888 1155 4960 quid
1185 4889 1387 4960 irrepat
1409 4888 1754 4946 diabolicum.
1779 4890 1875 4947 30.
1895 4890 2054 4958 Quod

463 4984 507 5036 si
533 4983 622 5037 alii
645 4984 917 5037 revelatum
956 4981 1022 5036 sit
1049 4981 1260 5048 sedenti,
1293 4983 1434 5052 prior
1470 4989 1651 5037 taceat.
1699 4982 1791 5039 51.
1837 4981 2055 5039 Potestis

464 5077 600 5130 enim
628 5091 799 5130 onmes
825 5089 916 5144 per
943 5073 1173 5145 singulos
1197 5073 1524 5145 prophetare,
1551 5083 1610 5129 ut
1646 5090 1818 5130 omnes
1855 5074 2056 5130 discunt

464 5173 513 5220 et
529 5165 1067 5269 ontnestexltortentw.
1099 5165 1238 5233 Quid
1259 5174 1343 5221 est
1361 5164 1507 5236 quod
1527 5165 1728 5222 dictum
1757 5177 1840 5223 est
1859 5168 1883 5222 ?
1901 5167 1955 5224 Si
1981 5176 2052 5236 te,

465 5259 660 5329 inquit,
686 5257 1042 5330 prophetante
1065 5267 1121 5314 et
1145 5258 1421 5330 loquente,
1445 5258 1666 5316 alterius
1686 5261 1906 5331 Spiritus
1928 5275 2055 5316 eum

465 5351 802 5417 excitaverit,
834 5360 954 5409 tace
980 5350 1050 5409 de
1076 5361 1298 5409 cetera.
1335 5352 1492 5421 Quod
1513 5354 1659 5410 enim
1687 5354 1823 5410 dixit
1855 5355 1923 5411 de
1945 5355 2056 5411 lin-

470 5445 611 5514 guis,
643 5445 748 5500 boc
766 5444 855 5500 hic
878 5460 1093 5518 quoque
1115 5445 1283 5517 exigit
1306 5455 1366 5501 nt
1393 5446 1486 5502 ttat
1511 5446 1810 5518 sigillatitu,
1845 5448 1942 5503 sed
1970 5446 2059 5503 hic

468 5537 704 5592 divinius
730 5552 746 5590 :
771 5551 880 5592 non
927 5537 1065 5592 dixit
1097 5537 1264 5605 enim,
1294 5537 1600 5609 Sigillatim,
1627 5537 1745 5606 sed,
1787 5538 1850 5595 Si
1871 5539 1965 5594 alii
1993 5541 2059 5594 sit

467 5627 764 5683 revelatum.
793 5627 935 5698 Quid
965 5629 1106 5683 enim
1135 5628 1312 5684 adhuc
1332 5643 1473 5699 opus
1490 5637 1656 5694 esset,
1679 5645 1802 5686 cum
1827 5629 1917 5686 hic
1941 5647 2030 5688 mo
2046 5661 2060 5672 -

471 5731 659 5775 veatur
705 5721 772 5776 ad
815 5720 1180 5791 prophetiam,
1222 5722 1375 5777 illum
1415 5721 1635 5778 dicere?
1675 5721 1746 5777 At
1779 5733 2060 5793 oporteret

475 5813 762 5882 utrosque?
790 5811 898 5872 Sed
922 5826 1014 5869 res
1035 5821 1177 5871 esset
1205 5813 1432 5871 absurda
1463 5823 1516 5873 et
1537 5813 1777 5871 confusa.
1811 5819 1876 5871 At
1905 5819 2022 5887 prio
2043 5847 2058 5860 -

1179 355 1232 410 Ξ.
1275 349 1552 408 JUANNIS
1589 344 2069 403 CHRYSOSTOMI
2104 341 2417 398 AliClllEP.
2457 341 2998 403 CONSTANTINOP.

3653 335 3749 391 ΜΞ

2174 461 2324 516 rem?
2351 461 2415 516 Et
2443 461 2545 516 hoc
2573 477 2784 533 quoque
2814 461 3125 517 absurdum.
3149 459 3437 529 Propterea
3465 455 3634 520 enim,
3661 454 3753 511 illo

2167 557 2397 623 dicente,
2426 559 2569 614 lmuc
2608 560 2860 614 movebat
2891 558 3144 629 Spiritus,
3172 568 3230 611 ut
3253 555 3340 610 hic
3366 565 3578 623 quoque
3599 549 3750 604 dicc-

2166 662 2250 708 ret
2273 652 2490 720 aliquid.
2526 653 2726 708 Deinde
2751 653 3034 708 consolans
3055 665 3198 709 eum,
3218 648 3305 703 cui
3327 661 3389 702 os
3407 645 3507 700 fuit
3533 643 3749 698 obstru-

2165 749 2332 808 ctum,
2358 742 2488 798 dicit
2517 760 2530 796 :
2560 741 2780 798 Potestis
2800 743 2931 797 enim
2953 757 3125 796 omnes
3141 738 3403 810 sigillati":
3423 734 3744 806 prophetare,

2164 842 2219 887 ut
2244 849 2414 888 omnes
2439 835 2632 890 discant
2662 845 2708 890 et
2734 851 2904 890 omnes
2923 834 3261 889 consolentur.
3291 830 3450 885 Vides
3478 827 3750 899 quomodo

2163 940 2349 982 rursus
2373 926 2528 982 all‘ert
2565 942 2801 993 causam,
2848 936 3069 998 propter
3095 939 3254 996 quam
3287 922 3412 978 facit
3439 919 3661 977 omnia?
3690 919 3748 975 Si

2164 1020 2305 1072 enim
2333 1035 2477 1087 eum,
2506 1021 2596 1090 qui
2628 1021 2823 1092 linguis
2858 1021 3115 1091 loquitur,
3147 1018 3368 1074 omnino
3391 1016 3642 1086 prohibet
3663 1014 3748 1069 di-

2163 1124 2308 1178 cere,
2337 1113 2548 1182 quando
2591 1129 2698 1169 non
2731 1113 2895 1170 habet
2933 1115 3300 1186 interpretem,
3337 1119 3554 1182 propter
3583 1108 3748 1163 inuti-

2163 1205 2366 1262 litatem
2397 1225 2410 1261 :
2439 1209 2632 1264 merito
2661 1210 2821 1266 etiam
2860 1208 3222 1282 prophetiam,
3268 1207 3314 1262 si
3359 1206 3462 1261 hoc
3502 1219 3612 1259 non
3652 1202 3747 1256 ha-

2163 1293 2304 1360 beat,
2334 1297 2430 1352 sed
2477 1297 2845 1355 confusionem
2896 1299 3052 1354 faciat
3089 1307 3146 1354 et
3187 1295 3651 1354 conturbationem
3693 1301 3748 1347 et

2163 1388 2443 1445 tumultum
2469 1389 2854 1461 importunum,
2877 1389 3314 1463 jnbetcobihere.
3335 1387 3422 1442 52.
3450 1385 3517 1439 Et
3536 1384 3748 1455 spiritus

2164 1480 2523 1551 prophetarum
2570 1483 2828 1554 prapltetis
2862 1483 3073 1554 subjecti
3114 1489 3254 1537 sunt.
3301 1477 3549 1534 Vidistin’
3585 1491 3749 1546 quant

2159 1571 2506 1628 vehementer
2528 1583 2583 1630 et
2611 1574 2924 1631 terribiliter
2942 1589 3064 1630 eum
3087 1572 3293 1644 pudore
3313 1568 3592 1626 olfecerit?
3613 1568 3748 1622 Nam

2162 1661 2229 1720 ne
2253 1665 2544 1720 contendat
2568 1663 2730 1721 homo
2757 1675 2812 1722 et
2849 1665 3168 1722 seditionem
3193 1665 3382 1734 agitet,
3428 1663 3602 1731 ipsum
3644 1659 3747 1714 do-

2159 1771 2286 1811 num
2313 1755 2548 1812 ostendit
2573 1757 2765 1828 subjici
2797 1775 2811 1811 :
2836 1759 3080 1828 spiritum
3100 1757 3246 1813 enim
3271 1755 3360 1810 hic
3387 1763 3751 1822 vocatopera-

2159 1851 2378 1906 tionem.
2403 1849 2458 1907 Si
2488 1861 2664 1907 autem
2691 1853 2910 1922 spiritus
2935 1853 3228 1922 subjicitur,
3255 1851 3424 1906 multo
3446 1849 3615 1918 magis
3637 1862 3747 1901 nm

2158 1959 2368 2015 aequum
2398 1954 2481 2001 est
2510 1955 2566 2001 ut
2605 1956 2684 2013 tu,
2730 1947 2820 2017 qui
2867 1946 3132 2015 possides,
3178 1942 3495 1999 contendas.
3542 1939 3750 1995 Deinde

2158 2035 2392 2090 ostendit
2419 2035 2560 2106 quod
2592 2034 2693 2090 hoc
2719 2051 2930 2107 quoque
2953 2036 3022 2090 sit
3051 2035 3159 2090 Deo
3188 2043 3488 2103 acceptum,
3519 2029 3748 2098 subjun-

2158 2143 2288 2199 gens
2312 2137 2367 2184 et
2397 2129 2584 2184 dicens
2627 2148 2640 2185 :
2668 2130 2757 2186 ⁸55.
2803 2128 2924 2183 Non
2963 2129 3096 2183 enim
3125 2125 3450 2182 dissensionis
3473 2133 3548 2178 est
3585 2121 3745 2182 Deus,

2156 2220 2246 2275 sed
2269 2220 2427 2290 pacis,
2461 2222 2588 2276 sicut
2608 2231 2656 2276 et
2679 2223 2732 2276 in
2759 2221 2990 2277 omnibus
3009 2220 3230 2274 ecclesiis
3251 2227 3541 2273 sanctorum
3564 2217 3746 2269 doceo.

2158 2310 2406 2368 Vidistin’
2434 2321 2565 2381 quot
2613 2313 2786 2367 modis
2825 2327 2948 2368 eum
2999 2311 3054 2366 in
3103 2309 3378 2366 silentium
3415 2306 3659 2370 deduxit,
3691 2312 3750 2360 et

2156 2417 2275 2459 eum
2307 2403 2396 2472 qui
2416 2402 2568 2457 alteri
2594 2402 2736 2459 cedit
2754 2403 3065 2459 consolatus
3089 2402 3208 2458 est?
3229 2416 3324 2472 per
3345 2415 3508 2454 unum
3525 2397 3747 2468 quidem

2158 2497 2316 2568 idque
2347 2497 2694 2566 przecipuum,
2723 2513 2791 2554 ne
2817 2498 3070 2554 videlicet
3095 2497 3162 2552 ab
3192 2496 3294 2551 hoc
3314 2493 3454 2548 laeto
3477 2492 3746 2548 dissolva-

2155 2597 2242 2644 tur
2271 2606 2284 2644 :
2311 2585 2530 2643 Potestis
2553 2589 2708 2656 enim,
2737 2589 2931 2660 inquit,
2959 2605 3047 2660 per
3069 2587 3294 2661 singulos
3322 2600 3494 2641 omnes
3519 2582 3747 2654 prophe-

2155 2688 2305 2746 tare;
2334 2694 2428 2750 per
2452 2680 2678 2735 alterum
2703 2695 2854 2748 vero,
2898 2696 2966 2735 ex
2992 2694 3060 2735 eo
3084 2677 3228 2750 quod
3257 2675 3388 2733 illud
3415 2673 3625 2746 spiritui
3658 2673 3748 2727 vi-

2153 2769 2344 2826 deatur
2387 2789 2401 2826 :
2445 2770 2675 2837 Spiritus
2717 2772 2852 2826 enim
2889 2771 3253 2843 prophetarum
3287 2767 3548 2841 praplsetis
3579 2764 3749 2836 σκριίὶ-

2153 2863 2358 2917 ciuntur
2387 2878 2406 2916 :
2431 2872 2690 2934 prmterea
2718 2877 2786 2920 ex
2830 2879 2930 2932 eo,
2961 2863 3104 2934 quod
3150 2863 3446 2918 secundum
3487 2860 3584 2916 Dei
3620 2875 3751 2915 sen-

2155 2955 2375 3010 tentiam
2406 2955 2513 3020 sit;
2549 2953 2672 3010 Non
2708 2957 2846 3010 enim
2879 2965 2954 3010 est
2978 2955 3327 3020 dissensionis,
3355 2954 3545 3024 inquit,
3579 2951 3748 3020 Deus,

2152 3045 2243 3099 sed
2271 3045 2410 3116 pacis
2434 3061 2453 3099 :
2479 3054 2670 3115 quarto
2695 3047 2950 3117 denique,
2977 3061 3045 3101 eo
3073 3046 3216 3117 quod
3240 3046 3328 3102 lex
3361 3044 3622 3116 ejusmodi
3645 3060 3752 3113 per

2152 3136 2339 3192 orbem
2373 3138 2679 3192 universum
2711 3138 2910 3209 ubique
2933 3137 3194 3204 obtineat,
3217 3152 3320 3193 nec
3340 3137 3572 3192 alienum
3595 3136 3751 3206 quid-

2153 3241 2313 3295 quam
2343 3242 2566 3298 usquam
2597 3229 2701 3284 illis
2729 3229 3025 3298 imperetur
3055 3246 3070 3283 :
3107 3227 3198 3284 Sic
3235 3229 3392 3295 enim,
3423 3228 3518 3293 ait,
3545 3227 3598 3281 in
3625 3243 3748 3280 om-

2155 3319 2301 3373 nibus
2327 3319 2552 3374 ecclesiis
2580 3330 2871 3375 sanctorum
2909 3321 3084 3376 doceo.
3117 3319 3255 3388 Quid
3295 3334 3424 3389 ergo
3465 3318 3550 3373 his
3578 3317 3749 3373 rebus

2155 3409 2316 3466 fuerit
2343 3411 2511 3482 magis
2538 3410 2908 3466 horrendum?
2950 3411 3162 3468 Etenim
3203 3411 3448 3466 Ecclesia
3479 3419 3604 3465 tunc
3627 3419 3752 3464 erat

2153 3503 2367 3569 calum,
2393 3501 2594 3574 Spiritu
2619 3514 2807 3559 sancto
2830 3505 3010 3559 omnia
3041 3512 3280 3575 regente,
3309 3513 3366 3559 et
3382 3516 3749 3571 unumquem-

2153 3609 2258 3666 que
2277 3609 2344 3650 ex
2370 3593 2435 3650 iis
2465 3596 2556 3666 qui
2586 3607 2853 3666 praeerant
2882 3605 3136 3652 movente
3175 3605 3230 3651 et
3275 3611 3308 3652 a
3355 3595 3466 3652 Deo
3502 3592 3750 3649 afﬂatum

2156 3685 2435 3741 reddente.
2480 3685 2588 3742 Sed
2627 3701 2775 3742 nunc
2819 3687 3034 3742 illorum
3082 3686 3346 3741 donorum
3390 3683 3633 3756 symbola
3677 3697 3752 3739 ac

2153 3777 2304 3847 signa
2347 3786 2551 3833 tantum
2599 3787 2866 3834 tenemus.
2907 3779 3038 3834 Nam
3076 3794 3223 3834 nunc
3248 3792 3462 3849 quoque
3501 3775 3610 3831 duo
3652 3785 3753 3830 aut

2153 3878 2266 3926 tres
2288 3869 2539 3938 dicimus,
2568 3880 2624 3927 et
2651 3871 2905 3936 vicissim,
2932 3881 2986 3928 et
3007 3872 3118 3926 alio
3147 3879 3356 3928 tacente
3374 3871 3512 3926 alius
3536 3868 3750 3940 incipit;

2155 3962 2250 4018 sed
2282 3961 2398 4018 haec
2438 3973 2565 4020 sunt
2611 3972 2819 4019 tantum
2867 3964 3080 4020 illorum
3114 3965 3265 4036 signa
3290 3975 3344 4019 et
3371 3974 3748 4019 monumenta.

2155 4056 2447 4128 Propterea
2487 4056 2702 4128 quando
2748 4057 3110 4127 inec-perimus
3147 4057 3362 4122 dicere,
3405 4055 3636 4125 populus
3659 4069 3754 4110 re-

2155 4149 2407 4220 spondet,
2432 4149 2638 4221 Spiritu
2677 4159 2804 4205 to:
2837 4149 3130 4206 ostendens
3153 4149 3298 4221 quod
3325 4149 3456 4204 olim
3489 4148 3568 4204 sic
3592 4147 3754 4203 diee-

2156 4241 2306 4311 bant,
2333 4257 2442 4298 non
2483 4257 2576 4296 sua
2609 4242 2740 4297 moti
2771 4242 3057 4313 sapientia,
3099 4242 3195 4299 sed
3237 4241 3458 4314 Spiritu.
3487 4239 3598 4296 Sed
3635 4256 3751 4296 non

2155 4349 2299 4390 nunc
2317 4351 2333 4401 ;
2353 4332 2422 4389 de
2442 4348 2529 4388 me
2544 4333 2654 4403 jam
2675 4334 2887 4402 loquor.

2227 4427 2281 4481 5.
2303 4425 2408 4482 Sed
2434 4425 2674 4481 Ecclesia
2698 4441 2840 4482 nunc
2859 4435 2941 4482 est
2969 4426 3160 4481 similis
3187 4425 3416 4489 mulieri,
3444 4439 3564 4495 quas
3594 4441 3628 4481 a
3657 4438 3756 4478 ve-

2159 4519 2259 4574 teri
2285 4517 2642 4588 prosperitate
2668 4517 2903 4584 excidit,
2933 4526 2989 4574 et
3012 4520 3196 4574 inultis
3219 4520 3271 4574 in
3297 4519 3430 4574 locis
3459 4521 3573 4574 sola
3604 4529 3754 4577 tenet

2158 4611 2400 4683 symbols
2423 4612 2656 4683 antiquae
2681 4612 2822 4667 illius
2847 4611 3136 4677 felicitatis,
3160 4621 3214 4668 et
3241 4611 3524 4666 monilium
3553 4627 3754 4669 aureo—

2159 4719 2278 4759 rum
2309 4703 2525 4774 quidem
2553 4705 2698 4759 solas
2717 4702 2956 4761 ostendit
2982 4703 3165 4760 thecas
3192 4713 3244 4760 et
3270 4703 3482 4759 arculas
3501 4745 3516 4768 ,
3547 4703 3756 4760 divitiis

2158 4805 2337 4852 autem
2368 4805 2452 4853 est
2479 4794 2685 4868 privata
2713 4815 2727 4852 :
2758 4799 2809 4854 ei
2837 4813 2983 4854 nunc
3022 4798 3260 4854 Ecclesia
3287 4807 3371 4854 est
3399 4799 3610 4856 similis.
3642 4800 3752 4857 Ne-

2158 4905 2266 4960 que
2307 4888 2411 4945 hoc
2451 4889 2626 4945 solun
2664 4888 2786 4945 dico
2825 4900 3047 4960 propter
3080 4890 3255 4956 dona;
3298 4903 3407 4945 non
3436 4891 3580 4945 enim
3608 4904 3758 4947 esset

2159 4994 2341 5053 grave,
2372 4979 2418 5036 si
2454 4980 2556 5036 hoc
2585 4980 2765 5035 solum
2801 4989 2974 5047 esset;
3015 4979 3109 5037 sed
3148 4981 3308 5036 etiam
3343 4990 3565 5051 propter
3589 4981 3756 5038 vitam

2160 5081 2218 5128 et
2241 5073 2516 5129 virtutem.
2561 5071 2695 5128 Nam
2731 5082 2790 5128 et
2829 5072 3111 5129 viduarum
3149 5088 3425 5136 numerus,
3459 5081 3515 5128 ct
3553 5074 3760 5129 chorus

2161 5167 2426 5238 virginum
2470 5175 2600 5222 tunc
2641 5181 2892 5238 magnum
2923 5176 3301 5223 ornamentum
3330 5166 3610 5238 praebebat
3651 5167 3760 5222 Ec-

2160 5259 2342 5316 clesiis
2369 5276 2384 5313 :
2413 5274 2556 5314 nunc
2597 5267 2774 5314 autem
2814 5259 2882 5314 ab
2921 5259 2986 5314 iis
3032 5258 3277 5314 Ecclesia
3323 5259 3535 5316 deserta
3577 5267 3664 5314 est
3703 5268 3764 5312 et

2161 5353 2472 5416 exinanita,
2517 5360 2575 5408 et
2620 5352 2734 5408 sola
2780 5360 3002 5407 manent
3039 5351 3215 5422 signa.
3259 5350 3396 5408 Nam
3441 5360 3567 5407 sunt
3613 5367 3763 5409 nunc

2163 5460 2378 5516 quoque
2403 5443 2600 5510 vidum,
2639 5453 2765 5499 sunt
2802 5455 2860 5498 et
2893 5444 3159 5516 virgines;
3193 5445 3293 5501 sed
3318 5459 3398 5501 ete
3425 5459 3534 5501 non
3555 5443 3770 5500 habent

2165 5539 2314 5596 illum
2340 5546 2611 5606 ornatum,
2628 5551 2789 5609 quem
2809 5537 3011 5595 habere
3038 5546 3314 5609 oporteret
3338 5553 3432 5594 eas
3458 5553 3580 5609 qua:
3599 5551 3666 5593 se
3685 5537 3767 5592 ad

2167 5633 2285 5689 Istoc
2310 5640 2566 5703 pararunt
2589 5631 2910 5688 certamina.
2942 5630 3214 5687 Eximium
3244 5631 3394 5688 enim
3420 5629 3646 5700 virginis
3672 5638 3772 5685 est

2168 5724 2424 5780 indicium
2445 5763 2461 5792 ,
2490 5723 2633 5792 quod
2655 5723 2726 5780 de
2757 5723 2822 5779 iis
2852 5731 3058 5780 tantum
3084 5737 3203 5795 qua
3225 5732 3356 5780 sum
3385 5722 3479 5780 Dei
3505 5721 3577 5780 sit
3596 5720 3766 5777 solli—

2171 5819 2296 5886 cita,
2333 5829 2387 5874 et
2425 5817 2489 5873 ad
2528 5818 2693 5874 Deum
2735 5815 3056 5890 precandum
3099 5817 3363 5874 indivulse
3397 5816 3634 5875 assideat
3664 5825 3772 5870 :et
