3998 6444
258 419 366 474 513

264 534 437 587 vidua:
477 547 583 587 non
636 540 742 587 tam
792 528 953 586 fuerit
990 527 1239 583 indicimn
1285 523 1425 593 quod
1466 519 1714 576 secundis
1741 534 1848 573 non

263 627 623 696 conjungatur
660 624 879 693 nuptiis,
909 638 1064 692 quam
1112 619 1227 674 haec
1268 618 1391 682 alia,
1424 630 1617 683 nempe
1655 612 1850 667 caritas

260 718 313 772 in
349 731 631 786 pauperes,
669 715 1029 785 hospitalitas,
1073 712 1127 766 in
1172 709 1419 780 precibus
1462 705 1765 767 assiduitas,
1796 710 1848 758 et

230 813 234 815 “
258 810 361 864 alia
382 810 585 875 omnia,
612 824 731 879 qua:
752 806 1090 863 exactissime
1113 804 1279 873 exigit
1304 801 1499 857 Paulus
1520 800 1759 855 scribens
1781 795 1847 850 ad

258 900 603 956 Timotheum
634 901 708 969 (ι.
738 898 871 953 Tim.
904 898 980 970 5).

331 990 673 1063 Eleemosyna
694 1001 939 1061 quantum
961 996 1331 1042 ornamentum.
1358 1016 1425 1024 —
1447 983 1658 1038 Videris
1686 982 1845 1037 etiam

257 1097 376 1149 eas,
409 1097 529 1152 qua:
554 1090 678 1137 sunt
700 1080 901 1151 juncta:
932 1078 1293 1143 matrimonio,
1326 1075 1465 1145 apud
1496 1090 1593 1128 nos
1624 1073 1845 1129 multam

257 1171 548 1229 ostendere
586 1171 922 1226 honestatem
952 1188 965 1227 :
998 1168 1091 1225 sed
1117 1184 1221 1224 non
1252 1176 1335 1223 est
1366 1170 1466 1221 huc
1494 1167 1668 1222 solum
1704 1165 1843 1236 quod

255 1264 518 1334 quzeritnr
541 1307 556 1330 ,
585 1262 681 1319 sed
711 1264 937 1334 diligens
951 1276 1079 1318 cura
1096 1270 1149 1317 et
1163 1262 1398 1318 studium
1415 1277 1723 1331 egenorum,
1752 1276 1846 1329 per

256 1354 401 1423 quod
434 1355 620 1423 priscae
646 1353 899 1409 mulieres
926 1353 1081 1408 valde
1106 1352 1547 1423 resplendebant:
1576 1368 1679 1406 non
1708 1353 1844 1407 sicut

258 1446 442 1501 multae
470 1462 537 1502 ex
563 1446 627 1502 iis
651 1462 771 1517 qua:
795 1453 919 1502 sunt
944 1445 1142 1501 nostris
1170 1444 1521 1513 temporibus.
1553 1444 1683 1499 Nam
1717 1454 1843 1500 tunc

253 1537 473 1608 quidem
529 1552 626 1607 pro
676 1552 811 1593 auro
858 1537 1214 1608 cleemosynte
1270 1535 1625 1591 induebantur
1683 1551 1843 1591 orna-

253 1639 474 1695 mento;
521 1646 661 1685 nunc
699 1639 880 1686 autem
914 1631 1014 1685 hoc
1041 1630 1297 1697 dimisso,
1330 1630 1543 1685 funibus
1568 1632 1745 1686 aureis
1774 1648 1840 1687 ex

252 1732 443 1778 eatena
490 1731 835 1792 peccatorum
881 1723 1145 1779 contextis
1190 1723 1532 1778 amiciuntur.
1588 1722 1840 1779 Dicamne

252 1812 416 1867 etiam
466 1812 624 1867 aliam
666 1813 881 1869 thecam
922 1822 1239 1869 ornamento
1276 1814 1448 1882 patrio
1476 1814 1839 1870 exinanitam?

250 1901 653 1958 Conveniebant
682 1904 807 1957 olnn
832 1917 1042 1970 omnes,
1068 1915 1122 1959 et
1141 1903 1438 1974 psallebant
1461 1906 1832 1962 communiter.

251 1991 366 2047 Hoc
388 2006 530 2046 nunc
550 2007 763 2064 quoque
791 1994 1043 2059 facimus;
1076 1994 1170 2050 sed
1201 2005 1327 2050 tunc
1350 1995 1560 2065 quidem
1585 1996 1636 2050 in
1665 1998 1838 2051 omni-

250 2084 349 2138 lius
381 2099 488 2138 una
520 2094 635 2139 erat
664 2086 838 2139 anima
871 2094 926 2141 et
959 2100 1052 2141 cor
1080 2098 1275 2151 unum;
1308 2101 1452 2142 nunc
1478 2096 1652 2141 autem
1684 2104 1751 2143 ne
1781 2091 1833 2143 in

248 2191 351 2230 una
388 2176 604 2246 quidem
629 2176 806 2232 anima
832 2178 977 2232 illam
1002 2177 1342 2233 concordiam
1374 2177 1570 2234 videris
1608 2189 1661 2234 et
1700 2195 1834 2234 con-

247 2283 488 2335 sensum,
513 2268 607 2324 sed
634 2268 830 2339 ubique
852 2285 1099 2341 magnum
1121 2276 1205 2324 est
1225 2268 1445 2324 bellum.
1474 2268 1663 2324 Pacem
1694 2286 1835 2326 nunc

244 2360 386 2432 quod
416 2370 667 2431 precatur
691 2363 941 2419 omnibus
967 2363 1013 2417 is
1032 2364 1121 2433 qui
1148 2370 1342 2433 prteest
1366 2363 1636 2429 Ecclesia,
1664 2374 1722 2419 ut
1742 2365 1831 2435 qui

247 2452 299 2506 in
328 2450 550 2507 domum
591 2453 887 2524 ingreditur
911 2463 1223 2523 paternam;
1253 2455 1346 2511 sed
1373 2454 1531 2525 hujus
1560 2457 1705 2527 pacis
1736 2473 1834 2511 no-

248 2556 369 2596 men
394 2542 612 2613 quidem
642 2551 725 2598 est
749 2543 1018 2614 frequens,
1051 2560 1139 2600 res
1164 2554 1341 2601 autem
1370 2561 1653 2618 nusquam.
1682 2547 1833 2604 Tunc

243 2633 406 2689 etiam
447 2633 640 2688 domus
680 2644 835 2689 erant
874 2636 1147 2703 ecclesize;
1178 2652 1320 2693 nunc
1346 2646 1523 2694 autem
1553 2640 1715 2694 etiam
1744 2654 1833 2695 ec-

243 2725 407 2780 elesia
438 2734 522 2781 est
548 2725 763 2793 domus,
794 2727 876 2781 vel
922 2728 1100 2798 potius
1144 2730 1332 2797 quavis
1370 2728 1530 2785 domo
1573 2730 1827 2785 deterior.

242 2815 373 2871 Nam
403 2817 457 2873 in
489 2817 651 2873 domo
678 2819 892 2889 quidem
923 2820 1060 2875 bene
1088 2822 1433 2876 constitutum
1456 2823 1654 2877 videris
1683 2823 1831 2878 ordi-

244 2924 363 2965 nem
392 2909 646 2966 :domina
668 2914 865 2985 quippe
885 2913 1077 2969 domus
1102 2913 1256 2969 sedet
1285 2916 1338 2967 in
1367 2915 1503 2969 solio
1529 2932 1650 2972 cutn
1680 2918 1825 2972 omni

242 3003 540 3070 honestate,
574 3005 835 3061 modestia
864 3018 921 3064 et
948 3007 1166 3075 decore,
1192 3017 1245 3063 et
1270 3009 1478 3065 ancillae
1498 3017 1684 3066 texunt
1705 3027 1825 3067 cum

239 3097 471 3164 silentio,
501 3108 557 3154 et
591 3100 784 3169 singuli
821 3117 885 3156 ex
919 3101 1131 3157 famulis
1158 3103 1212 3157 in
1261 3105 1508 3160 manibus
1538 3104 1733 3160 habent
1764 3107 1817 3160 id

238 3189 379 3263 quod
406 3198 491 3245 est
515 3190 594 3245 eis
621 3191 948 3247 mandatum.
979 3192 1078 3249 ilic
1102 3203 1280 3249 autem
1309 3196 1507 3252 multus
1527 3206 1610 3252 est
1632 3200 1827 3255 tumul-

240 3287 359 3347 tus,
387 3296 578 3351 magna
606 3282 868 3352 confusio,
899 3292 953 3339 et
977 3299 1007 3339 a
1034 3300 1270 3355 caupona
1298 3285 1429 3341 nihil
1456 3298 1637 3344 nostra
1668 3290 1824 3345 diffe—

239 3379 362 3425 runt
395 3389 409 3425 :
440 3380 619 3427 tantus
662 3382 746 3428 est
788 3377 951 3439 risus,
1000 3384 1144 3431 tanta
1190 3379 1538 3446 perturbatio,
1586 3382 1724 3436 sicut
1770 3382 1823 3437 in

236 3459 464 3526 balneis,
498 3464 636 3519 sicut
663 3465 715 3519 in
746 3466 862 3520 foro
892 3467 1245 3524 clamantibus
1265 3470 1512 3526 omnibus
1540 3478 1595 3526 et
1625 3474 1822 3527 tumul-

237 3552 531 3611 tuantibus.
572 3554 643 3609 Et
671 3554 785 3609 huic
815 3556 902 3611 hic
925 3558 1096 3611 solum
1126 3576 1140 3613 :
1166 3573 1287 3613 nam
1327 3560 1453 3616 alibi
1502 3576 1570 3616 ne
1608 3563 1826 3633 propin-

240 3658 404 3711 quum
429 3644 644 3713 quidem
672 3645 797 3701 licet
822 3646 1021 3717 alloqui
1053 3648 1103 3703 in
1132 3650 1357 3705 ecclesia
1381 3692 1396 3717 ,
1427 3668 1495 3707 ne
1523 3653 1567 3707 si
1590 3654 1822 3710 amicum

237 3733 450 3802 quidem
481 3735 641 3805 longo
673 3744 915 3807 tempore
949 3739 1223 3795 absentem
1252 3744 1543 3811 exceperit,
1573 3744 1667 3799 sed
1710 3746 1823 3802 haec

236 3823 364 3881 foris
381 3826 549 3892 fiunt;
579 3836 635 3883 et
654 3829 866 3885 merito.
889 3829 1002 3885 Non
1022 3832 1164 3886 enim
1187 3833 1411 3888 ecclesia
1434 3844 1513 3890 est.
1537 3837 1817 3905 tonstrina,

236 3930 411 3986 neque
440 3920 790 3989 unguentaria
819 3921 1028 3977 officina
1050 3964 1064 3989 ,
1100 3939 1274 3993 neque
1306 3924 1410 3978 ulla
1440 3924 1542 3979 alia
1569 3927 1818 3996 opificum

232 4009 323 4076 qui
354 4018 479 4063 sunt
504 4010 556 4064 in
586 4012 703 4066 foro
724 4012 965 4075 taberna,
996 4016 1092 4068 sed
1124 4014 1270 4069 locus
1299 4019 1636 4086 angelorum,
1669 4019 1820 4074 locus

232 4101 697 4171 archangelorum,
722 4118 944 4174 regnum
970 4106 1083 4172 Dei,
1111 4107 1283 4176 ipsum
1305 4108 1514 4163 cadum.
1540 4108 1819 4175 Quomodo

233 4207 362 4263 ergo
411 4195 456 4249 si
508 4196 627 4266 quis
684 4208 736 4253 te
788 4199 841 4252 in
893 4200 1080 4254 caelum
1134 4200 1555 4268 introduxisset,
1608 4203 1819 4260 etiamsi

235 4294 439 4354 patrem
466 4288 697 4357 videres,
728 4290 938 4345 etiamsi
966 4291 1186 4347 fratrem
1209 4334 1223 4359 ,
1254 4308 1323 4349 ne
1347 4293 1574 4349 auderes
1600 4295 1816 4365 quidem

233 4378 378 4447 loqui
411 4398 424 4434 :
452 4380 523 4435 ita
552 4380 641 4437 hic
669 4397 774 4437 non
804 4383 946 4437 aliud
975 4383 1119 4453 loqui
1147 4393 1419 4454 oporteret
1443 4396 1640 4457 praeter
1662 4387 1819 4455 spiri-

234 4473 429 4536 tualia;
478 4487 599 4527 nato
626 4473 711 4528 hic
737 4489 949 4545 quoque
973 4484 1057 4530 est
1080 4476 1291 4533 caelum.
1316 4476 1536 4547 Quodsi
1566 4492 1670 4537 non
1697 4493 1820 4539 cre-

231 4563 336 4628 dis,
362 4564 545 4634 aspice
566 4566 631 4620 ad
655 4566 792 4621 hanc
815 4582 1075 4632 mensam,
1102 4567 1387 4635 recordare
1412 4578 1627 4638 propter
1657 4584 1815 4640 quam

233 4669 447 4710 causam
477 4665 532 4713 et
569 4659 914 4729 quamobrem
947 4659 1032 4715 hic
1059 4670 1193 4725 stet;
1240 4661 1410 4731 cogita
1455 4662 1575 4731 quis
1614 4663 1685 4716 sit
1727 4662 1815 4731 qui

236 4743 337 4801 huc
366 4749 639 4817 procedat,
660 4750 979 4821 obstupesce
1004 4752 1166 4817 etiam
1188 4761 1313 4817 ante
1343 4761 1573 4821 tempus.
1603 4753 1815 4808 Etenim

234 4839 277 4892 si
326 4840 447 4911 quis
492 4842 662 4897 solum
700 4843 893 4898 viderit
931 4844 1070 4921 regis
1114 4845 1329 4911 solium,
1371 4846 1553 4899 animo
1589 4846 1820 4916 assurgit

232 4943 552 5003 exspectans
580 4937 719 5005 regis
744 4936 966 5000 exitum.
1013 4938 1077 4991 Et
1108 4945 1160 4991 tu
1192 4952 1321 5007 ergo
1351 4937 1511 4992 etiam
1536 4946 1661 4994 ante
1691 4939 1817 4994 illud

235 5030 448 5094 tempus
473 5025 795 5095 stupendum
824 5041 1102 5093 venerare,
1128 5036 1184 5082 et
1211 5027 1533 5097 obstupesce
1558 5038 1613 5083 et
1639 5043 1819 5083 assur-

236 5130 323 5183 ge,
352 5126 639 5187 antequam
665 5117 847 5173 videas
875 5133 1112 5189 expansa
1141 5120 1307 5173 anlaaa
1332 5161 1348 5187 ,
1393 5128 1450 5175 et
1491 5130 1819 5189 praeeuntem

235 5207 460 5275 chorum
482 5208 813 5279 angelorum,
842 5192 1091 5279 in'ipsum
1116 5210 1305 5265 caelum
1330 5210 1578 5265 ascende.
1609 5212 1679 5265 At
1706 5211 1820 5266 haec

236 5302 450 5371 ignorat
491 5303 581 5371 qui
628 5302 900 5373 mysteriis
928 5317 1034 5357 non
1063 5311 1144 5357 est
1173 5302 1412 5358 initiatus
1444 5319 1459 5359 :
1492 5318 1713 5359 necesse
1738 5312 1822 5359 est

236 5405 367 5460 ergo
391 5391 469 5445 illi
491 5393 652 5447 etiam
678 5393 779 5447 alia
805 5392 1004 5448 dicere.
1032 5392 1215 5463 Neque
1244 5393 1387 5447 enim
1417 5393 1572 5449 nobis
1593 5394 1821 5455 deerunt

236 5482 340 5537 alia
381 5497 502 5552 qua:
546 5482 694 5536 illum
742 5482 1050 5548 doceamus,
1087 5498 1207 5552 qute
1251 5483 1459 5553 possint
1503 5482 1719 5541 efﬁcere
1766 5491 1821 5539 ut

236 5581 441 5642 surgat,
474 5581 527 5627 et
554 5572 876 5643 persuadere
906 5583 963 5627 ut
986 5573 1168 5628 volare
1194 5582 1437 5629 conetur.
1467 5572 1545 5637 Tu
1575 5588 1704 5644 ergo
1727 5574 1818 5644 qui

239 5661 357 5717 lucc
400 5663 632 5732 ignoras,
661 5662 875 5733 quando
913 5663 1145 5718 audieris
1187 5664 1499 5735 prophetam
1530 5664 1816 5732 dicentem,

238 5754 367 5819 Htcc
400 5754 529 5808 dicit
572 5755 846 5820 Dominus,
878 5755 1087 5811 Recede
1114 5773 1144 5810 a
1172 5765 1348 5823 terra,
1383 5760 1495 5829 ipse
1525 5773 1737 5828 quoque
1764 5758 1816 5812 in

239 5848 428 5909 cmlum
458 5849 685 5905 ascende
718 5866 726 5901 τ
762 5850 931 5919 cogita
958 5850 1199 5920 quisnam
1230 5851 1295 5907 sit
1323 5851 1410 5921 qui
1440 5866 1535 5921 per
1562 5850 1708 5906 illum
1740 5860 1815 5907 tc-

1254 409 1319 465 lN
1360 407 1571 464 EPIST.
1612 406 1629 460 l
1694 405 1783 459 AD
1821 403 1977 459 COR.
2021 405 2251 461 IIOMIL.
2300 404 2537 462 XXXVI.

3444 410 3546 464 3M

1963 534 2082 573 cum
2122 519 2375 589 loquitur.
2422 519 2573 574 Nunc
2613 527 2793 575 autem
2835 518 3106 576 histrionis
3133 520 3346 591 quidem
3379 524 3542 576 risum

1956 609 2251 675 moventis,
2289 623 2344 664 et
2385 613 2669 665 scortantis
2710 626 2773 666 ac
2816 613 3043 680 turpiter
3072 615 3281 682 agentis
3305 614 3542 669 mulieris

1956 711 2158 757 tantum
2188 703 2339 759 sedet
2366 704 2751 773 spectaculum,
2776 706 2837 759 iis
2863 722 2982 775 qum
3012 707 3263 762 dicuntur
3289 723 3538 777 magnum

1955 796 2202 864 praebens
2231 796 2527 864 silentium,
2560 796 2719 867 idque
2748 814 2869 852 cum
2903 800 3078 854 nullus
3099 800 3286 868 julieat
3316 809 3494 855 tacere
3520 840 3539 864 ,

1952 895 2005 939 et
2024 901 2194 957 neque
2215 897 2298 943 est
2314 889 2591 952 tumultus,
2609 905 2782 958 neque
2803 890 3025 957 clamor,
3052 907 3149 945 nec
3163 891 3302 945 ullus
3319 893 3541 946 omnino

1950 979 2204 1049 strepitus
2236 1000 2247 1035 :
2281 980 2391 1035 Deo
2416 989 2594 1035 autem
2625 996 2655 1035 e
2681 983 2826 1036 caelis
2853 982 3105 1051 loquente
3123 982 3191 1037 de
3217 983 3377 1037 rebus
3402 984 3540 1039 adeo

1952 1070 2229 1140 stupendis
2254 1086 2315 1125 ac
2345 1072 2677 1139 reverendis,
2712 1073 2933 1127 canibus
2961 1089 3145 1128 sumus
3179 1074 3532 1142 itnpudentiou

1951 1175 2059 1227 res,
2093 1177 2159 1216 ne
2186 1162 2294 1216 Deo
2324 1162 2537 1232 quidem
2567 1171 2765 1217 tantam
2797 1163 3112 1218 exhibentes
3139 1166 3491 1223 reverentiam
3517 1207 3534 1234 ,

1948 1264 2200 1322 quantam
2231 1255 2622 1309 meretricibus.

2019 1349 2071 1403 6.
2118 1350 2277 1405 llisne
2306 1351 2500 1407 auditis
2531 1353 2923 1408 exhorruistis?
2950 1353 3113 1407 Multo
3140 1353 3308 1423 magis
3328 1352 3432 1407 hoc
3462 1353 3535 1405 fa~

1947 1439 2170 1507 cientes,
2199 1441 2431 1497 ltorrete.
2464 1443 2616 1510 Quod
2644 1445 2710 1498 de
2739 1444 2803 1499 iis
2824 1446 2912 1515 qui
2945 1460 3205 1514 pauperes
3235 1444 3536 1514 despiciunt

1945 1537 1999 1583 et
2024 1532 2123 1584 soli
2155 1533 2461 1598 comedunt,
2499 1535 2632 1588 dixit
2662 1535 2855 1589 Paulus
2875 1577 2887 1599 ,
2923 1535 3105 1588 Annon
3136 1534 3329 1588 habetis
3359 1535 3534 1588 domos

1944 1620 2013 1673 ad
2039 1623 2400 1677 comedendum
2426 1634 2471 1678 et
2498 1625 2804 1679 bibendum?
2843 1643 2908 1679 an
2947 1627 3208 1680 ecclesiam
3237 1624 3333 1679 Dei
3361 1635 3532 1679 conte-

1944 1714 2133 1777 mnitis,
2161 1723 2206 1768 et
2245 1732 2329 1769 eos
2371 1717 2457 1786 qui
2501 1734 2602 1771 non
2642 1718 2821 1771 habent
2856 1718 3049 1787 pudore
3074 1718 3269 1787 a/ficitis
3300 1720 3375 1789 (l.
3410 1717 3526 1772 Cor.

1946 1807 2029 1861 ll.
2057 1806 2195 1877 22)?
2237 1809 2365 1862 mihi
2401 1826 2614 1880 quoque
2645 1811 2923 1866 concedite
2959 1818 3017 1865 ut
3051 1811 3225 1864 dicam
3254 1810 3321 1866 de
3349 1811 3411 1864 iis
3441 1812 3531 1877 qni

1943 1896 2029 1949 hic
2060 1897 2205 1952 cient
2237 1900 2492 1953 tumultus
2523 1910 2574 1954 et
2604 1900 2894 1971 loqttuntnr
2924 1918 2936 1953 :
2971 1901 3160 1954 Annon
3194 1900 3400 1954 habetis
3428 1900 3530 1954 do-

1943 2005 2057 2045 mos
2087 1991 2151 2045 ad
2192 1992 2535 2062 nugandum?
2575 2009 2640 2047 an
2685 1993 2776 2048 Dei
2819 1995 3101 2049 ecclesiam
3129 1995 3434 2063 deSpicitis,
3474 2005 3534 2049 et-

1939 2097 2033 2136 cos
2077 2085 2236 2137 etiam
2277 2086 2623 2154 corrumpitis
2669 2086 2757 2155 qui
2803 2088 2986 2141 volunt
3032 2102 3153 2141 esse
3198 2086 3425 2141 modesti
3475 2097 3529 2140 ct

1938 2172 2140 2243 quieti?
2184 2176 2251 2229 At
2280 2174 2434 2231 vobis
2468 2186 2550 2232 est
2588 2191 2752 2232 suave
2792 2188 2847 2232 et
2880 2178 3175 2247 jucundum
3204 2179 3402 2249 alloqui
3434 2194 3529 2234 eos

1937 2266 2025 2335 qui
2051 2276 2172 2320 sunt
2195 2267 2344 2324 vobis
2367 2271 2510 2323 noti?
2540 2270 2653 2325 Non
2684 2271 2785 2325 hoc
2817 2272 3091 2341 prohibeo,
3119 2272 3213 2327 sed
3239 2272 3406 2341 domi,
3431 2273 3527 2328 sed

1938 2356 1990 2410 in
2027 2355 2177 2422 foro,
2218 2358 2315 2414 sed
2349 2360 2401 2414 in
2436 2361 2641 2416 balneis
2666 2362 2757 2415 fiat
2786 2380 2799 2417 :
2830 2362 3059 2418 ecclesia
3105 2366 3246 2419 enim
3293 2381 3401 2419 non
3445 2376 3530 2420 est

1935 2447 2183 2518 colloquii
2208 2448 2373 2516 locus,
2401 2450 2495 2505 sed
2521 2452 2798 2507 doctrinm.
2825 2453 2977 2508 Nunc
2998 2463 3174 2508 autem
3201 2454 3331 2508 nihil
3348 2454 3529 2510 differt

1935 2553 1966 2593 a
1998 2539 2146 2606 foro;
2191 2549 2246 2595 et
2283 2542 2327 2595 si
2369 2558 2473 2596 non
2511 2543 2583 2597 sit
2624 2542 2768 2598 dictu
2812 2544 3089 2611 audacius,
3120 2544 3257 2599 forte
3291 2561 3465 2616 neque
3495 2562 3523 2599 a

1934 2645 2093 2687 scena
2127 2649 2141 2685 :
2173 2633 2307 2688 adeo
2334 2634 2419 2701 iis,
2442 2650 2559 2705 qua:
2589 2635 2696 2689 illic
2725 2646 3046 2701 scorlantur,
3074 2637 3318 2692 lascivius
3341 2647 3396 2692 et
3425 2638 3522 2691 im»

1933 2724 2178 2795 pudicius
2217 2734 2476 2781 ornantur
2508 2743 2627 2797 qua:
2658 2727 2747 2783 hic
2775 2730 3121 2784 conveniunt.
3166 2730 3292 2786 Ideo
3327 2731 3522 2786 multos

1931 2833 2144 2888 quoque
2188 2819 2487 2886 impudicos
2542 2821 2626 2875 hic
2675 2822 2949 2876 attrahunt
2992 2840 3005 2875 :
3044 2832 3099 2878 et
3146 2824 3189 2877 si
3237 2824 3354 2894 quis
3406 2833 3524 2878 ten-

1934 2917 2028 2975 tet,
2061 2920 2153 2965 aut
2183 2912 2309 2966 velit
2333 2926 2680 2984 corrumpere
2709 2914 3011 2981 mulierem,
3042 2916 3240 2979 nullus,
3268 2926 3325 2970 ut
3355 2927 3481 2986 puto
3506 2956 3521 2980 ,

1932 3002 1980 3057 ei
2011 3002 2220 3058 videtur
2260 3004 2411 3059 locus
2438 3005 2615 3075 aptior
2639 3006 2894 3071 ecclesia;
2937 3014 2991 3061 et
3038 3007 3083 3061 si
3130 3007 3256 3077 quid
3290 3008 3522 3063 vendere

1930 3102 2022 3148 aut
2058 3109 2240 3151 emere
2281 3105 2563 3166 oporteat,
2600 3098 2827 3153 ecclesia
2867 3098 3077 3152 videtur
3116 3114 3237 3154 esse
3279 3099 3345 3153 ad
3392 3100 3517 3153 illud

1930 3187 2300 3253 commodior,
2332 3203 2492 3258 quam
2519 3188 2717 3244 forum.
2750 3189 2844 3244 Hic
2869 3190 3011 3245 enim
3044 3190 3111 3245 de
3137 3190 3202 3244 iis
3228 3191 3379 3260 plura
3406 3192 3519 3245 col-

1930 3278 2110 3350 loquia
2133 3281 2537 3351 miscentquam
2561 3282 2613 3337 in
2635 3283 2768 3352 ipsis
2790 3282 3040 3338 officinis.
3072 3282 3141 3338 Et
3161 3284 3203 3337 si
3235 3285 3323 3354 qui
3354 3284 3521 3338 velint

1929 3370 2252 3427 maledicere
2280 3382 2333 3427 et
2362 3373 2646 3429 maledicta
2677 3374 2884 3440 audire,
2922 3373 3023 3429 hoc
3049 3389 3263 3444 quoque
3292 3376 3376 3429 hic
3400 3391 3519 3429 ma-

1926 3462 2009 3532 gis
2041 3461 2245 3517 videbit
2283 3463 2629 3534 contingere,
2671 3480 2831 3535 quam
2858 3465 2910 3519 in
2942 3465 3096 3519 foro:
3128 3474 3182 3520 et
3213 3465 3261 3521 si
3280 3465 3519 3522 volueris

1927 3571 2016 3611 res
2054 3555 2241 3611 audire
2279 3556 2498 3623 civiles,
2527 3566 2580 3612 et
2608 3572 2727 3626 quze
2758 3558 2811 3611 in
2842 3557 3045 3611 aedibus
3074 3556 3207 3610 fiunt
3233 3566 3287 3611 et
3314 3558 3514 3624 quaein

1927 3648 2139 3713 castris,
2180 3662 2248 3701 ne
2286 3662 2377 3701 eas
2422 3648 2488 3702 ad
2525 3647 2780 3717 judiciale
2820 3647 3015 3714 forum,
3045 3661 3218 3716 neque
3243 3646 3431 3703 sedeas
3465 3647 3515 3701 in

1926 3737 2137 3793 oflicina
2164 3738 2525 3805 medicorum;
2566 3749 2691 3803 sunt
2720 3739 2862 3795 enim
2890 3740 2977 3809 qui
3006 3739 3254 3795 omnibus
3293 3752 3513 3791 accura-

1926 3829 2031 3883 tius
2061 3828 2147 3883 hic
2173 3830 2349 3884 omnia
2382 3829 2497 3883 haec
2526 3831 2846 3895 annuntiant
2870 3848 2883 3884 :
2910 3838 2966 3884 et
3004 3828 3089 3883 hic
3131 3829 3279 3883 locus
3306 3828 3515 3898 quidvis

1927 3923 2105 3992 potius
2134 3930 2237 3987 est,
2270 3936 2430 3991 quam
2460 3921 2711 3977 ecclesia.
2746 3921 2855 3975 Vos
2882 3920 3110 3975 fortasse
3136 3921 3289 3974 valde
3321 3919 3468 3989 tetigi
3501 3938 3513 3972 :

1924 4028 2031 4067 non
2076 4028 2176 4083 ego
2216 4013 2431 4089 quidem
2477 4012 2730 4067 arbitror.
2779 4012 3004 4078 Quando
3044 4012 3184 4066 enim
3226 4012 3278 4064 in
3322 4011 3513 4066 iisdem

1924 4105 2302 4177 perseveratis,
2343 4105 2610 4161 undenam
2651 4105 2816 4159 sciam
2861 4104 3003 4174 quod
3043 4120 3162 4173 qua:
3204 4104 3346 4158 dicta
3391 4115 3516 4158 sunt

1922 4178 2020 4252 vos
2049 4196 2371 4267 tetigerunt?
2413 4196 2643 4251 Necesse
2672 4206 2756 4252 est
2790 4211 2919 4265 ergo
2955 4212 3141 4250 rursus
3173 4196 3361 4250 eadem
3396 4206 3515 4250 Ian«

1921 4305 2069 4360 gere.
2124 4289 2373 4344 Hacccine
2420 4298 2547 4343 sunt
2593 4289 2928 4344 tolerabilia?
2975 4288 3514 4343 haeccinet'erenda?

1925 4366 2182 4450 Quatidie,
2201 4381 2553 4453 defatigamur
2578 4391 2631 4437 et
2660 4380 3039 4450 discerpimur,
3069 4389 3128 4434 ut
3154 4379 3285 4435 utile
3314 4379 3511 4450 aliquid

1923 4459 2101 4539 edocti
2119 4474 2405 4530 discedatis
2430 4491 2443 4527 :
2469 4489 2627 4529 nemo
2656 4483 2836 4529 autem
2861 4482 3095 4526 vestrum
3119 4471 3318 4541 aliquid
3344 4471 3512 4526 lucra-

1923 4577 2008 4620 tus
2036 4566 2260 4631 recedit,
2282 4566 2376 4621 sed
2407 4566 2597 4635 majori
2623 4565 2783 4621 etiam
2809 4565 3005 4620 damno
3025 4564 3265 4619 affectus.
3297 4563 3507 4618 Etenim

1923 4659 1975 4712 in
2009 4657 2265 4729 judicium
2312 4657 2629 4724 convenitis,
2661 4672 2783 4712 cum
2830 4656 3036 4727 peccati
3084 4655 3265 4725 utique
3310 4656 3510 4709 nullam

1924 4750 2165 4806 habeatis
2193 4751 2552 4818 occasionem,
2584 4758 2641 4806 et
2669 4749 2918 4805 meliores
2946 4756 2999 4804 et
3024 4748 3262 4807 mitiores
3291 4749 3513 4817 expelli-

1925 4843 1991 4898 tis
2019 4857 2112 4896 eos
2134 4843 2325 4898 vestris
2350 4843 2503 4912 nugis
2530 4842 2766 4912 undique
2788 4842 3034 4897 molestia
3062 4840 3376 4895 afficientes.
3405 4840 3512 4894 Sed

1923 4934 2049 5008 quid
2087 4944 2171 4991 est
2206 4934 2347 5006 quod
2388 4935 2583 4989 dicitur
2607 4950 2635 4987 a
2665 4934 2883 4987 multis?
2931 4932 3045 4987 Non
3092 4930 3268 4995 audio,
3303 4931 3508 4999 inquit,

1925 5044 2043 5099 qua:
2066 5028 2342 5098 leguntur,
2375 5044 2553 5098 neque
2582 5028 2696 5082 scio
2725 5042 2785 5082 ea
2809 5041 2929 5097 qua:
2955 5025 3226 5080 dicuntur.
3256 5024 3390 5099 Quia
3423 5032 3511 5077 tu-

1924 5121 2205 5176 multuaris
2225 5161 2241 5187 ,
2277 5121 2458 5175 turbas
2486 5134 2671 5175 moves
2693 5160 2708 5183 ,
2742 5134 2917 5187 neque
2942 5116 3153 5173 accedis
3182 5132 3307 5169 cum
3330 5115 3510 5169 animo

1925 5225 2090 5267 sensu
2119 5210 2332 5280 pietatis
2362 5209 2605 5278 praedito.
2649 5209 2791 5278 Quid
2830 5208 3224 5263 diois?'nescis
3263 5222 3511 5276 quamam

1926 5302 2041 5357 lucc
2085 5286 2222 5356 dicta
2268 5302 2367 5357 sibi
2402 5301 2607 5356 velint?
2652 5303 2813 5370 Atqui
2854 5308 3086 5369 propter
3113 5298 3216 5352 hoc
3256 5297 3428 5365 ipsum
3458 5305 3511 5349 te

1926 5396 2207 5466 oportebat
2225 5394 2522 5450 attendere.
2550 5394 2606 5449 Si
2633 5403 2809 5448 autem
2839 5406 2909 5447 ne
2933 5390 3241 5461 id'qnidem,
3268 5388 3407 5459 quod
3430 5398 3512 5442 est

1926 5489 2236 5552 obscurum,
2284 5495 2429 5541 tuum
2475 5486 2671 5541 excitat
2718 5488 2997 5549 animum,
3038 5483 3207 5537 multo
3250 5481 3421 5551 magis
3466 5482 3513 5535 si

1927 5587 2107 5633 essent
2138 5578 2279 5632 clara
2309 5592 2372 5633 ac
2410 5577 2687 5632 manifesta
2714 5618 2729 5643 ,
2772 5591 2835 5631 ea
2877 5585 3339 5645 prcctcrcurreres.
3387 5570 3514 5625 ldeo

1928 5671 2068 5725 enim
2096 5686 2267 5741 neque
2293 5669 2470 5725 omnia
2499 5677 2622 5724 sunt
2646 5667 2898 5733 dilucida,
2929 5682 2995 5721 ne
3025 5667 3097 5719 sis
3128 5665 3304 5733 piger;
3335 5675 3513 5730 neque

1928 5761 2176 5828 obscura,
2219 5778 2285 5816 ne
2326 5761 2599 5829 desperes.
2647 5760 2714 5814 Et
2758 5759 2847 5813 ille
2893 5757 3105 5826 quidem
3148 5751 3426 5809 eunuchus
3455 5761 3510 5805 et

1929 5853 2181 5910 barbarus
2212 5853 2340 5909 nihil
2373 5870 2435 5909 cx
2469 5852 2533 5908 iis
2559 5852 2725 5919 dixit,
2765 5850 2857 5907 sed
2886 5858 2938 5904 et
2968 5843 3527 5916 tantorumucgotitr-
