3998 6418
480 333 588 389 513

482 466 602 514 rum
653 453 1018 517 circumdatus
1060 458 1401 514 multitudine
1433 503 1447 527 ,
1499 463 1660 517 etiam
1709 478 1832 521 cum
1902 467 1954 522 in
1996 469 2080 529 via

481 555 661 610 esset.
709 547 904 604 librum
960 549 1192 605 habebat
1248 551 1299 605 in
1351 555 1596 610 manibus
1639 565 1695 624 et
1743 557 1972 628 legebat,
2024 569 2080 616 tu

479 647 682 706 autem,
723 655 846 700 eum
893 651 947 705 et
978 641 1069 696 tibi
1113 643 1184 700 sit
1225 642 1378 712 copia
1433 643 1736 712 doctorum,
1782 659 1836 704 et
1882 650 2080 708 habeas

477 731 568 799 qui
621 731 711 788 tibi
759 732 955 802 legant,
999 732 1126 786 mihi
1169 735 1544 799 excusationes
1574 737 1780 806 profers
1817 752 1870 794 et
1897 741 2080 798 obten-

479 829 585 885 tus,
633 820 819 880 Nescis
855 837 919 883 ea
969 839 1087 892 quae
1137 824 1428 884 dicuntur?
1479 826 1583 882 Ora
1617 844 1747 899 ergo
1779 841 1835 884 ut
1875 831 2074 890 discas.

479 912 591 972 lmo
637 927 765 971 vero
813 913 930 970 fieri
977 931 1084 980 non
1133 924 1309 986 potest
1338 926 1394 972 ttt
1421 919 1604 976 omnia
1631 920 1865 991 ignores.
1912 921 2075 980 Multa

472 1004 615 1069 enim
648 1012 774 1067 sunt
801 1020 865 1059 ex
889 1020 948 1062 se
973 1017 1156 1077 aperta
1181 1017 1237 1065 et
1273 1010 1536 1078 dilucida;
1571 1013 1678 1067 imo
1709 1030 1837 1071 vero
1863 1018 2073 1074 etiamsi

471 1095 650 1152 omnia
717 1097 1028 1168 ignorares,
1074 1101 1154 1156 sic
1200 1117 1413 1174 quoque
1475 1115 1751 1175 oporteret
1813 1115 1866 1166 te
1917 1109 2071 1179 quie-

475 1202 650 1252 scere,
699 1198 757 1243 ut
793 1205 898 1245 non
938 1192 1176 1262 expellas
1220 1209 1315 1250 eos
1363 1196 1454 1266 qui
1491 1197 1819 1258 attendunt:
1853 1213 1909 1256 ut
1947 1217 2069 1261 cum

468 1279 581 1334 Deo
605 1291 884 1350 acceptum
915 1281 1074 1338 fuerit
1105 1293 1251 1340 tuum
1280 1287 1551 1343 silentium
1593 1301 1648 1346 et
1688 1291 1859 1361 pudor
1903 1302 2024 1349 tuus
2048 1335 2064 1363 ,

463 1370 584 1440 ipse
626 1386 687 1434 ea
729 1387 847 1442 qua:
885 1383 1011 1428 sunt
1040 1374 1267 1434 obscura
1317 1379 1506 1438 reddat
1545 1381 1798 1439 dilucida.
1849 1386 1920 1441 At
1957 1401 2066 1448 non

466 1471 620 1531 potes
651 1464 848 1519 silere?
879 1466 972 1520 Exi
996 1482 1145 1537 ergo,
1177 1484 1244 1525 ne
1270 1471 1390 1526 aliis
1417 1487 1631 1543 quoque
1655 1475 1909 1531 damnum
1935 1477 2066 1534 alle-

465 1569 574 1617 ras.
623 1554 833 1620 Etenim
871 1557 922 1618 in
955 1559 1186 1614 ecclesia
1227 1577 1388 1620 unam
1431 1575 1646 1633 oportet
1691 1580 1905 1636 semper
1944 1582 2065 1624 esse

464 1663 673 1714 vocem,
697 1665 762 1712 ac
786 1651 830 1705 si
860 1668 1021 1708 unum
1046 1653 1116 1708 sit
1141 1669 1355 1726 corpus.
1392 1656 1681 1729 Propterea
1708 1669 1762 1715 et
1792 1661 1879 1731 qui
1914 1661 2060 1733 legit,

462 1743 610 1807 solus
651 1743 921 1813 loquitur;
955 1756 1009 1801 et
1039 1747 1084 1802 is
1107 1750 1196 1820 qui
1224 1749 1591 1822 episcopatum
1622 1752 1848 1818 obtinet,
1881 1762 2063 1810 manet

461 1835 676 1890 silentio
700 1837 931 1906 sedens;
970 1849 1023 1896 et
1053 1840 1097 1901 is
1127 1843 1216 1912 qui
1243 1843 1442 1914 psallit,
1475 1845 1623 1900 solus
1664 1847 1875 1916 psallit;
1918 1855 1974 1902 et
2012 1846 2060 1902 si

461 1941 650 1989 Omnes
678 1932 1057 2000 respondendo
1077 1944 1352 2002 resonent,
1378 1953 1478 1992 vox
1505 1939 1673 1994 fertur
1696 1949 1964 2010 tamquam
1990 1957 2057 1996 ex

459 2035 569 2075 uno
599 2037 723 2088 ore;
751 2031 808 2078 et
836 2026 924 2094 qui
949 2025 1014 2079 ad
1041 2027 1294 2096 populum
1323 2028 1483 2083 verba
1515 2029 1660 2091 facit.
1690 2030 1840 2086 solus
1880 2031 2060 2102 loqui-

459 2119 569 2164 tur.
601 2111 827 2178 Quando
852 2125 1030 2170 autem
1061 2117 1216 2171 multi
1243 2117 1311 2173 de
1337 2118 1522 2173 multis
1548 2129 1600 2174 et
1628 2119 1858 2176 diversis
1884 2121 2059 2176 disce-

458 2209 631 2277 ptant,
663 2217 761 2273 cur
791 2205 942 2260 vobis
970 2204 1168 2263 frustra
1199 2209 1501 2265 molestiam
1527 2210 1918 2268 exhibeamus?
1943 2211 2054 2268 Nisi

455 2294 600 2357 enim
626 2303 827 2355 temere
856 2313 954 2354 nos
979 2298 1221 2355 molestia
1249 2300 1465 2358 afficere
1495 2303 1774 2372 putaretis,
1805 2303 1959 2358 nobis
1988 2303 2057 2360 de

457 2384 623 2444 tantis
671 2386 833 2442 rebus
873 2388 1236 2459 loquentibus,
1267 2391 1338 2456 de
1378 2393 1444 2450 iis
1483 2409 1604 2464 quae
1648 2394 1778 2449 nihil
1826 2394 2056 2451 attinent

456 2490 563 2536 non
613 2477 991 2548 loqueremini.
1041 2482 1335 2553 PrOpterea
1361 2500 1468 2543 non
1500 2486 1554 2542 in
1579 2487 1686 2542 vita
1716 2486 1890 2542 solum
1912 2527 1929 2554 ,
1957 2488 2054 2546 sed

453 2576 508 2624 et
537 2569 590 2637 in
618 2569 732 2639 ipsa
761 2587 940 2640 rerum
967 2574 1366 2642 existimatione
1397 2593 1586 2649 magna
1615 2587 1698 2636 est
1729 2579 2003 2650 perversio
2034 2597 2047 2633 :

451 2659 519 2725 ad
547 2675 608 2716 ea
635 2661 835 2732 quippe
861 2679 980 2734 qua:
1002 2676 1128 2733 sunt
1153 2668 1425 2738 superflua
1457 2670 1675 2727 inhiatis
1699 2711 1716 2739 ,
1742 2672 2052 2730 veritatem-

450 2770 557 2836 que
581 2755 933 2824 dimittentes,
969 2759 1188 2816 umbras
1213 2770 1268 2818 et
1294 2767 1500 2817 somnia
1533 2763 1941 2834 persequimini.

525 2849 828 2910 Diuitiarum
852 2853 1069 2916 uanitas.
1094 2857 1372 2922 -.—Aunon
1395 2857 1582 2912 umbra
1614 2869 1667 2912 et
1693 2857 1900 2914 somnia
1925 2864 2050 2912 sunt

453 2942 632 3003 onmia
663 2945 970 3012 prmseutia,
1003 2953 1058 3000 et
1089 2945 1273 3006 umbra
1295 2947 1566 3010 deteriora
1593 2948 1617 3002 ἰ)
1642 2948 1852 3004 Etenim
1875 2947 2050 3019 prius-

454 3048 613 3102 quam
644 3047 977 3105 appareant,
1019 3039 1314 3106 recedunt;
1347 3050 1399 3096 et
1437 3043 1749 3112 priusquam
1779 3041 1999 3096 avolent
2027 3081 2044 3110 ,

1195 341 1248 397 S.
1290 341 1570 398 JOANNIS
1607 344 2085 410 CIIRYSOSTOMI
2123 356 2436 423 ARCHIEP.
2478 364 3014 428 CONSTANTINOP.

3674 391 3782 449 316

2187 490 2434 547 magnam
2475 480 2733 540 exhibent
2775 491 3270 562 perturbationem,
3304 505 3360 550 et
3391 499 3650 572 majorem
3691 507 3777 564 illa

2187 567 2477 638 voluptate.
2507 570 2577 632 Et
2603 575 2648 630 si
2675 575 2763 633 hie
2791 578 3210 642 innumerabiles
3237 567 3492 664 acceptas
3527 594 3781 656 infoderit

2185 661 2471 730 pecunias,
2493 678 2616 720 cum
2645 682 2751 725 nox
2783 676 3134 745 praeterierit,
3165 678 3290 737 hinc
3317 661 3490 742 nudus
3517 691 3724 747 recedit
3757 711 3772 758 ;

2182 761 2236 807 et
2262 755 2477 811 merito.
2505 757 2635 816 Nam
2664 771 2719 818 et
2742 766 2832 836 qui
2865 767 2920 823 in
2948 773 3154 828 somnis
3181 787 3308 832 sunt
3332 780 3557 853 divites,
3589 802 3713 842 cum
3745 755 3780 847 e

2181 846 2344 902 cubili
2373 854 2728 922 surrexerint,
2755 858 2889 914 nihil
2914 860 3194 921 habentex
3215 869 3282 924 iis
3307 886 3426 942 quae
3455 846 3780 939 videbantur

2181 935 2379 996 habere
2407 942 2740 1002 dormientes
2770 969 2784 1006 :
2815 951 2885 1006 ita
2915 955 3079 1012 etiam
3117 962 3264 1016 avari
3296 935 3352 1019 et
3378 967 3469 1036 qui
3500 969 3654 1039 plura
3677 935 3778 1028 ha;

2179 1026 2336 1128 PCndi
2383 1032 2632 1092 laborant
2671 1041 3002 1112 cupiam“;
3037 1048 3146 1105 imo
3193 1067 3323 1110 vero
3369 1026 3596 1116 n-0n.im
3627 1103 3642 1128 ’

2179 1119 2339 1194 longe
2378 1126 2550 1227 pejus.
2585 1129 2718 1186 Nam
2759 1135 2850 1204 qui
2882 1137 2936 1192 in
2970 1143 3177 1199 somnis
3203 1145 3424 1215 quidem
3455 1160 3538 1208 cst
3563 1119 3772 1227 dives,

2176 1229 2352 1286 neque
2380 1218 2540 1276 habet
2569 1225 2828 1292 pecunias
2851 1244 2988 1298 quas
3019 1232 3074 1288 in
3111 1235 3316 1294 visione
3343 1256 3404 1296 se
3430 1245 3653 1312 putabat
3678 1218 3775 1304 ha:

2175 1305 2306 1364 bere
2323 1350 2339 1377 ,
2361 1326 2534 1384 neque
2563 1314 2671 1372 alio
2700 1321 2952 1390 quopiam
2976 1325 3119 1381 malo
3141 1328 3210 1384 ab
3239 1329 3346 1390 hac
3377 1305 3585 1394 visione
3611 1355 3776 1398 acce—

2173 1409 2286 1472 pto,
2306 1406 2476 1476 surgit
2499 1424 2513 1462 :
2542 1407 2645 1466 iste
2667 1421 2872 1481 autem,
2895 1419 3136 1486 pecuniis
3159 1423 3375 1493 quidem
3398 1439 3484 1484 est
3503 1431 3767 1502 privatus,

2173 1495 2404 1560 peccatis
2429 1507 2611 1554 autem
2648 1517 2768 1572 qua:
2797 1519 2864 1560 ex
2895 1511 3135 1576 pecuniis
3160 1523 3278 1570 orta
3302 1527 3431 1573 sunt
3464 1495 3708 1591 repletus

2171 1581 2431 1686 discedit;
2462 1597 2657 1646 etcum
2686 1609 2808 1664 qute
2833 1611 2901 1652 ex
2934 1598 3134 1656 divitiis
3160 1603 3317 1673 ﬁunt,
3343 1581 3549 1667 visione
3577 1581 3769 1686 appre-

2172 1673 2421 1732 henderit
2445 1718 2459 1742 ,
2486 1681 2625 1736 mala
2653 1683 2777 1742 inde
2799 1696 2916 1743 orta
2947 1707 3055 1748 non
3086 1694 3232 1751 videt
3262 1699 3400 1755 ultra
3432 1702 3485 1758 in
3512 1673 3719 1762 visione
3742 1750 3762 1778 ,

2169 1767 2264 1822 sed
2296 1769 2350 1824 in
2382 1771 2496 1841 ipsa
2541 1789 2724 1832 rerum
2755 1780 2986 1839 veritate
3018 1801 3033 1838 :
3065 1795 3119 1840 et
3141 1786 3240 1843 fuit
3266 1792 3484 1860 quidem
3509 1767 3760 1868 voluptas

2170 1857 2222 1912 in
2248 1862 2451 1916 somnis
2475 1879 2492 1930 ς
2523 1866 2667 1934 quod
2688 1877 2868 1925 autem
2895 1887 2962 1928 ex
2990 1875 3263 1948 voluptate
3285 1857 3524 1942 nascitur
3549 1857 3758 1959 sup-plic-

2167 1949 2310 2006 cium
2341 1993 2356 2016 ,
2386 1968 2492 2008 non
2533 1956 2716 2027 utique
2739 1961 2938 2018 accidit
2965 1965 3018 2020 in
3041 1969 3247 2026 somnis
3268 2011 3283 2036 ,
3317 1973 3412 2028 sed
3445 1975 3497 2030 in
3529 1949 3758 2046 ipsa-ex.

2167 2043 2429 2110 perientia
2455 2061 2470 2109 ;
2501 2045 2610 2102 imo
2638 2064 2767 2105 vero
2791 2053 2950 2109 etiam
2979 2065 3106 2113 ante
3150 2059 3281 2116 illud
3320 2043 3643 2135 supplicium
3671 2070 3762 2128 hic

2163 2149 2376 2206 quoque
2404 2148 2674 2196 extremas
2698 2143 2791 2199 dat
2811 2161 3024 2216 pmnas,
3058 2159 3116 2207 ut
3141 2154 3233 2224 qui
3265 2155 3318 2210 in
3341 2159 3648 2231 colligendo
3676 2174 3762 2223 at-

2166 2235 2369 2282 teratur
2416 2229 2896 2295 innumerabilibus
2935 2241 3103 2297 animi
3137 2229 3578 2318 egritudinibus,
3605 2253 3759 2310 solli-

2161 2318 2508 2387 citudinibus,
2539 2329 2994 2400 accusationibus,
3025 2335 3330 2407 calumniis,
3359 2344 3678 2402 tumultibus
3698 2358 3756 2403 et

2161 2413 2676 2481 perturbationibus.
2712 2419 2780 2477 Ut
2808 2437 2938 2494 ergo
2967 2435 3018 2480 et
3047 2442 3080 2482 a
3105 2432 3332 2487 somniis
3361 2432 3681 2505 liberemur,
3700 2449 3758 2494 et

2160 2517 2189 2556 a
2223 2505 2379 2560 malis
2423 2521 2544 2577 qua:
2589 2524 2698 2566 non
2733 2523 2860 2569 sunt
2893 2516 2947 2570 in
2993 2522 3216 2577 somniis
3239 2561 3254 2590 ,
3287 2539 3387 2594 pro
3430 2531 3659 2586 avaritia
3701 2543 3758 2592 et

2159 2594 2312 2664 plura
2339 2597 2566 2692 habendi
2593 2603 2885 2672 cupiditate
2912 2608 3313 2682 eleemosynam
3343 2619 3624 2690 eligamus,
3656 2637 3755 2692 pro

2159 2688 2346 2756 rapina
2376 2687 2781 2761 benignitatem.
2827 2696 2922 2754 Sic
2972 2702 3118 2757 enim
3154 2687 3442 2774 prmscntia
3483 2721 3541 2766 et
3576 2687 3752 2772 futura

2157 2775 2298 2832 bona
2324 2793 2678 2852 assequemur
2703 2827 2721 2854 ,
2748 2790 2918 2858 gratia
2949 2801 3004 2848 et
3039 2794 3371 2867 benignitate
3405 2802 3618 2860 Domini
3647 2821 3748 2862 no-

2158 2869 2257 2923 stri
2279 2869 2408 2926 Jesu
2438 2872 2642 2931 Christi
2668 2918 2684 2945 ,
2715 2879 2933 2949 quicum
2959 2882 3105 2940 Patri
3135 2903 3348 2960 unaque
3378 2892 3599 2964 Spiritui
3625 2913 3753 2955 san-

2155 2971 2247 3018 eto
2275 2963 2468 3034 gloria,
2500 2965 2785 3038 imperium
2808 3013 2824 3038 ,
2854 2973 3028 3032 honor
3051 3019 3066 3037 .
3100 2993 3243 3036 nunc
3267 2991 3322 3038 et
3346 2963 3576 3057 semper,
3603 2999 3657 3044 et
3691 2991 3750 3049 in

2155 3055 2352 3112 stecula
2373 3058 2714 3126 saeculorum.
2750 3063 2946 3122 Amen.

447 3386 576 3455 Car.
623 3387 712 3444 M.
746 3403 797 3440 v.
825 3389 914 3444 54.
952 3388 1193 3447 Mulieres
1231 3399 1409 3444 vestrm
1442 3390 1493 3443 in
1544 3387 1768 3443 ecclesiis
1814 3396 2034 3444 taceant.

517 3477 639 3533 Non
667 3480 799 3534 enim
827 3481 1135 3550 permittitur
1157 3482 1228 3536 eis
1251 3481 1410 3554 loqui,
1432 3480 1521 3536 sed
1548 3481 1777 3543 subditas
1805 3497 1930 3546 esse,
1962 3479 2037 3538 δὶ-

513 3580 597 3632 cut
625 3581 672 3624 ct
704 3572 786 3627 (ex
813 3571 958 3626 dicit.

513 3663 566 3735 l.
599 3662 736 3725 Cum
765 3677 912 3730 eum,
942 3663 1032 3735 qui
1063 3679 1128 3720 ex
1160 3665 1355 3737 linguis
1387 3666 1663 3722 oriebatur
1695 3709 1709 3734 ,
1745 3665 2034 3721 tumultum

440 3761 791 3827 amputasset,
820 3762 875 3810 et
899 3770 1019 3809 eum
1049 3757 1139 3826 qui
1164 3771 1227 3811 ex
1250 3757 1567 3828 prephetiis,
1598 3768 1654 3815 et
1680 3759 1850 3830 legem
1885 3758 2038 3815 tulis-

438 3833 558 3908 set,
591 3859 658 3899 ne
688 3855 831 3908 esset
861 3847 1108 3906 confusio
1127 3889 1142 3914 ,
1181 3857 1237 3903 ut
1265 3850 1355 3919 qui
1399 3850 1594 3921 linguis
1625 3851 1984 3923 loquebantur
2013 3893 2030 3920 ,

439 3935 539 3990 hoc
561 3936 798 3995 vicissim
825 3939 1064 3997 facerent
1093 3981 1110 4006 ,
1142 3949 1198 3996 et
1229 3949 1286 3996 ut
1316 3941 1406 4011 qui
1439 3941 1836 4014 pr0phetabant
1862 3985 1879 4012 ,
1909 3959 2030 4000 cum

437 4027 575 4096 alter
603 4028 913 4098 incepisset,
951 4041 1191 4096 tacerent
1221 4050 1235 4086 :
1267 4033 1510 4102 procedit
1532 4033 1748 4090 demum
1777 4035 1940 4090 etlam
1963 4033 2029 4090 ad

437 4121 894 4201 perturbationem
918 4139 1038 4202 qua:
1063 4126 1237 4185 oritur
1257 4141 1324 4187 ex
1354 4127 1671 4191 mulieribus
1701 4168 1716 4193 ,
1745 4137 2030 4198 amputans

433 4226 617 4282 earum
649 4214 1009 4284 importunam
1041 4217 1291 4288 loquendi
1326 4218 1626 4285 libertatem
1651 4221 1841 4292 :idque
1871 4221 2030 4286 valde

431 4314 752 4378 opportune.
782 4307 915 4376 Nam
943 4308 989 4364 si
1022 4309 1122 4384 iis,
1152 4311 1243 4380 qui
1273 4311 1474 4376 habent
1501 4313 1828 4377 charismata
1856 4356 1874 4383 ,
1919 4332 2025 4373 non

433 4397 759 4465 permittitur
793 4407 998 4456 temere
1027 4402 1170 4472 loqui
1202 4446 1218 4471 ,
1252 4419 1428 4475 neque
1458 4407 1674 4476 quando
1709 4408 1878 4465 velint
1900 4451 1915 4474 ,
1943 4408 2024 4472 id-

428 4501 533 4557 que
563 4502 685 4548 cum
719 4501 1036 4546 moveantur
1060 4509 1087 4546 a
1111 4491 1316 4564 Spiritu
1344 4537 1358 4560 ,
1387 4497 1558 4554 multo
1595 4498 1768 4568 magis
1799 4499 1904 4554 illis
1941 4501 2020 4554 in-

427 4580 768 4644 considerate
813 4590 870 4636 et
910 4597 1045 4652 vane
1087 4587 1431 4656 nugantibus.
1487 4587 1778 4660 Propterea
1830 4605 2020 4661 magna

423 4684 637 4740 quoque
663 4686 784 4735 cum
813 4674 1137 4730 auctoritate
1163 4679 1478 4748 nugantium
1513 4693 1606 4746 ora
1638 4680 1869 4736 obstruit
1900 4698 1914 4749 ;
1964 4693 2019 4738 et

421 4761 543 4831 lege
579 4777 761 4827 secum
799 4773 1076 4836 assumpta
1111 4809 1126 4835 ,
1157 4782 1342 4833 eorum
1381 4768 1458 4826 sic
1484 4785 1578 4826 ora
1617 4772 1853 4828 obturat.
1896 4771 2014 4832 Non

422 4853 596 4910 solum
641 4856 785 4920 enim
831 4855 918 4912 hic
941 4859 1132 4928 suadet
1161 4901 1178 4926 ,
1211 4877 1386 4932 neque
1421 4866 1694 4932 consulit,
1726 4866 1820 4922 sed
1850 4867 2011 4922 etiam

420 4945 769 5005 vehementer
797 4950 1025 5021 imperat
1053 4991 1070 5016 ,
1105 4952 1290 5025 legens
1325 4957 1599 5028 antiquam
1634 4957 1717 5014 his
1755 4958 1821 5014 de
1851 4959 2012 5018 rebus

419 5037 616 5108 legem.
646 5039 778 5098 Nam
807 5057 926 5099 cum
962 5044 1187 5102 dixisset
1220 5063 1234 5102 :
1267 5046 1513 5106 Mulieres
1541 5060 1717 5107 vestra:
1763 5051 1815 5105 in
1854 5054 2013 5116 eccle-

412 5131 502 5186 siis
524 5141 741 5200 taceant,
769 5143 853 5202 et,
883 5133 1006 5198 Non
1035 5138 1342 5208 permittitur
1365 5141 1434 5200 eis
1456 5142 1629 5212 loqui,
1653 5144 1742 5199 sed
1762 5144 2011 5214 subjectos

413 5238 520 5276 esse
546 5263 562 5289 ,
594 5225 874 5295 subjunxit
905 5244 920 5283 :
948 5228 1096 5284 Sicut
1125 5239 1171 5284 et
1205 5230 1286 5286 lea:
1319 5233 1464 5286 dicit.
1507 5233 1575 5290 Et
1622 5224 1713 5290 ubi
1744 5235 1849 5292 hoc
1878 5236 2008 5298 dicit

412 5312 499 5368 lex
531 5318 553 5367 ζ’
583 5314 662 5368 Ad
686 5317 849 5377 virum
871 5327 1014 5380 tuum
1041 5324 1300 5378 conversio
1324 5333 1432 5392 tuo,
1464 5336 1514 5382 et
1534 5327 1642 5397 ipse
1665 5328 1756 5387 tibi
1777 5329 2004 5396 domina-

411 5408 545 5462 bitur
597 5408 617 5481 (
644 5408 771 5474 Gen.
801 5411 855 5482 δε
890 5413 954 5468 16
990 5415 1030 5484 ).
1063 5415 1312 5475 Vidistin‘
1356 5417 1504 5478 Pauli
1557 5421 1874 5490 sapientiam
1901 5465 1916 5491 ,
1949 5432 2008 5480 et

409 5511 664 5570 quantum
689 5503 972 5562 adduxerit
1005 5509 1396 5583 testimonium,
1417 5511 1560 5581 quod
1588 5527 1693 5576 non
1717 5513 1889 5568 solmn
1909 5529 2002 5569 eas

403 5595 590 5669 jubeat
614 5605 791 5663 tacere
815 5639 832 5666 ,
873 5599 966 5656 sed
1008 5601 1169 5656 etiam
1195 5611 1373 5659 tacere
1397 5619 1519 5659 cum
1559 5614 1706 5660 metu
1733 5648 1748 5674 ,
1797 5616 2000 5662 etcum

410 5693 560 5742 tanto
603 5697 770 5758 metu,
800 5705 922 5746 cum
975 5701 1178 5762 quanto
1222 5695 1474 5750 ancillam
1520 5705 1735 5766 oportet
1786 5698 2000 5754 silere?

410 5772 697 5846 Propterea
719 5796 840 5840 cum
861 5783 972 5856 ipse
994 5782 1237 5854 dixisset,
1267 5784 1384 5841 Non
1411 5787 1716 5856 permittitur
1738 5787 1809 5856 eis
1837 5790 1994 5858 loqui,

2143 3399 2252 3443 non
2280 3385 2576 3458 subiunxit,
2598 3387 2704 3448 Sed
2723 3399 2921 3461 tacere,
2943 3397 3038 3452 sed
3069 3411 3166 3468 pro
3191 3409 3372 3459 tacere
3399 3405 3577 3475 posmt
3598 3410 3741 3478 quod

2142 3487 2226 3533 est
2252 3480 2480 3549 amplius
2509 3523 2525 3547 ,
2562 3495 2756 3553 nempe
2785 3485 2994 3555 subjici.
3023 3488 3078 3544 Si
3112 3491 3216 3548 hoc
3245 3503 3423 3551 autem
3458 3498 3597 3568 apud
3623 3514 3738 3554 ma..-

2143 3572 2278 3626 rites
2308 3613 2324 3636 ,
2363 3572 2539 3628 multo
2569 3575 2739 3646 magis
2779 3578 2919 3647 apud
2951 3580 3203 3639 doctores
3245 3592 3300 3641 et
3346 3596 3529 3656 patres
3553 3631 3568 3653 ,
3601 3597 3656 3646 et
3679 3591 3735 3647 in

2143 3665 2414 3718 communi
2459 3665 2600 3720 cdetu
2629 3666 2896 3725 ecclesiae.
2942 3671 3014 3726 At
3054 3674 3098 3728 si
3141 3687 3250 3730 non
3288 3677 3576 3748 loquantur
3602 3724 3620 3748 ,
3651 3681 3738 3736 in-

2141 3757 2297 3827 quies
2321 3797 2337 3821 ,
2371 3772 2474 3814 nec
2503 3759 2839 3832 interrogent
2861 3806 2876 3831 ,
2905 3777 3137 3835 quanam
3165 3768 3234 3824 de
3258 3785 3422 3825 causa
3451 3773 3685 3829 aderunt
3712 3775 3738 3829 ἓ

2141 3846 2210 3936 Ut
2235 3846 2456 3904 audiant
2474 3851 2692 3921 quidem
2720 3868 2840 3923 quae
2859 3866 3109 3926 Oportet,
3138 3872 3202 3914 ea
3229 3869 3410 3917 autem
3436 3863 3505 3919 de
3528 3865 3729 3936 quibus

2138 3935 2407 4007 dubitant,
2433 3957 2464 3996 a
2491 3943 2698 3998 maritis
2729 3945 2874 4000 domi
2900 3947 3134 4005 discant.
3168 3947 3238 4006 Et
3263 3953 3383 4008 ideo
3411 3935 3685 4026 subjunin
3714 3976 3730 4012 :

2137 4030 2226 4086 35.
2254 4031 2316 4085 Si
2345 4033 2470 4101 quid
2488 4045 2658 4088 autem
2691 4037 2865 4091 volunt
2905 4040 3099 4095 discere
3123 4083 3137 4109 ,
3170 4043 3309 4098 domi
3334 4045 3468 4101 viros
3496 4064 3615 4103 suos
3641 4048 3731 4105 in-

2137 4129 2406 4192 terrogent.
2430 4123 2544 4179 Non
2571 4126 2767 4194 solum,
2798 4129 2987 4200 inquit,
3019 4143 3124 4186 non
3156 4131 3260 4190 illis
3285 4135 3429 4206 loqui
3458 4139 3729 4208 permittie

2135 4223 2242 4281 tur,
2273 4211 2368 4270 sed
2398 4231 2496 4272 nec
2522 4215 2722 4288 aliquid
2753 4220 3086 4293 interrogare
3109 4225 3160 4279 in
3179 4225 3425 4282 ecclesia.
3457 4230 3514 4284 Si
3541 4239 3725 4288 autem

2133 4321 2238 4363 non
2267 4317 2480 4377 oportet
2506 4309 2860 4383 interrogare,
2895 4313 3069 4371 multo
3093 4321 3265 4388 magis
3289 4320 3534 4378 absolute
3569 4321 3726 4380 nefas

2131 4407 2212 4454 est
2233 4399 2398 4470 loqui.
2431 4398 2498 4456 Et
2524 4417 2620 4456 cur
2645 4417 2736 4457 cas
2763 4401 2828 4458 ad
2853 4414 3052 4461 tantam
3077 4410 3282 4481 redegit
3305 4412 3726 4482 subjectiOnem?

2131 4489 2420 4562 Propterea
2450 4495 2592 4565 quod
2617 4497 2813 4552 mulier
2838 4511 2925 4553 res
2952 4509 3034 4555 est
3061 4501 3319 4557 imbecilla
3346 4514 3398 4560 et
3425 4506 3639 4563 mobilis
3667 4520 3725 4565 et

2130 4585 2282 4639 levis.
2333 4585 2458 4642 Ideo
2499 4587 2580 4642 eis
2617 4590 2838 4645 maritos
2864 4592 3106 4662 praefecit
3143 4595 3431 4665 doctores,
3460 4608 3722 4670 utrosque

2121 4675 2334 4747 juvans.
2364 4676 2499 4740 Nam
2525 4687 2581 4733 et
2608 4678 2728 4743 illas
2753 4681 2984 4737 reddidit
3013 4682 3304 4752 modestus,
3325 4695 3380 4744 et
3410 4687 3510 4745 hos
3531 4689 3718 4746 reddi-

2123 4769 2416 4840 ditgnavos
2442 4780 2496 4831 et
2523 4770 2802 4838 sollicitos,
2827 4775 2991 4845 utqui
3018 4789 3102 4844 ea,
3129 4791 3248 4848 quae
3287 4779 3592 4848 audierant,
3623 4795 3710 4839 es-

2121 4870 2244 4917 sent
2313 4863 2658 4920 exactissime
2727 4865 2870 4936 apud
2944 4881 3036 4923 eas
3115 4868 3433 4940 depesituri.
3509 4871 3716 4932 Deinde

2119 4954 2372 5023 quoniam
2404 4954 2455 5009 id
2482 4965 2800 5012 ornamento
2815 4957 2914 5014 sibi
2939 4957 3053 5014 fore
3075 4958 3341 5016 ducebant
3357 4963 3498 5033 quod
3521 4965 3713 5036 loque~

2117 5055 2307 5106 rentur
2327 5048 2560 5118 publice,
2589 5064 2894 5106 sermonem
2914 5050 3004 5108 ille
3023 5051 3240 5108 deducit
3269 5053 3320 5108 in
3352 5055 3708 5124 contrarium,

2115 5138 2304 5195 dicens
2335 5158 2348 5194 :
2379 5138 2552 5212 Turpe
2580 5151 2654 5196 est
2679 5142 2813 5197 enim
2836 5143 3038 5198 mulieri
3058 5144 3199 5214 loqui
3223 5143 3275 5199 in
3308 5147 3539 5201 ecclesia.
3569 5144 3706 5204 Nam

2113 5230 2346 5302 primum
2371 5233 2585 5303 quidem
2614 5235 2720 5297 hoc
2744 5235 3084 5291 confirmavit
3111 5253 3139 5290 a
3170 5238 3289 5308 lege
3319 5239 3414 5294 Dei
3445 5255 3460 5304 ;
3504 5241 3705 5298 deinde

2112 5343 2142 5384 a
2164 5327 2433 5385 communi
2456 5329 2664 5384 ratione
2685 5336 2740 5383 et
2759 5327 3147 5386 consuetudine
3164 5347 3178 5384 :
3193 5330 3332 5385 sicut
3351 5332 3513 5386 etiam
3535 5345 3704 5402 quan-

2111 5419 2181 5476 do
2209 5419 2289 5476 eis
2315 5421 2382 5477 de
2411 5437 2566 5476 coma
2591 5423 2826 5488 dicebat,
2847 5425 3030 5478 Annon
3058 5425 3152 5480 hoc
3175 5441 3262 5480 vos
3287 5425 3403 5496 ipsa
3428 5427 3573 5486 docet
3601 5444 3701 5487 na-

2111 5523 2228 5567 tura
2249 5514 2323 5585 (l.
2356 5513 2474 5567 (.‘or.
2508 5514 2595 5569 Η.
2628 5513 2749 5585 id)?
2779 5513 2847 5569 Et
2868 5514 3064 5585 ubique
3090 5517 3208 5588 ejus
3235 5520 3396 5575 talem
3418 5520 3698 5576 inveneris

2109 5605 2347 5670 modum,
2377 5620 2482 5660 non
2513 5621 2581 5660 ex
2611 5606 2810 5662 divinis
2837 5606 3130 5677 Scripturis
3153 5651 3169 5677 ,
3202 5611 3296 5665 sed
3329 5627 3394 5667 ex
3420 5612 3532 5682 ipsa
3561 5626 3697 5667 con-

2105 5697 2388 5752 suetudine
2417 5697 2620 5766 pudore
2639 5695 2981 5754 afficientem.
3002 5699 3267 5756 Prmterea
3288 5702 3356 5758 ab
3375 5703 3439 5758 iis
3461 5718 3695 5774 quoque,

2105 5803 2224 5858 qua:
2253 5789 2490 5844 omnium
2515 5788 2767 5866 opinione
2795 5789 3039 5846 feruntur
3069 5831 3085 5859 ,
3114 5801 3170 5847 et
3195 5807 3312 5862 qua:
3344 5794 3542 5866 ubique
3567 5803 3694 5850 sunt
