  <div class='ocr_page' id='page_1' title='image "/cluster/home/n/w/nwhite01/storage/ocr_20150623/61:no.10/coo.31924054869619/322.png"; bbox 0 0 3998 6416; ppageno 0'>
   <div class='ocr_carea' id='block_1_1' title="bbox 221 533 1788 607">
    <p class='ocr_par' dir='ltr' id='par_1_1' title="bbox 221 533 1788 607">
     <span class='ocr_line' id='line_1_1' title="bbox 221 533 1788 607; baseline 0.001 -17"><span class='ocrx_word' id='word_1_1' title='bbox 221 533 320 590; x_wconf 78' lang='grc' dir='ltr'><strong>κᾶν</strong></span> <span class='ocrx_word' id='word_1_2' title='bbox 352 535 570 590; x_wconf 68' lang='grc' dir='ltr'><strong>ἅπαντα</strong></span> <span class='ocrx_word' id='word_1_3' title='bbox 596 537 839 607; x_wconf 81' lang='grc' dir='ltr'><strong>’ἀγνοῇς,</strong></span> <span class='ocrx_word' id='word_1_4' title='bbox 891 536 982 589; x_wconf 73' lang='grc' dir='ltr'><strong>καὶ</strong></span> <span class='ocrx_word' id='word_1_5' title='bbox 1007 535 1178 600; x_wconf 75' lang='grc' dir='ltr'><strong>οὕτως</strong></span> <span class='ocrx_word' id='word_1_6' title='bbox 1208 536 1503 606; x_wconf 81' lang='grc' dir='ltr'><strong>ἡσυχάζειν</strong></span> <span class='ocrx_word' id='word_1_7' title='bbox 1534 537 1662 602; x_wconf 74' lang='grc' dir='ltr'><strong>ἔδει,</strong></span> <span class='ocrx_word' id='word_1_8' title='bbox 1699 537 1788 592; x_wconf 81' lang='grc' dir='ltr'><strong>ἵνα</strong></span> 
     </span>
    </p>
   </div>
   <div class='ocr_carea' id='block_1_2' title="bbox 223 614 1787 692">
    <p class='ocr_par' dir='ltr' id='par_1_2' title="bbox 223 614 1787 692">
     <span class='ocr_line' id='line_1_2' title="bbox 223 614 1787 692; baseline 0.002 -22"><span class='ocrx_word' id='word_1_9' title='bbox 223 614 294 687; x_wconf 78' lang='grc' dir='ltr'><strong>μὴ</strong></span> <span class='ocrx_word' id='word_1_10' title='bbox 319 619 446 682; x_wconf 77' lang='grc' dir='ltr'><strong>τοὺς</strong></span> <span class='ocrx_word' id='word_1_11' title='bbox 472 619 837 688; x_wconf 77' lang='grc' dir='ltr'><strong>προσέχοντας</strong></span> <span class='ocrx_word' id='word_1_12' title='bbox 859 618 1185 692; x_wconf 82' lang='grc' dir='ltr'><strong>ἐκκρούσης,</strong></span> <span class='ocrx_word' id='word_1_13' title='bbox 1208 621 1295 673; x_wconf 78' lang='grc' dir='ltr'><strong>ἵνα</strong></span> <span class='ocrx_word' id='word_1_14' title='bbox 1319 637 1412 673; x_wconf 91' lang='grc' dir='ltr'><strong>σου</strong></span> <span class='ocrx_word' id='word_1_15' title='bbox 1436 621 1533 692; x_wconf 81' lang='grc' dir='ltr'><strong>τὴν</strong></span> <span class='ocrx_word' id='word_1_16' title='bbox 1555 621 1787 691; x_wconf 76' lang='grc' dir='ltr'>ἡσυχίαν</span> 
     </span>
    </p>
   </div>
   <div class='ocr_carea' id='block_1_3' title="bbox 223 701 1783 773">
    <p class='ocr_par' dir='ltr' id='par_1_3' title="bbox 223 701 1783 773">
     <span class='ocr_line' id='line_1_3' title="bbox 223 701 1783 773; baseline 0.003 -19"><span class='ocrx_word' id='word_1_17' title='bbox 223 701 311 754; x_wconf 71' lang='grc' dir='ltr'><strong>καὶ</strong></span> <span class='ocrx_word' id='word_1_18' title='bbox 335 701 435 771; x_wconf 86' lang='grc' dir='ltr'><strong>τὴν</strong></span> <span class='ocrx_word' id='word_1_19' title='bbox 469 701 604 755; x_wconf 85' lang='grc' dir='ltr'><strong>αίδὼ</strong></span> <span class='ocrx_word' id='word_1_20' title='bbox 642 701 1045 772; x_wconf 71' lang='grc' dir='ltr'><strong>ἀποδεξάμενος</strong></span> <span class='ocrx_word' id='word_1_21' title='bbox 1079 705 1108 755; x_wconf 87' lang='grc' dir='ltr'>ὁ</span> <span class='ocrx_word' id='word_1_22' title='bbox 1153 703 1303 767; x_wconf 85' lang='grc' dir='ltr'>Θεὸς,</span> <span class='ocrx_word' id='word_1_23' title='bbox 1346 705 1442 757; x_wconf 62' lang='grc' dir='ltr'><strong>καί⁵</strong></span> <span class='ocrx_word' id='word_1_24' title='bbox 1483 703 1552 755; x_wconf 79' lang='grc' dir='ltr'><strong>τά</strong></span> <span class='ocrx_word' id='word_1_25' title='bbox 1599 704 1783 773; x_wconf 84' lang='grc' dir='ltr'><strong>ἀσαφῆ</strong></span> 
     </span>
    </p>
   </div>
   <div class='ocr_carea' id='block_1_4' title="bbox 220 784 1781 858">
    <p class='ocr_par' dir='ltr' id='par_1_4' title="bbox 220 784 1781 858">
     <span class='ocr_line' id='line_1_4' title="bbox 220 784 1781 858; baseline 0.002 -22"><span class='ocrx_word' id='word_1_26' title='bbox 220 785 421 856; x_wconf 80' lang='grc' dir='ltr'><strong>ποιήσῃ</strong></span> <span class='ocrx_word' id='word_1_27' title='bbox 443 784 595 853; x_wconf 84' lang='grc' dir='ltr'><strong>δῆλα.</strong></span> <span class='ocrx_word' id='word_1_28' title='bbox 634 785 772 837; x_wconf 83' lang='grc' dir='ltr'><strong>Ἀλλ’</strong></span> <span class='ocrx_word' id='word_1_29' title='bbox 799 785 858 838; x_wconf 85' lang='grc' dir='ltr'><strong>ού</strong></span> <span class='ocrx_word' id='word_1_30' title='bbox 883 785 1109 839; x_wconf 87' lang='grc' dir='ltr'><strong>δύνασαι</strong></span> <span class='ocrx_word' id='word_1_31' title='bbox 1140 787 1332 858; x_wconf 76' lang='grc' dir='ltr'><strong>σιγᾷνς</strong></span> <span class='ocrx_word' id='word_1_32' title='bbox 1388 786 1596 841; x_wconf 83' lang='grc' dir='ltr'><strong>Οὐκοῦν</strong></span> <span class='ocrx_word' id='word_1_33' title='bbox 1624 786 1781 853; x_wconf 77' lang='grc' dir='ltr'><strong>ἔξιθι,</strong></span> 
     </span>
    </p>
   </div>
   <div class='ocr_carea' id='block_1_5' title="bbox 220 866 1784 940">
    <p class='ocr_par' dir='ltr' id='par_1_5' title="bbox 220 866 1784 940">
     <span class='ocr_line' id='line_1_5' title="bbox 220 866 1784 940; baseline 0.002 -22"><span class='ocrx_word' id='word_1_34' title='bbox 220 866 305 920; x_wconf 79' lang='grc' dir='ltr'><strong>ινα</strong></span> <span class='ocrx_word' id='word_1_35' title='bbox 337 867 414 936; x_wconf 76' lang='grc' dir='ltr'><strong>μὴ</strong></span> <span class='ocrx_word' id='word_1_36' title='bbox 468 867 562 920; x_wconf 82' lang='grc' dir='ltr'><strong>καὶ</strong></span> <span class='ocrx_word' id='word_1_37' title='bbox 613 868 822 939; x_wconf 83' lang='grc' dir='ltr'><strong>ἑτέροις</strong></span> <span class='ocrx_word' id='word_1_38' title='bbox 863 869 994 940; x_wconf 78' lang='grc' dir='ltr'><strong>γένῃ</strong></span> <span class='ocrx_word' id='word_1_39' title='bbox 1033 869 1227 940; x_wconf 87' lang='grc' dir='ltr'><strong>βλάϐη.</strong></span> <span class='ocrx_word' id='word_1_40' title='bbox 1281 870 1390 922; x_wconf 81' lang='grc' dir='ltr'><strong>Καὶ</strong></span> <span class='ocrx_word' id='word_1_41' title='bbox 1417 870 1527 940; x_wconf 77' lang='grc' dir='ltr'><strong>γὰρ</strong></span> <span class='ocrx_word' id='word_1_42' title='bbox 1566 869 1696 938; x_wconf 90' lang='grc' dir='ltr'><strong>μίαν</strong></span> <span class='ocrx_word' id='word_1_43' title='bbox 1725 870 1784 922; x_wconf 82' lang='grc' dir='ltr'><strong>ὲν</strong></span> 
     </span>
    </p>
   </div>
   <div class='ocr_carea' id='block_1_6' title="bbox 217 947 1784 1024">
    <p class='ocr_par' dir='ltr' id='par_1_6' title="bbox 217 947 1784 1024">
     <span class='ocr_line' id='line_1_6' title="bbox 217 947 1784 1024; baseline 0.003 -22"><span class='ocrx_word' id='word_1_44' title='bbox 217 949 485 1021; x_wconf 70' lang='grc' dir='ltr'><strong>ἐκκλησία</strong></span> <span class='ocrx_word' id='word_1_45' title='bbox 513 950 594 1002; x_wconf 88' lang='grc' dir='ltr'><strong>δεῖ</strong></span> <span class='ocrx_word' id='word_1_46' title='bbox 631 950 813 1022; x_wconf 78' lang='grc' dir='ltr'><strong>φωνὴν</strong></span> <span class='ocrx_word' id='word_1_47' title='bbox 852 947 990 1004; x_wconf 85' lang='grc' dir='ltr'><strong>εἶναι</strong></span> <span class='ocrx_word' id='word_1_48' title='bbox 1035 953 1142 1015; x_wconf 76' lang='grc' dir='ltr'><strong>ἀεὶ,</strong></span> <span class='ocrx_word' id='word_1_49' title='bbox 1179 952 1427 1024; x_wconf 84' lang='grc' dir='ltr'><strong>καθάπερ</strong></span> <span class='ocrx_word' id='word_1_50' title='bbox 1470 953 1588 1015; x_wconf 85' lang='grc' dir='ltr'><strong>ἐνὸς</strong></span> <span class='ocrx_word' id='word_1_51' title='bbox 1629 953 1784 1016; x_wconf 77' lang='grc' dir='ltr'><strong>ὄντος</strong></span> 
     </span>
    </p>
   </div>
   <div class='ocr_carea' id='block_1_7' title="bbox 217 1031 1783 1106">
    <p class='ocr_par' dir='ltr' id='par_1_7' title="bbox 217 1031 1783 1106">
     <span class='ocr_line' id='line_1_7' title="bbox 217 1031 1783 1106; baseline 0.003 -21"><span class='ocrx_word' id='word_1_52' title='bbox 217 1031 492 1102; x_wconf 87' lang='grc' dir='ltr'><strong>σώματος.</strong></span> <span class='ocrx_word' id='word_1_53' title='bbox 514 1032 610 1085; x_wconf 77' lang='grc' dir='ltr'><strong>Διὰ</strong></span> <span class='ocrx_word' id='word_1_54' title='bbox 638 1031 793 1085; x_wconf 81' lang='grc' dir='ltr'><strong>τούτο</strong></span> <span class='ocrx_word' id='word_1_55' title='bbox 824 1034 918 1086; x_wconf 77' lang='grc' dir='ltr'><strong>καὶ</strong></span> <span class='ocrx_word' id='word_1_56' title='bbox 942 1036 970 1087; x_wconf 92' lang='lat'><strong>6</strong></span> <span class='ocrx_word' id='word_1_57' title='bbox 991 1035 1378 1103; x_wconf 81' lang='grc' dir='ltr'>ἀναγινώσκων</span> <span class='ocrx_word' id='word_1_58' title='bbox 1413 1035 1572 1106; x_wconf 85' lang='grc' dir='ltr'><strong>μόνος</strong></span> <span class='ocrx_word' id='word_1_59' title='bbox 1615 1035 1783 1103; x_wconf 84' lang='grc' dir='ltr'><strong>φθέγ-</strong></span> 
     </span>
    </p>
   </div>
   <div class='ocr_carea' id='block_1_8' title="bbox 215 1115 1782 1188">
    <p class='ocr_par' dir='ltr' id='par_1_8' title="bbox 215 1115 1782 1188">
     <span class='ocr_line' id='line_1_8' title="bbox 215 1115 1782 1188; baseline 0.002 -21"><span class='ocrx_word' id='word_1_60' title='bbox 215 1132 411 1182; x_wconf 77' lang='grc' dir='ltr'><strong>γεταιο</strong></span> <span class='ocrx_word' id='word_1_61' title='bbox 444 1116 538 1168; x_wconf 73' lang='grc' dir='ltr'><strong>καὶ</strong></span> <span class='ocrx_word' id='word_1_62' title='bbox 566 1115 726 1177; x_wconf 83' lang='grc' dir='ltr'><strong>αὐτὸς</strong></span> <span class='ocrx_word' id='word_1_63' title='bbox 768 1117 797 1167; x_wconf 98' lang='lat'><strong>6</strong></span> <span class='ocrx_word' id='word_1_64' title='bbox 840 1115 940 1185; x_wconf 82' lang='grc' dir='ltr'><strong>τὴν</strong></span> <span class='ocrx_word' id='word_1_65' title='bbox 988 1117 1293 1186; x_wconf 80' lang='grc' dir='ltr'>ἐπισκοπὴν</span> <span class='ocrx_word' id='word_1_66' title='bbox 1342 1117 1480 1187; x_wconf 76' lang='grc' dir='ltr'><strong>ἔχων</strong></span> <span class='ocrx_word' id='word_1_67' title='bbox 1527 1117 1782 1188; x_wconf 80' lang='grc' dir='ltr'><strong>ἀνέχεται</strong></span> 
     </span>
    </p>
   </div>
   <div class='ocr_carea' id='block_1_9' title="bbox 193 1199 1780 1272">
    <p class='ocr_par' dir='ltr' id='par_1_9' title="bbox 193 1199 1780 1272">
     <span class='ocr_line' id='line_1_9' title="bbox 193 1199 1780 1272; baseline 0.001 -20"><span class='ocrx_word' id='word_1_68' title='bbox 193 1202 341 1268; x_wconf 84' lang='grc' dir='ltr'><strong>’σιγῇ</strong></span> <span class='ocrx_word' id='word_1_69' title='bbox 376 1200 709 1269; x_wconf 88' lang='grc' dir='ltr'><strong>καθήμενος·</strong></span> <span class='ocrx_word' id='word_1_70' title='bbox 762 1200 855 1252; x_wconf 75' lang='grc' dir='ltr'><strong>καὶ</strong></span> <span class='ocrx_word' id='word_1_71' title='bbox 900 1202 928 1253; x_wconf 90' lang='lat'><strong>6</strong></span> <span class='ocrx_word' id='word_1_72' title='bbox 958 1199 1171 1269; x_wconf 73' lang='grc' dir='ltr'><strong>ψάλλων</strong></span> <span class='ocrx_word' id='word_1_73' title='bbox 1220 1201 1410 1271; x_wconf 71' lang='grc' dir='ltr'><strong>ψάλλει</strong></span> <span class='ocrx_word' id='word_1_74' title='bbox 1453 1202 1640 1272; x_wconf 79' lang='grc' dir='ltr'><strong>μόνοςο</strong></span> <span class='ocrx_word' id='word_1_75' title='bbox 1677 1203 1780 1256; x_wconf 84' lang='grc' dir='ltr'><strong>κᾶν</strong></span> 
     </span>
    </p>
   </div>
   <div class='ocr_carea' id='block_1_10' title="bbox 213 1281 1782 1356">
    <p class='ocr_par' dir='ltr' id='par_1_10' title="bbox 213 1281 1782 1356">
     <span class='ocr_line' id='line_1_10' title="bbox 213 1281 1782 1356; baseline 0.004 -24"><span class='ocrx_word' id='word_1_76' title='bbox 213 1284 416 1345; x_wconf 83' lang='grc' dir='ltr'><strong>πάντες</strong></span> <span class='ocrx_word' id='word_1_77' title='bbox 442 1281 743 1351; x_wconf 85' lang='grc' dir='ltr'><strong>ύπηχῶσιν,</strong></span> <span class='ocrx_word' id='word_1_78' title='bbox 771 1281 845 1345; x_wconf 88' lang='grc' dir='ltr'><strong>ὼς</strong></span> <span class='ocrx_word' id='word_1_79' title='bbox 884 1281 941 1349; x_wconf 77' lang='grc' dir='ltr'><strong>ἐξ</strong></span> <span class='ocrx_word' id='word_1_80' title='bbox 991 1283 1108 1346; x_wconf 90' lang='grc' dir='ltr'><strong>ἐνὸς</strong></span> <span class='ocrx_word' id='word_1_81' title='bbox 1143 1285 1410 1354; x_wconf 88' lang='grc' dir='ltr'><strong>στόματος</strong></span> <span class='ocrx_word' id='word_1_82' title='bbox 1442 1288 1475 1348; x_wconf 86' lang='grc' dir='ltr'><strong>ἡ</strong></span> <span class='ocrx_word' id='word_1_83' title='bbox 1507 1285 1657 1356; x_wconf 83' lang='grc' dir='ltr'><strong>φωνὴ</strong></span> <span class='ocrx_word' id='word_1_84' title='bbox 1687 1287 1782 1354; x_wconf 84' lang='grc' dir='ltr'><strong>φέ-</strong></span> 
     </span>
    </p>
   </div>
   <div class='ocr_carea' id='block_1_11' title="bbox 213 1365 1782 1436">
    <p class='ocr_par' dir='ltr' id='par_1_11' title="bbox 213 1365 1782 1436">
     <span class='ocr_line' id='line_1_11' title="bbox 213 1365 1782 1436; baseline 0.002 -19"><span class='ocrx_word' id='word_1_85' title='bbox 213 1380 398 1436; x_wconf 73' lang='grc' dir='ltr'><strong>ρεται*</strong></span> <span class='ocrx_word' id='word_1_86' title='bbox 430 1366 522 1418; x_wconf 74' lang='grc' dir='ltr'><strong>καὶ</strong></span> <span class='ocrx_word' id='word_1_87' title='bbox 562 1368 589 1418; x_wconf 89' lang='lat'><strong>6</strong></span> <span class='ocrx_word' id='word_1_88' title='bbox 618 1365 820 1436; x_wconf 83' lang='grc' dir='ltr'><strong>ὁμιλῶν</strong></span> <span class='ocrx_word' id='word_1_89' title='bbox 849 1366 1027 1436; x_wconf 85' lang='grc' dir='ltr'><strong>ὁμιλεί</strong></span> <span class='ocrx_word' id='word_1_90' title='bbox 1058 1367 1236 1435; x_wconf 86' lang='grc' dir='ltr'><strong>μόνος.</strong></span> <span class='ocrx_word' id='word_1_91' title='bbox 1279 1369 1445 1421; x_wconf 85' lang='grc' dir='ltr'><strong>Ὅταν</strong></span> <span class='ocrx_word' id='word_1_92' title='bbox 1494 1368 1550 1421; x_wconf 86' lang='grc' dir='ltr'><strong>δέ</strong></span> <span class='ocrx_word' id='word_1_93' title='bbox 1594 1368 1782 1421; x_wconf 72' lang='grc' dir='ltr'><strong>πολλοὶ</strong></span> 
     </span>
    </p>
   </div>
   <div class='ocr_carea' id='block_1_12' title="bbox 211 1448 1781 1520">
    <p class='ocr_par' dir='ltr' id='par_1_12' title="bbox 211 1448 1781 1520">
     <span class='ocr_line' id='line_1_12' title="bbox 211 1448 1781 1520; baseline 0.002 -21"><span class='ocrx_word' id='word_1_94' title='bbox 211 1448 306 1501; x_wconf 76' lang='grc' dir='ltr'><strong>καὶ</strong></span> <span class='ocrx_word' id='word_1_95' title='bbox 356 1448 527 1500; x_wconf 79' lang='grc' dir='ltr'><strong>πολλὰ</strong></span> <span class='ocrx_word' id='word_1_96' title='bbox 575 1450 668 1502; x_wconf 75' lang='grc' dir='ltr'><strong>καὶ</strong></span> <span class='ocrx_word' id='word_1_97' title='bbox 711 1448 941 1520; x_wconf 85' lang='grc' dir='ltr'><strong>διάφορα</strong></span> <span class='ocrx_word' id='word_1_98' title='bbox 985 1448 1360 1517; x_wconf 81' lang='grc' dir='ltr'><strong>διαλέγωνται,</strong></span> <span class='ocrx_word' id='word_1_99' title='bbox 1421 1448 1563 1512; x_wconf 88' lang='grc' dir='ltr'><strong>τίνος</strong></span> <span class='ocrx_word' id='word_1_100' title='bbox 1593 1449 1781 1504; x_wconf 72' lang='grc' dir='ltr'><strong>ἕνεκεν</strong></span> 
     </span>
    </p>
   </div>
   <div class='ocr_carea' id='block_1_13' title="bbox 210 1531 1780 1604">
    <p class='ocr_par' dir='ltr' id='par_1_13' title="bbox 210 1531 1780 1604">
     <span class='ocr_line' id='line_1_13' title="bbox 210 1531 1780 1604; baseline 0.003 -22"><span class='ocrx_word' id='word_1_101' title='bbox 210 1531 536 1602; x_wconf 72' lang='grc' dir='ltr'><strong>ἐνοχλοῦμεν</strong></span> <span class='ocrx_word' id='word_1_102' title='bbox 593 1534 754 1603; x_wconf 86' lang='grc' dir='ltr'><strong>ἡμεῖς</strong></span> <span class='ocrx_word' id='word_1_103' title='bbox 790 1534 951 1604; x_wconf 84' lang='grc' dir='ltr'><strong>είκῆ;</strong></span> <span class='ocrx_word' id='word_1_104' title='bbox 1005 1532 1136 1586; x_wconf 86' lang='grc' dir='ltr'><strong>Οὐδὲ</strong></span> <span class='ocrx_word' id='word_1_105' title='bbox 1170 1531 1278 1602; x_wconf 81' lang='grc' dir='ltr'><strong>γάρ</strong></span> <span class='ocrx_word' id='word_1_106' title='bbox 1315 1535 1364 1585; x_wconf 87' lang='grc' dir='ltr'><strong>εἰ</strong></span> <span class='ocrx_word' id='word_1_107' title='bbox 1403 1532 1478 1603; x_wconf 78' lang='grc' dir='ltr'><strong>μὴ</strong></span> <span class='ocrx_word' id='word_1_108' title='bbox 1531 1533 1656 1602; x_wconf 86' lang='grc' dir='ltr'><strong>είκῆ</strong></span> <span class='ocrx_word' id='word_1_109' title='bbox 1690 1535 1780 1587; x_wconf 87' lang='grc' dir='ltr'><strong>ὲν-</strong></span> 
     </span>
    </p>
   </div>
   <div class='ocr_carea' id='block_1_14' title="bbox 207 1615 1780 1688">
    <p class='ocr_par' dir='ltr' id='par_1_14' title="bbox 207 1615 1780 1688">
     <span class='ocr_line' id='line_1_14' title="bbox 207 1615 1780 1688; baseline 0.003 -22"><span class='ocrx_word' id='word_1_110' title='bbox 207 1615 393 1683; x_wconf 81' lang='grc' dir='ltr'><strong>οχλεῖν</strong></span> <span class='ocrx_word' id='word_1_111' title='bbox 417 1617 565 1684; x_wconf 79' lang='grc' dir='ltr'><strong>ἡμᾶς</strong></span> <span class='ocrx_word' id='word_1_112' title='bbox 583 1615 823 1686; x_wconf 89' lang='grc' dir='ltr'><strong>ἡγεῖσθε,</strong></span> <span class='ocrx_word' id='word_1_113' title='bbox 858 1617 987 1687; x_wconf 74' lang='grc' dir='ltr'><strong>περὶ</strong></span> <span class='ocrx_word' id='word_1_114' title='bbox 1033 1617 1364 1687; x_wconf 77' lang='grc' dir='ltr'><strong>τηλικούτων</strong></span> <span class='ocrx_word' id='word_1_115' title='bbox 1395 1617 1780 1688; x_wconf 80' lang='grc' dir='ltr'><strong>φθεγγομένων</strong></span> 
     </span>
    </p>
   </div>
   <div class='ocr_carea' id='block_1_15' title="bbox 209 1697 1779 1770">
    <p class='ocr_par' dir='ltr' id='par_1_15' title="bbox 209 1697 1779 1770">
     <span class='ocr_line' id='line_1_15' title="bbox 209 1697 1779 1770; baseline 0.003 -21"><span class='ocrx_word' id='word_1_116' title='bbox 209 1697 392 1765; x_wconf 84' lang='grc' dir='ltr'><strong>ἡμῶν,</strong></span> <span class='ocrx_word' id='word_1_117' title='bbox 419 1698 548 1768; x_wconf 75' lang='grc' dir='ltr'><strong>περὶ</strong></span> <span class='ocrx_word' id='word_1_118' title='bbox 581 1698 690 1753; x_wconf 88' lang='grc' dir='ltr'><strong>τῶν</strong></span> <span class='ocrx_word' id='word_1_119' title='bbox 721 1697 874 1751; x_wconf 83' lang='grc' dir='ltr'><strong>οὐδὲν</strong></span> <span class='ocrx_word' id='word_1_120' title='bbox 904 1698 970 1751; x_wconf 77' lang='grc' dir='ltr'><strong>ἂν</strong></span> <span class='ocrx_word' id='word_1_121' title='bbox 1014 1699 1402 1770; x_wconf 82' lang='grc' dir='ltr'>προσηκόντων</span> <span class='ocrx_word' id='word_1_122' title='bbox 1431 1701 1590 1770; x_wconf 85' lang='grc' dir='ltr'><strong>ύμεῖς</strong></span> <span class='ocrx_word' id='word_1_123' title='bbox 1617 1700 1779 1754; x_wconf 83' lang='grc' dir='ltr'><strong>διελέ-</strong></span> 
     </span>
    </p>
   </div>
   <div class='ocr_carea' id='block_1_16' title="bbox 207 1780 1779 1852">
    <p class='ocr_par' dir='ltr' id='par_1_16' title="bbox 207 1780 1779 1852">
     <span class='ocr_line' id='line_1_16' title="bbox 207 1780 1779 1852; baseline 0.004 -21"><span class='ocrx_word' id='word_1_124' title='bbox 207 1780 396 1848; x_wconf 89' lang='grc' dir='ltr'><strong>γεσθε.</strong></span> <span class='ocrx_word' id='word_1_125' title='bbox 436 1781 534 1835; x_wconf 79' lang='grc' dir='ltr'><strong>Διά</strong></span> <span class='ocrx_word' id='word_1_126' title='bbox 578 1782 748 1836; x_wconf 82' lang='grc' dir='ltr'><strong>ταῦτα</strong></span> <span class='ocrx_word' id='word_1_127' title='bbox 780 1783 880 1835; x_wconf 78' lang='grc' dir='ltr'><strong>οὐκ</strong></span> <span class='ocrx_word' id='word_1_128' title='bbox 908 1781 965 1834; x_wconf 92' lang='grc' dir='ltr'><strong>ἐν</strong></span> <span class='ocrx_word' id='word_1_129' title='bbox 1006 1780 1085 1851; x_wconf 79' lang='grc' dir='ltr'><strong>τῷ</strong></span> <span class='ocrx_word' id='word_1_130' title='bbox 1120 1781 1218 1851; x_wconf 84' lang='grc' dir='ltr'><strong>βίῳ</strong></span> <span class='ocrx_word' id='word_1_131' title='bbox 1268 1783 1429 1850; x_wconf 87' lang='grc' dir='ltr'><strong>μόνον</strong></span> <span class='ocrx_word' id='word_1_132' title='bbox 1465 1783 1614 1852; x_wconf 88' lang='grc' dir='ltr'><strong>ύμῖν,</strong></span> <span class='ocrx_word' id='word_1_133' title='bbox 1641 1783 1779 1838; x_wconf 89' lang='grc' dir='ltr'><strong>ἀλλά</strong></span> 
     </span>
    </p>
   </div>
   <div class='ocr_carea' id='block_1_17' title="bbox 207 1861 1776 1936">
    <p class='ocr_par' dir='ltr' id='par_1_17' title="bbox 207 1861 1776 1936">
     <span class='ocr_line' id='line_1_17' title="bbox 207 1861 1776 1936; baseline 0.002 -21"><span class='ocrx_word' id='word_1_134' title='bbox 207 1861 306 1916; x_wconf 72' lang='grc' dir='ltr'><strong>καὶ</strong></span> <span class='ocrx_word' id='word_1_135' title='bbox 335 1864 397 1916; x_wconf 85' lang='grc' dir='ltr'><strong>ἐν</strong></span> <span class='ocrx_word' id='word_1_136' title='bbox 421 1863 556 1934; x_wconf 79' lang='grc' dir='ltr'><strong>αὐτῇ</strong></span> <span class='ocrx_word' id='word_1_137' title='bbox 586 1864 694 1918; x_wconf 93' lang='grc' dir='ltr'><strong>τῶν</strong></span> <span class='ocrx_word' id='word_1_138' title='bbox 723 1864 1060 1936; x_wconf 83' lang='grc' dir='ltr'><strong>πραγμάτων</strong></span> <span class='ocrx_word' id='word_1_139' title='bbox 1087 1866 1152 1934; x_wconf 87' lang='grc' dir='ltr'><strong>τῇ</strong></span> <span class='ocrx_word' id='word_1_140' title='bbox 1179 1864 1346 1935; x_wconf 81' lang='grc' dir='ltr'><strong>ψήφῳ</strong></span> <span class='ocrx_word' id='word_1_141' title='bbox 1388 1864 1558 1934; x_wconf 85' lang='grc' dir='ltr'><strong>πολλὴ</strong></span> <span class='ocrx_word' id='word_1_142' title='bbox 1592 1867 1626 1935; x_wconf 90' lang='grc' dir='ltr'><strong>ἡ</strong></span> <span class='ocrx_word' id='word_1_143' title='bbox 1657 1866 1776 1918; x_wconf 85' lang='grc' dir='ltr'><strong>δια-</strong></span> 
     </span>
    </p>
   </div>
   <div class='ocr_carea' id='block_1_18' title="bbox 209 1947 1780 2022">
    <p class='ocr_par' dir='ltr' id='par_1_18' title="bbox 209 1947 1780 2022">
     <span class='ocr_line' id='line_1_18' title="bbox 209 1947 1780 2022; baseline 0.003 -24"><span class='ocrx_word' id='word_1_144' title='bbox 209 1949 456 2018; x_wconf 75' lang='grc' dir='ltr'><strong>στροφὴο</strong></span> <span class='ocrx_word' id='word_1_145' title='bbox 511 1947 606 2001; x_wconf 70' lang='grc' dir='ltr'><strong>καὶ</strong></span> <span class='ocrx_word' id='word_1_146' title='bbox 650 1953 779 2022; x_wconf 80' lang='grc' dir='ltr'><strong>περὶ</strong></span> <span class='ocrx_word' id='word_1_147' title='bbox 831 1950 898 2002; x_wconf 76' lang='grc' dir='ltr'><strong>τὰ</strong></span> <span class='ocrx_word' id='word_1_148' title='bbox 947 1949 1178 2020; x_wconf 80' lang='grc' dir='ltr'><strong>περιττὰ</strong></span> <span class='ocrx_word' id='word_1_149' title='bbox 1209 1950 1502 2019; x_wconf 87' lang='grc' dir='ltr'><strong>κεχὴνατε,</strong></span> <span class='ocrx_word' id='word_1_150' title='bbox 1554 1950 1649 2002; x_wconf 72' lang='grc' dir='ltr'><strong>καὶ</strong></span> <span class='ocrx_word' id='word_1_151' title='bbox 1679 1950 1780 2020; x_wconf 85' lang='grc' dir='ltr'><strong>τὴν</strong></span> 
     </span>
    </p>
   </div>
   <div class='ocr_carea' id='block_1_19' title="bbox 205 2030 1778 2103">
    <p class='ocr_par' dir='ltr' id='par_1_19' title="bbox 205 2030 1778 2103">
     <span class='ocr_line' id='line_1_19' title="bbox 205 2030 1778 2103; baseline -0.001 -17"><span class='ocrx_word' id='word_1_152' title='bbox 205 2030 468 2100; x_wconf 81' lang='grc' dir='ltr'><strong>ἀλήθειαν</strong></span> <span class='ocrx_word' id='word_1_153' title='bbox 494 2031 741 2103; x_wconf 82' lang='grc' dir='ltr'><strong>ἀφέντες,</strong></span> <span class='ocrx_word' id='word_1_154' title='bbox 800 2031 902 2096; x_wconf 83' lang='grc' dir='ltr'><strong>τὰς</strong></span> <span class='ocrx_word' id='word_1_155' title='bbox 939 2033 1097 2097; x_wconf 85' lang='grc' dir='ltr'><strong>σκιὰς</strong></span> <span class='ocrx_word' id='word_1_156' title='bbox 1126 2032 1220 2086; x_wconf 78' lang='grc' dir='ltr'><strong>καὶ</strong></span> <span class='ocrx_word' id='word_1_157' title='bbox 1262 2033 1329 2086; x_wconf 81' lang='grc' dir='ltr'><strong>τὰ</strong></span> <span class='ocrx_word' id='word_1_158' title='bbox 1374 2032 1626 2103; x_wconf 83' lang='grc' dir='ltr'><strong>ὀνείρατα</strong></span> <span class='ocrx_word' id='word_1_159' title='bbox 1651 2031 1778 2085; x_wconf 85' lang='grc' dir='ltr'><strong>διώ-</strong></span> 
     </span>
    </p>
   </div>
   <div class='ocr_carea' id='block_1_20' title="bbox 207 2132 358 2169">
    <p class='ocr_par' dir='ltr' id='par_1_20' title="bbox 207 2132 358 2169">
     <span class='ocr_line' id='line_1_20' title="bbox 207 2132 358 2169; baseline 0.013 -2"><span class='ocrx_word' id='word_1_160' title='bbox 207 2132 336 2168; x_wconf 83' lang='grc' dir='ltr'><strong>κετε</strong></span> <span class='ocrx_word' id='word_1_161' title='bbox 343 2156 358 2169; x_wconf 88' lang='grc'><strong>.</strong></span> 
     </span>
    </p>
   </div>
   <div class='ocr_carea' id='block_1_21' title="bbox 279 2265 1781 2338">
    <p class='ocr_par' dir='ltr' id='par_1_21' title="bbox 279 2265 1781 2338">
     <span class='ocr_line' id='line_1_21' title="bbox 279 2265 1781 2338; baseline 0 -16"><span class='ocrx_word' id='word_1_162' title='bbox 279 2270 351 2322; x_wconf 86' lang='grc' dir='ltr'><em>Ἦ</em></span> <span class='ocrx_word' id='word_1_163' title='bbox 386 2268 448 2320; x_wconf 81' lang='grc' dir='ltr'><strong>οὐ</strong></span> <span class='ocrx_word' id='word_1_164' title='bbox 480 2266 608 2322; x_wconf 76' lang='grc' dir='ltr'><strong>σκιὰ</strong></span> <span class='ocrx_word' id='word_1_165' title='bbox 637 2267 733 2321; x_wconf 73' lang='grc' dir='ltr'><strong>καὶ</strong></span> <span class='ocrx_word' id='word_1_166' title='bbox 760 2267 1012 2338; x_wconf 83' lang='grc' dir='ltr'><strong>ὀνείρατα</strong></span> <span class='ocrx_word' id='word_1_167' title='bbox 1045 2265 1113 2320; x_wconf 75' lang='grc' dir='ltr'><strong>τὰ</strong></span> <span class='ocrx_word' id='word_1_168' title='bbox 1140 2267 1387 2338; x_wconf 87' lang='grc' dir='ltr'><strong>παρόντα</strong></span> <span class='ocrx_word' id='word_1_169' title='bbox 1414 2267 1652 2334; x_wconf 77' lang='grc' dir='ltr'><strong>ἅπαντα,</strong></span> <span class='ocrx_word' id='word_1_170' title='bbox 1691 2269 1781 2322; x_wconf 77' lang='grc' dir='ltr'><strong>καὶ</strong></span> 
     </span>
    </p>
   </div>
   <div class='ocr_carea' id='block_1_22' title="bbox 207 2349 1778 2421">
    <p class='ocr_par' dir='ltr' id='par_1_22' title="bbox 207 2349 1778 2421">
     <span class='ocr_line' id='line_1_22' title="bbox 207 2349 1778 2421; baseline 0.001 -16"><span class='ocrx_word' id='word_1_171' title='bbox 207 2353 371 2414; x_wconf 80' lang='grc' dir='ltr'><strong>σκιᾶς</strong></span> <span class='ocrx_word' id='word_1_172' title='bbox 396 2351 593 2421; x_wconf 83' lang='grc' dir='ltr'><strong>χείρω;</strong></span> <span class='ocrx_word' id='word_1_173' title='bbox 631 2351 740 2404; x_wconf 98' lang='lat' dir='ltr'><strong>Kal</strong></span> <span class='ocrx_word' id='word_1_174' title='bbox 771 2349 879 2421; x_wconf 74' lang='grc' dir='ltr'><strong>γὰρ</strong></span> <span class='ocrx_word' id='word_1_175' title='bbox 920 2352 1048 2421; x_wconf 79' lang='grc' dir='ltr'><strong>πρὶν</strong></span> <span class='ocrx_word' id='word_1_176' title='bbox 1077 2350 1111 2420; x_wconf 80' lang='grc' dir='ltr'><strong>ἡ</strong></span> <span class='ocrx_word' id='word_1_177' title='bbox 1159 2349 1415 2421; x_wconf 80' lang='grc' dir='ltr'><strong>φανῆναι,</strong></span> <span class='ocrx_word' id='word_1_178' title='bbox 1448 2351 1778 2418; x_wconf 89' lang='grc' dir='ltr'><strong>ἀφίπταται,</strong></span> 
     </span>
    </p>
   </div>
   <div class='ocr_carea' id='block_1_23' title="bbox 207 2433 1781 2505">
    <p class='ocr_par' dir='ltr' id='par_1_23' title="bbox 207 2433 1781 2505">
     <span class='ocr_line' id='line_1_23' title="bbox 207 2433 1781 2505; baseline 0.002 -19"><span class='ocrx_word' id='word_1_179' title='bbox 207 2434 303 2488; x_wconf 72' lang='grc' dir='ltr'><strong>καὶ</strong></span> <span class='ocrx_word' id='word_1_180' title='bbox 331 2435 463 2504; x_wconf 78' lang='grc' dir='ltr'><strong>πρὶν</strong></span> <span class='ocrx_word' id='word_1_181' title='bbox 492 2433 825 2502; x_wconf 83' lang='grc' dir='ltr'><strong>ἀποπτῆναι,</strong></span> <span class='ocrx_word' id='word_1_182' title='bbox 853 2433 1022 2487; x_wconf 82' lang='grc' dir='ltr'><strong>πολὺν</strong></span> <span class='ocrx_word' id='word_1_183' title='bbox 1051 2433 1280 2504; x_wconf 83' lang='grc' dir='ltr'><strong>παρέχει</strong></span> <span class='ocrx_word' id='word_1_184' title='bbox 1312 2433 1404 2488; x_wconf 79' lang='grc' dir='ltr'><strong>τὸν</strong></span> <span class='ocrx_word' id='word_1_185' title='bbox 1433 2433 1664 2505; x_wconf 90' lang='grc' dir='ltr'><strong>θόρυϐον</strong></span> <span class='ocrx_word' id='word_1_186' title='bbox 1686 2439 1781 2489; x_wconf 73' lang='grc' dir='ltr'><strong>καὶ</strong></span> 
     </span>
    </p>
   </div>
   <div class='ocr_carea' id='block_1_24' title="bbox 207 2515 1780 2587">
    <p class='ocr_par' dir='ltr' id='par_1_24' title="bbox 207 2515 1780 2587">
     <span class='ocr_line' id='line_1_24' title="bbox 207 2515 1780 2587; baseline 0.003 -18"><span class='ocrx_word' id='word_1_187' title='bbox 207 2517 434 2570; x_wconf 82' lang='grc' dir='ltr'><strong>πλείονα</strong></span> <span class='ocrx_word' id='word_1_188' title='bbox 466 2517 564 2587; x_wconf 85' lang='grc' dir='ltr'><strong>τῆς</strong></span> <span class='ocrx_word' id='word_1_189' title='bbox 594 2516 804 2586; x_wconf 82' lang='grc' dir='ltr'><strong>ἡδονῆς.</strong></span> <span class='ocrx_word' id='word_1_190' title='bbox 855 2515 974 2570; x_wconf 75' lang='grc' dir='ltr'>Κᾶν</span> <span class='ocrx_word' id='word_1_191' title='bbox 1003 2517 1178 2587; x_wconf 88' lang='grc' dir='ltr'><strong>μυρία</strong></span> <span class='ocrx_word' id='word_1_192' title='bbox 1202 2533 1287 2580; x_wconf 92' lang='grc' dir='ltr'><strong>τις</strong></span> <span class='ocrx_word' id='word_1_193' title='bbox 1316 2517 1556 2574; x_wconf 80' lang='grc' dir='ltr'><strong>ἐνταῦθα</strong></span> <span class='ocrx_word' id='word_1_194' title='bbox 1598 2517 1780 2573; x_wconf 88' lang='grc' dir='ltr'><strong>λαϐὼν</strong></span> 
     </span>
    </p>
   </div>
   <div class='ocr_carea' id='block_1_25' title="bbox 206 2597 1780 2671">
    <p class='ocr_par' dir='ltr' id='par_1_25' title="bbox 206 2597 1780 2671">
     <span class='ocr_line' id='line_1_25' title="bbox 206 2597 1780 2671; baseline 0.003 -20"><span class='ocrx_word' id='word_1_195' title='bbox 206 2597 487 2671; x_wconf 78' lang='grc' dir='ltr'><strong>κατορύξῃ</strong></span> <span class='ocrx_word' id='word_1_196' title='bbox 505 2599 778 2670; x_wconf 86' lang='grc' dir='ltr'><strong>χρήματα,</strong></span> <span class='ocrx_word' id='word_1_197' title='bbox 805 2599 905 2669; x_wconf 88' lang='grc' dir='ltr'><strong>τῆς</strong></span> <span class='ocrx_word' id='word_1_198' title='bbox 931 2599 1125 2663; x_wconf 74' lang='grc' dir='ltr'><strong>νυκτὸς</strong></span> <span class='ocrx_word' id='word_1_199' title='bbox 1158 2599 1555 2671; x_wconf 85' lang='grc' dir='ltr'><strong>παρελθούσης,</strong></span> <span class='ocrx_word' id='word_1_200' title='bbox 1578 2602 1780 2670; x_wconf 84' lang='grc' dir='ltr'><strong>γυμνὸς</strong></span> 
     </span>
    </p>
   </div>
   <div class='ocr_carea' id='block_1_26' title="bbox 206 2680 1780 2753">
    <p class='ocr_par' dir='ltr' id='par_1_26' title="bbox 206 2680 1780 2753">
     <span class='ocr_line' id='line_1_26' title="bbox 206 2680 1780 2753; baseline 0.001 -17"><span class='ocrx_word' id='word_1_201' title='bbox 206 2681 430 2736; x_wconf 75' lang='grc' dir='ltr'><strong>ἄπεισιν</strong></span> <span class='ocrx_word' id='word_1_202' title='bbox 461 2681 730 2743; x_wconf 84' lang='grc' dir='ltr'><strong>ἐντεῦθεν,</strong></span> <span class='ocrx_word' id='word_1_203' title='bbox 754 2682 848 2736; x_wconf 77' lang='grc' dir='ltr'><strong>καὶ</strong></span> <span class='ocrx_word' id='word_1_204' title='bbox 866 2680 1010 2752; x_wconf 90' lang='grc' dir='ltr'><strong>μάλα</strong></span> <span class='ocrx_word' id='word_1_205' title='bbox 1034 2683 1274 2745; x_wconf 78' lang='grc' dir='ltr'><strong>είκότωςο</strong></span> <span class='ocrx_word' id='word_1_206' title='bbox 1308 2683 1430 2736; x_wconf 72' lang='grc' dir='ltr'><strong>ἐπεὶ</strong></span> <span class='ocrx_word' id='word_1_207' title='bbox 1459 2683 1554 2736; x_wconf 77' lang='grc' dir='ltr'><strong>καὶ</strong></span> <span class='ocrx_word' id='word_1_208' title='bbox 1579 2685 1627 2735; x_wconf 71' lang='lat' dir='ltr'><strong>ot</strong></span> <span class='ocrx_word' id='word_1_209' title='bbox 1645 2683 1780 2753; x_wconf 73' lang='grc' dir='ltr'><strong>ὄναρ</strong></span> 
     </span>
    </p>
   </div>
   <div class='ocr_carea' id='block_1_27' title="bbox 210 2759 1780 2833">
    <p class='ocr_par' dir='ltr' id='par_1_27' title="bbox 210 2759 1780 2833">
     <span class='ocr_line' id='line_1_27' title="bbox 210 2759 1780 2833; baseline 0.001 -18"><span class='ocrx_word' id='word_1_210' title='bbox 210 2759 591 2826; x_wconf 78' lang='grc' dir='ltr'><strong>πλουτοῦντες,</strong></span> <span class='ocrx_word' id='word_1_211' title='bbox 623 2760 950 2824; x_wconf 80' lang='grc' dir='ltr'><strong>ἀναστάντες</strong></span> <span class='ocrx_word' id='word_1_212' title='bbox 978 2761 1085 2814; x_wconf 81' lang='grc' dir='ltr'><strong>ἀπὸ</strong></span> <span class='ocrx_word' id='word_1_213' title='bbox 1117 2761 1214 2830; x_wconf 83' lang='grc' dir='ltr'><strong>τῆς</strong></span> <span class='ocrx_word' id='word_1_214' title='bbox 1244 2762 1426 2828; x_wconf 77' lang='grc' dir='ltr'><strong>εὐνῆς,</strong></span> <span class='ocrx_word' id='word_1_215' title='bbox 1461 2759 1612 2816; x_wconf 79' lang='grc' dir='ltr'><strong>οὐδὲν</strong></span> <span class='ocrx_word' id='word_1_216' title='bbox 1632 2761 1780 2833; x_wconf 84' lang='grc' dir='ltr'><strong>έχου-</strong></span> 
     </span>
    </p>
   </div>
   <div class='ocr_carea' id='block_1_28' title="bbox 1198 417 2482 478">
    <p class='ocr_par' dir='ltr' id='par_1_28' title="bbox 1198 417 2482 478">
     <span class='ocr_line' id='line_1_28' title="bbox 1198 417 2482 478; baseline 0.003 -4"><span class='ocrx_word' id='word_1_217' title='bbox 1198 419 1265 476; x_wconf 82' lang='lat' dir='ltr'><strong>IN</strong></span> <span class='ocrx_word' id='word_1_218' title='bbox 1305 420 1521 477; x_wconf 79' lang='lat' dir='ltr'><strong>EPIST.</strong></span> <span class='ocrx_word' id='word_1_219' title='bbox 1558 420 1580 476; x_wconf 87' lang='lat' dir='ltr'><strong>l</strong></span> <span class='ocrx_word' id='word_1_220' title='bbox 1616 418 1708 475; x_wconf 80' lang='lat' dir='ltr'><strong>AD</strong></span> <span class='ocrx_word' id='word_1_221' title='bbox 1741 417 1903 476; x_wconf 77' lang='lat' dir='ltr'><strong>COR.</strong></span> <span class='ocrx_word' id='word_1_222' title='bbox 1944 417 2179 476; x_wconf 83' lang='lat' dir='ltr'><strong>HOMIL.</strong></span> <span class='ocrx_word' id='word_1_223' title='bbox 2214 421 2482 478; x_wconf 75' lang='lat' dir='ltr'><strong>XXXVII.</strong></span> 
     </span>
    </p>
   </div>
   <div class='ocr_carea' id='block_1_29' title="bbox 3364 424 3466 480">
    <p class='ocr_par' dir='ltr' id='par_1_29' title="bbox 3364 424 3466 480">
     <span class='ocr_line' id='line_1_29' title="bbox 3364 424 3466 480; baseline 0.039 -4"><span class='ocrx_word' id='word_1_224' title='bbox 3364 424 3466 480; x_wconf 73' lang='grc'><strong>316</strong></span> 
     </span>
    </p>
   </div>
   <div class='ocr_carea' id='block_1_30' title="bbox 1892 529 3466 607">
    <p class='ocr_par' dir='ltr' id='par_1_30' title="bbox 1892 529 3466 607">
     <span class='ocr_line' id='line_1_30' title="bbox 1892 529 3466 607; baseline 0.001 -19"><span class='ocrx_word' id='word_1_225' title='bbox 1892 551 1976 589; x_wconf 90' lang='grc' dir='ltr'><strong>σιν</strong></span> <span class='ocrx_word' id='word_1_226' title='bbox 2001 529 2076 589; x_wconf 83' lang='grc' dir='ltr'><strong>ὦν</strong></span> <span class='ocrx_word' id='word_1_227' title='bbox 2102 536 2246 607; x_wconf 75' lang='grc' dir='ltr'><strong>ἔχειν</strong></span> <span class='ocrx_word' id='word_1_228' title='bbox 2271 538 2488 593; x_wconf 79' lang='grc' dir='ltr'>ἐδόκουν</span> <span class='ocrx_word' id='word_1_229' title='bbox 2513 538 2886 600; x_wconf 83' lang='grc' dir='ltr'><strong>καθεύδοντες·</strong></span> <span class='ocrx_word' id='word_1_230' title='bbox 2923 538 3065 591; x_wconf 75' lang='grc' dir='ltr'><strong>οὕτω</strong></span> <span class='ocrx_word' id='word_1_231' title='bbox 3099 539 3190 590; x_wconf 74' lang='grc' dir='ltr'><strong>καὶ</strong></span> <span class='ocrx_word' id='word_1_232' title='bbox 3213 539 3260 590; x_wconf 86' lang='grc' dir='ltr'><strong>οἱ</strong></span> <span class='ocrx_word' id='word_1_233' title='bbox 3286 538 3466 591; x_wconf 82' lang='grc' dir='ltr'><strong>πλεον-</strong></span> 
     </span>
    </p>
   </div>
   <div class='ocr_carea' id='block_1_31' title="bbox 1888 616 3467 690">
    <p class='ocr_par' dir='ltr' id='par_1_31' title="bbox 1888 616 3467 690">
     <span class='ocr_line' id='line_1_31' title="bbox 1888 616 3467 690; baseline 0 -21"><span class='ocrx_word' id='word_1_234' title='bbox 1888 616 2195 681; x_wconf 75' lang='grc' dir='ltr'><strong>εκτοῦντεςσ</strong></span> <span class='ocrx_word' id='word_1_235' title='bbox 2238 621 2440 689; x_wconf 82' lang='grc' dir='ltr'><strong>μᾶλλον</strong></span> <span class='ocrx_word' id='word_1_236' title='bbox 2466 621 2525 674; x_wconf 80' lang='grc' dir='ltr'><strong>δὲ</strong></span> <span class='ocrx_word' id='word_1_237' title='bbox 2575 621 2673 690; x_wconf 84' lang='grc' dir='ltr'><strong>ούχ</strong></span> <span class='ocrx_word' id='word_1_238' title='bbox 2703 619 2896 682; x_wconf 73' lang='grc' dir='ltr'><strong>οὕτως,</strong></span> <span class='ocrx_word' id='word_1_239' title='bbox 2949 619 3085 672; x_wconf 79' lang='grc' dir='ltr'><strong>ἀλλὰ</strong></span> <span class='ocrx_word' id='word_1_240' title='bbox 3133 621 3228 674; x_wconf 74' lang='grc' dir='ltr'><strong>καὶ</strong></span> <span class='ocrx_word' id='word_1_241' title='bbox 3282 619 3467 688; x_wconf 77' lang='grc' dir='ltr'><strong>πολλῷ</strong></span> 
     </span>
    </p>
   </div>
   <div class='ocr_carea' id='block_1_32' title="bbox 1887 700 3465 775">
    <p class='ocr_par' dir='ltr' id='par_1_32' title="bbox 1887 700 3465 775">
     <span class='ocr_line' id='line_1_32' title="bbox 1887 700 3465 775; baseline 0.003 -24"><span class='ocrx_word' id='word_1_242' title='bbox 1887 701 2086 768; x_wconf 84' lang='grc' dir='ltr'><strong>χεῖρον.</strong></span> <span class='ocrx_word' id='word_1_243' title='bbox 2124 701 2182 754; x_wconf 87' lang='grc' dir='ltr'>Ὀ</span> <span class='ocrx_word' id='word_1_244' title='bbox 2224 703 2322 772; x_wconf 82' lang='grc' dir='ltr'><strong>μὲν</strong></span> <span class='ocrx_word' id='word_1_245' title='bbox 2348 702 2457 773; x_wconf 82' lang='grc' dir='ltr'><strong>γάρ</strong></span> <span class='ocrx_word' id='word_1_246' title='bbox 2480 703 2614 775; x_wconf 73' lang='grc' dir='ltr'><strong>δναρ</strong></span> <span class='ocrx_word' id='word_1_247' title='bbox 2645 700 2912 765; x_wconf 86' lang='grc' dir='ltr'><strong>πλουτῶν,</strong></span> <span class='ocrx_word' id='word_1_248' title='bbox 2949 700 3073 754; x_wconf 73' lang='grc' dir='ltr'><strong>οὔτε</strong></span> <span class='ocrx_word' id='word_1_249' title='bbox 3100 701 3168 754; x_wconf 79' lang='grc' dir='ltr'><strong>τὰ</strong></span> <span class='ocrx_word' id='word_1_250' title='bbox 3201 703 3465 774; x_wconf 80' lang='grc' dir='ltr'><strong>χρήματα</strong></span> 
     </span>
    </p>
   </div>
   <div class='ocr_carea' id='block_1_33' title="bbox 1887 779 3453 856">
    <p class='ocr_par' dir='ltr' id='par_1_33' title="bbox 1887 779 3453 856">
     <span class='ocr_line' id='line_1_33' title="bbox 1887 779 3453 856; baseline 0 -20"><span class='ocrx_word' id='word_1_251' title='bbox 1887 779 2038 854; x_wconf 73' lang='grc'>[343]</span> <span class='ocrx_word' id='word_1_252' title='bbox 2071 781 2204 853; x_wconf 74' lang='grc' dir='ltr'><strong>ἔχει,</strong></span> <span class='ocrx_word' id='word_1_253' title='bbox 2245 785 2391 856; x_wconf 82' lang='grc' dir='ltr'><strong>άπερ</strong></span> <span class='ocrx_word' id='word_1_254' title='bbox 2444 784 2777 854; x_wconf 78' lang='grc' dir='ltr'><strong>ἐφαντάζετο</strong></span> <span class='ocrx_word' id='word_1_255' title='bbox 2815 784 2983 855; x_wconf 83' lang='grc' dir='ltr'><strong>ἐχειν,</strong></span> <span class='ocrx_word' id='word_1_256' title='bbox 3045 784 3169 837; x_wconf 74' lang='grc' dir='ltr'><strong>οὔτε</strong></span> <span class='ocrx_word' id='word_1_257' title='bbox 3225 786 3352 837; x_wconf 75' lang='grc' dir='ltr'><strong>ἄλλο</strong></span> <span class='ocrx_word' id='word_1_258' title='bbox 3399 802 3453 838; x_wconf 93' lang='grc' dir='ltr'><strong>τι</strong></span> 
     </span>
    </p>
   </div>
   <div class='ocr_carea' id='block_1_34' title="bbox 1885 865 3460 939">
    <p class='ocr_par' dir='ltr' id='par_1_34' title="bbox 1885 865 3460 939">
     <span class='ocr_line' id='line_1_34' title="bbox 1885 865 3460 939; baseline 0.001 -20"><span class='ocrx_word' id='word_1_259' title='bbox 1885 865 2094 920; x_wconf 77' lang='grc' dir='ltr'><strong>κακδνι</strong></span> <span class='ocrx_word' id='word_1_260' title='bbox 2123 867 2230 920; x_wconf 78' lang='grc' dir='ltr'><strong>ἀπὸ</strong></span> <span class='ocrx_word' id='word_1_261' title='bbox 2261 869 2358 939; x_wconf 80' lang='grc' dir='ltr'><strong>τῆς</strong></span> <span class='ocrx_word' id='word_1_262' title='bbox 2377 869 2682 937; x_wconf 73' lang='grc' dir='ltr'><strong>φαντασίας</strong></span> <span class='ocrx_word' id='word_1_263' title='bbox 2710 868 2917 938; x_wconf 86' lang='grc' dir='ltr'><strong>ταύτης</strong></span> <span class='ocrx_word' id='word_1_264' title='bbox 2948 868 3129 921; x_wconf 88' lang='grc' dir='ltr'><strong>λαϐὼν</strong></span> <span class='ocrx_word' id='word_1_265' title='bbox 3151 869 3460 922; x_wconf 82' lang='grc' dir='ltr'><strong>ἀνίσταται·</strong></span> 
     </span>
    </p>
   </div>
   <div class='ocr_carea' id='block_1_35' title="bbox 1882 943 3464 1024">
    <p class='ocr_par' dir='ltr' id='par_1_35' title="bbox 1882 943 3464 1024">
     <span class='ocr_line' id='line_1_35' title="bbox 1882 943 3464 1024; baseline 0.001 -23"><span class='ocrx_word' id='word_1_266' title='bbox 1882 943 2034 1012; x_wconf 79' lang='grc' dir='ltr'><strong>οὗτος</strong></span> <span class='ocrx_word' id='word_1_267' title='bbox 2064 949 2121 1003; x_wconf 86' lang='grc' dir='ltr'><strong>δέ</strong></span> <span class='ocrx_word' id='word_1_268' title='bbox 2151 951 2260 1003; x_wconf 89' lang='grc' dir='ltr'><strong>τῶν</strong></span> <span class='ocrx_word' id='word_1_269' title='bbox 2287 953 2384 1022; x_wconf 88' lang='grc' dir='ltr'><strong>μέν</strong></span> <span class='ocrx_word' id='word_1_270' title='bbox 2415 953 2714 1024; x_wconf 85' lang='grc' dir='ltr'><strong>χρημάτων</strong></span> <span class='ocrx_word' id='word_1_271' title='bbox 2736 951 3050 1021; x_wconf 85' lang='grc' dir='ltr'><strong>ἐστέρηται,</strong></span> <span class='ocrx_word' id='word_1_272' title='bbox 3071 950 3182 1003; x_wconf 82' lang='grc' dir='ltr'><strong>τῶν</strong></span> <span class='ocrx_word' id='word_1_273' title='bbox 3205 951 3261 1004; x_wconf 83' lang='grc' dir='ltr'><strong>δὲ</strong></span> <span class='ocrx_word' id='word_1_274' title='bbox 3291 953 3464 1021; x_wconf 60' lang='grc' dir='ltr'><strong>ἁμαρ.</strong></span> 
     </span>
    </p>
   </div>
   <div class='ocr_carea' id='block_1_36' title="bbox 1881 1032 3459 1104">
    <p class='ocr_par' dir='ltr' id='par_1_36' title="bbox 1881 1032 3459 1104">
     <span class='ocr_line' id='line_1_36' title="bbox 1881 1032 3459 1104; baseline 0.001 -20"><span class='ocrx_word' id='word_1_275' title='bbox 1881 1032 2141 1102; x_wconf 85' lang='grc' dir='ltr'><strong>τημάτων</strong></span> <span class='ocrx_word' id='word_1_276' title='bbox 2171 1032 2280 1086; x_wconf 92' lang='grc' dir='ltr'><strong>τῶν</strong></span> <span class='ocrx_word' id='word_1_277' title='bbox 2307 1036 2372 1088; x_wconf 81' lang='grc' dir='ltr'><strong>ἐκ</strong></span> <span class='ocrx_word' id='word_1_278' title='bbox 2415 1034 2523 1090; x_wconf 88' lang='grc' dir='ltr'><strong>τῶν</strong></span> <span class='ocrx_word' id='word_1_279' title='bbox 2551 1036 2852 1104; x_wconf 86' lang='grc' dir='ltr'><strong>χρημάτων</strong></span> <span class='ocrx_word' id='word_1_280' title='bbox 2881 1033 3217 1104; x_wconf 78' lang='grc' dir='ltr'><strong>ἐμπλησθεὶς</strong></span> <span class='ocrx_word' id='word_1_281' title='bbox 3250 1033 3459 1094; x_wconf 70' lang='grc' dir='ltr'><strong>ἄπεισι,</strong></span> 
     </span>
    </p>
   </div>
   <div class='ocr_carea' id='block_1_37' title="bbox 1883 1114 3458 1188">
    <p class='ocr_par' dir='ltr' id='par_1_37' title="bbox 1883 1114 3458 1188">
     <span class='ocr_line' id='line_1_37' title="bbox 1883 1114 3458 1188; baseline 0.001 -22"><span class='ocrx_word' id='word_1_282' title='bbox 1883 1115 1976 1168; x_wconf 83' lang='grc' dir='ltr'><strong>καὶ</strong></span> <span class='ocrx_word' id='word_1_283' title='bbox 2023 1114 2081 1167; x_wconf 79' lang='grc' dir='ltr'><strong>ἐν</strong></span> <span class='ocrx_word' id='word_1_284' title='bbox 2125 1115 2204 1185; x_wconf 82' lang='grc' dir='ltr'><strong>τῷ</strong></span> <span class='ocrx_word' id='word_1_285' title='bbox 2250 1117 2464 1188; x_wconf 86' lang='grc' dir='ltr'><strong>πλούτῳ</strong></span> <span class='ocrx_word' id='word_1_286' title='bbox 2499 1116 2859 1186; x_wconf 83' lang='grc' dir='ltr'><strong>φαντασθεὶς,</strong></span> <span class='ocrx_word' id='word_1_287' title='bbox 2884 1117 2954 1169; x_wconf 78' lang='grc' dir='ltr'><strong>τὰ</strong></span> <span class='ocrx_word' id='word_1_288' title='bbox 2984 1119 3050 1169; x_wconf 86' lang='grc' dir='ltr'><strong>ἐκ</strong></span> <span class='ocrx_word' id='word_1_289' title='bbox 3088 1115 3182 1170; x_wconf 79' lang='grc' dir='ltr'><strong>τοῦ</strong></span> <span class='ocrx_word' id='word_1_290' title='bbox 3225 1117 3458 1169; x_wconf 87' lang='grc' dir='ltr'><strong>πλούτου</strong></span> 
     </span>
    </p>
   </div>
   <div class='ocr_carea' id='block_1_38' title="bbox 1883 1197 3458 1270">
    <p class='ocr_par' dir='ltr' id='par_1_38' title="bbox 1883 1197 3458 1270">
     <span class='ocr_line' id='line_1_38' title="bbox 1883 1197 3458 1270; baseline 0.001 -22"><span class='ocrx_word' id='word_1_291' title='bbox 1883 1197 2028 1250; x_wconf 82' lang='grc' dir='ltr'><strong>κακά</strong></span> <span class='ocrx_word' id='word_1_292' title='bbox 2055 1197 2154 1268; x_wconf 80' lang='grc' dir='ltr'><strong>οὐχ</strong></span> <span class='ocrx_word' id='word_1_293' title='bbox 2177 1200 2280 1270; x_wconf 70' lang='grc' dir='ltr'><strong>ὁρᾷ</strong></span> <span class='ocrx_word' id='word_1_294' title='bbox 2304 1201 2359 1253; x_wconf 88' lang='grc' dir='ltr'><strong>ἐν</strong></span> <span class='ocrx_word' id='word_1_295' title='bbox 2395 1199 2665 1269; x_wconf 75' lang='grc' dir='ltr'><strong>φαντασίᾳ</strong></span> <span class='ocrx_word' id='word_1_296' title='bbox 2687 1200 2900 1266; x_wconf 79' lang='grc' dir='ltr'><strong>λοιπὸν,</strong></span> <span class='ocrx_word' id='word_1_297' title='bbox 2951 1201 3065 1252; x_wconf 82' lang='grc' dir='ltr'><strong>ἀλλ’</strong></span> <span class='ocrx_word' id='word_1_298' title='bbox 3096 1202 3153 1252; x_wconf 85' lang='grc' dir='ltr'><strong>ἐν</strong></span> <span class='ocrx_word' id='word_1_299' title='bbox 3182 1201 3321 1269; x_wconf 70' lang='grc' dir='ltr'><strong>αὐτῇ</strong></span> <span class='ocrx_word' id='word_1_300' title='bbox 3351 1201 3458 1253; x_wconf 86' lang='grc' dir='ltr'><strong>τῶν</strong></span> 
     </span>
    </p>
   </div>
   <div class='ocr_carea' id='block_1_39' title="bbox 1883 1280 3459 1355">
    <p class='ocr_par' dir='ltr' id='par_1_39' title="bbox 1883 1280 3459 1355">
     <span class='ocr_line' id='line_1_39' title="bbox 1883 1280 3459 1355; baseline 0.001 -23"><span class='ocrx_word' id='word_1_301' title='bbox 1883 1280 2221 1350; x_wconf 84' lang='grc' dir='ltr'><strong>πραγμάτων</strong></span> <span class='ocrx_word' id='word_1_302' title='bbox 2255 1284 2318 1352; x_wconf 87' lang='grc' dir='ltr'><strong>τῇ</strong></span> <span class='ocrx_word' id='word_1_303' title='bbox 2355 1282 2616 1355; x_wconf 75' lang='grc' dir='ltr'><strong>ἀληθείᾳ·</strong></span> <span class='ocrx_word' id='word_1_304' title='bbox 2667 1283 2764 1336; x_wconf 74' lang='grc' dir='ltr'><strong>καὶ</strong></span> <span class='ocrx_word' id='word_1_305' title='bbox 2813 1284 2847 1354; x_wconf 89' lang='grc' dir='ltr'><strong>ἡ</strong></span> <span class='ocrx_word' id='word_1_306' title='bbox 2893 1282 2992 1353; x_wconf 87' lang='grc' dir='ltr'><strong>μὲν</strong></span> <span class='ocrx_word' id='word_1_307' title='bbox 3027 1283 3187 1354; x_wconf 79' lang='grc' dir='ltr'><strong>ἡδονὴ</strong></span> <span class='ocrx_word' id='word_1_308' title='bbox 3235 1284 3459 1349; x_wconf 86' lang='grc' dir='ltr'><strong>γέγονεν</strong></span> 
     </span>
    </p>
   </div>
   <div class='ocr_carea' id='block_1_40' title="bbox 1881 1362 3456 1436">
    <p class='ocr_par' dir='ltr' id='par_1_40' title="bbox 1881 1362 3456 1436">
     <span class='ocr_line' id='line_1_40' title="bbox 1881 1362 3456 1436; baseline 0.002 -23"><span class='ocrx_word' id='word_1_309' title='bbox 1881 1362 1938 1414; x_wconf 89' lang='grc' dir='ltr'><strong>ἐν</strong></span> <span class='ocrx_word' id='word_1_310' title='bbox 1967 1362 2217 1432; x_wconf 81' lang='grc' dir='ltr'><strong>ὀνείροις,</strong></span> <span class='ocrx_word' id='word_1_311' title='bbox 2255 1364 2288 1432; x_wconf 83' lang='grc' dir='ltr'><strong>ἡ</strong></span> <span class='ocrx_word' id='word_1_312' title='bbox 2325 1364 2382 1416; x_wconf 83' lang='grc' dir='ltr'><strong>δὲ</strong></span> <span class='ocrx_word' id='word_1_313' title='bbox 2405 1366 2467 1418; x_wconf 88' lang='grc' dir='ltr'><strong>ἐκ</strong></span> <span class='ocrx_word' id='word_1_314' title='bbox 2496 1365 2596 1436; x_wconf 83' lang='grc' dir='ltr'><strong>τῆς</strong></span> <span class='ocrx_word' id='word_1_315' title='bbox 2626 1365 2819 1436; x_wconf 82' lang='grc' dir='ltr'><strong>ἡδονῆς</strong></span> <span class='ocrx_word' id='word_1_316' title='bbox 2850 1364 3072 1431; x_wconf 88' lang='grc' dir='ltr'><strong>κόλασις</strong></span> <span class='ocrx_word' id='word_1_317' title='bbox 3105 1365 3288 1417; x_wconf 79' lang='grc' dir='ltr'><strong>οὐκέτι</strong></span> <span class='ocrx_word' id='word_1_318' title='bbox 3317 1364 3456 1433; x_wconf 78' lang='grc' dir='ltr'><strong>ὄναρ</strong></span> 
     </span>
    </p>
   </div>
   <div class='ocr_carea' id='block_1_41' title="bbox 1883 1443 3457 1519">
    <p class='ocr_par' dir='ltr' id='par_1_41' title="bbox 1883 1443 3457 1519">
     <span class='ocr_line' id='line_1_41' title="bbox 1883 1443 3457 1519; baseline 0.002 -23"><span class='ocrx_word' id='word_1_319' title='bbox 1883 1443 2188 1514; x_wconf 89' lang='grc' dir='ltr'><strong>συμϐαίνει,</strong></span> <span class='ocrx_word' id='word_1_320' title='bbox 2225 1447 2340 1499; x_wconf 82' lang='grc' dir='ltr'><strong>ἀλλ’</strong></span> <span class='ocrx_word' id='word_1_321' title='bbox 2376 1449 2434 1500; x_wconf 92' lang='grc' dir='ltr'><strong>ἐν</strong></span> <span class='ocrx_word' id='word_1_322' title='bbox 2467 1447 2606 1518; x_wconf 74' lang='grc' dir='ltr'><strong>αὐτῇ</strong></span> <span class='ocrx_word' id='word_1_323' title='bbox 2652 1450 2718 1519; x_wconf 81' lang='grc' dir='ltr'><strong>τῇ</strong></span> <span class='ocrx_word' id='word_1_324' title='bbox 2760 1447 2944 1518; x_wconf 75' lang='grc' dir='ltr'><strong>πείρᾳ,</strong></span> <span class='ocrx_word' id='word_1_325' title='bbox 3003 1447 3203 1517; x_wconf 83' lang='grc' dir='ltr'><strong>μᾶλλον</strong></span> <span class='ocrx_word' id='word_1_326' title='bbox 3253 1447 3310 1501; x_wconf 87' lang='grc' dir='ltr'><strong>δέ</strong></span> <span class='ocrx_word' id='word_1_327' title='bbox 3363 1447 3457 1501; x_wconf 76' lang='grc' dir='ltr'><strong>καὶ</strong></span> 
     </span>
    </p>
   </div>
   <div class='ocr_carea' id='block_1_42' title="bbox 1883 1525 3457 1599">
    <p class='ocr_par' dir='ltr' id='par_1_42' title="bbox 1883 1525 3457 1599">
     <span class='ocr_line' id='line_1_42' title="bbox 1883 1525 3457 1599; baseline 0.003 -22"><span class='ocrx_word' id='word_1_328' title='bbox 1883 1525 1987 1597; x_wconf 69' lang='grc' dir='ltr'><strong>πρὸ</strong></span> <span class='ocrx_word' id='word_1_329' title='bbox 2015 1526 2114 1594; x_wconf 81' lang='grc' dir='ltr'><strong>τῆς</strong></span> <span class='ocrx_word' id='word_1_330' title='bbox 2153 1528 2426 1592; x_wconf 81' lang='grc' dir='ltr'><strong>κολάσεως</strong></span> <span class='ocrx_word' id='word_1_331' title='bbox 2454 1529 2665 1598; x_wconf 79' lang='grc' dir='ltr'><strong>ἐκείνης</strong></span> <span class='ocrx_word' id='word_1_332' title='bbox 2696 1530 2790 1582; x_wconf 75' lang='grc' dir='ltr'><strong>καὶ</strong></span> <span class='ocrx_word' id='word_1_333' title='bbox 2831 1527 3064 1582; x_wconf 83' lang='grc' dir='ltr'><strong>ἐνταῦθα</strong></span> <span class='ocrx_word' id='word_1_334' title='bbox 3101 1528 3194 1599; x_wconf 80' lang='grc' dir='ltr'><strong>τὴν</strong></span> <span class='ocrx_word' id='word_1_335' title='bbox 3222 1529 3457 1599; x_wconf 82' lang='grc' dir='ltr'><strong>ἐσχάτην</strong></span> 
     </span>
    </p>
   </div>
   <div class='ocr_carea' id='block_1_43' title="bbox 1880 1608 3454 1683">
    <p class='ocr_par' dir='ltr' id='par_1_43' title="bbox 1880 1608 3454 1683">
     <span class='ocr_line' id='line_1_43' title="bbox 1880 1608 3454 1683; baseline 0.002 -22"><span class='ocrx_word' id='word_1_336' title='bbox 1880 1608 2018 1662; x_wconf 86' lang='grc' dir='ltr'><strong>τίνει</strong></span> <span class='ocrx_word' id='word_1_337' title='bbox 2061 1610 2236 1682; x_wconf 89' lang='grc' dir='ltr'><strong>δίκην,</strong></span> <span class='ocrx_word' id='word_1_338' title='bbox 2269 1614 2325 1665; x_wconf 87' lang='grc' dir='ltr'><strong>ἐν</strong></span> <span class='ocrx_word' id='word_1_339' title='bbox 2360 1612 2508 1683; x_wconf 81' lang='grc' dir='ltr'><strong>αύτῷ</strong></span> <span class='ocrx_word' id='word_1_340' title='bbox 2536 1612 2613 1682; x_wconf 81' lang='grc' dir='ltr'><strong>τῷ</strong></span> <span class='ocrx_word' id='word_1_341' title='bbox 2646 1611 2926 1680; x_wconf 84' lang='grc' dir='ltr'><strong>συλλέγειν</strong></span> <span class='ocrx_word' id='word_1_342' title='bbox 2967 1612 3168 1682; x_wconf 88' lang='grc' dir='ltr'><strong>μυρίας</strong></span> <span class='ocrx_word' id='word_1_343' title='bbox 3195 1629 3454 1682; x_wconf 84' lang='grc' dir='ltr'><strong>προστρι-</strong></span> 
     </span>
    </p>
   </div>
   <div class='ocr_carea' id='block_1_44' title="bbox 1881 1691 3453 1766">
    <p class='ocr_par' dir='ltr' id='par_1_44' title="bbox 1881 1691 3453 1766">
     <span class='ocr_line' id='line_1_44' title="bbox 1881 1691 3453 1766; baseline 0.001 -22"><span class='ocrx_word' id='word_1_344' title='bbox 1881 1691 2106 1763; x_wconf 88' lang='grc' dir='ltr'><strong>ϐόμενος</strong></span> <span class='ocrx_word' id='word_1_345' title='bbox 2137 1694 2392 1766; x_wconf 80' lang='grc' dir='ltr'><strong>ἀθυμίας,</strong></span> <span class='ocrx_word' id='word_1_346' title='bbox 2433 1697 2736 1766; x_wconf 79' lang='grc' dir='ltr'><strong>φροντίδας,</strong></span> <span class='ocrx_word' id='word_1_347' title='bbox 2781 1693 3139 1764; x_wconf 85' lang='grc' dir='ltr'><strong>κατηγορίας,</strong></span> <span class='ocrx_word' id='word_1_348' title='bbox 3181 1694 3453 1754; x_wconf 83' lang='grc' dir='ltr'><strong>διαϐολάς.</strong></span> 
     </span>
    </p>
   </div>
   <div class='ocr_carea' id='block_1_45' title="bbox 1882 1772 3455 1848">
    <p class='ocr_par' dir='ltr' id='par_1_45' title="bbox 1882 1772 3455 1848">
     <span class='ocr_line' id='line_1_45' title="bbox 1882 1772 3455 1848; baseline -0.001 -22"><span class='ocrx_word' id='word_1_349' title='bbox 1882 1772 2164 1844; x_wconf 90' lang='grc' dir='ltr'><strong>θορύϐους,</strong></span> <span class='ocrx_word' id='word_1_350' title='bbox 2195 1779 2460 1848; x_wconf 86' lang='grc' dir='ltr'><strong>ταραχάς.</strong></span> <span class='ocrx_word' id='word_1_351' title='bbox 2487 1778 2582 1831; x_wconf 84' lang='grc' dir='ltr'><strong>Ἰν’</strong></span> <span class='ocrx_word' id='word_1_352' title='bbox 2604 1773 2695 1832; x_wconf 75' lang='grc' dir='ltr'><strong>οὖν</strong></span> <span class='ocrx_word' id='word_1_353' title='bbox 2719 1778 2810 1830; x_wconf 76' lang='grc' dir='ltr'><strong>καὶ</strong></span> <span class='ocrx_word' id='word_1_354' title='bbox 2835 1777 3259 1845; x_wconf 76' lang='grc' dir='ltr'><strong>τῶν-ὀνειράτων</strong></span> <span class='ocrx_word' id='word_1_355' title='bbox 3291 1774 3455 1828; x_wconf 84' lang='grc' dir='ltr'><strong>ἁπαλ-</strong></span> 
     </span>
    </p>
   </div>
   <div class='ocr_carea' id='block_1_46' title="bbox 1878 1856 3457 1928">
    <p class='ocr_par' dir='ltr' id='par_1_46' title="bbox 1878 1856 3457 1928">
     <span class='ocr_line' id='line_1_46' title="bbox 1878 1856 3457 1928; baseline 0.001 -19"><span class='ocrx_word' id='word_1_356' title='bbox 1878 1856 2136 1928; x_wconf 90' lang='grc' dir='ltr'><strong>λαγῶμεν</strong></span> <span class='ocrx_word' id='word_1_357' title='bbox 2183 1861 2276 1914; x_wconf 76' lang='grc' dir='ltr'><strong>καὶ</strong></span> <span class='ocrx_word' id='word_1_358' title='bbox 2321 1860 2431 1914; x_wconf 91' lang='grc' dir='ltr'><strong>τῶν</strong></span> <span class='ocrx_word' id='word_1_359' title='bbox 2463 1861 2649 1914; x_wconf 84' lang='grc' dir='ltr'><strong>κακῶν</strong></span> <span class='ocrx_word' id='word_1_360' title='bbox 2677 1860 2785 1914; x_wconf 88' lang='grc' dir='ltr'><strong>τῶν</strong></span> <span class='ocrx_word' id='word_1_361' title='bbox 2827 1860 2928 1913; x_wconf 78' lang='grc' dir='ltr'><strong>ούκ</strong></span> <span class='ocrx_word' id='word_1_362' title='bbox 2957 1859 3300 1928; x_wconf 65' lang='grc' dir='ltr'><strong>ἐντὶνείροις,</strong></span> <span class='ocrx_word' id='word_1_363' title='bbox 3336 1859 3457 1911; x_wconf 78' lang='grc' dir='ltr'><strong>ἀντὶ</strong></span> 
     </span>
    </p>
   </div>
   <div class='ocr_carea' id='block_1_47' title="bbox 1882 1939 3455 2013">
    <p class='ocr_par' dir='ltr' id='par_1_47' title="bbox 1882 1939 3455 2013">
     <span class='ocr_line' id='line_1_47' title="bbox 1882 1939 3455 2013; baseline 0.001 -22"><span class='ocrx_word' id='word_1_364' title='bbox 1882 1939 2191 2005; x_wconf 80' lang='grc' dir='ltr'><strong>πλεονεξίας</strong></span> <span class='ocrx_word' id='word_1_365' title='bbox 2251 1943 2625 2013; x_wconf 82' lang='grc' dir='ltr'><strong>ἐλεημοσύνην</strong></span> <span class='ocrx_word' id='word_1_366' title='bbox 2690 1941 2965 2012; x_wconf 80' lang='grc' dir='ltr'><strong>ἑλώμεθα,</strong></span> <span class='ocrx_word' id='word_1_367' title='bbox 3021 1941 3143 1994; x_wconf 77' lang='grc' dir='ltr'><strong>ἀντὶ</strong></span> <span class='ocrx_word' id='word_1_368' title='bbox 3198 1941 3455 2012; x_wconf 81' lang='grc' dir='ltr'><strong>ἁρπαγῆς</strong></span> 
     </span>
    </p>
   </div>
   <div class='ocr_carea' id='block_1_48' title="bbox 1881 2022 3456 2095">
    <p class='ocr_par' dir='ltr' id='par_1_48' title="bbox 1881 2022 3456 2095">
     <span class='ocr_line' id='line_1_48' title="bbox 1881 2022 3456 2095; baseline -0.001 -19"><span class='ocrx_word' id='word_1_369' title='bbox 1881 2022 2312 2093; x_wconf 77' lang='grc' dir='ltr'><strong>φιλανθρωπίαν.</strong></span> <span class='ocrx_word' id='word_1_370' title='bbox 2369 2026 2525 2080; x_wconf 80' lang='grc' dir='ltr'><strong>υύτω</strong></span> <span class='ocrx_word' id='word_1_371' title='bbox 2562 2026 2672 2095; x_wconf 75' lang='grc' dir='ltr'><strong>γὰρ</strong></span> <span class='ocrx_word' id='word_1_372' title='bbox 2711 2026 2805 2078; x_wconf 68' lang='grc' dir='ltr'><strong>καὶ⁹</strong></span> <span class='ocrx_word' id='word_1_373' title='bbox 2862 2023 2971 2076; x_wconf 88' lang='grc' dir='ltr'><strong>τῶν</strong></span> <span class='ocrx_word' id='word_1_374' title='bbox 3024 2023 3306 2093; x_wconf 78' lang='grc' dir='ltr'><strong>παρόντων</strong></span> <span class='ocrx_word' id='word_1_375' title='bbox 3361 2025 3456 2075; x_wconf 74' lang='grc' dir='ltr'><strong>καὶ</strong></span> 
     </span>
    </p>
   </div>
   <div class='ocr_carea' id='block_1_49' title="bbox 1881 2104 3455 2178">
    <p class='ocr_par' dir='ltr' id='par_1_49' title="bbox 1881 2104 3455 2178">
     <span class='ocr_line' id='line_1_49' title="bbox 1881 2104 3455 2178; baseline 0.001 -22"><span class='ocrx_word' id='word_1_376' title='bbox 1881 2104 1988 2157; x_wconf 89' lang='grc' dir='ltr'><strong>τῶν</strong></span> <span class='ocrx_word' id='word_1_377' title='bbox 2021 2105 2326 2175; x_wconf 82' lang='grc' dir='ltr'><strong>μελλόντων</strong></span> <span class='ocrx_word' id='word_1_378' title='bbox 2378 2107 2777 2178; x_wconf 80' lang='grc' dir='ltr'><strong>ἐπιτευξόμεθα</strong></span> <span class='ocrx_word' id='word_1_379' title='bbox 2832 2106 3074 2174; x_wconf 81' lang='grc' dir='ltr'><strong>ἀγαθῶν,</strong></span> <span class='ocrx_word' id='word_1_380' title='bbox 3120 2107 3300 2176; x_wconf 87' lang='grc' dir='ltr'><strong>χάριτι</strong></span> <span class='ocrx_word' id='word_1_381' title='bbox 3363 2108 3455 2158; x_wconf 71' lang='grc' dir='ltr'><strong>καὶ</strong></span> 
     </span>
    </p>
   </div>
   <div class='ocr_carea' id='block_1_50' title="bbox 1882 2187 3460 2261">
    <p class='ocr_par' dir='ltr' id='par_1_50' title="bbox 1882 2187 3460 2261">
     <span class='ocr_line' id='line_1_50' title="bbox 1882 2187 3460 2261; baseline 0 -22"><span class='ocrx_word' id='word_1_382' title='bbox 1882 2187 2261 2258; x_wconf 81' lang='grc' dir='ltr'><strong>φιλανθρωπίᾳ</strong></span> <span class='ocrx_word' id='word_1_383' title='bbox 2277 2187 2370 2241; x_wconf 84' lang='grc' dir='ltr'>τοῦ</span> <span class='ocrx_word' id='word_1_384' title='bbox 2406 2191 2615 2261; x_wconf 81' lang='grc' dir='ltr'><strong>Κυρίου</strong></span> <span class='ocrx_word' id='word_1_385' title='bbox 2645 2189 2804 2260; x_wconf 88' lang='grc' dir='ltr'><strong>ἡμῶν</strong></span> <span class='ocrx_word' id='word_1_386' title='bbox 2839 2189 3014 2259; x_wconf 85' lang='grc' dir='ltr'><strong>Ἰησοῦ</strong></span> <span class='ocrx_word' id='word_1_387' title='bbox 3044 2188 3306 2260; x_wconf 76' lang='grc' dir='ltr'><strong>Χριστοῦ,</strong></span> <span class='ocrx_word' id='word_1_388' title='bbox 3334 2187 3460 2256; x_wconf 79' lang='grc' dir='ltr'><strong>μεθ’·</strong></span> 
     </span>
    </p>
   </div>
   <div class='ocr_carea' id='block_1_51' title="bbox 1875 2263 3454 2343">
    <p class='ocr_par' dir='ltr' id='par_1_51' title="bbox 1875 2263 3454 2343">
     <span class='ocr_line' id='line_1_51' title="bbox 1875 2263 3454 2343; baseline -0.001 -20"><span class='ocrx_word' id='word_1_389' title='bbox 1875 2263 1938 2324; x_wconf 74' lang='grc' dir='ltr'><strong>οὗ</strong></span> <span class='ocrx_word' id='word_1_390' title='bbox 1961 2270 2040 2340; x_wconf 82' lang='grc' dir='ltr'><strong>τῷ</strong></span> <span class='ocrx_word' id='word_1_391' title='bbox 2081 2271 2256 2341; x_wconf 74' lang='grc' dir='ltr'><strong>Πατρὶ</strong></span> <span class='ocrx_word' id='word_1_392' title='bbox 2283 2271 2400 2341; x_wconf 77' lang='grc' dir='ltr'><strong>ἅμα</strong></span> <span class='ocrx_word' id='word_1_393' title='bbox 2429 2272 2508 2342; x_wconf 83' lang='grc' dir='ltr'><strong>τῷ</strong></span> <span class='ocrx_word' id='word_1_394' title='bbox 2543 2273 2682 2343; x_wconf 81' lang='grc' dir='ltr'><strong>ἁγίῳ</strong></span> <span class='ocrx_word' id='word_1_395' title='bbox 2729 2272 3005 2340; x_wconf 86' lang='grc' dir='ltr'><strong>Πνεύματι</strong></span> <span class='ocrx_word' id='word_1_396' title='bbox 3038 2271 3186 2336; x_wconf 82' lang='grc' dir='ltr'><strong>δόξα,</strong></span> <span class='ocrx_word' id='word_1_397' title='bbox 3231 2271 3454 2339; x_wconf 87' lang='grc' dir='ltr'><strong>κράτος,</strong></span> 
     </span>
    </p>
   </div>
   <div class='ocr_carea' id='block_1_52' title="bbox 1877 2351 3451 2422">
    <p class='ocr_par' dir='ltr' id='par_1_52' title="bbox 1877 2351 3451 2422">
     <span class='ocr_line' id='line_1_52' title="bbox 1877 2351 3451 2422; baseline 0.002 -18"><span class='ocrx_word' id='word_1_398' title='bbox 1877 2352 2032 2422; x_wconf 82' lang='grc' dir='ltr'><strong>τιμὴ,</strong></span> <span class='ocrx_word' id='word_1_399' title='bbox 2059 2351 2155 2406; x_wconf 81' lang='grc' dir='ltr'><strong>νῦν</strong></span> <span class='ocrx_word' id='word_1_400' title='bbox 2183 2352 2276 2406; x_wconf 71' lang='grc' dir='ltr'><strong>καὶ</strong></span> <span class='ocrx_word' id='word_1_401' title='bbox 2299 2353 2407 2416; x_wconf 75' lang='grc' dir='ltr'><strong>ἀεὶ,</strong></span> <span class='ocrx_word' id='word_1_402' title='bbox 2445 2356 2539 2408; x_wconf 84' lang='grc' dir='ltr'><strong>καὶ</strong></span> <span class='ocrx_word' id='word_1_403' title='bbox 2561 2357 2638 2420; x_wconf 87' lang='grc' dir='ltr'><strong>είς</strong></span> <span class='ocrx_word' id='word_1_404' title='bbox 2669 2355 2793 2418; x_wconf 74' lang='grc' dir='ltr'><strong>τοὺς</strong></span> <span class='ocrx_word' id='word_1_405' title='bbox 2837 2353 3039 2417; x_wconf 77' lang='grc' dir='ltr'><strong>αἰῶνας</strong></span> <span class='ocrx_word' id='word_1_406' title='bbox 3073 2351 3181 2406; x_wconf 80' lang='grc' dir='ltr'><strong>τῶν</strong></span> <span class='ocrx_word' id='word_1_407' title='bbox 3225 2353 3451 2407; x_wconf 72' lang='grc' dir='ltr'><strong>αἰώνων.</strong></span> 
     </span>
    </p>
   </div>
   <div class='ocr_carea' id='block_1_53' title="bbox 1889 2434 2082 2506">
    <p class='ocr_par' dir='ltr' id='par_1_53' title="bbox 1889 2434 2082 2506">
     <span class='ocr_line' id='line_1_53' title="bbox 1889 2434 2082 2506; baseline 0.005 -19"><span class='ocrx_word' id='word_1_408' title='bbox 1889 2434 2082 2506; x_wconf 82' lang='grc' dir='ltr'><strong>Ἀμήν.</strong></span> 
     </span>
    </p>
   </div>
   <div class='ocr_carea' id='block_1_54' title="bbox 1951 2775 2537 2839">
    <p class='ocr_par' dir='ltr' id='par_1_54' title="bbox 1951 2775 2537 2839">
     <span class='ocr_line' id='line_1_54' title="bbox 1951 2775 2537 2839; baseline 0.005 -14"><span class='ocrx_word' id='word_1_409' title='bbox 1951 2775 1976 2804; x_wconf 76' lang='grc'>⁸</span> <span class='ocrx_word' id='word_1_410' title='bbox 2003 2775 2154 2839; x_wconf 78' lang='lat' dir='ltr'><strong>Marg.</strong></span> <span class='ocrx_word' id='word_1_411' title='bbox 2181 2775 2355 2839; x_wconf 85' lang='lat' dir='ltr'><strong>Savil.,</strong></span> <span class='ocrx_word' id='word_1_412' title='bbox 2375 2778 2537 2828; x_wconf 80' lang='grc' dir='ltr'><strong>καλὸν.</strong></span> 
     </span>
    </p>
   </div>
   <div class='ocr_carea' id='block_1_55' title="bbox 1684 3198 2101 3256">
    <p class='ocr_par' dir='ltr' id='par_1_55' title="bbox 1684 3198 2101 3256">
     <span class='ocr_line' id='line_1_55' title="bbox 1684 3198 2101 3256; baseline 0.005 -3"><span class='ocrx_word' id='word_1_413' title='bbox 1684 3198 1924 3256; x_wconf 75' lang='grc' dir='ltr'><strong>ΟΜῙΛΙΑ</strong></span> <span class='ocrx_word' id='word_1_414' title='bbox 1979 3202 2101 3255; x_wconf 85' lang='lat' dir='ltr'><strong>AZ&#39;.</strong></span> 
     </span>
    </p>
   </div>
   <div class='ocr_carea' id='block_1_56' title="bbox 211 3355 1778 3428">
    <p class='ocr_par' dir='ltr' id='par_1_56' title="bbox 211 3355 1778 3428">
     <span class='ocr_line' id='line_1_56' title="bbox 211 3355 1778 3428; baseline 0 -17"><span class='ocrx_word' id='word_1_415' title='bbox 211 3359 283 3411; x_wconf 77' lang='lat' dir='ltr'><strong>Al</strong></span> <span class='ocrx_word' id='word_1_416' title='bbox 333 3355 616 3426; x_wconf 79' lang='grc' dir='ltr'><strong>γυναῖκες</strong></span> <span class='ocrx_word' id='word_1_417' title='bbox 653 3357 822 3426; x_wconf 85' lang='grc' dir='ltr'><strong>ὑμῶν</strong></span> <span class='ocrx_word' id='word_1_418' title='bbox 863 3357 933 3411; x_wconf 80' lang='grc' dir='ltr'><strong>ἐν</strong></span> <span class='ocrx_word' id='word_1_419' title='bbox 987 3358 1116 3424; x_wconf 87' lang='grc' dir='ltr'><strong>ταῖς</strong></span> <span class='ocrx_word' id='word_1_420' title='bbox 1139 3358 1490 3426; x_wconf 75' lang='grc' dir='ltr'><strong>ἐκκλησίαις</strong></span> <span class='ocrx_word' id='word_1_421' title='bbox 1523 3358 1778 3428; x_wconf 72' lang='grc' dir='ltr'><strong>σιγάτω-</strong></span> 
     </span>
    </p>
   </div>
   <div class='ocr_carea' id='block_1_57' title="bbox 283 3440 1784 3510">
    <p class='ocr_par' dir='ltr' id='par_1_57' title="bbox 283 3440 1784 3510">
     <span class='ocr_line' id='line_1_57' title="bbox 283 3440 1784 3510; baseline 0.001 -16"><span class='ocrx_word' id='word_1_422' title='bbox 283 3455 428 3495; x_wconf 86' lang='grc' dir='ltr'><strong>σαν.</strong></span> <span class='ocrx_word' id='word_1_423' title='bbox 495 3442 580 3495; x_wconf 84' lang='grc' dir='ltr'><strong>Οὐ</strong></span> <span class='ocrx_word' id='word_1_424' title='bbox 631 3440 745 3510; x_wconf 82' lang='grc' dir='ltr'><strong>τὰρ</strong></span> <span class='ocrx_word' id='word_1_425' title='bbox 803 3440 1220 3509; x_wconf 78' lang='grc' dir='ltr'><strong>ἐπιτέτραπται</strong></span> <span class='ocrx_word' id='word_1_426' title='bbox 1274 3442 1486 3508; x_wconf 83' lang='grc' dir='ltr'><strong>αὐταῖς</strong></span> <span class='ocrx_word' id='word_1_427' title='bbox 1547 3441 1784 3504; x_wconf 73' lang='grc' dir='ltr'><strong>λαλεῖν,</strong></span> 
     </span>
    </p>
   </div>
   <div class='ocr_carea' id='block_1_58' title="bbox 281 3522 1785 3594">
    <p class='ocr_par' dir='ltr' id='par_1_58' title="bbox 281 3522 1785 3594">
     <span class='ocr_line' id='line_1_58' title="bbox 281 3522 1785 3594; baseline -0.001 -13"><span class='ocrx_word' id='word_1_428' title='bbox 281 3523 427 3581; x_wconf 70' lang='grc' dir='ltr'><strong>ἀλλ’</strong></span> <span class='ocrx_word' id='word_1_429' title='bbox 464 3522 942 3590; x_wconf 73' lang='grc' dir='ltr'><strong>ὑποτάσσεσθαι,</strong></span> <span class='ocrx_word' id='word_1_430' title='bbox 995 3523 1195 3591; x_wconf 79' lang='grc' dir='ltr'><strong>καθὼς</strong></span> <span class='ocrx_word' id='word_1_431' title='bbox 1239 3526 1337 3580; x_wconf 76' lang='grc' dir='ltr'><strong>καὶ</strong></span> <span class='ocrx_word' id='word_1_432' title='bbox 1389 3527 1422 3579; x_wconf 82' lang='grc' dir='ltr'><em>ὁ</em></span> <span class='ocrx_word' id='word_1_433' title='bbox 1466 3525 1652 3594; x_wconf 82' lang='grc' dir='ltr'><strong>νόμος</strong></span> <span class='ocrx_word' id='word_1_434' title='bbox 1684 3525 1785 3580; x_wconf 74' lang='grc' dir='ltr'><strong>λέ·</strong></span> 
     </span>
    </p>
   </div>
   <div class='ocr_carea' id='block_1_59' title="bbox 289 3624 399 3676">
    <p class='ocr_par' dir='ltr' id='par_1_59' title="bbox 289 3624 399 3676">
     <span class='ocr_line' id='line_1_59' title="bbox 289 3624 399 3676; baseline 0 -16"><span class='ocrx_word' id='word_1_435' title='bbox 289 3624 399 3676; x_wconf 73' lang='grc' dir='ltr'><strong>τοι.</strong></span> 
     </span>
    </p>
   </div>
   <div class='ocr_carea' id='block_1_60' title="bbox 285 3689 1790 3761">
    <p class='ocr_par' dir='ltr' id='par_1_60' title="bbox 285 3689 1790 3761">
     <span class='ocr_line' id='line_1_60' title="bbox 285 3689 1790 3761; baseline 0.001 -17"><span class='ocrx_word' id='word_1_436' title='bbox 285 3696 356 3744; x_wconf 80' lang='grc' dir='ltr'><strong>α’.</strong></span> <span class='ocrx_word' id='word_1_437' title='bbox 377 3691 452 3743; x_wconf 88' lang='grc' dir='ltr'><strong>Πε</strong></span> <span class='ocrx_word' id='word_1_438' title='bbox 461 3689 689 3760; x_wconf 77' lang='grc' dir='ltr'><strong>ρικόψας</strong></span> <span class='ocrx_word' id='word_1_439' title='bbox 703 3689 792 3744; x_wconf 74' lang='grc' dir='ltr'><strong>τὸν</strong></span> <span class='ocrx_word' id='word_1_440' title='bbox 809 3689 1034 3761; x_wconf 90' lang='grc' dir='ltr'><strong>θόρυϐον</strong></span> <span class='ocrx_word' id='word_1_441' title='bbox 1049 3691 1137 3744; x_wconf 82' lang='grc' dir='ltr'><strong>τὸν</strong></span> <span class='ocrx_word' id='word_1_442' title='bbox 1154 3691 1262 3745; x_wconf 74' lang='grc' dir='ltr'><strong>ἀπὸ</strong></span> <span class='ocrx_word' id='word_1_443' title='bbox 1277 3691 1384 3746; x_wconf 89' lang='grc' dir='ltr'><strong>τῶν</strong></span> <span class='ocrx_word' id='word_1_444' title='bbox 1398 3692 1675 3760; x_wconf 90' lang='grc' dir='ltr'><strong>γλωττῶν,</strong></span> <span class='ocrx_word' id='word_1_445' title='bbox 1694 3692 1790 3745; x_wconf 75' lang='grc' dir='ltr'><strong>καὶ</strong></span> 
     </span>
    </p>
   </div>
   <div class='ocr_carea' id='block_1_61' title="bbox 212 3772 1789 3845">
    <p class='ocr_par' dir='ltr' id='par_1_61' title="bbox 212 3772 1789 3845">
     <span class='ocr_line' id='line_1_61' title="bbox 212 3772 1789 3845; baseline -0.001 -18"><span class='ocrx_word' id='word_1_446' title='bbox 212 3774 308 3828; x_wconf 79' lang='grc' dir='ltr'><strong>τὸν</strong></span> <span class='ocrx_word' id='word_1_447' title='bbox 340 3773 450 3828; x_wconf 80' lang='grc' dir='ltr'><strong>ἀπὸ</strong></span> <span class='ocrx_word' id='word_1_448' title='bbox 466 3772 579 3826; x_wconf 88' lang='grc' dir='ltr'><strong>τῶν</strong></span> <span class='ocrx_word' id='word_1_449' title='bbox 601 3773 966 3845; x_wconf 84' lang='grc' dir='ltr'><strong>προφητειῶν,</strong></span> <span class='ocrx_word' id='word_1_450' title='bbox 999 3774 1092 3828; x_wconf 75' lang='grc' dir='ltr'><strong>καὶ</strong></span> <span class='ocrx_word' id='word_1_451' title='bbox 1123 3774 1512 3844; x_wconf 80' lang='grc' dir='ltr'><strong>νομοθετήσας,</strong></span> <span class='ocrx_word' id='word_1_452' title='bbox 1537 3773 1678 3826; x_wconf 83' lang='grc' dir='ltr'><strong>ὥστε</strong></span> <span class='ocrx_word' id='word_1_453' title='bbox 1713 3772 1789 3842; x_wconf 74' lang='grc' dir='ltr'><strong>μὴ</strong></span> 
     </span>
    </p>
   </div>
   <div class='ocr_carea' id='block_1_62' title="bbox 217 3853 1788 3928">
    <p class='ocr_par' dir='ltr' id='par_1_62' title="bbox 217 3853 1788 3928">
     <span class='ocr_line' id='line_1_62' title="bbox 217 3853 1788 3928; baseline -0.002 -17"><span class='ocrx_word' id='word_1_454' title='bbox 217 3857 481 3928; x_wconf 85' lang='grc' dir='ltr'><strong>σύγχυσιν</strong></span> <span class='ocrx_word' id='word_1_455' title='bbox 510 3855 778 3924; x_wconf 85' lang='grc' dir='ltr'><strong>γίνεσθαι,</strong></span> <span class='ocrx_word' id='word_1_456' title='bbox 811 3855 938 3920; x_wconf 87' lang='grc' dir='ltr'><strong>τούς</strong></span> <span class='ocrx_word' id='word_1_457' title='bbox 959 3873 1019 3909; x_wconf 89' lang='grc' dir='ltr'><strong>τε</strong></span> <span class='ocrx_word' id='word_1_458' title='bbox 1046 3855 1320 3924; x_wconf 85' lang='grc' dir='ltr'><strong>γλώσσαις</strong></span> <span class='ocrx_word' id='word_1_459' title='bbox 1353 3855 1652 3918; x_wconf 81' lang='grc' dir='ltr'><strong>λαλοῦντας</strong></span> <span class='ocrx_word' id='word_1_460' title='bbox 1682 3853 1788 3908; x_wconf 76' lang='grc' dir='ltr'><strong>ἀνά</strong></span> 
     </span>
    </p>
   </div>
   <div class='ocr_carea' id='block_1_63' title="bbox 219 3934 1787 4012">
    <p class='ocr_par' dir='ltr' id='par_1_63' title="bbox 219 3934 1787 4012">
     <span class='ocr_line' id='line_1_63' title="bbox 219 3934 1787 4012; baseline -0.003 -19"><span class='ocrx_word' id='word_1_461' title='bbox 219 3941 390 4012; x_wconf 84' lang='grc' dir='ltr'><strong>μέρος</strong></span> <span class='ocrx_word' id='word_1_462' title='bbox 415 3939 572 3993; x_wconf 79' lang='grc' dir='ltr'><strong>τοῦτο</strong></span> <span class='ocrx_word' id='word_1_463' title='bbox 595 3940 789 4004; x_wconf 79' lang='grc' dir='ltr'><strong>ποιεῖν,</strong></span> <span class='ocrx_word' id='word_1_464' title='bbox 814 3938 942 4002; x_wconf 88' lang='grc' dir='ltr'><strong>τούς</strong></span> <span class='ocrx_word' id='word_1_465' title='bbox 969 3955 1030 3991; x_wconf 82' lang='grc' dir='ltr'><strong>τε</strong></span> <span class='ocrx_word' id='word_1_466' title='bbox 1069 3937 1508 4008; x_wconf 89' lang='grc' dir='ltr'><strong>προφητεύοντας</strong></span> <span class='ocrx_word' id='word_1_467' title='bbox 1542 3934 1787 4007; x_wconf 80' lang='grc' dir='ltr'><strong>ἀρξαμέ-</strong></span> 
     </span>
    </p>
   </div>
   <div class='ocr_carea' id='block_1_64' title="bbox 216 4016 1790 4092">
    <p class='ocr_par' dir='ltr' id='par_1_64' title="bbox 216 4016 1790 4092">
     <span class='ocr_line' id='line_1_64' title="bbox 216 4016 1790 4092; baseline -0.003 -18"><span class='ocrx_word' id='word_1_468' title='bbox 216 4039 310 4076; x_wconf 89' lang='grc' dir='ltr'><strong>νου</strong></span> <span class='ocrx_word' id='word_1_469' title='bbox 335 4022 524 4090; x_wconf 82' lang='grc' dir='ltr'><strong>ἐτὲρου</strong></span> <span class='ocrx_word' id='word_1_470' title='bbox 547 4022 725 4092; x_wconf 72' lang='grc' dir='ltr'><strong>σιγᾷν,</strong></span> <span class='ocrx_word' id='word_1_471' title='bbox 750 4020 935 4074; x_wconf 78' lang='grc' dir='ltr'><strong>λοιπὸν</strong></span> <span class='ocrx_word' id='word_1_472' title='bbox 959 4021 1053 4074; x_wconf 77' lang='grc' dir='ltr'><strong>καὶ</strong></span> <span class='ocrx_word' id='word_1_473' title='bbox 1077 4022 1170 4074; x_wconf 74' lang='grc' dir='ltr'><strong>ἐπὶ</strong></span> <span class='ocrx_word' id='word_1_474' title='bbox 1189 4022 1287 4090; x_wconf 82' lang='grc' dir='ltr'><strong>τὴν</strong></span> <span class='ocrx_word' id='word_1_475' title='bbox 1313 4020 1554 4092; x_wconf 80' lang='grc' dir='ltr'><strong>ταραχὴν</strong></span> <span class='ocrx_word' id='word_1_476' title='bbox 1571 4019 1672 4090; x_wconf 88' lang='grc' dir='ltr'><strong>τὴν</strong></span> <span class='ocrx_word' id='word_1_477' title='bbox 1682 4016 1790 4072; x_wconf 81' lang='grc' dir='ltr'><strong>ἀπὸ</strong></span> 
     </span>
    </p>
   </div>
   <div class='ocr_carea' id='block_1_65' title="bbox 215 4100 1790 4174">
    <p class='ocr_par' dir='ltr' id='par_1_65' title="bbox 215 4100 1790 4174">
     <span class='ocr_line' id='line_1_65' title="bbox 215 4100 1790 4174; baseline -0.003 -17"><span class='ocrx_word' id='word_1_478' title='bbox 215 4103 327 4157; x_wconf 86' lang='grc' dir='ltr'><strong>τῶν</strong></span> <span class='ocrx_word' id='word_1_479' title='bbox 358 4103 636 4172; x_wconf 89' lang='grc' dir='ltr'><strong>γυναικῶν</strong></span> <span class='ocrx_word' id='word_1_480' title='bbox 663 4101 958 4174; x_wconf 84' lang='grc' dir='ltr'><strong>γινομένην</strong></span> <span class='ocrx_word' id='word_1_481' title='bbox 987 4102 1091 4173; x_wconf 82' lang='grc' dir='ltr'><strong>ὁδῷ</strong></span> <span class='ocrx_word' id='word_1_482' title='bbox 1134 4102 1370 4172; x_wconf 83' lang='grc' dir='ltr'><strong>πρόεισι,</strong></span> <span class='ocrx_word' id='word_1_483' title='bbox 1417 4102 1516 4173; x_wconf 83' lang='grc' dir='ltr'><strong>τὴν</strong></span> <span class='ocrx_word' id='word_1_484' title='bbox 1560 4100 1790 4171; x_wconf 81' lang='grc' dir='ltr'><strong>ἄκαιρον</strong></span> 
     </span>
    </p>
   </div>
   <div class='ocr_carea' id='block_1_66' title="bbox 215 4183 1787 4257">
    <p class='ocr_par' dir='ltr' id='par_1_66' title="bbox 215 4183 1787 4257">
     <span class='ocr_line' id='line_1_66' title="bbox 215 4183 1787 4257; baseline -0.003 -17"><span class='ocrx_word' id='word_1_485' title='bbox 215 4187 401 4241; x_wconf 70' lang='grc' dir='ltr'><strong>αὐτῶν</strong></span> <span class='ocrx_word' id='word_1_486' title='bbox 444 4185 725 4240; x_wconf 76' lang='grc' dir='ltr'><strong>ἐκκόπτων</strong></span> <span class='ocrx_word' id='word_1_487' title='bbox 768 4185 1100 4257; x_wconf 78' lang='grc' dir='ltr'><strong>παρρησίαν,</strong></span> <span class='ocrx_word' id='word_1_488' title='bbox 1133 4186 1228 4238; x_wconf 78' lang='grc' dir='ltr'><strong>καὶ</strong></span> <span class='ocrx_word' id='word_1_489' title='bbox 1259 4184 1464 4256; x_wconf 84' lang='grc' dir='ltr'><strong>σφόδρα</strong></span> <span class='ocrx_word' id='word_1_490' title='bbox 1493 4183 1787 4254; x_wconf 86' lang='grc' dir='ltr'><strong>εὐκαίρως.</strong></span> 
     </span>
    </p>
   </div>
   <div class='ocr_carea' id='block_1_67' title="bbox 221 4265 1790 4340">
    <p class='ocr_par' dir='ltr' id='par_1_67' title="bbox 221 4265 1790 4340">
     <span class='ocr_line' id='line_1_67' title="bbox 221 4265 1790 4340; baseline -0.004 -17"><span class='ocrx_word' id='word_1_491' title='bbox 221 4269 285 4323; x_wconf 75' lang='lat' dir='ltr'><strong><em>El</em></strong></span> <span class='ocrx_word' id='word_1_492' title='bbox 320 4270 429 4340; x_wconf 82' lang='grc' dir='ltr'><strong>γάρ</strong></span> <span class='ocrx_word' id='word_1_493' title='bbox 457 4272 566 4333; x_wconf 87' lang='grc' dir='ltr'><strong>τοῖς</strong></span> <span class='ocrx_word' id='word_1_494' title='bbox 588 4266 660 4321; x_wconf 84' lang='grc' dir='ltr'><strong>τὰ</strong></span> <span class='ocrx_word' id='word_1_495' title='bbox 707 4267 1021 4339; x_wconf 88' lang='grc' dir='ltr'><strong>χαρίσματα</strong></span> <span class='ocrx_word' id='word_1_496' title='bbox 1047 4267 1259 4337; x_wconf 73' lang='grc' dir='ltr'><strong>ἔχουσιν</strong></span> <span class='ocrx_word' id='word_1_497' title='bbox 1293 4267 1480 4330; x_wconf 82' lang='grc' dir='ltr'><strong>ἁπλῶς</strong></span> <span class='ocrx_word' id='word_1_498' title='bbox 1509 4267 1610 4320; x_wconf 88' lang='grc' dir='ltr'><strong>ούκ</strong></span> <span class='ocrx_word' id='word_1_499' title='bbox 1639 4265 1790 4334; x_wconf 82' lang='grc' dir='ltr'><strong>ἐφίε-</strong></span> 
     </span>
    </p>
   </div>
   <div class='ocr_carea' id='block_1_68' title="bbox 218 4346 1791 4421">
    <p class='ocr_par' dir='ltr' id='par_1_68' title="bbox 218 4346 1791 4421">
     <span class='ocr_line' id='line_1_68' title="bbox 218 4346 1791 4421; baseline -0.003 -17"><span class='ocrx_word' id='word_1_500' title='bbox 218 4369 311 4406; x_wconf 90' lang='grc' dir='ltr'><strong>ται</strong></span> <span class='ocrx_word' id='word_1_501' title='bbox 339 4352 538 4417; x_wconf 80' lang='grc' dir='ltr'><strong>λαλεῖν,</strong></span> <span class='ocrx_word' id='word_1_502' title='bbox 579 4351 690 4405; x_wconf 82' lang='grc' dir='ltr'><strong>οὐδ’</strong></span> <span class='ocrx_word' id='word_1_503' title='bbox 731 4351 823 4404; x_wconf 84' lang='grc' dir='ltr'><strong>ὅτε</strong></span> <span class='ocrx_word' id='word_1_504' title='bbox 879 4349 1180 4421; x_wconf 84' lang='grc' dir='ltr'><strong>βούλονται,</strong></span> <span class='ocrx_word' id='word_1_505' title='bbox 1213 4351 1309 4403; x_wconf 70' lang='grc' dir='ltr'><strong>καὶ</strong></span> <span class='ocrx_word' id='word_1_506' title='bbox 1346 4348 1520 4403; x_wconf 81' lang='grc' dir='ltr'><strong>ταῦτα</strong></span> <span class='ocrx_word' id='word_1_507' title='bbox 1549 4348 1654 4402; x_wconf 82' lang='grc' dir='ltr'><strong>ύπδ</strong></span> <span class='ocrx_word' id='word_1_508' title='bbox 1696 4346 1791 4400; x_wconf 87' lang='grc' dir='ltr'><strong>τοῦ</strong></span> 
     </span>
    </p>
   </div>
   <div class='ocr_carea' id='block_1_69' title="bbox 221 4430 1792 4505">
    <p class='ocr_par' dir='ltr' id='par_1_69' title="bbox 221 4430 1792 4505">
     <span class='ocr_line' id='line_1_69' title="bbox 221 4430 1792 4505; baseline -0.004 -15"><span class='ocrx_word' id='word_1_509' title='bbox 221 4435 543 4505; x_wconf 90' lang='grc' dir='ltr'><strong>ῐῐνεύματος</strong></span> <span class='ocrx_word' id='word_1_510' title='bbox 565 4440 924 4505; x_wconf 81' lang='grc' dir='ltr'><strong>κινουμένοις,</strong></span> <span class='ocrx_word' id='word_1_511' title='bbox 957 4432 1136 4504; x_wconf 85' lang='grc' dir='ltr'><strong>πολλῷ</strong></span> <span class='ocrx_word' id='word_1_512' title='bbox 1169 4433 1367 4504; x_wconf 71' lang='grc' dir='ltr'><strong>μᾶλλον</strong></span> <span class='ocrx_word' id='word_1_513' title='bbox 1398 4432 1634 4496; x_wconf 79' lang='grc' dir='ltr'><strong>ἐκείναις</strong></span> <span class='ocrx_word' id='word_1_514' title='bbox 1664 4430 1792 4500; x_wconf 82' lang='grc' dir='ltr'><strong>είκῆ</strong></span> 
     </span>
    </p>
   </div>
   <div class='ocr_carea' id='block_1_70' title="bbox 222 4516 1790 4591">
    <p class='ocr_par' dir='ltr' id='par_1_70' title="bbox 222 4516 1790 4591">
     <span class='ocr_line' id='line_1_70' title="bbox 222 4516 1790 4591; baseline -0.002 -19"><span class='ocrx_word' id='word_1_515' title='bbox 222 4520 594 4590; x_wconf 82' lang='grc' dir='ltr'><strong>φλυαρούσαις</strong></span> <span class='ocrx_word' id='word_1_516' title='bbox 625 4521 720 4572; x_wconf 69' lang='grc' dir='ltr'><strong>καὶ</strong></span> <span class='ocrx_word' id='word_1_517' title='bbox 752 4519 950 4590; x_wconf 86' lang='grc' dir='ltr'><strong>μάτην.</strong></span> <span class='ocrx_word' id='word_1_518' title='bbox 982 4519 1079 4572; x_wconf 81' lang='grc' dir='ltr'><strong>Διά</strong></span> <span class='ocrx_word' id='word_1_519' title='bbox 1103 4519 1262 4573; x_wconf 80' lang='grc' dir='ltr'><strong>τοῦτο</strong></span> <span class='ocrx_word' id='word_1_520' title='bbox 1292 4519 1384 4573; x_wconf 70' lang='grc' dir='ltr'><strong>καὶ</strong></span> <span class='ocrx_word' id='word_1_521' title='bbox 1415 4519 1552 4591; x_wconf 83' lang='grc' dir='ltr'><strong>μετὰ</strong></span> <span class='ocrx_word' id='word_1_522' title='bbox 1585 4516 1790 4587; x_wconf 82' lang='grc' dir='ltr'><strong>πολλῆς</strong></span> 
     </span>
    </p>
   </div>
   <div class='ocr_carea' id='block_1_71' title="bbox 221 4601 1793 4673">
    <p class='ocr_par' dir='ltr' id='par_1_71' title="bbox 221 4601 1793 4673">
     <span class='ocr_line' id='line_1_71' title="bbox 221 4601 1793 4673; baseline -0.002 -17"><span class='ocrx_word' id='word_1_523' title='bbox 221 4605 322 4673; x_wconf 85' lang='grc' dir='ltr'><strong>τῆς</strong></span> <span class='ocrx_word' id='word_1_524' title='bbox 354 4603 640 4665; x_wconf 84' lang='grc' dir='ltr'><strong>αύθεντίας</strong></span> <span class='ocrx_word' id='word_1_525' title='bbox 664 4603 1006 4671; x_wconf 78' lang='grc' dir='ltr'><strong>ἐπιστομίζει</strong></span> <span class='ocrx_word' id='word_1_526' title='bbox 1039 4602 1145 4673; x_wconf 78' lang='grc' dir='ltr'><strong>τὴν</strong></span> <span class='ocrx_word' id='word_1_527' title='bbox 1167 4603 1436 4672; x_wconf 83' lang='grc' dir='ltr'><strong>φλυαρίαν</strong></span> <span class='ocrx_word' id='word_1_528' title='bbox 1465 4601 1664 4668; x_wconf 81' lang='grc' dir='ltr'><strong>αὐτῶν,</strong></span> <span class='ocrx_word' id='word_1_529' title='bbox 1700 4601 1793 4654; x_wconf 68' lang='grc' dir='ltr'><strong>καὶ</strong></span> 
     </span>
    </p>
   </div>
   <div class='ocr_carea' id='block_1_72' title="bbox 222 4684 1793 4756">
    <p class='ocr_par' dir='ltr' id='par_1_72' title="bbox 222 4684 1793 4756">
     <span class='ocr_line' id='line_1_72' title="bbox 222 4684 1793 4756; baseline -0.002 -17"><span class='ocrx_word' id='word_1_530' title='bbox 222 4687 316 4739; x_wconf 74' lang='grc' dir='ltr'><strong>τὸν</strong></span> <span class='ocrx_word' id='word_1_531' title='bbox 347 4686 512 4756; x_wconf 90' lang='grc' dir='ltr'><strong>νόμον</strong></span> <span class='ocrx_word' id='word_1_532' title='bbox 541 4685 659 4756; x_wconf 87' lang='grc' dir='ltr'><strong>μεθ’</strong></span> <span class='ocrx_word' id='word_1_533' title='bbox 689 4685 883 4739; x_wconf 78' lang='grc' dir='ltr'><strong>ἑαυτοῦ</strong></span> <span class='ocrx_word' id='word_1_534' title='bbox 933 4684 1134 4748; x_wconf 89' lang='grc' dir='ltr'><strong>λαϐὼν,</strong></span> <span class='ocrx_word' id='word_1_535' title='bbox 1182 4685 1356 4749; x_wconf 83' lang='grc' dir='ltr'><strong>οὓτως</strong></span> <span class='ocrx_word' id='word_1_536' title='bbox 1401 4685 1580 4738; x_wconf 85' lang='grc' dir='ltr'><strong>αὐτῶν</strong></span> <span class='ocrx_word' id='word_1_537' title='bbox 1619 4685 1793 4754; x_wconf 83' lang='grc' dir='ltr'><strong>άποῤ·</strong></span> 
     </span>
    </p>
   </div>
   <div class='ocr_carea' id='block_1_73' title="bbox 226 4764 1790 4839">
    <p class='ocr_par' dir='ltr' id='par_1_73' title="bbox 226 4764 1790 4839">
     <span class='ocr_line' id='line_1_73' title="bbox 226 4764 1790 4839; baseline -0.001 -19"><span class='ocrx_word' id='word_1_538' title='bbox 226 4767 426 4835; x_wconf 75' lang='grc' dir='ltr'><strong>ῥάπτει</strong></span> <span class='ocrx_word' id='word_1_539' title='bbox 449 4767 518 4820; x_wconf 82' lang='grc' dir='ltr'><strong>τά</strong></span> <span class='ocrx_word' id='word_1_540' title='bbox 547 4767 806 4836; x_wconf 87' lang='grc' dir='ltr'><strong>στόματα.</strong></span> <span class='ocrx_word' id='word_1_541' title='bbox 826 4767 902 4820; x_wconf 79' lang='grc' dir='ltr'><strong>Οὐ</strong></span> <span class='ocrx_word' id='word_1_542' title='bbox 929 4769 1037 4839; x_wconf 85' lang='grc' dir='ltr'><strong>γὰρ</strong></span> <span class='ocrx_word' id='word_1_543' title='bbox 1061 4769 1316 4838; x_wconf 88' lang='grc' dir='ltr'><strong>παραινεῖ</strong></span> <span class='ocrx_word' id='word_1_544' title='bbox 1348 4767 1506 4838; x_wconf 84' lang='grc' dir='ltr'><strong>μόνον</strong></span> <span class='ocrx_word' id='word_1_545' title='bbox 1533 4764 1790 4828; x_wconf 81' lang='grc' dir='ltr'><strong>ἐνταῦθα,</strong></span> 
     </span>
    </p>
   </div>
   <div class='ocr_carea' id='block_1_74' title="bbox 221 4851 1796 4926">
    <p class='ocr_par' dir='ltr' id='par_1_74' title="bbox 221 4851 1796 4926">
     <span class='ocr_line' id='line_1_74' title="bbox 221 4851 1796 4926; baseline -0.003 -17"><span class='ocrx_word' id='word_1_546' title='bbox 221 4853 347 4909; x_wconf 76' lang='grc' dir='ltr'><strong>οὐδὲ</strong></span> <span class='ocrx_word' id='word_1_547' title='bbox 383 4851 758 4926; x_wconf 74' lang='grc' dir='ltr'><strong>συμϐουλεύει,</strong></span> <span class='ocrx_word' id='word_1_548' title='bbox 787 4851 922 4908; x_wconf 75' lang='grc' dir='ltr'><strong>ἀλλὰ</strong></span> <span class='ocrx_word' id='word_1_549' title='bbox 963 4853 1056 4905; x_wconf 78' lang='grc' dir='ltr'><strong>καὶ</strong></span> <span class='ocrx_word' id='word_1_550' title='bbox 1083 4853 1361 4906; x_wconf 74' lang='grc' dir='ltr'><strong>ἐπιτάττει</strong></span> <span class='ocrx_word' id='word_1_551' title='bbox 1389 4852 1656 4923; x_wconf 85' lang='grc' dir='ltr'><strong>σφοδρῶς,</strong></span> <span class='ocrx_word' id='word_1_552' title='bbox 1692 4867 1796 4904; x_wconf 89' lang='grc' dir='ltr'><strong>πα-</strong></span> 
     </span>
    </p>
   </div>
   <div class='ocr_carea' id='block_1_75' title="bbox 222 4933 1794 5010">
    <p class='ocr_par' dir='ltr' id='par_1_75' title="bbox 222 4933 1794 5010">
     <span class='ocr_line' id='line_1_75' title="bbox 222 4933 1794 5010; baseline -0.003 -19"><span class='ocrx_word' id='word_1_553' title='bbox 222 4940 378 4994; x_wconf 77' lang='grc' dir='ltr'><strong>λαιὸν</strong></span> <span class='ocrx_word' id='word_1_554' title='bbox 402 4939 541 5010; x_wconf 84' lang='grc' dir='ltr'><strong>ὑπὲρ</strong></span> <span class='ocrx_word' id='word_1_555' title='bbox 568 4938 1196 5010; x_wconf 27' lang='grc' dir='ltr'><strong>τούτωνηάναγινώσκων</strong></span> <span class='ocrx_word' id='word_1_556' title='bbox 1226 4937 1407 5008; x_wconf 90' lang='grc' dir='ltr'><strong>νόμον.</strong></span> <span class='ocrx_word' id='word_1_557' title='bbox 1436 4935 1622 4989; x_wconf 81' lang='grc' dir='ltr'><strong>Εἰπὼν</strong></span> <span class='ocrx_word' id='word_1_558' title='bbox 1663 4933 1794 5005; x_wconf 86' lang='grc' dir='ltr'><strong>γὰρ,</strong></span> 
     </span>
    </p>
   </div>
   <div class='ocr_carea' id='block_1_76' title="bbox 220 5016 1796 5090">
    <p class='ocr_par' dir='ltr' id='par_1_76' title="bbox 220 5016 1796 5090">
     <span class='ocr_line' id='line_1_76' title="bbox 220 5016 1796 5090; baseline -0.004 -14"><span class='ocrx_word' id='word_1_559' title='bbox 220 5023 306 5076; x_wconf 80' lang='grc' dir='ltr'><strong>ὅτι</strong></span> <span class='ocrx_word' id='word_1_560' title='bbox 331 5023 400 5075; x_wconf 79' lang='lat' dir='ltr'><strong><em>Al</em></strong></span> <span class='ocrx_word' id='word_1_561' title='bbox 443 5020 722 5090; x_wconf 79' lang='grc' dir='ltr'><strong>γυναῖκες</strong></span> <span class='ocrx_word' id='word_1_562' title='bbox 762 5018 927 5090; x_wconf 78' lang='grc' dir='ltr'><strong>ὑμῶν</strong></span> <span class='ocrx_word' id='word_1_563' title='bbox 953 5021 1022 5073; x_wconf 78' lang='grc' dir='ltr'><strong>ἐν</strong></span> <span class='ocrx_word' id='word_1_564' title='bbox 1048 5019 1178 5086; x_wconf 87' lang='grc' dir='ltr'><strong>ταῖς</strong></span> <span class='ocrx_word' id='word_1_565' title='bbox 1207 5019 1569 5086; x_wconf 75' lang='grc' dir='ltr'><strong>ἐκκλησίαις</strong></span> <span class='ocrx_word' id='word_1_566' title='bbox 1623 5016 1796 5086; x_wconf 74' lang='grc' dir='ltr'><strong>σιγά-</strong></span> 
     </span>
    </p>
   </div>
   <div class='ocr_carea' id='block_1_77' title="bbox 226 5100 1796 5172">
    <p class='ocr_par' dir='ltr' id='par_1_77' title="bbox 226 5100 1796 5172">
     <span class='ocr_line' id='line_1_77' title="bbox 226 5100 1796 5172; baseline -0.002 -15"><span class='ocrx_word' id='word_1_567' title='bbox 226 5119 450 5169; x_wconf 85' lang='grc' dir='ltr'><strong>τωσαν,</strong></span> <span class='ocrx_word' id='word_1_568' title='bbox 481 5104 596 5166; x_wconf 72' lang='grc' dir='ltr'><strong>καὶ,</strong></span> <span class='ocrx_word' id='word_1_569' title='bbox 657 5104 780 5157; x_wconf 80' lang='grc' dir='ltr'><strong>Οὐκ</strong></span> <span class='ocrx_word' id='word_1_570' title='bbox 835 5104 1252 5172; x_wconf 78' lang='grc' dir='ltr'><strong>ἐπιτέτραπται</strong></span> <span class='ocrx_word' id='word_1_571' title='bbox 1307 5103 1515 5168; x_wconf 83' lang='grc' dir='ltr'><strong>αὐταῖς</strong></span> <span class='ocrx_word' id='word_1_572' title='bbox 1561 5100 1796 5166; x_wconf 73' lang='grc' dir='ltr'><strong>λαλεῖν,</strong></span> 
     </span>
    </p>
   </div>
   <div class='ocr_carea' id='block_1_78' title="bbox 225 5184 1798 5258">
    <p class='ocr_par' dir='ltr' id='par_1_78' title="bbox 225 5184 1798 5258">
     <span class='ocr_line' id='line_1_78' title="bbox 225 5184 1798 5258; baseline -0.004 -16"><span class='ocrx_word' id='word_1_573' title='bbox 225 5189 370 5242; x_wconf 73' lang='grc' dir='ltr'><strong>ἀλλ’</strong></span> <span class='ocrx_word' id='word_1_574' title='bbox 398 5187 856 5249; x_wconf 79' lang='grc' dir='ltr'><strong>ὑποτάττεσθαι,</strong></span> <span class='ocrx_word' id='word_1_575' title='bbox 880 5188 1148 5258; x_wconf 84' lang='grc' dir='ltr'><strong>ἐπήγαγε,</strong></span> <span class='ocrx_word' id='word_1_576' title='bbox 1173 5186 1380 5252; x_wconf 81' lang='grc' dir='ltr'><strong>Καθὼς</strong></span> <span class='ocrx_word' id='word_1_577' title='bbox 1413 5184 1512 5247; x_wconf 73' lang='grc' dir='ltr'><strong>καὶ</strong></span> <span class='ocrx_word' id='word_1_578' title='bbox 1549 5187 1581 5238; x_wconf 85' lang='grc' dir='ltr'><strong>ό</strong></span> <span class='ocrx_word' id='word_1_579' title='bbox 1613 5184 1798 5252; x_wconf 81' lang='grc' dir='ltr'><strong>νόμος</strong></span> 
     </span>
    </p>
   </div>
   <div class='ocr_carea' id='block_1_79' title="bbox 226 5264 1800 5338">
    <p class='ocr_par' dir='ltr' id='par_1_79' title="bbox 226 5264 1800 5338">
     <span class='ocr_line' id='line_1_79' title="bbox 226 5264 1800 5338; baseline -0.004 -14"><span class='ocrx_word' id='word_1_580' title='bbox 226 5270 414 5338; x_wconf 74' lang='grc' dir='ltr'><strong>λέγει.</strong></span> <span class='ocrx_word' id='word_1_581' title='bbox 445 5269 554 5323; x_wconf 84' lang='lat' dir='ltr'><strong>Kal</strong></span> <span class='ocrx_word' id='word_1_582' title='bbox 587 5270 690 5322; x_wconf 82' lang='grc' dir='ltr'><strong>πού</strong></span> <span class='ocrx_word' id='word_1_583' title='bbox 717 5269 876 5321; x_wconf 78' lang='grc' dir='ltr'><strong>τοῦτο</strong></span> <span class='ocrx_word' id='word_1_584' title='bbox 899 5271 927 5322; x_wconf 90' lang='lat'><strong>6</strong></span> <span class='ocrx_word' id='word_1_585' title='bbox 965 5269 1127 5338; x_wconf 89' lang='grc' dir='ltr'><strong>νόμος</strong></span> <span class='ocrx_word' id='word_1_586' title='bbox 1155 5267 1340 5334; x_wconf 78' lang='grc' dir='ltr'><strong>λέγεις</strong></span> <span class='ocrx_word' id='word_1_587' title='bbox 1372 5265 1529 5334; x_wconf 83' lang='grc' dir='ltr'><strong>Πρός</strong></span> <span class='ocrx_word' id='word_1_588' title='bbox 1562 5265 1670 5319; x_wconf 85' lang='grc' dir='ltr'><strong>τὸν</strong></span> <span class='ocrx_word' id='word_1_589' title='bbox 1696 5264 1800 5318; x_wconf 67' lang='grc' dir='ltr'><strong>ἄν’</strong></span> 
     </span>
    </p>
   </div>
   <div class='ocr_carea' id='block_1_80' title="bbox 227 5349 1796 5419">
    <p class='ocr_par' dir='ltr' id='par_1_80' title="bbox 227 5349 1796 5419">
     <span class='ocr_line' id='line_1_80' title="bbox 227 5349 1796 5419; baseline -0.003 -15"><span class='ocrx_word' id='word_1_590' title='bbox 227 5352 344 5419; x_wconf 86' lang='grc' dir='ltr'><strong>δρα</strong></span> <span class='ocrx_word' id='word_1_591' title='bbox 372 5367 489 5405; x_wconf 86' lang='grc' dir='ltr'><strong>σου</strong></span> <span class='ocrx_word' id='word_1_592' title='bbox 517 5353 555 5418; x_wconf 76' lang='grc' dir='ltr'><strong>ἡ</strong></span> <span class='ocrx_word' id='word_1_593' title='bbox 597 5350 953 5419; x_wconf 70' lang='grc' dir='ltr'><strong>ἀποστροφή</strong></span> <span class='ocrx_word' id='word_1_594' title='bbox 991 5365 1129 5414; x_wconf 82' lang='grc' dir='ltr'><strong>σου,</strong></span> <span class='ocrx_word' id='word_1_595' title='bbox 1161 5349 1262 5404; x_wconf 81' lang='grc' dir='ltr'><strong>καί</strong></span> <span class='ocrx_word' id='word_1_596' title='bbox 1301 5349 1483 5414; x_wconf 85' lang='grc' dir='ltr'><strong>αὐτός</strong></span> <span class='ocrx_word' id='word_1_597' title='bbox 1530 5361 1648 5401; x_wconf 88' lang='grc' dir='ltr'><strong>σου</strong></span> <span class='ocrx_word' id='word_1_598' title='bbox 1692 5365 1796 5401; x_wconf 80' lang='grc' dir='ltr'><strong>κυ-</strong></span> 
     </span>
    </p>
   </div>
   <div class='ocr_carea' id='block_1_81' title="bbox 223 5427 1799 5504">
    <p class='ocr_par' dir='ltr' id='par_1_81' title="bbox 223 5427 1799 5504">
     <span class='ocr_line' id='line_1_81' title="bbox 223 5427 1799 5504; baseline -0.003 -17"><span class='ocrx_word' id='word_1_599' title='bbox 223 5434 477 5504; x_wconf 76' lang='grc' dir='ltr'><strong>ριεύσει.</strong></span> <span class='ocrx_word' id='word_1_600' title='bbox 518 5427 669 5494; x_wconf 82' lang='grc' dir='ltr'><strong>Εἶδες</strong></span> <span class='ocrx_word' id='word_1_601' title='bbox 727 5433 940 5489; x_wconf 85' lang='grc' dir='ltr'><strong>Παύλου</strong></span> <span class='ocrx_word' id='word_1_602' title='bbox 989 5432 1202 5502; x_wconf 89' lang='grc' dir='ltr'><strong>σοφίαν,</strong></span> <span class='ocrx_word' id='word_1_603' title='bbox 1255 5432 1453 5502; x_wconf 85' lang='grc' dir='ltr'><strong>ἡλίκην</strong></span> <span class='ocrx_word' id='word_1_604' title='bbox 1505 5430 1799 5501; x_wconf 85' lang='grc' dir='ltr'><strong>παρήγαγε</strong></span> 
     </span>
    </p>
   </div>
   <div class='ocr_carea' id='block_1_82' title="bbox 234 5510 1799 5586">
    <p class='ocr_par' dir='ltr' id='par_1_82' title="bbox 234 5510 1799 5586">
     <span class='ocr_line' id='line_1_82' title="bbox 234 5510 1799 5586; baseline -0.003 -17"><span class='ocrx_word' id='word_1_605' title='bbox 234 5515 561 5586; x_wconf 87' lang='grc' dir='ltr'><strong>μαρτυρίαν,</strong></span> <span class='ocrx_word' id='word_1_606' title='bbox 588 5515 649 5567; x_wconf 88' lang='grc' dir='ltr'><strong>ού</strong></span> <span class='ocrx_word' id='word_1_607' title='bbox 678 5517 836 5586; x_wconf 85' lang='grc' dir='ltr'><strong>σιγᾷν</strong></span> <span class='ocrx_word' id='word_1_608' title='bbox 859 5514 1047 5577; x_wconf 82' lang='grc' dir='ltr'><strong>αὐταῖς</strong></span> <span class='ocrx_word' id='word_1_609' title='bbox 1088 5513 1412 5569; x_wconf 89' lang='grc' dir='ltr'><strong>κελεύουσαν</strong></span> <span class='ocrx_word' id='word_1_610' title='bbox 1444 5511 1623 5582; x_wconf 88' lang='grc' dir='ltr'><strong>μόνον,</strong></span> <span class='ocrx_word' id='word_1_611' title='bbox 1663 5510 1799 5564; x_wconf 83' lang='grc' dir='ltr'><strong>ἀλλά</strong></span> 
     </span>
    </p>
   </div>
   <div class='ocr_carea' id='block_1_83' title="bbox 231 5592 1796 5668">
    <p class='ocr_par' dir='ltr' id='par_1_83' title="bbox 231 5592 1796 5668">
     <span class='ocr_line' id='line_1_83' title="bbox 231 5592 1796 5668; baseline -0.006 -14"><span class='ocrx_word' id='word_1_612' title='bbox 231 5601 326 5654; x_wconf 80' lang='grc' dir='ltr'><strong>καὶ</strong></span> <span class='ocrx_word' id='word_1_613' title='bbox 363 5599 502 5668; x_wconf 75' lang='grc' dir='ltr'><strong>μετὰ</strong></span> <span class='ocrx_word' id='word_1_614' title='bbox 549 5597 717 5666; x_wconf 86' lang='grc' dir='ltr'><strong>φόϐου</strong></span> <span class='ocrx_word' id='word_1_615' title='bbox 766 5599 944 5667; x_wconf 76' lang='grc' dir='ltr'><strong>σιγᾷν,</strong></span> <span class='ocrx_word' id='word_1_616' title='bbox 996 5596 1089 5650; x_wconf 73' lang='grc' dir='ltr'><strong>καὶ</strong></span> <span class='ocrx_word' id='word_1_617' title='bbox 1137 5595 1275 5666; x_wconf 76' lang='grc' dir='ltr'><strong>μετὰ</strong></span> <span class='ocrx_word' id='word_1_618' title='bbox 1312 5595 1476 5663; x_wconf 86' lang='grc' dir='ltr'><strong>φόϐου</strong></span> <span class='ocrx_word' id='word_1_619' title='bbox 1519 5592 1796 5655; x_wconf 84' lang='grc' dir='ltr'><strong>τοσούτου,</strong></span> 
     </span>
    </p>
   </div>
   <div class='ocr_carea' id='block_1_84' title="bbox 235 5676 1797 5754">
    <p class='ocr_par' dir='ltr' id='par_1_84' title="bbox 235 5676 1797 5754">
     <span class='ocr_line' id='line_1_84' title="bbox 235 5676 1797 5754; baseline -0.006 -18"><span class='ocrx_word' id='word_1_620' title='bbox 235 5682 356 5754; x_wconf 87' lang='grc' dir='ltr'><strong>μεθ’</strong></span> <span class='ocrx_word' id='word_1_621' title='bbox 382 5683 508 5736; x_wconf 76' lang='grc' dir='ltr'><strong>ὅσου</strong></span> <span class='ocrx_word' id='word_1_622' title='bbox 533 5683 632 5752; x_wconf 84' lang='grc' dir='ltr'><strong>τὴν</strong></span> <span class='ocrx_word' id='word_1_623' title='bbox 654 5681 848 5752; x_wconf 86' lang='grc' dir='ltr'><strong>δούλην</strong></span> <span class='ocrx_word' id='word_1_624' title='bbox 882 5681 1172 5752; x_wconf 78' lang='grc' dir='ltr'><strong>ἡσυχάζειν</strong></span> <span class='ocrx_word' id='word_1_625' title='bbox 1203 5679 1305 5751; x_wconf 86' lang='grc' dir='ltr'><strong>χρή</strong></span> <span class='ocrx_word' id='word_1_626' title='bbox 1335 5696 1348 5743; x_wconf 89' lang='grc'>;</span> <span class='ocrx_word' id='word_1_627' title='bbox 1379 5677 1468 5730; x_wconf 81' lang='grc' dir='ltr'><strong>Διὸ</strong></span> <span class='ocrx_word' id='word_1_628' title='bbox 1499 5677 1589 5729; x_wconf 70' lang='grc' dir='ltr'><strong>καὶ</strong></span> <span class='ocrx_word' id='word_1_629' title='bbox 1637 5676 1797 5738; x_wconf 80' lang='grc' dir='ltr'><strong>αὐτὸς</strong></span> 
     </span>
    </p>
   </div>
   <div class='ocr_carea' id='block_1_85' title="bbox 231 5758 1791 5840">
    <p class='ocr_par' dir='ltr' id='par_1_85' title="bbox 231 5758 1791 5840">
     <span class='ocr_line' id='line_1_85' title="bbox 231 5758 1791 5840; baseline -0.004 -21"><span class='ocrx_word' id='word_1_630' title='bbox 231 5764 420 5831; x_wconf 73' lang='grc' dir='ltr'><strong>εἰπὼν,</strong></span> <span class='ocrx_word' id='word_1_631' title='bbox 471 5765 554 5818; x_wconf 79' lang='grc' dir='ltr'><strong>ὅτι</strong></span> <span class='ocrx_word' id='word_1_632' title='bbox 588 5767 706 5840; x_wconf 70' lang='grc' dir='ltr'><strong>Οὐκ</strong></span> <span class='ocrx_word' id='word_1_633' title='bbox 739 5763 1149 5834; x_wconf 72' lang='grc' dir='ltr'><strong>ἐπιτέτραπται</strong></span> <span class='ocrx_word' id='word_1_634' title='bbox 1191 5762 1395 5828; x_wconf 78' lang='grc' dir='ltr'><strong>αὑταῖς</strong></span> <span class='ocrx_word' id='word_1_635' title='bbox 1423 5759 1652 5826; x_wconf 66' lang='grc' dir='ltr'><strong>λαλεῖν,</strong></span> <span class='ocrx_word' id='word_1_636' title='bbox 1693 5758 1791 5812; x_wconf 84' lang='grc' dir='ltr'><strong>οὐκ</strong></span> 
     </span>
    </p>
   </div>
   <div class='ocr_carea' id='block_1_86' title="bbox 1886 3360 3465 3433">
    <p class='ocr_par' dir='ltr' id='par_1_86' title="bbox 1886 3360 3465 3433">
     <span class='ocr_line' id='line_1_86' title="bbox 1886 3360 3465 3433; baseline 0.003 -20"><span class='ocrx_word' id='word_1_637' title='bbox 1886 3361 2181 3432; x_wconf 78' lang='grc' dir='ltr'><strong>ἐπήγαγεν,</strong></span> <span class='ocrx_word' id='word_1_638' title='bbox 2223 3360 2383 3416; x_wconf 85' lang='grc' dir='ltr'><strong>Ἀλλά</strong></span> <span class='ocrx_word' id='word_1_639' title='bbox 2445 3362 2625 3432; x_wconf 82' lang='grc' dir='ltr'><strong>σιγᾷν,</strong></span> <span class='ocrx_word' id='word_1_640' title='bbox 2672 3360 2809 3415; x_wconf 84' lang='grc' dir='ltr'><strong>ἀλλά</strong></span> <span class='ocrx_word' id='word_1_641' title='bbox 2837 3362 2897 3414; x_wconf 85' lang='grc' dir='ltr'><strong>τὸ</strong></span> <span class='ocrx_word' id='word_1_642' title='bbox 2952 3361 3112 3415; x_wconf 87' lang='grc' dir='ltr'><strong>πλέον</strong></span> <span class='ocrx_word' id='word_1_643' title='bbox 3152 3361 3300 3433; x_wconf 63' lang='grc'><strong>[544]</strong></span> <span class='ocrx_word' id='word_1_644' title='bbox 3345 3364 3465 3417; x_wconf 82' lang='grc' dir='ltr'><strong>ἀντὶ</strong></span> 
     </span>
    </p>
   </div>
   <div class='ocr_carea' id='block_1_87' title="bbox 1885 3442 3461 3514">
    <p class='ocr_par' dir='ltr' id='par_1_87' title="bbox 1885 3442 3461 3514">
     <span class='ocr_line' id='line_1_87' title="bbox 1885 3442 3461 3514; baseline 0.002 -19"><span class='ocrx_word' id='word_1_645' title='bbox 1885 3442 1980 3496; x_wconf 85' lang='grc' dir='ltr'><strong>τοῦ</strong></span> <span class='ocrx_word' id='word_1_646' title='bbox 2012 3445 2170 3514; x_wconf 83' lang='grc' dir='ltr'><strong>σιγᾷν</strong></span> <span class='ocrx_word' id='word_1_647' title='bbox 2198 3443 2432 3510; x_wconf 85' lang='grc' dir='ltr'><strong>τέθεικε,</strong></span> <span class='ocrx_word' id='word_1_648' title='bbox 2471 3443 2534 3496; x_wconf 79' lang='grc' dir='ltr'><strong>τὸ</strong></span> <span class='ocrx_word' id='word_1_649' title='bbox 2561 3443 2982 3497; x_wconf 83' lang='grc' dir='ltr'><strong>ὑποτάττεσθαι.</strong></span> <span class='ocrx_word' id='word_1_650' title='bbox 3035 3445 3098 3497; x_wconf 69' lang='lat' dir='ltr'><strong>Et</strong></span> <span class='ocrx_word' id='word_1_651' title='bbox 3128 3445 3184 3496; x_wconf 88' lang='grc' dir='ltr'><strong>δέ</strong></span> <span class='ocrx_word' id='word_1_652' title='bbox 3233 3445 3325 3496; x_wconf 67' lang='grc' dir='ltr'><strong>ἐπὶ</strong></span> <span class='ocrx_word' id='word_1_653' title='bbox 3365 3446 3461 3498; x_wconf 86' lang='grc' dir='ltr'><strong>άν-</strong></span> 
     </span>
    </p>
   </div>
   <div class='ocr_carea' id='block_1_88' title="bbox 1887 3524 3466 3596">
    <p class='ocr_par' dir='ltr' id='par_1_88' title="bbox 1887 3524 3466 3596">
     <span class='ocr_line' id='line_1_88' title="bbox 1887 3524 3466 3596; baseline 0.001 -18"><span class='ocrx_word' id='word_1_654' title='bbox 1887 3525 2029 3596; x_wconf 88' lang='grc' dir='ltr'><strong>δρῶν</strong></span> <span class='ocrx_word' id='word_1_655' title='bbox 2053 3525 2229 3591; x_wconf 70' lang='grc' dir='ltr'><strong>τοῦτο,</strong></span> <span class='ocrx_word' id='word_1_656' title='bbox 2265 3524 2446 3596; x_wconf 84' lang='grc' dir='ltr'><strong>πολλῷ</strong></span> <span class='ocrx_word' id='word_1_657' title='bbox 2476 3524 2678 3596; x_wconf 81' lang='grc' dir='ltr'><strong>μᾶλλον</strong></span> <span class='ocrx_word' id='word_1_658' title='bbox 2719 3525 2812 3578; x_wconf 74' lang='grc' dir='ltr'><strong>ἐπὶ</strong></span> <span class='ocrx_word' id='word_1_659' title='bbox 2849 3525 2959 3579; x_wconf 85' lang='grc' dir='ltr'><strong>τῶν</strong></span> <span class='ocrx_word' id='word_1_660' title='bbox 2997 3525 3335 3579; x_wconf 87' lang='grc' dir='ltr'><strong>διδασκάλων</strong></span> <span class='ocrx_word' id='word_1_661' title='bbox 3370 3530 3466 3579; x_wconf 81' lang='lat' dir='ltr'><strong><em>xal</em></strong></span> 
     </span>
    </p>
   </div>
   <div class='ocr_carea' id='block_1_89' title="bbox 1890 3606 3466 3678">
    <p class='ocr_par' dir='ltr' id='par_1_89' title="bbox 1890 3606 3466 3678">
     <span class='ocr_line' id='line_1_89' title="bbox 1890 3606 3466 3678; baseline 0 -17"><span class='ocrx_word' id='word_1_662' title='bbox 1890 3607 2142 3678; x_wconf 86' lang='grc' dir='ltr'><strong>πατέρων</strong></span> <span class='ocrx_word' id='word_1_663' title='bbox 2158 3608 2250 3660; x_wconf 76' lang='grc' dir='ltr'><strong>καὶ</strong></span> <span class='ocrx_word' id='word_1_664' title='bbox 2271 3608 2368 3660; x_wconf 83' lang='grc' dir='ltr'><strong>τοῦ</strong></span> <span class='ocrx_word' id='word_1_665' title='bbox 2397 3606 2578 3662; x_wconf 81' lang='grc' dir='ltr'><strong>κοινοῦ</strong></span> <span class='ocrx_word' id='word_1_666' title='bbox 2602 3607 2702 3677; x_wconf 83' lang='grc' dir='ltr'><strong>τῆς</strong></span> <span class='ocrx_word' id='word_1_667' title='bbox 2731 3606 3026 3675; x_wconf 88' lang='grc' dir='ltr'><strong>ἐκκλησίας</strong></span> <span class='ocrx_word' id='word_1_668' title='bbox 3053 3606 3331 3672; x_wconf 87' lang='grc' dir='ltr'><strong>συλλόγου.</strong></span> <span class='ocrx_word' id='word_1_669' title='bbox 3359 3609 3466 3661; x_wconf 90' lang='lat' dir='ltr'><strong>Kal</strong></span> 
     </span>
    </p>
   </div>
   <div class='ocr_carea' id='block_1_90' title="bbox 1888 3688 3466 3760">
    <p class='ocr_par' dir='ltr' id='par_1_90' title="bbox 1888 3688 3466 3760">
     <span class='ocr_line' id='line_1_90' title="bbox 1888 3688 3466 3760; baseline 0 -18"><span class='ocrx_word' id='word_1_670' title='bbox 1888 3691 1936 3742; x_wconf 83' lang='grc' dir='ltr'><strong>εί</strong></span> <span class='ocrx_word' id='word_1_671' title='bbox 1967 3689 2104 3760; x_wconf 84' lang='grc' dir='ltr'><strong>μηδὲ</strong></span> <span class='ocrx_word' id='word_1_672' title='bbox 2134 3688 2482 3758; x_wconf 82' lang='grc' dir='ltr'><strong>φθέγξονται,</strong></span> <span class='ocrx_word' id='word_1_673' title='bbox 2537 3691 2693 3760; x_wconf 77' lang='grc' dir='ltr'><strong>φησὶ,</strong></span> <span class='ocrx_word' id='word_1_674' title='bbox 2744 3689 2880 3760; x_wconf 83' lang='grc' dir='ltr'><strong>μηδὲ</strong></span> <span class='ocrx_word' id='word_1_675' title='bbox 2918 3690 3275 3759; x_wconf 85' lang='grc' dir='ltr'><strong>ἐρωτήσουσι,</strong></span> <span class='ocrx_word' id='word_1_676' title='bbox 3323 3689 3466 3754; x_wconf 88' lang='grc' dir='ltr'><strong>τίνος</strong></span> 
     </span>
    </p>
   </div>
   <div class='ocr_carea' id='block_1_91' title="bbox 1888 3770 3466 3842">
    <p class='ocr_par' dir='ltr' id='par_1_91' title="bbox 1888 3770 3466 3842">
     <span class='ocr_line' id='line_1_91' title="bbox 1888 3770 3466 3842; baseline 0.001 -18"><span class='ocrx_word' id='word_1_677' title='bbox 1888 3772 2074 3825; x_wconf 72' lang='grc' dir='ltr'><strong>ἕνεκεν</strong></span> <span class='ocrx_word' id='word_1_678' title='bbox 2102 3772 2198 3824; x_wconf 72' lang='grc' dir='ltr'><strong>καὶ</strong></span> <span class='ocrx_word' id='word_1_679' title='bbox 2219 3772 2581 3841; x_wconf 85' lang='grc' dir='ltr'><strong>παρέσονται;</strong></span> <span class='ocrx_word' id='word_1_680' title='bbox 2609 3773 2726 3824; x_wconf 82' lang='grc' dir='ltr'><strong>Ἵνα</strong></span> <span class='ocrx_word' id='word_1_681' title='bbox 2760 3771 3001 3824; x_wconf 85' lang='grc' dir='ltr'><strong>ἀκούωσι</strong></span> <span class='ocrx_word' id='word_1_682' title='bbox 3043 3772 3142 3840; x_wconf 83' lang='grc' dir='ltr'><strong>μὲν</strong></span> <span class='ocrx_word' id='word_1_683' title='bbox 3171 3770 3207 3824; x_wconf 78' lang='grc' dir='ltr'><strong>ἃ.</strong></span> <span class='ocrx_word' id='word_1_684' title='bbox 3245 3773 3372 3842; x_wconf 83' lang='grc' dir='ltr'><strong>χρὴ,</strong></span> <span class='ocrx_word' id='word_1_685' title='bbox 3399 3773 3466 3825; x_wconf 84' lang='grc' dir='ltr'><strong>τά</strong></span> 
     </span>
    </p>
   </div>
   <div class='ocr_carea' id='block_1_92' title="bbox 1890 3852 3463 3924">
    <p class='ocr_par' dir='ltr' id='par_1_92' title="bbox 1890 3852 3463 3924">
     <span class='ocr_line' id='line_1_92' title="bbox 1890 3852 3463 3924; baseline -0.001 -17"><span class='ocrx_word' id='word_1_686' title='bbox 1890 3853 1947 3907; x_wconf 88' lang='grc' dir='ltr'><strong>δέ</strong></span> <span class='ocrx_word' id='word_1_687' title='bbox 1976 3852 2426 3924; x_wconf 84' lang='grc' dir='ltr'><strong>ἀμφιϐαλλόμενα</strong></span> <span class='ocrx_word' id='word_1_688' title='bbox 2462 3853 2612 3922; x_wconf 80' lang='grc' dir='ltr'><strong>παρὰ</strong></span> <span class='ocrx_word' id='word_1_689' title='bbox 2639 3853 2748 3906; x_wconf 83' lang='grc' dir='ltr'><strong>τῶν</strong></span> <span class='ocrx_word' id='word_1_690' title='bbox 2773 3853 2986 3923; x_wconf 81' lang='grc' dir='ltr'><strong>ἀνδρῶν</strong></span> <span class='ocrx_word' id='word_1_691' title='bbox 3017 3854 3158 3906; x_wconf 81' lang='grc' dir='ltr'><strong>οἴκοι</strong></span> <span class='ocrx_word' id='word_1_692' title='bbox 3195 3853 3463 3922; x_wconf 79' lang='grc' dir='ltr'><strong>μανθανέ-</strong></span> 
     </span>
    </p>
   </div>
   <div class='ocr_carea' id='block_1_93' title="bbox 1889 3933 3466 4005">
    <p class='ocr_par' dir='ltr' id='par_1_93' title="bbox 1889 3933 3466 4005">
     <span class='ocr_line' id='line_1_93' title="bbox 1889 3933 3466 4005; baseline 0.001 -19"><span class='ocrx_word' id='word_1_693' title='bbox 1889 3951 2090 3988; x_wconf 90' lang='grc' dir='ltr'><strong>τωσαν.</strong></span> <span class='ocrx_word' id='word_1_694' title='bbox 2129 3937 2220 3988; x_wconf 81' lang='grc' dir='ltr'><strong>Διὸ</strong></span> <span class='ocrx_word' id='word_1_695' title='bbox 2245 3936 2340 3988; x_wconf 77' lang='grc' dir='ltr'><strong>καὶ</strong></span> <span class='ocrx_word' id='word_1_696' title='bbox 2384 3935 2686 4005; x_wconf 87' lang='grc' dir='ltr'><strong>ἐπήγαγεν’</strong></span> <span class='ocrx_word' id='word_1_697' title='bbox 2721 3937 2794 3988; x_wconf 76' lang='lat' dir='ltr'><strong><em>El</em></strong></span> <span class='ocrx_word' id='word_1_698' title='bbox 2831 3933 2897 3987; x_wconf 84' lang='grc' dir='ltr'><strong>δέ</strong></span> <span class='ocrx_word' id='word_1_699' title='bbox 2926 3951 2980 3988; x_wconf 89' lang='grc' dir='ltr'><strong>τι</strong></span> <span class='ocrx_word' id='word_1_700' title='bbox 3023 3935 3235 4002; x_wconf 80' lang='grc' dir='ltr'><strong>μαθεῖν</strong></span> <span class='ocrx_word' id='word_1_701' title='bbox 3258 3937 3466 3988; x_wconf 75' lang='grc' dir='ltr'><strong>θέλου-</strong></span> 
     </span>
    </p>
   </div>
   <div class='ocr_carea' id='block_1_94' title="bbox 1891 4016 3462 4084">
    <p class='ocr_par' dir='ltr' id='par_1_94' title="bbox 1891 4016 3462 4084">
     <span class='ocr_line' id='line_1_94' title="bbox 1891 4016 3462 4084; baseline -0.001 -12"><span class='ocrx_word' id='word_1_702' title='bbox 1891 4033 2014 4082; x_wconf 85' lang='grc' dir='ltr'><strong>σιν,</strong></span> <span class='ocrx_word' id='word_1_703' title='bbox 2040 4019 2110 4071; x_wconf 82' lang='grc' dir='ltr'><strong>ἐν</strong></span> <span class='ocrx_word' id='word_1_704' title='bbox 2155 4019 2298 4083; x_wconf 82' lang='grc' dir='ltr'><strong>οἴκῳ</strong></span> <span class='ocrx_word' id='word_1_705' title='bbox 2333 4017 2477 4083; x_wconf 82' lang='grc' dir='ltr'><strong>τοὺς</strong></span> <span class='ocrx_word' id='word_1_706' title='bbox 2505 4016 2695 4083; x_wconf 74' lang='grc' dir='ltr'><strong>ἰδίους</strong></span> <span class='ocrx_word' id='word_1_707' title='bbox 2728 4016 2952 4084; x_wconf 82' lang='grc' dir='ltr'><strong>ἄνδρας</strong></span> <span class='ocrx_word' id='word_1_708' title='bbox 2979 4016 3462 4084; x_wconf 81' lang='grc' dir='ltr'><strong>ἐπερωτάτωσαν.</strong></span> 
     </span>
    </p>
   </div>
   <div class='ocr_carea' id='block_1_95' title="bbox 1893 4099 3467 4174">
    <p class='ocr_par' dir='ltr' id='par_1_95' title="bbox 1893 4099 3467 4174">
     <span class='ocr_line' id='line_1_95' title="bbox 1893 4099 3467 4174; baseline -0.003 -19"><span class='ocrx_word' id='word_1_709' title='bbox 1893 4102 1967 4155; x_wconf 82' lang='grc' dir='ltr'><strong>Ού</strong></span> <span class='ocrx_word' id='word_1_710' title='bbox 2000 4101 2108 4174; x_wconf 86' lang='grc' dir='ltr'><strong>γὰρ</strong></span> <span class='ocrx_word' id='word_1_711' title='bbox 2137 4101 2202 4173; x_wconf 77' lang='grc' dir='ltr'><strong>δὴ</strong></span> <span class='ocrx_word' id='word_1_712' title='bbox 2257 4100 2416 4173; x_wconf 91' lang='grc' dir='ltr'><strong>μόνον</strong></span> <span class='ocrx_word' id='word_1_713' title='bbox 2466 4099 2648 4153; x_wconf 84' lang='grc' dir='ltr'><strong>λαλεῖν</strong></span> <span class='ocrx_word' id='word_1_714' title='bbox 2680 4100 2872 4163; x_wconf 85' lang='grc' dir='ltr'><strong>αὑταῖς</strong></span> <span class='ocrx_word' id='word_1_715' title='bbox 2898 4100 2999 4152; x_wconf 83' lang='grc' dir='ltr'><strong>οὐκ</strong></span> <span class='ocrx_word' id='word_1_716' title='bbox 3020 4099 3251 4169; x_wconf 83' lang='grc' dir='ltr'><strong>ἐφίεται,</strong></span> <span class='ocrx_word' id='word_1_717' title='bbox 3280 4100 3467 4168; x_wconf 73' lang='grc' dir='ltr'><strong>φησὶν,</strong></span> 
     </span>
    </p>
   </div>
   <div class='ocr_carea' id='block_1_96' title="bbox 1893 4180 3466 4255">
    <p class='ocr_par' dir='ltr' id='par_1_96' title="bbox 1893 4180 3466 4255">
     <span class='ocr_line' id='line_1_96' title="bbox 1893 4180 3466 4255; baseline -0.003 -19"><span class='ocrx_word' id='word_1_718' title='bbox 1893 4183 2102 4248; x_wconf 85' lang='grc' dir='ltr'><strong>ἁπλῶς,</strong></span> <span class='ocrx_word' id='word_1_719' title='bbox 2132 4183 2248 4237; x_wconf 83' lang='grc' dir='ltr'><strong>ἀλλ’</strong></span> <span class='ocrx_word' id='word_1_720' title='bbox 2277 4181 2396 4237; x_wconf 88' lang='grc' dir='ltr'><strong>ούδέ</strong></span> <span class='ocrx_word' id='word_1_721' title='bbox 2419 4183 2630 4255; x_wconf 84' lang='grc' dir='ltr'><strong>ἐρωτᾷν</strong></span> <span class='ocrx_word' id='word_1_722' title='bbox 2663 4199 2718 4234; x_wconf 91' lang='grc' dir='ltr'><strong>τι</strong></span> <span class='ocrx_word' id='word_1_723' title='bbox 2750 4183 2808 4234; x_wconf 88' lang='grc' dir='ltr'><strong>ἐν</strong></span> <span class='ocrx_word' id='word_1_724' title='bbox 2841 4180 3126 4252; x_wconf 80' lang='grc' dir='ltr'><strong>ἐκκλησίᾳ.</strong></span> <span class='ocrx_word' id='word_1_725' title='bbox 3156 4181 3220 4234; x_wconf 81' lang='grc' dir='ltr'><strong>Εἰ</strong></span> <span class='ocrx_word' id='word_1_726' title='bbox 3247 4180 3305 4233; x_wconf 85' lang='grc' dir='ltr'><strong>δέ</strong></span> <span class='ocrx_word' id='word_1_727' title='bbox 3332 4182 3466 4251; x_wconf 87' lang='grc' dir='ltr'><strong>ἐρω-</strong></span> 
     </span>
    </p>
   </div>
   <div class='ocr_carea' id='block_1_97' title="bbox 1891 4262 3464 4339">
    <p class='ocr_par' dir='ltr' id='par_1_97' title="bbox 1891 4262 3464 4339">
     <span class='ocr_line' id='line_1_97' title="bbox 1891 4262 3464 4339; baseline -0.004 -19"><span class='ocrx_word' id='word_1_728' title='bbox 1891 4267 1993 4337; x_wconf 78' lang='grc' dir='ltr'><strong>τᾷν</strong></span> <span class='ocrx_word' id='word_1_729' title='bbox 2024 4267 2084 4319; x_wconf 91' lang='grc' dir='ltr'><strong>ού</strong></span> <span class='ocrx_word' id='word_1_730' title='bbox 2129 4266 2257 4339; x_wconf 84' lang='grc' dir='ltr'><strong>χρὴ,</strong></span> <span class='ocrx_word' id='word_1_731' title='bbox 2296 4264 2478 4336; x_wconf 80' lang='grc' dir='ltr'><strong>πολλῷ</strong></span> <span class='ocrx_word' id='word_1_732' title='bbox 2517 4263 2717 4332; x_wconf 79' lang='grc' dir='ltr'><strong>μᾶλλον</strong></span> <span class='ocrx_word' id='word_1_733' title='bbox 2745 4263 2933 4326; x_wconf 82' lang='grc' dir='ltr'><strong>ἁπλῶς</strong></span> <span class='ocrx_word' id='word_1_734' title='bbox 2959 4263 3145 4318; x_wconf 91' lang='grc' dir='ltr'><strong>λαλεῖν</strong></span> <span class='ocrx_word' id='word_1_735' title='bbox 3186 4262 3247 4315; x_wconf 89' lang='grc' dir='ltr'><strong>ού</strong></span> <span class='ocrx_word' id='word_1_736' title='bbox 3283 4262 3464 4334; x_wconf 87' lang='grc' dir='ltr'><strong>θέμις.</strong></span> 
     </span>
    </p>
   </div>
   <div class='ocr_carea' id='block_1_98' title="bbox 1894 4345 3468 4418">
    <p class='ocr_par' dir='ltr' id='par_1_98' title="bbox 1894 4345 3468 4418">
     <span class='ocr_line' id='line_1_98' title="bbox 1894 4345 3468 4418; baseline -0.004 -15"><span class='ocrx_word' id='word_1_737' title='bbox 1894 4351 2002 4404; x_wconf 89' lang='lat' dir='ltr'><strong>Kal</strong></span> <span class='ocrx_word' id='word_1_738' title='bbox 2027 4349 2079 4402; x_wconf 91' lang='grc' dir='ltr'><strong>τί</strong></span> <span class='ocrx_word' id='word_1_739' title='bbox 2105 4350 2303 4418; x_wconf 87' lang='grc' dir='ltr'><strong>δήποτε</strong></span> <span class='ocrx_word' id='word_1_740' title='bbox 2335 4349 2393 4401; x_wconf 87' lang='grc' dir='ltr'><strong>ἐν</strong></span> <span class='ocrx_word' id='word_1_741' title='bbox 2420 4346 2662 4418; x_wconf 85' lang='grc' dir='ltr'><strong>τοσαύτῃ</strong></span> <span class='ocrx_word' id='word_1_742' title='bbox 2687 4345 3025 4414; x_wconf 87' lang='grc' dir='ltr'><strong>κατέστησεν</strong></span> <span class='ocrx_word' id='word_1_743' title='bbox 3055 4345 3227 4408; x_wconf 77' lang='grc' dir='ltr'><strong>αὐτὰς</strong></span> <span class='ocrx_word' id='word_1_744' title='bbox 3264 4346 3468 4397; x_wconf 90' lang='grc' dir='ltr'><strong>ύποτα-</strong></span> 
     </span>
    </p>
   </div>
   <div class='ocr_carea' id='block_1_99' title="bbox 1894 4426 3468 4505">
    <p class='ocr_par' dir='ltr' id='par_1_99' title="bbox 1894 4426 3468 4505">
     <span class='ocr_line' id='line_1_99' title="bbox 1894 4426 3468 4505; baseline -0.007 -18"><span class='ocrx_word' id='word_1_745' title='bbox 1894 4436 1998 4505; x_wconf 77' lang='grc' dir='ltr'><strong>γῇς</strong></span> <span class='ocrx_word' id='word_1_746' title='bbox 2024 4433 2146 4485; x_wconf 75' lang='grc' dir='ltr'><strong>Ὀτι</strong></span> <span class='ocrx_word' id='word_1_747' title='bbox 2178 4430 2568 4500; x_wconf 89' lang='grc' dir='ltr'><strong>ἀσθενέστερόν</strong></span> <span class='ocrx_word' id='word_1_748' title='bbox 2601 4429 2718 4493; x_wconf 88' lang='grc' dir='ltr'><strong>πώς</strong></span> <span class='ocrx_word' id='word_1_749' title='bbox 2763 4430 2912 4482; x_wconf 86' lang='grc' dir='ltr'><strong>ἐστιν</strong></span> <span class='ocrx_word' id='word_1_750' title='bbox 2944 4432 2976 4499; x_wconf 85' lang='grc' dir='ltr'><strong>ἡ</strong></span> <span class='ocrx_word' id='word_1_751' title='bbox 3020 4427 3156 4497; x_wconf 78' lang='grc' dir='ltr'><strong>γυνὴ</strong></span> <span class='ocrx_word' id='word_1_752' title='bbox 3197 4428 3290 4480; x_wconf 75' lang='grc' dir='ltr'><strong>καὶ</strong></span> <span class='ocrx_word' id='word_1_753' title='bbox 3319 4426 3468 4496; x_wconf 84' lang='grc' dir='ltr'><strong>εὑρί-</strong></span> 
     </span>
    </p>
   </div>
   <div class='ocr_carea' id='block_1_100' title="bbox 1896 4508 3471 4583">
    <p class='ocr_par' dir='ltr' id='par_1_100' title="bbox 1896 4508 3471 4583">
     <span class='ocr_line' id='line_1_100' title="bbox 1896 4508 3471 4583; baseline -0.006 -15"><span class='ocrx_word' id='word_1_754' title='bbox 1896 4531 2087 4568; x_wconf 90' lang='grc' dir='ltr'><strong>πιστον</strong></span> <span class='ocrx_word' id='word_1_755' title='bbox 2115 4515 2211 4568; x_wconf 72' lang='grc' dir='ltr'><strong>καὶ</strong></span> <span class='ocrx_word' id='word_1_756' title='bbox 2245 4513 2468 4583; x_wconf 81' lang='grc' dir='ltr'><strong>κοῦφον.</strong></span> <span class='ocrx_word' id='word_1_757' title='bbox 2503 4511 2603 4565; x_wconf 79' lang='grc' dir='ltr'><strong>Διά</strong></span> <span class='ocrx_word' id='word_1_758' title='bbox 2628 4511 2692 4582; x_wconf 82' lang='grc' dir='ltr'><strong>δὴ</strong></span> <span class='ocrx_word' id='word_1_759' title='bbox 2722 4511 2882 4564; x_wconf 84' lang='grc' dir='ltr'><strong>τοῦτο</strong></span> <span class='ocrx_word' id='word_1_760' title='bbox 2911 4513 3037 4573; x_wconf 82' lang='grc' dir='ltr'><strong>τοὺς</strong></span> <span class='ocrx_word' id='word_1_761' title='bbox 3061 4510 3256 4579; x_wconf 80' lang='grc' dir='ltr'><strong>ἄνδρας</strong></span> <span class='ocrx_word' id='word_1_762' title='bbox 3281 4508 3471 4569; x_wconf 78' lang='grc' dir='ltr'><strong>αὐταῖς</strong></span> 
     </span>
    </p>
   </div>
   <div class='ocr_carea' id='block_1_101' title="bbox 1897 4589 3474 4668">
    <p class='ocr_par' dir='ltr' id='par_1_101' title="bbox 1897 4589 3474 4668">
     <span class='ocr_line' id='line_1_101' title="bbox 1897 4589 3474 4668; baseline -0.006 -17"><span class='ocrx_word' id='word_1_763' title='bbox 1897 4597 2164 4668; x_wconf 86' lang='grc' dir='ltr'><strong>ἐπέστησε</strong></span> <span class='ocrx_word' id='word_1_764' title='bbox 2192 4595 2568 4657; x_wconf 85' lang='grc' dir='ltr'><strong>διδασκάλους,</strong></span> <span class='ocrx_word' id='word_1_765' title='bbox 2596 4594 2938 4664; x_wconf 86' lang='grc' dir='ltr'><strong>ἀμφοτέρους</strong></span> <span class='ocrx_word' id='word_1_766' title='bbox 2965 4591 3210 4660; x_wconf 82' lang='grc' dir='ltr'><strong>ὠφελῶν.</strong></span> <span class='ocrx_word' id='word_1_767' title='bbox 3229 4589 3474 4651; x_wconf 85' lang='grc' dir='ltr'><strong>Ἐκείνας</strong></span> 
     </span>
    </p>
   </div>
   <div class='ocr_carea' id='block_1_102' title="bbox 1897 4673 3473 4753">
    <p class='ocr_par' dir='ltr' id='par_1_102' title="bbox 1897 4673 3473 4753">
     <span class='ocr_line' id='line_1_102' title="bbox 1897 4673 3473 4753; baseline -0.008 -16"><span class='ocrx_word' id='word_1_768' title='bbox 1897 4699 1957 4737; x_wconf 87' lang='grc' dir='ltr'><strong>τε</strong></span> <span class='ocrx_word' id='word_1_769' title='bbox 1985 4682 2092 4753; x_wconf 84' lang='grc' dir='ltr'><strong>γὰρ</strong></span> <span class='ocrx_word' id='word_1_770' title='bbox 2124 4681 2361 4752; x_wconf 82' lang='grc' dir='ltr'><strong>κοσμίας</strong></span> <span class='ocrx_word' id='word_1_771' title='bbox 2386 4677 2780 4741; x_wconf 84' lang='grc' dir='ltr'><strong>κατεσκεύασε,</strong></span> <span class='ocrx_word' id='word_1_772' title='bbox 2811 4677 3032 4739; x_wconf 87' lang='grc' dir='ltr'><strong>τούτους</strong></span> <span class='ocrx_word' id='word_1_773' title='bbox 3062 4692 3122 4728; x_wconf 88' lang='grc' dir='ltr'><strong>τε</strong></span> <span class='ocrx_word' id='word_1_774' title='bbox 3148 4673 3473 4741; x_wconf 87' lang='grc' dir='ltr'><strong>ἐναγωνίους</strong></span> 
     </span>
    </p>
   </div>
   <div class='ocr_carea' id='block_1_103' title="bbox 1899 4755 3470 4836">
    <p class='ocr_par' dir='ltr' id='par_1_103' title="bbox 1899 4755 3470 4836">
     <span class='ocr_line' id='line_1_103' title="bbox 1899 4755 3470 4836; baseline -0.009 -15"><span class='ocrx_word' id='word_1_775' title='bbox 1899 4766 2176 4836; x_wconf 84' lang='grc' dir='ltr'><strong>ἐποίησεν,</strong></span> <span class='ocrx_word' id='word_1_776' title='bbox 2208 4765 2304 4818; x_wconf 80' lang='grc' dir='ltr'><strong>ἆτε</strong></span> <span class='ocrx_word' id='word_1_777' title='bbox 2347 4763 2640 4832; x_wconf 85' lang='grc' dir='ltr'><strong>μέλλοντας</strong></span> <span class='ocrx_word' id='word_1_778' title='bbox 2673 4760 2809 4830; x_wconf 85' lang='grc' dir='ltr'><strong>μετά</strong></span> <span class='ocrx_word' id='word_1_779' title='bbox 2833 4758 3032 4828; x_wconf 86' lang='grc' dir='ltr'><strong>πολλῆς</strong></span> <span class='ocrx_word' id='word_1_780' title='bbox 3060 4757 3162 4826; x_wconf 78' lang='grc' dir='ltr'><strong>τῆς</strong></span> <span class='ocrx_word' id='word_1_781' title='bbox 3188 4755 3470 4836; x_wconf 84' lang='grc' dir='ltr'><strong>ἀκριϐείας</strong></span> 
     </span>
    </p>
   </div>
   <div class='ocr_carea' id='block_1_104' title="bbox 1899 4835 3474 4919">
    <p class='ocr_par' dir='ltr' id='par_1_104' title="bbox 1899 4835 3474 4919">
     <span class='ocr_line' id='line_1_104' title="bbox 1899 4835 3474 4919; baseline -0.01 -14"><span class='ocrx_word' id='word_1_782' title='bbox 1899 4835 2051 4919; x_wconf 75' lang='grc' dir='ltr'><strong>άπερ</strong></span> <span class='ocrx_word' id='word_1_783' title='bbox 2064 4849 2305 4918; x_wconf 71' lang='grc' dir='ltr'><strong>ἥκουσαν</strong></span> <span class='ocrx_word' id='word_1_784' title='bbox 2331 4849 2452 4908; x_wconf 89' lang='grc' dir='ltr'><strong>ταῖς</strong></span> <span class='ocrx_word' id='word_1_785' title='bbox 2482 4845 2695 4914; x_wconf 78' lang='grc' dir='ltr'><strong>γυναιξὶ</strong></span> <span class='ocrx_word' id='word_1_786' title='bbox 2727 4840 3290 4913; x_wconf 83' lang='grc' dir='ltr'><strong>παρακατατίθεσθαι.</strong></span> <span class='ocrx_word' id='word_1_787' title='bbox 3341 4835 3474 4891; x_wconf 73' lang='grc' dir='ltr'><strong>Εἶτα</strong></span> 
     </span>
    </p>
   </div>
   <div class='ocr_carea' id='block_1_105' title="bbox 1900 4920 3481 5000">
    <p class='ocr_par' dir='ltr' id='par_1_105' title="bbox 1900 4920 3481 5000">
     <span class='ocr_line' id='line_1_105' title="bbox 1900 4920 3481 5000; baseline -0.006 -16"><span class='ocrx_word' id='word_1_788' title='bbox 1900 4930 2087 5000; x_wconf 83' lang='grc' dir='ltr'><strong>ἐπειδὴ</strong></span> <span class='ocrx_word' id='word_1_789' title='bbox 2148 4927 2590 4991; x_wconf 80' lang='grc' dir='ltr'><strong>καλλωπίζεσθαι</strong></span> <span class='ocrx_word' id='word_1_790' title='bbox 2645 4925 2898 4979; x_wconf 81' lang='grc' dir='ltr'><strong>ἐντεῦθεν</strong></span> <span class='ocrx_word' id='word_1_791' title='bbox 2941 4922 3193 4993; x_wconf 78' lang='grc' dir='ltr'><strong>ἐνόμιζον</strong></span> <span class='ocrx_word' id='word_1_792' title='bbox 3258 4923 3323 4974; x_wconf 87' lang='grc' dir='ltr'><strong>ἐκ</strong></span> <span class='ocrx_word' id='word_1_793' title='bbox 3380 4920 3481 4975; x_wconf 78' lang='grc' dir='ltr'><strong>τοῦ.</strong></span> 
     </span>
    </p>
   </div>
   <div class='ocr_carea' id='block_1_106' title="bbox 1900 5005 3473 5086">
    <p class='ocr_par' dir='ltr' id='par_1_106' title="bbox 1900 5005 3473 5086">
     <span class='ocr_line' id='line_1_106' title="bbox 1900 5005 3473 5086; baseline -0.008 -18"><span class='ocrx_word' id='word_1_794' title='bbox 1900 5013 2235 5086; x_wconf 86' lang='grc' dir='ltr'><strong>φθέγγεσθαι</strong></span> <span class='ocrx_word' id='word_1_795' title='bbox 2259 5010 2519 5082; x_wconf 71' lang='grc' dir='ltr'><strong>δημοσία,</strong></span> <span class='ocrx_word' id='word_1_796' title='bbox 2547 5010 2710 5064; x_wconf 89' lang='grc' dir='ltr'><strong>πάλιν</strong></span> <span class='ocrx_word' id='word_1_797' title='bbox 2749 5010 2828 5071; x_wconf 80' lang='grc' dir='ltr'><strong>εἰς</strong></span> <span class='ocrx_word' id='word_1_798' title='bbox 2856 5007 2917 5060; x_wconf 83' lang='grc' dir='ltr'><strong>τὺ</strong></span> <span class='ocrx_word' id='word_1_799' title='bbox 2945 5005 3190 5059; x_wconf 85' lang='grc' dir='ltr'><strong>ἐναντίον</strong></span> <span class='ocrx_word' id='word_1_800' title='bbox 3219 5005 3473 5076; x_wconf 81' lang='grc' dir='ltr'><strong>περιάγει</strong></span> 
     </span>
    </p>
   </div>
   <div class='ocr_carea' id='block_1_107' title="bbox 1900 5087 3475 5164">
    <p class='ocr_par' dir='ltr' id='par_1_107' title="bbox 1900 5087 3475 5164">
     <span class='ocr_line' id='line_1_107' title="bbox 1900 5087 3475 5164; baseline -0.008 -14"><span class='ocrx_word' id='word_1_801' title='bbox 1900 5097 1992 5150; x_wconf 79' lang='grc' dir='ltr'><strong>τὸν</strong></span> <span class='ocrx_word' id='word_1_802' title='bbox 2031 5096 2209 5164; x_wconf 88' lang='grc' dir='ltr'><strong>λόγον,</strong></span> <span class='ocrx_word' id='word_1_803' title='bbox 2263 5093 2458 5162; x_wconf 87' lang='grc' dir='ltr'><strong>λέγων·</strong></span> <span class='ocrx_word' id='word_1_804' title='bbox 2513 5092 2781 5160; x_wconf 79' lang='grc' dir='ltr'><strong>Αἱσχρὸν</strong></span> <span class='ocrx_word' id='word_1_805' title='bbox 2814 5088 2925 5159; x_wconf 71' lang='grc' dir='ltr'><strong>γάρ</strong></span> <span class='ocrx_word' id='word_1_806' title='bbox 2955 5089 3088 5141; x_wconf 86' lang='grc' dir='ltr'><strong>ἐστι</strong></span> <span class='ocrx_word' id='word_1_807' title='bbox 3140 5087 3377 5157; x_wconf 75' lang='grc' dir='ltr'><strong>γυναικὶ</strong></span> <span class='ocrx_word' id='word_1_808' title='bbox 3409 5087 3475 5138; x_wconf 76' lang='grc' dir='ltr'><strong>ἐν</strong></span> 
     </span>
    </p>
   </div>
   <div class='ocr_carea' id='block_1_108' title="bbox 1898 5169 3475 5246">
    <p class='ocr_par' dir='ltr' id='par_1_108' title="bbox 1898 5169 3475 5246">
     <span class='ocr_line' id='line_1_108' title="bbox 1898 5169 3475 5246; baseline -0.008 -13"><span class='ocrx_word' id='word_1_809' title='bbox 1898 5179 2200 5246; x_wconf 75' lang='grc' dir='ltr'><strong>ἐκκλησία</strong></span> <span class='ocrx_word' id='word_1_810' title='bbox 2227 5175 2464 5231; x_wconf 69' lang='grc' dir='ltr'><strong>λαλεῖν.</strong></span> <span class='ocrx_word' id='word_1_811' title='bbox 2507 5175 2731 5246; x_wconf 88' lang='grc' dir='ltr'><strong>Πρῶτον</strong></span> <span class='ocrx_word' id='word_1_812' title='bbox 2762 5172 2864 5242; x_wconf 82' lang='grc' dir='ltr'><strong>μὲν</strong></span> <span class='ocrx_word' id='word_1_813' title='bbox 2887 5171 2995 5241; x_wconf 80' lang='grc' dir='ltr'><strong>γάρ</strong></span> <span class='ocrx_word' id='word_1_814' title='bbox 3026 5169 3132 5222; x_wconf 76' lang='grc' dir='ltr'><strong>ἀπὸ</strong></span> <span class='ocrx_word' id='word_1_815' title='bbox 3170 5169 3264 5222; x_wconf 80' lang='grc' dir='ltr'><strong>τοῦ</strong></span> <span class='ocrx_word' id='word_1_816' title='bbox 3310 5169 3475 5238; x_wconf 73' lang='grc' dir='ltr'><strong>νόμου</strong></span> 
     </span>
    </p>
   </div>
   <div class='ocr_carea' id='block_1_109' title="bbox 1899 5251 3475 5319">
    <p class='ocr_par' dir='ltr' id='par_1_109' title="bbox 1899 5251 3475 5319">
     <span class='ocr_line' id='line_1_109' title="bbox 1899 5251 3475 5319; baseline -0.007 -5"><span class='ocrx_word' id='word_1_817' title='bbox 1899 5261 2059 5314; x_wconf 76' lang='grc' dir='ltr'><strong>τοῦτο</strong></span> <span class='ocrx_word' id='word_1_818' title='bbox 2090 5259 2463 5314; x_wconf 84' lang='grc' dir='ltr'><strong>κατεσκεύασε</strong></span> <span class='ocrx_word' id='word_1_819' title='bbox 2494 5257 2588 5314; x_wconf 80' lang='grc' dir='ltr'><strong>τοῦ</strong></span> <span class='ocrx_word' id='word_1_820' title='bbox 2615 5255 2773 5319; x_wconf 83' lang='grc' dir='ltr'><strong>Θεοῦ,</strong></span> <span class='ocrx_word' id='word_1_821' title='bbox 2816 5253 3008 5307; x_wconf 76' lang='grc' dir='ltr'><strong>ἔπειτα</strong></span> <span class='ocrx_word' id='word_1_822' title='bbox 3035 5253 3141 5306; x_wconf 81' lang='grc' dir='ltr'><strong>ἀπὸ</strong></span> <span class='ocrx_word' id='word_1_823' title='bbox 3167 5251 3346 5305; x_wconf 81' lang='grc' dir='ltr'><strong>κοινοῦ</strong></span> <span class='ocrx_word' id='word_1_824' title='bbox 3386 5253 3475 5303; x_wconf 87' lang='grc' dir='ltr'><strong>λο-</strong></span> 
     </span>
    </p>
   </div>
   <div class='ocr_carea' id='block_1_110' title="bbox 1901 5336 3479 5413">
    <p class='ocr_par' dir='ltr' id='par_1_110' title="bbox 1901 5336 3479 5413">
     <span class='ocr_line' id='line_1_110' title="bbox 1901 5336 3479 5413; baseline -0.008 -16"><span class='ocrx_word' id='word_1_825' title='bbox 1901 5343 2101 5413; x_wconf 78' lang='grc' dir='ltr'><strong>γισμοῦ</strong></span> <span class='ocrx_word' id='word_1_826' title='bbox 2147 5343 2242 5396; x_wconf 71' lang='grc' dir='ltr'><strong>καὶ</strong></span> <span class='ocrx_word' id='word_1_827' title='bbox 2295 5345 2394 5411; x_wconf 86' lang='grc' dir='ltr'><strong>τῆς</strong></span> <span class='ocrx_word' id='word_1_828' title='bbox 2443 5339 2752 5410; x_wconf 87' lang='grc' dir='ltr'><strong>συνηθείας,</strong></span> <span class='ocrx_word' id='word_1_829' title='bbox 2796 5337 2982 5407; x_wconf 82' lang='grc' dir='ltr'><strong>ὥσπερ</strong></span> <span class='ocrx_word' id='word_1_830' title='bbox 3017 5337 3129 5398; x_wconf 77' lang='grc' dir='ltr'><strong>καὶ,</strong></span> <span class='ocrx_word' id='word_1_831' title='bbox 3161 5336 3320 5406; x_wconf 74' lang='grc' dir='ltr'><strong>ἡνίκα</strong></span> <span class='ocrx_word' id='word_1_832' title='bbox 3349 5336 3479 5404; x_wconf 74' lang='grc' dir='ltr'><strong>περὶ</strong></span> 
     </span>
    </p>
   </div>
   <div class='ocr_carea' id='block_1_111' title="bbox 1907 5416 3474 5498">
    <p class='ocr_par' dir='ltr' id='par_1_111' title="bbox 1907 5416 3474 5498">
     <span class='ocr_line' id='line_1_111' title="bbox 1907 5416 3474 5498; baseline -0.007 -19"><span class='ocrx_word' id='word_1_833' title='bbox 1907 5427 2083 5498; x_wconf 89' lang='grc' dir='ltr'><strong>κόμης</strong></span> <span class='ocrx_word' id='word_1_834' title='bbox 2128 5426 2319 5486; x_wconf 75' lang='grc' dir='ltr'><strong>αὐταῖς</strong></span> <span class='ocrx_word' id='word_1_835' title='bbox 2365 5423 2655 5490; x_wconf 89' lang='grc' dir='ltr'><strong>διελέγετο,</strong></span> <span class='ocrx_word' id='word_1_836' title='bbox 2702 5420 2905 5486; x_wconf 82' lang='grc' dir='ltr'><strong>ἕλεγεν’</strong></span> <span class='ocrx_word' id='word_1_837' title='bbox 2940 5420 3017 5474; x_wconf 69' lang='lat' dir='ltr'><strong>“Il</strong></span> <span class='ocrx_word' id='word_1_838' title='bbox 3058 5417 3199 5471; x_wconf 79' lang='grc' dir='ltr'><strong>οὐδὲ</strong></span> <span class='ocrx_word' id='word_1_839' title='bbox 3238 5416 3389 5482; x_wconf 70' lang='grc' dir='ltr'><strong>αὐτὴ</strong></span> <span class='ocrx_word' id='word_1_840' title='bbox 3432 5417 3474 5498; x_wconf 68' lang='lat'><em>1)</em></span> 
     </span>
    </p>
   </div>
   <div class='ocr_carea' id='block_1_112' title="bbox 1904 5497 3474 5579">
    <p class='ocr_par' dir='ltr' id='par_1_112' title="bbox 1904 5497 3474 5579">
     <span class='ocr_line' id='line_1_112' title="bbox 1904 5497 3474 5579; baseline -0.011 -14"><span class='ocrx_word' id='word_1_841' title='bbox 1904 5497 2089 5579; x_wconf 70' lang='grc' dir='ltr'><strong>φύσις</strong></span> <span class='ocrx_word' id='word_1_842' title='bbox 2121 5507 2273 5577; x_wconf 83' lang='grc' dir='ltr'><strong>ὑμᾶς</strong></span> <span class='ocrx_word' id='word_1_843' title='bbox 2299 5505 2606 5569; x_wconf 80' lang='grc' dir='ltr'><strong>ὃιδάσκει;</strong></span> <span class='ocrx_word' id='word_1_844' title='bbox 2657 5503 2767 5558; x_wconf 75' lang='lat' dir='ltr'><strong>Kal</strong></span> <span class='ocrx_word' id='word_1_845' title='bbox 2799 5501 3076 5571; x_wconf 88' lang='grc' dir='ltr'><strong>πανταχοῦ</strong></span> <span class='ocrx_word' id='word_1_846' title='bbox 3114 5501 3352 5554; x_wconf 78' lang='grc' dir='ltr'><strong>τοιοῦτον</strong></span> <span class='ocrx_word' id='word_1_847' title='bbox 3385 5497 3474 5549; x_wconf 81' lang='grc' dir='ltr'><strong>εὖ·</strong></span> 
     </span>
    </p>
   </div>
   <div class='ocr_carea' id='block_1_113' title="bbox 1909 5579 3474 5662">
    <p class='ocr_par' dir='ltr' id='par_1_113' title="bbox 1909 5579 3474 5662">
     <span class='ocr_line' id='line_1_113' title="bbox 1909 5579 3474 5662; baseline -0.011 -17"><span class='ocrx_word' id='word_1_848' title='bbox 1909 5609 2020 5662; x_wconf 88' lang='grc' dir='ltr'><strong>ροις</strong></span> <span class='ocrx_word' id='word_1_849' title='bbox 2049 5591 2114 5644; x_wconf 82' lang='grc' dir='ltr'>ἂν</span> <span class='ocrx_word' id='word_1_850' title='bbox 2149 5589 2317 5643; x_wconf 77' lang='grc' dir='ltr'><strong>αὐτοῦ</strong></span> <span class='ocrx_word' id='word_1_851' title='bbox 2344 5589 2434 5641; x_wconf 83' lang='grc' dir='ltr'><strong>τὸν</strong></span> <span class='ocrx_word' id='word_1_852' title='bbox 2481 5588 2677 5658; x_wconf 90' lang='grc' dir='ltr'><strong>τρόπον</strong></span> <span class='ocrx_word' id='word_1_853' title='bbox 2724 5585 2872 5648; x_wconf 77' lang='grc' dir='ltr'><strong>ὄντα,</strong></span> <span class='ocrx_word' id='word_1_854' title='bbox 2903 5585 3002 5636; x_wconf 82' lang='grc' dir='ltr'><strong>οὐκ</strong></span> <span class='ocrx_word' id='word_1_855' title='bbox 3043 5583 3151 5635; x_wconf 82' lang='grc' dir='ltr'><strong>ἀπὸ</strong></span> <span class='ocrx_word' id='word_1_856' title='bbox 3182 5581 3286 5633; x_wconf 88' lang='grc' dir='ltr'><strong>τῶν</strong></span> <span class='ocrx_word' id='word_1_857' title='bbox 3317 5579 3474 5662; x_wconf 79' lang='grc' dir='ltr'><strong>θείων</strong></span> 
     </span>
    </p>
   </div>
   <div class='ocr_carea' id='block_1_114' title="bbox 1905 5659 3470 5744">
    <p class='ocr_par' dir='ltr' id='par_1_114' title="bbox 1905 5659 3470 5744">
     <span class='ocr_line' id='line_1_114' title="bbox 1905 5659 3470 5744; baseline -0.01 -18"><span class='ocrx_word' id='word_1_858' title='bbox 1905 5659 2134 5744; x_wconf 69' lang='grc' dir='ltr'><strong>ί¹ραφῶν</strong></span> <span class='ocrx_word' id='word_1_859' title='bbox 2183 5671 2367 5742; x_wconf 90' lang='grc' dir='ltr'><strong>μόνον,</strong></span> <span class='ocrx_word' id='word_1_860' title='bbox 2415 5669 2549 5722; x_wconf 84' lang='grc' dir='ltr'><strong>ἀλλά</strong></span> <span class='ocrx_word' id='word_1_861' title='bbox 2586 5670 2678 5721; x_wconf 75' lang='grc' dir='ltr'><strong>καὶ</strong></span> <span class='ocrx_word' id='word_1_862' title='bbox 2711 5667 2819 5720; x_wconf 75' lang='grc' dir='ltr'><strong>ἀπὸ</strong></span> <span class='ocrx_word' id='word_1_863' title='bbox 2847 5665 2945 5734; x_wconf 86' lang='grc' dir='ltr'><strong>τῆς</strong></span> <span class='ocrx_word' id='word_1_864' title='bbox 2975 5665 3155 5727; x_wconf 79' lang='grc' dir='ltr'><strong>κοινῆς</strong></span> <span class='ocrx_word' id='word_1_865' title='bbox 3182 5659 3470 5744; x_wconf 78' lang='grc' dir='ltr'><strong>συνηθείας</strong></span> 
     </span>
    </p>
   </div>
   <div class='ocr_carea' id='block_1_115' title="bbox 1906 5742 3471 5824">
    <p class='ocr_par' dir='ltr' id='par_1_115' title="bbox 1906 5742 3471 5824">
     <span class='ocr_line' id='line_1_115' title="bbox 1906 5742 3471 5824; baseline -0.011 -14"><span class='ocrx_word' id='word_1_866' title='bbox 1906 5742 2250 5824; x_wconf 79' lang='grc' dir='ltr'><strong>ἐντρέποντα.</strong></span> <span class='ocrx_word' id='word_1_867' title='bbox 2296 5753 2438 5822; x_wconf 75' lang='grc' dir='ltr'><strong>Πρὸς</strong></span> <span class='ocrx_word' id='word_1_868' title='bbox 2480 5751 2684 5815; x_wconf 81' lang='grc' dir='ltr'><strong>τούτοις</strong></span> <span class='ocrx_word' id='word_1_869' title='bbox 2713 5751 2768 5804; x_wconf 80' lang='grc' dir='ltr'><strong>δὲ</strong></span> <span class='ocrx_word' id='word_1_870' title='bbox 2805 5749 2896 5801; x_wconf 75' lang='grc' dir='ltr'><strong>καὶ</strong></span> <span class='ocrx_word' id='word_1_871' title='bbox 2944 5747 3049 5799; x_wconf 75' lang='grc' dir='ltr'><strong>ἀπὸ</strong></span> <span class='ocrx_word' id='word_1_872' title='bbox 3079 5746 3184 5800; x_wconf 83' lang='grc' dir='ltr'><strong>τῶν</strong></span> <span class='ocrx_word' id='word_1_873' title='bbox 3221 5745 3354 5797; x_wconf 81' lang='grc' dir='ltr'><strong>πᾶσι</strong></span> <span class='ocrx_word' id='word_1_874' title='bbox 3382 5742 3471 5796; x_wconf 86' lang='grc' dir='ltr'><strong>δο-</strong></span> 
     </span>
    </p>
   </div>
  </div>
