3998 6422
196 404 302 463 διτ

198 516 249 568 in
284 528 383 567 usu
405 552 422 579 ,
456 509 721 582 pudorem
750 508 937 567 incutit
966 526 979 561 :
1010 509 1149 577 quod
1180 508 1265 563 hic
1287 522 1502 578 quoque
1524 506 1743 561 adhibet
1769 546 1783 569 ,

195 606 421 661 dicens:
451 603 543 659 56.
580 603 655 657 An
703 620 734 657 a
767 603 902 657 vobis
951 602 1148 657 verbum
1176 599 1274 654 Dei
1304 602 1543 671 processit
1574 637 1591 663 ,
1619 608 1709 652 aut
1735 599 1788 652 in

194 712 282 750 ros
307 697 445 749 solos
471 695 696 761 pervenit
719 694 744 746 .’
775 692 985 752 Etenim
1012 699 1238 747 cazteras
1278 689 1500 745 adduxit
1522 689 1789 745 Ecclesias

195 786 338 841 hanc
377 786 547 857 legem
572 795 853 840 servantes
877 826 892 850 ,
921 792 975 839 et
1004 799 1033 837 a
1064 784 1299 839 novitate
1320 782 1604 837 tumultum
1632 795 1786 836 rese-

192 895 349 944 cans,
375 889 430 935 et
453 878 741 934 multorum
780 877 984 931 calculo
1013 886 1218 947 gratam
1265 885 1321 931 et
1361 883 1635 944 acceptam
1666 872 1790 929 red-

192 972 334 1026 dens
376 971 697 1024 orationem.
736 969 1098 1036 Quamobrem
1127 968 1251 1022 alibi
1285 982 1495 1039 quoque
1531 967 1743 1021 diccbat
1772 986 1785 1022 :

193 1063 301 1130 Qui
330 1063 471 1117 vobis
492 1062 544 1115 in
576 1061 869 1115 memoriam
890 1063 1138 1115 revocavit
1166 1061 1272 1114 vias
1300 1076 1436 1114 meas
1462 1060 1514 1112 in
1541 1058 1743 1112 Christo
1771 1099 1787 1124 ,

192 1157 327 1211 sicut
360 1154 543 1225 ubique
568 1156 620 1208 in
651 1154 880 1210 omnibus
907 1153 1148 1209 Ecclesiis
1170 1153 1324 1207 doceo
1347 1154 1421 1222 (l.
1440 1151 1559 1207 Cor.
1588 1152 1642 1207 4.
1675 1152 1788 1219 17);

192 1257 253 1302 et.
284 1261 477 1301 rursus
500 1286 517 1312 ,
548 1244 669 1299 Non
698 1255 772 1300 est
801 1246 932 1299 enim
961 1244 1103 1299 Deus
1128 1244 1476 1307 dissensionis,
1508 1244 1597 1298 sed
1627 1244 1788 1314 pacis,

191 1338 329 1393 sicut
353 1338 471 1391 etin
495 1338 725 1391 omnibus
746 1336 988 1391 Ecclesiis
1006 1346 1295 1392 sanctorum
1315 1333 1476 1407 (Ibid.
1496 1336 1584 1390 14.
1600 1336 1717 1405 55);
1737 1345 1794 1389 et

192 1428 285 1482 hic
317 1446 330 1480 :
363 1429 445 1481 An
476 1446 505 1480 a
535 1429 673 1481 vobis
706 1428 906 1482 verbum
930 1427 1029 1482 Dei
1060 1430 1335 1498 processit,
1366 1438 1456 1481 aut
1483 1427 1550 1481 ad
1576 1443 1663 1482 vos
1702 1444 1790 1481 so-

190 1522 275 1575 los
315 1521 593 1591 pervenit?
622 1521 735 1576 lloc
774 1529 857 1575 est
881 1564 896 1588 ,
928 1536 1102 1591 neque
1130 1536 1225 1575 vos
1257 1521 1412 1591 primi
1439 1560 1453 1585 ,
1485 1535 1658 1588 neque
1688 1518 1788 1573 soli

194 1614 390 1668 ﬁdeles
414 1655 428 1678 ,
460 1613 551 1667 sed
583 1623 725 1668 totus
751 1613 898 1669 orbis
930 1622 1106 1669 terra}.
1136 1613 1288 1682 Quod
1312 1613 1471 1668 etiam
1505 1612 1574 1667 ad
1600 1612 1789 1666 Colos-

194 1719 391 1759 senses
432 1704 710 1770 scribens,
765 1705 1012 1771 dicebat,
1044 1705 1190 1759 Sicut
1220 1705 1490 1774 {ructi/icut
1529 1714 1574 1757 et
1617 1704 1793 1758 crescit

195 1800 249 1851 in
286 1807 393 1850 toto
426 1797 615 1851 mundo
660 1796 877 1867 (Coloss.
912 1798 962 1851 1.
994 1796 1083 1869 6),
1122 1796 1348 1866 loquens
1393 1796 1459 1851 de
1488 1796 1785 1866 evangelio.

198 1890 253 1945 ld
282 1902 466 1945 autem
501 1889 628 1943 facit
657 1891 816 1944 etiam
850 1889 1085 1945 aliterad
1114 1887 1550 1943 exhortationem
1586 1889 1792 1943 audito-

195 1998 318 2037 rum
342 2024 359 2048 ,
415 1993 470 2034 ut
514 1980 728 2047 quando
755 1980 923 2046 dicit,
956 1994 1143 2035 eorum
1181 1995 1303 2035 esse
1342 1980 1510 2049 prima
1533 2020 1548 2046 ,
1591 1989 1642 2034 et
1676 1995 1794 2033 ma-

195 2076 398 2130 nifesta
438 2075 705 2127 omnibus.
731 2071 863 2131 Nam
908 2073 974 2128 ad
1020 2073 1526 2128 Thessalonicenses
1556 2072 1794 2126 scribens

194 2167 456 2222 dicebat:
490 2166 535 2219 A
570 2164 706 2219 vobis
732 2167 865 2220 enim
891 2167 1115 2220 resanuit
1140 2181 1305 2220 sermo
1334 2164 1451 2229 Dei,
1484 2173 1530 2217 et
1563 2165 1615 2219 in
1657 2166 1794 2219 onmi

196 2258 314 2312 loco
339 2257 470 2327 ﬁdes
492 2266 656 2314 vestra
681 2257 749 2309 ad
778 2255 944 2310 Deum
974 2257 1095 2310 exiit
1128 2254 1175 2327 (l
1213 2254 1395 2309 Thess.
1441 2256 1491 2309 1.
1526 2254 1620 2325 8);
1649 2264 1701 2309 et
1727 2254 1793 2309 ad

198 2350 482 2404 Romanos
527 2362 711 2403 rursus
759 2347 1004 2402 scribens
1033 2364 1044 2398 :
1076 2346 1237 2401 Fides
1265 2356 1430 2400 vestra
1460 2347 1795 2400 annuntiatur

197 2444 251 2497 in
284 2453 389 2497 toto
428 2443 617 2495 nmndo
640 2439 817 2510 (Rom.
863 2441 916 2494 1.
946 2440 1024 2510 8).
1056 2440 1229 2494 Ambo
1271 2439 1414 2493 enim
1442 2437 1715 2492 sufﬁciunt
1741 2446 1795 2492 et

202 2534 269 2588 ad
304 2530 697 2588 exhortandum
724 2539 778 2586 et
806 2529 1184 2596 excitandum,
1218 2528 1422 2583 laudari
1450 2529 1517 2582 ab
1557 2528 1678 2582 aliis
1700 2570 1713 2593 ,
1741 2536 1796 2583 et

198 2626 338 2680 alios
382 2622 582 2678 habere
626 2622 803 2677 socios
850 2622 1152 2677 sententiae.
1184 2621 1249 2675 Et
1295 2620 1417 2675 ideo
1463 2620 1548 2673 hic
1582 2634 1794 2689 quoque

199 2716 336 2771 dicit
365 2731 379 2767 :
415 2714 495 2767 An
520 2730 550 2766 a
580 2712 717 2766 vobis
743 2728 905 2768 sermo
932 2711 1028 2767 Dei
1049 2712 1309 2781 processit,
1334 2719 1421 2763 aut
1444 2711 1513 2764 ad
1541 2726 1625 2765 vos
1658 2710 1795 2765 solos

202 2807 473 2878 pervenit?
501 2806 685 2876 Neque
711 2805 876 2873 enim,
908 2806 1099 2875 inquit,
1132 2805 1233 2860 hoc
1262 2804 1540 2876 potueritis
1566 2804 1750 2859 dicere
1777 2823 1792 2862 :

200 2904 315 2959 Nos
338 2901 541 2957 fuimus
567 2901 819 2955 doctores
859 2899 1085 2955 aliorum
1111 2940 1125 2963 ,
1154 2908 1208 2953 ct
1238 2912 1346 2953 non
1376 2913 1586 2967 aequum
1616 2909 1699 2952 est
1739 2905 1796 2951 ut

201 2997 271 3052 ab
298 2995 421 3049 aliis
446 2993 718 3048 discamus
742 3009 756 3058 ;
786 3006 992 3062 neque,
1016 2990 1176 3046 Fides
1202 2990 1291 3045 hic
1316 2990 1492 3046 solum
1521 2993 1671 3045 stetit
1696 3031 1709 3056 ,
1740 2998 1794 3044 ct

204 3103 313 3141 non
357 3095 572 3157 oportet
616 3084 685 3139 ab
726 3085 846 3139 aliis
888 3083 1132 3154 exempla
1180 3098 1416 3138 sumere.
1468 3083 1655 3136 Viden’
1700 3098 1795 3150 per

203 3194 366 3254 quam
396 3177 559 3231 multa
599 3177 677 3230 eis
707 3176 966 3245 pudorem
1016 3175 1281 3231 incussit?
1332 3175 1504 3245 legem
1532 3173 1792 3240 adduxit,

202 3270 282 3323 rei
313 3268 549 3330 ostendit
578 3266 961 3339 turpitudinem
988 3308 1002 3332 ,
1036 3276 1258 3321 caateras
1294 3266 1565 3321 Ecclesias
1597 3267 1649 3320 in
1678 3282 1793 3321 IIIC-

202 3360 294 3416 dio
324 3362 521 3430 posuit.

273 3453 331 3506 2.
376 3452 614 3519 Deinde,
660 3451 803 3522 quod
832 3461 915 3506 est
956 3453 1194 3506 omnium
1243 3452 1590 3506 fortissimum
1618 3494 1632 3515 ,
1667 3454 1795 3507 ulti-

200 3560 350 3605 mum
378 3544 531 3614 ponit
556 3542 741 3601 dicens
770 3561 786 3599 :
818 3543 960 3598 Deus
997 3542 1111 3597 lucc
1140 3542 1300 3599 etiam
1348 3559 1490 3599 nunc
1516 3544 1669 3613 jubet
1696 3561 1790 3614 per

200 3652 310 3692 me.
346 3638 438 3690 57.
470 3635 533 3691 Si
563 3636 673 3709 quis
708 3634 850 3689 enim
892 3634 1089 3688 videtur
1114 3635 1364 3704 propheta
1396 3652 1499 3690 esse
1527 3645 1612 3688 aut
1639 3636 1793 3705 spiri-

202 3726 359 3783 tualis
382 3768 398 3794 ,
432 3736 701 3795 cognoscat
723 3743 837 3793 qua:
870 3726 1036 3780 scribo
1077 3727 1213 3781 vobis
1238 3768 1252 3793 ,
1285 3728 1404 3797 quia
1443 3726 1653 3781 Domini
1680 3737 1795 3781 sunt

202 3823 473 3881 mandata.
503 3821 595 3877 '58.
628 3822 690 3876 Si
732 3822 841 3892 quis
867 3832 1035 3877 autem
1068 3825 1300 3893 ignorat,
1333 3824 1546 3894 ignoret.
1590 3825 1656 3879 Et
1698 3840 1796 3879 cur

199 3916 307 3970 hoc
336 3914 654 3984 subjunxit?
684 3913 988 3971 Ostendens
1014 3930 1073 3970 se
1102 3932 1276 3986 neque
1305 3917 1413 3971 vim
1440 3916 1664 3983 aﬁ‘erre,
1695 3934 1795 3973 nec

198 4008 535 4064 contendere
560 4026 573 4061 :
603 4008 747 4078 quod
777 4008 993 4078 quidem
1020 4019 1103 4064 est
1123 4010 1332 4079 signum
1359 4026 1464 4065 non
1493 4026 1679 4067 eorum
1704 4014 1793 4082 qui

197 4114 299 4155 sua
350 4100 536 4153 volunt
575 4100 906 4154 constituere
930 4140 946 4166 ,
979 4100 1076 4155 sed
1107 4115 1294 4156 eorum
1336 4103 1426 4173 qui
1467 4113 1711 4172 spectant
1740 4106 1792 4160 id

197 4189 347 4259 quod
387 4198 473 4243 est
508 4189 628 4244 aliis
658 4189 806 4244 utile.
850 4189 1212 4257 Quamobrem
1242 4192 1374 4247 dicit
1404 4194 1570 4249 etiam
1616 4196 1743 4250 alibi
1776 4215 1788 4250 :

198 4281 264 4336 Si
288 4282 405 4351 quis
432 4289 598 4334 autent
637 4290 709 4335 est
746 4283 1088 4337 contentiosus
1108 4324 1122 4348 ,
1154 4300 1246 4339 nos
1274 4284 1423 4339 talem
1466 4287 1793 4341 consuetudi-

196 4390 317 4426 nem
350 4387 455 4424 non
477 4372 719 4427 habemus
770 4374 848 4444 (l.
891 4373 1010 4429 Cor.
1056 4376 1143 4430 11.
1197 4376 1311 4448 16).
1347 4378 1417 4432 At
1462 4393 1568 4433 non
1599 4379 1795 4451 ubique

196 4462 310 4517 hoc
340 4461 496 4525 facit,
531 4462 625 4517 sed
657 4462 746 4518 ubi
771 4480 876 4518 non
907 4466 978 4519 ita
1010 4480 1200 4533 magna
1226 4466 1579 4523 admittuntur
1607 4484 1792 4539 pecca-

194 4562 249 4606 ta
275 4595 293 4619 ,
325 4562 382 4607 et
427 4560 557 4609 tunc
595 4554 771 4627 potius
803 4555 1006 4625 pudore
1034 4555 1291 4612 afficiens.
1324 4557 1456 4612 Nam
1488 4559 1700 4628 quando
1728 4560 1794 4615 de

197 4643 326 4700 aliis
352 4643 622 4714 loquitur,
654 4660 760 4703 non
788 4646 866 4700 sic
892 4646 1050 4714 dicit,
1080 4647 1174 4703 sed
1204 4648 1507 4718 quomodo?
1537 4648 1621 4703 Ne
1659 4667 1791 4703 erre-

199 4738 267 4791 tis
298 4753 322 4792 :
371 4753 532 4805 neque
580 4740 953 4810 fornicatores,
1000 4756 1159 4809 neque
1208 4740 1386 4794 molles
1439 4758 1651 4812 regnum
1695 4741 1794 4797 Dei

195 4829 532 4897 possidebunt
558 4828 740 4903 (Ibid.
775 4832 826 4885 6.
856 4830 962 4901 9);
996 4840 1051 4887 et
1087 4847 1275 4887 rursus
1303 4850 1316 4886 :
1349 4832 1482 4887 Ecce
1533 4852 1624 4906 ego
1658 4834 1794 4888 Pau-

197 4921 283 4975 lus
308 4920 427 4975 dico
455 4922 592 4976 vobis
616 4964 630 4989 ,
660 4922 797 4991 quod
825 4924 870 4977 si
894 4924 1329 4979 circumcidamini
1355 4964 1371 4992 ,
1397 4924 1629 4980 Christus
1656 4928 1791 4982 vobis

200 5011 341 5066 nihil
366 5013 595 5082 proderit
625 5012 765 5084 (Gal.
794 5013 848 5068 5.
879 5013 957 5085 2).
989 5014 1086 5070 llic
1124 5026 1304 5071 autem
1332 5017 1587 5087 quoniam
1616 5017 1683 5073 de
1714 5020 1791 5073 si-

197 5106 374 5161 lentio
398 5105 657 5175 agebatur
681 5147 698 5174 ,
728 5122 834 5162 non
863 5107 1150 5163 admodum
1181 5109 1529 5166 vehementer
1557 5111 1791 5166 insecta-

198 5210 313 5265 tur,
345 5199 447 5253 hoc
473 5199 588 5268 ipso
610 5214 704 5255 eos
727 5200 897 5270 magis
921 5201 1218 5258 attrahens.
1251 5202 1454 5259 Deinde
1479 5204 1621 5275 quod
1648 5219 1792 5260 sem-

202 5306 304 5361 per
348 5290 484 5344 solet
525 5289 737 5358 facere,
783 5291 848 5347 ad
884 5293 1032 5363 prius
1076 5304 1452 5365 argumentum
1478 5337 1492 5361 ,
1540 5296 1682 5352 unde
1724 5298 1791 5352 ad

199 5384 320 5437 tunc
365 5381 592 5437 dicenda
637 5383 912 5454 digressus
957 5393 1080 5451 est,
1128 5388 1415 5441 revertitur
1441 5386 1625 5443 dicens
1654 5406 1667 5442 :
1697 5389 1787 5443 59.

201 5471 420 5543 Itaque,
455 5476 637 5545 fratres
665 5476 795 5542 mei,
823 5476 1135 5530 azmulamini
1179 5478 1497 5547 praphetiam
1520 5518 1536 5545 ,
1565 5489 1612 5531 et
1653 5480 1790 5547 loqui

202 5565 392 5636 linguis
438 5566 594 5619 nolite
624 5567 906 5637 prohibere.
944 5568 1040 5623 Est
1080 5570 1224 5624 enim
1257 5584 1374 5625 nios
1417 5571 1534 5640 ejus
1564 5586 1669 5626 non
1702 5586 1787 5626 so-

202 5660 315 5714 lum
360 5674 521 5731 agere
567 5659 620 5714 id
646 5701 662 5727 ,
696 5659 841 5730 quod
871 5670 954 5715 est
1000 5662 1332 5732 propositum
1354 5704 1371 5729 ,
1405 5662 1500 5718 sed
1533 5664 1692 5718 etiam
1721 5679 1786 5717 ex

205 5740 295 5807 illo
326 5750 378 5805 id
412 5750 552 5821 quod
584 5752 1094 5823 quomodocumque
1122 5753 1172 5808 ei
1202 5754 1413 5809 videtur
1442 5753 1785 5823 conjunctqu

204 5845 476 5915 corrigere
501 5884 515 5910 ,
544 5851 599 5899 ct
643 5858 833 5899 rursus
857 5843 1034 5900 redire
1084 5844 1148 5899 ad
1193 5846 1564 5916 propositum,
1600 5862 1666 5901 ne
1709 5847 1782 5899 vi-

1127 396 1192 453 IN
1233 394 1449 452 EPIST.
1494 395 1513 449 l
1578 393 1670 449 AD
1709 392 1869 448 COR.
1913 391 2142 449 IlOMIL.
2187 394 2453 451 XXXVII.

3387 409 3492 464 5l8

1899 503 2089 559 deatur
2112 506 2363 563 excidere
2408 508 2478 562 ab
2502 522 2840 581 argumento.
2897 513 3107 571 Etenim
3157 521 3372 589 quando
3411 524 3490 578 lo-

1897 597 2164 667 quebatur
2201 599 2269 654 de
2294 602 2582 656 concordia
2612 604 2664 656 in
2694 606 2926 672 mensis;
2953 623 3075 663 cum
3102 609 3375 680 digressus
3396 630 3489 671 es.

1894 698 1977 743 set
1999 688 2065 742 ad
2090 692 2529 748 communionem
2556 695 2609 748 in
2637 698 2929 766 mysteriis,
2953 709 3008 754 et
3023 716 3118 757 eos
3140 702 3261 757 inde
3282 708 3489 776 pudore

1892 780 2177 849 affecisset,
2199 783 2267 838 ad
2293 785 2473 854 priora
2505 802 2689 842 rursus
2710 791 3018 860 revertitur,
3047 793 3267 851 dicens:
3295 798 3489 865 Quam-

1894 872 2064 928 obrem
2131 878 2477 931 convenientes
2538 878 2606 932 ad
2669 882 3030 938 comedendum
3055 928 3069 951 ,
3127 903 3213 943 vos
3278 891 3488 947 invicem

1894 976 2181 1034 exspectate
2205 968 2281 1039 (1.
2315 967 2433 1023 Cor.
2470 971 2558 1024 l-l.
2585 970 2699 1041 33).
2730 972 2805 1027 lta
2840 976 2926 1030 hic
2950 993 3164 1048 quoque
3184 1022 3199 1047 ,
3224 998 3345 1037 cum
3378 986 3487 1040 dis-

1895 1059 2151 1114 seruisset
2198 1061 2267 1115 de
2310 1061 2499 1117 ordine
2543 1063 2882 1121 observando
2926 1070 2978 1123 in
3012 1069 3198 1141 donis,
3244 1084 3297 1130 et
3342 1078 3485 1147 quod

1895 1164 2069 1218 neque
2118 1166 2352 1209 moerere
2382 1152 2525 1209 afﬁci
2558 1164 2808 1225 oporteat
2856 1160 2907 1213 in
2943 1162 3239 1221 minoribus
3263 1209 3278 1234 ,
3312 1183 3488 1240 neque

1896 1248 2103 1297 tumere
2131 1252 2351 1314 propter
2378 1246 2601 1317 majora,
2633 1256 2687 1303 et
2716 1249 2909 1306 deinde
2937 1253 3212 1325 digressus
3244 1272 3389 1316 esset
3417 1263 3487 1318 ad

1896 1334 2213 1389 modestiam
2244 1337 2562 1393 mulieribus
2591 1343 3002 1399 convenientem
3024 1388 3040 1413 ,
3072 1356 3126 1402 et
3151 1364 3269 1404 eam
3298 1354 3488 1408 conﬁr-

1896 1437 2117 1492 masset,
2152 1428 2290 1482 redit
2315 1429 2379 1483 ad
2408 1432 2739 1501 propositum
2762 1475 2776 1499 ,
2809 1452 2997 1491 rursus
3023 1438 3245 1496 dicens:
3281 1441 3486 1514 Itaque,

1896 1521 2080 1587 fratres
2110 1520 2240 1582 mei,
2290 1522 2604 1576 annulamini
2646 1527 2998 1596 prophetiam,
3031 1540 3077 1584 et
3119 1532 3258 1603 loqui
3301 1535 3488 1607 linguis

1896 1611 2052 1665 nolite
2081 1613 2365 1681 prohibere.
2416 1614 2659 1670 Vidistin’
2690 1621 2964 1689 quomodo
3010 1623 3075 1677 ad
3122 1624 3283 1681 ﬁnem
3317 1643 3490 1699 usque

1896 1705 2189 1757 servaverit
2216 1704 2590 1774 diﬁ‘ercntiam,
2620 1720 2673 1763 et
2711 1713 2983 1780 quomodo
3018 1715 3247 1771 alterum
3272 1721 3487 1789 quidem

1895 1796 2143 1850 ostendat
2188 1798 2340 1853 valde
2394 1805 2797 1871 necessarium,
2848 1808 3078 1863 alterum
3137 1823 3316 1867 autem
3382 1832 3488 1871 non

1896 1889 2066 1944 item?
2092 1890 2450 1959 Quamobrem
2481 1894 2548 1950 de
2577 1896 2666 1949 illo
2686 1898 2901 1968 quidem
2930 1902 3081 1969 dicit,
3104 1882 3449 1962 [Emulumiui
3472 1925 3492 1973 ;

1897 1980 1963 2036 de
1986 1982 2086 2037 hoc
2112 1992 2313 2051 autem,
2346 1985 2524 2041 Nolite
2566 1989 2850 2057 prohibere.
2885 1994 3089 2052 Deinde
3136 2007 3406 2069 tamquam
3439 2002 3491 2057 in

1897 2090 2109 2129 summo
2134 2077 2312 2132 omnia
2345 2081 2621 2150 corrigens
2642 2124 2659 2151 ,
2687 2084 2963 2157 subjungit
3000 2087 3187 2145 dicens
3212 2109 3227 2146 :
3256 2092 3346 2147 40.
3376 2092 3497 2148 0m-

1898 2165 1984 2219 nia
2012 2177 2179 2221 autem
2206 2169 2416 2225 honeste
2451 2182 2498 2225 et
2527 2175 2803 2229 secundum
2849 2178 3079 2233 ordinem
3110 2182 3277 2250 fiant;
3305 2201 3493 2241 rursus

1899 2254 2019 2311 illos
2045 2266 2269 2330 tangens
2299 2262 2389 2331 qui
2417 2262 2602 2318 volunt
2629 2275 2828 2322 temere
2849 2282 2910 2323 se
2936 2270 3189 2327 indecore
3209 2288 3418 2343 gerere,
3441 2288 3495 2332 et

1902 2346 2129 2403 insaniae
2174 2350 2275 2404 sibi
2326 2361 2507 2408 notam
2542 2355 2753 2411 inurere
2777 2398 2793 2423 ,
2834 2372 2933 2414 nec
2962 2373 3344 2432 congruentem
3394 2369 3493 2424 sibi

1899 2448 2115 2492 servant
2156 2440 2422 2495 ordinem.

1974 2528 2112 2583 Ordo
2137 2542 2300 2586 rectus
2330 2550 2525 2605 semper
2567 2538 2863 2594 servandus.
2904 2542 3145 2599 Avaritia:
3176 2549 3398 2604 morbus.
3422 2582 3489 2594 --

1898 2619 2041 2676 Nihil
2070 2623 2212 2677 enim
2236 2640 2388 2695 teque
2413 2628 2642 2683 aediﬁcat
2673 2639 2729 2685 ut
2756 2630 2890 2687 ordo
2921 2644 3130 2703 rectus,
3162 2647 3221 2693 ut
3263 2656 3364 2709 pax
3388 2685 3402 2707 ,
3436 2655 3494 2700 ut

1898 2713 2094 2768 caritas
2116 2757 2132 2781 ,
2165 2716 2305 2770 sicut
2333 2719 2494 2773 etiam
2525 2723 2795 2777 contraria
2822 2723 3147 2781 dissolvunt.
3171 2728 3288 2785 Non
3319 2733 3492 2789 solum

1899 2815 2077 2861 autem
2110 2808 2162 2861 in
2188 2810 2574 2878 spiritualibus,
2610 2813 2704 2869 sed
2726 2816 2885 2870 etiam
2912 2817 2964 2871 in
2986 2819 3105 2873 aliis
3127 2823 3372 2879 omnibus
3395 2824 3496 2882 hoc

1898 2897 2115 2953 videris.
2144 2899 2278 2954 Nam
2306 2903 2418 2958 sive
2446 2903 2500 2958 in
2539 2904 2707 2960 choro
2727 2948 2741 2972 ,
2766 2907 2878 2963 sive
2918 2909 2971 2963 in
3017 2912 3257 2982 navigio,
3305 2917 3417 2971 sive
3442 2920 3495 2972 in

1898 3004 2079 3056 curru,
2113 2990 2227 3047 sive
2260 2995 2311 3047 in
2345 2996 2537 3051 castris
2568 2997 2813 3053 ordinem
2842 3001 3162 3069 confundas,
3194 3016 3247 3060 ct
3276 3009 3495 3078 majori-

1900 3078 1998 3135 bus
2021 3095 2121 3135 suo
2146 3083 2266 3138 loco
2293 3084 2482 3154 ejectis
2526 3086 2578 3141 in
2610 3087 2824 3145 illorum
2862 3092 3108 3149 ordiuern
3157 3098 3363 3153 minora
3412 3103 3492 3156 in-

1898 3170 2140 3241 duxeris,
2184 3177 2362 3230 omnia
2393 3182 2697 3249 corrumpis
2719 3223 2733 3245 ,
2780 3190 2835 3237 et
2870 3185 2949 3239 sic
2978 3188 3157 3241 omnia
3204 3204 3296 3245 sus
3324 3192 3497 3263 deque

1898 3272 2200 3323 vertuntur.
2247 3267 2432 3338 Neque
2480 3286 2578 3325 nos
2605 3287 2733 3343 ergo
2762 3275 3005 3331 ordinem
3053 3294 3494 3355 corrumpamus,

1900 3372 2074 3427 neque
2102 3368 2265 3430 caput
2300 3361 2436 3416 infra
2485 3374 2823 3431 statuamus,
2877 3384 3050 3437 neque
3096 3372 3263 3440 pedes
3314 3392 3495 3446 supra.

1902 3449 2013 3504 lloc
2043 3467 2206 3521 porro
2240 3453 2330 3521 ﬁt,
2377 3456 2592 3523 quando
2618 3466 2817 3512 rectam
2863 3460 3078 3529 quidem
3124 3464 3385 3520 rationem
3420 3469 3498 3522 in-

1903 3542 2053 3598 ferne
2108 3545 2504 3614 dejeccrimus,
2563 3552 3027 3619 concupiscentias
3074 3564 3287 3624 autem,
3340 3561 3491 3629 iram,

1902 3636 2407 3691 exeandcsceutiam
2459 3648 2514 3694 et
2567 3641 2893 3709 voluptatem
2949 3643 3139 3698 rationi
3197 3651 3493 3715 prarl'ecct'i-

1903 3742 2020 3781 mus
2052 3745 2064 3780 :
2099 3730 2239 3783 unde
2272 3745 2496 3799 magnus
2527 3734 2738 3787 exsistit
2760 3733 2973 3802 fluctus,
3002 3739 3187 3806 ingens
3214 3742 3493 3808 perturba-

1901 3816 1976 3870 tio
1997 3857 2012 3882 ,
2045 3826 2101 3872 et
2130 3819 2461 3875 intoleranda
2497 3832 2786 3892 tempestas
2807 3865 2822 3890 ,
2862 3840 2984 3878 cum
3016 3829 3197 3883 omnia
3229 3844 3494 3901 occupent

1901 3908 2155 3963 tenebras.
2189 3909 2257 3962 Et
2285 3911 2328 3963 si
2356 3911 2455 3974 vis,
2481 3913 2709 3980 primum
2731 3916 3067 3970 excutiamus
3084 3934 3202 3973 eam
3227 3938 3346 3989 quae
3371 3923 3494 3980 hinc

1899 4000 2080 4053 evenit
2110 4000 2492 4070 turpitudinem
2511 4043 2526 4067 ,
2563 4013 2853 4073 posteaque
2880 4005 3135 4063 damnum
3166 4008 3293 4067 hinc
3316 4029 3491 4069 cmer-

1898 4106 2053 4161 gens.
2076 4091 2357 4157 Quomodo
2389 4108 2517 4163 ergo
2554 4093 2656 4148 hoc
2692 4096 2847 4150 nobis
2878 4107 3061 4152 notum
3087 4101 3187 4154 erit
3225 4111 3283 4157 et
3322 4108 3495 4160 mani-

1900 4184 2137 4239 festum?
2177 4184 2524 4240 Adducamus
2572 4186 2624 4239 in
2671 4186 2906 4241 medium
2949 4187 3220 4246 hominem
3252 4195 3328 4249 sic
3367 4197 3499 4252 affe-

1899 4283 2065 4343 ctum,
2095 4286 2310 4346 captum
2337 4291 2522 4332 amore
2544 4279 2861 4344 meretricis,
2886 4288 2940 4335 ct
2958 4283 3044 4351 qui
3069 4284 3184 4353 ejus
3212 4285 3499 4345 inhonesto

1899 4375 2148 4422 teneatur
2176 4368 2478 4435 desiderio;
2528 4379 2581 4424 et
2610 4379 2735 4425 tunc
2765 4371 3065 4428 videbimus
3095 4393 3255 4446 quam
3299 4378 3399 4435 hoc
3426 4384 3497 4439 sit

1899 4459 2202 4513 ridiculum.
2226 4458 2362 4526 Quid
2393 4460 2535 4515 enim
2561 4462 2871 4531 possitesse
2900 4464 2987 4518 illo
3018 4469 3240 4536 turpius,
3272 4472 3360 4540 qui
3390 4482 3496 4527 stat

1897 4550 1965 4605 ad
1997 4553 2137 4606 fores
2167 4550 2361 4606 domus
2400 4554 2739 4620 meretriciae,
2768 4564 2820 4609 et
2863 4556 3105 4624 pulsatur
3127 4574 3154 4611 a
3184 4565 3492 4629 meretrice,

1898 4641 2096 4713 ﬂetque
2123 4650 2179 4698 et
2204 4643 2390 4713 ejulat,
2436 4646 2739 4716 probroque
2768 4646 2932 4702 afﬁcit
2962 4664 3112 4703 suam
3141 4652 3495 4709 existimatio-

1899 4736 2068 4789 nem?
2104 4734 2159 4791 Si
2191 4736 2272 4791 vis
2312 4744 2491 4791 autem
2531 4738 2692 4793 etiam
2724 4739 2906 4795 videre
2943 4740 3229 4810 damnum,
3274 4747 3497 4802 veniant

1901 4826 1992 4881 tibi
2022 4827 2073 4881 in
2102 4835 2338 4883 mentem
2372 4837 2621 4899 sumptus
2657 4832 2928 4898 pecunia,
2971 4831 3037 4886 de
3067 4837 3327 4891 extremis
3357 4840 3486 4907 peri-

1897 4918 2038 4985 cula,
2069 4918 2267 4973 bellum
2300 4919 2441 4990 quod
2481 4922 2685 4991 geritur
2710 4921 2969 4977 adversus
2990 4924 3187 4980 rivales
3213 4935 3269 4980 et
3295 4929 3493 4985 adver-

1896 5013 2069 5066 sarios
2094 5022 2396 5077 amatores,
2428 5013 2647 5068 vulnera
2677 5023 2733 5068 et
2758 5014 2925 5085 plaga:
2953 5031 3071 5085 qua:
3100 5017 3413 5088 inﬂiguntur
3443 5022 3494 5076 in

1898 5104 2202 5173 hujusmodi
2226 5104 2361 5158 acie.
2387 5103 2547 5160 Tales
2572 5114 2698 5159 sunt
2717 5114 2772 5160 et
2813 5106 2882 5172 ii,
2911 5121 3045 5176 quos
3076 5113 3318 5178 pecuniae
3350 5122 3491 5169 tenet

1897 5197 2199 5267 cupiditas;
2228 5200 2337 5251 imo
2362 5212 2493 5252 vero
2523 5198 2729 5268 turpius
2754 5207 2809 5253 et
2838 5201 3007 5270 magis
3040 5201 3293 5259 indecore
3316 5221 3374 5261 se
3400 5223 3493 5277 ge-

1896 5298 2039 5343 runt.
2070 5288 2203 5343 Nam
2236 5289 2313 5343 illi
2352 5289 2566 5359 quidem
2606 5290 2659 5344 in
2691 5305 2797 5344 uno
2826 5306 3053 5361 corpore
3079 5304 3203 5349 sunt
3246 5300 3491 5368 occupati

1895 5391 1951 5437 et
1978 5382 2033 5435 in
2054 5395 2119 5437 eo
2140 5396 2296 5436 suum
2324 5389 2529 5451 ponunt
2555 5381 2789 5436 studium
2817 5391 2871 5437 et
2896 5398 3113 5453 operam
3145 5403 3156 5438 :
3182 5388 3330 5442 avari
3361 5404 3490 5444 vero

1893 5475 1961 5531 de
1991 5474 2230 5528 omnium
2253 5472 2594 5528 facultatibus
2629 5483 2755 5528 sunt
2779 5475 3026 5529 similiter
3055 5477 3270 5533 solliciti
3302 5488 3357 5534 et
3387 5496 3483 5535 cu-

1894 5567 2046 5633 riosi,
2076 5574 2129 5621 et
2160 5580 2453 5635 pauperum
2476 5573 2531 5620 et
2555 5564 2801 5631 divitum,
2826 5577 2880 5620 et
2904 5566 2992 5620 illa
3018 5578 3201 5622 amant
3230 5585 3349 5638 qua:
3376 5586 3482 5625 non

1893 5670 2019 5714 sunt
2052 5658 2232 5730 :quod
2264 5668 2347 5714 est
2371 5657 2601 5712 maxime
2624 5673 2834 5728 Signum
2869 5658 3130 5729 improbae
3156 5659 3481 5728 cupiditatis.

1892 5753 2006 5831 Non
2036 5752 2220 5807 dicunt
2248 5752 2413 5817 enim,
2448 5751 2647 5806 Vellem
2686 5750 2885 5807 habere
2922 5750 3083 5820 hujus
3109 5761 3199 5805 aut
3228 5751 3370 5808 illius
3401 5755 3481 5809 fa-

1896 5846 2141 5912 cultates,
2174 5851 2263 5900 aut
2286 5844 2385 5899 has
2411 5843 2493 5900 vel
2525 5843 2643 5899 illas
2672 5842 2846 5899 solum
2874 5860 2887 5909 ;
2932 5842 3027 5897 sed
3068 5852 3120 5897 et
3150 5852 3361 5899 montes
3389 5860 3481 5902 vo-
