3998 6454
478 430 583 488 319

479 547 596 600 luat
621 558 744 600 esse
765 555 978 610 aurum,
1002 549 1059 596 et
1082 539 1270 594 domos
1297 544 1352 591 et
1389 545 1746 604 quwcumque
1791 531 2061 595 videntur,

479 645 534 690 et
557 633 626 690 ad
645 633 872 689 alterum
903 645 964 687 se
1001 626 1333 685 transferunt
1375 623 1665 684 mundum;
1698 631 1752 676 et
1781 621 1896 676 haec
1940 637 2064 692 per-

482 738 640 798 petuo
671 727 962 797 patiuntur,
1011 736 1183 792 neque
1221 732 1445 789 usquam
1493 717 1652 771 tinem
1683 713 1884 770 faciunt
1925 712 2069 768 desi-

479 817 725 875 derandi.
743 816 875 884 Quis
906 812 1082 870 verbis
1109 812 1308 882 poterit
1331 808 1602 879 explicare
1627 805 1839 860 illarum
1871 801 2068 859 fluctus

477 909 883 983 cogitationum,
929 911 1330 976 tempestatem,
1379 896 1706 969 caliginem?
1753 894 1843 951 ubi
1887 903 2065 949 autem

478 1013 604 1059 sunt
635 1011 713 1057 tot
755 1000 948 1055 fluctus
989 1007 1044 1053 et
1076 1005 1223 1052 tanta
1254 1002 1576 1064 tempestas,
1620 1004 1865 1061 quamam
1910 988 2068 1044 fuerit

478 1093 771 1164 voluptas?
801 1091 976 1156 Nulla,
1005 1088 1100 1144 sed
1134 1085 1395 1142 tumultus
1420 1093 1472 1138 et
1502 1082 1657 1138 dolor
1681 1089 1737 1138 et
1764 1080 2067 1151 caliginosa:

479 1188 695 1244 nebula:
721 1199 823 1257 pro
849 1184 1002 1254 aquis
1044 1181 1278 1236 ferentes
1309 1178 1532 1232 multam
1581 1175 1746 1232 animi
1793 1173 2067 1245 aegritudi-

477 1293 650 1337 nem:
699 1276 842 1348 quod
886 1276 1048 1331 etiam
1090 1272 1230 1327 solet
1275 1271 1522 1326 accidere
1575 1264 1639 1324 iis
1691 1269 1780 1338 qui
1834 1268 2066 1323 alienam

475 1379 662 1428 amant
705 1366 1175 1438 pulchritudinem.
1223 1363 1514 1434 Propterea
1565 1361 1656 1432 qnl
1713 1361 1857 1415 nullo
1908 1361 2068 1416 modo

479 1472 693 1529 amant,
743 1462 799 1518 in
845 1458 1037 1529 majori
1075 1467 1200 1513 sunt
1245 1457 1522 1526 voluptate
1547 1467 1706 1524 quam
1757 1453 2066 1522 hujnsmodi

481 1566 772 1611 amatores.
803 1549 910 1607 Sed
935 1549 1002 1605 ad
1033 1549 1136 1605 hoc
1177 1547 1392 1618 quidem
1444 1561 1602 1601 nemo
1637 1545 2020 1600 contradixerit
2049 1560 2065 1601 :

480 1659 582 1718 ego
607 1655 788 1700 autem
815 1657 941 1699 eum
970 1642 1131 1696 etiam
1155 1639 1245 1710 qui
1271 1649 1414 1693 amat
1439 1637 1676 1706 quidem,
1706 1635 1952 1705 reprimit
1975 1650 2069 1689 au-

481 1746 590 1794 tem
615 1736 914 1802 libidinem,
945 1734 1136 1804 majori
1162 1733 1390 1788 dixerim
1413 1727 1553 1784 afﬁci
1585 1729 1879 1798 voluptate,
1908 1743 2066 1798 quam

477 1844 603 1884 eum
623 1828 714 1899 qui
733 1827 950 1884 assidue
973 1825 1168 1881 fruitur
1198 1821 1506 1879 meretrice.
1537 1817 1672 1875 Nam
1713 1817 1925 1895 etiamsi
1950 1818 2068 1889 ejus

480 1923 874 1980 demonstratio
905 1922 976 1978 sit
1003 1918 1301 1983 difficilior,
1348 1929 1573 1972 necesse
1620 1925 1796 1968 tamen
1839 1923 1917 1968 est
1967 1913 2068 1968 hoc

480 2013 739 2069 audacter
765 2010 1101 2082 probandum
1129 2006 1428 2075 suscipere.
1472 2003 1569 2060 Est
1595 2004 1738 2058 enim
1775 2002 2065 2070 diflicilior,

480 2121 586 2161 non
610 2122 675 2160 ex
703 2105 780 2160 rei
803 2113 1012 2171 natura,
1037 2101 1134 2158 sed
1160 2115 1226 2156 ex
1247 2114 1336 2168 eo,
1359 2096 1506 2170 quod
1533 2094 1804 2152 auditores
1829 2093 1930 2150 hac
1952 2094 2069 2166 phi-

481 2198 724 2267 losophia
755 2210 860 2251 non
887 2196 996 2251 sint
1019 2191 1189 2266 digni.

553 2292 606 2345 5.
634 2287 773 2358 Quid
793 2297 878 2343 est
905 2281 1071 2353 enim,
1097 2285 1185 2340 dic
1210 2297 1415 2355 quzeso,
1447 2280 1645 2336 amanti
1668 2277 1979 2349 jucundius,
2001 2277 2070 2334 ab

479 2380 651 2434 amica
668 2377 891 2447 despici,
918 2390 988 2430 an
1013 2375 1264 2430 honorari
1286 2382 1342 2430 et
1369 2371 1515 2428 illam
1541 2369 1860 2440 despicere?
1887 2364 2068 2422 Palam

480 2481 566 2527 est
595 2471 697 2526 hoc
726 2483 848 2526 esse
892 2467 1204 2538 jucundius.
1235 2465 1406 2532 Quem
1449 2478 1577 2534 ergo
1601 2504 1617 2530 ,
1667 2476 1868 2533 quaaso,
1903 2459 2071 2531 magis

481 2561 764 2617 honorabit
792 2560 1044 2615 meretrix
1069 2598 1086 2626 ,
1112 2571 1310 2613 eumne
1338 2555 1429 2626 qui
1461 2553 1560 2625 ipsi
1593 2552 1781 2618 servit,
1817 2562 1871 2606 et
1901 2550 2072 2606 factus

481 2664 565 2711 est
590 2655 708 2724 ejus
735 2651 1081 2722 mancipium,
1108 2662 1179 2702 an
1207 2661 1329 2703 eum
1359 2645 1448 2716 qui
1478 2645 1594 2714 ejus
1624 2642 1895 2713 superavit
1915 2643 2069 2710 retia,

479 2756 532 2802 et
558 2743 775 2801 structis
803 2742 872 2797 ab
895 2756 957 2797 ca
982 2739 1205 2796 calamis
1230 2739 1378 2794 volat
1398 2735 1600 2792 altius?
1628 2733 1722 2789 Est
1749 2732 1916 2789 cuivis
1947 2747 2071 2803 per-

481 2840 721 2910 spicuum
749 2835 891 2906 quod
919 2834 1084 2889 hunc.
1107 2831 1166 2886 In
1195 2844 1488 2902 quemnam
1513 2836 1692 2883 autem
1726 2840 1884 2882 suum
1903 2825 2074 2896 magis

483 2928 723 2984 conferet
747 2924 1005 2989 studium,
1044 2923 1098 2976 in
1127 2935 1322 2977 eumne
1351 2920 1440 2990 qui
1471 2916 1668 2974 cecidit
1689 2958 1704 2981 ,
1736 2931 1804 2971 an
1851 2917 1903 2970 in
1948 2929 2072 2970 eum

484 3021 577 3091 qui
607 3017 890 3074 nondum?
935 3017 990 3070 ln
1022 3029 1144 3070 eum
1189 3013 1350 3083 plane
1388 3009 1481 3080 qui
1511 3008 1769 3064 nondum.
1798 3007 1928 3076 Quis
1971 3007 2075 3064 erit

485 3119 664 3165 autem
692 3103 1127 3170 desiderabilior,
1174 3103 1291 3157 isne
1319 3099 1410 3171 qui
1457 3107 1541 3154 est
1565 3097 1877 3164 confectus,
1909 3110 1976 3151 an
2029 3097 2074 3153 is

485 3199 576 3270 qui
622 3196 858 3252 nondum
886 3203 970 3250 est
996 3193 1227 3262 captus?
1249 3189 1299 3246 ls
1323 3190 1414 3261 qui
1460 3187 1698 3243 nondum
1740 3196 1826 3243 est
1865 3197 2072 3256 captus.

485 3291 543 3346 Si
593 3299 772 3344 autem
825 3302 936 3342 non
993 3283 1253 3350 creditis,
1306 3297 1337 3336 a
1394 3281 1556 3336 rebus
1614 3279 1809 3334 vestris
1855 3277 2073 3334 afferam

486 3378 1027 3438 demonstrationem.
1065 3374 1365 3442 Quamnam
1407 3370 1550 3426 enim
1600 3370 1878 3425 mulierem
1905 3370 2077 3440 magis

487 3475 683 3531 amarit
720 3471 1025 3544 quispiam,
1073 3481 1264 3524 eamne
1307 3481 1426 3536 qua:
1472 3463 1632 3520 facile
1680 3463 1983 3518 succumbit
2022 3471 2077 3518 et

490 3571 592 3641 ipsi
637 3584 697 3624 se
722 3566 906 3633 dedit,
954 3578 1022 3619 an
1065 3575 1185 3618 eam
1215 3575 1336 3630 qua:
1375 3566 1537 3630 negat
1586 3565 1641 3614 et
1679 3557 1948 3628 negotium
1994 3553 2075 3609 fa-

489 3660 690 3716 cessit?
731 3657 878 3712 Hanc
911 3653 1099 3726 procul
1139 3653 1304 3708 dubio
1337 3667 1350 3705 :
1397 3649 1522 3705 hinc
1568 3648 1712 3704 enim
1760 3647 2073 3703 accenditur

493 3751 666 3823 majus
710 3747 1057 3805 desiderium.
1108 3745 1248 3814 Ergo
1291 3741 1433 3797 idem
1481 3754 1695 3810 quoque
1718 3741 1826 3794 erit
1850 3739 1904 3793 in
1956 3753 2076 3792 mu-

494 3846 659 3906 liere;
703 3849 759 3896 et
797 3854 920 3894 eum
956 3835 1126 3906 magis
1167 3835 1257 3890 illa
1296 3831 1584 3888 honorabit
1623 3838 1680 3886 et
1729 3828 2080 3885 admirabitur

496 3933 588 4004 qui
636 3947 695 3987 se
732 3929 978 3998 despicit.
1022 3924 1078 3982 Si
1133 3938 1223 3979 res
1262 3931 1444 3978 autem
1482 3920 1555 3976 ita
1589 3934 1650 3976 se
1689 3918 1914 3985 habeat,
1948 3917 2080 3975 illud

499 4039 713 4096 quoque
741 4021 914 4093 palam
937 4019 1042 4075 erit
1081 4017 1134 4072 in
1166 4014 1356 4086 majori
1385 4028 1506 4070 esse
1535 4014 1810 4081 voluptate
1839 4025 1960 4067 cum
1992 4009 2081 4080 qui

497 4114 665 4183 magis
693 4112 989 4166 honoratur
1015 4115 1069 4162 et
1097 4105 1353 4176 diligitur.
1397 4103 1530 4158 Nam
1574 4111 1628 4160 et
1655 4103 1763 4158 dux
1807 4102 2082 4158 exercitus

497 4204 684 4259 urbem
706 4201 920 4271 quidem
951 4198 1116 4254 semel
1141 4203 1348 4266 captam
1379 4194 1633 4258 dimittit;
1681 4193 1730 4248 ei
1755 4197 1932 4248 autem
1961 4205 2082 4262 quae

496 4295 702 4350 resistit
729 4301 784 4347 et
811 4289 1092 4346 contendit
1117 4288 1263 4343 enini
1291 4285 1471 4342 studio
1495 4286 1698 4341 assidet
1728 4301 1744 4340 :
1776 4291 1838 4339 et
1859 4293 2084 4340 venator

497 4387 664 4442 feram
691 4383 935 4441 venando
973 4393 1182 4451 captam
1211 4380 1373 4434 habet
1400 4380 1454 4433 in
1504 4379 1737 4434 tenebris
1781 4377 2041 4433 inclusam
2064 4420 2081 4445 ,

496 4475 942 4549 quemadmodum
973 4471 1231 4527 meretrix
1250 4477 1580 4533 amatorem;
1608 4483 1728 4524 eam
1757 4477 1938 4524 autem
1967 4485 2085 4539 qua:

498 4569 648 4639 fugit,
675 4567 1036 4637 persequitur.
1070 4563 1138 4618 At
1165 4563 1275 4628 ille,
1302 4562 1530 4631 inquies,
1561 4562 1754 4617 fruitur
1779 4561 2082 4630 desiderio;

503 4660 591 4715 hic
618 4668 796 4712 autem
823 4672 933 4711 non
977 4655 1190 4709 fruitur.
1222 4655 1304 4707 An
1337 4653 1532 4722 probro
1559 4668 1623 4707 ac
1664 4652 1934 4710 dedecore
1978 4669 2084 4710 non

499 4749 665 4813 affici,
700 4761 875 4817 neque
905 4745 1025 4814 ejus
1051 4743 1346 4815 tyrannieis
1373 4743 1580 4798 servire
1601 4744 1862 4814 imperiis,
1891 4759 1989 4800 nec
2017 4745 2087 4800 ab

501 4856 563 4896 ea
592 4839 714 4894 duci
762 4847 817 4893 et
849 4833 1142 4904 circumagi
1185 4843 1456 4904 tamquam
1500 4835 1822 4905 mancipium
1847 4875 1863 4902 ,
1895 4837 2087 4906 pugnis

503 4940 818 4994 contusum,
851 4935 1170 4996 consputum
1195 4964 1209 4989 ,
1245 4924 1301 4980 in
1329 4925 1501 4995 capite
1532 4926 1814 4996 pulsatum,
1846 4943 2084 4996 parvam,

435 5082 450 5102 τ
504 5023 591 5078 dic
611 5035 793 5091 quaeso
813 5060 829 5084 ,
861 5017 1138 5075 existimas
1171 5031 1292 5072 esse
1318 5018 1682 5087 voluptatem?
1710 5018 1766 5073 Si
1793 5019 1913 5089 quis
1943 5021 2086 5074 enim

508 5116 624 5170 haec
649 5123 897 5169 accurate
920 5111 1254 5177 excusserit,
1285 5119 1344 5165 et
1375 5110 1626 5181 colligere
1656 5111 1886 5180 potuerit
1910 5112 2089 5167 omnia

502 5220 690 5263 eorum
725 5205 939 5274 probra,
974 5201 1332 5258 contumelias
1353 5241 1369 5266 ,
1398 5202 1838 5268 criminationes,
1875 5202 2092 5274 irasque

509 5309 796 5371 perpetuas
825 5313 892 5353 ex
919 5297 1100 5351 ani-mo
1119 5295 1202 5350 vel
1231 5309 1300 5350 ex
1325 5293 1535 5349 deliciis
1559 5306 1724 5360 ortas,
1760 5294 2087 5362 inimicitias,

507 5403 562 5447 et
590 5392 692 5447 alia
712 5389 890 5446 omnia
921 5388 1052 5442 solis
1083 5385 1404 5457 patientibus
1425 5394 1568 5451 nota,
1604 5386 1840 5442 inveniet
1866 5388 2096 5458 quodvis

509 5483 710 5540 bellum
741 5481 920 5552 plures
944 5477 1144 5534 habere
1170 5477 1428 5545 inducias,
1451 5493 1608 5548 quam
1636 5475 1824 5532 borum
1845 5478 2094 5533 miseram

509 5579 695 5633 vitam.
753 5575 1055 5643 Quamnam
1095 5585 1223 5642 ergo
1261 5570 1397 5625 dicis
1419 5610 1433 5635 ,
1489 5582 1692 5639 quaeso,
1726 5570 2096 5640 voluptatem?

511 5685 703 5726 eamne
726 5684 846 5740 quas
873 5665 1084 5737 capitur
1117 5679 1186 5718 ex
1215 5663 1355 5718 coitu
1377 5705 1393 5730 ,
1422 5678 1541 5731 qua:
1564 5673 1647 5717 est
1693 5661 1871 5717 brevis
1897 5673 1955 5718 et
1984 5680 2098 5718 mo-

514 5761 830 5833 mentanea?
857 5757 964 5814 Sed
990 5771 1111 5812 eam
1138 5756 1316 5810 statim
1348 5754 1547 5809 bellum
1577 5754 1778 5824 excipit
1812 5762 1866 5808 et
1907 5755 2098 5810 ﬂuctus

520 5861 574 5906 et
595 5851 771 5907 rabies
793 5858 849 5906 ct
875 5848 1018 5904 idem
1048 5861 1234 5903 rursus
1265 5844 1433 5902 furor.
1463 5844 1525 5901 Et
1562 5844 1677 5901 luce
1701 5844 1914 5914 quidem
1945 5863 1974 5900 a
2002 5861 2100 5902 no-

1174 425 1230 481 S.
1270 419 1546 479 JOANNIS
1581 417 2052 476 CHRYSOSTOMI
2094 416 2410 474 AllClllEP.
2443 418 2974 476 CONSTANTINUP.

3658 423 3759 480 320

2172 531 2254 586 bis
2278 530 2419 586 dicta
2445 542 2599 599 sunt,
2634 534 2858 603 perinde
2897 542 3058 602 atque
3089 533 3132 588 si
3158 531 3279 604 quis
3319 541 3380 589 ea
3406 533 3600 590 dixen’t
3629 537 3756 591 ado-

2180 621 2509 678 lescentibus
2531 624 3010 694 intemperantibus
3035 635 3088 680 et
3113 624 3412 696 impudicis,
3440 627 3528 698 qni
3551 643 3614 683 ea
3641 645 3762 698 qua.

2173 711 2426 769 dicuntur
2455 713 2522 769 de
2546 730 2716 786 regno
2759 724 2815 770 et
2851 715 3094 786 gehenna
3125 731 3232 771 non
3276 715 3502 773 libenter
3533 719 3708 774 ferant
3746 737 3762 776 :

2172 806 2387 877 quando
2417 817 2595 862 autem
2627 805 2744 864 lucc
2775 808 2826 862 in
2861 809 3092 864 medium
3121 809 3525 878 adduxerimus,
3564 827 3633 866 ne
3658 811 3765 868 dict
3815 793 3826 796 ’-

2171 895 2385 967 quidem
2417 907 2592 968 potest
2620 909 2818 970 quanta
2848 899 2918 953 sit
2947 899 3346 954 moderatorum
3376 909 3432 955 et
3461 910 3767 974 temperan-

2175 991 2306 1045 tium
2339 990 2584 1062 voluptas
2609 1008 2624 1057 ;
2655 991 2869 1061 quando
2895 993 3014 1063 quis
3045 1006 3227 1048 secum
3256 1002 3468 1062 reputat
3493 1009 3724 1048 coronas
3747 1037 3765 1063 ,

2175 1083 2390 1152 praemia
2411 1124 2427 1150 ,
2483 1083 2926 1140 consuetudinem
2975 1100 3097 1139 cum
3153 1084 3357 1156 angelis
3379 1126 3395 1149 ,
3429 1084 3482 1140 in
3514 1087 3766 1141 universo

2173 1176 2306 1232 orbe
2337 1186 2494 1232 terrae
2522 1177 2968 1243 celebrationem,
2996 1177 3245 1233 fiduciam
3274 1189 3329 1233 et
3355 1179 3569 1234 dicendi
3599 1180 3766 1235 liber-

2175 1275 2358 1336 tatem,
2389 1283 2513 1340 spes
2543 1269 2663 1325 illas
2694 1268 2860 1325 bonas
2882 1281 2936 1324 et
2968 1270 3322 1325 immortales.
3359 1271 3427 1325 At
3453 1273 3627 1325 coitus
3667 1271 3765 1325 ha-

2176 1360 2264 1416 bet
2301 1362 2662 1433 voluptatem;
2714 1362 2817 1418 hoc
2871 1363 3015 1418 enim
3061 1372 3320 1434 perpetuo
3367 1374 3624 1430 versant;
3670 1365 3766 1434 qui

2172 1470 2302 1510 vero
2332 1464 2639 1526 temperans
2668 1467 2771 1524 est,
2803 1471 2912 1510 non
2937 1465 3110 1526 potest
3138 1454 3353 1510 assidue
3379 1470 3616 1526 pugnare
3640 1471 3766 1511 cum

2175 1549 2456 1620 tyrannide
2504 1557 2731 1604 naturae.
2783 1549 2855 1603 At
2902 1550 3228 1604 contrarium
3275 1548 3545 1603 inveneris
3590 1567 3605 1602 :
3652 1549 3767 1618 ipsa

2171 1639 2316 1694 enim
2343 1641 2422 1694 vis
2443 1649 2496 1694 et
2531 1638 2864 1709 perturbatio
2885 1648 2967 1693 est
2996 1639 3165 1709 magis
3184 1638 3324 1708 apud
3351 1653 3473 1693 eum
3498 1638 3588 1708 qui
3609 1654 3766 1694 scor-

2175 1738 2334 1785 tatur.
2380 1731 2542 1786 Multa
2574 1732 2716 1787 enim
2745 1741 2828 1787 est
2858 1732 2909 1785 in
2941 1747 3168 1801 corpore
3195 1730 3448 1802 agitatio;
3477 1742 3532 1786 et
3571 1734 3768 1802 quovis

2176 1819 2454 1875 ﬂuctuanti
2486 1821 2617 1876 mari
2651 1821 2739 1877 hic
2763 1820 2982 1892 gravius
3009 1819 3262 1887 aflicitur,
3289 1820 3442 1891 cujus
3472 1837 3766 1891 numquam

2173 1911 2382 1966 sistitur
2410 1912 2676 1982 cupiditas
2699 1955 2717 1982 ,
2756 1913 2850 1968 sed
2879 1912 2948 1968 ab
2991 1929 3055 1969 ca
3086 1928 3300 1983 semper
3329 1913 3616 1984 impetitur,
3654 1931 3766 1969 non

2171 2018 2328 2060 secus
2355 2017 2513 2076 atque
2561 2007 2652 2076 qui
2681 2007 3046 2077 corripiuntur
3074 2021 3104 2060 a
3135 2005 3416 2072 daemone,
3463 2014 3517 2060 et
3546 2007 3770 2061 assidue

2172 2091 2550 2164 discerpuntur
2593 2111 2624 2150 a
2667 2095 2820 2150 malis
2864 2094 3160 2166 Spiritibus.
3210 2093 3538 2166 Temperans
3583 2104 3769 2151 autem

2174 2199 2282 2238 non
2302 2199 2456 2240 secus
2492 2200 2556 2240 ac
2604 2184 2758 2242 fortis
2795 2186 3035 2252 athleta,
3092 2201 3209 2240 eam
3261 2186 3476 2241 assidue
3527 2187 3770 2257 feriens,

2173 2276 2430 2344 optimam
2457 2281 2513 2331 et
2540 2276 2838 2332 innumeris
2883 2276 3195 2346 hujusmodi
3224 2275 3433 2330 deliciis
3473 2277 3771 2346 jucundio-

2173 2380 2289 2420 rem
2317 2367 2546 2437 percipit
2581 2368 2911 2438 voluptatem
2936 2410 2952 2436 ,
3005 2369 3104 2423 hac
3132 2368 3354 2423 victoria
3379 2410 3393 2434 ,
3449 2368 3584 2423 bona
3627 2384 3772 2424 Cott-

2175 2456 2400 2512 scientia
2423 2498 2439 2523 ,
2465 2465 2521 2512 et
2567 2459 2842 2528 prmclaris
2871 2460 3089 2529 tropaeis
3138 2467 3396 2530 perpetuo
3421 2468 3660 2514 ornatus.
3711 2461 3775 2516 Si

2176 2558 2358 2604 autem
2392 2557 2514 2620 post
2549 2564 2898 2620 congressum
2945 2551 3038 2606 ille
3093 2566 3277 2620 parum
3338 2551 3606 2620 quiescit,
3658 2551 3772 2608 hoc

2178 2639 2308 2694 nihil
2337 2641 2496 2695 fuerit
2523 2659 2536 2694 :
2578 2657 2790 2697 rursum
2821 2642 2964 2697 enim
2995 2643 3198 2697 invadit
3227 2651 3520 2712 tempestas
3547 2652 3600 2698 et
3640 2659 3775 2699 rur-

2177 2745 2294 2784 sum
2321 2731 2534 2786 ﬂuctus.
2564 2731 2665 2800 Qui
2697 2741 2876 2787 autem
2903 2731 3335 2802 phiIOSOphatur,
3370 2749 3438 2787 ne
3468 2733 3619 2788 initio
3648 2735 3777 2804 qni-

2176 2822 2298 2879 dem
2327 2824 2589 2894 permittit
2618 2834 2675 2879 ut
2707 2824 2825 2881 haec
2852 2839 2912 2882 se
2939 2825 3153 2881 invadat
3182 2826 3508 2896 perturbatio
3531 2868 3547 2892 ,
3592 2842 3778 2894 neque

2178 2927 2236 2973 ut
2267 2933 2414 2975 mare
2439 2930 2704 2992 assurgat,
2731 2937 2830 2977 nec
2848 2930 2906 2976 ut
2928 2921 3040 2976 haec
3065 2921 3172 2977 fera
3199 2921 3542 2978 vociferetur.
3575 2922 3632 2978 Si
3659 2924 3776 2978 vim

2176 3018 2355 3064 autem
2400 3011 2632 3079 patiatur
2676 3011 2728 3065 in
2776 3011 3060 3068 retinendo
3090 3013 3292 3084 impetu
3346 3022 3536 3079 tanto;
3577 3021 3632 3069 at
3679 3015 3779 3071 ille

2183 3100 2345 3154 etiam
2380 3099 2735 3170 libidinosus,
2781 3101 3088 3172 frequenter
3137 3104 3413 3174 pulsatus,
3465 3105 3773 3172 confossus,

2179 3200 2509 3261 (ostrumque
2535 3207 2640 3248 non
2671 3193 2850 3248 ferens
2873 3235 2888 3260 ,
2921 3194 3063 3249 haud
3090 3209 3265 3262 secus,
3293 3211 3452 3265 quam
3482 3196 3526 3250 si
3570 3211 3777 3266 equum

2179 3282 2495 3338 indomitum
2523 3283 2675 3340 freno
2705 3286 2985 3352 retineret,
3017 3299 3189 3342 artem
3217 3302 3432 3343 omnem
3460 3287 3728 3344 adhibens
3762 3307 3777 3344 :

2181 3377 2226 3430 si
2254 3385 2433 3432 autem
2459 3379 2707 3444 cesserit,
2733 3388 2789 3435 et
2814 3380 3052 3435 laborem
3082 3380 3294 3452 fugerit,
3324 3381 3392 3436 ab
3414 3381 3504 3436 illo
3532 3397 3782 3453 praeceps

2179 3483 2520 3539 quocumque
2549 3469 2772 3525 feratur.
2805 3470 2930 3525 Haec
2959 3471 3002 3525 si
3029 3471 3172 3526 dicta
3198 3479 3322 3526 sunt
3347 3471 3584 3542 apertius
3610 3487 3777 3542 quam

2183 3571 2279 3629 par
2304 3559 2397 3625 sit,
2442 3571 2604 3614 nemo
2629 3575 2716 3616 me
2746 3559 3148 3630 reprehendat:
3201 3561 3328 3615 nolo
3372 3561 3514 3616 enim
3557 3561 3777 3617 dicendi

2180 3652 2440 3721 gravitate
2459 3664 2656 3706 ornare
2685 3652 2983 3706 orationem
3007 3696 3026 3720 ,
3059 3652 3154 3708 sed
3185 3667 3376 3724 graves
3415 3663 3470 3709 et
3511 3651 3779 3710 honestos

2183 3744 2358 3799 facere
2384 3743 2676 3798 auditores.

2267 3838 2321 3894 4.
2362 3837 2655 3907 Propterea
2699 3836 2974 3907 pr0phet:e
3018 3851 3234 3908 quoque
3281 3836 3411 3892 nulli
3466 3834 3775 3906 hujusmodi

2183 3928 2352 3984 verbo
2379 3935 2620 3997 parcunt,
2652 3928 2892 3982 volentes
2914 3925 3224 3983 Iudaeorum
3253 3925 3566 3982 exscindere
3591 3925 3774 3982 libidi-

2187 4033 2308 4075 nem
2337 4027 2393 4073 et
2419 4017 2881 4087 intemperantiam
2901 4058 2916 4084 ,
2941 4015 3035 4071 sed
3057 4031 3152 4072 eos
3185 4024 3404 4087 tangunt
3428 4017 3585 4071 etiam
3610 4030 3777 4085 aper-

2189 4112 2325 4176 tius,
2355 4124 2518 4178 quam
2549 4122 2650 4163 nos
2689 4108 2914 4162 nuncin
2965 4107 3031 4163 iis
3078 4122 3200 4177 quae
3241 4108 3493 4164 diximus.
3533 4106 3776 4164 Medicus

2187 4201 2332 4256 enim
2358 4199 2545 4254 volens
2575 4200 2774 4269 ejicere
2816 4197 3188 4268 putredinem,
3233 4213 3340 4252 non
3369 4213 3434 4253 eo
3464 4207 3675 4268 spectat
3721 4209 3778 4254 nt

2189 4291 2414 4347 mundas
2459 4299 2744 4347 conservet
2787 4305 2997 4358 manus,
3029 4289 3126 4346 scd
3167 4299 3227 4345 ut
3270 4306 3472 4362 aegrum
3511 4291 3705 4347 liberet
3745 4309 3774 4346 a

2189 4383 2502 4454 putredine;
2531 4393 2586 4439 et
2616 4385 2661 4439 is
2685 4384 2777 4454 qui
2805 4381 3061 4439 humilem
3088 4383 3199 4438 vult
3224 4383 3493 4439 excelsum
3523 4381 3772 4450 reddere,

2191 4477 2307 4547 ipse
2335 4476 2484 4547 prius
2515 4476 2574 4531 tit
2600 4475 2853 4541 humilis;
2885 4481 2938 4529 et
2965 4473 3054 4545 qui
3095 4474 3331 4530 studium
3369 4473 3519 4546 ponit
3548 4488 3607 4530 ut
3636 4477 3777 4530 occi-

2190 4567 2283 4622 dat
2308 4566 2694 4632 insidiatorem,
2720 4581 2779 4622 se
2800 4581 3015 4636 quoque
3038 4580 3159 4621 cum
3184 4566 3278 4620 illo
3303 4573 3568 4632 cruentat,
3597 4577 3654 4621 et
3681 4567 3776 4621 hoc

2194 4660 2367 4729 ipsum
2412 4657 2594 4713 reddit
2631 4657 2936 4713 clariorem.
2980 4657 3115 4712 Nam
3159 4657 3205 4714 si
3253 4672 3284 4712 a
3333 4656 3474 4712 bello
3501 4672 3773 4712 reversum

2195 4749 2418 4804 militem
2449 4747 2644 4803 viderit
2671 4747 2933 4818 quiSpiam
2965 4750 3137 4816 sanie,
3177 4748 3434 4818 sanguine
3460 4757 3516 4804 et
3555 4750 3769 4804 cerebro

2193 4854 2498 4911 respersum
2527 4848 2582 4894 et
2609 4839 2890 4910 pollutum,
2927 4854 3034 4894 non
3063 4840 3185 4895 ideo
3214 4840 3338 4894 odio
3359 4839 3575 4895 habebit
3607 4853 3771 4910 neque

2193 4933 2547 4998 aversabitur,
2579 4932 2675 4986 sed
2715 4933 2885 5003 magis
2929 4933 3089 4987 etiam
3139 4931 3506 4988 admirabitur.
3562 4931 3637 4988 lta
3686 4947 3777 4988 nos

2194 5037 2407 5093 quoque
2431 5021 2686 5076 faciamus
2703 5037 2823 5077 cum
2846 5020 3133 5077 viderimus
3153 5023 3478 5093 quempiam,
3501 5035 3774 5094 postquam

2197 5115 2444 5170 mactarit
2488 5113 2856 5186 cupiditatem,
2903 5123 3184 5169 cruentum
3231 5123 3625 5184 revertentem,
3658 5129 3773 5172 eum

2200 5207 2372 5278 magis
2410 5207 2757 5273 admiremur,
2802 5206 3069 5277 simulque
3111 5207 3241 5263 socii
3266 5221 3330 5262 ac
3359 5208 3640 5279 participes
3667 5209 3774 5277 ejus

2201 5311 2393 5368 pugna:
2417 5305 2472 5353 et
2501 5297 2758 5363 victoriae,
2786 5305 2840 5352 et
2868 5297 2934 5353 iis
2961 5297 3050 5367 qui
3073 5304 3254 5352 amant
3275 5296 3517 5353 dicamus
3543 5317 3557 5352 :
3587 5298 3775 5354 Osten-

2200 5389 2312 5445 dite
2338 5389 2491 5445 nobis
2518 5390 2847 5460 voluptatem
2878 5404 3036 5460 quam
3067 5390 3349 5459 accepistis
3371 5405 3438 5446 ex
3468 5391 3708 5446 libidine.

2284 5481 2651 5551 Temperantia!
2691 5483 2942 5551 voluptas.
2967 5511 3037 5520 —
3060 5481 3193 5535 Nam
3229 5482 3320 5551 qui
3360 5489 3445 5536 est
3484 5491 3778 5552 temperans

2205 5589 2267 5631 ac
2295 5575 2540 5647 pudicus,
2571 5575 2898 5646 voluptatem
2929 5573 3090 5630 habet
3107 5589 3174 5630 cx
3201 5573 3420 5629 victoria
3447 5591 3462 5638 ;
3509 5582 3564 5628 tu
3607 5583 3777 5627 autem

2207 5669 2404 5722 nullam
2429 5667 2594 5722 habes
2620 5667 2858 5722 omnino.
2883 5667 2975 5721 Sin
3004 5676 3182 5722 autem
3205 5681 3298 5721 vos
3315 5667 3508 5721 dicatis
3532 5681 3649 5722 eam
3668 5677 3776 5735 qum

2208 5769 2292 5813 est
2322 5774 2385 5812 ex
2419 5773 2750 5828 congressu;
2783 5758 2876 5813 sed
2910 5757 2998 5812 illa
3029 5756 3468 5830 estmanifcstior
3497 5765 3551 5812 et
3579 5756 3775 5810 diutur-

2211 5849 2346 5903 nior.
2383 5849 2512 5904 Nam
2558 5859 2611 5903 tn
2642 5863 2705 5905 ex
2737 5863 2801 5904 eo
2831 5863 2937 5918 quo
2967 5847 3160 5906 frueris
3191 5847 3350 5903 habes
3377 5846 3576 5918 aliquid
3605 5846 3777 5901 breve.
