3998 6408
199 395 305 454 M9

199 514 280 567 δτι
310 509 424 576 Τὴν
450 506 546 563 τοῦ
591 508 764 573 δεῖνος
799 505 1098 579 ἐϐουλόμην
1124 510 1312 563 οὐσίαν
1341 509 1507 582 ἐχειν,
1535 510 1632 564 καὶ
1671 510 1772 579 τὴν

199 594 293 649 τοῦ
341 593 516 656 δεῖνος
573 593 756 663 μόνον,
805 592 941 646 ἀλλά
987 592 1082 646 καὶ
1124 593 1195 647 τά
1242 593 1346 663 ὅρη
1381 593 1606 664 χρυσίον
1635 590 1779 646 εἶναι

202 679 503 751 βούλονται,
553 677 647 732 καὶ
673 677 774 740 τάς
801 677 1001 743 οἰκίας,
1048 679 1142 730 καὶ
1171 676 1242 730 τά
1284 677 1538 749 ὁρώμενα
1576 676 1778 738 πάντα,

200 763 294 818 καὶ
320 763 406 830 ἐφ’
440 761 628 833 ἕτερον
679 760 1036 832 προϐαίνουσι
1073 763 1278 834 κόσμον
1301 777 1315 792 ο
1359 761 1454 814 καὶ
1497 760 1659 814 τοῦτο
1692 761 1781 814 ἐπ’

199 844 426 915 ἄπειρον
456 844 744 914 πάσχουσι,
793 844 890 898 καὶ
923 844 1162 916 οὐδαμοῦ
1193 844 1295 915 τῆς
1351 843 1647 913 ἐπιθυμίας
1684 843 1783 914 λή-

200 944 380 995 γουσι.
419 929 514 991 Τίς
550 927 616 982 ἂν
669 931 1046 999 παραστήσειε
1091 927 1249 996 λόγος
1277 927 1366 980 τὸν
1395 927 1642 998 χειμῶνα
1670 926 1782 979 τῶν

200 1011 482 1083 λογισμῶν
515 1011 763 1074 ἐκείνων,
792 1010 861 1064 τά
891 1011 1136 1081 κύματα,
1171 1011 1262 1064 τὸν
1295 1010 1498 1080 ζόφον;
1546 1010 1680 1064 ὅπου
1723 1008 1782 1063 δέ

199 1095 428 1165 κύματα
464 1095 556 1148 καὶ
581 1092 788 1165 χειμὼν
813 1094 1076 1160 τοιοῦτος,
1101 1094 1233 1148 ποία
1259 1094 1456 1163 γένοιτ’
1491 1094 1558 1148 ἂν
1592 1093 1780 1164 ὴδονή;

201 1179 315 1233 Ούκ
349 1178 498 1231 ἐστιν
536 1178 786 1248 οὐδεμία,
823 1177 962 1232 ἀλλά
993 1177 1224 1251 069060;
1253 1178 1348 1232 καὶ
1373 1176 1536 1246 ὀδύνη
1567 1177 1663 1230 καὶ
1693 1192 1781 1228 νεα

201 1262 362 1335 φέλαι
416 1261 677 1331 ζοφώδεις
721 1263 845 1316 ἀντὶ
882 1262 1092 1316 ὑδάτων
1141 1261 1345 1334 πολλὴν
1391 1262 1654 1333 φέρουσαι
1689 1261 1785 1330 τὴν

201 1345 472 1418 ἀθυμίαν
516 1346 546 1398 6
572 1346 636 1416 δὴ
675 1347 770 1400 καὶ
797 1349 896 1400 ἐπὶ
922 1347 1032 1401 τῶν
1058 1346 1313 1417 ἐρώντων
1345 1345 1629 1418 ἀλλοτρίου
1658 1345 1788 1399 κάλα

201 1430 324 1493 λους
357 1429 679 1500 συμϐαίνειν
723 1429 904 1485 εἴωθε.
959 1431 1058 1485 Διά
1095 1447 1178 1484 τοι
1211 1429 1370 1485 τοῦτο
1398 1431 1450 1484 οἱ
1490 1430 1613 1501 μηδ’
1649 1429 1787 1492 ὅλως

199 1511 462 1585 ἐρῶντες,
495 1512 605 1567 τῶν
626 1513 879 1584 ἐρώντων
905 1517 961 1567 ἐν
990 1514 1196 1568 πλείονί
1227 1516 1369 1569 είσιν
1409 1515 1594 1586 ἡδονῇ.
1626 1512 1789 1566 Ἀλλά

202 1597 341 1667 πρὸς
390 1595 550 1649 τοῦτο
601 1597 700 1666 μὲν
740 1597 918 1661 οὐδεὶς
962 1598 1248 1652 ἀντείποι·
1314 1597 1425 1666 ἐγὼ
1455 1597 1512 1652 δέ
1557 1599 1656 1651 καὶ
1696 1596 1788 1649 τὸν

201 1679 418 1750 ἐρῶντα
453 1680 574 1751 μὲν,
603 1681 907 1752 κατέχοντα
931 1681 988 1734 δέ
1017 1682 1117 1753 τὴν
1147 1681 1468 1752 ἐπιθυμίαν,
1498 1680 1697 1751 μᾶλλον
1723 1680 1787 1732 ἂν

200 1765 369 1833 φαίην
409 1768 618 1839 τρυφᾷν
679 1767 775 1820 τοῦ
807 1767 1053 1837 συνεχῶς
1099 1767 1200 1838 τῆς
1240 1765 1448 1837 πόρνης
1476 1764 1788 1818 ἀπολαύον-

198 1865 311 1912 τος.
339 1848 406 1902 Εἰ
439 1848 548 1920 γὰρ
575 1849 728 1922 [547]
758 1851 854 1905 κα.)⁵
877 1851 1259 1921 δυσκολωτέρα
1291 1853 1324 1921 ἡ
1350 1849 1645 1916 ἀπόδειξις,
1671 1849 1787 1904 ἀλλ’

197 1932 350 2000 ὅμως
377 1933 474 1984 καὶ
505 1931 677 1994 οὕτως
701 1934 999 2002 ἀναγκαῖον
1032 1932 1446 2004 κατατολμῆσαι
1471 1933 1566 1985 τοῦ
1605 1932 1784 2002 λόγου.

199 2013 310 2068 Καὶ
336 2012 446 2084 769
488 2014 871 2085 δυσκολωτέρα
899 2015 1131 2084 γίνεται,
1187 2017 1248 2070 οὑ
1301 2015 1456 2086 παρά
1483 2015 1582 2081 τὴν
1625 2016 1790 2085 φύσιν

197 2095 292 2150 τοῦ
326 2097 676 2169 πράγματος,
705 2097 844 2152 ἀλλά
872 2098 1026 2169 παρά
1054 2099 1116 2152 τό
1153 2098 1229 2171 μὴ
1260 2091 1404 2153 εἶναι
1430 2099 1532 2170 τῆς
1567 2099 1788 2170 φιλοσο-

195 2180 330 2254 φίας
361 2179 568 2245 ταύτης
592 2181 867 2251 ἀκροατάς
896 2181 1106 2251 ἀξίους.

266 2341 340 2412 Υ.
359 2340 428 2395 Τί
449 2339 557 2414 769
575 2341 744 2413 ἥδιον,
758 2343 880 2399 εἰπέ
901 2355 1012 2414 μοι,
1027 2343 1104 2415 τῷ
1125 2342 1343 2415 ἐρῶντι,
1360 2342 1421 2398 τὸ
1439 2342 1790 2413 καταφρονεῖο

195 2428 324 2488 σθαι
351 2424 458 2481 ὑπὸ
477 2425 579 2497 τῆς
599 2425 907 2498 ἐρωμένης,
930 2425 966 2498 ἢ
993 2427 1055 2481 τδ
1071 2427 1337 2498 τιμᾶσθαι
1362 2427 1458 2482 καὶ
1481 2429 1786 2499 ὑπερορᾷν;

195 2510 439 2583 Εὔδηλον
460 2512 542 2566 δτι
559 2510 738 2568 τοῦτο.
763 2509 899 2565 Τίνα
926 2507 1041 2577 οῦν,
1077 2513 1196 2566 είπέ
1233 2530 1346 2583 μοι,
1377 2513 1602 2584 τιμήσει
1629 2512 1790 2566 πλέον

191 2598 225 2666 ἡ
251 2595 460 2666 πόρνη,
496 2594 588 2654 τὺν
621 2593 944 2652 δουλεύοντα
975 2595 1114 2667 αὐτῇ
1161 2596 1256 2649 καὶ
1297 2595 1650 2667 αἰχμάλωτον
1694 2596 1789 2648 ὑπ’

193 2677 370 2749 αὑτῆς
415 2678 519 2748 ῆδη
560 2677 879 2750 γενόμενον,
911 2676 945 2750 ἢ
985 2678 1078 2732 τὸν
1112 2677 1386 2750 ἀνώτερον
1432 2679 1539 2732 τῶν
1572 2678 1789 2749 ἐκείνης

190 2762 455 2829 δικτύων,
483 2762 581 2816 καὶ
623 2761 959 2834 ὑψηλότερον
987 2763 1097 2817 τῶν
1133 2763 1398 2834 καλάμων
1427 2761 1600 2834 αὑτῆς
1630 2764 1790 2816 πετό-

195 2863 398 2918 μενον;
444 2846 615 2900 Παντί
646 2861 749 2900 που
791 2847 970 2918 δῆλον,
1022 2848 1105 2901 ὅτι
1134 2848 1346 2902 τοῦτον.
1399 2847 1540 2919 Περὶ
1580 2847 1704 2900 τίνα
1732 2847 1790 2901 δέ

195 2931 496 2986 σπουδάσει
549 2930 731 2995 πλέον,
780 2932 871 2986 τὸν
905 2931 1258 2996 πεπτωκότα,
1306 2932 1338 3003 ἢ
1394 2931 1485 2986 τὸν
1535 2931 1785 2998 οὑδέπω;

192 3017 300 3069 Τδν
335 3012 551 3069 ούδέπω
600 3015 840 3074 πάντως.
883 3017 980 3081 Τίς
1032 3016 1088 3070 δέ
1136 3016 1290 3070 ἐσται
1322 3016 1718 3086 ποθεινότερος,
1760 3018 1789 3070 6

192 3097 694 3170 κατειργασμένος,
758 3099 791 3170 ἢ
849 3100 876 3153 6
933 3099 1159 3171 μηδέπω
1213 3099 1414 3166 ἀλούς;
1449 3100 1509 3154 '0
1563 3100 1790 3170 μηδέπω

191 3183 336 3248 τέως
363 3181 546 3246 ἁλούς.
579 3183 644 3237 Εἰ
670 3182 726 3236 δὲ
755 3185 1060 3247 ἀπιστεῖτε,
1083 3183 1194 3237 ἀπὸ
1214 3183 1324 3237 τῶν
1348 3183 1631 3254 ὑμετέρων
1653 3201 1793 3256 παρ-

193 3263 303 3332 έξω
337 3266 441 3338 ’τὴν
467 3264 766 3331 ἀπόδειξιν.
789 3267 948 3329 Τίνος
971 3266 1081 3338 769
1101 3266 1166 3321 ἄν
1196 3285 1280 3331 τις
1305 3267 1505 3338 μᾶλλον
1529 3266 1790 3338 ἐρασθείη

191 3349 483 3418 γυναικὸς,
511 3349 614 3420 τῆς
643 3350 883 3413 εὐκόλως
909 3350 1488 3421 ὑποκατακλινομένης
1518 3349 1667 3422 αὑτῴ
1695 3351 1792 3405 καὶ

193 3433 575 3505 ἐκδιδομένης,
611 3433 648 3504 ἢ
681 3433 784 3504 τῆς
813 3434 1160 3506 ἀρνουμένης
1193 3435 1287 3488 καὶ
1310 3434 1618 3506 πράγματα
1642 3436 1791 3507 αὐτῷ

193 3517 583 3590 παρεχούσηςς
627 3515 868 3589 Εὔδηλον
894 3517 975 3570 ὅτι
1005 3516 1209 3588 ταύτης
1228 3533 1242 3546 ·
1269 3518 1364 3571 καὶ
1391 3517 1500 3590 γάρ
1526 3518 1790 3589 μειζόνως

193 3599 456 3654 ἐντεῦθεν
489 3603 518 3654 6
551 3599 715 3664 πόθος
764 3601 1090 3656 ἀνάπτεται.
1139 3600 1352 3654 Οὑκοῦν
1401 3603 1497 3656 καὶ
1553 3602 1644 3655 ἐπὶ
1692 3601 1792 3673 τῆς

193 3685 460 3755 γυναικὸς
487 3685 550 3738 16
581 3683 716 3738 αὑτὸ
743 3684 807 3758 δὴ
853 3683 1016 3738 τοῦτο
1060 3683 1232 3738 ἔσται·
1270 3684 1366 3738 καὶ
1396 3683 1586 3738 τοῦτον
1629 3687 1794 3757 τιμη-

196 3786 358 3822 σουσι
387 3769 484 3823 καὶ
507 3767 878 3839 θαυμάζονται
903 3768 1070 3822 πλέον
1099 3769 1190 3822 τὸν
1214 3769 1568 3841 ὑπερορῶντα
1588 3768 1791 3824 αὑτῶν.

195 3853 263 3906 El
305 3851 368 3906 δὲ
415 3851 578 3904 τοῦτο
606 3852 828 3922 ἀληθὲς,
875 3853 1099 3906 κάκεῖνο
1130 3853 1353 3923 ὁμοίως,
1381 3853 1444 3905 τὸ
1492 3853 1550 3905 ἐν
1585 3851 1792 3922 μείζονι

195 3931 343 3989 εἶναι
367 3933 529 4008 ἡδονῇ
561 3935 652 3988 τὸν
684 3936 888 4007 μᾶλλον
914 3937 1232 4007 τιμώμενον
1264 3936 1361 3990 καὶ
1401 3936 1790 4005 ἀγαπώμενον.

207 4019 371 4074 Ἐπεὶ
396 4019 494 4072 καὶ
522 4021 830 4092 στρατηγὸς
851 4019 1006 4075 πόλιν
1033 4019 1131 4092 τὴν
1158 4023 1258 4091 μὲν
1276 4018 1532 4086 καθάπαξ
1556 4019 1793 4074 ἀλοῦσαν

196 4104 424 4175 ἀφίησι,
444 4105 512 4174 τῇ
541 4103 596 4156 δὲ
621 4101 886 4176 ἐστηκυίᾳ
911 4104 1006 4157 καὶ
1032 4103 1414 4176 φιλονεικούση
1437 4103 1794 4175 προσεδρεύει

199 4189 346 4252 μετά
372 4189 608 4260 σπουδῆς
628 4188 866 4259 ἀπάσης·
906 4189 1002 4242 καὶ
1023 4187 1296 4260 θηρευτὴς
1316 4188 1378 4241 τὸ
1404 4188 1502 4258 μὲν
1531 4187 1796 4259 θηρευθέν

197 4272 344 4338 ζῶον
378 4274 436 4326 ἐν
469 4273 649 4344 σκότῳ
680 4271 1045 4336 κατακλείσας
1077 4272 1212 4344 ἔχει,
1247 4273 1502 4344 καθάπερ
1549 4274 1582 4345 ή
1619 4273 1795 4346 πόρνη

195 4357 294 4409 τὸν
317 4356 582 4428 ἐραστὴν,
613 4355 672 4409 τδ
696 4356 752 4410 δὲ
779 4357 982 4427 φεῦγον
1004 4355 1212 4412 διώκει.
1248 4357 1390 4411 Ἀλλ’
1411 4357 1672 4412 ἀπολαύει
1695 4359 1796 4430 τῆς

197 4440 505 4511 ἐπιθυμίας
530 4442 759 4504 ἐκεῖνος,
788 4443 976 4513 φησὶν,
1003 4436 1158 4504 οὗτος
1187 4442 1243 4496 δέ
1274 4443 1373 4496 οὑκ
1405 4443 1693 4498 ἀπολαύει.
1722 4443 1796 4497 T6

195 4525 260 4578 δὲ
297 4526 377 4597 μὴ
408 4525 892 4597 καταισχύνεσθαι,
920 4527 1055 4599 μηδέ
1079 4526 1354 4580 δουλεύειν
1387 4529 1510 4592 ταῖς
1539 4546 1794 4598 τυραννι-

197 4611 329 4673 καῖς
366 4609 538 4682 αὑτῆς
563 4612 878 4679 ἐπιταγαῖς,
915 4611 1050 4682 μηδὲ
1085 4611 1161 4674 ὡς
1193 4610 1530 4681 ἀνδράποδον
1562 4613 1796 4682 ἄγεσθαι

197 4694 296 4748 ὑπ’
328 4692 504 4763 αὑτῆς
544 4693 639 4748 καὶ
664 4694 1026 4764 περιάγεσθαι
1054 4692 1444 4766 ῥαπιζόμενον,
1479 4696 1796 4767 ἐμπτυόμε-

196 4794 316 4840 νον,
349 4777 446 4830 ἐπὶ
497 4779 743 4850 κεφαλῆς
775 4778 1110 4851 ὠθούμενον,
1159 4781 1367 4850 μικράν
1405 4781 1600 4852 ἡδονὴν
1653 4777 1795 4836 εἷναι

196 4861 450 4931 νομίζεις
470 4877 486 4928 ;
508 4862 628 4914 είπέ
657 4879 768 4934 μοι.
797 4863 859 4916 El
889 4863 998 4935 769
1028 4880 1112 4927 τις
1139 4865 1313 4916 ταῦτα
1341 4863 1585 4935 ἀκριϐῶς
1617 4865 1798 4932 ἐξετά-

198 4961 344 5008 σειε,
373 4945 471 4998 καὶ
490 4945 744 5016 δυνηθείη
778 4945 877 5010 τὰς
901 4945 1088 5018 ῦϐρεις
1122 4945 1304 5000 αὑτῶν
1345 4951 1701 5017 συναγαγεῖν,
1728 4949 1796 5003 τὰ

197 5028 550 5098 ἐγκλήματα,
584 5028 684 5094 τάς
719 5030 962 5102 συνεχεῖς
993 5029 1184 5102 ὀργάς,
1213 5031 1312 5094 τάς
1330 5030 1438 5085 ἀπὸ
1469 5029 1670 5103 ψυχῆς,
1695 5031 1796 5097 τὰς

199 5112 315 5168 ἀπὸ
349 5107 445 5164 τοῦ
491 5111 827 5182 θρύπτεσθαι
875 5113 1196 5184 γινομένας,
1239 5115 1342 5177 τὰς
1370 5114 1695 5185 ἀπεχθείας,
1727 5115 1796 5170 τά

196 5197 344 5251 ἀλλα
377 5193 576 5256 πάντα,
609 5196 754 5269 άπερ
781 5195 834 5249 οί
863 5196 1170 5268 πάσχοντες
1210 5199 1360 5251 ἴσασι
1397 5198 1580 5269 μόνον,
1615 5199 1795 5254 πάντα

203 5281 447 5352 πόλεμον
485 5282 709 5353 εὑρήσει
754 5281 974 5347 πλείους
1002 5282 1197 5353 έχοντα
1230 5282 1328 5346 τὰς
1360 5284 1654 5354 ἀνακωχὰς
1692 5283 1794 5356 τῆς

201 5364 401 5430 ἀθλίας
438 5363 644 5419 τούτων
674 5363 839 5434 ζωῆς.
868 5365 1040 5420 Ποίαν
1074 5359 1168 5419 οῦν
1191 5365 1375 5435 λέγεις
1406 5367 1638 5439 ὴδονην;
1673 5367 1795 5421 εἶπέ

208 5465 302 5526 μοι
321 5464 336 5478 ·
373 5447 473 5519 τὴν
507 5448 615 5501 ἀπὸ
646 5448 746 5516 τῆς
779 5447 1000 5519 μίξεως,
1030 5449 1131 5520 τὴν
1161 5450 1502 5522 πρόσκαιρον
1529 5452 1626 5505 καὶ
1658 5449 1793 5524 βρα-

203 5532 398 5600 χεῖαν;
428 5529 568 5583 Ἀλλ’
602 5530 804 5594 εὑθέως
835 5531 1042 5602 ταύτην
1071 5532 1310 5603 πόλεμος
1339 5533 1796 5604 ἐπικαταλαμᾶά-

204 5629 290 5668 νει
321 5614 418 5667 καὶ
453 5613 674 5683 κύματα
717 5616 810 5668 καὶ
837 5613 1006 5667 λύττα
1034 5615 1130 5670 καὶ
1167 5617 1336 5686 μανία
1381 5615 1544 5670 πάλιν
1571 5616 1604 5688 ἡ
1631 5619 1792 5689 αὑτῆ.

207 5698 320 5750 Καὶ
349 5697 522 5750 ταῦτα
551 5697 651 5768 μὲν
679 5700 811 5769 ἡμῖν
845 5698 1083 5770 εἴρηται,
1126 5699 1202 5763 ὡς
1231 5701 1296 5755 ἄν
1328 5718 1413 5764 τις
1445 5700 1585 5765 νέοις
1614 5701 1795 5754 διαλε-

206 5781 440 5850 γόμενος
485 5781 807 5846 ἀκολάστοις
855 5784 1020 5846 εῖποι,
1062 5782 1124 5834 ού
1182 5782 1391 5852 σφόδρα
1441 5783 1794 5853 ἀνεχομένοις

204 5863 315 5918 τῶν
369 5862 494 5935 περί
543 5864 822 5935 βασιλείας
877 5865 970 5920 καὶ
1007 5864 1234 5936 γεέννης
1286 5865 1517 5920 ἀκοῦσαι
1573 5865 1781 5934 λόγων·

1152 395 1222 450 IN
1260 393 1482 452 EPIST.
1524 395 1545 449 l
1581 395 1676 450 AD
1705 393 1865 452 COR.
1906 395 2142 452 HOMIL.
2186 395 2452 452 XXXVII.

3355 400 3464 454 320

1833 541 1838 544 -
1881 511 2011 565 ὅταν
2031 511 2089 564 δὲ
2118 510 2216 564 καὶ
2251 509 2427 564 ταῦτα
2456 510 2537 574 είς
2565 509 2731 580 μέσον
2757 511 3082 581 ἀγάγωμεν.
3119 511 3242 565 οὑδέ
3260 511 3469 568 ἔνεστιν

1881 597 2055 648 εἰπεῖν
2112 595 2212 665 δση
2252 593 2362 648 τῶν
2407 593 2836 665 σωφρονούντων
2884 596 2920 664 ἡ
2949 595 3132 666 ἡδονὴ,
3168 596 3298 648 ὅταν
3333 596 3470 650 ἀνα-

1881 677 2091 750 πλάττῃ
2150 679 2282 750 παρ’
2320 675 2500 747 ἐαυτῷ
2545 679 2674 741 τοὺς
2722 677 3047 746 στεφάνους,
3089 676 3158 730 τά
3217 677 3467 748 βραδεῖα,

1880 761 1980 831 τὴν
2022 760 2161 832 μετά
2191 761 2300 816 τῶν
2334 761 2584 830 ἀγγέλων
2616 759 2857 831 ὁμιλίαν,
2881 759 2981 830 τὴν
3018 759 3114 812 ἐπὶ
3142 759 3245 830 τῆς
3283 763 3469 813 οἰκου-

1886 845 2054 916 μένης
2105 844 2433 916 ἀνάρρησιν,
2468 844 2569 915 τὴν
2625 841 2777 916 [568]
2811 841 3147 914 παρρησίαν,
3189 842 3290 906 τὰς
3332 859 3470 914 χρη-

1887 927 2018 990 στάς
2055 928 2149 980 καὶ
2181 926 2487 990 ἀθανάτους
2527 926 2750 990 ἐλπίδας
2789 926 3025 988 ἐκείνας.
3057 924 3196 977 Ἀλλ’
3238 927 3272 995 ἡ
3325 925 3472 995 μίξις

1887 1011 2137 1082 ἐχειτινά
2166 1012 2385 1082 ἡδονήνο
2412 1011 2570 1064 τοῦτο
2585 1010 2697 1081 γὰρ
2721 1009 2961 1082 συνεχῶς
2987 1010 3468 1082 περιστρέφουσιν-

1883 1097 1913 1148 6
1948 1094 2006 1148 δὲ
2048 1095 2342 1166 σωφρονῶν
2386 1094 2447 1148 οὑ
2492 1093 2718 1148 δύναται
2767 1093 3033 1164 διηνεκῶς
3068 1093 3374 1165 μαχόμενος
3403 1096 3468 1164 τῇ

1885 1181 1984 1252 τῆς
2013 1180 2230 1250 φύσεως
2259 1179 2556 1251 τυραννίδι.
2588 1178 2913 1232 Τοὺναντίον
2944 1179 3044 1248 μὲν
3072 1174 3166 1232 οῦν
3199 1176 3349 1248 εὕροι
3387 1194 3471 1242 τις

1886 1266 1972 1320 ἀν·
2005 1267 2038 1335 ἡ
2079 1265 2190 1336 769
2224 1264 2314 1335 βία
2345 1263 2484 1336 αῦτη
2513 1264 2608 1318 καὶ
2626 1264 2841 1334 ταραχὴ
2872 1265 3025 1334 παρὰ
3044 1262 3120 1333 τῷ
3153 1261 3472 1333 πορνεύοντι

1891 1350 2094 1423 μᾶλλόν
2125 1351 2266 1404 ἐστι.
2319 1350 2430 1402 Καὶ
2466 1349 2575 1419 γάρ
2616 1347 2805 1410 κλόνος
2829 1349 2888 1400 ἐν
2919 1346 2997 1417 τῷ
3028 1345 3242 1416 σώματι
3281 1345 3472 1410 πολὺς,

1887 1437 1984 1488 καὶ
2040 1433 2224 1502 πάσης
2280 1430 2553 1502 θαλάττης
2606 1431 3033 1502 κυματουμένης
3093 1427 3475 1500 χαλεπώτερον

1887 1512 2044 1582 οὗτος
2069 1518 2360 1580 διάκειται,
2402 1515 2659 1568 οὐδέποτε
2691 1515 2829 1586 πρὸς
2858 1515 2959 1586 τὴν
2985 1513 3283 1583 ἐπιθυμίαν
3325 1511 3476 1565 ἱστά-

1891 1619 2072 1676 μενος,
2129 1601 2248 1655 ἀλλ’
2283 1601 2370 1655 ἀεὶ
2419 1599 2748 1671 βαλλόμενος
2802 1599 2895 1654 ὑπ’
2947 1598 3142 1668 αὐτῆς,
3208 1596 3396 1668 ὥσπερ
3423 1597 3476 1650 οί

1887 1681 2272 1753 δαιμονῶντες,
2307 1681 2404 1734 καὶ
2434 1680 2676 1751 συνεχῶς
2707 1679 2814 1734 ὑπὸ
2847 1677 2957 1732 τῶν
2985 1676 3240 1747 πονηρῶν
3270 1680 3476 1749 καταρ-

1892 1767 2224 1840 ρηγνύμενοι
2254 1764 2606 1836 πνευμάτων.
2640 1763 2698 1816 Ὀ
2729 1763 2786 1816 δέ
2820 1761 3052 1831 σώφρων
3076 1759 3332 1830 καθάπερ
3358 1761 3478 1831 ἀρι-

1891 1853 2050 1914 στεὺς
2077 1851 2322 1918 γενναῖος
2364 1845 2606 1916 συνεχῶς
2635 1846 2809 1915 αὐτὴν
2847 1845 3077 1915 βάλλων,
3107 1843 3206 1913 τὴν
3246 1844 3478 1913 ἀρίστην

1890 1934 1985 1988 καὶ
2035 1933 2245 2002 μυρίων
2284 1930 2542 1985 τοιούτων
2592 1928 2729 2000 ἡδίω
2787 1927 3098 1998 καρποῦται
3143 1926 3359 2002 ἡδονὴν,
3408 1928 3477 1997 τῇ

1889 2016 2017 2088 νίκῃ
2041 2001 2216 2087 ταύτῃ
2242 2016 2337 2068 καὶ
2363 2013 2443 2084 τῷ
2480 2011 2704 2082 χρηστῷ
2739 2011 3002 2064 συνειδότι
3035 2011 3130 2063 καὶ
3175 2001 3290 2073 τοῖς
3333 2009 3478 2079 λαμ-

1891 2103 2052 2172 προῖς
2100 2099 2383 2172 τροπαίοις
2429 2095 2910 2164 καλλωπιζόμενος
2968 2094 3252 2165 διηνεκῶς.
3298 2094 3362 2146 Et
3421 2093 3480 2146 δέ

1893 2185 2034 2258 μετά
2066 2186 2166 2254 τὴν
2200 2183 2418 2254 ὁμιλίαν
2450 2179 2798 2235 ἀναπαύεται
2829 2179 3024 2250 μικρὸν
3065 2180 3290 2242 ἐκεῖνος,
3323 2177 3480 2231 οὐδὲν

1888 2269 2048 2322 τοῦτο
2080 2267 2146 2322 ἀν
2176 2269 2290 2339 είη·
2341 2266 2502 2320 πάλιν
2529 2265 2638 2335 γὰρ
2665 2265 2693 2317 6
2720 2262 2930 2334 χειμὼν
2965 2263 3166 2328 ἔπεισι,
3195 2262 3290 2314 καὶ
3316 2261 3480 2316 πάλιν

1890 2353 2134 2424 κύματα.
2180 2351 2237 2404 ’0
2269 2350 2325 2403 δὲ
2359 2349 2664 2418 φιλοσοφῶν
2690 2347 2812 2400 οὑδὲ
2843 2347 3019 2417 ἀρχὴν
3045 2347 3238 2417 ἀφίησι
3276 2345 3481 2415 ταύτην

1889 2437 2074 2490 λαϐεῖν
2097 2435 2194 2505 τὴν
2225 2431 2494 2504 ταραχὴν,
2531 2431 2654 2485 ούδέ
2703 2431 3057 2500 διαναστῆναι
3103 2430 3165 2482 τὸ
3216 2430 3476 2498 πέλαγος,

1889 2520 2010 2574 οὑδὲ
2046 2516 2238 2590 βοῆσαι
2290 2517 2352 2569 τὸ
2402 2514 2618 2585 θηρίον.
2659 2513 2723 2567 Εἰ
2761 2511 2818 2566 δέ
2867 2530 2988 2566 τινα
3044 2512 3165 2583 βίαν
3217 2512 3479 2583 ὑπομένοι

1890 2604 2136 2674 κατέχων
2166 2602 2264 2672 τὴν
2293 2599 2554 2670 τοιαύτην
2592 2597 2793 2670 ὁρμὴν,
2823 2597 2958 2651 ἀλλά
2986 2599 3081 2650 καὶ
3109 2599 3318 2660 ἐκεῖνος
3349 2613 3479 2650 συν-

1890 2687 2032 2760 εχῶς
2076 2684 2404 2757 βαλλόμενος
2453 2683 2550 2736 καὶ
2599 2680 2964 2750 κεντούμενος
3009 2683 3104 2733 καὶ
3139 2679 3230 2732 τὸν
3263 2676 3479 2750 οἶστρον

1891 2773 1949 2826 οὑ
1987 2770 2191 2842 φέρων·
2228 2768 2322 2821 καὶ
2373 2766 2676 2838 παρόμοιον
2723 2764 2958 2833 γίνεται,
2990 2763 3181 2835 ὥσπερ
3213 2763 3278 2817 ἂν
3313 2763 3479 2815 ἵππον

1891 2856 2084 2926 ἄγριον
2125 2852 2452 2925 μαινόμενον
2492 2850 2588 2902 καὶ
2637 2848 3009 2934 ἀντιτείνοντα
3044 2845 3336 2918 ἀνέχοιτῷ
3381 2865 3480 2918 χα-

1891 2937 2045 3010 λινῷ,
2071 2938 2164 2992 καὶ
2195 2935 2420 3005 κατέχοι
2450 2933 2590 3004 μετά
2625 2931 2819 3003 τέχνης
2851 2931 3092 3001 ἁπάσης·
3127 2933 3155 2985 6
3181 2931 3238 2984 δέ
3271 2931 3475 2994 ἐνδοὺς,

1891 3025 2032 3079 ὥστε
2063 3024 2154 3077 τὸν
2197 3023 2360 3076 πόνον
2383 3016 2578 3072 τοῦτον
2606 3018 2827 3086 φυγεῖν,
2853 3016 3151 3086 συρόμενος
3181 3016 3271 3069 ὑπ’
3312 3015 3478 3069 αὑτοῦ

1892 3105 2166 3178 πανταχοῦ
2213 3105 2452 3176 φέροιτο.
2507 3101 2695 3155 Ταῦτα
2749 3103 2798 3153 εί
2853 3101 2950 3154 καὶ
3003 3100 3346 3171 σαφέστερον
3384 3099 3478 3153 τοῦ

1889 3193 2102 3255 δέοντος
2144 3191 2380 3263 εἴρηται,
2442 3187 2631 3258 μηδεὶς
2669 3185 2977 3254 ἐγκαλείτω
2999 3199 3012 3212 ’
3069 3185 3130 3237 οὑ
3163 3184 3271 3255 γὰρ
3303 3183 3480 3252 λόγων

1893 3275 2185 3347 σεμνότητι
2231 3271 2671 3337 καλλωπίζεσθαι
2729 3270 3018 3341 βούλομαι,
3063 3269 3201 3324 ἀλλά
3252 3269 3479 3338 ποιῆσαι

1893 3361 2124 3432 σεμνοὺς
2155 3359 2279 3423 τοὺς
2311 3356 2626 3418 ἀκούοντας.

1961 3501 2026 3555 δ’.
2053 3497 2154 3552 Διά
2180 3497 2341 3551 τοῦτο
2361 3497 2457 3550 καὶ
2476 3497 2525 3549 οί
2550 3495 2826 3567 προφῆται
2857 3493 3073 3555 οὑδενδς
3095 3491 3202 3544 τῶν
3219 3492 3482 3543 τοιούτων

1893 3585 2162 3656 φείδονται
2221 3577 2516 3652 ῥημάτων,
2571 3580 2671 3648 τὴν
2728 3578 3026 3633 ἀκολασίαν
3058 3575 3169 3629 τῶν
3215 3573 3482 3628 Ἰουδαίων

1892 3668 2126 3738 ἐκκόψαι
2185 3665 2522 3736 βουλόμενοι,
2575 3661 2713 3718 ἀλλά
2762 3664 2858 3716 καὶ
2907 3660 3248 3731 γυμνότερον
3302 3656 3484 3710 αὑτῶν

1893 3752 2306 3816 καθικνοῦνται,
2336 3751 2370 3823 ῆ
2407 3752 2569 3821 ἡμεῖς
2616 3748 2714 3803 νῦν
2765 3748 2850 3817 ἐφ’
2883 3745 2964 3810 οἷς
3010 3747 3336 3817 εἰρήκαμεν.
3373 3743 3484 3796 Καὶ

1891 3841 2001 3912 γὰρ
2033 3837 2216 3908 ἰατρὸς
2241 3835 2512 3905 σηπεδόνα
2537 3833 2790 3888 ἐκϐαλεῖν
2819 3832 3163 3902 βουλόμενος,
3202 3830 3262 3882 ού
3294 3829 3486 3912 σκοπεῖ

1893 3911 2013 3987 πῶς
2067 3921 2316 3992 καθαράς
2363 3920 2713 3990 διατηρήσειε
2765 3916 2862 3979 τὰς
2913 3918 3125 3987 χεῖρας,
3174 3913 3287 3966 ἀλλ’
3333 3911 3484 3973 ὅπως

1894 4009 2104 4062 ἐκεῖνον
2139 4002 2474 4067 ἀπαλλάξειε
2503 4003 2604 4072 τῆς
2639 3998 2958 4073 σηπεδόνος⁸
2989 3997 3085 4050 καὶ
3110 3999 3138 4049 6
3165 3995 3256 4049 τὸν
3287 4009 3484 4046 ταπει-

1893 4092 1984 4148 νδν
2015 4089 2220 4161 ὑψηλὸν
2249 4090 2474 4158 ποιῆσαι
2507 4085 2698 4148 θέλων,
2744 4083 2910 4146 αὑτὸς
2963 4078 3318 4134 ταπεινοῦται
3347 4078 3483 4148 πρό-

1894 4190 2070 4246 τερος·
2107 4173 2203 4227 καὶ
2232 4175 2259 4226 6
2287 4171 2487 4242 σφάξαι
2524 4171 2615 4223 τὸν
2666 4166 3087 4221 ἐπιϐουλεύοντα
3145 4162 3481 4227 σπουδάζων,

1895 4245 1990 4314 καὶ
2020 4257 2212 4312 ἑαυτὸν
2236 4256 2498 4327 αἱμάσσει
2536 4255 2654 4324 μετ’
2686 4251 2920 4317 ἐκείνου,
2965 4249 3061 4304 καὶ
3112 4247 3271 4301 τοῦτο
3322 4245 3486 4299 αὑτόν

1897 4346 2044 4398 ποιεῖ
2070 4341 2474 4412 λαμπρότερον.
2523 4337 2674 4390 Ἐπεὶ
2727 4335 2821 4389 καὶ⁷
2874 4332 3214 4405 στρατιώτην
3258 4329 3488 4383 ἐπανελ-

1898 4427 2062 4481 θόντα
2091 4425 2199 4478 ἀπὸ
2237 4423 2332 4477 τοῦ
2377 4422 2615 4492 πολέμου
2655 4422 2720 4474 ἂν
2747 4419 2830 4490 ίδῃ
2864 4436 2947 4480 τις
2976 4416 3134 4487 ἰχῶρι
3164 4415 3260 4468 καὶ
3293 4415 3486 4483 αἵματι

1897 4513 1994 4567 καὶ
2015 4509 2304 4580 ἐγκεφάλῳ
2333 4505 2771 4580 μεμολυσμένον,
2817 4505 2878 4557 οὐ
2931 4506 3174 4573 μισήσει,
3207 4499 3327 4552 οὑδέ
3355 4501 3489 4552 ἀπο-

1898 4596 2274 4668 στραφήσεται
2293 4589 2381 4646 διὰ
2404 4590 2584 4655 τοῦτο,
2612 4587 2750 4642 ἀλλά
2775 4589 2869 4641 καὶ
2893 4587 3238 4656 θαυμάσεται
3264 4581 3483 4654 μᾶλλον.

1896 4681 2053 4736 Οῦτω
2089 4679 2152 4751 δὴ
2188 4680 2283 4733 καὶ
2311 4679 2475 4750 ἡμεῖς
2499 4675 2772 4746 ποιῶμεν,
2807 4675 2935 4727 ὅταν
2967 4671 3167 4744 ἴδωμέν
3203 4687 3321 4722 τινα
3353 4668 3490 4739 μετά

1897 4766 1956 4819 τὸ
1985 4762 2333 4832 κατασφάξαι
2367 4763 2468 4833 τὴν
2500 4761 2798 4830 ἐπιθυμίαν
2819 4757 3141 4830 ᾑμαγμένον
3170 4754 3487 4817 ἐπανιόντα,

1900 4846 2100 4920 μᾶλλον
2157 4845 2322 4898 αὑτὸν
2380 4842 2772 4914 θαυμάζωμεν,
2835 4841 2931 4896 καὶ
2989 4839 3347 4920 κοινωνῶμεν
3390 4835 3490 4904 τῆς

1900 4933 2082 5004 μάχης
2115 4930 2208 4984 καὶ
2249 4929 2348 5000 τῆς
2399 4928 2554 4999 νίκης
2593 4925 2762 4996 αὑτῷ,
2798 4926 2890 4978 καὶ
2923 4925 3058 4994 πρὸς
3089 4925 3215 4984 τοὺς
3249 4919 3491 5004 ἐρῶντας

1897 5003 2194 5084 λέγωμεν,
2263 5011 2484 5077 Δείξατε
2522 5013 2658 5082 ἡμῖν
2723 5008 2822 5079 τὴν
2894 5007 2960 5061 ἐκ
3024 5005 3123 5076 τῆς
3195 5003 3490 5073 ἐπιθυμίας

1897 5100 2112 5172 ἡδονὴν.

1976 5277 2038 5330 '0
2111 5276 2212 5346 μὲν
2271 5275 2380 5348 γὰρ
2418 5273 2651 5346 σώφρων
2691 5275 2790 5347 τὴν
2842 5274 2952 5328 ἀπὸ
2999 5273 3099 5342 τῆς
3153 5271 3310 5342 νίκης
3354 5268 3489 5339 ἔχει,

1898 5359 1963 5414 σὺ
1996 5359 2054 5413 δὲ
2086 5359 2408 5429 οὐδαμόθεν.
2444 5361 2508 5413 Εἰ
2556 5359 2614 5412 δὲ
2669 5359 2826 5429 ὑμεῖς
2863 5357 2963 5428 τὴν
3011 5359 3075 5409 ἐκ
3119 5355 3220 5426 τῆς
3272 5351 3490 5424 ὁμιλίας

1896 5443 2128 5512 λέγοιτε,
2189 5442 2307 5496 ἀλλ’
2355 5443 2538 5513 ἐκείνη
2597 5441 2910 5512 σαφεστέρα
2960 5439 3056 5494 καὶ
3103 5435 3488 5510 διαρκεστέρα.

1897 5528 1969 5582 Σὺ
1999 5527 2110 5599 γὰρ
2146 5527 2292 5598 ἐχεις
2323 5526 2430 5580 ἀπὸ
2483 5529 2584 5598 τῆς
2633 5524 2989 5588 ἀπολαύσεως
3027 5522 3202 5593 βραχὺ
3230 5520 3322 5572 καὶ
3355 5515 3490 5588 μηδέ

1899 5612 2253 5682 φαινόμενον,
2283 5614 2492 5676 ἐκεῖνος
2527 5611 2583 5666 δὲ
2613 5610 2720 5664 ἀπὸ
2735 5608 2828 5664 τοῦ
2863 5608 3184 5669 συνειδότος,
3209 5601 3361 5676 [549]
3393 5601 3487 5653 καὶ

1900 5696 2122 5766 μείζονα
2140 5697 2233 5751 καὶ
2251 5697 2481 5767 διηνεκῆ
2495 5697 2588 5749 καὶ
2602 5693 2944 5766 γλυκυτέραν
2963 5693 3077 5762 ἔχει
3098 5689 3197 5760 τὴν
3219 5682 3488 5767 εὑφρο

1896 5797 2015 5850 νην.
2046 5780 2181 5833 Οὑδέ
2213 5766 2521 5851 γάροῦτως
2548 5780 2736 5850 ὁμιλία
2765 5778 3043 5848 γυναικὸς,
3076 5775 3152 5837 ώς
3200 5766 3485 5851 φιλοσοφία

1901 5843 2173 5936 ἀτάραχον
2206 5843 2428 5922 δύναται
2461 5843 2694 5936 τηρῆσαι
2722 5843 2899 5933 ψυχὴν
2923 5860 3016 5915 καὶ
3053 5856 3351 5929 πτερῶσαι.
3383 5843 3484 5908 Οὖ-
