3998 6414
527 382 624 438 321

524 516 618 563 τος
651 497 753 570 μιν
793 493 908 561 οὖν,
955 495 1147 566 ὥσπερ
1198 494 1358 564 ἔφην,
1413 492 1603 562 σαφῶς
1650 489 1795 544 οὕτω
1843 489 2116 543 δείκνυσιν

523 583 659 652 ἡμῖν
680 582 781 651 τὴν
817 581 1030 652 ἡδονήν·
1066 579 1158 630 ἐπὶ
1191 577 1247 630 δὲ
1282 576 1376 628 σοῦ
1417 575 1517 645 τὴν
1553 574 1653 644 μὲν
1679 572 1790 626 ἀπὸ
1815 573 1914 642 τῆς
1945 574 2117 643 ἥττης

524 664 763 734 ἀθυμίαν
789 663 921 734 ὁρῶ,
972 661 1070 730 τὴν
1111 659 1168 712 δὲ
1219 659 1414 730 ἡδονὴν
1450 656 1776 726 βουλόμενος
1825 655 1975 734 ἰδεῖν,
2015 656 2114 725 οὐχ

522 733 784 818 εὐρίσκω.
818 733 976 799 Ποῖον
1005 744 1113 812 γὰρ
1149 741 1327 811 βούλει
1355 739 1552 812 καιρὸν
1583 739 1781 810 ἡδονῆς
1812 733 1954 791 εἶναι
1974 756 1986 767 ·
2021 737 2114 790 τὸν

521 830 628 902 πρὸ
653 831 750 898 τῆς
781 827 1013 898 μίξεως;
1062 825 1201 878 Ἀλλ’
1229 825 1328 878 οὐκ
1355 824 1493 877 ἐστι’
1525 823 1726 892 μανίας
1747 821 1854 892 γάρ
1877 824 1994 874 ἐστι
2018 822 2114 874 καὶ

520 913 849 982 παραφορᾶς
904 911 998 964 καὶ
1055 909 1388 970 ἐκστάσεως.
1447 907 1521 960 Τὸ
1571 907 1681 975 γὰρ
1704 907 1830 967 τούς
1885 904 2106 967 ὀδόντας

517 994 722 1063 τρίζειν
754 995 847 1046 καὶ
879 993 1221 1058 ἐξίστασθαι,
1249 991 1346 1060 οὐχ
1380 989 1594 1060 ἡδονῆς·
1628 989 1677 1040 εί
1699 987 1756 1040 δέ
1791 987 1982 1057 ἡδονῆς
2014 984 2104 1058 ἦν,

514 1079 616 1130 οὐκ
643 1076 710 1130 ἂν
750 1075 923 1130 ταῦτά
954 1093 1012 1128 σε
1048 1077 1365 1146 εἰργάσατο,
1412 1073 1448 1128 6
1475 1075 1520 1126 οί
1574 1071 1870 1140 ἀλγοῦντες
1901 1072 2108 1139 ὐπομέ-

515 1176 688 1216 νουσι.
722 1161 834 1214 Καὶ
865 1159 975 1231 γὰρ
997 1161 1046 1212 οἰ
1072 1157 1435 1219 πυκτεύοντες
1466 1157 1562 1209 καὶ
1591 1155 1956 1225 πληττόμενοι
1983 1155 2109 1217 τοὺς

515 1243 730 1308 ὀδόντας
762 1242 1028 1313 τρίζουσι,
1054 1243 1150 1295 καὶ
1180 1243 1236 1296 αἰ
1270 1240 1560 1293 ὠδίνουσαι
1587 1239 1849 1307 γυναῖκες
1871 1236 2112 1289 διασπώ-

515 1343 677 1394 μεναι
707 1329 820 1388 τοίς
851 1327 1056 1392 πόνοις,
1083 1325 1142 1378 16
1168 1325 1302 1377 αὐτὸ
1325 1323 1488 1377 τοῦτο
1523 1322 1792 1376 ποιοῦσιν.
1822 1322 1985 1372 Ὥστε
2013 1321 2110 1392 οὐχ

511 1407 674 1480 ἡδονὴ
704 1409 883 1473 τοῦτο,
922 1408 1036 1462 ἀλλ’
1073 1409 1330 1471 ἔκστασις
1378 1407 1580 1478 μᾶλλον
1622 1407 1715 1460 καὶ
1748 1405 1976 1476 θόρυϐος
2015 1407 2109 1458 καὶ

508 1493 748 1563 ταραχή.
793 1493 933 1545 Ἀλλ’
959 1496 986 1547 6
1019 1493 1160 1563 μετά
1205 1492 1382 1546 ταῦτα
1413 1491 1641 1564 καιρός;
1689 1489 1832 1542 Ἀλλ’
1864 1489 1986 1542 οὐδὲ
2017 1483 2104 1542 οὗ.

509 1589 620 1637 τος·
654 1575 776 1628 οὐδὲ
806 1577 915 1646 γάρ
965 1576 1064 1647 τὴν
1111 1574 1380 1630 τεκοῦσαν
1438 1577 1496 1628 ἐν
1551 1575 1716 1647 ἡδονῇ
1751 1574 2004 1643 είποιμεν
2034 1572 2100 1626 ἂν

506 1653 670 1725 εἶναι,
701 1659 817 1713 ἀλλ’
850 1662 908 1713 ἐν
940 1659 1229 1731 ἀπαλλαγῇ
1278 1659 1477 1712 πόνων⁶
1527 1659 1588 1711 οὐ
1621 1658 1837 1720 πάντως
1857 1656 1914 1709 δέ
1938 1654 2102 1709 τοῦτο

1286 379 1343 435 S.
1379 376 1660 435 JOANNIS
1693 373 2188 431 CHRYSOSTOMI
2228 377 2550 434 ARCHIEP.
2591 379 3137 440 CONSTANTINOP.

3700 385 3809 443 322

2221 492 2402 564 ἡδονὴ,
2437 494 2555 548 ἀλλ’
2580 496 2834 552 ἀσθένεια
2861 500 3062 569 μᾶλλον
3093 502 3189 555 καὶ
3214 501 3430 567 ἔκλυσις
3449 520 3465 536 °
3497 505 3633 558 πολὺ
3659 505 3717 558 δὲ
3745 507 3809 560 τὸ

2220 579 2388 664 μέσον
2412 581 2689 654 ἑκατέρων
2718 588 2926 639 τούτων
2980 589 3116 642 ἐστί.
3150 590 3308 654 Ποίος
3353 585 3447 644 οὖν
3475 593 3576 662 τῆς
3606 593 3807 664 ἡδονης

2218 662 2410 733 καιρὸς
2434 705 2448 727 ,
2473 665 2594 718 εἰπέ
2646 685 2757 738 μοι.
2801 671 2916 723 Οὐκ
2947 671 3094 725 ἐστιν
3120 670 3315 737 οὐδείς⁹
3351 673 3482 727 εἰδὲ
3513 674 3606 728 καί
3632 662 3805 739 ἐστιν,

2215 746 2359 800 οὕτω
2421 747 2628 819 βραχύς
2679 751 2848 816 ἐστιν,
2877 753 2955 816 ὼς
2991 755 3126 825 μηδέ
3155 757 3463 825 φαίνεσθαι.
3492 759 3680 829 Μυρία
3710 754 3806 812 οὖν

2217 829 2696 902 φιλονεικήσαντες
2725 837 2980 906 φωρᾶσαι
3025 839 3191 892 αὐτὸν
3215 840 3310 893 καί
3340 844 3656 910 κατασχεῖν,
3703 841 3806 894 οὐκ

2212 913 2452 987 ἠδυνήθη
2462 933 2582 985 μεν.
2620 917 2759 971 Ἀλλ’
2781 920 2878 990 οὐχ
2909 922 2938 974 6
2963 921 3056 974 τοῦ
3083 921 3360 994 σώφρονος
3379 924 3641 989 τοιοῦτος,
3667 924 3806 979 ἀλλά

2213 997 2443 1063 πλατὺς,
2475 999 2570 1053 καὶ
2605 1002 2740 1054 πᾶσι
2767 1003 3090 1074 κατάδηλος·
3127 1005 3332 1076 μᾶλλον
3369 1007 3427 1060 δέ
3457 1008 3600 1069 ἀπας
3631 1010 3660 1062 6
3688 1007 3801 1076 βίος

2213 1084 2270 1134 ἐν
2305 1084 2488 1155 ἡδονῇ,
2536 1084 2630 1138 τοῦ
2663 1087 2965 1150 συνειδότος
2999 1088 3150 1156 αὐτῷ
3196 1091 3659 1161 στεφανουμένου,
3693 1091 3803 1144 τῶν

2216 1167 2476 1236 κυμάτων
2505 1169 2943 1240 ἐστορεσμένων,
2995 1171 3212 1235 οὐδενὸς
3251 1173 3549 1244 οὐδαμόθεν
3589 1177 3802 1242 ἐγγινο-

2217 1250 2378 1318 μένου
2418 1249 2669 1322 θορύϐου.
2718 1254 2870 1307 Ἐπεὶ
2897 1250 2990 1308 οὖν
3013 1251 3169 1319 οὗτος
3206 1257 3409 1326 μᾶλλον
3454 1259 3512 1311 ἐν
3559 1259 3744 1329 ἡδονῇ,
3771 1262 3800 1313 6

2212 1333 2268 1386 66
2297 1334 2575 1403 φιλήδονος
2597 1337 2654 1390 ἐν
2682 1336 2892 1408 ἀθυμίᾳ
2925 1339 3019 1391 καὶ
3039 1338 3311 1408 θορύϐοις,
3342 1340 3637 1410 φεύγωμεν
3666 1343 3793 1394 6x0-

2211 1416 2423 1482 λασίαν,
2449 1419 2802 1490 ἀντεχώμεθα
2839 1421 3215 1492 σωφροσύνης,
3277 1423 3364 1476 ἵνα
3389 1424 3485 1477 καὶ
3519 1423 3628 1477 τῶν
3666 1423 3794 1495 μελ-

2208 1498 2406 1554 λόντων
2428 1502 2777 1574 ἐπιτύχωμεν
2799 1504 3043 1573 ἀγαθῶν.
3065 1505 3248 1576 χάριτι
3274 1507 3370 1562 καὶ
3392 1507 3795 1579 φιλανθρωπίᾳ,

2206 1585 2299 1636 καί
2325 1583 2394 1637 16
2420 1583 2568 1654 ἐξῆς.

1917 2111 2161 2168 OMIAIA
2197 2111 2309 2164 ΑΠ’

502 2304 772 2376 ι’νωριζω
821 2303 891 2357 δὲ
945 2301 1107 2371 ὑμῖν,
1167 2298 1440 2368 ἀδελφοί,
1503 2296 1568 2350 τὸ
1609 2293 2000 2364 Εὐαγγέλιον,
2059 2288 2094 2376 6

457 2423 459 2426 έ
570 2366 1055 2460 εὐῇγττςλισάμῆν
1095 2366 1265 2454 ὑμῖν,
1300 2366 1332 2438 6
1373 2381 1472 2436 καί
1519 2375 1914 2447 παρελάϐετε,
1947 2376 2018 2429 ἐν
2047 2366 2096 2441 ᾧ

569 2474 670 2530 καί
705 2471 1019 2540 ἑστήκατε.
1055 2467 1128 2522 δι’
1165 2463 1238 2524 οὗ
1288 2465 1388 2520 καί
1445 2463 1727 2525 σώζεσθε,
1779 2460 1896 2514 τίνι
1930 2460 2094 2529 ,λόγῳ

566 2554 1057 2625 εὐηγγελισάμην
1079 2551 1242 2622 ὑμῖν.

573 2646 646 2695 α’.
691 2637 1029 2714 Ἀπαρτίσας
1055 2637 1148 2690 τὸν
1190 2634 1321 2706 περί
1349 2633 1457 2686 τῶν
1489 2628 1877 2714 πνευματικῶν
1909 2626 2091 2714 λόγον,

501 2722 594 2779 ἐπὶ
623 2723 686 2776 16
713 2711 932 2776 πάντων
966 2720 1397 2790 ἀναγκαιότατον
1433 2716 1778 2789 μεθίσταται,
1820 2713 1920 2784 τὴν
1963 2711 2094 2783 περὶ

501 2807 603 2877 τῆς
629 2806 977 2867 ἀναστάσεως
1005 2803 1259 2857 ὑπόθεσιν
1277 2819 1290 2834 ·
1329 2803 1422 2856 καὶ
1450 2800 1559 2874 γὰρ
1588 2801 1645 2852 ἐν
1676 2798 1849 2867 τούτῳ
1885 2796 2092 2867 σφόδρα

503 2889 746 2943 ἐνόσουν.
780 2889 888 2942 Καὶ
915 2887 1169 2959 καθάπερ
1194 2889 1287 2940 ἐπὶ
1312 2886 1419 2940 τῶν
1443 2884 1734 2956 σωμάτων,
1759 2883 1888 2936 ὅταν
1911 2880 2090 2935 αὐτῶν

503 2971 712 3042 ἅψηται
742 2972 852 3025 τῶν
901 2971 1138 3041 στερεῶν
1168 2973 1196 3024 6
1225 2969 1480 3040 πυρετὸς,
1533 2967 1676 3038 λέγω
1721 2966 1829 3020 τῶν
1879 2968 2091 3038 νεύρων

495 3058 590 3109 καί
619 3055 730 3108 τῶν
757 3053 968 3123 φλεϐῶν
1001 3053 1096 3106 καὶ
1128 3053 1236 3107 τῶν
1271 3051 1505 3124 πρώτων
1541 3050 1844 3120 στοιχείων,
1871 3051 2090 3102 ἀνίατον

494 3139 707 3208 γίνεται
732 3139 792 3192 16
824 3137 1015 3201 κακον,
1048 3137 1114 3190 ἀν
1146 3137 1222 3208 μὴ
1258 3135 1470 3203 πολλῆς
1504 3133 1789 3204 ἀπολαύσῃ
1834 3133 1934 3202 τῆς
1965 3135 2090 3186 ἐπι-

503 3222 744 3294 μελείας
770 3221 913 3274 οὕτω
936 3222 999 3290 δὴ
1024 3221 1118 3273 καὶ
1139 3221 1262 3273 τότε
1287 3217 1542 3287 γενέσθαι
1571 3217 1931 3270 ἐκινδύνευεν.
1965 3217 2088 3269 Ἑπί

496 3305 606 3378 γὰρ
633 3305 771 3360 αὐτά
803 3309 900 3377 τῆς
934 3303 1212 3366 εὐσεϐείας
1245 3302 1314 3356 16
1348 3305 1587 3372 στοιχεῖα
1631 3301 1694 3354 16
1741 3300 1912 3354 κακον
1961 3299 2089 3352 ἐϐά-

494 3389 629 3453 διζε.
684 3389 776 3442 Διὸ
827 3388 921 3442 καὶ
956 3386 1125 3458 πολλῇ
1174 3390 1242 3458 τῇ
1301 3386 1504 3456 σπουδῇ
1555 3385 1822 3455 κέχρηται
1868 3383 2018 3455 [550]
2059 3385 2088 3436 6

496 3473 725 3537 Παῦλος.
761 3473 894 3526 Οὐδέ
915 3476 1024 3543 γὰρ
1059 3489 1124 3524 πε
1133 3473 1188 3541 ρί
1223 3471 1341 3542 βίου
1375 3469 1564 3523 λοιπὸν
1590 3471 1618 3523 6
1639 3469 1794 3536 λόγος
1820 3463 1887 3538 ἦν
1914 3467 2084 3538 αὐτῷ,

492 3557 604 3609 οὐδ’
626 3557 708 3610 ὅτι
735 3559 764 3610 6
795 3557 894 3626 μὲν
925 3555 1240 3628 ἐπόρνευεν,
1267 3556 1295 3608 6
1328 3554 1385 3606 δὲ
1428 3552 1800 3616 ἐπλεονέκτει,
1848 3553 1876 3606 6
1913 3551 1970 3604 66
2003 3551 2086 3604 ὅτι

495 3639 924 3710 κεκαλυμμένην
972 3634 1085 3708 εἶχε
1137 3638 1239 3710 τὴν
1295 3636 1561 3708 κεφαλὴν,
1614 3634 1750 3688 ἀλλά
1793 3636 1924 3708 περὶ
1955 3633 2088 3687 αὐτὸ

493 3723 603 3776 τῶν
638 3721 862 3791 ἀγαθῶν
891 3722 952 3775 16
976 3722 1296 3791 κεφάλαιονο
1333 3720 1462 3792 περὶ
1503 3718 1613 3790 γάρ
1642 3719 1740 3789 τὴν
1785 3719 2086 3772 ἀνάστασιν

493 3805 663 3878 αὐτὴν
692 3803 1032 3870 ἐστασίαζον.
1078 3803 1300 3874 Ἐπειδὴ
1328 3802 1438 3874 γάρ
1468 3805 1500 3872 ἡ
1539 3804 1691 3856 πᾶσα
1725 3801 1882 3872 ἡμῶν
1929 3800 2084 3864 ἐλπὶς

493 3889 656 3958 αὕτη,
683 3888 820 3959 πρὸς
850 3887 1008 3941 τοῦτο
1043 3886 1287 3958 σφοδρῶς
1340 3887 1524 3939 ἵστατο
1573 3887 1603 3937 6
1660 3883 1928 3948 διάϐολος,
1989 3881 2083 3938 καὶ

494 3981 625 4031 ποτὲ
655 3972 751 4041 μέν
781 3971 972 4043 ἀνῄρει
1002 3970 1258 4037 καθάπαξ
1291 3968 1480 4042 αὐτὴν,
1518 3967 1647 4022 ποτέ
1676 3967 1734 4021 66
1763 3967 1948 4035 ἔλεγεν
1981 3964 2084 4038 ήδη

491 4057 796 4123 γεγονέναν
837 4054 864 4108 6
913 4054 1009 4108 καὶ
1037 4054 1289 4125 Τιμοθέῳ
1345 4054 1574 4126 γράφων
1625 4055 1655 4106 6
1706 4051 1918 4115 Παῦλος
1945 4051 2085 4119 γάγ-

493 4155 722 4208 γραιναν
770 4137 954 4191 ἐκάλει
983 4136 1044 4191 16
1070 4137 1306 4209 πονηρὸν
1355 4135 1512 4190 τοῦτο
1557 4135 1754 4206 δόγμα,
1807 4134 1900 4188 καὶ
1953 4135 2084 4198 τοὺς

491 4221 811 4290 εἰσάγοντας
837 4221 970 4274 αὐτὸ
997 4219 1178 4284 ἔστιξε
1202 4221 1394 4289 λέγων⁹
1421 4215 1536 4274 Ὦν
1563 4221 1737 4274 ἐστιν
1770 4220 2082 4289 Ὑμέναιος

491 4304 592 4358 καί
624 4307 900 4373 Φιλητὸς,
933 4307 1152 4372 οἵτινες
1177 4306 1311 4372 περὶ
1346 4304 1463 4373 τὴν
1493 4304 1786 4370 ἀλήθειαν
1817 4305 2083 4373 ἠστόχη-

491 4405 631 4454 σαν,
667 4388 950 4459 λέγοντες
1005 4388 1121 4456 τὴν
1176 4388 1520 4444 ἀνάστασιν
1573 4389 1693 4458 ἤδη
1748 4387 2080 4459 γεγονέναι,

491 4472 591 4527 καί
625 4473 1032 4542 ἀνατρέπουσι
1069 4473 1177 4538 τήν
1209 4490 1389 4526 τινων
1419 4473 1650 4527 πίστιν.
1689 4472 1828 4525 H016
1862 4472 1962 4542 μὲν
1987 4466 2080 4524 οὖν

489 4556 648 4608 τοῦτο
699 4555 904 4623 ἐλεγον,
960 4556 1091 4609 ποτέ
1119 4555 1177 4608 δέ
1207 4556 1290 4608 ὃτι
1321 4555 1383 4606 τὸ
1415 4553 1575 4624 σῶμα
1619 4555 1720 4608 οὐκ
1770 4553 2078 4620 ἀνίσταται,

491 4638 630 4693 ἀλλά
678 4639 780 4708 τῆς
807 4637 985 4708 ψυχῆς
1041 4639 1072 4690 6
1124 4637 1409 4707 καθαρμός
1465 4639 1615 4692 ἐστιν
1668 4640 1700 4710 ἡ
1755 4637 2075 4701 ἀνάστασις.

494 4719 678 4774 Ταῦτα
709 4719 766 4774 66
811 4719 996 4773 ἐπειθε
1053 4720 1232 4789 λέγειν
1260 4721 1289 4772 6
1341 4721 1578 4793 πονηρὸς
1610 4721 1819 4792 δαίμων
1848 4721 2077 4786 ἐκεῖνος,

491 4805 552 4859 οὐ
581 4803 684 4875 τὴν
716 4805 1016 4858 ἀνάστασιν
1039 4803 1345 4876 ἀνατρέψαι
1371 4804 1691 4876 βουλόμενος
1719 4804 1902 4873 μόνον,
1941 4804 2080 4858 ἀλλά

493 4891 586 4941 καὶ
617 4887 690 4941 16
719 4888 859 4960 ὑπὲρ
891 4887 1048 4960 ἡμῶν
1099 4888 1370 4959 γενόμενα
1429 4888 1647 4942 ἅπαντα
1682 4887 1852 4953 δεῖξαι
1909 4888 2080 4960 μῦθον

493 4971 640 5026 ὂντα.
675 4971 737 5025 Εἰ
765 4971 874 5044 γὰρ
906 4971 1240 5042 ἐπείσθησαν
1271 4971 1347 5042 μὴ
1379 4966 1518 5026 εἶναι
1546 4972 1816 5042 σωμάτων
1839 4973 2078 5028 ἀνάστα-

494 5071 599 5117 σιν,
627 5055 766 5126 μετά
794 5056 988 5126 μικρὸν
1023 5056 1223 5120 αὐτοὺς
1254 5055 1438 5109 ἔπειθε
1494 5056 1630 5128 μηδὲ
1678 5057 1916 5127 Χριστὸν
1947 5060 2080 5129 ἐγη-

491 5139 704 5212 γέρθαι·
729 5141 835 5193 ἀπὸ
865 5141 920 5194 δέ
949 5141 1141 5195 τούτου
1174 5143 1397 5195 κάκεῖνο
1427 5141 1648 5213 εἰσῆγεν
1675 5141 1780 5212 ὁδῷ
1817 5142 2076 5212 βαδίζων,

489 5222 550 5276 τὸ
572 5223 646 5296 μὴ
669 5224 1102 5292 παραγεγονέναι
1127 5224 1260 5296 μηδέ
1284 5225 1642 5294 πεποιηκέναι
1666 5224 1810 5295 άπερ
1831 5224 2075 5297 ἐποίησε.

489 5306 726 5377 Τοιαύτη
754 5308 862 5378 γάρ
885 5309 918 5378 ἡ
949 5308 1044 5362 τοῦ
1073 5307 1321 5362 διαϐόλου
1345 5309 1671 5379 κακουργία.
1697 5309 1788 5361 Διὸ
1819 5311 1912 5362 καὶ
1943 5310 2076 5379 μεθ-

487 5389 664 5443 οδείαν
696 5391 866 5461 αὐτὴν
895 5391 1052 5444 καλεῖ
1078 5393 1106 5445 6
1142 5392 1376 5454 Παῦλος,
1407 5393 1491 5445 ὅτι
1556 5393 1657 5444 οὐκ
1700 5389 1760 5456 ἐξ
1806 5391 2024 5456 εὐθείας
2049 5393 2078 5446 6

491 5472 740 5543 βούλεται
775 5475 1182 5529 κατασκευάσαι
1209 5475 1504 5537 δείκνυσιν,
1532 5474 1673 5528 ὥστε
1713 5475 1788 5546 μὴ
1815 5475 2072 5543 γενέσθαι

489 5557 836 5628 κατάφωρος,
891 5557 1006 5610 ἀλλ’
1059 5557 1247 5627 ἕτερον
1308 5557 1487 5628 ἐαυτῷ
1544 5557 1848 5628 περιτιθεὶς
1906 5575 2074 5630 προσ-

485 5643 705 5704 ωπεῖον,
760 5640 922 5712 ἕτερα
968 5641 1262 5708 τεκταίνει,
1290 5642 1384 5694 καὶ
1415 5640 1666 5712 καθάπερ
1697 5641 1947 5712 πολέμιος
1977 5643 2073 5696 καὶ

491 5723 796 5794 κακοῦργος
844 5723 997 5777 πόλει
1026 5723 1350 5794 προσϐαλὼν
1407 5727 1502 5778 καὶ
1550 5725 1779 5794 τείχεσι,
1826 5725 2072 5778 κάτωθεν

492 5805 781 5875 υπορύττει
809 5807 1104 5873 λανθάνων,
1137 5806 1276 5861 ὥστε
1330 5807 1500 5880 ταύτῃ
1558 5807 1807 5875 γενέσθαι
1863 5807 2067 5878 δυσφύ-

2197 2288 2414 2358 λακτος,
2467 2296 2561 2348 καὶ
2613 2298 2960 2368 κατορθῶσαι
3012 2299 3156 2371 ἆπερ
3205 2301 3531 2356 ἐσπούδακε.
3587 2305 3796 2380 Δτόπερ

2196 2374 2284 2427 ἀεὶ
2332 2375 2431 2440 τάς
2477 2377 2734 2444 τοιαύτας
2767 2380 2934 2435 αὐτοῦ
2984 2383 3169 2451 πάγας
3211 2383 3513 2455 εὑρίσκων,
3536 2387 3632 2439 καί
3663 2374 3797 2455 τοὺς

2195 2459 2470 2530 πονηροὺς
2513 2460 2741 2527 τούτους
2781 2463 2966 2534 θηρῶν
2991 2464 3182 2536 λόχους
3209 2468 3238 2520 6
3268 2465 3588 2537 θαυμαστὸς
3632 2463 3796 2538 οὗτος

2194 2542 2292 2595 καὶ
2324 2543 2498 2613 μέγας
2522 2544 2682 2617 ἀνὴρ,
2710 2545 2918 2616 ἔλεγεν·
2951 2550 3034 2603 Οὐ
3057 2547 3167 2619 γὰρ
3189 2551 3377 2604 αὑτοῦ
3410 2551 3482 2606 τὰ
3512 2552 3798 2624 νοήματα

2191 2627 2549 2697 ἀγνοοῦμεν.
2577 2630 2689 2684 Καὶ
2706 2631 2816 2703 γὰρ
2845 2631 3080 2686 ἐνταῦθα
3103 2632 3294 2706 όλόκλη
3303 2651 3394 2705 ρον
3415 2635 3764 2694 ἀνακαλύπτε
3773 2659 3798 2695 ι.

2191 2710 2284 2778 τὸν
2312 2710 2464 2766 δόλον
2492 2711 2683 2779 αὐτοῦ,
2709 2715 2801 2768 καὶ
2826 2714 3006 2770 πάντα
3030 2716 3271 2771 δείκνυσι
3297 2717 3365 2772 τὰ
3390 2721 3795 2792 μηχανήματα,

2193 2795 2287 2848 καὶ
2319 2794 2420 2848 ὅσα
2473 2795 2724 2866 βούλεται
2757 2800 3166 2854 κατασκευάσαι
3211 2801 3537 2873 προτίθησιν
3575 2806 3654 2869 είς
3681 2807 3788 2876 μὲ-

2193 2895 2305 2944 σον,
2333 2878 2476 2949 μετά
2507 2880 2709 2952 πολλῆς
2735 2881 3021 2954 ἀκριϐείας
3048 2883 3253 2938 ἅπασιν
3295 2884 3487 2939 ἐπιών.
3533 2886 3632 2940 Διά
3680 2890 3794 2961 γὰρ

2189 2961 2348 3014 τοῦτο
2396 2963 2492 3016 καὶ
2538 2963 2770 3034 ὕστερον
2797 2965 3011 3019 τέθεικε
3056 2967 3206 3020 τουτί
3253 2967 3316 3020 16
3347 2969 3645 3038 κεφάλαιον
3675 2973 3791 3025 τῶν

2189 3045 2385 3111 ἄλλων,
2429 3046 2619 3118 ἐπειδὴ
2652 3048 2748 3101 καί
2775 3049 2985 3119 σφόδρα
3014 3050 3446 3118 ἀναγκαιότατον
3471 3047 3560 3122 ἦν,
3594 3055 3688 3109 καὶ
3718 3059 3790 3110 τά

2189 3131 2440 3202 ἡμέτερα
2485 3131 2708 3202 συνέχον
2742 3131 2979 3186 ἅπαντα.
3016 3133 3125 3188 Καὶ
3159 3135 3353 3188 σκόπει
3383 3136 3619 3192 σύνεσιν·
3652 3138 3789 3209 πρό-

2187 3231 2346 3284 τερον
2389 3213 2500 3285 γὰρ
2525 3215 2650 3278 τούς
2679 3215 2915 3280 οἰκείους
2952 3216 3414 3289 ἀσφαλισάμενος,
3459 3220 3583 3274 τότε
3624 3221 3789 3287 ἐπεξ-

2187 3297 2408 3369 έρχεται
2441 3298 2536 3352 καὶ
2560 3299 2872 3370 περαιτέρω
2910 3300 2986 3370 τῷ
3019 3301 3184 3372 λόγῳ,
3213 3303 3306 3356 καὶ
3331 3306 3458 3368 τούς
3491 3305 3691 3372 ἔξωθεν
3720 3309 3788 3362 ἐκ

2188 3383 2506 3452 περιουσίας
2557 3383 2922 3452 ἐπιστομίζει.
2967 3386 3355 3454 Ἀσφαλίζεται
3405 3388 3461 3442 δὲ
3513 3391 3640 3454 τοὺς
3699 3393 3786 3444 οἰο-

2188 3465 2392 3529 κείους,
2419 3467 2521 3519 οὐκ
2560 3467 2668 3519 ἀπὸ
2702 3467 3002 3537 λογισμῶν,
3042 3469 3157 3522 ἀλλ’
3183 3470 3290 3523 ἀπὸ
3333 3471 3442 3524 τῶν
3486 3473 3586 3544 ἡδη
3621 3491 3787 3544 γεγε-

2191 3551 2462 3620 νημένων,
2491 3551 2586 3603 καὶ
2616 3550 2759 3623 ἀπερ
2798 3552 2954 3605 αὐτοὶ
2983 3552 3338 3618 κατεδέξαντο
3385 3555 3480 3609 καί
3529 3558 3786 3614 ἐπίστευ-

2192 3650 2292 3686 σαν
2340 3633 2694 3704 γεγενῆσθαυ
2749 3634 2777 3687 6
2837 3635 3077 3706 μάλιστα
3127 3631 3194 3708 ἧν
3252 3638 3632 3708 ἐντρεπτικὺν,
3687 3645 3785 3696 καὶ

2190 3715 2373 3770 ἰκανὸν
2406 3717 2606 3781 αὐτοὺς
2635 3721 2954 3789 κατασχεῖν.
2991 3717 3056 3772 ΕΞ
3089 3721 3197 3792 γὰρ
3247 3720 3625 3793 ἠϐουλήθησαν
3657 3727 3785 3780 ἀπι-

2189 3799 2387 3870 στῆσαι
2419 3801 2559 3872 μετά
2588 3800 2784 3863 ταῦτα,
2819 3802 3001 3856 οὐκέτι
3029 3801 3216 3856 λοιπὸν
3263 3803 3342 3875 τῷ
3390 3804 3610 3876 Παύλῳ,
3665 3810 3782 3862 ἀλλ’

2186 3885 2402 3949 ἑαυτοῖς
2429 3885 2655 3956 ἔμελλον
2677 3887 2949 3940 ἀπιστεῖν·
2976 3887 3114 3959 ὅπερ
3140 3889 3444 3961 κατηγορία
3467 3885 3534 3960 ἦν
3554 3891 3782 3947 ἐκείνων

2183 3968 2294 4023 τῶν
2327 3969 2479 4034 ἅπαξ
2530 3969 2984 4042 καταδεξαμένων
3015 3971 3112 4024 καὶ
3144 3972 3548 4043 μεταθεμένων.
3584 3977 3684 4028 Διὰ
3714 3976 3778 4048 δὴ

2183 4052 2345 4106 τοῦτο
2387 4054 2485 4105 καί
2531 4052 2783 4108 ἐντεῦθεν
2818 4054 3070 4125 ἄρχεται,
3114 4053 3330 4119 δεικνὺς
3355 4057 3438 4109 ὅτι
3467 4058 3564 4109 οὐκ
3594 4055 3777 4110 ἄλλων

2181 4135 2355 4189 δεῖται
2383 4135 2684 4208 μαρτύρων
2714 4139 2795 4200 εἰς
2815 4139 2874 4191 τὸ
2889 4137 3086 4204 δεῖξαι,
3111 4138 3194 4191 ὅτι
3222 4137 3424 4209 τάληθῆ
3450 4139 3618 4207 λέγει,
3648 4139 3773 4194 ἀλλ’

2184 4218 2367 4272 αὐτῶν
2399 4218 2627 4274 ἐκείνων
2656 4220 2765 4274 τῶν
2781 4221 3175 4291 ἡπατημένων.
3197 4219 3474 4294 [Ζιὸίγίνα
3497 4222 3551 4276 δέ
3571 4222 3600 4276 6
3628 4223 3778 4293 λέγω

2185 4301 2522 4374 σαφέστερον
2556 4304 2806 4374 γένηται,
2848 4303 3028 4357 αὐτῶν
3055 4302 3242 4359 λοιπὸν
3274 4305 3570 4372 ἀναγκαῖον
3609 4307 3778 4362 ἀκοῦ-

2185 4403 2276 4440 σαι
2306 4387 2414 4440 τῶν
2451 4387 2734 4457 ῥημάτων.
2770 4389 2904 4442 Τίνα
2943 4387 3038 4442 οὖν
3089 4388 3266 4443 ταῦτά
3313 4391 3469 4456 ἐστι;
3502 4393 3780 4460 Γνωρίζω

2181 4469 2345 4539 ὑμῖν,
2381 4470 2656 4540 ἀδελφοί,
2695 4471 2850 4542 φησί,
2873 4470 2939 4526 16
2979 4472 3371 4542 Εὑαγγέλιον,
3397 4473 3430 4527 6
3462 4476 3778 4544 εὐηγγελιο

2182 4552 2390 4624 σάμην
2421 4554 2579 4624 ὑμῖν.
2619 4553 2771 4619 Εἶδες
2824 4556 2941 4626 μεθ’
2966 4557 3100 4626 ὅσης
3150 4557 3455 4620 ἐπιεικείας
3502 4559 3770 4629 ἄρχεταις

2182 4632 2321 4701 εἶδες
2351 4637 2472 4700 πῶς
2501 4637 2611 4690 ἀπὸ
2661 4637 2761 4708 τῆς
2794 4638 2972 4709 ἀρχῆς
2997 4638 3217 4704 ἔδειξεν,
3252 4639 3335 4692 δτι
3381 4640 3536 4694 οὐδὲν
3587 4643 3775 4695 καινὸν

2181 4721 2423 4800 εἰσάγει,
2463 4720 2586 4774 οὐδὲ
2637 4719 2818 4788 ξένονς
2867 4722 2925 4774 '0
2954 4720 3064 4791 γάρ
3096 4721 3378 4792 γνωρίζων
3408 4722 3469 4775 16
3497 4721 3598 4794 ῆδη
3635 4741 3772 4800 γνω·

2186 4805 2334 4871 σθεν,
2385 4799 2504 4858 εἶτα
2534 4806 2614 4869 εἰς
2644 4805 2816 4876 λὴθην
2849 4804 3126 4875 ἐμπεσὼν,
3159 4804 3416 4879 γνωρίζει
3475 4805 3640 4868 πάλιν
3691 4809 3768 4870 εἰς

2189 4889 2411 4960 μνήμην
2444 4887 2614 4956 ἄγων.
2645 4887 2900 4952 Καλέσας
2931 4887 2988 4942 δὲ
3022 4885 3307 4958 ἀδελφοὺς,
3345 4888 3406 4941 οὐ
3439 4889 3645 4959 μικρὰν
3679 4891 3774 4943 καὶ

2183 4971 2436 5025 ἐντεῦθεν
2466 4971 2911 5042 προκατεϐἀλετο
2937 4971 3049 5026 τῶν
3083 4971 3391 5043 λεγομένων
3416 4970 3516 5042 τὴν
3551 4972 3772 5027 ἀπόδεις

2185 5056 2287 5120 ξιν.
2331 5055 2575 5125 Ἀδελφοί
2605 5057 2715 5128 γὰρ
2747 5057 3048 5126 οὐδαμόθεν
3073 5055 3394 5127 ἐγενόμεθα,
3435 5055 3554 5109 ἀλλ’
3583 5057 3616 5128 ἢ
3666 5058 3772 5113 ἀπὸ

2181 5140 2283 5210 τῆς
2310 5139 2452 5194 κατά
2480 5141 2660 5212 σάρκα
2689 5140 2784 5194 τοῦ
2815 5141 3055 5212 Χριστοῦ
3083 5142 3420 5209 οἰκονομίας.
3452 5139 3543 5193 Διὸ
3569 5140 3636 5212 δὴ
3679 5143 3772 5199 καὶ

2185 5223 2361 5286 οὕτως
2386 5224 2584 5287 αὐτοὺς
2610 5223 2892 5288 ἐκάλεσεν,
2924 5224 3063 5295 ὁμοῦ
3100 5224 3199 5295 μὲν
3233 5223 3642 5295 καταπραΰνων
3677 5225 3772 5278 καί

2182 5305 2527 5378 θεραπεύων,
2555 5306 2690 5377 ὁμοῦ
2715 5307 2773 5360 δέ
2796 5307 2906 5360 τῶν
2936 5308 3148 5378 μυρίων
3193 5305 3417 5375 ἀγαθῶν
3457 5309 3772 5380 ἀναμιμνή-

2181 5407 2350 5445 σκων.
2383 5391 2494 5444 Καὶ
2513 5390 2576 5444 16
2604 5391 2732 5462 ἐξῆς
2753 5389 2916 5444 πάλιν
2933 5389 3028 5444 τοῦ
3049 5389 3218 5445 αὐτοῦ
3241 5393 3766 5448 κατασκευαστικόν.

2180 5475 2341 5529 Ποῖον
2355 5472 2420 5546 δὴ
2450 5473 2637 5538 τοῦτο;
2669 5474 2742 5527 T6
2764 5472 3114 5543 Εὐαγγέλιον.
3143 5474 3264 5527 Τῶν
3286 5476 3395 5543 γάρ
3419 5473 3771 5543 Εὐαγγελίων

2176 5563 2238 5613 16
2264 5559 2558 5630 κεφάλαιον
2600 5558 2852 5613 ἐντεῦθεν
2884 5558 2996 5629 ἔχει
3039 5558 3138 5629 τὴν
3173 5559 3369 5629 ἀρχὴν,
3403 5558 3512 5611 ἀπὸ
3544 5559 3639 5611 τοῦ
3677 5559 3769 5613 16v

2181 5643 2313 5696 θεὸν
2373 5641 2627 5710 γενέσθαι
2687 5641 2997 5711 ἄνθρωπον,
3055 5641 3151 5694 καί
3214 5639 3622 5710 σταυρωθῆναι,
3679 5643 3770 5696 καί

2181 5725 2501 5793 ἀναστῆναι.
2552 5724 2724 5778 Τοῦτο
2779 5725 2872 5777 καὶ
2922 5725 2949 5776 6
3002 5722 3240 5794 Γαϐριὴλ
3280 5722 3668 5792 εὐηγγελίζετο
3700 5727 3764 5795 τῇ

2183 5808 2463 5882 Παρθένῳ,
2520 5808 2677 5862 τοῦτο
2735 5809 2826 5862 καὶ
2883 5810 2930 5862 οξ
2991 5808 3263 5879 προφῆται
3321 5811 3387 5878 τῇ
3447 5808 3763 5882 οἰκουμένῃ,
