3998 6412
1093 354 1159 410 ιη
1198 349 1416 408 EPIST.
1457 348 1479 403 ι
1543 345 1633 400 AD
1671 341 1825 399 COB.

1966 335 2112 391 nun
2158 327 2440 387 XXXVI".
3387 312 3494 367 322

1902 451 2119 526 quitur?
2145 449 2248 504 Sed
2277 460 2447 515 neque
2479 442 2581 497 hoc
2601 439 2827 495 dixeris.
2857 437 3039 507 Neque
3069 434 3211 491 enim
3233 447 3349 488 eam
3374 448 3493 504 quae

1907 544 2111 616 peperit
2129 538 2423 595 dixerimus
2450 548 2571 589 esse
2598 534 2649 586 in
2676 531 2968 600 voluptate,
2991 526 3084 583 sed
3117 524 3167 582 in
3198 525 3442 580 libertate
3464 539 3494 578 a

1906 634 2180 709 doloribus
2211 650 2224 686 :
2259 644 2363 684 non
2403 635 2488 682 est
2526 634 2704 680 autem
2752 622 2910 691 plane
2937 620 3039 674 huc
3068 618 3314 688 voluptas
3338 659 3353 682 ,
3402 617 3495 670 sed

1910 728 2086 800 potius
2122 722 2458 781 imbecillitas
2486 728 2537 774 et
2577 715 2895 778 dissolutio;
2936 713 3161 768 multum
3201 720 3379 766 autem
3419 710 3503 764 in-

1913 827 2078 875 terest
2122 816 2261 871 inter
2302 821 2605 880 utrumque.
2657 806 2934 874 Quodnam
2983 813 3066 859 est
3112 818 3239 872 ergo
3288 810 3498 871 tempus

1912 909 2220 980 voluptatis,
2248 905 2334 961 dic
2359 903 2581 975 quaeso?
2610 901 2823 955 Nullum
2856 907 2939 953 est
2966 916 2979 952 :
3009 897 3053 951 si
3080 904 3166 951 est
3193 904 3395 958 tamen,
3423 903 3508 950 est

1914 1003 2049 1058 adeo
2090 1001 2281 1061 breve,
2330 1004 2387 1049 ut
2432 1009 2498 1048 ne
2545 998 2804 1062 appareat
2843 988 3082 1057 quidem.
3137 984 3270 1040 Cum
3315 984 3509 1039 millies

1918 1090 2351 1148 contenderimus
2382 1096 2438 1140 ut
2471 1083 2598 1140 illud
2644 1078 3177 1150 deprehenderemus
3206 1086 3261 1131 et
3304 1077 3507 1131 retine-

205 384 297 439 3‘2!

208 513 257 558 et
300 496 442 569 qttud
485 508 555 548 ne
600 489 737 543 ultra
788 487 1042 553 appareat
1085 471 1333 544 quidem;
1367 466 1457 520 ille
1499 471 1675 517 autent
1729 474 1793 513 ex

209 590 540 653 conscientia
593 582 852 648 majorem
902 572 1066 628 habet
1112 576 1168 621 et
1218 570 1529 635 perpetuam
1584 553 1797 608 suavio—

210 697 432 753 remque
465 676 727 733 laetitiam.
767 668 952 737 Neque
998 660 1140 716 enim
1182 649 1516 711 consuetudo
1558 643 1799 701 mulieris

213 785 391 851 potest
415 784 524 829 tam
552 760 988 837 imperturbatam
1019 750 1246 807 reddere
1285 744 1520 800 animam
1541 781 1557 804 ,
1599 745 1654 792 et
1681 748 1801 790 eam

214 825 466 925 insi—tum
489 825 743 919 evehere,
771 863 929 922 quam
957 837 1315 915 philosophia.
1345 834 1409 888 Et
1438 830 1660 901 pudicus
1686 825 1802 896 qui-

214 962 361 1025 dem,
392 956 533 1011 sicut
557 950 705 1013 dixi,
736 918 923 1016 aperte
965 934 1122 991 nobis
1161 931 1487 998 voluptatem
1518 918 1754 977 ostendit
1786 933 1802 971 :

218 1056 268 1109 in
302 1061 356 1107 te
399 1056 577 1102 autem
609 1057 675 1097 ex
720 1051 786 1093 eo
814 1030 1065 1104 quidem,
1109 1021 1252 1095 quod
1283 1020 1359 1075 sis
1399 1017 1606 1079 victus,
1652 1009 1808 1064 video

218 1141 383 1200 animi
411 1132 804 1208 aegritudinem,
826 1101 1153 1190 voluptatem
1181 1122 1360 1169 autem
1394 1108 1581 1161 volens
1605 1101 1806 1163 videre,

221 1251 328 1291 non
361 1228 598 1287 invenio.
620 1219 899 1291 Quodnam
928 1211 1071 1267 enim
1094 1206 1173 1261 vis
1198 1219 1318 1260 esse
1341 1211 1549 1269 tempus
1567 1193 1814 1262 volupta-

226 1329 336 1384 tis?
366 1324 492 1381 idne
529 1314 671 1389 quod
701 1321 783 1367 est
812 1316 937 1363 ante
965 1297 1207 1359 coitum?
1254 1292 1358 1352 Sed
1412 1305 1518 1345 non
1568 1294 1687 1346 est;
1735 1290 1819 1337 est

224 1420 369 1476 enim
413 1410 612 1469 furoris
654 1414 709 1461 et
738 1398 961 1458 insania:
986 1402 1039 1449 et
1079 1389 1273 1447 mentis
1301 1393 1513 1440 emotae.
1563 1373 1819 1433 Dentibus

225 1512 368 1569 enim
401 1502 665 1565 stridere,
697 1504 752 1551 et
778 1509 808 1547 e
834 1497 973 1545 statu
1005 1481 1199 1540 mentis
1237 1472 1539 1537 dimoveri,
1585 1482 1690 1524 non
1738 1471 1822 1519 est

227 1597 517 1671 voluptatis
550 1612 564 1649 :
597 1592 679 1647 sin
710 1595 855 1644 esset
880 1590 1061 1637 autem
1100 1570 1388 1641 voluptatis
1410 1608 1424 1630 ,
1456 1579 1562 1620 non
1610 1575 1674 1616 ea
1724 1556 1822 1613 tibi

231 1649 535 1753 inlusisset,
566 1697 687 1756 qua:
710 1676 979 1735 sustinent
1009 1670 1043 1724 ii
1063 1667 1153 1739 qui
1175 1660 1461 1719 admodum
1485 1654 1687 1710 dolent.
1718 1649 1825 1703 Pu-

232 1786 366 1853 giles
393 1780 562 1842 enim,
584 1742 721 1827 .tam
750 1768 840 1839 qui
870 1760 1176 1835 percutiunt
1205 1768 1364 1826 quam
1392 1750 1481 1820 qui
1513 1742 1826 1817 percutiun-

233 1891 337 1939 tur,
372 1870 602 1929 strident
629 1861 878 1921 dentibus
909 1875 922 1911 :
957 1863 1011 1911 et
1036 1849 1393 1923 parturientes
1417 1840 1687 1903 mulieres,
1709 1847 1830 1904 qute

239 1928 615 2026 distrahuntur
633 1953 932 2016 doloribus,
966 1947 1198 2017 idipsum
1232 1938 1447 1995 faciunt.
1473 1928 1830 2001 Quamobrem

237 2078 341 2117 non
376 2067 462 2116 est
489 2055 545 2111 id
576 2049 857 2118 voluptas,
890 2039 985 2097 sed
1017 2037 1195 2109 potius
1228 2028 1423 2087 mentis
1452 2035 1707 2080 excessus
1745 2026 1833 2072 tu-

240 2115 551 2217 multusque
595 2151 651 2198 et
675 2115 1030 2211 perturbatio.
1064 2130 1146 2184 An
1184 2134 1394 2193 tempus
1422 2115 1562 2188 quod
1596 2120 1715 2183 post
1750 2122 1837 2163 se-

1922 1200 2102 1239 remus
2122 1225 2136 1248 ,
2166 1197 2273 1236 non
2303 1177 2593 1249 potuimus.
2638 1172 2744 1227 Sed
2772 1170 3124 1240 temperantis
3151 1177 3206 1223 et
3247 1167 3511 1222 moderati

1926 1284 2135 1343 tempus
2163 1288 2266 1326 non
2293 1281 2375 1325 est
2404 1265 2689 1339 ejusmodi,
2721 1262 2815 1317 sed
2838 1261 3129 1331 spatiosum
3153 1268 3237 1315 est
3263 1270 3318 1314 et
3344 1259 3515 1314 omni-

1927 1365 2025 1419 bus
2045 1362 2263 1419 evidens
2287 1378 2301 1425 ;
2331 1360 2412 1413 vel
2436 1357 2614 1428 potius
2637 1363 2745 1409 tota
2774 1353 2891 1421 ejus
2915 1351 3016 1405 vita
3043 1360 3127 1405 est
3148 1351 3199 1403 in
3224 1349 3518 1418 voluptate,

1927 1473 2046 1513 cum
2099 1455 2217 1526 ejus
2267 1449 2594 1507 conscientia
2646 1453 2957 1509 coronetur,
3016 1456 3136 1497 cum
3198 1440 3364 1495 sedati
3414 1440 3522 1493 siut

1930 1550 2142 1615 ﬂuctus,
2173 1547 2318 1602 nullo
2346 1560 2409 1600 ex
2441 1542 2630 1614 quavis
2662 1547 2812 1610 parte
2856 1536 3064 1591 oriente
3112 1534 3358 1588 tumultu.
3389 1531 3522 1587 Cum

1931 1658 2058 1713 ergo
2087 1640 2173 1695 hic
2200 1637 2369 1709 magis
2392 1636 2460 1690 sit
2492 1635 2543 1688 in
2576 1633 2844 1702 voluptate
2863 1670 2878 1695 ,
2912 1626 3230 1682 libidinosus
3259 1633 3437 1679 autem
3470 1624 3522 1678 in

1932 1734 2095 1791 animi
2121 1730 2437 1803 aegritudine
2465 1735 2520 1783 et
2544 1722 2889 1784 ttuuultibus,
2941 1718 3205 1789 fugiamus
3249 1716 3528 1770 libidinem

1934 1836 1991 1883 et
2035 1820 2499 1893 intemperantiam
2525 1859 2539 1882 ,
2591 1814 2980 1885 amplectamur
3027 1807 3434 1879 temperantiam
3479 1815 3534 1859 et

1937 1918 2259 1979 eastitatem,
2296 1920 2355 1966 ut
2381 1910 2517 1965 bona
2545 1908 2706 1961 etiam
2735 1904 2914 1959 futura
2945 1912 3365 1969 consequamur,
3405 1911 3531 1966 gra-

1940 2013 2011 2068 tia
2038 2020 2094 2066 et
2123 2004 2473 2076 benignitate,
2504 2008 2608 2056 etc.

1492 2320 1836 2389 HOMlLIA
1878 2308 2247 2377 XXXVIII.

244 2515 372 2568 Car.
408 2508 492 2565 l5.
539 2521 589 2558 v.
615 2504 663 2557 l.
698 2497 891 2553 Notum
919 2498 1089 2545 autem
1111 2482 1247 2539 vobis
1274 2478 1430 2550 facio,
1457 2478 1671 2545 fratres,
1700 2479 1843 2520 evan-

317 2606 509 2677 gelium
553 2596 692 2669 quod
733 2586 1006 2662 prwdicavi
1049 2579 1209 2635 vobis.
1223 2572 1358 2647 quod
1385 2581 1428 2624 et
1457 2562 1720 2633 accepistis
1748 2601 1762 2623 ,
1794 2558 1847 2611 in

320 2652 505 2677 U""""
567 2652 578 2669 ι
734 2652 744 2662 Ι

316 2712 421 2766 quo
448 2704 495 2749 et
518 2690 665 2746 statis
691 2729 705 2751 ,
736 2685 792 2739 2.
825 2698 912 2751 per
943 2675 1077 2749 quod
1114 2682 1159 2727 et
1185 2663 1453 2725 salvamini
1471 2702 1486 2727 ,
1526 2674 1627 2728 qua
1655 2652 1850 2708 ratione

321 2784 707 2863 pt‘wdicarerim
732 2779 888 2833 vobis.

323 2841 375 2938 ἶ.
421 2881 553 2935 Cum
593 2874 662 2929 de
713 2862 1079 2939 Spiritualibus
1135 2851 1455 2911 absolvisset
1509 2841 1838 2899 orationem,

249 2974 449 3032 transit
472 2970 537 3025 ad
565 2967 616 3022 id
643 2961 787 3036 quod
812 2966 896 3014 cst
926 2953 1165 3009 omnium
1202 2943 1436 3001 maxime
1465 2930 1851 2993 necessarium,

250 3080 453 3135 nempe
480 3061 545 3116 ad
592 3060 964 3127 argumentum
1006 3035 1419 3099 resurrectionis
1464 3050 1479 3088 :
1526 3029 1581 3084 in
1602 3040 1667 3081 eo
1712 3021 1855 3077 enim

1150 3133 1158 3135 ‘
1458 3122 1489 3135 "
1654 3111 1855 3135 —.--_..l-

252 3111 418 3214 vald;
465 3111 815 3223 cegrotairant.
847 3142 914 3196 Et
962 3138 1101 3193 sicut
1149 3133 1202 3186 itt
1257 3122 1612 3195 corporibus,
1644 3111 1860 3188 quando

256 3250 469 3306 solidas
498 3255 683 3299 eorum
711 3244 893 3307 partes
920 3228 1084 3286 lebris
1109 3220 1363 3291 attigerit,
1382 3228 1597 3277 nervos,
1619 3210 1857 3277 inquam,

258 3352 321 3398 et
344 3350 511 3395 venas
534 3343 589 3389 et
613 3329 781 3401 prima
810 3325 1098 3385 elementa,
1124 3312 1324 3369 malum
1350 3308 1419 3363 sit
1443 3296 1860 3360 immedicabile,

273 3997 399 4065 ipso
434 3992 698 4045 bonorum
728 3977 901 4047 capite
938 3968 1253 4026 versabatur
1278 3956 1451 4013 oratio
1486 3970 1500 4007 :
1530 3963 1654 4005 nam
1685 3944 1751 3999 de
1782 3957 1873 3995 re-

1106 4058 1139 4065 -.
1184 4056 1194 4065 .
1250 4052 1283 4065 ..
1329 4050 1381 4065 .,
1438 4055 1522 4065 .--μ
1574 4039 1704 4065 Λητ..
1736 4034 1873 4065 Mc...”

277 4034 399 4065 ..ων
436 4034 676 4045 ..νηηπ
796 4034 811 4047 _

277 4082 621 4144 surrectione
651 4075 766 4145 ipsa
808 4070 948 4124 inter
986 4077 1046 4116 se
1090 4050 1543 4127 digladiabantur.
1574 4039 1705 4109 Quia
1735 4034 1878 4091 enim

279 4183 402 4236 haec
421 4183 506 4233 est
546 4179 657 4226 tota
673 4130 810 4235 'spes
841 4169 1023 4216 nostra
1046 4197 1059 4221 ,
1087 4154 1135 4208 ei
1166 4147 1325 4203 valde
1357 4138 1556 4199 restitit
1593 4130 1839 4190 diabolus
1864 4142 1879 4190 ;

282 4284 343 4329 et
371 4260 661 4338 aliquando
681 4255 895 4329 quidem
923 4262 1041 4305 eam
1076 4241 1297 4298 tollebat
1323 4232 1558 4306 penitus,
1589 4219 1883 4293 aliquando

1101 4337 1105 4338 ⁷
1144 4334 1156 4338 ⁸
1313 4328 1345 4338 Α
1444 4324 1456 4338 ¹
1526 4320 1645 4338 -'-——-
1694 4312 1883 4338 Ιὶ....1..η

289 4312 479 4420 autem1
514 4312 728 4411 dicebat
772 4359 889 4403 eam
931 4341 1040 4412 jam
1087 4334 1270 4390 fuisse.
1306 4324 1458 4396 Quod
1490 4320 1652 4378 etiam
1694 4312 1887 4369 Paulus

289 4457 535 4513 scribens
564 4448 630 4503 ad
657 4437 1003 4501 Timotheum
1023 4474 1039 4499 ,
1068 4431 1173 4486 hoc
1218 4424 1418 4482 malum
1448 4418 1641 4485 dogma
1670 4406 1885 4465 vocavit

292 4557 637 4620 gangrmnam
659 4581 673 4603 ,
702 4545 759 4592 et
786 4549 881 4590 eos
906 4522 996 4601 qui
1044 4525 1221 4595 ipsum
1271 4510 1597 4571 inducebant
1648 4500 1886 4560 notavit,

293 4594 484 4697 Sirenas
508 4594 637 4691 :HEJ:
662 4594 840 4700 quibus
862 4594 939 4679 esi
967 4594 1276 4689 Ifymemeus
1298 4617 1343 4661 et
1376 4603 1632 4664 Philetas,
1656 4597 1741 4668 qui
1757 4594 1894 4648 circa

299 4734 562 4788 reritatem
587 4723 907 4780 aberrarunt,
941 4712 1161 4766 dicentes
1176 4705 1292 4774 jam
1322 4701 1511 4770 factam
1539 4706 1651 4747 esse
1669 4700 1897 4742 resurre-

300 4825 521 4878 ctionem
542 4859 556 4881 ,
592 4825 637 4868 et
665 4815 891 4866 evertunt
926 4803 1217 4872 aliquorum
1258 4790 1409 4859 ﬁdem
1440 4783 1532 4855 (2.
1559 4779 1692 4835 Tim.
1716 4777 1772 4830 2.
1805 4776 1892 4829 Π.

308 4915 422 4985 18).
449 4864 928 4976 Atque—aliquando
950 4864 1167 4964 quidem
1195 4884 1295 4937 hoc
1319 4877 1591 4938 dicebant,
1614 4864 1901 4939 aliquando

314 4956 422 4985 'Vl'
449 4956 618 4976 ""|"'
642 4956 746 4971 —”u
968 4956 984 4964 -

307 5016 488 5059 autent
540 4996 684 5069 quod
728 5001 925 5058 corpus
962 4998 1069 5038 non
1116 4980 1380 5042 resurgat,
1432 4966 1525 5021 sed
1574 4956 1905 5018 resurrectio

1348 5062 1379 5069 ’⁸
1658 5068 1663 5069 γ
1765 5049 1904 5069 l_l,-n

546 5049 665 5069 ,ην
830 5049 841 5058 _

311 5101 379 5151 sit
410 5093 605 5148 anima:
638 5082 902 5156 purgatio.
951 5075 1077 5130 Hmc
1104 5076 1283 5124 autem
1331 5062 1511 5117 dicere
1550 5049 1909 5125 persuadebat

314 5187 610 5242 sceleratus
658 5175 751 5231 ille
781 5172 991 5226 dzcmon
1015 5206 1028 5228 ,
1062 5176 1168 5217 non
1216 5157 1389 5212 soluat
1432 5156 1681 5206 evertere
1709 5142 1903 5197 volens

319 5277 794 5336 resurrectionem,
826 5263 921 5319 sed
967 5259 1126 5314 etiam
1154 5266 1276 5323 quae
1300 5263 1399 5316 pro
1432 5242 1584 5297 nobis
1616 5240 1753 5293 facta
1781 5242 1906 5291 sunt

1948 2453 2108 2509 sutia.
2141 2447 2503 2518 Quamobrem
2532 2442 2728 2497 Paulus
2747 2454 2865 2494 eam
2894 2432 3293 2490 vocatinsidias
3324 2430 3543 2501 (Ep/tes.

1953 2545 2007 2600 6.
2042 2544 2133 2611 il)
2159 2585 2172 2609 ,
2204 2539 2458 2610 quoniam
2482 2549 2588 2589 non
2613 2533 2816 2587 directe
2839 2528 3075 2583 ostendit
3106 2526 3249 2597 quod
3281 2525 3393 2579 vult
3423 2539 3549 2593 pro-

1954 2640 2103 2697 bare,
2135 2650 2202 2687 ne
2232 2626 2704 2700 deprehendatur;
2735 2622 2829 2677 sed
2861 2621 2964 2674 alia
3012 2620 3111 2673 sibi
3143 2618 3390 2687 imposita
3424 2631 3549 2686 per-

1955 2744 2108 2791 sona,
2154 2726 2256 2779 alia
2304 2722 2619 2785 fabricatur,
2667 2726 2719 2771 et
2771 2726 3043 2783 tamquam
3102 2711 3327 2765 infestus
3380 2708 3550 2762 hostis

1956 2835 2010 2876 et
2034 2816 2359 2886 versipellis,
2389 2828 2508 2867 cum
2535 2812 2589 2863 itt
2614 2809 2799 2862 urbem
2830 2815 2887 2860 et
2914 2818 3095 2858 muros
3126 2802 3363 2867 irruerit,
3392 2800 3554 2855 etiam

1960 2915 2167 2970 inferne
2198 2906 2621 2981 agitcuniculos,
2646 2912 2701 2956 ιιι
2726 2917 2788 2956 ea
2822 2899 3029 2955 ratione
3052 2913 3157 2951 non
3192 2894 3350 2949 facile
3379 2892 3556 2963 possit

1961 3007 2160 3072 caveri,
2215 3012 2269 3058 et
2313 3010 2458 3057 recte
2502 2998 2550 3053 ei
2597 2993 2852 3050 succedat
2901 2990 2950 3045 id
2999 2988 3142 3059 quod
3185 2995 3269 3041 est
3314 2984 3553 3039 molitus.

1964 3096 2322 3168 Quamobrem
2366 3092 2501 3146 tales
2548 3088 2665 3159 ejus
2711 3086 2937 3155 laqueos
2981 3095 3197 3151 semper
3247 3077 3559 3141 inveniens,

1965 3202 2017 3246 et
2048 3189 2339 3245 sceleratas
2389 3183 2486 3236 has
2518 3179 2742 3234 insidias
2773 3189 2978 3231 venans
3009 3173 3097 3227 hic
3124 3173 3205 3225 vir
3230 3168 3562 3224 admirabilis

1968 3292 2025 3338 et
2053 3296 2179 3337 vere
2209 3291 2453 3349 magnus,
2488 3272 2705 3328 dicebat
2740 3289 2751 3324 :
2791 3268 2911 3322 Non
2940 3268 3074 3321 enim
3097 3265 3391 3335 ignoramus
3417 3262 3529 3332 cogi
3541 3289 3559 3298 -

1970 3376 2181 3430 tationes
2209 3374 2317 3443 ejus
2341 3368 2419 3439 (2.
2451 3365 2571 3420 Cor.
2601 3363 2655 3417 2.
2692 3363 2801 3431 ll).
2834 3361 3044 3415 Etenim
3082 3357 3169 3410 hic
3191 3364 3359 3409 totunt
3387 3351 3562 3421 aperit

1971 3466 2087 3538 ejus
2127 3465 2335 3530 dolum,
2382 3469 2438 3515 et
2477 3471 2669 3512 omnes
2715 3451 2950 3507 ostendit
3014 3448 3442 3503 machinationes
3467 3485 3483 3512 ,
3512 3451 3569 3499 et

1973 3573 2325 3635 qua‘cumque
2368 3553 2483 3608 vult
2511 3564 2772 3622 apparare
2805 3542 3050 3616 producit
3080 3542 3131 3595 in
3179 3539 3448 3603 medium,
3482 3553 3572 3590 ac-

1976 3653 2314 3712 curatissime
2344 3646 2523 3703 omnia
2554 3654 2908 3715 persequens.
2954 3636 3245 3706 PrOpterea
3278 3630 3418 3686 enim
3465 3629 3570 3684 hoc

1979 3756 2141 3819 caput
2167 3744 2318 3817 ponit
2348 3749 2468 3811 post
2496 3738 2599 3793 alia
2630 3777 2643 3801 ,
2676 3733 2927 3805 quoniant
2960 3736 3078 3783 erat
3123 3725 3355 3781 maxime
3387 3737 3574 3777 ncces-

1981 3842 2204 3903 sariunt,
2237 3847 2291 3891 et
2320 3831 2462 3904 quod
2491 3828 2669 3884 omnia
2698 3835 2880 3879 nostra
2909 3819 3200 3875 contineat.
3234 3816 3368 3870 Vide
3395 3825 3574 3868 autem

1984 3934 2098 4003 ejus
2142 3925 2498 3999 prudentiam.
2533 3920 2664 3975 Nam
2696 3932 2817 3971 cum
2848 3926 2974 3967 suos
3017 3911 3163 3980 prius
3197 3907 3477 3962 muniisset
3524 3912 3579 3959 et

1987 4027 2039 4080 itt
2070 4032 2183 4077 tuto
2222 4019 2542 4075 collocasset
2569 4055 2583 4078 ,
2620 4022 2745 4064 tunc
2778 4004 3003 4061 ulterius
3034 4000 3331 4071 procedens
3356 4040 3370 4061 ,
3405 3986 3583 4051 exter-

1990 4133 2088 4173 nos
2114 4128 2327 4187 quoque
2360 4108 2557 4164 invadit
2586 4149 2599 4170 ,
2636 4113 2688 4158 et
2718 4100 2850 4171 ipsis
2881 4095 3214 4151 validissime
3243 4106 3304 4147 os
3332 4088 3579 4145 obstruit.

1992 4212 2129 4267 Suos
2155 4216 2334 4263 autem
2369 4201 2543 4257 munit
2571 4207 2625 4252 et
2655 4197 2707 4250 in
2740 4203 2852 4248 tuto
2875 4190 3142 4251 collocat,
3174 4200 3277 4240 non
3310 4200 3373 4239 ex
3416 4182 3586 4235 ratio-

1992 4304 2168 4364 nibus,
2198 4297 2291 4354 scd
2323 4312 2386 4351 ex
2419 4295 2482 4347 iis
2508 4306 2624 4362 qua:
2648 4288 2759 4358 jam
2793 4286 2927 4339 facta
2958 4287 3115 4343 sunt,
3145 4288 3199 4333 ct
3223 4291 3341 4347 qua:
3371 4275 3467 4344 ipsi
3494 4272 3589 4327 ad-

1998 4394 2282 4454 miserunt,
2317 4395 2370 4442 et
2418 4385 2553 4437 laeta
2595 4376 2941 4434 crediderunt
2974 4390 2987 4426 :
3017 4368 3161 4441 quod
3188 4367 3403 4438 quidem
3436 4362 3589 4419 valde

1998 4496 2114 4542 erat
2154 4494 2336 4554 aptum
2369 4476 2435 4531 ad
2467 4473 2728 4545 pudorem
2772 4462 3137 4521 incutiendunt
3167 4502 3181 4525 ,
3210 4469 3263 4513 et
3292 4454 3595 4511 sufﬁciebat

1999 4578 2067 4632 ad
2093 4592 2187 4631 eos
2229 4567 2607 4628 continendos.
2654 4561 2785 4616 Nam
2826 4557 2870 4611 si
2922 4563 3105 4626 postea
3138 4548 3437 4606 noluissent
3472 4561 3594 4600 cre-

2005 4670 2156 4732 dere,
2191 4681 2296 4720 non
2327 4661 2509 4731 utique
2550 4658 2660 4728 jam
2686 4651 2853 4709 Paulo
2878 4690 2893 4715 ,
2928 4647 3022 4701 sed
3049 4644 3150 4699 sibi
3182 4641 3282 4712 ipsi
3312 4656 3417 4694 non
3441 4645 3598 4693 erant

2004 4757 2261 4818 credituri
2294 4730 2476 4825 :qnod
2519 4748 2733 4821 quidem
2767 4744 2970 4799 crimen
3020 4738 3206 4792 fuisset
3252 4734 3466 4789 illorum
3504 4730 3598 4797 qui

2009 4855 2170 4912 semel
2190 4851 2542 4912 admiserant,
2566 4854 2618 4899 et
2635 4842 2745 4912 jam
2768 4833 3104 4893 transmutali
3127 4837 3331 4887 essent.
3354 4827 3603 4895 Propter-

2012 4965 2076 5005 ea
2114 4948 2238 5003 hine
2270 4943 2455 5012 incipit
2482 4983 2497 5006 ,
2524 4934 2817 4992 ostendens
2841 4945 2901 4984 se
2928 4943 3033 4982 non
3063 4939 3200 4995 Opus
3249 4921 3449 4975 habere
3484 4917 3606 4971 aliis

2018 5040 2241 5095 testibus
2261 5078 2277 5102 ,
2314 5035 2379 5087 ad
2410 5026 2740 5102 probandum
2771 5037 2832 5076 sc
2859 5035 2982 5073 vera
3015 5017 3197 5071 dicere
3222 5053 3238 5078 ,
3264 5011 3358 5066 sed
3390 5010 3452 5064 iis
3479 5009 3609 5077 ipsis

2019 5132 2111 5203 qui
2140 5101 2270 5186 sunt
2292 5101 2525 5194 decepti.
2558 5119 2631 5175 Ut
2656 5124 2836 5172 autem
2884 5109 3027 5182 quod
3057 5107 3180 5162 dico
3222 5104 3292 5159 sit
3339 5101 3610 5172 apertius,

2025 5225 2093 5281 de
2122 5231 2321 5278 caatero
2364 5227 2587 5271 necesse
2618 5220 2700 5265 est
2746 5207 2859 5276 ipsa
2892 5201 3079 5257 audire
3127 5196 3313 5252 verba.
3356 5193 3613 5261 Quzenam

2018 5332 2146 5388 ergo
2171 5329 2233 5370 ea
2266 5310 2428 5366 sunt?
2460 5305 2657 5361 Notum
2687 5299 2822 5355 vobis
2854 5294 2990 5367 facio
3010 5334 3025 5359 ,
3055 5295 3262 5363 fratres,
3294 5283 3611 5355 evangelium

2020 5375 2154 5481 quod
2186 5401 2459 5476 prazdicavi
2506 5396 2664 5452 vobis.
2698 5386 2948 5447 Vidistin’
2988 5401 3110 5441 cunt
3158 5388 3357 5452 quanta
3400 5375 3619 5446 incipiat

2023 5497 2279 5557 lenitate?
2329 5490 2563 5547 vidistin‘
2611 5481 2881 5558 quomodo
2927 5474 3176 5533 ostendat
3222 5472 3290 5527 ab
3340 5468 3511 5532 initio,
3561 5480 3620 5519 se

2035 5594 2168 5651 nihil
2201 5602 2397 5645 novum
2435 5598 2535 5638 nec
2577 5577 2920 5651 peregrinum
2953 5565 3334 5625 introducere?
3373 5560 3503 5617 Nam
3533 5557 3621 5625 qui

2027 5696 2215 5742 notum
2266 5680 2392 5736 facit
2437 5674 2491 5731 id
2539 5649 2683 5743 quod
2726 5670 2836 5739 jam
2868 5674 3054 5719 notum
3102 5658 3274 5713 fuerat
3318 5663 3372 5707 et
3401 5649 3539 5719 quod
3571 5651 3623 5701 in

2200 5786 2358 5831 onem
2386 5772 2628 5835 venerat,
2660 5774 2847 5818 rursus
2877 5756 2929 5813 id
2962 5754 3015 5809 in
3042 5747 3359 5808 memoriam
3393 5740 3623 5797 reducit.

321 5374 521 5431 omnia,
568 5359 855 5420 ostendere
901 5367 1022 5408 esse
1064 5345 1317 5402 fabulam.
1364 5337 1497 5393 Nam
1528 5332 1573 5388 si
1616 5333 1695 5387 eis
1727 5329 1913 5384 fuisset

322 5472 640 5539 persuasum
669 5468 776 5509 non
808 5462 929 5504 esse
959 5451 1246 5513 corporum
1271 5427 1747 5488 resurrectionem,
1779 5435 1905 5489 pau-

1167 5527 1218 5539 η-
1482 5514 1695 5539 --.τ.ι....,
1730 5524 1905 5539 .man

326 5514 501 5539 rho,

326 5556 477 5613 latim
522 5550 601 5605 eis
650 5539 1006 5615 persuasisset
1051 5546 1119 5585 ne
1163 5525 1437 5583 Christum
1478 5514 1698 5588 quidem
1730 5524 1914 5566 resur-

328 5648 571 5707 rexisse;
622 5605 690 5693 ab
720 5635 823 5690 hoc
852 5636 1042 5699 autem
1078 5618 1210 5677 illud
1262 5626 1474 5686 quoque
1504 5605 1692 5663 ordine
1724 5613 1919 5674 proce-

330 5742 469 5796 dens
494 5731 793 5790 induxisset
821 5735 943 5779 eum
968 5732 1076 5772 non
1103 5706 1408 5769 advenisse,
1438 5713 1614 5771 neque
1642 5712 1705 5752 ea
1732 5693 1925 5749 iecisse

330 5846 457 5904 qua:
486 5827 631 5885 fecit.
681 5818 825 5877 Talis
852 5821 935 5871 est
960 5809 1102 5867 enim
1143 5798 1344 5861 diaboli
1377 5792 1679 5863 malignitas
1723 5796 1779 5846 et
1805 5800 1925 5842 vcr-
2029 5776 2195 5838 oblivi
