3998 6496
463 350 569 409 3‘25

459 468 596 524 Cum
623 479 803 524 autem
833 462 1044 519 vocavit
1068 460 1282 523 fratres,
1313 459 1437 512 hinc
1462 470 1676 527 quoque
1694 471 1800 510 non
1826 471 2045 526 parvam

460 559 725 629 praemisit
750 551 1265 611 demonstrationem
1288 562 1476 602 eorum
1501 562 1621 618 quae
1641 547 1911 602 dicuntur.
1936 547 2052 604 Non

460 651 678 706 aliunde
707 649 851 704 enim
884 644 1008 700 facti
1039 656 1225 697 sumus
1272 641 1503 706 fratres,
1553 654 1717 711 quam
1747 653 1816 694 ex
1851 637 2054 694 Christi

459 741 757 799 secundum
787 752 1004 793 carnem
1050 733 1474 804 dispensatione.
1527 731 1820 801 Propterea
1850 745 1944 786 eos
1974 732 2054 786 sic

458 839 708 900 vocavit,
738 832 898 887 simul
946 829 1162 899 quidem
1193 841 1289 882 eos
1327 826 1535 883 leniens
1563 838 1627 880 ac
1678 825 1928 895 mitigans
1949 865 1965 890 ,
1994 833 2054 880 et

459 928 598 983 bona
630 921 1040 979 innumerabilia
1089 919 1222 990 ipsis
1247 919 1302 973 in
1332 917 1647 972 memoriam
1676 931 1957 972 revocans.
1984 917 2053 971 Et

456 1019 597 1089 quod
621 1017 877 1084 deinceps
909 1013 1175 1082 sequitur,
1204 1012 1308 1067 hoc
1335 1010 1510 1082 ipsum
1551 1009 1856 1066 confirmat.
1887 1008 2052 1077 Quid-

454 1127 578 1168 nam
620 1090 723 1164 hoc
758 1108 888 1164 est?
916 1106 1287 1176 Evangeiium.
1337 1104 1613 1174 Evangelii
1643 1104 1791 1159 enim
1836 1118 2048 1159 summa

453 1202 584 1259 hinc
608 1201 808 1271 accipit
852 1201 1064 1254 initium
1090 1241 1104 1264 ,
1147 1197 1292 1268 quod
1319 1198 1462 1253 Deus
1490 1195 1663 1252 factus
1690 1197 1761 1252 sit
1787 1197 1966 1262 homo,
1996 1205 2050 1251 et

456 1296 602 1350 cruci
636 1294 830 1348 afﬁxus
862 1285 1058 1355 fuerit,
1089 1299 1146 1347 et
1173 1289 1558 1345 resurrexerit.
1593 1289 1707 1343 Hoc
1735 1298 1790 1343 et
1829 1287 2045 1344 Gabriel

453 1381 794 1442 annuntiavit
819 1384 1057 1455 Virgini;
1085 1385 1186 1438 hoc
1213 1391 1268 1437 et
1295 1381 1574 1452 propheta:
1605 1382 1700 1436 toti
1725 1382 1842 1437 orbi
1878 1390 2050 1434 terra-

453 1497 571 1536 rum
599 1495 616 1548 ;
649 1479 751 1536 hoc
781 1478 944 1532 etiam
974 1490 1164 1532 omnes
1205 1475 1455 1546 apostoli.
1502 1475 1654 1542 Quod
1683 1483 1731 1528 et
1775 1473 2048 1541 pra’dicavt'

450 1575 608 1638 vobis,
640 1573 777 1642 quod
802 1581 848 1626 et
875 1570 1160 1640 accepistis,
1190 1569 1243 1623 in
1288 1584 1387 1638 quo
1415 1577 1464 1622 et
1492 1568 1667 1634 statis,
1695 1567 1752 1621 ‘2.
1799 1582 1889 1637 per
1912 1565 2048 1636 quod

450 1678 496 1722 et
525 1665 818 1729 saivamini,
847 1681 948 1736 qua
973 1663 1174 1717 ratione
1204 1661 1591 1733 pradicaverim
1636 1660 1798 1727 vobis,
1827 1661 1872 1714 si
1911 1670 2046 1714 tene-

450 1762 535 1824 tis,
568 1759 666 1814 nisi
695 1759 888 1828 frustra
917 1756 1224 1810 credidistis.
1263 1753 1508 1810 Vidistin'
1537 1751 1809 1823 quomodo
1832 1765 1927 1806 eos
1952 1766 2048 1805 vo-

447 1861 536 1908 cat
579 1860 747 1907 testes
789 1865 976 1906 eornm
1008 1864 1129 1920 quae
1171 1847 1316 1902 dicta
1347 1846 1513 1902 sunt?
1555 1845 1673 1900 Non
1709 1846 1838 1900 dicit
1867 1863 1881 1899 :
1913 1844 2045 1913 Quae

448 1945 748 2011 audivistis,
794 1943 913 2007 sed,
947 1942 1078 2010 Qua;
1110 1941 1394 2014 accepistis,
1431 1940 1498 1994 ab
1527 1940 1607 1994 eis
1643 1939 1864 2009 exigens
1903 1945 2043 1992 tam-

447 2052 606 2110 quam
651 2035 869 2107 aliquod
898 2034 1204 2104 depositum
1229 2072 1245 2099 ,
1278 2043 1334 2088 et
1380 2031 1688 2102 signiﬁcans
1715 2072 1730 2098 ,
1761 2029 1902 2100 quod
1935 2044 2042 2083 non

445 2133 618 2188 solum
647 2144 921 2195 sermone,
951 2127 1045 2183 sed
1070 2139 1124 2183 et
1155 2125 1312 2182 factis
1340 2133 1396 2181 et
1423 2125 1592 2195 signis
1615 2133 1669 2178 et
1694 2123 1965 2178 miraculis
1990 2121 2042 2177 id

445 2226 773 2296 acceperint,
804 2230 860 2278 et
883 2232 943 2277 ut
970 2237 1034 2277 ea
1065 2229 1182 2276 tuto
1215 2227 1454 2276 teneant.

513 2319 570 2374 2.
604 2315 808 2373 Deinde
835 2322 1118 2385 postquam
1147 2311 1282 2367 dixit
1329 2319 1512 2366 vetera
1543 2350 1556 2373 ,
1590 2318 1802 2379 tempus
1831 2322 2042 2378 quoque

446 2426 687 2484 prmsens
712 2407 1007 2465 declaravit
1032 2404 1220 2460 dicens
1251 2422 1264 2458 :
1293 2401 1362 2456 In
1377 2418 1476 2474 quo
1507 2412 1554 2455 ct
1578 2401 1723 2456 statis
1741 2416 1758 2464 ;
1779 2415 1875 2454 eos
1903 2415 2038 2468 prae-

445 2517 742 2574 occupans,
778 2508 837 2555 ut
864 2513 932 2554 ne
961 2496 1171 2555 etiamsi
1202 2496 1434 2550 maxime
1458 2494 1678 2558 vellent,
1703 2494 1912 2564 possint
1940 2507 2039 2546 ne-

440 2611 590 2669 gare.
624 2594 692 2649 Et
741 2591 864 2648 ideo
906 2590 1170 2660 incipiens
1218 2603 1325 2641 non
1354 2585 1508 2648 dixit,
1557 2583 1660 2639 Vos
1687 2584 1890 2649 doceo,
1921 2581 2038 2650 sed,

442 2685 640 2744 Notum
665 2684 804 2740 uobis
831 2679 966 2755 facio
992 2723 1006 2747 ,
1034 2679 1086 2734 id
1111 2677 1255 2750 quod
1279 2678 1391 2746 jam
1423 2677 1620 2731 factum
1658 2685 1762 2730 est.
1804 2674 1872 2728 Et
1903 2688 2040 2744 quo-

440 2779 603 2837 modo
632 2792 727 2834 eos
757 2777 846 2847 qui
873 2773 1204 2829 vacillabant
1231 2771 1363 2827 dicit
1391 2771 1578 2826 stare?
1611 2768 1824 2824 Utiliter
1845 2783 1956 2838 prie
1979 2783 2040 2823 se

440 2871 548 2930 fert
573 2868 966 2941 ignorationem
995 2883 1010 2918 :
1044 2865 1187 2937 quod
1233 2863 1450 2934 quidem
1491 2862 1617 2917 facit
1644 2863 1809 2916 etiam
1836 2860 1903 2914 ad
1934 2859 2040 2915 Ga-

440 2964 596 3026 latas,
627 2961 723 3016 sed
743 2974 850 3014 non
872 2958 1140 3014 similiter.
1171 2955 1304 3010 Nam
1332 2955 1585 3026 quoniam
1615 2954 1725 3008 illic
1752 2969 1858 3007 non
1882 2962 2038 3023 pote-

442 3063 526 3110 rat
556 3051 907 3123 ignorantiam
925 3063 1034 3119 pra:
1058 3062 1117 3102 se
1145 3047 1281 3102 ferre
1299 3088 1314 3112 ,
1344 3046 1444 3100 alia
1469 3045 1679 3099 ratione
1703 3053 1894 3098 tractat
1917 3059 2040 3097 ora-

441 3147 664 3211 tionem,
681 3143 868 3199 dicens
889 3158 903 3195 :
922 3139 1136 3209 Conﬁdo
1153 3147 1320 3192 autem
1342 3138 1395 3191 in
1415 3138 1553 3191 vobis
1572 3137 1627 3190 in
1645 3135 1887 3200 Domino,
1905 3134 2040 3202 quod

441 3237 572 3292 nihil
617 3235 762 3290 aliud
807 3232 1030 3288 sentietis
1061 3233 1082 3303 (
1111 3229 1228 3284 Gai.
1257 3229 1311 3285 5.
1355 3228 1496 3299 ‘10).
1528 3226 1644 3283 Non
1682 3227 1818 3282 dixit
1843 3246 1856 3281 :
1883 3227 2036 3294 Quod

441 3330 573 3388 nihil
622 3327 766 3383 aliud
811 3325 1100 3390 sensistis;
1146 3322 1400 3395 quoniam
1450 3336 1639 3377 eorum
1680 3320 1937 3377 delictum
1984 3321 2035 3375 in

439 3423 688 3482 confesso
733 3430 850 3476 erat
894 3427 949 3474 et
990 3416 1234 3479 evidens,
1281 3415 1376 3471 sed
1419 3413 1651 3485 spondet
1693 3414 1759 3469 de
1808 3414 2033 3469 futuro:

439 3529 762 3588 quamquam
803 3511 908 3569 hoc
932 3524 1147 3582 quoque
1190 3517 1307 3564 erat
1351 3507 1659 3572 incertum;
1688 3506 1784 3562 sed
1835 3517 1892 3560 ut
1921 3506 2037 3561 illos

440 3612 611 3684 magis
655 3607 971 3667 attraheret.
1002 3605 1102 3660 Hic
1143 3614 1322 3659 autem
1374 3603 1536 3658 etiam
1569 3616 1682 3672 pra:
1727 3616 1786 3656 se
1833 3599 1934 3655 fert
1978 3615 2038 3654 se

442 3705 693 3776 ignorare
722 3702 909 3756 dicens
944 3718 958 3754 :
983 3697 1050 3752 in
1077 3713 1176 3768 quo
1205 3707 1250 3752 et
1279 3695 1445 3750 statis.
1481 3692 1688 3749 Deinde
1714 3693 1922 3748 lucrum
1951 3707 2037 3746 sc-

438 3800 642 3872 qnitur,
677 3795 778 3850 Per
807 3793 946 3864 quod
975 3801 1021 3846 et
1041 3790 1310 3846 salvamini
1333 3805 1352 3843 :
1375 3805 1476 3860 qua
1496 3788 1694 3842 ratione
1719 3787 2035 3858 prtedicave~

439 3893 539 3947 rint
564 3889 722 3945 vobis.
771 3884 1134 3955 Quamobrem
1167 3882 1286 3938 haec
1313 3880 1557 3936 doctrina
1585 3879 1741 3935 vobis
1785 3894 1927 3933 nunc
1953 3887 2036 3933 est

438 3979 820 4040 declarationis
847 3987 901 4036 et
931 3975 1416 4047 interpretationis.
1446 3973 1563 4028 Non
1593 3973 1738 4029 enim
1767 3987 1923 4042 opus,
1955 3972 2036 4025 in-

437 4074 814 4148 quit,.ltabetis
843 4079 904 4126 ut
933 4070 1037 4126 hoc
1063 4069 1258 4139 dogma
1299 4065 1542 4130 discatis,
1571 4065 1665 4120 sed
1695 4075 1752 4120 ut
1778 4065 2034 4121 recorde-

439 4169 570 4224 mini
621 4175 676 4222 et
713 4161 1079 4234 corrigamini.
1123 4160 1253 4215 Haec
1287 4167 1467 4213 autem
1502 4157 1654 4224 dicit,
1701 4173 1807 4211 non
1851 4158 2035 4212 sinens

437 4263 584 4334 ipsos
615 4273 736 4315 esse
767 4256 1125 4327 impudentes.
1148 4251 1285 4322 Quid
1312 4251 1414 4306 sibi
1437 4252 1549 4306 vult
1575 4261 1778 4317 autem,
1813 4249 1929 4318 Qua
1959 4268 2035 4303 ra-

436 4357 574 4410 tione
621 4348 1004 4423 prazdicavcrim
1059 4345 1236 4400 vobis?
1274 4345 1392 4411 Quo
1439 4343 1622 4408 modo,
1671 4342 1875 4412 inquit,
1925 4341 2034 4396 dixi

437 4447 555 4504 tieri
580 4440 1059 4501 resurrectionem.
1091 4435 1226 4493 Nam
1258 4434 1404 4506 quod
1431 4433 1502 4490 sit
1529 4432 1744 4504 quidem
1789 4449 2034 4490 resurre-

436 4543 566 4609 ctio,
591 4553 701 4596 non
731 4533 962 4592 dixerim
991 4545 1087 4586 vos
1113 4529 1361 4586 dubitare
1393 4545 1407 4582 :
1438 4527 1678 4598 quan-itis
1708 4535 1891 4580 autem
1921 4527 2033 4579 for.

439 4644 583 4692 tasse
606 4627 847 4699 apertius
873 4623 1013 4678 scire
1039 4619 1185 4692 quod
1227 4619 1428 4692 dictum
1456 4626 1560 4675 est.
1606 4617 1720 4673 Hoc
1759 4618 1920 4672 etiam
1954 4615 2033 4671 fa-

437 4726 577 4782 ciam
608 4738 624 4775 :
670 4724 857 4790 aperte
895 4714 1040 4769 enim
1086 4713 1199 4767 scio
1228 4726 1326 4766 vos
1354 4709 1549 4782 dogma
1589 4720 1795 4766 tenere.
1831 4709 2034 4766 Deinde

439 4813 693 4886 quoniam
742 4803 1030 4863 enuntians
1081 4801 1315 4866 dicebat,
1366 4800 1431 4855 In
1471 4817 1570 4872 quo
1627 4802 1808 4866 statis;
1851 4815 1920 4856 ne
1968 4817 2031 4857 ea

433 4905 643 4960 ratione
683 4914 779 4954 eos
823 4893 1073 4951 redderet
1111 4891 1451 4948 socordiores
1493 4902 1548 4947 et
1578 4893 2024 4964 negligentiores,

436 4999 560 5053 illos
589 5007 778 5050 rursus
801 4996 971 5045 terret
1003 4987 1214 5053 dicens,
1245 4985 1308 5041 Si
1337 4985 1534 5051 tenetis,
1566 4986 1665 5040 nisi
1705 4989 1896 5058 {rustra
1923 5003 2032 5040 cre-

438 5087 672 5154 didistis;
699 5083 994 5141 ostendens
1017 5081 1160 5152 quod
1191 5081 1245 5135 in
1275 5081 1446 5150 capite
1473 5079 1592 5135 fidei
1622 5088 1842 5149 accepta
1870 5079 2032 5134 fuerit

441 5182 596 5253 plaga
623 5218 638 5245 ,
672 5191 845 5248 neque
876 5182 1064 5244 agatur
1105 5171 1173 5227 de
1205 5170 1532 5241 quibuslibet
1579 5169 1753 5225 obviis
1778 5213 1794 5238 ,
1841 5171 1935 5226 sed
1963 5171 2030 5226 de

434 5281 544 5330 tota
585 5278 746 5339 atque
797 5268 998 5334 integra
1029 5263 1154 5318 (ide.
1205 5261 1275 5316 Et
1320 5277 1459 5316 nunc
1501 5260 1716 5330 quidem
1761 5261 1865 5316 hoc
1901 5261 2032 5316 dicit

436 5365 712 5441 pressius;
764 5360 1063 5432 procedens
1103 5368 1283 5416 autem
1314 5366 1514 5414 etcum
1544 5356 1764 5410 incaluit
1793 5399 1808 5424 ,
1841 5368 2030 5427 aperto

437 5461 694 5528 deinceps
721 5453 897 5524 Capite
924 5451 1248 5506 vociferatur
1274 5459 1329 5504 et
1357 5446 1486 5504 dicit
1519 5465 1533 5501 :
1569 5448 1632 5504 Si
1662 5447 1895 5504 Christus
1926 5465 2028 5502 non

436 5552 734 5614 resurrexit,
777 5547 945 5602 inertis
987 5554 1059 5600 est
1084 5545 1258 5615 utique
1297 5543 1595 5616 prwdicatio
1625 5551 1831 5611 nostra,
1861 5544 2028 5598 inanis

434 5659 507 5702 est
534 5648 685 5701 etiam
706 5642 833 5714 ﬁdes
865 5649 1031 5693 vestra
1054 5680 1069 5704 ,
1102 5636 1278 5693 adhuc
1300 5635 1432 5693 estis
1461 5637 1517 5691 in
1540 5635 1776 5706 peccatis
1807 5637 2023 5691 vestris.

434 5739 541 5794 Sed
570 5754 674 5793 non
705 5736 784 5790 sic
811 5734 864 5789 in
911 5730 1185 5803 promntl'ts
1213 5746 1226 5782 :
1256 5730 1334 5785 sic
1362 5729 1506 5785 enim
1552 5727 1870 5798 expediebat
1896 5743 2022 5784 sen-

435 5829 535 5882 sitn
575 5839 629 5885 et
671 5826 925 5899 paulatim
962 5821 1225 5896 progredi.
1275 5823 1327 5878 '5.
1371 5819 1587 5876 Tradidi
1628 5821 1759 5875 enim
1805 5822 1939 5876 vobis
1969 5823 2021 5875 in

1167 343 1222 401 S.
1259 340 1537 400 JOANNIS
1572 338 2044 398 CHRYSOSTOMI
2081 341 2399 401 ARCHIEP.
2439 345 2974 411 CONSTANTINOP.
3651 367 3709 428 δε

2163 460 2341 531 primis
2367 463 2502 531 quod
2544 475 2591 518 et
2618 470 2811 536 accepi.
2845 468 2954 526 Nec
2987 470 3071 526 hic
3093 471 3225 528 dixit
3257 491 3271 530 :
3297 474 3463 532 Vobis
3491 477 3625 544 dixi,
3654 499 3762 538 ue-

2159 569 2282 624 que,
2333 555 2438 611 Vos
2485 559 2662 625 docui,
2715 562 2809 616 sed
2859 563 3103 621 eamdem
3147 581 3338 624 rursus
3385 584 3514 626 usus
3551 582 3637 627 est
3663 575 3762 630 di-

2158 646 2338 701 ctione
2370 662 2385 701 :
2417 646 2634 703 Tradidi
2662 653 2800 706 vobis
2820 655 2955 724 quod
2984 665 3033 710 et
3061 661 3256 730 accepi.
3289 661 3474 732 Neque
3514 663 3603 719 hic
3623 665 3768 723 dicit

2158 749 2218 792 se
2243 738 2490 794 edoctum
2531 739 2696 798 fuisse
2720 784 2735 810 ,
2769 744 2862 798 sed
2891 786 2905 809 ,
2937 747 3160 817 Accepi;
3198 749 3314 806 bree
3337 751 3446 806 duo
3489 754 3760 824 probans,

2157 827 2302 898 quod
2345 839 2402 884 et
2446 831 2578 888 nihil
2625 849 2690 888 ex
2735 850 2796 892 se
2839 836 3034 891 aﬁerre
3069 850 3339 910 Oporteat,
3384 853 3438 898 et
3481 845 3627 914 quod
3656 863 3764 916 per

2157 935 2379 992 operum
2425 921 2941 984 demonstrationem
2983 929 3109 987 iacti
3150 933 3259 990 sint
3301 936 3566 992 certiores
3591 979 3605 1003 ,
3637 955 3756 994 non

2157 1011 2316 1068 nudis
2369 1014 2550 1070 verbis
2582 1035 2595 1070 :
2629 1027 2684 1072 et
2713 1018 2970 1089 paulatim
2999 1022 3103 1078 fide
3141 1024 3359 1094 dignam
3401 1026 3604 1084 iaciens
3627 1045 3753 1086 ora-

2157 1103 2377 1168 tionem.
2400 1096 2710 1163 universum
2741 1111 2951 1166 reducit
2977 1113 3044 1168 ad
3073 1113 3345 1174 Christum
3373 1157 3389 1176 ο
3418 1127 3474 1173 et
3503 1122 3752 1176 ostendit

2153 1211 2218 1251 ex
2252 1195 2336 1253 bis
2364 1195 2699 1257 documentis
2741 1203 2945 1258 nullum
2968 1219 3091 1261 esse
3121 1207 3438 1266 humanum.
3493 1212 3633 1278 Quid
3665 1223 3762 1269 est

2153 1300 2352 1357 autem,
2383 1291 2598 1348 Tradidi
2623 1295 2758 1349 enim
2785 1298 2922 1352 vobis
2947 1299 3001 1352 in
3034 1301 3253 1369 primis?
3273 1301 3385 1358 Hoc
3415 1315 3518 1367 est,
3546 1307 3616 1360 ab
3646 1307 3760 1361 ini-

2155 1383 2250 1446 tio,
2293 1397 2402 1438 non
2434 1399 2597 1440 nunc.
2646 1386 2773 1442 Haec
2817 1398 2995 1444 autem
3023 1391 3196 1460 dicit,
3231 1403 3444 1466 tempus
3473 1397 3760 1454 adducens

2152 1475 2204 1529 in
2233 1477 2605 1532 testimonium
2631 1521 2646 1546 ,
2676 1489 2732 1535 et
2751 1480 2894 1551 quod
2926 1483 3157 1539 maxime
3204 1497 3353 1540 esset
3398 1488 3709 1556 pudendum
3737 1534 3756 1557 ,

2153 1581 2275 1622 cum
2303 1576 2509 1623 tantum
2542 1579 2753 1641 tempus
2799 1573 3192 1641 credidissent,
3226 1577 3348 1633 illos
3375 1583 3757 1636 transmutari.

2148 1660 2259 1717 Nec
2284 1661 2386 1717 hoc
2414 1663 2612 1729 solum,
2645 1664 2740 1720 sed
2770 1666 2933 1722 etiam
2961 1667 3152 1738 dogma
3182 1684 3304 1725 esse
3334 1677 3708 1730 necessarium
3735 1694 3754 1740 ;

2148 1763 2203 1807 et
2250 1753 2371 1809 ideo
2409 1754 2463 1810 in
2507 1756 2694 1826 primis
2739 1757 2836 1813 fuit
2876 1759 3152 1825 traditum,
3205 1772 3260 1817 et
3287 1764 3472 1819 statim
3507 1781 3538 1820 a
3589 1769 3753 1835 prin-

2147 1843 2308 1913 cipio.
2339 1844 2405 1899 Et
2446 1846 2574 1916 quid
2601 1887 2617 1910 ,
2645 1848 2736 1903 die
2762 1849 2988 1905 obsecro
3009 1895 3023 1915 ,
3055 1851 3366 1907 tradidisti?
3395 1857 3463 1909 At
3499 1872 3605 1910 non
3640 1859 3760 1914 hoc

2147 1936 2325 1990 statim
2350 1937 2503 2004 dicit,
2525 1939 2620 1994 sed
2644 1941 2899 2010 primum,
2923 1957 2983 2000 se
3009 1947 3304 2014 accepisse.
3331 1946 3400 2001 Et
3428 1949 3555 2018 quid
3582 1963 3760 2005 accc-

2146 2029 2267 2098 pisti
2285 2031 2310 2082 ?
2337 2029 2488 2095 Quod
2516 2030 2746 2087 Christus
2781 2045 3013 2089 mortuus
3039 2045 3111 2089 est
3138 2054 3230 2106 pro
3269 2040 3486 2108 peccatis
3531 2043 3752 2098 nostris.

2145 2119 2263 2174 Non
2287 2123 2471 2176 statim
2514 2123 2649 2178 dixit
2674 2166 2689 2189 ,
2723 2124 3066 2182 Resurrectio
3096 2138 3180 2183 est
3205 2143 3493 2200 corporum
3526 2147 3759 2188 nosu'o-

2146 2230 2289 2281 rum,
2318 2216 2412 2271 sed
2444 2216 2546 2272 hoc
2571 2217 2746 2286 ipsum
2793 2219 3012 2289 quidem
3043 2221 3255 2290 probat,
3284 2238 3469 2279 verum
3495 2241 3556 2280 re
3587 2227 3761 2297 longe

2150 2305 2335 2373 petita,
2369 2314 2424 2360 et
2449 2321 2548 2377 per
2571 2307 2700 2373 alia,
2736 2307 2944 2374 dicens,
2980 2311 3211 2366 Christus
3235 2324 3308 2367 est
3343 2326 3570 2370 mortuus
3590 2333 3609 2381 ;
3631 2334 3758 2371 ma-

2144 2413 2331 2467 gnum,
2361 2399 2570 2454 lirntum
2601 2415 2666 2454 ac
2694 2401 2887 2458 stabile
2915 2403 3320 2461 fundamentum
3351 2410 3498 2478 prius
3534 2412 3757 2479 jaciens

2143 2489 2262 2559 ejus
2304 2489 2446 2560 quod
2493 2500 2576 2546 est
2619 2491 2903 2549 dicendum
2950 2495 3018 2552 de
3067 2500 3482 2556 resurrectione.
3542 2500 3746 2574 Neque

2143 2585 2286 2638 enim
2314 2583 2655 2638 solummodo
2676 2584 2813 2640 dixit
2837 2605 2850 2640 :
2872 2585 3119 2642 Christus
3148 2599 3233 2644 est
3253 2600 3517 2656 mortuus,
3545 2595 3752 2650 etiam-

2143 2675 2187 2730 si
2219 2675 2320 2730 boe
2348 2677 2478 2730 satis
2507 2687 2652 2732 esset
2677 2678 2744 2732 ad
2791 2679 3199 2750 signiﬁcandam
3243 2686 3710 2742 resurrectionem
3731 2730 3750 2754 ,

2143 2767 2238 2823 sed
2265 2783 2388 2823 cum
2417 2768 2721 2837 adjectione
2745 2812 2761 2836 ,
2792 2771 3026 2828 Christus
3040 2785 3114 2829 est
3141 2786 3370 2831 mortuus
3397 2795 3490 2848 pro
3512 2784 3751 2850 peccatis

2142 2860 2350 2914 nostris.

2216 2953 2407 3007 Contra
2438 2952 2774 3010 Manichtros.
2801 2985 2872 2998 -——
2901 2957 3142 3014 Primum
3180 2969 3360 3015 autem
3404 2977 3585 3032 operae
3613 2980 3751 3033 pre-

2142 3047 2274 3102 tium
2304 3059 2387 3104 est
2439 3047 2627 3104 audire
2666 3049 2795 3119 quid
2823 3049 2910 3105 hic
2937 3050 3118 3106 dicant
3143 3054 3233 3122 qui
3266 3053 3512 3110 laborant
3541 3055 3750 3114 haeresi

2141 3139 2555 3196 Manichaeorum
2581 3183 2598 3208 ,
2637 3148 2693 3196 et
2719 3142 2966 3196 veritatis
2988 3143 3190 3199 inimici
3216 3185 3232 3212 ,
3263 3154 3319 3200 et
3348 3146 3438 3216 qui
3479 3161 3602 3201 cum
3631 3165 3744 3203 sua

2142 3242 2379 3305 pugnant
2416 3234 2610 3290 salute.
2640 3235 2778 3304 Quid
2806 3250 2936 3307 ergo
2962 3237 3149 3292 dicunt
3179 3239 3313 3294 isti?
3339 3239 3564 3295 Mortem
3592 3283 3608 3308 ,
3640 3241 3739 3296 in-

2139 3328 2331 3398 quiunt
2354 3369 2370 3394 ,
2397 3326 2486 3382 bie
2511 3327 2644 3383 nihil
2675 3328 2820 3384 aliud
2859 3329 2988 3384 dicit
3013 3330 3209 3387 Paulus
3233 3373 3248 3397 ,
3279 3348 3437 3403 quam
3466 3332 3635 3388 fuisse
3687 3335 3748 3392 in

2143 3419 2399 3488 peccatis,
2430 3427 2486 3474 et
2511 3421 2964 3477 resurrectionem
2989 3437 3110 3478 esse
3140 3424 3514 3482 liberationem
3547 3443 3576 3480 a
3606 3443 3730 3498 pee-

2139 3511 2297 3565 catis.
2327 3510 2576 3566 Vidistin‘
2602 3513 2874 3582 quomodo
2902 3528 3092 3569 errore
3130 3515 3263 3570 nihil
3289 3517 3358 3570 sit
3390 3517 3745 3586 imbecillius,

2139 3613 2195 3658 et
2227 3603 2500 3674 quomodo
2529 3606 2644 3660 suis
2673 3606 2916 3675 capiatur
2939 3607 3150 3676 pennis,
3181 3624 3357 3679 neque
3383 3620 3606 3666 externa
3640 3628 3750 3682 pu-

2139 3712 2241 3769 gna
2283 3713 2418 3769 Opus
2463 3698 2556 3765 sit,
2609 3699 2702 3754 sed
2755 3715 2786 3753 a
2834 3703 3014 3771 seipso
3060 3703 3406 3773 conligatur?
3440 3705 3743 3761 Considera

2139 3805 2268 3861 ergo
2305 3783 2577 3861 quomodo
2622 3791 2723 3861 ipsi
2767 3793 2976 3862 seipsos
3015 3796 3354 3850 coniixerunt
3401 3812 3498 3866 per
3527 3813 3591 3852 ea
3617 3814 3743 3868 qua:

2139 3882 2416 3938 dixerunt.
2439 3882 2496 3938 Si
2531 3883 2632 3938 hoc
2655 3884 2800 3939 enim
2829 3895 2910 3940 est
2933 3901 3100 3954 mors,
3124 3887 3370 3943 Christus
3395 3899 3576 3944 autem
3608 3904 3740 3945 eur-

2139 3989 2239 4045 pus
2265 3989 2371 4028 non
2397 3975 2624 4044 accepit,
2657 3984 2716 4030 ut
2754 3992 2852 4031 vos
2889 3977 3049 4032 vultis
3077 4019 3093 4045 ,
3125 3988 3366 4034 mortuus
3397 3990 3480 4034 est
3507 3989 3685 4035 autem
3719 4000 3734 4035 :

2139 4067 2193 4122 in
2232 4077 2451 4137 peccato
2497 4066 2642 4134 fuit,
2685 4069 2980 4125 secundum
3026 4085 3145 4127 vos.
3178 4070 3310 4126 Nam
3365 4087 3466 4144 ego
3513 4073 3734 4141 quidem

2139 4158 2261 4214 dico
2306 4157 2448 4228 quod
2497 4173 2694 4228 corpus
2733 4161 3043 4230 acceperit,
3077 4171 3133 4216 et
3173 4171 3401 4216 mortem
3446 4162 3562 4216 dico
3606 4176 3731 4216 esse

2139 4249 2317 4304 carnis
2349 4268 2363 4304 :
2391 4259 2444 4304 tu
2473 4260 2652 4303 autem
2683 4250 2786 4305 hoc
2817 4266 3018 4322 negans
3038 4292 3053 4317 ,
3083 4251 3216 4306 ilittd
3250 4252 3554 4307 necessario
3579 4252 3734 4305 dicas

2140 4349 2375 4411 oportet.
2406 4339 2464 4395 Si
2507 4351 2687 4397 autem
2729 4343 2826 4396 fuit
2874 4342 2928 4396 in
2971 4353 3192 4414 peccato
3218 4387 3234 4411 ,
3266 4345 3535 4414 quomodo
3560 4345 3690 4399 dicit
3712 4381 3731 4406 ,

2143 4433 2273 4498 Quis
2308 4449 2372 4488 ea:
2410 4432 2549 4489 vobis
2575 4443 2750 4506 arguet
2776 4451 2856 4488 me
2879 4435 2942 4489 de
2985 4447 3190 4506 peccato
3212 4435 3389 4507 (Joan.
3416 4438 3468 4492 8.
3501 4440 3592 4509 46)
3613 4437 3638 4491 2
3658 4449 3732 4503 rt,

2153 4527 2300 4582 Venit
2330 4528 2566 4599 princeps
2597 4529 2752 4599 hujus
2777 4529 2956 4582 mundi
2981 4569 2998 4596 ,
3027 4539 3074 4583 et
3098 4531 3152 4584 in
3180 4546 3257 4584 me
3282 4547 3381 4584 non
3412 4531 3560 4586 habet
3584 4532 3736 4600 quid.

2139 4637 2294 4693 quam
2346 4619 2473 4694 (Id.
2514 4621 2604 4676 Η.
2653 4621 2802 4689 30);
2849 4630 2906 4676 et
2934 4637 3122 4676 rursus
3148 4664 3164 4689 ,
3211 4622 3302 4677 Sic
3331 4638 3422 4676 nos
3451 4623 3593 4676 decet
3637 4625 3735 4676 im—

2140 4713 2280 4783 plere
2308 4728 2510 4768 omnem
2527 4712 2784 4783 justitiam
2813 4711 3045 4784 (Matth.
3075 4717 3131 4769 ὃ.
3167 4715 3298 4786 15).
3327 4713 3610 4782 Quomodo
3639 4731 3732 4770 an-

2140 4816 2247 4860 tem
2276 4813 2360 4860 est
2390 4803 2610 4858 omnino
2659 4813 2903 4859 mortuus
2945 4819 3046 4875 pro
3087 4806 3500 4876 peccatoribus,
3545 4808 3589 4861 si
3617 4808 3730 4877 ipse

2138 4896 2237 4952 fuit
2261 4897 2314 4952 in
2341 4896 2618 4967 peccatis?
2641 4895 2773 4950 Nam
2804 4910 2949 4963 cum,
2977 4897 3069 4967 qui
3095 4897 3322 4953 moritur
3345 4913 3444 4969 pro
3472 4909 3725 4968 peccato-

2137 4987 2286 5043 ribus
2306 5027 2320 5052 ,
2349 4995 2562 5057 oportet
2587 4985 2718 5040 nulli
2752 4996 2972 5057 peccato
2997 5001 3120 5043 esse
3145 4987 3438 5044 obnoxium
3472 5011 3485 5046 :
3516 4992 3560 5045 si
3583 4992 3728 5045 enim

2139 5081 2252 5151 ipse
2278 5079 2439 5135 etiam
2466 5087 2671 5149 peccat,
2693 5078 2964 5151 quomodo
2991 5079 3251 5135 morietur
3279 5097 3378 5151 pro
3401 5083 3521 5137 aliis
3544 5097 3731 5153 puem-

2140 5172 2385 5228 toribus?
2410 5172 2468 5226 Si
2498 5180 2678 5227 autem
2707 5181 2792 5227 est
2815 5181 3061 5227 mortuus
3088 5187 3186 5243 pro
3215 5178 3446 5244 peccatis
3477 5175 3727 5241 aliorum,

2137 5275 2382 5323 mortuus
2413 5275 2497 5322 est
2534 5281 2657 5321 cum
2703 5266 2834 5321 nuili
2878 5275 3022 5321 esset
3066 5277 3290 5336 peccato
3327 5267 3589 5322 obnoxius
3621 5283 3636 5321 :
3685 5268 3727 5320 si

2135 5371 2316 5415 autem
2345 5367 2424 5412 est
2457 5366 2700 5412 mortuus
2727 5372 2847 5414 cum
2890 5365 3034 5414 esset
3062 5356 3181 5412 sine
3219 5365 3440 5427 peccato
3463 5399 3478 5421 ,
3513 5373 3618 5412 non
3645 5369 3726 5412 est

2137 5458 2383 5505 mortuus
2431 5457 2603 5504 morte
2650 5447 2921 5520 peccati,(
2946 5449 3218 5519 quomodo
3257 5450 3400 5504 enim
3427 5491 3441 5515 ,
3475 5450 3526 5503 in
3566 5465 3723 5520 quiem

2136 5543 2338 5599 nullum
2383 5542 2606 5598 cadebat
2638 5550 2912 5612 peccatum
2929 5540 2975 5614 ἲ)
3026 5541 3121 5597 sed
3162 5551 3334 5596 morte
3362 5542 3627 5611 corporis.
3661 5541 3725 5596 Et

2136 5637 2258 5694 ideo
2283 5635 2480 5692 Paulus
2511 5650 2617 5690 non
2639 5635 2773 5689 dixit
2800 5635 2972 5689 solum
3005 5651 3019 5691 :
3053 5633 3145 5688 Est
3172 5645 3418 5699 mortuus,
3451 5633 3546 5689 sed
3577 5634 3725 5688 addi-

2134 5728 2236 5794 dit,
2275 5726 2380 5782 Pro
2413 5726 2629 5797 peceatis
2651 5725 2877 5792 nostris;
2905 5735 2960 5781 et
2985 5741 3108 5782 cum
3136 5725 3218 5780 vel
3247 5726 3440 5781 invitus
3459 5725 3719 5796 coegisset

2136 5821 2287 5878 fateri
2321 5830 2546 5877 mortem
2598 5818 2932 5891 corporalem
2961 5836 2974 5886 ;
3011 5833 3106 5888 per
3134 5817 3235 5874 hoc
3257 5817 3550 5874 ostendens
3577 5818 3720 5873 illum
