3998 6414
536 294 646 352 ενδ

535 410 739 480 χεῖρας
781 409 883 464 καὶ
930 412 1142 479 πόδας,
1184 413 1357 484 φησί·
1409 411 1542 479 καὶ,
1583 413 1868 480 Ὄψονται
1920 411 2008 476 είς
2049 407 2122 462 ὃν

532 494 969 562 εξεκέιτησαν.

606 593 676 654 γ’.
709 587 818 639 Kal
854 586 1026 640 πολλὰ
1051 588 1108 641 δὲ
1137 587 1320 658 ἕτερα,
1357 587 1445 640 ἵνα
1482 587 1558 659 μὴ
1589 587 1766 642 πάντα
1796 587 1920 641 καθ’
1942 586 2000 640 ἓν
2031 585 2121 639 λέ-

533 689 746 742 γωμεν,
763 671 832 724 τὰ
856 673 956 743 μὲν
978 673 1064 726 διὰ
1095 675 1382 744 ῥημάτων,
1402 675 1472 727 τὰ
1495 675 1659 729 δὲδιά
1679 672 1865 728 τύπων
1888 672 2033 728 ἐστιν
2060 673 2120 726 ἐν

532 761 726 822 αὐταῖς
758 760 988 828 κείμενα
1030 760 1160 813 ἰδεῖν
1187 760 1454 830 δηλοῦντα
1490 760 1593 830 τῆς
1628 759 1831 832 σαρκὸς
1860 760 1962 829 τὴν
1983 774 2120 827 σφα-

531 847 654 917 γήν·
682 847 776 899 καὶ
795 848 877 899 ὅτι
898 845 1039 916 ὑπὲρ
1061 846 1168 901 τῶν
1192 848 1478 918 ἁμαρτιῶν
1498 852 1530 918 ἡ
1540 847 1656 920 μῶν
1682 847 1920 919 ἐσφάγη.
1950 847 2120 915 ’Υπὲρ

529 935 638 1005 γὰρ
671 933 790 987 τῶν
813 935 1115 1003 ἁμαρτιῶν
1136 935 1245 989 τοῦ
1277 937 1434 990 λαοῦ
1467 955 1611 1006 μου,
1637 935 1824 1008 φησὶν,
1857 935 1990 1004 ἥκει
2031 936 2121 1002 είς

529 1022 819 1077 θάνατον·
882 1023 997 1089 καὶ,
1054 1024 1274 1091 Κύριος
1331 1025 1680 1092 παρέδωκεν
1736 1023 1924 1078 αὑτὸν
1989 1022 2122 1088 ταῖς

527 1109 840 1179 ἁμαρτίαις
889 1109 1098 1180 ἡμῶν·
1135 1111 1251 1177 καὶ,
1315 1113 1790 1182 Ἐτραυματίσθη
1859 1111 1956 1165 διὰ
2012 1110 2122 1176 τὰς

526 1196 818 1265 ἁμαρτίας
873 1197 1063 1268 ἡμῶν.
1114 1200 1178 1254 El
1236 1200 1294 1253 δὲ
1339 1200 1442 1253 οὐκ
1489 1201 1658 1272 ἀνέχῃ
1712 1200 1813 1270 τῆς
1849 1197 2117 1263 Παλαιᾶς,

525 1287 758 1340 ἄκουσον
786 1287 1036 1342 Ἰωάννου
1077 1289 1334 1360 βοῶντος,
1360 1291 1454 1343 καὶ
1487 1291 1776 1360 ἀμφότερα
1808 1287 2114 1359 δηλοῦντος,

525 1375 620 1427 καὶ
657 1377 757 1445 τὴν
791 1376 888 1430 τοῦ
929 1376 1182 1448 σώματος
1228 1379 1446 1450 σφαγὴν
1487 1380 1583 1432 καὶ
1619 1377 1719 1449 τὴν
1765 1376 1966 1432 αἰτίαν·
2005 1374 2119 1430 Ἴδε

524 1463 656 1535 γὰρ,
684 1465 871 1535 φησὶν,
904 1469 937 1520 ό
967 1465 1176 1536 Ἀμνύς
1203 1465 1310 1521 τοῦ
1341 1467 1491 1523 Θεοῦ
1521 1469 1554 1522 ό
1583 1468 1768 1536 αἴρων
1789 1466 1903 1534 τὴν
1933 1465 2116 1535 ἀμαρο

523 1554 661 1605 τίαν
703 1552 810 1607 τοῦ
843 1554 1098 1623 κόσμου·
1151 1556 1248 1609 καὶ
1293 1555 1508 1610 Παύλου
1542 1555 1813 1625 λέγοντος,
1864 1556 1974 1608 Τὸν
2005 1553 2116 1622 γὰρ

524 1638 606 1708 μὴ
676 1641 903 1710 γνόντα
964 1641 1296 1712 ἁμαρτίαν,
1365 1643 1521 1712 ὑπὲρ
1585 1642 1758 1714 ἡμῶν
1820 1641 2117 1711 ἁμαρτίαν

521 1727 837 1794 ἐποίησεν,
870 1728 971 1782 ἵνα
1021 1729 1194 1800 ἡμεῖς
1234 1729 1539 1801 γενώμεθα
1570 1729 1718 1783 Θεοῦ
1755 1727 2112 1798 δικαιοσύνη

521 1814 593 1867 ἐν
619 1814 798 1880 αὐτῷ·
834 1815 930 1870 καὶ
959 1817 1142 1882 πάλιν,
1171 1817 1432 1885 Χριστὸς
1459 1815 1621 1886 ’ἡμᾶς
1641 1816 2018 1886 ἐξηγόρασεν
2044 1817 2114 1870 ἐκ

521 1902 635 1974 τῆς
667 1903 933 1973 κατάρας
983 1907 1091 1961 τοῦ
1136 1907 1350 1976 νόμου,
1392 1908 1718 1977 γενόμενος
1755 1906 1910 1976 ὑπὲρ
1943 1904 2115 1976 ἡμῶν

521 1994 770 2064 κατάρα·
812 1996 910 2049 καὶ
961 1997 1145 2064 πάλιν,
1189 1996 1718 2067 Ἀπεκδυσάμενος
1768 1996 1877 2062 τὰς
1920 1996 2114 2066 ἀρχὰς

521 2082 622 2136 καί
661 2083 768 2148 τὰς
791 2083 1104 2151 ἐξουσίας,
1135 2084 1518 2154 ἐδειγμάτισε
1552 2084 1979 2155 θριαμϐεύσας·
2017 2085 2112 2137 καὶ

523 2170 694 2240 μυρία
722 2171 886 2242 ἕτερα
920 2171 1140 2226 πλείονα
1176 2172 1442 2243 δηλοῦντα
1470 2171 1540 2226 τά
1571 2173 1714 2226 κατὰ
1751 2173 1850 2242 τὴν
1894 2175 2111 2242 σφαγὴν

519 2260 613 2312 τοῦ
647 2259 898 2331 σώματος
928 2263 1220 2334 γενόμενα,
1256 2264 1350 2317 καὶ
1381 2263 1474 2318 διὰ
1497 2265 1597 2328 τὰς
1623 2265 1899 2335 ἁμαρτίας
1929 2265 2107 2336 ήμῶν.

519 2350 631 2402 Kal
660 2350 768 2422 γὰρ
791 2351 955 2414 αὐτός
975 2366 1161 2422 φησιν·
1193 2351 1364 2422 Ὑπὲρ
1391 2352 1564 2424 ὑμῶν
1589 2353 1801 2423 ἁγιάζω
1822 2353 2106 2424 ἐμαυτόν·

518 2439 632 2501 καὶ,
674 2424 730 2490 ὐ
761 2437 964 2506 ἄρχων
1007 2439 1114 2494 τοῦ
1145 2439 1382 2510 κόσμου
1431 2441 1653 2495 τούτου
1689 2440 2110 2510 κατακέκριται

515 2524 653 2589 νῦν,
679 2525 856 2595 δηλῶν
877 2527 960 2578 ὅτι
985 2526 1086 2580 οὐκ
1119 2526 1261 2598 ἔχων
1285 2528 1566 2600 ἁμαρτίαν
1592 2528 1831 2600 ἐσφάγη.
1867 2529 1979 2583 Kal
2020 2529 2110 2583 ὅτι

513 2613 725 2684 ἐτάφη.
750 2616 860 2670 Kal
884 2616 1044 2672 τοῦτο
1061 2617 1118 2671 δὲ
1139 2618 1248 2672 τῶν
1271 2621 1554 2692 προτέρων
1581 2621 2105 2675 κατασκευαστικόν·

513 2702 575 2756 τὸ
601 2704 710 2775 γὰρ
743 2703 1102 2777 θαπτόμενον,
1134 2707 1353 2772 πάντως
1382 2709 1545 2780 σῶμά
1566 2711 1702 2763 ἐστι.
1736 2710 1846 2764 Kal
1873 2710 2109 2764 ἐνταῦθα

513 2789 701 2843 οὐκέτι
759 2791 911 2864 1554]
968 2795 1322 2866 προστίθησι,
1349 2798 1514 2851 Κατὰ
1552 2797 1658 2864 τὰς
1690 2798 1960 2868 Γραφιίς·
1991 2797 2106 2872 εἶχε

516 2877 617 2949 μὲν
646 2878 779 2950 γάρ,
803 2880 943 2950 πλὴν
974 2883 1035 2935 οὐ
1066 2883 1412 2954 προστίθησι.
1452 2884 1610 2948 Τίνος
1633 2885 1851 2953 ’ἑνεκεν;
1881 2889 1952 2940 Ἢ
1977 2889 2061 2941 ὅτι
2080 2891 2109 2942 6

511 2966 684 3035 τάφος
712 2968 885 3022 ἅπασι
911 2969 1068 3041 δῆλος
1097 2971 1192 3024 καὶ
1218 2972 1340 3025 τότε
1374 2973 1470 3027 καὶ
1505 2973 1620 3027 νῦν·
1650 2974 1684 3044 ἢ
1714 2975 1796 3027 ὃτι
1821 2977 1966 3030 κατά
1989 2994 2107 3030 κοι-

512 3055 606 3109 νοῦ
652 3058 830 3110 κεῖται
877 3057 960 3123 τὺ,
991 3062 1154 3112 Κατά
1184 3059 1294 3126 τὰς
1315 3063 1367 3114 Γ
1361 3060 1584 3131 ραφάς.
1614 3063 1771 3127 Τίνος
1800 3061 1893 3119 οῦν
1921 3065 2106 3120 ἕνεκεν

512 3141 750 3198 ἐνταῦθα
777 3144 1104 3216 προστίθησι
1128 3145 1210 3210 τὸ,
1242 3148 1402 3202 Κατὰ
1428 3149 1538 3215 τὰς
1562 3151 1842 3221 Γραςράω
1869 3154 1980 3206 Kal
2014 3153 2106 3208 ὅτι

509 3232 821 3304 ἐγήγερται
851 3234 925 3304 τῇ
955 3237 1121 3305 τρίτῃ
1150 3238 1345 3307 ἡμέρᾳ
1377 3241 1531 3294 κατά
1564 3242 1672 3307 τὰς
1706 3242 1974 3312 ι’ραφὰς,
2010 3244 2106 3297 καὶ

510 3324 612 3377 οὐκ
635 3324 886 3395 ἀρκεῖται
915 3324 993 3396 τῷ
1022 3327 1276 3399 προτέρῳ
1301 3329 1378 3396 τῷ
1406 3328 1550 3382 κατὰ
1577 3330 1760 3385 κοινοῦ
1788 3334 2100 3405 είρημένῳς

513 3412 634 3463 Ὂτι
669 3412 764 3465 καὶ
791 3411 950 3466 τοῦτο
982 3416 1094 3477 τοῖς
1119 3415 1338 3480 πολλοῖς
1371 3416 1566 3488 ἄδηλον
1592 3414 1682 3488 ἦν·
1712 3420 1794 3474 διὸ
1822 3423 2102 3479 κάνταῦθα

505 3499 606 3562 τὰς
632 3499 857 3572 Γραφάς
882 3502 1128 3573 παράγει
1150 3504 1539 3574 ὲμπνευσθεὶς,
1569 3505 1729 3561 τοῦτο
1754 3511 2018 3582 ἐννοήσας
2039 3512 2102 3566 τὸ

509 3587 672 3657 σοφὸν
698 3589 792 3641 καὶ
821 3587 963 3642 θεῖον
990 3588 1188 3660 νόημα.
1215 3591 1342 3656 Πῶς
1373 3589 1466 3647 οὖν
1496 3596 1592 3649 καὶ
1619 3595 1714 3650 ἐπὶ
1741 3597 1836 3651 τοῦ
1865 3599 2098 3656 θανάτου

505 3677 566 3729 οὐ
601 3675 665 3729 τὸ
701 3676 836 3730 αὐτὸ
875 3680 1050 3744 ποιεῖ;
1080 3678 1208 3732 Ὀτι
1257 3683 1417 3734 κάκεῖ
1455 3684 1485 3734 6
1522 3682 1623 3754 μὲν
1673 3686 1911 3758 σταυρὸς
1961 3691 2098 3743 πᾶσι

506 3763 808 3836 κατάδηλος
838 3759 908 3836 ἧν
943 3767 1038 3820 καὶ¹
1071 3767 1291 3821 πάντων
1324 3768 1578 3840 ὁρώντων
1619 3773 2092 3843 ἀνεσκολοπίζετο·

505 3856 628 3928 ήδὲ
658 3854 828 3921 αἰτία,
874 3855 1061 3909 οὐκέτι
1103 3859 1328 3927 ὁμοίως.
1360 3860 1488 3914 ’Ότι
1535 3862 1638 3932 μὲν
1677 3865 1788 3936 γὰρ
1833 3867 2092 3938 ἀπέθανε,

503 3946 706 4010 πάντες
733 3946 953 4017 ᾔδεσαν·
982 3951 1066 4002 δτι
1092 3949 1149 4002 δὲ
1181 3951 1321 4024 ὑπὲρ
1347 3951 1456 4005 τῶν
1484 3951 1770 4024 ἁμαρτιῶν
1798 3956 1898 4027 τῆς
1922 3959 2096 4012 οἰκου-

506 4035 676 4108 μένης
721 4036 882 4091 τοῦτο
933 4037 1158 4105 ἔπαθεν,
1209 4040 1395 4094 οὐκέτι
1449 4043 1651 4112 ὁμοίως
1699 4045 2000 4114 ἠπίσταντο
2044 4052 2092 4103 οί

503 4125 708 4182 πολλοί.
745 4128 834 4180 Διὸ
883 4128 981 4199 τὴν
1015 4131 1122 4183 ἀπὸ
1156 4129 1267 4185 τῶν
1296 4131 1532 4200 Γραφῶν
1586 4137 1896 4206 μαρτυρίαν
1945 4155 2092 4210 παρ-

503 4218 648 4287 άγει.
697 4218 859 4272 Ἀλλά
893 4217 1055 4273 τοῦτο
1089 4221 1189 4291 μὲν
1223 4219 1421 4284 ἱκανῶς
1451 4221 1831 4279 ἀποδέδεικται
1869 4226 1958 4283 διά
1983 4229 2091 4283 τῶν

501 4308 809 4378 εἰρημένων
853 4311 1008 4380 ήμῖν·
1065 4308 1168 4364 ποῦ
1207 4310 1265 4364 δὲ
1315 4311 1398 4365 ὅτι
1450 4311 1653 4385 ἐτάφη,
1697 4317 1792 4370 καὶ
1831 4321 1898 4390 τῇ
1928 4320 2088 4394 τρίτῃ

500 4398 685 4470 ήμέρᾳ
723 4399 1090 4470 ἀναστήσεται
1127 4400 1414 4471 εἰρήκασιν
1447 4403 1504 4455 αἱ
1556 4404 1809 4475 Γραφαί;
1854 4409 1953 4464 Διά
1991 4412 2086 4466 τοῦ

499 4486 644 4539 κατά
674 4486 767 4539 τὸν
797 4486 982 4540 Ἰωνάν
1001 4486 1197 4553 τύπου,
1224 4487 1283 4542 ὃν
1313 4490 1409 4543 καὶ
1435 4490 1598 4555 αὐτὸς
1623 4495 1863 4566 παράγει
1891 4497 2084 4568 λέγων·

499 4574 731 4644 ’Ὥσπερ
751 4570 831 4643 ἦν
863 4573 1067 4641 Ἰωνᾶς
1095 4576 1164 4628 ἐν
1192 4576 1266 4647 τῇ
1294 4579 1498 4646 κοιλίᾳ
1538 4580 1646 4634 τοῦ
1677 4582 1903 4650 κήτους
1932 4588 2087 4656 τρεῖς

498 4661 724 4732 ἡμέρας
750 4663 848 4716 καί
873 4663 1032 4731 τρεῖς
1060 4665 1308 4731 νύκτας,
1333 4665 1524 4733 οὕτως
1553 4667 1726 4722 ἔσται
1750 4672 1850 4725 καί
1881 4676 1915 4727 ό
1954 4677 2087 4742 Υἱὸς

497 4750 605 4804 τοῦ
645 4749 965 4819 ἀνθρώπου
1002 4751 1072 4804 ἐν
1100 4751 1176 4820 τῇ
1216 4753 1430 4822 καρδίᾳ
1465 4755 1578 4825 τῆς
1601 4758 1716 4828 γῆς
1749 4763 1909 4830 τρεῖς
1938 4765 2082 4834 ἡμέ-

489 4853 607 4906 ρας
641 4839 740 4892 καί
770 4837 928 4906 τρεῖς
961 4839 1206 4908 νύκτας·
1233 4842 1327 4895 καὶ
1352 4842 1442 4897 διὰ
1476 4845 1571 4898 τοῦ
1601 4847 1766 4916 βάτου
1799 4851 1894 4905 τοῦ
1923 4854 1984 4906 ὲν
2014 4857 2080 4926 τῇ

496 4930 708 5000 ἐρήμῳ.
750 4928 963 5000 ’Ὠσπερ
1005 4930 1116 5003 γὰρ
1167 4932 1377 4998 ἐκεῖνος
1433 4935 1670 5005 ἐκαίετο,
1700 4940 1794 4993 καὶ
1839 4943 1899 4995 οὐ
1945 4963 2079 5000 κατ-

495 5019 726 5080 εκαίετο,
759 5019 902 5075 οὐτω
941 5021 1035 5076 καὶ
1079 5023 1140 5075 τὸ
1175 5022 1337 5095 σῶμα
1366 5027 1542 5080 ἐκεῖνο
1585 5029 1827 5085 ἀπέθανε
1863 5035 1984 5104 μὲν,
2017 5038 2077 5088 οὐ

493 5107 793 5178 κατεσχέθη
824 5108 882 5162 δὲ
913 5110 1017 5163 ὐπὸ
1047 5109 1142 5164 τοῦ
1177 5111 1410 5167 θανάτου
1440 5114 1726 5186 διηνεκῶς.
1750 5120 1862 5174 Kal
1891 5125 1920 5176 6
1943 5123 2078 5195 δρά-

492 5214 602 5251 κων
636 5196 692 5250 δὲ
718 5199 747 5250 6
781 5199 873 5251 ἐπὶ
900 5200 994 5253 τοῦ
1027 5201 1226 5274 Δανιὴλ
1256 5202 1416 5257 τοῦτο
1452 5205 1768 5272 αἰνίττεται.
1806 5212 2076 5284 Καθάπερ

489 5285 596 5356 γὰρ
628 5285 834 5349 ἐκεῖνος
862 5286 1041 5340 λαϐὼν
1072 5290 1170 5360 τὴν
1208 5291 1432 5364 τροφὴν,
1460 5293 1527 5364 ἣν
1565 5295 1765 5351 ἔδωκεν
1798 5301 1826 5352 6
1863 5305 2076 5373 προφή-

487 5391 606 5445 της.
637 5375 800 5445 μέσος
821 5378 1052 5450 ἐρράγη·
1086 5379 1228 5434 οὕτω
1268 5383 1360 5436 καὶ
1410 5387 1439 5438 6
1489 5385 1646 5458 ᾅδης,
1676 5390 1962 5445 καταπιὼν
2011 5394 2074 5446 τὸ

488 5464 649 5534 σῶμα
690 5467 884 5529 έκεῖνο,
924 5470 1225 5542 διεσχίσθη,
1263 5473 1358 5528 τοῦ
1392 5473 1644 5545 σώματος
1681 5479 1849 5534 αὐτοῦ
1891 5481 2070 5536 διατε-

488 5553 678 5622 μόντος
720 5555 870 5626 αὐτῷ
898 5558 994 5628 τὴν
1025 5561 1209 5630 νηδὺν,
1238 5563 1332 5614 καὶ
1373 5564 1727 5630 ἀναστάντος.
1773 5569 1835 5620 Εἰ
1879 5569 1935 5622 δὲ
1977 5572 2072 5625 καὶ

485 5639 572 5691 διά
606 5645 867 5712 ῥημάτων
895 5644 1070 5710 θέλεις
1100 5649 1331 5704 ἀκοῦσαι
1355 5652 1546 5717 ταῦτα,
1579 5655 1614 5708 ἀ
1641 5655 1728 5710 διὰ
1754 5658 1862 5710 τῶν
1885 5658 2071 5713 τύπων

486 5723 644 5792 εἶδες,
666 5731 896 5786 ἄκουσον
918 5734 1012 5787 τοῦ
1039 5736 1100 5788 Ἠ
1110 5737 1263 5791 σαῖου
1286 5739 1556 5807 λέγοντος,
1588 5743 1670 5796 ὅτι
1687 5745 1919 5813 ΑΤρεται
1945 5749 2065 5803 ἀπὸ

1200 292 1259 350 S.
1301 291 1592 350 JOANNIS
1629 289 2128 349 CHRYSOSTOMI
2159 290 2484 354 ARCHIEP.
2525 299 3085 362 CONSTANTINOP.

3704 311 3810 370 526

2226 410 2340 480 τῆς
2391 413 2503 484 γῆς
2557 417 2598 485 ἡ
2655 415 2766 487 ζωὴ
2810 421 3033 478 αὐτοῦ·
3093 423 3206 486 καὶ,
3260 424 3473 492 Κύριος
3516 427 3810 489 βούλεται

2225 500 2546 566 καθαρίσαι
2583 503 2773 556 αὑτὸν
2811 504 2932 557 ἀπὸ
2975 505 3087 577 τῆς
3115 507 3378 578 πληγῆς,
3417 509 3607 575 δεῖξαι
3646 511 3811 578 αὐτῷ

2222 581 2369 652 φῶς·
2396 586 2490 640 καὶ
2512 587 2607 641 τοῦ
2635 588 2797 642 Δαυῒδ
2822 591 2928 660 πρὸ
2949 591 3161 648 ἐκείνου
3196 599 3317 650 Οὐκ
3348 595 3810 668 ἐγκαταλείψεις

2221 670 2337 739 τὴν
2368 674 2578 744 ψυχήν
2609 692 2729 746 μου
2766 680 2853 744 εις
2877 677 3054 749 ᾅδην,
3088 681 3232 736 οὐδὲ
3251 683 3467 752 δώσεις
3493 686 3602 740 τὸν
3633 686 3810 740 ὅσιόν

2220 773 2338 814 σου
2374 760 2526 816 ἰδεῖν
2557 763 2907 835 διαφθοράν.
2944 770 3043 823 Διά
3087 769 3243 826 τοῦτό
3289 786 3347 825 σε
3395 772 3490 826 καὶ
3527 775 3556 826 6
3595 774 3811 841 Παῦλος

2222 852 2586 922 παραπέμπει
2639 857 2722 918 εἰς
2764 856 2864 922 τὰς
2909 857 3154 930 Γραφάς,
3212 861 3298 915 ἵνα
3349 863 3528 935 μάθῃς
3574 865 3659 918 ὅτι
3709 865 3810 937 οὐχ

2221 937 2410 1002 ἁπλῶς
2450 940 2572 994 οὐδὲ
2614 943 2739 1013 είκῆ
2769 943 2941 998 ταῦτα
2965 946 3200 1014 ἐγένετο.
3244 948 3368 1012 Πῶς
3393 949 3504 1021 γάρ
3533 951 3812 1007 τοσούτων

2223 1027 2521 1097 προφητῶν
2544 1031 3065 1104 προδιαγραφόντων
3099 1035 3240 1089 αὐτά
3269 1037 3364 1090 καὶ
3398 1039 3808 1111 ἀνακηρυττόν-

2219 1130 2350 1177 των,
2380 1114 2462 1167 ὃτι
2501 1117 2740 1187 οὐδαμοῦ
2770 1121 2802 1190 ή
2837 1120 3031 1192 Γραφὴ
3061 1123 3150 1177 τὸν
3181 1124 3280 1194 τῆς
3319 1125 3594 1196 ἁμαρτίας
3636 1127 3810 1183 θάναο

2219 1218 2311 1255 τον
2344 1202 2514 1272 λέγει,
2547 1205 2642 1257 τοῦ
2669 1207 3005 1263 Δεσποτικοῦ
3033 1211 3359 1282 μεμνημένη
3388 1213 3643 1279 θανάτου,
3670 1215 3808 1270 ἀλλά

2218 1288 2311 1342 τὸν
2348 1292 2682 1361 σωματικὸν,
2719 1295 2814 1348 καὶ
2839 1297 3017 1368 ταφήν
3051 1299 3144 1353 καὶ
3174 1302 3474 1356 ἀνάστασιν
3505 1304 3806 1373 τοιαύτην;

2219 1375 2330 1429 Kal
2363 1375 2454 1430 ὅτι
2479 1377 2646 1447 ὤφθη
2667 1377 2862 1450 Κηφᾷ.
2895 1383 3112 1446 Εὐθέως
3139 1384 3231 1438 τὸν
3256 1387 3476 1441 πάντων
3499 1386 3808 1452 ἀξιοπιστό-

2217 1475 2376 1530 τερον
2397 1460 2632 1532 τίθησιν.
2659 1463 2901 1518 Ἔπειτα
2923 1465 3047 1533 τοῖς
3067 1465 3298 1523 δώδεκα
3318 1481 3343 1510 ι
3361 1487 3373 1498 ·
3405 1470 3612 1525 ἔπειτα
3637 1470 3804 1542 ὤφθη

2216 1550 2418 1604 ἐπάνω
2448 1556 2874 1620 πεντακοσίοις
2898 1557 3189 1626 ἀδελφοῖς
3223 1559 3487 1630 ἐφάπαξ,
3519 1563 3589 1627 ἐξ
3629 1559 3718 1618 ὧν
3749 1567 3805 1618 οι

2219 1641 2471 1706 πλείους
2491 1640 2788 1711 μένουσιν
2809 1643 2920 1710 ἕως
2956 1644 3108 1714 ἄρτι,
3139 1647 3300 1716 τινὲς
3334 1649 3404 1702 δέ
3433 1651 3531 1704 καὶ
3560 1651 3793 1720 ἐκοιμήο

2218 1730 2438 1796 θησαν·
2461 1732 2668 1784 ἔπειτα
2703 1733 2976 1799 Ἰακώϐῳ,
3004 1731 3133 1790 εἷτα
3156 1737 3280 1803 τοῖς
3303 1739 3673 1806 ἀποστόλοις
3693 1738 3804 1794 πᾶ·

2217 1833 2342 1870 σιν·
2373 1818 2639 1884 ἔσχατον
2671 1818 2740 1872 δὲ
2767 1821 3030 1887 πάντων,
3061 1823 3322 1893 ὡσπερεί
3349 1826 3427 1897 τῷ
3455 1826 3805 1896 ἐκτρώματι,

2217 1904 2383 1974 ὤφθη
2413 1907 2613 1976 κάμοί.
2650 1907 2870 1978 Ἐπειδὴ
2892 1909 3002 1980 γὰρ
3029 1911 3127 1980 τὴν
3157 1912 3264 1966 ἀπὸ
3286 1913 3394 1966 τῶν
3417 1913 3649 1984 ι’ραφῶν
3675 1917 3804 1969 ἀπό-

2215 1993 2382 2058 δειξιν
2415 1989 2558 2058 εἶπε,
2588 1995 2911 2066 προστίθησι
2942 1999 3037 2050 καὶ
3064 1999 3163 2068 τὴν
3187 1999 3276 2053 διὰ
3302 2001 3409 2053 τῶν
3433 2003 3798 2074 πραγμάτων,

2218 2081 2504 2153 μάρτυρας
2534 2084 2799 2154 παράγων
2830 2084 2930 2155 τῆς
2963 2086 3316 2152 ἀναστάσεως
3342 2089 3481 2158 μετὰ
3512 2091 3639 2154 τοὺς
3667 2109 3803 2163 προ-

2215 2171 2390 2240 φήτας
2420 2171 2547 2234 τοὺς
2578 2172 2910 2236 ἀποστόλους
2941 2174 3037 2226 καὶ
3065 2175 3285 2245 ἐτέρους
3321 2179 3543 2242 πιστοὺς
3584 2179 3800 2251 ἀνθρώ⁶

2216 2275 2371 2320 πους.
2402 2256 2555 2331 [555]
2596 2260 2658 2312 Εἰ
2695 2259 2752 2312 δὲ
2785 2260 2886 2330 τὴν
2919 2261 3218 2316 ἀνάστασιν
3256 2265 3477 2336 ἐκείνην
3509 2266 3665 2335 ἔλεγε
3701 2269 3800 2340 τὴν

2212 2349 2312 2418 τῆς
2330 2348 2606 2419 ἁμαρτίας
2629 2348 2972 2420 ἀπαλλαγὴν,
2997 2352 3269 2424 περιττῶς
3295 2353 3501 2424 ἔλεγεν,
3523 2351 3704 2427 Ὠφθη
3723 2356 3801 2427 τῷ

2212 2436 2345 2489 δεῖνι
2380 2439 2473 2490 καὶ⁸
2512 2439 2585 2508 τῷ
2615 2437 2769 2492 δεῖνι.
2801 2438 2974 2492 Τοῦτο
3017 2441 3126 2512 γάρ
3161 2445 3524 2514 πιστουμένου
3557 2447 3659 2518 τὴν
3705 2445 3800 2499 τοῦ

2214 2522 2466 2595 σώματος
2495 2526 2792 2581 ἀνάστασίν
2822 2529 2990 2594 ἐστιν,
3027 2531 3126 2600 οὐχ
3169 2531 3586 2604 ἁμαρτημάτων
3618 2535 3799 2589 ἀπαλ-

2211 2612 2385 2684 λαγὴν
2414 2615 2815 2686 αἰνιττομένου.

2285 2719 2350 2772 δ’.
2385 2719 2476 2772 Διὸ
2505 2721 2624 2774 οὐδὲ
2645 2721 2793 2788 ἅπαξ
2821 2719 2941 2778 εἶπε
2975 2725 3055 2792 τὺ,
3088 2728 3300 2797 Ὠερθη,
3328 2729 3502 2785 καίτοι
3532 2747 3596 2801 γε
3635 2730 3807 2806 ἤρκει

2211 2807 2354 2861 κατά
2381 2809 2560 2862 κοινοῦ
2595 2808 2755 2863 θέντα
2783 2812 2882 2882 τὴν
2905 2813 3070 2881 λέξιν·
3109 2815 3207 2870 νῦν
3238 2817 3296 2872 δὲ
3326 2819 3420 2872 καὶ
3449 2819 3531 2884 δὶς
3555 2821 3650 2874 καὶ
3677 2822 3807 2893 τρὶς

2210 2897 2304 2950 καὶ
2327 2896 2412 2966 ἐφ’
2434 2897 2650 2969 ἑκάστῳ
2672 2900 2858 2970 σχεδὸν
2879 2900 2986 2956 τῶν
3007 2904 3338 2974 ἑωρακότων
3362 2907 3532 2979 αὐτὴν
3559 2908 3805 2980 τίθησιν.

2214 2985 2405 3054 Ὠφθη
2453 2985 2583 3057 γὰρ,
2621 2988 2776 3058 φησι,
2813 2990 3011 3059 Κηφᾷ,
3057 2991 3227 3062 ὤφθη
3267 2992 3468 3049 ἐπὶίνω
3507 3012 3806 3052 πεντακοο

2209 3073 2369 3138 σίοις
2392 3073 2700 3144 ἀδελφοῖς,
2737 3077 2902 3146 ὤφθη
2943 3080 3144 3150 κάμοί.
3178 3082 3290 3136 Kal
3319 3083 3427 3155 μὴν
3451 3083 3514 3137 τὸ
3544 3085 3806 3156 Εὐαγγέ-

2207 3159 2322 3216 λιον
2352 3161 2663 3218 τούναντίον
2700 3164 2871 3235 λέγει,
2907 3167 2990 3222 ὃτι
3048 3172 3114 3242 τῇ
3162 3171 3351 3244 Μαρίᾳ
3400 3171 3610 3246 πρώτη.
3655 3171 3804 3230 Ἀλλ’

2208 3249 2268 3304 ὲν
2323 3250 2550 3323 ἀνδράσι
2596 3251 2775 3325 τούτῳ
2837 3255 3061 3328 πρώτῳ,
3108 3257 3187 3329 τῷ
3219 3260 3458 3330 μάλιστα
3486 3263 3650 3318 αὐτὸν
3686 3277 3794 3318 πο-

2207 3335 2390 3391 θοῦντι
2429 3339 2578 3393 ἰδεῖν.
2627 3341 2812 3405 Ποίοις
2843 3342 2902 3396 δὲ
2945 3343 3156 3399 δώδεκα
3195 3349 3626 3421 ἐνταῦθά-φησιν
3654 3353 3802 3406 ἀποο

2208 3427 2450 3493 στόλοις;
2487 3429 2626 3498 μετά
2649 3428 2758 3502 γάρ
2779 3430 2876 3502 τήν
2892 3431 3161 3502 ἀνάληψιν
3175 3437 3203 3488 6
3231 3437 3478 3502 Ματθίας
3498 3440 3800 3516 κατελέγη,

2178 3516 2266 3568 -οὐ
2314 3517 2454 3586 μετά
2507 3517 2608 3588 τὴν
2647 3518 2946 3573 ἀνάστασιν
2994 3521 3218 3586 εὐθέως.
3277 3525 3416 3578 Ἀλλ’
3450 3527 3601 3594 εἰκὸς
3627 3531 3802 3585 αὐτὸν

2203 3603 2298 3656 καὶ
2331 3603 2468 3674 μετά
2506 3605 2607 3676 τὴν
2652 3607 2921 3677 ἀνάληψιν
2953 3602 3154 3678 ὦφθαι.
3191 3612 3365 3676 Αὐτὸς
3415 3615 3547 3682 γοῦν
3576 3613 3740 3684 οὗτος
3767 3624 3800 3674 6

2201 3693 2499 3757 ἀπόστολος
2537 3695 2676 3764 μετά
2703 3697 2804 3768 τὴν
2832 3698 3100 3770 ἀνάληψιν
3137 3703 3233 3755 καὶ
3263 3703 3492 3776 ἐκλήθη,
3524 3709 3619 3761 καὶ
3649 3706 3797 3764 εἶδεν

2201 3783 2382 3837 αὐτόν.
2453 3782 2552 3837 Διά
2602 3782 2763 3838 τοῦτο
2815 3785 2936 3840 οὐδὲ
2996 3788 3091 3843 τὸν
3140 3792 3333 3863 καιρὸν
3388 3794 3625 3866 τίθησιν,
3674 3799 3797 3853 ἀλλ’

2200 3869 2390 3934 ἁπλῶς
2423 3871 2517 3924 καὶ
2551 3871 2871 3942 ἀδιορίστως
2902 3875 3193 3946 καταλέγει
3221 3881 3318 3943 τάς
3340 3881 3510 3951 ὄψεις·
3549 3887 3644 3939 καὶ
3679 3886 3796 3958 γὰρ

2201 3959 2347 4020 εἰκὸς
2381 3957 2586 4020 πολλὰς
2623 3961 2984 4031 γεγενῆσθαι·
3026 3964 3108 4018 διὸ
3137 3968 3233 4020 καὶ
3261 3970 3289 4021 6
3318 3969 3573 4042 Ἰωάννης
3605 3957 3790 4044 ἔλεγε,

2198 4045 2395 4117 Τρίτον
2457 4045 2616 4098 τοῦτο
2674 4048 2991 4115 ἐνεφάνισεν
3039 4053 3256 4108 ἑαυτόν.
3319 4057 3559 4112 Ἔπειτα
3613 4060 3790 4132 ὤφθη

2196 4133 2399 4187 ἐπάνω
2427 4136 2854 4200 πεντακοσίοις
2885 4137 3193 4206 ἀδελφοῖς.
3222 4141 3380 4204 Τινὲς
3408 4144 3486 4208 τὸ,
3524 4145 3784 4215 Ἐπανω,

2197 4219 2310 4273 ἄνω
2339 4220 2404 4272 ὲκ
2437 4220 2548 4273 τῶν
2577 4220 2824 4290 οὐρανῶν
2857 4217 3000 4276 εἶναί
3031 4242 3220 4293 φασιν.
3275 4230 3348 4282 Οὐ
3386 4231 3496 4300 γὰρ
3534 4234 3629 4286 ἐπὶ
3675 4235 3789 4304 γῆς

2499 4309 2603 4330 ιῖὶθ

2194 4398 2306 4451 Kal
2335 4397 2445 4469 γὰρ
2475 4398 2596 4468 οὐχὶ
2639 4397 2736 4470 τὴν
2766 4399 3069 4455 ἀνάστασιν
3110 4406 3489 4462 πιστώσασθαι
3530 4411 3788 4466 ἐϐούλετο

2196 4487 2379 4559 μόνον,
2401 4486 2537 4543 ἀλλά
2563 4486 2659 4540 καὶ
2690 4487 2788 4559 τὴν
2833 4488 3122 4560 ἀνάληψιν.
3159 4494 3316 4560 Τινὲς
3338 4497 3395 4550 δὲ
3427 4497 3651 4568 λέγουσι
3698 4503 3783 4568 τὸ,

2209 4576 2438 4630 Ἐπάνω
2474 4579 2924 4644 πεντακοσίοις,
2973 4584 3088 4646 τοῖς
3136 4585 3378 4640 πλείοσιν
3429 4589 3462 4660 ἢ
3515 4607 3784 4647 πεντακο-

2191 4664 2350 4728 σίοις.
2385 4665 2488 4730 Ἐξ
2521 4659 2610 4719 ὧν
2655 4664 2712 4720 ol
2759 4667 3011 4734 πλείους
3046 4671 3348 4741 μένουσιν
3371 4675 3483 4743 ἕως
3523 4678 3676 4748 ἄρτι.
3718 4682 3782 4735 El

2189 4753 2300 4825 γάρ
2331 4755 2427 4808 καὶ
2452 4753 2658 4808 παλαιὰ
2708 4753 3004 4828 διηγοῦμαι
3045 4760 3372 4831 πράγματα,
3427 4769 3617 4836 φησὶν,
3662 4770 3778 4824 ἀλλ’

2187 4841 2298 4911 ἔχω
2337 4841 2626 4913 μάρτυρας
2658 4842 2739 4895 ἔτι
2769 4842 2999 4908 ζῶντας.
3033 4847 3198 4914 Τινὲς
3229 4848 3299 4903 δὲ
3327 4853 3427 4905 καὶ
3465 4856 3778 4928 ἐκοιμήθη-

2185 4949 2328 4989 σαν.
2371 4936 2486 4989 Οὐκ
2547 4930 2723 4999 εἶπεν,
2763 4937 3079 5005 Ἀπέθανον,
3133 4939 3270 5004 ἀλλ’,
3309 4943 3775 5016 Ἑκοιμήθησαν,

2186 5023 2281 5076 καὶ
2314 5023 2488 5096 ταύτῃ
2538 5028 2606 5096 τῇ
2657 5025 2804 5094 λέξει
2834 5027 2996 5081 πάλιν
3028 5030 3127 5100 τὴν
3167 5031 3464 5088 ἀνάστασιν
3509 5036 3771 5106 βεϐαιῶν.

2189 5111 2432 5165 Ἔπειτα
2460 5112 2625 5182 ὤφθη
2662 5113 2925 5182 Ἰακώϐῳ.
2967 5116 3122 5186 Ἐμοὶ⁵
3149 5119 3315 5184 δοκεῖ,
3349 5122 3426 5192 τῷ
3453 5119 3671 5196 ἀδελφῷ
3694 5127 3771 5199 τῷ

2181 5197 2400 5251 ἑαυτοῦ·
2434 5199 2595 5262 αὐτὸς
2623 5199 2732 5272 γάρ
2771 5201 2935 5256 αὐτὸν
2979 5203 3195 5273 λέγεται
3240 5197 3768 5281 κεχειῳτονηκέναι.

2181 5288 2277 5340 καὶ
2309 5287 2607 5342 ἐπίσκοπον
2633 5291 2693 5343 ὲν
2719 5291 3117 5364 Ἰεροσολύμοις
3142 5299 3503 5360 πεποιηκέναι
3529 5303 3765 5372 πρῶτον.

2179 5371 2324 5428 Εἶτα
2353 5377 2479 5442 τοῖς
2505 5379 2879 5446 ἀποστόλοις
2911 5380 3121 5436 πᾶσιν.
3145 5380 3328 5439 *Ησαν
3357 5389 3467 5458 γὰρ
3490 5371 3585 5443 καί
3615 5393 3768 5446 ἄλλοι

2177 5465 2490 5528 ἀπόστολοι,
2532 5464 2607 5530 ὡς
2649 5469 2696 5519 οἱ
2747 5468 3142 5541 ἑϐδομήκοντα.
3168 5475 3474 5544 Ἕσχατον
3507 5478 3575 5532 δὲ
3609 5481 3763 5534 πάν-

2239 5637 2352 5710 θ’]η·
2379 5638 2981 5710 ειίιιιξοιειοπιριιιζίιῖιιε
3006 5643 3085 5710 (ἶς’.
3118 5646 3305 5710 legitur
3331 5649 3428 5704 τοῖς
3478 5652 3664 5708 ἕνδεκα,
3709 5659 3768 5704 el

2176 5701 2225 5822 ipnl
2234 5699 2662 5824 ἱζῗὶεὲιιῗςςῐλιιὶηα
2682 5699 3021 5766 undecimo"!
3045 5699 3200 5759 fuerit
3212 5699 3548 5763 duodecimusv
3561 5699 3767 5763 illé'ei;
