3998 6416
279 349 384 406 395

273 465 429 522 etiam
477 471 604 518 ante
649 471 874 518 mortem
917 461 1044 517 nulli
1078 467 1296 530 peccato
1335 457 1499 512 fuisse
1536 454 1850 510 obnoxium.

272 559 292 626 (
318 572 439 611 eum
459 558 628 623 enim,
657 557 746 627 qui
773 572 868 626 pro
899 556 1129 625 peccatis
1151 552 1375 607 moritur
1404 549 1594 604 alienis
1619 590 1633 614 ,
1661 562 1853 603 conse-

271 664 442 717 quens
490 656 574 720 est
621 663 741 702 esse
797 646 1057 716 ejusmodi
1107 655 1166 700 ut
1209 659 1312 698 non
1348 639 1603 713 peccet),
1649 656 1717 695 ne
1757 639 1855 692 lim:

271 740 488 807 quidem
543 748 868 805 contentus,
925 737 1218 808 subjunxit,
1267 735 1562 791 Secundum
1613 732 1845 801 Scriptu-

273 847 400 894 ras;
449 831 574 886 hinc
617 847 802 885 rursus
861 830 964 885 ﬁde
1018 829 1233 899 dignam
1287 827 1488 882 faciens
1535 826 1852 888 orationem,

267 933 322 978 et
368 924 676 993 signiﬁcans
719 939 1002 993 quamnam
1036 931 1258 976 mortem
1303 919 1524 974 diceret.
1565 917 1857 986 Scriptum

268 1016 410 1068 enim
459 1015 655 1084 ubique
698 1014 990 1083 loquuntur
1029 1013 1096 1067 de
1135 1021 1308 1067 morte
1347 1010 1590 1080 corporis
1637 1007 1854 1066 :Fode-

268 1118 387 1159 runt
417 1108 600 1172 enim,
631 1107 836 1177 inquit,
869 1123 1051 1160 manus
1076 1122 1213 1160 meas
1240 1114 1287 1160 et
1323 1105 1474 1175 pedes
1515 1119 1652 1158 meos
1680 1101 1852 1172 (Psal.

265 1199 328 1252 2|
361 1241 376 1261 ,
425 1197 568 1270 17),
601 1207 685 1263 et,
729 1197 977 1253 Videbunt
1006 1199 1057 1252 in
1084 1213 1230 1269 quem
1269 1196 1636 1266 transfixerunt
1675 1193 1853 1265 (Joau.

268 1290 518 1359 19.57).

336 1383 392 1436 5.
427 1380 589 1436 Multa
613 1381 716 1436 alia
743 1424 758 1448 ,
802 1397 870 1436 ne
905 1381 1083 1436 omnia
1115 1379 1358 1436 dicamus
1391 1379 1661 1450 sigillatim
1685 1421 1698 1442 ,
1731 1378 1860 1433 licet

267 1472 316 1526 in
350 1475 432 1527 eis
457 1473 640 1529 videre
665 1514 681 1539 ,
710 1473 812 1528 alia
855 1473 1072 1543 quidem
1100 1487 1197 1540 per
1224 1472 1382 1526 verba
1409 1513 1423 1536 ,
1467 1469 1568 1524 alia
1605 1474 1730 1524 vero
1761 1485 1860 1540 per

265 1568 468 1634 ﬁguras
493 1607 508 1629 ,
547 1581 666 1635 qua:
695 1564 994 1635 signiﬁcant
1031 1564 1211 1619 carnis
1241 1562 1444 1617 ctedem
1471 1603 1485 1626 ,
1515 1571 1570 1615 et
1592 1560 1734 1632 quod
1762 1577 1860 1631 pro

265 1659 468 1712 nostris
499 1657 730 1727 peccatis
752 1659 821 1711 sit
844 1655 1074 1711 occisus.
1103 1655 1210 1709 Pro
1235 1655 1452 1725 peccatis
1475 1654 1638 1717 enim,
1666 1653 1856 1722 inquit,

265 1751 448 1821 populi
488 1751 586 1804 mei
625 1751 756 1804 venit
802 1754 870 1803 ad
918 1758 1164 1813 mortem;
1209 1757 1298 1814 et,
1345 1746 1595 1801 Dominus
1648 1745 1860 1799 tradidit

259 1843 435 1910 ipsum
462 1842 680 1911 peccatis
706 1841 929 1903 nostris;
957 1849 1040 1906 et,
1078 1838 1387 1893 Vulneratus
1416 1845 1488 1891 est
1510 1846 1715 1908 propter
1738 1853 1860 1906 pec-

261 1945 380 1988 cata
431 1945 606 1988 nostra
650 1933 802 2006 (lsai.
850 1935 938 1988 53.
988 1933 1042 1988 8.
1076 1932 1130 1987 6.
1178 1930 1257 2002 5).
1295 1930 1350 1985 Si
1392 1939 1573 1984 autem
1621 1937 1858 1984 veterem

259 2042 374 2082 non
418 2029 526 2081 fers
552 2026 881 2097 Scripturam
903 2067 917 2092 ,
947 2025 1072 2080 audi
1106 2024 1369 2080 Joannem
1415 2024 1735 2077 clamantem
1761 2063 1776 2084 ,
1804 2031 1861 2077 et

261 2127 493 2188 utraque
519 2117 892 2173 ostendentem
919 2158 934 2184 ,
967 2131 1160 2186 nempe
1197 2125 1252 2172 et
1294 2115 1494 2170 aedem
1520 2115 1764 2184 corporis
1806 2123 1862 2170 et

259 2225 507 2265 causam.
540 2209 672 2264 Ecce
697 2211 859 2275 enim,
897 2212 1085 2281 inquit,
1117 2211 1290 2282 Agnus
1315 2209 1434 2275 Dei,
1466 2210 1552 2280 qui
1581 2209 1713 2263 tollit
1744 2226 1860 2280 pec-

259 2313 437 2356 catum
482 2304 658 2357 mundi
700 2303 881 2374 (Joan.
925 2305 977 2358 1.
1020 2301 1150 2376 29);
1201 2315 1256 2358 et
1303 2304 1526 2360 Paulum
1567 2303 1855 2369 dicentem,

263 2396 406 2447 Eum
436 2436 450 2458 ,
485 2395 572 2464 qui
599 2412 700 2450 non
741 2405 947 2450 noverat
976 2409 1237 2466 peccatum
1261 2437 1277 2462 ,
1309 2413 1402 2467 pro
1430 2396 1574 2450 nobis
1601 2398 1716 2468 fecit
1747 2413 1860 2467 pec-

259 2495 469 2550 catum,
497 2494 553 2538 ut
583 2502 674 2541 nos
701 2487 936 2555 fieremus
966 2486 1060 2540 Dei
1097 2488 1300 2558 justitia
1327 2488 1382 2541 in
1415 2489 1526 2558 ipso
1548 2487 1624 2556 (2.
1654 2486 1772 2542 Cor.

255 2579 356 2651 2i)
393 2597 407 2634 :
437 2591 488 2634 et
521 2595 730 2646 rursus,
764 2580 992 2634 Christus
1012 2597 1102 2634 nos
1126 2580 1335 2634 redemit
1362 2598 1394 2634 a
1419 2581 1687 2634 maledicto
1713 2581 1856 2652 legis,

263 2675 437 2735 factus
466 2688 559 2742 pro
587 2671 731 2726 nobis
755 2672 1078 2724 maledictum
1102 2669 1299 2740 (Galat.
1331 2674 1384 2727 5.
1411 2672 1498 2742 15)
1523 2689 1537 2734 ς
1567 2681 1621 2728 et
1649 2687 1855 2740 rursus,

261 2760 583 2828 Exspatians
620 2763 938 2832 principatus
974 2771 1022 2814 et
1061 2771 1334 2832 potestates
1377 2763 1595 2816 traducit
1633 2761 1856 2833 (Coloss.

257 2854 317 2908 2.
350 2854 464 2922 15),
491 2862 612 2908 acto
653 2853 724 2908 de
764 2854 845 2908 eis
873 2853 1185 2922 triumpho;
1219 2862 1272 2908 et
1296 2853 1400 2909 alia
1426 2854 1857 2923 innumerabilia,

255 2963 385 3016 quae
413 2947 718 3018 signiﬁcant
747 2963 808 3002 ea
838 2964 956 3018 quae
985 2948 1118 3002 facta
1147 2957 1272 3003 sunt
1313 2949 1364 3002 in
1402 2948 1549 3005 catde
1589 2951 1856 3020 corporis,

258 3047 319 3093 et
343 3048 566 3108 propter
591 3048 773 3092 nostra
803 3047 1040 3108 peccata.
1081 3038 1196 3108 Ipse
1220 3039 1361 3093 enim
1393 3040 1520 3096 dicit
1542 3081 1556 3104 ,
1590 3039 1694 3094 Pro
1720 3041 1859 3097 vobis

259 3130 532 3196 sanctiﬁco
567 3130 814 3200 meipsunt
843 3128 1020 3200 (Joan.
1055 3131 1142 3184 17.
1169 3130 1294 3200 19);
1321 3141 1392 3192 et,
1432 3131 1678 3204 Princeps
1707 3132 1859 3204 ltujus

256 3221 442 3273 mundi
464 3237 596 3274 nunc
639 3220 1002 3274 condemnatus
1038 3231 1110 3275 est
1150 3219 1373 3294 (ldJG.
1402 3223 1512 3295 11),
1551 3223 1858 3294 signiﬁcans

256 3329 321 3368 se
354 3313 521 3367 fuisse
549 3313 809 3380 occisum,
840 3329 961 3369 cum
989 3314 1192 3368 nullum
1225 3316 1445 3370 haberet
1470 3325 1768 3385 peccatum.
1800 3319 1854 3374 4.

257 3407 330 3460 Ει
368 3407 506 3477 quod
550 3409 776 3477 sepultus
815 3417 909 3461 est.
954 3407 1066 3462 Hoc
1087 3423 1300 3477 quoque
1328 3407 1506 3478 priora
1533 3413 1853 3466 conﬁrmat:

255 3515 387 3553 nam
417 3497 561 3569 quod
593 3500 884 3569 sepelitur,
913 3500 1134 3554 omnino
1174 3509 1257 3555 est
1297 3517 1510 3571 corpus.
1543 3503 1610 3558 Et
1636 3503 1722 3559 hic
1749 3520 1854 3560 non

256 3591 495 3660 amplius
524 3591 748 3656 addidit,
777 3591 1083 3647 Secundum
1116 3591 1419 3662 Scripturas
1453 3612 1466 3648 :
1495 3609 1618 3650 nam
1649 3606 1860 3666 poterat

256 3683 503 3750 quidem.
531 3681 625 3737 sed
655 3699 759 3736 non
781 3682 945 3736 addit.
974 3684 1374 3750 Quamobrem?
1409 3683 1500 3739 Vel
1529 3685 1650 3755 quia
1679 3687 1860 3756 sepul-

256 3789 410 3828 crum
445 3774 697 3828 omnibus
727 3773 1068 3829 manifestum
1094 3784 1148 3829 et
1175 3785 1300 3829 tunc
1327 3776 1428 3828 fuit
1467 3785 1520 3831 et
1559 3793 1702 3832 nunc
1727 3788 1806 3833 est
1839 3796 1852 3832 :

256 3866 343 3921 vel
371 3865 498 3935 quia
539 3866 592 3920 in
637 3867 908 3920 communi
940 3867 1168 3935 positum
1211 3875 1294 3920 est
1341 3867 1506 3932 illud,
1562 3867 1856 3924 Secundum

262 3959 588 4026 Scripturas.
614 3959 719 4012 Cur
736 3974 865 4028 ergo
884 3958 1048 4020 addit,
1080 3957 1374 4013 Secundum
1402 3958 1720 4027 Scripturas,
1745 3961 1853 4027 ltie,

261 4049 329 4103 Et
347 4049 487 4122 quod
509 4052 780 4105 resurrexit
809 4051 955 4104 tertia
981 4051 1062 4103 die
1097 4050 1376 4105 secundum
1418 4050 1715 4122 Scripturas
1737 4093 1753 4120 ,
1799 4063 1856 4108 et

259 4156 369 4196 non
421 4149 506 4196 est
551 4149 834 4196 contentus
882 4142 973 4195 illo
1019 4141 1226 4211 priori,
1264 4142 1406 4212 quod
1443 4143 1644 4198 dictum
1676 4153 1762 4200 est
1800 4147 1853 4200 in

260 4233 534 4288 communi
557 4233 578 4286 ?
605 4234 741 4300 Quia
789 4233 889 4287 huc
922 4248 1136 4303 quoque
1165 4235 1346 4288 multis
1372 4243 1489 4288 erat
1513 4234 1774 4290 incertum
1801 4245 1856 4291 et

261 4328 583 4392 obscurum;
605 4327 725 4382 ideo
753 4327 838 4380 hic
863 4342 1078 4397 quoque
1101 4326 1406 4395 Scripturas
1421 4327 1662 4399 adjungit
1683 4329 1855 4398 inSpi-

261 4432 433 4485 ratus,
464 4433 515 4476 et
544 4421 642 4476 hac
679 4421 905 4490 sapienti
939 4431 991 4475 et
1022 4421 1198 4475 divina
1229 4431 1475 4490 suscepta
1507 4421 1850 4492 cogitatione.

259 4513 544 4582 Quomodo
572 4530 701 4584 ergo
729 4531 835 4568 non
863 4515 1023 4568 etiam
1055 4515 1108 4567 in
1137 4523 1311 4568 morte
1335 4513 1475 4570 idem
1509 4514 1670 4568 facit?
1709 4516 1852 4581 Quo-

264 4608 406 4660 niam
437 4607 545 4662 illic
568 4622 782 4678 quoque
825 4621 957 4661 crux
1001 4605 1216 4674 quidem
1250 4604 1354 4660 fuit
1395 4607 1644 4661 omnibus
1685 4607 1854 4661 Inani-

265 4697 420 4762 t‘csta,
455 4709 509 4754 et
533 4698 781 4753 omnibus
811 4699 1115 4754 videntibus
1141 4697 1287 4752 cruci
1309 4697 1619 4753 fuitafﬁxns
1645 4716 1658 4765 ;
1690 4715 1848 4754 causa

263 4799 442 4844 autem
471 4805 576 4846 non
616 4790 766 4844 item.
800 4788 930 4844 Nam
970 4788 1112 4859 quod
1155 4797 1395 4842 tnortuus
1425 4789 1639 4860 quidem
1673 4791 1846 4855 luerit,

261 4882 540 4937 sciverunt
591 4895 814 4944 omnes;
867 4879 1007 4950 quod
1043 4890 1222 4934 autem
1271 4894 1370 4948 pro
1407 4882 1642 4949 peccatis
1688 4883 1850 4937 totius

263 4972 410 5028 orbis
459 4973 559 5026 hoc
608 4971 679 5025 sit
730 4985 939 5041 passus,
997 4985 1102 5024 non
1147 4970 1332 5024 itidem
1385 4971 1628 5026 sciebant
1671 4973 1846 5028 multi.

264 5066 552 5136 Propterea
581 5061 802 5117 adducit
844 5061 1212 5118 testimonium
1267 5077 1332 5116 ex
1381 5061 1692 5132 Scripturis.
1740 5065 1846 5122 Sed

263 5157 365 5211 hoc
390 5155 608 5220 quidem
671 5154 803 5208 satis
841 5162 924 5208 est
950 5152 1373 5208 demonstratum
1405 5168 1500 5223 per
1523 5169 1585 5209 ea
1614 5197 1628 5216 ,
1659 5173 1778 5226 qua:
1819 5173 1848 5211 a

264 5249 419 5303 nobis
460 5245 602 5302 dicta
646 5253 771 5301 sunt
813 5261 824 5298 :
880 5245 968 5299 ubi
995 5254 1174 5300 autem
1220 5245 1360 5316 quod
1392 5245 1461 5300 sit
1505 5246 1750 5316 sepultus
1796 5259 1851 5305 et

262 5342 402 5412 quod
448 5339 606 5395 tertio
646 5338 736 5393 die
762 5347 906 5393 esset
952 5349 1353 5394 resurrecturus
1377 5377 1392 5401 ,
1419 5337 1670 5393 dixerunt
1706 5340 1849 5396 Scri-

263 5430 466 5498 ptor-:13?
491 5431 590 5485 Per
615 5429 768 5484 Jonas
789 5428 1036 5498 ﬁguram,
1067 5444 1224 5497 quam
1253 5429 1367 5498 ipse
1392 5443 1607 5499 quoque
1632 5430 1848 5487 adducit

262 5524 443 5578 dicens
477 5541 490 5575 :
519 5523 668 5577 Sicut
712 5523 807 5592 fuit
828 5519 993 5577 Jonas
1017 5523 1070 5576 in
1095 5533 1264 5576 ventre
1297 5524 1392 5577 ceti
1422 5533 1522 5577 tres
1542 5523 1649 5578 dies
1677 5534 1726 5578 et
1747 5537 1846 5581 tres

261 5625 427 5670 noctes
455 5631 473 5668 :
499 5617 570 5668 ita
595 5616 688 5669 erit
710 5619 867 5671 etiam
888 5615 1049 5670 Filius
1072 5617 1290 5670 hominis
1317 5617 1368 5669 in
1396 5616 1549 5670 corde
1573 5625 1722 5672 terra
1745 5628 1844 5674 tres

261 5709 363 5761 dies
410 5718 459 5760 et
509 5719 608 5761 tres
649 5718 820 5762 noctes
869 5707 1078 5777 (Matth.
1111 5707 1196 5763 12.
1225 5707 1338 5779 40).
1371 5708 1473 5764 Per
1519 5709 1707 5764 rubum
1752 5713 1842 5782 qui

255 5811 373 5855 erat
411 5801 466 5855 in
490 5800 706 5856 deserto
736 5800 926 5869 (Exod.
954 5802 1024 5872 '5)
1054 5819 1066 5854 :
1098 5801 1547 5872 quemadmodum
1578 5803 1719 5857 enim
1753 5805 1842 5860 ille

619 5894 888 5956 ΡΑτιιοι..
931 5900 1044 5958 (in.
1100 5906 1256 5964 [ΑΙ.

1244 344 1308 399 IN
1350 341 1564 398 EPIST.
1611 339 1625 392 I
1695 337 1784 392 AD
1823 336 1980 392 COR.
2027 332 2258 388 llOMIL.
2304 333 2594 388 XXXVI".

3385 325 3388 334 ’
3451 343 3556 398 5-26

1965 449 2187 504 ardebat
2215 459 2269 505 et
2295 465 2400 503 non
2430 448 2872 517 comburebatur,
2907 453 2975 506 ita
2999 454 3157 510 etiam
3188 471 3383 529 corpus
3414 461 3559 517 illius

1962 549 2229 595 mortuum
2276 541 2491 612 quidem
2549 541 2664 607 fuit,
2717 558 2823 597 non
2856 544 3133 602 detentum
3179 560 3357 606 autem
3385 553 3485 608 fuit
3528 573 3554 607 π

1961 642 2134 686 morte
2159 642 2437 702 perpetuo.
2477 633 2646 689 Draco
2675 635 2798 690 item
2829 636 2917 706 qui
2965 639 3062 693 fuit
3089 648 3328 712 tempore
3359 643 3558 705 Danie-

1961 723 2025 776 ﬁs
2054 723 2072 795 (
2097 724 2228 779 Dan.
2255 724 2340 797 14)
2373 727 2472 782 hoc
2502 729 2660 783 tacite
2687 729 2972 798 signiﬁcat.
3008 731 3140 788 Nam
3169 737 3309 792 sicut
3339 738 3429 795 ille
3460 756 3556 796 ac-

1962 823 2118 886 cepto
2148 818 2478 873 nutrimento
2497 859 2512 884 ,
2539 819 2681 888 quod
2727 821 2871 876 dedit
2918 825 3179 894 propheta
3201 867 3215 892 ,
3261 841 3449 900 ruptus
3472 844 3560 888 est

1963 911 2212 964 medius:
2245 911 2314 964 ita
2340 911 2503 966 etiam
2554 912 2820 978 infernus,
2864 913 3123 971 devorato
3169 919 3261 974 illo
3304 936 3554 993 corpore,

1963 1001 2064 1056 fuit
2092 1004 2372 1066 discissus.
2401 1019 2522 1058 eum
2556 1006 2720 1075 ipsius
2745 1021 2942 1078 corpus
2967 1022 3208 1067 ventrem
3241 1014 3360 1083 ejus
3388 1017 3558 1074 disse-

1963 1095 2182 1162 cuisset,
2211 1105 2265 1150 et
2289 1097 2640 1156 surrexisset.
2670 1098 2723 1153 Si
2748 1107 2926 1153 autem
2951 1100 3066 1156 hare
3090 1105 3248 1158 etiam
3273 1112 3352 1160 vis
3376 1109 3554 1165 verbis

1963 1184 2150 1240 audire
2177 1229 2190 1253 ,
2224 1203 2343 1256 qua:
2372 1187 2548 1242 vidisti
2578 1204 2674 1258 per
2704 1189 2901 1259 ﬁguras
2927 1233 2942 1259 ,
2990 1193 3112 1247 audi
3144 1193 3333 1251 Isaiam
3373 1198 3558 1254 dicen-

1964 1286 2072 1332 tem
2106 1297 2118 1332 :
2150 1277 2368 1332 Tollitur
2387 1289 2568 1333 eterra
2597 1281 2695 1334 vita
2719 1283 2830 1351 ejus
2855 1298 2873 1335 :
2898 1290 2952 1337 et
2977 1324 2990 1349 ,
3033 1282 3284 1340 Dominus
3310 1289 3414 1343 vult
3441 1307 3552 1344 enm

1963 1368 2212 1423 mundare
2251 1387 2282 1423 a
2320 1370 2472 1441 plaga
2493 1413 2508 1434 ,
2537 1382 2592 1425 ut
2620 1373 2852 1427 ostendat
2889 1373 2968 1428 illi
2998 1375 3168 1431 lumen
3197 1377 3348 1449 (lsai.
3375 1381 3464 1437 53.
3497 1385 3554 1438 8.

1965 1461 2095 1531 10);
2133 1473 2188 1517 et
2226 1463 2394 1518 David
2438 1476 2563 1521 ante
2613 1466 2796 1532 illum,
2829 1465 2951 1522 Non
2983 1468 3298 1542 derelinques
3332 1475 3555 1529 animam

1965 1571 2126 1607 meam
2152 1556 2206 1609 in
2234 1556 2454 1624 inferno,
2485 1574 2642 1628 neque
2667 1559 2811 1615 dabis
2829 1573 3060 1616 sanctum
3081 1571 3223 1617 tuum
3252 1565 3420 1622 uidere
3444 1585 3558 1623 cor-

1963 1647 2250 1715 ruptionem
2273 1645 2446 1720 (Psal.
2469 1649 2553 1704 15.
2580 1649 2695 1719 10).
2719 1651 3010 1722 Propterea
3042 1663 3094 1710 te
3122 1671 3335 1727 quoque
3361 1659 3558 1715 Paulus

1966 1738 2280 1792 transmittit
2323 1738 2389 1792 ad
2435 1739 2782 1810 Scripturas,
2827 1752 2884 1797 ut
2911 1745 3052 1799 scias
3081 1745 3196 1800 ittBO
3239 1765 3344 1801 non
3396 1748 3559 1806 fuisse

1965 1827 2100 1884 facta
2126 1839 2330 1887 temere
2359 1843 2413 1887 et
2442 1834 2538 1889 abs
2569 1850 2648 1890 re.
2683 1836 2964 1902 Quomodo
2986 1841 3152 1906 enim,
3176 1855 3296 1895 cum
3328 1851 3404 1896 tot
3433 1860 3560 1914 pro-

1966 1923 2142 1992 pheta:
2195 1939 2257 1978 ea
2318 1925 2464 1993 prius
2516 1927 2828 1982 describant
2881 1941 2936 1984 et
2987 1934 3349 2000 proclament,
3411 1939 3558 2006 quod

1962 2014 2234 2088 Scriptura
2260 2033 2518 2088 nuSquam
2545 2021 2687 2074 dicat
2718 2033 2943 2076 mortem
2970 2027 3192 2094 peccati,
3227 2030 3555 2084 mentionem

1965 2106 2168 2162 faciens
2195 2111 2384 2164 mortis
2415 2111 2645 2179 Domini,
2671 2114 2764 2168 sed
2788 2117 3124 2184 corporalem
3150 2128 3203 2172 et
3225 2120 3556 2190 sepulturam

1963 2208 2019 2255 et
2047 2201 2205 2256 talem
2239 2205 2685 2260 resurrectionem
2709 2207 2732 2258 ?
2849 2207 2910 2261 Et
2937 2210 3075 2278 quod
3099 2212 3236 2265 visus
3258 2223 3330 2267 est
3348 2212 3554 2286 Ceplwe.

1965 2291 2098 2346 Eum
2131 2294 2308 2348 statim
2334 2297 2504 2364 ponit,
2539 2299 2627 2368 qui
2667 2308 2750 2353 est
2781 2302 3019 2355 omnium
3053 2302 3157 2358 ﬁde
3187 2305 3555 2376 dignissimus.

1966 2384 2034 2438 Et
2062 2395 2174 2456 post
2201 2386 2295 2440 Itoc
2320 2388 2587 2444 duodecim
2626 2406 2646 2444 :
2684 2392 2738 2446 6.
2764 2393 2947 2448 deinde
2980 2396 3116 2449 visus
3147 2407 3219 2452 est
3253 2399 3371 2468 plus
3404 2418 3558 2469 quam

1963 2479 2248 2550 quingentis
2274 2481 2517 2550 fratribus
2539 2484 2712 2546 simul,
2734 2502 2797 2539 ex
2816 2489 2997 2554 quibus
3015 2490 3163 2543 multi
3178 2504 3379 2547 manent
3403 2512 3558 2566 usque

1964 2570 2133 2624 adhuc
2157 2613 2170 2639 ,
2199 2572 2407 2642 quidam
2434 2583 2603 2628 autem
2645 2575 2960 2632 dormierunt
2987 2595 3007 2634 :
3039 2581 3089 2635 7.
3116 2582 3296 2638 deinde
3330 2588 3459 2640 visus
3485 2599 3556 2641 est

1962 2661 2177 2731 Iacobo,
2208 2665 2391 2720 deinde
2415 2670 2661 2737 apostolis
2696 2671 2930 2727 omnibus
2957 2689 2975 2727 :
3001 2674 3053 2729 8.
3097 2677 3361 2732 novissime
3388 2690 3556 2735 autem

1963 2757 2188 2811 omnium
2216 2766 2472 2829 tamquam
2497 2761 2723 2816 abortivo
2750 2764 2886 2818 visus
2912 2775 2986 2819 est
3007 2780 3056 2820 et
3090 2768 3236 2821 mihi.
3266 2769 3553 2842 Postquam

1963 2849 2106 2903 enim
2132 2849 2275 2902 illam
2308 2867 2372 2904 ex
2412 2851 2706 2922 Scripturis
2745 2855 2984 2911 ostendit
3017 2858 3556 2931 demonstrationem,

1963 2956 2081 2996 eam
2113 2943 2276 2997 etiam
2307 2943 2456 3000 addit
2484 2961 2604 3017 qua:
2637 2964 2732 3017 per
2758 2964 2846 3004 res
2873 2949 2950 3012 ﬁt,
2977 2960 3147 3008 testes
3168 2953 3444 3012 adducens
3471 2974 3558 3013 re-

1961 3035 2314 3090 surrectionis
2337 3046 2457 3105 post
2480 3038 2769 3108 prophetas
2789 3044 3065 3112 apostolos
3082 3055 3136 3100 et
3151 3047 3287 3103 alios
3311 3049 3556 3108 homines

1964 3124 2168 3180 ﬁdeles.
2194 3125 2249 3181 Si
2293 3139 2472 3184 autem
2512 3131 2655 3186 illam
2699 3137 3153 3194 resurrectionem
3191 3140 3413 3199 dixisset
3439 3161 3560 3202 esse

1962 3231 1990 3270 a
2014 3228 2235 3288 peccato
2253 3219 2647 3290 libi-rationem,
2668 3239 3123 3296 Supervacaneum
3143 3230 3334 3290 fuisset
3354 3237 3556 3303 dicere,

1963 3308 2125 3365 Visus
2151 3322 2233 3366 est
2265 3311 2387 3368 huic
2429 3323 2480 3370 et
2521 3316 2618 3370 illi.
2655 3317 2767 3374 lloc
2794 3320 2939 3375 enim
2967 3329 3051 3376 est
3071 3323 3189 3394 ejus
3217 3328 3306 3395 qui
3339 3327 3463 3383 facit
3493 3331 3556 3384 ﬁ-

1962 3401 2086 3457 dem
2117 3408 2532 3462 resurrectionis
2558 3412 2822 3480 corporis,
2857 3428 2961 3468 non
2991 3414 3108 3484 ejus
3133 3418 3222 3487 qui
3253 3419 3560 3476 subindicat

1961 3493 2338 3553 liberationem
2366 3515 2393 3552 a
2429 3503 2680 3568 peccatis.

2033 3589 2087 3643 4.
2129 3589 2418 3660 Propterea
2471 3607 2645 3663 neque
2697 3596 2862 3651 semel
2905 3596 3041 3652 dixit
3076 3599 3227 3665 illttd,
3275 3600 3418 3656 Visus
3449 3614 3547 3669 est,

1962 3693 2286 3750 quamquam
2310 3683 2361 3738 id
2380 3683 2928 3742 sull‘ecissetdictione
2958 3689 3010 3742 in
3041 3693 3310 3745 eomnmni
3337 3695 3504 3762 posita
3543 3715 3554 3750 :

1962 3785 2105 3825 nunc
2130 3780 2309 3826 autem
2336 3785 2390 3828 et
2421 3774 2501 3830 bis
2522 3786 2576 3830 et
2605 3785 2687 3832 ter
2713 3794 2831 3834 eam
2864 3781 3038 3850 ponit,
3073 3792 3127 3837 et
3151 3785 3201 3837 in
3235 3801 3558 3856 unoquoque

1961 3859 2074 3915 fere
2098 3877 2284 3917 eorum
2323 3867 2412 3935 qui
2443 3867 2709 3922 viderunt.
2750 3869 2900 3926 Visus
2941 3883 3012 3927 est
3041 3876 3204 3935 enim.
3237 3879 3424 3944 inquit,
3460 3882 3556 3934 Ce-

1962 3952 2112 4020 pltae;
2137 3955 2270 4008 visus
2291 3966 2362 4009 est
2390 3957 2659 4027 plusquam
2686 3961 2973 4033 quingentis
2995 3967 3276 4036 fratribus;
3323 3973 3456 4025 visus
3486 3985 3560 4026 cst

1960 4044 2177 4098 etmilti.
2235 4048 2395 4118 Atqui
2452 4050 2798 4122 Evangelium
2845 4042 2974 4110 dicit
3012 4061 3362 4128 contrarium,
3414 4067 3554 4135 qttod

1959 4139 2108 4193 visus
2136 4139 2204 4193 sit
2226 4140 2454 4210 primum
2485 4143 2684 4199 Mariae.
2711 4144 2818 4202 Sed
2850 4147 2990 4203 inter
3007 4150 3151 4206 viros
3178 4152 3302 4209 huic
3325 4157 3553 4225 primunt

1959 4241 2042 4285 est
2069 4232 2211 4285 visus
2232 4233 2319 4301 qui
2350 4234 2580 4288 maxime
2605 4251 2730 4291 eum
2757 4238 3010 4307 cupiebat
3039 4241 3242 4298 videre.
3281 4247 3552 4312 Quosnam

1959 4331 2136 4375 autem
2161 4322 2246 4377 hic
2265 4323 2390 4376 dicit
2413 4324 2694 4382 duodecim
2716 4329 3031 4398 apostolos?
3058 4349 3182 4388 nam
3209 4347 3328 4405 post
3348 4354 3554 4394 assum-

1961 4415 2196 4484 ptiouem
2222 4416 2272 4469 in
2296 4431 2480 4470 eorum
2509 4434 2790 4476 numerum
2812 4423 3010 4479 relatus
3033 4424 3128 4480 fuit
3155 4427 3424 4498 Matthias,
3447 4449 3552 4488 non

1959 4507 2140 4562 statim
2192 4518 2311 4577 post
2341 4513 2816 4569 resurrectionem.
2850 4514 2958 4572 Sed
2987 4527 3069 4572 est
3098 4522 3390 4578 verisimile
3429 4541 3550 4581 eum

1960 4597 2126 4655 fuisse
2153 4601 2324 4656 visum
2347 4603 2507 4656 etiatu
2543 4615 2663 4674 post
2687 4613 3131 4678 assumptionem.
3168 4611 3266 4669 llic
3293 4614 3408 4685 ipse
3437 4619 3555 4688 qui-

1959 4694 2080 4748 dem
2108 4705 2256 4749 ccrte
2283 4696 2560 4765 apostolus
2600 4706 2719 4766 post
2757 4703 3180 4771 assumptionem
3227 4714 3284 4760 et
3331 4721 3551 4768 vocatus

1958 4785 2080 4851 fuit,
2113 4795 2169 4841 et
2212 4788 2383 4857 ipsum
2415 4789 2566 4843 vidit.
2611 4790 2898 4861 Propterea
2931 4809 3105 4864 neque
3130 4799 3279 4866 ponit
3309 4807 3548 4871 tempus,

1959 4879 2053 4933 sed
2083 4879 2330 4935 absolute
2353 4891 2405 4935 et
2431 4881 2707 4938 indeﬁnite
2737 4894 2982 4940 retensct
3001 4886 3234 4943 visiones
3268 4908 3280 4943 :
3316 4907 3434 4946 nam
3460 4909 3545 4949 ve-

1960 4973 2184 5028 risimile
2213 4983 2294 5028 est
2321 4975 2515 5030 multas
2541 4975 2727 5030 fuisse.
2758 4974 2884 5032 Ideo
2912 4977 3146 5035 Joannes
3163 4997 3375 5053 quoque
3396 4987 3546 5053 dixit,

1960 5067 2142 5121 Tertio
2165 5067 2275 5136 jam
2304 5069 2661 5123 tuanilestavit
2690 5070 2946 5139 seipsum.
2975 5070 3173 5127 Deinde
3204 5075 3336 5130 visus
3365 5090 3437 5131 est
3459 5097 3551 5133 sn-

1960 5177 2053 5231 pra
2072 5160 2358 5231 quingentis
2383 5161 2628 5231 fratribus
2656 5160 2847 5234 (Joan.
2879 5162 2970 5217 21.
3032 5167 3051 5218 1
3080 5165 3122 5237 ).
3180 5166 3353 5236 Aliqui
3387 5169 3551 5237 illud,

1961 5252 2348 5323 Snpra,dieunt
2367 5269 2488 5308 esse
2509 5269 2666 5323 supra
2690 5269 2720 5308 e
2749 5254 2914 5310 caelis.
2943 5254 3058 5310 Non
3081 5257 3222 5313 enim
3246 5273 3404 5330 sopra
3438 5273 3552 5316 ter-

1957 5361 2074 5402 ram
2109 5347 2378 5416 gradiens,
2407 5347 2499 5401 sed
2533 5362 2766 5416 superne
2789 5357 2842 5400 et
2885 5363 3043 5419 supra
3075 5360 3234 5419 caput
3283 5353 3361 5406 eis
3403 5353 3548 5408 visus

1957 5448 2058 5492 est.
2096 5437 2210 5491 Non
2252 5438 2424 5492 solum
2465 5439 2606 5492 enim
2641 5437 2853 5492 volebat
2899 5437 3074 5494 facere
3107 5441 3262 5496 ﬁdem
3301 5457 3546 5498 resurre-

1955 5532 2139 5596 ctioni,
2166 5531 2258 5585 sed
2288 5532 2448 5586 etiam
2480 5531 2856 5602 assumptioni.
2901 5531 3124 5600 Quidam
3152 5544 3332 5588 autern
3380 5535 3541 5602 illud,

1955 5624 2130 5696 Supra
2153 5623 2457 5694 quingentis,
2486 5623 2669 5678 dicunt
2691 5623 2967 5694 plusquam
2989 5627 3313 5695 quingentis.
3336 5625 3418 5681 Ea:
3439 5630 3545 5696 qui-

1955 5719 2047 5772 bus
2067 5715 2214 5770 multi
2241 5727 2440 5769 manent
2467 5732 2622 5785 usque
2645 5716 2834 5770 adhuc.
2858 5715 2987 5770 Nam
3011 5717 3132 5780 etsi,
3158 5716 3347 5785 inquit,
3379 5729 3545 5769 narro

1957 5826 2044 5864 res
2097 5809 2365 5879 antiquas,
2408 5808 2580 5863 habeo
2635 5818 2810 5864 tamen
2858 5815 3022 5863 testes
3053 5805 3229 5861 adhuc
3275 5804 3538 5862 viventes.

3155 5905 3228 5966 21
