3998 6416
570 299 676 354 ΞΠ

560 419 781 486 Quidam
809 431 975 475 autem
1007 420 1338 475 dormierunt.
1381 418 1500 473 Non
1545 417 1698 482 dixit,
1749 416 1941 471 Mortui
1984 426 2142 481 sunt;

558 513 1045 577 scd,~ltormt'erunt,
1093 512 1191 566 hac
1226 525 1439 580 quoque
1464 510 1699 565 dictione
1730 523 1917 564 rursus
1945 509 2143 563 eottlir-

559 618 711 657 matis
743 605 1216 659 resurrectionem.
1263 601 1457 655 Deinde
1494 604 1628 656 visus
1655 612 1729 656 est
1757 599 1971 655 Iacobo.
2020 601 2144 655 Mihi

559 699 770 755 videtur
786 699 995 764 dicere,
1028 698 1173 753 fratri
1203 712 1301 753 suo
1322 716 1334 752 :
1356 699 1468 767 ipse
1488 699 1631 752 enim
1648 697 1905 751 diciturei
1929 713 2144 751 manum

555 789 875 860 imposuisse
900 805 963 845 ac
983 791 1153 857 ipsum
1180 789 1478 854 ordinasse,
1502 798 1556 845 et
1582 789 1809 858 printuut
1834 789 2145 858 episcopum

554 884 746 940 fecisse
770 883 1143 955 Jerosolymis.
1179 882 1378 939 Deinde
1413 885 1657 955 apostoli:
1700 885 1949 939 omnibus.
1983 884 2148 939 Erant

551 976 694 1029 enim
725 978 886 1031 etiam
936 976 1026 1030 alii
1056 978 1309 1046 apostoli,
1356 988 1416 1031 ut
1466 976 1826 1046 septuaginta.
1862 975 2147 1032 Novissime

551 1080 718 1123 autem
736 1071 960 1124 omnium
983 1071 1414 1141 tamquam‘alicui
1432 1072 1657 1125 abortivo
1680 1071 1813 1125 visus
1833 1081 1905 1125 est
1925 1080 1973 1124 et
1999 1071 2142 1124 mihi.

542 1158 662 1215 Hoc
693 1160 914 1216 verbum
949 1160 1264 1216 modestiam
1297 1162 1453 1217 valde
1483 1161 1639 1231 sapit.
1677 1160 1792 1216 Non
1843 1162 1984 1216 enim
2012 1177 2145 1233 quo-

548 1254 691 1306 niam
723 1264 841 1308 erat
870 1255 1143 1318 mittimus,
1168 1263 1461 1323 propterea
1492 1263 1612 1323 post
1632 1252 1765 1308 alios
1792 1253 1842 1308 ei
1866 1254 2010 1309 visus
2039 1264 2142 1308 est.

546 1343 680 1399 Nam
711 1346 922 1401 etiamsi
968 1360 1029 1402 se
1057 1346 1266 1401 vocavit
1306 1345 1575 1411 ultimum,
1603 1345 1763 1416 longe
1795 1347 1860 1398 iis
1902 1345 1990 1414 qui
2019 1354 2144 1400 ante

546 1437 722 1506 ipsum
751 1440 982 1501 luerunt,
1009 1436 1093 1492 vel
1116 1438 1290 1508 potius
1313 1437 1562 1492 omnibus
1582 1438 1726 1492 visus
1742 1447 1823 1490 est
1846 1436 2138 1491 illustrior:

547 1545 647 1585 nec
675 1530 951 1600 quingenti
982 1528 1176 1584 fratres
1203 1527 1407 1586 Jacoho
1443 1530 1658 1584 fuerunt
1701 1529 1970 1595 meliores,
1998 1542 2141 1597 quo-

546 1622 689 1675 niam
720 1630 847 1677 ante
877 1621 1024 1675 illunt
1052 1621 1131 1675 eis
1159 1621 1307 1677 visus
1326 1631 1428 1676 est.
1472 1622 1534 1675 Et
1556 1636 1653 1675 cur
1679 1634 1783 1673 non
1808 1619 1966 1674 simul
1994 1619 2141 1673 visus

543 1726 629 1771 ψει
654 1713 1038 1771 οιηηὶιωδῖυι
1067 1714 1188 1770 falci
1215 1715 1421 1771 semina
1442 1714 1597 1784 prius
1632 1713 1857 1783 jaceret.
1888 1711 2020 1767 Nam
2050 1712 2139 1781 qtti

544 1808 692 1878 prior
720 1807 872 1874 vidit,
905 1817 959 1862 et
984 1817 1171 1862 exacte
1201 1806 1374 1862 factus
1397 1817 1481 1862 est
1521 1807 1740 1870 certior,
1787 1805 1907 1859 aliis
1925 1818 2142 1881 annun-

538 1898 747 1954 tiabat:
774 1898 970 1954 deinde
1011 1914 1191 1955 sermo
1238 1899 1575 1969 prmvenicns
1604 1895 1968 1952 constituebat
2014 1909 2139 1950 eum

541 1992 629 2060 qui
662 1990 936 2059 audiebat,
963 1992 1014 2045 in
1047 2006 1235 2061 magna
1264 1990 1426 2061 hujus
1449 1989 1694 2045 miraculi
1715 1988 2135 2060 exspectatione,

448 2069 458 2077 ’
514 2132 517 2137 .
541 2094 592 2136 et
620 2084 758 2138 viam
792 2084 1070 2139 muniebat
1097 2084 1163 2138 ad
1191 2082 1350 2140 fidem
1378 2094 1505 2139 ante
1536 2083 1817 2138 visionem.
1848 2082 2137 2152 Propterea

540 2189 716 2242 neque
741 2173 897 2229 simul
915 2174 1061 2228 visus
1083 2186 1165 2230 est
1190 2175 1462 2238 omnibus,
1487 2190 1659 2244 neque
1682 2174 1733 2227 itt
1755 2173 1907 2228 initio
1933 2173 2135 2238 multis,

540 2268 634 2320 sed
668 2269 755 2322 uni
780 2269 879 2322 soli
902 2270 1153 2337 primum,
1172 2269 1330 2338 eique
1349 2269 1586 2323 ontttium
1604 2266 1891 2339 coryphmo
1919 2276 1975 2322 et
2003 2265 2136 2321 lide-

536 2357 769 2414 lissimo.
803 2358 1140 2415 Fidelissinta
1171 2360 1317 2414 enim
1369 2360 1602 2414 maxime
1630 2361 1805 2414 anima
1833 2373 1969 2430 opus
1999 2367 2134 2423 erat,

535 2464 655 2518 quat
684 2450 851 2520 prima
884 2451 1020 2508 hanc
1042 2453 1307 2521 acciperet
1334 2452 1617 2508 visionem.
1647 2451 1779 2506 Nam
1801 2452 1889 2523 qui
1913 2438 2135 2521 aspicio.-

533 2545 663 2599 bant
694 2555 975 2615 postquam
1004 2548 1092 2602 alii
1123 2547 1386 2603 vidissent
1432 2555 1484 2601 et
1529 2547 1598 2601 ab
1638 2547 1768 2616 ipsis
1796 2546 2131 2609 audiisscnt,

536 2634 807 2691 habebant
834 2639 1045 2693 illorum
1079 2639 1464 2703 testimonium,
1491 2654 1595 2693 non
1633 2653 1820 2708 parum
1850 2637 2134 2694 conferens

534 2727 603 2782 ad
632 2728 789 2784 fidem
821 2728 1140 2796 faciendam,
1167 2741 1221 2786 et
1267 2746 1580 2801 praeparans
1605 2747 1791 2787 eorum
1846 2740 2081 2787 mentem
2115 2749 2128 2783 :

537 2820 624 2889 qui
649 2830 828 2877 autent
852 2824 1056 2892 primus
1081 2823 1274 2894 dignus
1296 2835 1378 2879 est
1409 2824 1623 2880 habitus
1647 2827 1737 2896 qui
1759 2841 1881 2880 eum
1903 2824 2129 2893 videret,

538 2929 748 2982 magna,
785 2914 923 2968 sicut
952 2925 1109 2969 antea
1156 2915 1286 2983 dixi,
1335 2916 1438 2971 lide
1468 2931 1604 2986 opus
1634 2915 1902 2982 habebat,
1937 2932 2003 2972 ne
2032 2917 2129 2972 ad-

535 3008 791 3075 lllll‘atlllll,
819 3021 874 3063 ct
901 3009 1042 3078 quod
1075 3024 1291 3065 omnem
1314 3021 1532 3080 superat
1552 3013 1881 3082 opinionem,
1909 3024 2130 3068 contur-

538 3101 757 3156 liaretur
783 3100 1111 3170 spectaculo.
1139 3101 1430 3173 Propterea
1463 3104 1690 3173 primum
1708 3114 1926 3175 apparet
1947 3104 2126 3159 Petro.

535 3190 665 3244 Nam
697 3192 786 3262 qui
821 3191 1026 3261 primus
1053 3191 1326 3248 Christum
1373 3202 1455 3248 est
1500 3194 1798 3261 confessus,
1821 3194 1943 3265 jure
1968 3196 2127 3251 etiam

534 3272 830 3353 dignus'est
850 3283 1062 3339 habitus
1091 3285 1180 3355 qui
1206 3286 1408 3354 primus
1430 3285 1636 3341 videret
1660 3287 2125 3344 resurrectionem.
2148 3354 2151 3357 _

534 3374 648 3429 Non
683 3384 900 3446 prepter
934 3376 1238 3432 ltocaulem
1271 3385 1493 3447 apparet
1525 3377 1624 3432 soli
1644 3377 1806 3433 Petro
1830 3417 1846 3445 ,
1877 3377 1972 3433 sed
1993 3392 2127 3448 quo-

535 3466 676 3520 niam
703 3477 757 3522 et
786 3468 957 3538 ipsum
989 3478 1297 3538 negaverat,
1329 3484 1390 3524 ex
1419 3468 1745 3524 abundantia
1775 3485 1898 3524 eum
1927 3484 2124 3525 conso-

534 3562 648 3615 lans
673 3571 728 3616 et
754 3561 1043 3617 ostendens
1065 3577 1169 3616 non
1201 3577 1321 3619 esse
1347 3563 1618 3633 repulsum
1639 3606 1653 3632 ,
1678 3572 1807 3619 ante
1832 3563 1970 3620 alios
1999 3578 2122 3618 eum

534 3655 634 3708 lzac
655 3655 905 3724 dignatus
928 3665 1011 3709 eSt
1036 3654 1263 3720 visione,
1297 3666 1348 3710 et
1379 3656 1552 3725 primo
1571 3670 1701 3712 oves
1731 3655 1967 3711 tradidit.
1998 3656 2128 3711 Pro-

534 3757 712 3814 pterea
741 3748 902 3802 etiam
951 3749 1141 3819 primis
1159 3749 1317 3804 visus
1345 3759 1429 3804 est
1472 3749 1806 3805 mulieribus.
1861 3738 2125 3818 Quoniam

534 3839 757 3892 minoris
786 3839 1110 3894 conditionis
1139 3851 1253 3895 erat
1284 3841 1371 3897 hic
1394 3855 1574 3906 sexus,
1611 3854 1893 3913 propterea
1932 3843 2128 3899 mulier

530 3941 584 3983 ct
608 3930 658 3984 in
681 3930 796 3998 ejus
828 3940 946 3985 ortu
977 3940 1030 3987 et
1061 3937 1113 3986 in
1158 3933 1555 3988 resurrectione
1594 3933 1763 4002 prima
1793 3937 1955 3990 sentit
2004 3951 2127 4006 gra-

533 4024 680 4076 tiam.
714 4023 839 4078 l’ost
869 4022 1084 4079 Petrum
1112 4034 1289 4079 autem
1322 4034 1374 4078 et
1399 4025 1629 4095 sparsim
1656 4027 1943 4098 unicuique
1958 4042 2126 4097 appa-

531 4123 649 4179 ret;
707 4124 759 4168 ct
803 4114 1091 4184 aliquando
1141 4113 1354 4184 quidem
1407 4115 1785 4187 paucioribus,
1834 4118 2124 4189 aliquando

529 4214 707 4258 autem
734 4205 998 4273 pluribus,
1046 4206 1195 4276 ipsos
1234 4204 1375 4261 inter
1402 4219 1462 4260 se
1508 4216 1673 4263 testes
1713 4218 1767 4262 et
1792 4209 2042 4266 doctores
2067 4208 2121 4266 in

530 4295 633 4349 hoc
657 4295 879 4361 iaciens,
932 4304 989 4350 et
1036 4296 1310 4369 apostolos
1341 4297 1572 4354 reddens
1618 4299 1722 4355 fide
1746 4300 1936 4371 dignos
1968 4302 2019 4357 in
2058 4304 2123 4357 iis

525 4401 647 4457 qua:
672 4386 938 4442 dicebant.
967 4386 1253 4443 Novissime
1280 4399 1448 4443 autem
1479 4392 1705 4446 omnium
1732 4401 1989 4464 tamquam
2015 4396 2123 4449 cui-

525 4480 645 4533 dam
665 4480 890 4535 abortivo
913 4481 1046 4536 visus
1072 4491 1147 4536 est
1181 4481 1331 4536 mihi.
1352 4482 1489 4550 Quid
1515 4484 1616 4540 sibi
1645 4485 1832 4541 volunt
1875 4486 1961 4541 hic
2006 4488 2121 4543 lucc

530 4571 690 4627 verba
717 4570 1053 4638 humilitatis,
1077 4581 1169 4627 aut
1197 4587 1483 4643 quamuant
1513 4573 1714 4631 habent
1740 4576 2120 4633 occasionem?

527 4663 658 4717 Nam
685 4663 729 4715 si
760 4663 872 4718 vult
897 4678 955 4717 se
979 4677 1101 4719 esse
1120 4662 1223 4718 ﬁde
1247 4662 1465 4734 dignum
1488 4674 1542 4721 et
1571 4667 1808 4739 seipsum
1835 4667 2036 4726 referre
2064 4671 2118 4725 in

527 4770 807 4812 numerum
831 4754 1040 4810 testium
1059 4757 1489 4826 resurrectionis,
1512 4761 1837 4817 contrarium
1861 4762 1988 4820 facit
2002 4764 2118 4835 ejus

527 4845 669 4914 quod
686 4846 896 4903 volebat
917 4864 931 4901 :
949 4857 1222 4919 eporteret
1235 4849 1377 4904 enim
1391 4864 1450 4905 se
1467 4851 1746 4920 extollere,
1761 4861 1816 4910 et
1830 4856 2119 4914 ostendere

526 4954 649 4994 esse
677 4954 949 5009 magnum,
977 4940 1118 5010 quod
1146 4955 1291 5011 saepe
1321 4940 1447 4997 facit
1467 4958 1587 4998 cum
1620 4953 1832 5016 tempus
1860 4947 2112 5015 postulat.

526 5034 815 5102 Propterea
845 5032 988 5087 enim
1049 5032 1135 5088 hic
1171 5048 1383 5104 quoque
1419 5034 1661 5092 modeste
1699 5036 1950 5106 loquitur,
1980 5055 2113 5111 quo.

523 5126 665 5179 niam
683 5123 787 5178 hoc
807 5137 917 5178 erat
939 5122 1208 5190 facturus;
1231 5125 1324 5182 sed
1346 5141 1452 5181 non
1471 5128 1674 5197 statim,
1698 5144 1883 5186 verum
1906 5148 2029 5189 cum
2048 5148 2112 5190 ea

523 5233 625 5284 qua
650 5232 745 5285 par
768 5226 850 5271 est
877 5218 1181 5287 prudentia.
1210 5218 1345 5275 Nam
1369 5236 1491 5275 cum
1523 5222 1673 5292 prius
1699 5223 1942 5281 modeste
1968 5238 2115 5284 esset

522 5308 796 5376 loquutus,
822 5316 878 5363 et
901 5308 953 5362 in
983 5323 1042 5364 se
1072 5310 1270 5367 multas
1299 5313 1661 5384 congessisset
1683 5317 2108 5387 criminationes,

517 5408 645 5454 tunc
674 5413 760 5454 res
784 5412 910 5455 suas
947 5402 1252 5471 ampliﬁcat.
1294 5404 1510 5474 Quare?
1555 5406 1625 5464 Ut
1677 5423 1799 5465 eum
1856 5427 2107 5482 magnum

519 5490 792 5561 quidpiam
821 5500 877 5546 et
904 5492 1135 5549 sublime
1163 5493 1232 5550 de
1260 5509 1318 5550 se
1348 5496 1598 5567 loquutus
1641 5498 1819 5565 fuerit.
1854 5513 1913 5558 ut
1953 5504 2103 5574 illud,

516 5584 643 5639 Plus
672 5602 824 5655 quam
843 5602 1020 5642 omnes
1038 5585 1282 5655 laboravi,
1312 5604 1375 5645 ea
1402 5593 1612 5648 ratione
1632 5603 1780 5663 grata
1802 5607 1857 5653 et
1886 5608 2103 5670 accepta

516 5677 582 5730 sit
607 5677 803 5741 oratio,
833 5678 976 5747 quod
1004 5693 1071 5734 ex
1097 5679 1329 5749 quadam
1359 5681 1558 5739 dictum
1587 5685 1659 5740 sit
1696 5690 2099 5761 consequentia,

516 5782 620 5823 non
654 5783 717 5823 ex
754 5769 1091 5837 praecedente
1136 5770 1401 5829 instituto.
1437 5774 1728 5846 Propterea
1779 5782 1939 5839 etiam
1969 5787 2101 5842 scri-

1298 305 1354 360 s.
1396 275 1673 360 mmsis
1710 302 2128 361 cnnvsosrm

2232 305 2540 363 ARCHIEP.
2582 307 3118 380 CONSTANTINOP_.
3716 334 3802 390 3-23

2253 417 2386 473 bens
2427 421 2493 475 ad
2529 420 2891 493 Timotheum,
2938 442 3057 483 cum
3107 440 3251 490 esset
3276 448 3463 505 magna
3491 438 3558 495 de
3583 456 3638 497 se
3655 443 3807 499 dictu-

2251 524 2361 573 rus,
2415 512 2561 579 prius
2592 516 2739 583 ponit
2781 531 2907 573 suas
2945 521 3348 581 criminationes
3376 528 3467 599 (l.
3499 529 3628 586 Tim.
3655 535 3703 590 l.
3731 540 3803 593 η.

2247 617 2380 694 seqq.
2399 603 2444 675 ).
2480 602 2610 658 Nam
2638 608 2726 676 qui
2754 608 2821 663 de
2849 611 2968 666 aliis
2997 614 3211 683 quidem
3256 632 3503 689 magnum
3533 625 3651 692 quid
3675 627 3804 694 dicit,

2250 692 2513 762 intrepide
2540 695 2777 767 loquitur
2798 710 2853 755 et
2876 716 3065 759 secure
3089 723 3103 759 :
3122 708 3211 777 qui
3233 717 3408 763 autent
3432 699 3646 771 necesse
3665 692 3805 775 habet

2248 785 2481 855 seipsum
2508 788 2746 857 laudare,
2781 794 3012 852 maxime
3038 813 3165 854 vero
3194 815 3317 855 cum
3344 804 3578 874 seipsum
3622 810 3804 878 profert

2248 885 2459 973 testem,
2495 881 2698 948 pudore
2718 884 2948 940 afficitur
2976 896 3030 943 et
3057 891 3346 947 erubescit.
3369 892 3490 951 ldeo
3512 896 3598 955 hic
3619 917 3807 973 quoque

2247 967 2436 1060 beatus
2485 974 2720 1044 seipsum
2782 981 2926 1047 prius
2973 984 3227 1039 miserum
3258 991 3579 1060 pronuntiat,
3608 967 3660 1049 et
3700 967 3808 1053 tunc

2247 1059 2375 1158 illud
2406 1079 2656 1135 maguum
2695 1069 2947 1141 loquitur.
2976 1074 3087 1130 lloc
3134 1086 3314 1133 autem
3346 1079 3492 1149 facit,
3522 1091 3576 1139 et
3600 1088 3807 1158 propria

2246 1151 2418 1208 laudis
2436 1158 2733 1214 molestiam
2753 1177 3024 1233 resecans,
3045 1177 3227 1238 etquae
3254 1179 3436 1240 postea
3458 1184 3581 1230 sunt
3600 1151 3807 1236 dicenda

2210 1289 2213 1293 .
2247 1244 2373 1339 hinc
2395 1247 2499 1304 fide
2524 1250 2679 1321 digna
2701 1253 2961 1311 efﬁciens.
3006 1258 3139 1315 Nam
3184 1263 3275 1332 qui
3324 1280 3443 1334 quae
3487 1277 3609 1322 sunt
3636 1272 3808 1339 probro

2244 1336 2416 1394 danda
2447 1357 2567 1396 cum
2603 1348 2822 1402 veritate
2851 1351 3053 1419 retttlit,
3088 1362 3141 1407 et
3171 1354 3303 1410 nihil
3331 1371 3520 1414 eorum
3537 1336 3736 1430 celavit,
3762 1375 3809 1421 ut

2242 1433 2387 1501 quod
2419 1434 2710 1492 Ecclesiam
2741 1440 2812 1494 sit
2855 1453 3228 1515 persequutus,
3275 1449 3418 1520 quod
3447 1451 3601 1509 fidem
3630 1454 3808 1512 labefa-

2242 1533 2391 1583 ctare
2417 1539 2662 1597 conatus,
2692 1532 2817 1590 ltiuc
2842 1536 3006 1592 etiam
3032 1539 3201 1595 efﬁcit
3233 1551 3290 1597 ut
3314 1558 3436 1614 quae
3461 1557 3584 1602 sunt
3604 1548 3805 1606 honesta

2242 1619 2350 1675 sint
2377 1620 2598 1680 minime
2618 1638 2890 1697 suspecta.

2313 1716 2367 1770 5.
2390 1714 2681 1775 Considera
2712 1731 2890 1779 autem
2917 1740 3075 1796 quam
3120 1728 3342 1799 insignis
3386 1733 3458 1788 sit
3484 1733 3599 1805 ejus
3623 1735 3811 1793 humili-

2242 1806 2385 1861 litas.
2412 1806 2546 1863 Nam
2577 1825 2701 1866 cum
2754 1813 2998 1884 dixisset,
3049 1818 3343 1877 Novissime
3393 1835 3566 1882 autem
3608 1835 3809 1885 omnium

2241 1899 2376 1954 visus
2401 1911 2474 1956 est
2515 1912 2561 1956 et
2587 1905 2737 1972 mihi,
2770 1921 2838 1962 eo
2885 1926 2993 1965 non
3024 1910 3124 1966 fuit
3150 1924 3442 1972 contentus
3468 1917 3662 1976 :‘Hulti
3685 1923 3809 1978 enim

2241 1991 2518 2060 novissimi,
2552 1994 2743 2067 inquit,
2767 2001 2939 2069 primi,
2984 2012 3038 2057 et
3089 2007 3241 2074 primi
3285 2010 3551 2066 novissimi
3602 2013 3805 2084 (Matth.

2242 2084 2330 2141 l9.
2376 2085 2498 2159 '50).
2541 2087 2829 2160 Propterea
2888 2094 3127 2164 addidit,
3167 2098 3451 2171 Tamquam
3495 2106 3689 2161 cuidam
3728 2109 3808 2162 ab-

2240 2179 2418 2234 ortivo.
2469 2180 2651 2253 Neque
2705 2183 2792 2239 hic
2849 2188 3016 2255 stetit,
3059 2189 3155 2245 sed
3211 2207 3369 2249 suum
3427 2198 3587 2253 etiam
3628 2199 3809 2255 addidit

2236 2270 2496 2341 judicium
2555 2293 2567 2325 :
2628 2274 2681 2329 9.
2741 2274 2854 2348 Ego
2905 2279 3038 2334 enim
3089 2299 3201 2336 sum
3267 2287 3509 2342 minimus
3573 2291 3807 2361 apostolo-

2241 2380 2394 2417 rum:
2423 2369 2507 2436 qui
2547 2384 2646 2421 uon
2687 2385 2798 2423 sum
2836 2372 3022 2441 dignus
3064 2376 3236 2429 vocari
3279 2379 3565 2448 apostolus,
3595 2384 3807 2451 quoniam

2239 2471 2567 2530 persequutus
2606 2478 2717 2516 sum
2761 2461 3048 2521 Ecclesiam
3091 2466 3209 2524 Dei.
3252 2469 3370 2526 Non
3416 2472 3579 2541 dixit,
3618 2476 3806 2529 Duode-

2237 2551 2343 2605 cim
2395 2553 2590 2619 solum,
2646 2554 2741 2611 sed
2768 2558 2929 2613 etiam
2968 2560 3194 2616 aliorum
3240 2564 3509 2620 omnium.
3565 2567 3683 2622 lltec
3722 2582 3805 2623 att-

2239 2655 2344 2700 tent
2385 2648 2566 2701 omnia
2608 2648 2849 2719 diccbat,
2878 2652 3038 2708 simul
3077 2662 3133 2709 et
3175 2664 3331 2711 utens
3366 2658 3644 2727 modestia,
3671 2670 3718 2715 et
3742 2661 3807 2715 sic

2237 2751 2294 2795 ut
2324 2740 2431 2795 dixi
2455 2741 2700 2810 affectus,
2733 2754 2787 2798 et
2814 2746 2956 2815 qttod
2981 2747 3267 2803 dicendum
3306 2759 3429 2805 erat
3468 2754 3614 2823 prius
3642 2753 3805 2822 dispo-

2236 2849 2393 2903 nens,
2432 2846 2484 2891 ct
2537 2846 2596 2891 ttt
2640 2836 2908 2893 lubentius
2941 2842 3280 2910 exciperetur
3316 2843 3578 2901 efficiens.
3624 2845 3742 2901 Nam
3766 2845 3805 2898 si

2236 2937 2653 2998 prmtergressus
2680 2929 2927 2995 dixisset,
2963 2932 3178 2989 Debetis
3208 2936 3339 2990 mihi
3395 2937 3634 3003 credere,
3682 2937 3803 3007 quod

2235 3019 2484 3075 Christus
2536 3023 2924 3088 resnrrexerit;
2986 3025 3092 3080 vidi
3152 3026 3295 3081 enint
3362 3030 3557 3101 ipsum,
3607 3040 3657 3085 et
3702 3043 3803 3083 sunt

2234 3112 2475 3166 omnium
2507 3112 2610 3167 fide
2634 3112 3002 3184 dignissimus,
3034 3118 3202 3188 utqui
3242 3120 3372 3189 plus
3398 3121 3734 3177 laboraverim
3761 3120 3803 3173 id

2232 3203 2377 3273 quod
2406 3204 2684 3260 dicebatur
2711 3206 2873 3261 etiam
2914 3206 3227 3265 offendisset
3255 3225 3357 3267 eos
3386 3213 3475 3282 qui
3504 3211 3803 3268 audiebant:

2236 3311 2379 3349 nunc
2408 3303 2587 3350 autem
2620 3296 2672 3350 itt
2704 3297 2864 3353 rebus
2911 3299 3203 3356 humilibus
3242 3312 3297 3357 et
3354 3304 3576 3375 abjectis
3604 3305 3803 3375 primum

2231 3395 2494 3453 versatus,
2523 3397 2577 3442 et
2605 3388 2657 3443 in
2675 3389 2740 3443 iis
2758 3405 2875 3460 quae
2896 3391 3269 3448 criminatione
3290 3393 3457 3466 digna
3482 3407 3660 3462 erant;
3681 3394 3806 3465 ejus-

2232 3478 2377 3534 modi
2435 3480 2762 3537 narrationis
2810 3485 3104 3554 amputavit
3153 3472 3534 3556 asperitatent;
3594 3499 3644 3543 et
3684 3488 3803 3541 viam

2230 3573 2423 3628 muniit
2471 3574 2538 3629 ad
2593 3573 2887 3631 faciendam
2938 3578 3244 3633 testimonio
3293 3580 3478 3637 fidem.
3529 3582 3793 3651 Propterea

2231 3681 2406 3737 neque
2430 3667 2624 3731 solum,
2656 3676 2713 3723 ut
2741 3668 2849 3723 dixi
2873 3711 2890 3733 ,
2909 3683 2968 3725 se
2987 3672 3301 3741 pronuntiat
3321 3689 3444 3730 esse
3473 3675 3722 3739 ultimum,
3752 3680 3799 3725 et

2231 3756 2505 3827 indignum
2536 3758 2625 3828 qtti
2651 3760 2952 3829 appelletur
2968 3762 3264 3831 apostolus,
3291 3765 3392 3820 sed
3411 3764 3564 3820 affert
3583 3777 3794 3823 causam,

2229 3849 2447 3917 dicens,
2500 3851 2752 3921 Quoniam
2793 3864 3121 3924 persequutus
3160 3872 3273 3910 sum
3320 3856 3620 3913 Ecclesium.
3657 3853 3795 3924 Atqui

2229 3942 2407 3997 omnia
2434 3941 2523 3998 illa
2556 3941 2769 3999 fuerant
2798 3946 3040 4011 remissa,
3066 3948 3159 4001 sed
3185 3956 3366 4004 tamen
3396 3950 3510 4021 ipse
3534 3959 3793 4017 numquam

2228 4042 2313 4089 est
2338 4048 2525 4090 eorum
2556 4035 2777 4101 oblitus,
2810 4036 2998 4092 volens
3024 4039 3312 4095 ostendere
3341 4045 3529 4113 gratiae
3556 4039 3795 4109 magnitu-

2226 4124 2428 4180 dinem.
2463 4125 2524 4182 Et
2558 4127 2673 4181 ideo
2708 4127 3000 4199 subjungit,
3024 4130 3211 4187 dicens
3239 4150 3252 4186 :
3292 4135 3382 4190 10.
3429 4134 3602 4190 Gratia
3646 4139 3794 4185 autem

2226 4215 2324 4271 Dei
2347 4233 2457 4271 sunt
2494 4218 2628 4287 quod
2664 4235 2798 4272 sum.
2834 4219 3079 4276 Vidistin’
3129 4238 3347 4279 rursum
3377 4226 3532 4281 aliam
3557 4235 3792 4279 summam

2226 4305 2615 4362 humilitatem?
2643 4308 2774 4363 Nam
2806 4309 3004 4365 delicta
3052 4312 3268 4381 quidem
3317 4316 3420 4371 sibi
3450 4316 3709 4379 attribuit,
3734 4325 3792 4365 ex

2224 4410 2371 4456 recte
2390 4411 2567 4455 autem
2597 4402 2750 4456 factis
2777 4404 2875 4457 sibi
2902 4403 3055 4470 nihil,
3088 4407 3181 4462 sed
3207 4418 3378 4465 totum
3410 4413 3520 4467 Deo
3540 4408 3790 4465 adscribit.

2226 4492 2428 4548 Deinde
2450 4508 2517 4548 ne
2548 4493 2635 4549 hic
2660 4496 2958 4552 auditorem
2988 4498 3177 4555 reddat
3222 4505 3498 4574 supinum,
3545 4503 3683 4566 dicit,
3732 4499 3791 4554 Et

2223 4584 2389 4655 gratia
2403 4585 2513 4654 ejus
2538 4586 2591 4639 in
2613 4602 2691 4639 me
2712 4602 2868 4641 vacua
2882 4605 2983 4644 non
3002 4591 3117 4660 fuit.
3146 4591 3213 4646 Et
3229 4594 3337 4649 hoc
3357 4610 3543 4651 rursus
3561 4593 3788 4650 demisse.

2223 4673 2339 4730 Non
2370 4674 2501 4730 dixit
2533 4678 2676 4732 enim
2698 4719 2712 4741 .
2761 4678 2980 4735 Ostendi
3010 4683 3245 4738 studium
3276 4702 3342 4741 ac
3373 4686 3692 4758 diligentiam
3715 4682 3788 4736 die

2221 4781 2378 4838 gnam
2405 4769 2596 4839 gratia,
2627 4770 2722 4826 sed
2754 4772 2842 4826 illa
2877 4771 3051 4828 Vacua
3067 4791 3169 4829 non
3189 4778 3307 4847 fuit.
3342 4778 3452 4835 Sed
3474 4775 3788 4832 abundantius

2222 4860 2325 4915 illis
2354 4862 2586 4918 omnibus
2633 4863 2879 4920 laboravi.

2294 4953 2452 5010 Pauli
2478 4957 2757 5013 humilitas.
2781 4958 2979 5016 -—Non
3008 4958 3161 5030 dixit,
3185 4961 3314 5017 Sunt
3348 4963 3654 5028 honoratus,
3684 4956 3783 5018 sed.

2219 5047 2473 5104 Laboravi
2500 5065 2519 5102 :
2543 5060 2741 5106 etcum
2770 5063 2951 5123 posset
2970 5053 3148 5110 dicere
3172 5064 3225 5111 et
3254 5056 3493 5124 pericula
3514 5065 3569 5111 et
3588 5061 3785 5113 mortes,

2219 5141 2436 5197 nomine
2486 5141 2684 5199 laboris
2733 5158 2919 5200 rursus
2965 5155 3221 5202 extenuat
3268 5148 3412 5217 quod
3452 5148 3647 5203 dictum
3695 5150 3782 5198 est.

2220 5233 2423 5289 Deinde
2452 5250 2638 5290 rursus
2681 5236 2839 5291 solita
2870 5245 3025 5293 utens
3058 5240 3385 5307 humilitate,
3442 5240 3547 5294 hoc
3592 5247 3781 5307 quoque

2215 5324 2322 5377 cito
2371 5326 2752 5395 pnctcrcurrit,
2810 5337 2865 5382 et
2916 5338 3086 5384 totum
3133 5330 3240 5385 Deo
3264 5330 3542 5391 adscribit,
3577 5328 3778 5384 dit-ens:

2221 5414 2273 5470 Ν
2278 5433 2343 5471 ou
2360 5435 2451 5491 ego
2476 5431 2665 5483 autem,
2695 5421 2785 5474 scd
2804 5422 2970 5491 gratia
2991 5421 3089 5477 Dei
3110 5439 3324 5478 mecum.
3350 5422 3489 5491 Quid
3510 5421 3607 5476 hac
3625 5417 3779 5472 anima

2215 5509 2377 5566 fuerit
2401 5510 2843 5566 adntirabilius?-
2861 5512 2992 5567 Nam
3019 5529 3139 5569 cum
3167 5528 3261 5585 per
3287 5521 3395 5569 tant
3424 5514 3586 5570 multa
3615 5525 3670 5566 se
3692 5505 3778 5564 dc-

2216 5604 2522 5675 prcssisset,
2552 5615 2607 5659 et
2650 5621 2811 5659 unum
2845 5605 3100 5676 quiddam
3148 5608 3315 5663 altum
3345 5607 3518 5661 solum
3548 5611 3685 5660 esset
3706 5599 3777 5654 lo-

2212 5708 2430 5767 quutus.
2461 5713 2530 5754 ne
2560 5698 2662 5754 hoc
2685 5698 2903 5766 quidem
2931 5713 3086 5754 suum
3111 5715 3231 5755 esse
3256 5699 3409 5763 dicit,
3428 5706 3481 5756 et
3504 5713 3570 5754 ex
3597 5697 3658 5751 lis
3675 5704 3780 5765 quze

2211 5798 2598 5861 prmeesserum
2642 5798 2692 5837 et
2722 5802 2840 5859 quae
2874 5794 3062 5857 postea
3082 5792 3208 5843 sunt
3222 5792 3475 5856 sequuta,
3502 5791 3659 5848 altum
3686 5783 3776 5840 hoc
