3998 6428
190 428 301 483 529

185 535 414 590 verbum
441 532 772 602 deprimens,
796 526 955 597 idque
983 536 1105 578 cum
1130 534 1195 575 ex
1240 516 1563 574 necessitate
1608 509 1676 565 ad
1723 507 1776 564 id

184 626 446 681 venisset.
484 622 615 679 Vide
656 631 834 676 autem
873 632 1034 690 qualn
1064 615 1135 670 sit
1176 613 1360 683 largus
1382 617 1437 663 et
1455 606 1708 676 copiosus
1728 602 1782 657 in

182 716 374 772 verbis
402 713 742 769 humilitatis.
773 712 979 767 Etenim
1007 706 1295 762 Novissima
1315 701 1562 765 omnium,
1590 694 1781 766 inquit,

178 809 316 862 mihi
338 808 476 862 visus
501 816 609 870 est;
631 815 909 875 propterea
932 817 1103 872 neque
1124 813 1304 853 secum
1333 794 1481 866 ponit
1507 792 1668 847 alium
1691 807 1706 855 ;
1731 796 1787 843 ct

180 899 486 968 Tamquam
510 898 715 953 cuidam
739 897 986 959 abortivo,
1020 893 1405 959 minimumque
1430 901 1490 941 se
1515 899 1635 940 esse
1660 882 1787 937 dicit

174 992 436 1046 omnium
464 990 847 1061 apostolorum,
876 995 1054 1041 etnec
1076 998 1196 1039 esse
1218 980 1436 1051 dignum
1469 977 1558 1048 qui
1590 976 1665 1029 sic
1698 992 1789 1039 ap-

172 1084 445 1155 pelletur.
477 1082 660 1153 Neque
691 1081 774 1135 his
808 1078 908 1133 fuit
952 1083 1256 1137 contentus,
1302 1070 1395 1127 sed
1452 1084 1521 1124 ne
1549 1066 1791 1121 videatur

170 1175 373 1231 verbis
398 1187 521 1229 esse
544 1171 786 1236 humilis,
817 1167 973 1224 aliert
988 1166 1151 1222 etiam
1171 1176 1364 1218 causas
1380 1170 1434 1216 et
1449 1159 1791 1215 demonstra-

169 1270 394 1334 tiones,
420 1264 567 1335 quod
596 1265 667 1319 sit
711 1262 929 1333 quidem
958 1257 1255 1320 abortivus,
1279 1252 1530 1325 quoniam
1558 1250 1672 1319 ipse
1696 1246 1789 1302 Je-

167 1375 304 1415 snm
338 1357 480 1413 vidit
507 1352 808 1426 posterior;
857 1351 1001 1422 quod
1051 1357 1232 1405 autem
1286 1346 1358 1400 sit
1402 1342 1652 1412 indignus
1700 1336 1793 1408 qui

166 1448 496 1522 appelletur
513 1445 806 1516 apostolus,
833 1442 1087 1514 quoniam
1110 1446 1465 1511 persequutus
1486 1442 1571 1489 est
1600 1430 1791 1487 Eccle-

166 1544 349 1597 siam.
383 1540 518 1596 Nam
549 1539 640 1609 qui
688 1547 893 1593 temere
920 1545 973 1591 et
1002 1532 1400 1590 inconsiderate
1425 1536 1510 1584 est
1554 1525 1790 1590 humilis,

169 1634 290 1690 hoc
318 1648 435 1688 non
468 1631 591 1686 t‘acit
614 1649 629 1685 :
654 1630 742 1701 qui
763 1637 940 1683 autem
969 1626 1130 1683 etiam
1161 1624 1315 1680 aliert
1329 1636 1543 1685 causas,
1569 1618 1795 1674 contrita

171 1734 381 1782 mente
399 1725 580 1779 omnia
604 1724 855 1793 loquitur.
883 1721 1248 1790 Quamobrem
1268 1717 1428 1772 etiam
1455 1714 1580 1769 alibi
1609 1727 1794 1768 eorum

172 1818 466 1885 itteminit,
495 1816 676 1871 dicens
705 1833 718 1869 :
749 1812 983 1868 Gratiam
1012 1822 1178 1866 autent
1210 1809 1368 1863 habeo
1402 1807 1450 1861 ei
1470 1806 1557 1878 qui
1579 1821 1657 1859 me
1685 1819 1796 1857 cor-

174 1909 453 1964 roboravit
479 1905 703 1969 Christo,
732 1905 873 1975 quod
908 1920 983 1958 me
1010 1903 1212 1972 fidelem
1256 1915 1364 1954 esse
1405 1895 1795 1961 existimaverit,

175 2002 333 2074 quod
355 2016 439 2055 me
467 1999 537 2052 ad
560 1998 898 2052 ministerium
930 1996 1176 2066 posuerit,
1204 1995 1291 2066 qui
1317 1994 1460 2065 prius
1498 2008 1636 2046 eram
1663 1991 1799 2045 blas-

181 2092 416 2164 phemus
442 2100 491 2143 rt
512 2098 839 2160 persequutor
861 2098 908 2140 et
923 2085 1314 2141 contumeliosus
1341 2084 1426 2156 (l.
1449 2082 1581 2137 Tim.
1600 2084 1622 2138 l
1638 2122 1652 2136 .
1684 2079 1797 2153 12).

134 2184 139 2191 ’
181 2185 381 2251 Quare
405 2189 597 2237 autem”
616 2181 719 2235 hoc
744 2195 957 2251 quoque
987 2178 1158 2233 altum
1195 2177 1418 2233 verbum
1463 2185 1542 2232 cst
1573 2175 1800 2246 eloquu-

189 2286 308 2339 tns,
334 2272 701 2328 Abundantius
751 2272 883 2343 ipsis
904 2270 1170 2325 laboravi?
1223 2267 1452 2324 Videbat
1486 2276 1695 2336 tempus
1718 2263 1800 2320 al-

192 2369 342 2423 terre
399 2365 794 2444 necessitatem.
852 2362 983 2418 Nam
1034 2364 1079 2417 si
1137 2362 1238 2416 hoc
1283 2376 1390 2416 non
1430 2360 1676 2424 dixisset,
1707 2356 1809 2413 sed

194 2460 444 2529 seipsum
459 2457 633 2513 solum
659 2453 1043 2525 vilipeudisset,
1063 2452 1334 2525 quomodo
1355 2452 1617 2523 potuisset
1637 2450 1805 2506 libere

195 2557 259 2606 et
276 2547 620 2605 conﬁdenter
647 2548 886 2617 seipsum
915 2545 1085 2601 citare
1105 2544 1177 2601 ad-
1199 2545 1585 2609 testimonium,
1605 2551 1804 2598 etcum

199 2642 327 2697 aliis
354 2655 683 2697 enumerare
708 2648 764 2694 et
791 2638 989 2704 dicere,
1025 2637 1147 2694 Sive
1175 2638 1310 2693 enim
1333 2653 1446 2709 ego,
1484 2637 1588 2691 sive
1612 2635 1712 2702 illi,
1733 2636 1807 2690 sic

202 2729 589 2801 praedicamus?
631 2730 846 2785 Testem
875 2730 1018 2785 enim
1061 2739 1274 2800 oportet
1308 2742 1425 2783 esse
1457 2726 1561 2783 lide
1587 2726 1805 2797 dignum

200 2839 258 2883 ct
288 2841 564 2898 magnum.
590 2825 870 2894 Quomodo
893 2834 1075 2880 autem
1115 2825 1238 2880 aliis
1265 2824 1627 2879 abundantius
1651 2822 1804 2877 labo-

202 2920 431 2985 mverit,
453 2919 688 2976 ostendit
723 2919 992 2989 superius,
1039 2918 1267 2973 dicens:
1303 2918 1383 2971 An
1427 2933 1529 2971 non
1568 2916 1810 2971 habemus

206 3020 512 3080 potestatem
543 3010 838 3065 comedendi
887 3020 933 3064 et
960 3008 1161 3065 bibendi
1186 3010 1316 3063 sicut
1345 3018 1390 3063 et
1420 3008 1511 3063 alii
1553 3006 1812 3079 apostoli?

207 3112 266 3157 ct
290 3116 502 3167 rursus,
532 3100 723 3156 Factus
742 3117 854 3155 sum
869 3102 954 3166 iis,
985 3101 1073 3170 qui
1093 3109 1237 3154 erant
1261 3100 1375 3154 sine
1400 3100 1528 3171 lege,
1557 3108 1813 3171 tamquam

208 3212 374 3252 essent
398 3197 510 3251 sine
536 3196 645 3267 lege
672 3197 691 3267 (
714 3196 764 3249 l.
798 3194 918 3250 Cor.
949 3194 1003 3250 9.
1035 3195 1091 3249 4.
1134 3192 1259 3264 21).
1300 3193 1401 3249 Ubi
1428 3193 1570 3248 enim
1596 3202 1811 3264 oporte-

210 3288 310 3346 bat
348 3287 640 3346 ostendcrc
664 3298 912 3344 exactam
954 3288 1283 3358 diligentiam
1323 3296 1380 3343 et
1410 3286 1812 3358 perfectionem,

211 3395 415 3437 omnes
455 3380 767 3452 superavit:
800 3388 856 3434 et
884 3379 973 3433 ubi
994 3379 1347 3435 conveniebat
1373 3393 1432 3434 se
1456 3377 1738 3433 demittere
1763 3385 1818 3434 ct

210 3472 341 3528 aliis
367 3472 793 3539 accommodare,
813 3470 865 3528 id
884 3486 1098 3544 quoque
1130 3470 1455 3527 excellenter
1484 3468 1627 3527 fecit.
1671 3467 1819 3525 Non-

212 3565 356 3621 nulli
384 3573 568 3621 autem
621 3564 828 3631 dicunt,
882 3561 1025 3634 quod
1057 3563 1255 3618 missus
1294 3562 1366 3616 sit
1418 3561 1483 3616 ad
1515 3571 1736 3632 gentes,
1764 3572 1820 3616 et

216 3657 517 3711 maximam
544 3653 693 3710 orbis
721 3665 925 3724 partem
972 3653 1289 3723 pervaserit.
1319 3651 1476 3709 Unde
1499 3662 1580 3708 est
1608 3653 1818 3722 perspi-

215 3764 382 3806 cuum
410 3748 556 3821 quod
583 3747 841 3818 majorem
870 3747 1096 3817 gratiam
1124 3746 1193 3802 sit
1218 3756 1556 3818 assequutus.
1586 3744 1643 3801 Si
1674 3746 1818 3801 enim

223 3846 355 3916 plus
383 3843 666 3906 laboravit,
693 3841 920 3912 amplior
945 3842 1106 3896 etiam
1128 3849 1243 3897 erat
1266 3841 1435 3911 gratia
1461 3858 1474 3894 :
1505 3839 1819 3910 ampliorem

217 3944 405 4004 autem
423 3934 649 4007 gratiam
672 3942 755 3990 est
771 3943 1151 4002 consequutus,
1173 3930 1425 4002 quoniam
1449 3931 1620 4000 majus
1645 3938 1823 3984 osten-

216 4027 303 4083 dit
324 4026 565 4083 stadium
595 4034 653 4081 et
679 4024 1030 4096 diligentiam.
1054 4022 1248 4079 Vidisti
1271 4021 1559 4092 quomodo,
1585 4036 1679 4091 per
1704 4036 1824 4092 quae

218 4120 355 4175 dum
394 4118 672 4175 contendit
697 4126 753 4174 et
782 4117 973 4173 nititur
1015 4131 1110 4172 sua
1141 4115 1462 4172 adumbrare
1502 4125 1557 4172 et
1609 4124 1821 4187 tegere,

221 4209 536 4268 ostenditur
557 4209 758 4281 primus
799 4207 1077 4263 omnium?

298 4302 358 4358 6.
400 4301 530 4357 llaec
573 4316 672 4357 nos
723 4315 934 4371 quoque
985 4298 1303 4363 audientes,
1346 4297 1540 4354 delicta
1604 4296 1825 4368 quidem

227 4407 421 4453 nostra
450 4394 795 4452 traducamus
825 4401 881 4449 ct
901 4393 952 4448 in
979 4392 1251 4464 publicum
1291 4390 1649 4462 proferamus,
1680 4400 1829 4448 recte

228 4501 414 4548 autem
449 4490 584 4546 facta
615 4489 906 4553 sileamus;
938 4497 993 4542 ct
1022 4486 1069 4542 si
1099 4495 1310 4556 tempus
1333 4486 1711 4542 necessitatem
1743 4485 1828 4540 af-

233 4584 373 4638 ferat
392 4624 410 4650 ,
441 4597 507 4638 ea
533 4580 778 4636 modeste
805 4578 1045 4634 dicamus
1063 4619 1076 4645 ,
1110 4586 1165 4632 et
1192 4586 1360 4632 totum
1390 4578 1575 4647 gratiae
1604 4577 1833 4647 impute-

234 4692 377 4731 tttlls.
410 4673 566 4743 Quod
593 4676 712 4743 ipse
736 4686 952 4743 quoque
981 4670 1103 4725 facit
1128 4712 1142 4739 ,
1175 4685 1377 4741 susque
1400 4669 1574 4741 deque
1606 4671 1831 4740 primam

237 4765 458 4836 quidem
489 4778 641 4819 suam
667 4769 861 4818 notans
896 4761 1059 4815 vitam
1082 4802 1097 4827 ,
1128 4776 1250 4831 quae
1280 4768 1458 4815 autem
1487 4770 1670 4830 postea
1710 4769 1836 4817 sunt

237 4863 572 4928 consequuta
594 4896 610 4918 ,
635 4853 825 4926 gratite
854 4851 1122 4922 imputans
1142 4894 1157 4918 ,
1186 4860 1245 4907 ut
1273 4851 1417 4908 omni
1454 4866 1521 4907 ex
1556 4861 1706 4921 parte
1731 4867 1838 4906 os-

241 4950 432 5007 tendat
474 4947 571 5004 Dei
610 4945 989 5017 benignitatem
1031 4954 1086 4999 et
1123 4943 1500 5009 clementiam,
1543 4942 1685 5014 quod
1714 4958 1835 4998 cum

242 5041 369 5098 talis
388 5047 555 5104 esset,
582 5052 706 5094 eum
735 5037 1051 5102 servaverit,
1082 5043 1139 5090 et
1161 5049 1348 5090 rursus
1377 5044 1645 5090 servatum
1678 5036 1837 5090 talem

247 5132 456 5189 iecerit.
478 5129 649 5185 Nemo
669 5142 799 5199 ergo
819 5142 884 5181 ex
907 5127 991 5190 iis,
1015 5125 1105 5196 qui
1136 5135 1256 5182 sunt
1283 5125 1334 5179 in
1358 5125 1492 5179 vitio
1511 5167 1525 5189 ,
1551 5125 1798 5196 tleSperct
1821 5142 1837 5191 ;

249 5240 409 5281 nemo
434 5239 501 5280 ex
528 5222 613 5289 iis,
643 5221 734 5291 qui
762 5227 888 5276 sunt
917 5219 970 5273 in
999 5219 1228 5284 virtute,
1261 5217 1495 5272 conﬁdat
1518 5233 1533 5282 ;
1558 5219 1652 5273 sed
1679 5229 1736 5274 et
1756 5217 1842 5274 hic

253 5317 321 5371 sit
347 5313 566 5370 timidus
585 5354 600 5379 ,
629 5321 685 5367 et
713 5311 804 5366 ille
832 5318 1112 5381 promptus
1138 5318 1190 5364 et
1230 5308 1446 5363 alacris.
1485 5308 1669 5379 Neque
1697 5310 1839 5364 enim

256 5410 342 5480 qui
375 5416 462 5465 est
491 5408 642 5478 piger
678 5415 735 5461 et
776 5419 961 5460 socors
990 5444 1005 5471 ,
1038 5401 1272 5456 sul'lieict
1312 5401 1378 5456 ad
1424 5402 1745 5457 manendum
1790 5403 1841 5457 in

258 5501 488 5563 virtute;
523 5511 698 5567 neque
726 5497 816 5565 qui
859 5493 1096 5549 studium
1138 5492 1357 5548 adhibet
1384 5501 1441 5547 et
1474 5492 1803 5563 diligentiam
1825 5535 1842 5560 ,

258 5591 357 5647 erit
383 5587 687 5645 imbecillus
726 5586 794 5641 ad
831 5583 1143 5657 fugiendum
1172 5583 1379 5638 vitium.
1427 5582 1628 5639 Horum
1666 5593 1845 5640 autem

263 5685 541 5739 atttborum
567 5680 872 5752 exemplum
902 5688 986 5735 est
1012 5678 1204 5733 beatus
1231 5676 1417 5744 David,
1451 5688 1508 5732 ut
1538 5677 1651 5748 qui,
1679 5693 1847 5748 quan-

265 5778 329 5833 do
356 5772 913 5848 parumdormitavit,
945 5770 1101 5827 valde
1126 5769 1401 5834 ceciderit,
1434 5780 1488 5825 ct
1511 5770 1725 5841 quando
1752 5767 1849 5825 fuit

268 5878 654 5940 compunctus,
695 5867 763 5925 ad
807 5867 1041 5938 priorem
1095 5877 1341 5919 reversus
1381 5864 1453 5918 sit
1485 5864 1842 5921 altitudinem.

1143 401 1206 458 IN
1249 396 1458 457 EPIST.
1503 394 1523 450 1
1585 393 1678 449 AD
1715 390 1872 448 COB.
1913 384 2146 443 HOMIL.
2190 377 2477 437 XXXVIII.

3370 376 3474 435 330

1889 505 2026 561 Sunt
2054 503 2199 560 enim
2246 510 2468 571 utraque
2497 514 2561 555 ex
2603 513 2757 570 :cquo
2787 499 2957 566 mala,
3002 504 3056 553 et
3097 497 3387 567 desperare
3424 505 3479 552 et

1891 599 2097 671 pigrum
2125 611 2247 652 esse
2288 609 2351 649 ac
2379 593 2734 664 negligentem
2764 609 2778 644 :
2812 608 2936 647 nam
2970 591 3098 646 illud
3126 591 3342 662 quidem
3373 591 3480 646 cito

1891 691 2072 763 dejicit
2108 689 2176 744 ab
2200 689 2316 758 ipso
2344 687 2457 741 (ταξιὶ
2490 686 2691 740 l'nruiee
2716 702 2729 749 ;
2760 684 2861 740 hoc
2887 696 3065 740 autem
3095 701 3199 740 non
3225 686 3483 755 permittit

1893 783 2066 855 utqui
2100 782 2242 853 jacet
2279 787 2542 850 resurgat.
2592 780 2874 850 Propterea
2910 780 2982 834 illi
3013 781 3230 851 quidem
3270 781 3486 836 dicebat

1895 878 2108 940 Paulus,
2137 874 2238 943 Qui
2266 874 2463 928 videtur
2490 883 2644 937 stare,
2678 872 2843 926 videat
2869 890 2932 927 ne
2956 874 3107 928 cadat
3135 875 3212 946 (ει
3244 874 3361 930 Cor.
3389 876 3476 930 ll).

1896 968 1983 1037 1‘2)
2011 983 2025 1025 :
2057 967 2180 1021 huic
2208 976 2384 1019 autem
2410 1004 2427 1031 ,
2480 962 2649 1017 Hodie
2677 964 2720 1017 si
2751 979 2919 1018 vocem
2948 967 3058 1036 ejus
3084 965 3351 1022 audieritis
3373 1009 3388 1031 ,
3422 982 3484 1021 ne

1894 1056 2149 1112 obduretis
2177 1055 2335 1111 corda
2378 1065 2543 1109 vestra
2584 1052 2757 1127 (Psal.
2790 1056 2880 1112 94.
2914 1058 3008 1127 8);
3042 1067 3097 1112 et
3125 1073 3343 1126 rursus,
3375 1058 3483 1112 Re-

1897 1150 2078 1203 ntissas
2098 1166 2280 1203 manus
2305 1156 2352 1202 et
2375 1147 2625 1202 dissoluta
2647 1164 2810 1219 genua
2837 1150 3011 1221 erigite
3031 1149 3216 1223 (Hebr.
3250 1152 3338 1206 12.
3366 1152 3487 1225 12).

1898 1241 2031 1296 Eum
2059 1255 2272 1311 quoque
2300 1241 2390 1311 qui
2423 1240 2713 1295 fornicatus
2745 1239 2940 1309 fuerat,
2969 1257 3091 1297 cum
3119 1244 3313 1300 ductus
3339 1256 3487 1302 esset

1899 1335 2232 1406 paenitentia,
2257 1343 2538 1405 propterea
2568 1345 2798 1401 recreat,
2825 1352 2892 1391 ne
2919 1337 3079 1392 nimia
3105 1338 3486 1397 absorberetur

1902 1424 2135 1481 tri3titia.
2163 1424 2301 1492 Quid
2330 1439 2461 1495 ergo
2490 1425 2542 1479 in
2579 1426 2702 1481 aliis
2730 1428 2911 1483 animo
2936 1430 3186 1500 attgeris,
3216 1447 3261 1487 ον
3286 1433 3446 1489 homo
3473 1437 3493 1490 in

1900 1511 2032 1569 Nam
2063 1516 2107 1570 si
2138 1517 2189 1570 in
2222 1519 2471 1586 peccatis,
2507 1518 2595 1572 ubi
2624 1528 2710 1574 est
2738 1520 2882 1575 utilis
2902 1522 3078 1578 solum
3108 1521 3321 1580 tristitia
3340 1566 3357 1592 ,
3387 1529 3486 1581 itu-

1902 1607 2197 1666 moderatio
2222 1626 2473 1681 maguum
2517 1612 2673 1668 affert
2699 1613 2956 1670 damnum
2978 1658 2992 1680 ,
3022 1618 3190 1672 multo
3220 1621 3390 1690 magis
3437 1622 3487 1675 iu

1900 1701 2039 1756 aliis.
2056 1700 2165 1757 Cur
2185 1703 2326 1757 enim
2353 1703 2507 1758 (lules
2528 1705 2550 1756 ?
2571 1720 2638 1759 an
2661 1706 2803 1776 quod
2836 1708 3116 1775 pecuniam
3146 1710 3447 1778 perdideris
3467 1711 3493 1764 ’ἓ

1900 1792 2005 1849 Sed
2032 1794 2206 1862 cogita
2235 1809 2331 1849 eos
2360 1796 2448 1865 qui
2488 1810 2557 1850 ne
2587 1812 2725 1868 pane
2752 1799 2967 1868 quidem
2998 1801 3295 1869 satiantur,
3332 1813 3387 1857 et
3416 1805 3493 1859 ci—

1905 1883 2161 1939 tissimant
2203 1886 2435 1953 accipies
2482 1888 2928 1945 consolationem.
2972 1892 3039 1946 Et
3088 1893 3140 1947 iu
3171 1910 3494 1967 unoquoque

1903 1991 2114 2046 eorum,
2145 1994 2266 2048 quae
2290 1991 2415 2035 sunt
2440 1982 2623 2052 gravia
2651 1991 2706 2037 et
2733 1999 2944 2054 aSpera,
2970 2002 3039 2041 ne
3065 1987 3266 2043 delleas
3286 2004 3348 2044 ea
3374 2006 3495 2061 qua:

1904 2071 2253 2139 acciderunt;
2286 2074 2381 2129 sed
2410 2091 2506 2145 pro
2538 2077 2634 2138 iis,
2657 2093 2776 2147 qua:
2807 2093 2911 2134 non
2940 2080 3252 2137 acciderunt
3279 2097 3495 2154 aspera,

1906 2179 2005 2235 age
2023 2168 2241 2250 gratias.
2276 2165 2513 2222 Habuisti
2558 2170 2812 2238 pecunias
2838 2180 2894 2227 et
2919 2173 3191 2230 amisisti?
3219 2174 3298 2232 Ne
3327 2177 3500 2248 lacry-

1906 2258 2070 2314 meris
2096 2274 2192 2327 pro
2216 2257 2414 2314 damno
2440 2303 2453 2323 ,
2493 2262 2589 2316 sed
2622 2278 2723 2330 age
2759 2266 2957 2336 gratias
2997 2282 3095 2337 pro
3125 2278 3371 2341 tempore
3390 2270 3498 2342 quo

1909 2347 1973 2404 iis
2005 2350 2202 2419 potitus
2231 2365 2291 2406 es
2322 2368 2335 2406 :
2363 2352 2449 2407 die
2488 2368 2610 2409 cum
2650 2355 2789 2411 Jobo
2812 2399 2827 2421 ,
2878 2359 2940 2413 Si
2982 2360 3116 2415 bona
3145 2365 3433 2434 accepimus
3466 2384 3499 2420 a

1908 2438 2151 2509 Domino,
2177 2458 2267 2496 cur
2290 2444 2427 2498 mala
2456 2462 2557 2500 non
2581 2449 2936 2505 sustinebimus
2973 2451 3093 2524 (Job
3122 2453 3175 2507 Ξ.
3204 2457 3290 2524 ili)
3314 2455 3338 2509 ?
3364 2457 3497 2512 Cum

1910 2536 2014 2595 hoc
2040 2547 2217 2596 autem
2259 2540 2389 2597 illud
2435 2543 2597 2599 etiam
2626 2545 2906 2600 considera
2940 2563 2954 2601 :
2988 2548 3032 2603 si
3066 2548 3292 2605 amisisti
3334 2566 3494 2621 [ieeu-

1912 2630 2063 2698 nias,
2099 2639 2155 2686 at
2178 2645 2375 2702 corpus
2417 2633 2629 2689 interim
2673 2634 2840 2692 babes
2877 2652 3108 2705 sanum,
3149 2648 3203 2695 et
3246 2656 3351 2696 non
3378 2658 3498 2699 cum

1913 2731 2224 2792 paupertate
2249 2723 2319 2779 de
2349 2725 2467 2794 ejus
2495 2740 2707 2796 quoque
2735 2727 3045 2785 lamentaris
3074 2730 3404 2790 inﬁrmitate.
3438 2738 3505 2791 At

1914 2824 2062 2870 tuutn
2091 2816 2252 2872 etiam
2286 2832 2484 2886 corpus
2510 2819 2746 2889 aliquam
2774 2836 2989 2891 passum
3020 2834 3098 2878 est
3130 2829 3370 2881 noxam?
3396 2827 3501 2886 Sed

1915 2924 2020 2963 non
2051 2917 2135 2963 est
2171 2909 2258 2964 hic
2286 2910 2482 2966 fundus
2505 2913 2768 2966 malorum
2800 2912 3187 2978 humanorum,
3222 2919 3328 2973 sed.
3350 2918 3505 2974 ferris
3562 2954 3565 2957 -

1917 3000 2130 3057 interim
2170 3001 2223 3055 in
2266 3002 2444 3058 medio
2469 3001 2635 3057 dolio.
2675 3003 2827 3059 Multi
2858 3005 3001 3060 enim
3038 3022 3158 3061 cum
3193 3019 3508 3080 paupertate

1916 3105 1980 3147 ac
2003 3091 2340 3148 mutilationc
2385 3093 2654 3149 luctantur
2683 3103 2737 3149 et
2775 3108 2898 3149 cum
2930 3095 3211 3165 daemone,
3242 3111 3298 3154 et
3326 3114 3508 3156 errant

1920 3182 1972 3236 iu
2002 3182 2230 3239 desertis
2260 3201 2273 3237 :
2317 3185 2406 3241 alii
2438 3200 2623 3241 rursus
2658 3186 2764 3240 alia
2802 3188 3077 3257 patiuntur
3114 3188 3202 3247 his
3236 3192 3506 3263 graviora.

1920 3273 2075 3329 Absit
2098 3275 2239 3330 enim
2280 3285 2336 3330 ut
2367 3277 2631 3347 patiamur
2659 3294 3012 3350 quacumque
3058 3283 3167 3353 pati
3199 3300 3506 3353 possmuus.

1921 3366 2047 3422 llaec
2073 3381 2204 3438 ergo
2230 3382 2445 3438 semper
2484 3377 2737 3440 reputans
2758 3412 2775 3438 ,
2807 3388 2901 3427 eos
2926 3374 3096 3445 Cogita
3125 3377 3212 3446 qui
3242 3378 3516 3446 patiuntur

1920 3460 2189 3529 graviora,
2217 3458 2363 3515 etde
2386 3460 2535 3515 nullo
2564 3476 2750 3517 eorum
2782 3463 3000 3531 doleas;
3025 3466 3121 3520 sed
3149 3468 3365 3537 quando
3388 3485 3512 3540 pec-

1920 3552 2062 3603 caris
2087 3591 2101 3613 ,
2139 3560 2264 3605 tunc
2302 3550 2475 3605 solum
2505 3553 2795 3622 ingemisec
2819 3596 2835 3621 ,
2866 3564 2991 3610 tunc
3032 3556 3330 3630 lacrymare
3361 3578 3373 3614 :
3407 3578 3514 3617 non

1923 3643 2218 3714 prohibeo,
2246 3643 2341 3700 sed
2387 3646 2570 3716 potius
2612 3648 2841 3714 hortor;
2877 3659 2932 3704 et
2978 3658 3104 3706 tunc
3147 3668 3362 3723 quoque
3393 3670 3514 3710 cum

1925 3734 2317 3803 moderatione,
2349 3739 2592 3809 cogitans
2615 3739 2757 3810 quod
2787 3742 2858 3795 sit
2885 3744 3146 3811 reversio,
3177 3745 3247 3800 sit
3276 3750 3520 3802 reconci-

1927 3827 2094 3881 liatio.
2130 3833 2199 3883 At
2240 3828 2395 3884 vides
2423 3831 2558 3886 alios
2586 3847 2709 3888 esse
2752 3832 2806 3887 in
2846 3833 3091 3901 deliciis,
3144 3818 3195 3893 te
3240 3847 3420 3894 autem
3467 3841 3518 3895 itt

1929 3929 2245 3991 paupertate
2267 3963 2285 3991 ,
2315 3922 2587 3994 aliumque
2610 3925 2907 3995 splendidis
2933 3928 3179 3985 indutum
3204 3932 3443 3988 vestibus
3468 3943 3524 3989 ct

1928 4012 2275 4082 conspicuum
2305 4028 2426 4071 esse
2447 4014 2473 4068 ἲ
2505 4014 2701 4071 Verum
2735 4032 2804 4072 ne
2831 4017 2949 4074 lucc
2980 4019 3156 4075 solum
3186 4024 3520 4089 consideres,

1929 4103 2025 4159 sed
2054 4104 2216 4161 etiam
2246 4120 2339 4161 cas
2365 4121 2487 4177 quas
2516 4117 2641 4161 sunt
2668 4124 2732 4162 ex
2763 4109 2850 4165 bis
2877 4111 3177 4168 molestias.
3205 4115 3258 4169 ln
3291 4132 3523 4189 pauper-

1932 4205 2041 4254 tate
2072 4208 2251 4253 autem
2295 4215 2364 4254 ne
2392 4200 2707 4258 consideres
2748 4204 2920 4260 solum
2954 4207 3352 4266 mendicitatem
3379 4253 3394 4281 ,
3426 4214 3520 4269 sed

1933 4289 2093 4345 etiam
2121 4305 2241 4345 eam
2269 4306 2389 4361 quae
2418 4292 2542 4348 inde
2571 4295 2782 4365 capitur
2806 4297 3158 4368 voluptatem.

2007 4379 2338 4454 Paupertatis
2364 4385 2693 4458 felicitas.—-
2713 4387 2843 4443 Nam
2869 4389 3073 4447 divitiae
3102 4393 3316 4464 quidem
3348 4398 3522 4453 laetam

1936 4474 2133 4532 habent
2170 4476 2406 4545 larvam,
2438 4479 2648 4536 interna
2688 4491 2867 4537 autem
2904 4484 3062 4554 plena
3092 4497 3218 4542 sunt
3256 4489 3524 4561 caligine;

1936 4577 2224 4640 paupertas
2263 4580 2440 4626 autem
2471 4580 2658 4627 contra
2690 4591 2705 4627 :
2739 4584 2797 4630 et
2821 4575 2868 4630 si
2898 4577 3321 4651 uniuscujusque
3351 4584 3528 4653 expli-

1938 4661 2080 4718 caris
2102 4662 2487 4718 conscientiam
2508 4705 2524 4730 ,
2565 4664 2619 4719 in
2650 4666 2829 4723 anima
2860 4668 3074 4738 quidem
3115 4674 3362 4743 pauperis
3387 4678 3529 4732 mul-

1942 4761 2049 4808 tam
2104 4752 2310 4809 vidcbis
2351 4756 2697 4812 securitatem
2746 4767 2802 4813 et
2848 4759 3191 4827 libertatem;
3250 4764 3301 4819 iu
3347 4767 3528 4822 anima

1939 4856 2119 4902 autem
2149 4844 2331 4902 divitis
2361 4846 2620 4904 tumultus
2638 4889 2654 4916 ,
2687 4851 3118 4920 perturbationes
3144 4865 3200 4911 et
3227 4857 3442 4914 llttctus.
3472 4858 3529 4914 Si

1943 4946 2119 4994 autem
2147 4937 2301 4995 doles
2333 4939 2522 4996 videns
2550 4941 2724 5011 ipsum
2755 4942 3017 5009 divitem,
3052 4946 3141 5004 ille
3167 4962 3384 5021 quoque
3413 4952 3534 5020 plus

1944 5045 2102 5101 quam
2136 5040 2192 5086 tu
2220 5030 2403 5098 dolet,
2430 5032 2699 5102 aspiciens
2723 5049 2847 5090 eum
2880 5036 2969 5106 qui
3002 5045 3087 5093 est
3116 5039 3234 5110 ipso
3254 5042 3451 5099 ditior:
3482 5057 3537 5100 et

1946 5123 2084 5178 sicut
2113 5130 2169 5178 tu
2198 5123 2346 5178 illum
2377 5124 2555 5191 times,
2591 5126 2660 5179 ita
2690 5130 2806 5196 Ipse
2835 5142 3048 5199 quoque
3076 5130 3265 5201 alium,
3296 5144 3354 5191 et
3387 5138 3440 5191 in
3469 5154 3557 5193 co-

1949 5222 2001 5271 te
2026 5214 2157 5271 nihil
2187 5216 2465 5286 praecellit.
2499 5219 2568 5273 At
2590 5218 2743 5275 doles
2766 5221 2953 5277 videns
2983 5224 3375 5296 magistratum,
3404 5246 3538 5301 qun-

1949 5308 2093 5365 niam
2117 5318 2171 5363 tu
2192 5323 2253 5365 es
2278 5311 2538 5381 privatus,
2566 5320 2622 5366 et
2647 5326 2712 5367 ex
2743 5313 2807 5367 iis
2831 5316 2920 5385 qui
2944 5328 3132 5386 parent
3160 5319 3403 5390 imperio.
3433 5322 3541 5379 Sed

1952 5400 2046 5455 tibi
2076 5402 2254 5457 veniat
2285 5403 2338 5457 in
2386 5414 2619 5459 mentem
2655 5415 2711 5461 et
2737 5407 2856 5461 dies
2906 5411 3303 5479 successionis;
3346 5414 3443 5470 sed
3491 5428 3548 5473 et

1952 5501 2078 5548 ante
2107 5492 2256 5548 illum
2289 5494 2430 5549 diem
2457 5497 2715 5550 tumultus
2737 5539 2752 5563 ,
2782 5500 3014 5568 pericula
3040 5542 3055 5567 ,
3084 5502 3319 5568 labores,
3350 5506 3541 5561 adula-

1956 5585 2147 5649 tiones,
2178 5586 2371 5656 vigilitc
2396 5627 2412 5654 ,
2440 5600 2628 5643 omnes
2662 5588 3015 5647 calamitates.
3065 5592 3134 5648 Et
3174 5595 3288 5651 haec
3313 5595 3544 5653 dicimus

1954 5678 2099 5747 apud
2117 5692 2231 5742 eos,
2261 5678 2351 5749 qui
2381 5681 2569 5734 nolunt
2593 5679 2979 5752 philosophari.
3012 5684 3144 5740 Nam
3169 5688 3211 5741 si
3243 5688 3342 5742 hoc
3367 5690 3507 5744 scias
3528 5731 3547 5759 ,

1960 5786 2022 5826 cx
2061 5771 2180 5825 aliis
2217 5772 2507 5840 majoribus
2551 5788 2833 5843 possumus
2877 5788 2926 5831 te
2973 5780 3238 5834 consolari
3273 5798 3285 5835 :
3328 5781 3540 5837 interim

1962 5880 2183 5921 necesse
2206 5875 2286 5921 est
2313 5883 2375 5921 ex
2399 5867 2755 5923 crassioribtts
2775 5881 2951 5927 tecum
2973 5867 3296 5943 disceptare.
3324 5870 3546 5938 Quando
