3998 6424
531 372 644 438 ’331

548 506 683 561 ergo
708 491 913 548 videris
938 489 1180 555 divitem,
1210 490 1384 558 cogita
1412 488 1507 544 illo
1532 489 1781 546 ditiorem
1805 533 1818 555 ,
1850 501 1904 547 et
1933 490 2141 547 videbis

541 600 672 639 eum
700 584 884 639 itidem
912 593 970 640 ut
992 592 1044 638 tu
1062 597 1120 638 es
1142 595 1261 637 esse
1279 579 1551 637 affectum.
1578 582 1704 636 Post
1731 583 1904 652 ipsum
1937 592 2138 651 autem,

548 678 724 747 cogita
746 679 908 733 etiam
933 691 1055 733 eum
1084 675 1171 744 qui
1197 682 1281 729 est
1310 684 1361 727 te
1383 673 1669 744 pauperior
1687 717 1701 740 ,
1730 686 1784 729 et
1805 691 1964 743 quam
1990 677 2138 731 multi

545 771 883 825 dormierunt
906 768 1205 823 esurientes
1234 810 1247 831 ,
1279 777 1334 822 et
1366 777 1616 837 paternas
1644 769 1940 822 amiserunt
1968 767 2136 823 facul-

549 872 682 918 tates
706 903 723 927 ,
754 872 808 916 et
856 862 1093 916 habitant
1140 863 1193 914 in
1234 875 1454 915 carcere
1481 903 1494 925 ,
1547 876 1609 915 ae
1638 862 1877 931 quotidie
1908 870 2134 917 mortem

544 965 752 1022 optant.
784 953 967 1023 Neque
1001 954 1143 1007 enim
1190 952 1353 1007 animi
1396 953 1765 1023 :rgritudinem
1808 964 2095 1024 paupertas
2119 996 2134 1019 ,

533 1060 718 1115 ‘neque
746 1045 1078 1113 voluptatem
1107 1045 1324 1114 pariunt
1348 1044 1567 1106 divitiae,
1595 1045 1688 1099 sed
1720 1055 1775 1099 et
1805 1046 1904 1099 hoc
1928 1055 1981 1101 et
2011 1046 2137 1099 illud

543 1137 697 1191 uobis
726 1138 866 1192 solet
909 1136 1095 1193 indere
1120 1139 1396 1207 cogitatio.
1424 1136 1717 1197 Considera
1754 1148 1931 1193 autem
1959 1139 2028 1193 ab
2058 1138 2138 1193 in-

544 1232 684 1285 timis
715 1231 978 1301 incipiens
998 1272 1013 1297 ,
1045 1232 1137 1300 qui
1181 1232 1316 1285 emit
1353 1242 1593 1286 stercora
1621 1272 1636 1295 ,
1672 1231 1818 1287 dolet
1842 1242 1896 1287 et
1923 1232 2136 1287 tristitia

542 1321 799 1389 afﬁcitttr,
827 1322 972 1393 quod
1004 1337 1111 1377 non
1138 1322 1209 1376 sit
1237 1323 1374 1378 liber
1396 1324 1465 1378 ab
1506 1322 1610 1377 hoc
1644 1323 1880 1390 misero,
1914 1332 1968 1379 et
1994 1325 2136 1394 quod

544 1416 863 1485 probrosum
891 1430 1014 1471 esse
1044 1415 1290 1482 videtur,
1311 1414 1490 1471 studio
1515 1433 1529 1479 ;
1554 1415 1648 1470 sed
1694 1417 1739 1470 si
1776 1416 1947 1486 ipsum
1977 1430 2043 1470 eo
2071 1415 2130 1469 li—

545 1511 818 1565 berareris
846 1518 900 1564 et
924 1509 1167 1564 effeceris
1196 1518 1256 1563 ut
1279 1523 1468 1564 secure
1491 1509 1729 1564 abundet
1753 1510 1914 1565 rebus
1946 1525 2136 1563 neces-

540 1604 714 1669 sariis,
747 1618 933 1657 rursus
958 1602 1161 1657 dolebit
1189 1602 1331 1672 quod
1359 1616 1463 1655 non
1492 1603 1643 1670 plura
1678 1601 1950 1671 possideat
1973 1617 2135 1671 quam

540 1709 680 1765 opus
715 1695 822 1759 sit;
858 1705 912 1750 et
948 1696 990 1749 si
1022 1695 1173 1763 plura
1204 1694 1419 1749 dederis
1443 1736 1460 1759 ,
1505 1694 1651 1747 volet
1699 1709 1760 1747 ea
1804 1709 1925 1749 esse
1972 1694 2137 1764 duplo

540 1788 781 1859 majora;
814 1802 877 1843 ac
921 1797 1203 1857 propterea
1253 1801 1357 1841 non
1416 1785 1609 1859 minori
1657 1784 1924 1841 afﬁcietur
1949 1786 2135 1841 dolore

536 1897 698 1951 quam
728 1880 878 1952 prius
913 1899 924 1933 :
958 1880 1082 1934 etsi
1111 1879 1275 1949 duplo
1306 1887 1362 1932 et
1411 1879 1571 1948 triplo
1604 1877 1753 1947 plura
1789 1878 1836 1930 ei
1883 1876 2130 1943 dederis,

535 1991 724 2030 rursus
743 1974 924 2031 animo
948 1983 1195 2044 augetur,
1220 1972 1363 2043 quod
1393 1987 1504 2027 non
1523 1981 1675 2042 gerat
1704 1972 2089 2042 rempublicam
2117 1990 2129 2025 :

536 2078 591 2123 et
620 2068 665 2122 si
697 2067 802 2122 hoc
825 2067 877 2122 ei
902 2066 1145 2135 przebeas
1166 2106 1182 2131 ,
1222 2064 1462 2133 seipsum
1487 2063 1650 2118 ducet
1676 2077 1797 2118 esse
1836 2064 2089 2118 miserum
2116 2104 2130 2122 .

535 2160 678 2231 quod
704 2175 813 2215 non
861 2160 1062 2229 primas
1098 2167 1277 2228 partes
1325 2164 1503 2212 teneat
1548 2155 1604 2212 in
1646 2156 1919 2225 republica
1946 2175 1960 2210 :
1991 2156 2133 2211 hunc

537 2264 716 2309 autem
767 2253 1030 2308 honorem
1074 2260 1397 2320 assequutus
1431 2290 1447 2316 ,
1492 2249 1635 2320 quod
1683 2265 1790 2303 non
1849 2249 2131 2319 imperium

537 2345 795 2401 obtineat.
828 2343 1055 2412 Quando
1081 2352 1258 2398 autem
1303 2341 1585 2412 imperium
1627 2341 1957 2406 obtinuerit,
1991 2342 2131 2412 quod

536 2453 642 2491 non
673 2438 835 2492 totius
860 2435 1036 2506 gentis
1062 2454 1075 2490 :
1099 2434 1315 2505 quando
1336 2442 1516 2488 autem
1541 2434 1703 2488 etiam
1734 2434 1898 2487 totius
1920 2434 2096 2504 gentis
2116 2473 2131 2498 ,

534 2530 677 2598 quod
706 2544 811 2584 non
844 2528 1133 2583 multarum
1160 2528 1400 2597 gentium
1433 2540 1446 2575 :
1477 2525 1692 2595 quando
1719 2536 1900 2581 autem
1936 2525 2128 2580 multa-

535 2638 654 2678 rum
681 2622 944 2692 gentium,
974 2619 1116 2691 quod
1149 2636 1255 2674 non
1284 2620 1546 2673 omnium.
1569 2618 1797 2687 Quando
1827 2618 1997 2674 factus
2020 2618 2134 2675 fue-

536 2716 609 2769 rit
638 2714 846 2783 legatus
876 2724 968 2769 aut
1014 2711 1298 2782 pra-frctus
1321 2754 1336 2778 ,
1381 2727 1567 2765 rursus
1605 2710 1795 2766 dolore
1821 2711 2087 2767 afﬁcietur
2113 2754 2129 2773 .

538 2806 681 2877 quod
710 2822 816 2860 non
854 2806 925 2861 sit
961 2821 1054 2859 rex
1083 2822 1097 2870 ;
1130 2815 1185 2859 et
1220 2804 1266 2860 si
1305 2806 1369 2859 sit
1404 2822 1519 2872 rex,
1551 2806 1692 2876 quod
1722 2819 1827 2860 non
1863 2806 2051 2872 solus;
2080 2816 2135 2862 et

535 2900 581 2956 si
611 2897 794 2962 solus,
823 2897 965 2968 quod
1003 2912 1107 2951 non
1145 2896 1497 2951 barbarorum
1537 2913 1787 2968 quoque,
1835 2898 1977 2967 quod
2027 2914 2132 2954 non

538 2990 699 3044 etiam
734 2988 899 3042 totius
944 2986 1092 3041 orbis
1134 2995 1331 3043 teme:
1363 3002 1483 3041 cum
1529 2995 1709 3043 autem
1743 2988 1907 3043 totius
1947 2990 2128 3055 orbis,

535 3096 634 3139 cur
663 3095 767 3133 non
798 3078 959 3133 etiam
1008 3077 1233 3133 alterius
1264 3078 1499 3132 mundi?
1532 3080 1599 3133 Et
1643 3080 1722 3135 sic
1767 3080 1818 3133 in
1868 3080 2131 3136 inﬁnitum

537 3173 836 3245 procedens
865 3171 1119 3241 cogitatio
1149 3211 1164 3234 ,
1212 3186 1316 3224 non
1345 3172 1475 3225 sinit
1506 3173 1626 3226 eum
1656 3187 1909 3241 umquam
1937 3173 2128 3229 laetari.

610 3268 663 3321 7.
708 3264 952 3321 VidiSIin‘
982 3264 1254 3335 quomodo
1278 3305 1296 3331 ,
1328 3265 1538 3319 etiarnsi
1567 3280 1632 3320 ex
1684 3265 1773 3318 vili
1822 3275 1875 3320 et
1923 3267 2134 3335 abjecto

535 3376 717 3432 regem
750 3359 959 3424 feceris,
1010 3372 1118 3416 non
1159 3357 1304 3413 toilis
1347 3358 1512 3411 animi
1558 3358 1930 3428 :egritudinem
1961 3401 1977 3424 ,
2028 3362 2130 3416 nisi

533 3454 840 3509 correieris
867 3453 1270 3523 cogitationem,
1300 3468 1420 3523 qua:
1452 3453 1658 3507 laborat
1687 3454 1909 3508 avaritia
1939 3464 1993 3508 et
2017 3456 2134 3525 plu-

534 3564 590 3602 ra
643 3545 876 3601 habendi
918 3545 1252 3615 cupiditate?
1298 3548 1410 3617 Age
1445 3588 1459 3612 ,
1506 3545 1600 3600 tibi
1644 3548 1805 3602 etiam
1848 3550 2129 3605 ostendam

531 3636 863 3693 contrarium
892 3679 907 3703 ,
940 3637 1085 3707 quod
1113 3638 1323 3692 etiamsi
1369 3653 1396 3689 a
1430 3639 1699 3708 supremis
1725 3638 1791 3695 ad
1823 3642 2002 3695 inﬁma
2032 3642 2131 3698 dc-

530 3730 751 3787 duxcris
775 3744 898 3783 eum
924 3729 1013 3798 qui
1046 3736 1129 3781 est
1157 3727 1440 3797 prodeuntia
1470 3729 1749 3799 prteditus,
1784 3746 1889 3786 non
1924 3734 2130 3804 injicies

531 3828 585 3879 in
617 3823 782 3877 animi
818 3820 1196 3893 :egritudinem
1237 3830 1293 3876 et
1319 3822 1611 3876 tristitiam.
1645 3823 1710 3877 Et
1737 3824 1781 3877 si
1808 3827 1887 3879 vis
1909 3826 2127 3882 easdem

528 3915 924 3973 descendemus
946 3914 1120 3970 scalas
1142 3955 1158 3983 ,
1182 3923 1240 3970 ct
1269 3914 1577 3985 prtcfectum
1605 3931 1638 3971 e
1678 3917 1809 3972 sede
1857 3919 2005 3974 urbis
2028 3921 2128 3977 de-

527 4019 728 4080 tectum
764 4007 912 4078 priva
945 4007 1034 4061 illa
1059 4006 1339 4077 dignitate.
1380 4007 1497 4078 lpse
1521 4007 1667 4063 enim
1693 4008 1808 4064 haec
1837 4027 1956 4081 quae
1985 4012 2126 4067 dixi-

530 4119 648 4157 mus
675 4102 913 4171 cogitare
945 4102 989 4155 si
1019 4100 1169 4167 velit,
1205 4100 1336 4154 nihil
1370 4100 1493 4156 inde
1518 4100 1740 4156 dolebit.
1770 4103 1955 4175 Neque
1982 4107 2125 4161 enim

530 4193 797 4262 reputabit
827 4206 888 4246 ea
930 4206 1049 4259 qua:
1085 4202 1211 4244 sunt
1240 4191 1287 4246 ei
1319 4191 1496 4245 ablata
1524 4234 1538 4258 ,
1588 4194 1682 4247 sed
1728 4211 1788 4249 ca
1836 4212 1955 4265 qua:
2000 4207 2127 4253 tunc

530 4287 709 4346 habet,
741 4299 933 4353 nempe
956 4283 1179 4354 gloriam
1206 4299 1364 4352 quam
1392 4283 1552 4339 habet
1581 4301 1648 4339 ex
1679 4301 1744 4339 eo
1765 4304 1922 4357 quem
1950 4291 2124 4360 gessit

529 4379 864 4450 magistratu.
896 4379 950 4433 Si
979 4388 1158 4432 autem
1199 4393 1319 4433 eam
1351 4393 1566 4448 quoque
1594 4380 1907 4449 abstuleris,
1940 4385 2125 4441 animo

529 4472 797 4544 reputabit
830 4474 1089 4542 privatos,
1122 4480 1177 4525 et
1205 4472 1293 4541 qui
1319 4471 1384 4525 ad
1415 4486 1538 4527 eum
1568 4474 1939 4544 magistratum
1967 4493 2125 4533 num—

527 4583 687 4636 quam
716 4565 1110 4628 ascenderunt,
1141 4572 1194 4618 ct
1223 4564 1289 4617 ad
1316 4563 1739 4643 consolationem
1776 4569 1824 4621 ei
1852 4568 2124 4625 sufficient

525 4662 727 4716 divitia:
756 4676 771 4712 ι
803 4660 884 4713 sin
915 4668 1094 4713 autem
1126 4658 1195 4713 ab
1230 4658 1294 4712 iis
1322 4673 1538 4728 quoque
1569 4674 1753 4713 rursus
1783 4675 1906 4715 eum
1949 4677 2135 4733 expu-'

526 4753 676 4816 leris,
706 4750 1071 4805 considerabit
1110 4765 1205 4804 eos
1244 4749 1333 4819 qui
1379 4748 1672 4805 mediocria
1719 4752 2042 4821 possident:
2074 4755 2118 4809 si

524 4856 706 4900 autem
726 4844 887 4911 etiam
918 4843 1205 4898 abstuleris
1233 4842 1544 4906 mediocria,
1573 4851 1629 4897 et
1653 4844 1701 4899 ei
1730 4845 1903 4899 solum
1934 4862 2119 4903 neces-

525 4940 725 4994 sarium
759 4938 1081 5009 impertieris
1096 4937 1429 5000 alimentum,
1459 4938 1654 5007 poterit
1679 4940 1859 4994 animo
1883 4942 2119 5013 cogitare

525 5045 620 5085 eos
640 5070 655 5083 .
686 5029 777 5099 qui
802 5045 868 5084 ne
896 5028 946 5083 id
976 5028 1190 5099 quidem
1217 5029 1493 5100 pbssident
1517 5070 1533 5093 ,
1565 5030 1661 5084 sed
1686 5047 1808 5087 cum
1834 5032 1946 5104 jugi
1979 5034 2116 5090 fame

524 5121 933 5184 Conflictantur,
974 5130 1025 5174 ct
1056 5121 1107 5175 in
1143 5135 1362 5175 carcere
1401 5121 1662 5175 habitant.
1691 5122 1841 5192 Quod
1879 5126 1922 5179 si
1952 5127 2114 5182 etiam

542 5225 692 5234 ...ο-...-

699 5223 973 5233 _-.—————~

1316 372 1373 431 S.
1418 373 1697 431 JOANNIS
1731 374 2204 433 CHRYSOSTOMI
2245 378 2564 435 ARCIIIEP.
2604 379 3138 443 CONSTANTINOP.
3699 395 3785 454 359.

2251 493 2423 563 ipsum
2466 496 2516 548 in
2547 496 2768 551 domum
2814 497 2959 555 illam
2997 498 3215 556 duxeris
3238 542 3255 569 ,
3287 501 3462 558 animo
3487 518 3688 563 versans
3707 525 3785 567 eos

2248 586 2338 655 qui
2372 586 2573 640 morbis
2598 586 2844 643 laborant
2867 589 3277 659 incurabilibus,
3305 592 3788 669 intolerabilibusque

2249 677 2524 733 doloribus
2549 720 2563 742 ,
2597 679 2798 736 videbit
2822 682 2992 737 multo
3020 697 3080 738 se
3110 683 3311 740 habere
3340 687 3542 743 melius.
3575 689 3635 744 Et
3676 692 3789 746 sicut

2251 779 2465 839 emptor
2509 770 2600 827 ille
2640 774 2893 829 stercoris
2914 789 2983 830 ne
3022 792 3114 829 rex
3147 777 3361 847 quidem
3407 779 3569 835 factus
3618 782 3791 839 fruetur

2244 862 2409 917 animi
2440 864 2827 933 tranquillitate
2855 888 2868 922 :
2899 869 2968 921 ita
2998 868 3084 923 hic
3110 884 3342 939 quoque.
3376 886 3440 927 ne
3462 872 3504 927 si
3529 873 3673 929 fuerit
3695 877 3788 945 qui-

2243 952 2365 1008 dem
2399 956 2451 1007 in
2480 956 2704 1009 vinculis
2724 997 2737 1019 ,
2767 973 3019 1028 umquam
3046 958 3266 1013 dolebit.
3300 960 3477 1032 Neque
3503 964 3649 1033 igitur
3678 967 3789 1019 divi-

2247 1046 2332 1099 tiae
2360 1046 2668 1117 voluptatis,
2701 1065 2874 1121 neque
2892 1061 3177 1122 paupertas
3198 1062 3282 1107 est
3305 1069 3460 1108 causa
3483 1057 3635 1111 animi
3654 1062 3789 1127 aegri-

2246 1138 2466 1203 tudinis,
2500 1140 2592 1193 sed
2628 1157 2781 1197 mens
2809 1152 2989 1199 nostra
3013 1185 3027 1209 ,
3060 1154 3113 1199 et
3138 1145 3280 1213 quod
3305 1148 3464 1199 animi
3489 1150 3647 1203 nosrri
3674 1152 3790 1205 oculi

2242 1230 2463 1286 minime
2488 1232 2595 1286 sint
2619 1233 2756 1302 puri,
2782 1249 2957 1304 neque
2983 1251 3203 1305 usquam
3233 1237 3368 1291 ﬁrmi
3395 1238 3500 1292 sint
3520 1240 3790 1302 etstabiles.

2242 1320 2336 1375 sed
2380 1323 2562 1377 volent
2603 1324 2669 1378 ad
2720 1325 3011 1381 inﬁnitum.
3065 1328 3129 1381 Et
3174 1329 3312 1382 sicut
3354 1330 3577 1383 salubria
3608 1332 3791 1400 quidem

2241 1428 2489 1480 Corpora,
2514 1416 2722 1469 etiamsi
2750 1417 2868 1473 solo
2893 1432 3033 1489 pane
3060 1420 3273 1473 alantur
3292 1461 3306 1482 ,
3336 1421 3469 1475 bene
3490 1421 3665 1476 affecta
3692 1435 3793 1477 sunt

2241 1515 2292 1559 et
2325 1506 2637 1573 luxuriant;
2677 1510 2919 1566 morbida
2948 1518 3124 1565 autem
3148 1553 3161 1573 ,
3196 1515 3405 1567 etiamsi
3438 1515 3574 1569 lauta
3602 1518 3793 1571 etruria

2241 1596 2485 1652 fruantur
2509 1615 2713 1665 mensa,
2740 1616 2808 1658 eo
2836 1611 2960 1657 sunt
2990 1602 3341 1658 imbecilliora
3371 1622 3384 1657 :
3420 1606 3488 1658 ita
3513 1607 3662 1659 etiam
3683 1606 3798 1660 solet

2240 1691 2455 1743 evenire
2496 1690 2548 1744 in
2579 1691 2780 1748 anima.
2809 1691 2909 1761 Qui
2943 1694 3123 1763 pusilli
3157 1696 3376 1765 quidem
3402 1705 3457 1751 et
3483 1697 3667 1767 abjeeti
3693 1708 3799 1752 sunt

2241 1782 2427 1847 animi,
2460 1798 2526 1836 ne
2549 1783 2600 1836 in
2633 1783 2938 1839 diademate
2957 1786 3174 1856 quidem
3198 1796 3253 1841 et
3284 1787 3576 1842 honoribus
3595 1793 3674 1858 qui
3700 1802 3799 1841 ver-

2241 1875 2322 1927 bis
2350 1890 2453 1929 non
2489 1885 2714 1945 possunt
2734 1878 3012 1949 explicari,
3039 1889 3266 1949 possunt
3292 1896 3415 1937 esse
3446 1882 3581 1935 bono
3603 1892 3654 1936 et
3672 1890 3798 1935 tran-

2240 1967 2406 2036 quillo
2431 1969 2612 2024 animo
2641 1987 2653 2022 :
2689 1970 2991 2041 philosOpbi
3022 1983 3200 2027 autem
3229 1983 3284 2027 et
3322 1974 3376 2027 in
3422 1974 3643 2029 vinculis
3670 1984 3719 2029 et
3758 1975 3800 2027 in

2239 2068 2422 2113 catena
2450 2070 2503 2114 et
2528 2061 2577 2114 in
2612 2071 2927 2133 paupertate
2950 2079 3079 2133 pura
3108 2063 3361 2119 fruuntur
3385 2066 3667 2135 voluptate.
3698 2064 3803 2118 llmc

2239 2166 2367 2221 ergo
2388 2153 2685 2223 cogitantes
2714 2195 2731 2222 ,
2776 2156 3099 2225 aspiciamus
3141 2170 3360 2227 semper
3401 2156 3468 2211 ad
3515 2156 3806 2222 deteriores,
3849 2142 3857 2153 ’

2239 2243 2369 2298 Nam
2398 2256 2481 2300 est
2509 2246 2728 2316 quidem
2751 2248 2914 2305 etiam
2944 2249 3050 2306 alia
3076 2250 3384 2306 consolatio
3408 2293 3422 2316 ,
3464 2251 3556 2305 sed
3590 2250 3803 2320 philoso-

2240 2335 2396 2406 phica
2421 2377 2434 2397 ,
2468 2350 2522 2391 et
2546 2354 2667 2409 quze
2696 2340 2990 2396 multorum
3011 2341 3240 2397 aliorum
3271 2352 3492 2412 superat
3519 2341 3806 2397 crassitudi-

2239 2443 2383 2482 nem.
2409 2428 2665 2497 Quaenam
2695 2445 2758 2484 ea
2785 2430 2908 2486 est?
2934 2431 3088 2501 Quod
3118 2432 3249 2488 nihil
3278 2445 3408 2488 sunt
3435 2434 3628 2489 divitirr.
3651 2475 3664 2497 ,
3689 2432 3805 2486 nihil

2239 2530 2550 2590 paupertas,
2582 2521 2713 2578 nihil
2733 2522 3049 2594 ignominia,
3082 2526 3216 2579 nihil
3244 2526 3457 2595 honor;
3484 2527 3577 2580 sed
3605 2526 3654 2579 in
3681 2524 3808 2578 brevi

2241 2626 2503 2687 tempore,
2536 2626 2591 2673 et
2631 2619 2685 2675 in
2712 2620 2892 2676 verbis
2920 2621 3097 2675 solum
3149 2622 3290 2677 inter
3340 2638 3402 2677 se
3450 2623 3665 2677 distant.
3696 2620 3810 2674 Cum

2240 2706 2341 2763 hac
2369 2718 2549 2765 autem
2579 2711 2682 2765 alia
2711 2726 2927 2782 quoque
2955 2722 3036 2768 est
3067 2712 3168 2768 hac
3197 2713 3411 2783 major,
3445 2727 3634 2782 nempe
3660 2710 3810 2765 futura

2238 2810 2294 2855 et
2319 2800 2457 2857 bona
2482 2811 2538 2857 et
2575 2803 2718 2858 mala
2741 2804 2983 2875 cogitare
3009 2845 3023 2867 ,
3053 2819 3116 2860 ea
3145 2820 3265 2876 qua:
3290 2821 3424 2861 vere
3468 2815 3592 2860 sunt
3620 2805 3745 2858 mala
3768 2811 3813 2857 et

2237 2908 2359 2961 qua:
2389 2908 2515 2950 vere
2556 2894 2696 2950 bona
2720 2936 2738 2961 ,
2776 2905 2834 2951 et
2873 2897 2943 2952 ab
2983 2897 3088 2952 illis
3111 2898 3364 2970 accipere
3388 2898 3811 2953 consolationem.

2239 2986 2346 3042 Sed
2374 2988 2627 3057 quoniam
2650 3030 2667 3055 ,
2706 2989 2846 3045 sicut
2870 2991 3022 3059 prius
3045 2990 3178 3056 dixi,
3210 2992 3363 3045 nmlti
3408 3001 3534 3046 sunt
3564 2992 3710 3060 longe
3736 3002 3811 3043 re-

2239 3083 2368 3136 moti
2401 3082 2470 3136 ab
2506 3082 2816 3152 huiusmodi
2853 3083 3120 3148 doctrina,
3155 3095 3445 3153 propterea
3493 3097 3706 3138 necesse
3734 3080 3815 3134 ha-

2241 3175 2450 3230 buimus
2475 3176 2527 3230 in
2550 3175 2852 3246 huiusmodi
2877 3176 3153 3232 immorari
3178 3178 3547 3242 sermonibus,
3571 3185 3628 3230 ut
3649 3175 3815 3228 ordine

2236 3268 2303 3322 ad
2346 3268 2446 3323 hos
2484 3284 2699 3341 quoque
2724 3270 3054 3327 deducamus
3077 3286 3175 3327 eos
3202 3272 3295 3342 qui
3332 3274 3421 3327 illa
3464 3277 3815 3341 susceperunt.

2238 3359 2365 3415 llaec
2393 3375 2525 3432 ergo
2552 3363 2731 3417 omnia
2761 3373 3096 3433 reputantes,
3125 3366 3271 3418 omni
3301 3380 3374 3421 ex
3398 3374 3550 3435 parte
3576 3378 3669 3417 nos
3690 3362 3816 3430 ipsos

2238 3468 2629 3524 componamus
2653 3495 2669 3519 ,
2703 3465 2758 3509 et
2804 3470 3094 3525 numquam
3138 3455 3451 3513 delebimus
3480 3456 3552 3512 ob
3586 3457 3694 3511 haec
3717 3456 3818 3509 ino-

2241 3546 2440 3615 pinata.
2488 3546 2673 3617 Neque
2702 3546 2847 3601 enim
2878 3548 2922 3600 si
2958 3548 3009 3601 in
3044 3549 3274 3619 imagine
3299 3551 3600 3605 viderimus
3623 3550 3813 3609 divites.

2237 3651 2333 3691 eos
2359 3651 2480 3692 esse
2505 3637 2802 3693 dixerimus
2833 3637 3072 3694 beandos
3096 3649 3150 3694 et
3179 3641 3520 3696 aemulandos
3544 3659 3559 3709 ;
3585 3649 3639 3695 ut
3666 3652 3819 3710 neque

2237 3729 2513 3786 mendicos
2548 3731 2656 3786 illic
2683 3731 2962 3802 depictos,
2997 3732 3237 3788 infelices
3261 3747 3319 3789 et
3350 3735 3703 3791 miserabiles.
3731 3733 3816 3786 At-

2234 3821 2322 3892 qui
2353 3821 2426 3876 illi
2455 3832 2581 3877 suut
2608 3822 2877 3878 ﬁrmiores
2898 3832 2955 3879 et
2982 3823 3291 3879 stabiliores
3322 3827 3393 3882 iis
3425 3828 3517 3897 qui
3549 3833 3671 3881 sunt
3696 3821 3818 3893 apud

2237 3928 2337 3968 nos
2363 3914 2602 3969 divites:
2647 3915 2816 3985 magis
2854 3916 3000 3969 enim
3053 3916 3103 3968 in
3148 3916 3362 3985 pictura
3415 3926 3601 3973 manet
3642 3916 3815 3973 dives.

2234 4023 2393 4077 quam
2422 4008 2473 4062 in
2499 4009 2610 4077 ipsa
2650 4024 2835 4081 rerum
2876 4016 3087 4063 natura.
3136 4007 3272 4063 Nam
3322 4010 3419 4066 ille
3447 4010 3662 4081 quidem
3693 4021 3820 4077 smpc

2233 4103 2398 4157 etiam
2426 4101 2492 4155 ad
2523 4111 2737 4157 centum
2769 4116 2943 4155 annos
2983 4102 3065 4156 sic
3092 4116 3367 4171 apparens
3403 4103 3673 4159 duraverit
3703 4118 3716 4155 :
3744 4101 3819 4154 hic

2232 4201 2411 4247 autem
2441 4207 2565 4247 cum
2593 4208 2662 4247 ne
2689 4207 2890 4247 annum
2917 4192 3134 4263 quidem
3178 4209 3347 4249 unum
3387 4196 3441 4250 in
3469 4197 3582 4251 suis
3610 4194 3818 4250 faculta-~

2234 4284 2375 4337 tibus
2402 4299 2461 4339 se
2485 4283 2692 4338 deliciis
2720 4284 3052 4352 expleverit,
3084 4297 3315 4354 repente
3345 4290 3598 4358 privatus
3619 4297 3699 4343 est
3716 4300 3817 4339 om—

2231 4377 2408 4431 nibus.
2452 4377 2578 4431 llzce
2605 4392 2734 4447 ergo
2760 4377 2940 4432 omnia
2986 4388 3303 4448 reputantes
3329 4423 3345 4449 ,
3382 4382 3534 4437 omni
3581 4398 3646 4437 ex
3685 4386 3820 4450 parte

2228 4470 2535 4524 muniamus
2564 4469 2727 4523 animi
2753 4471 2987 4539 quietem
3015 4480 3070 4526 et
3097 4474 3552 4542 tranquillitatem
3578 4473 3816 4527 adversus

2230 4561 2684 4616 inconsideratam
2734 4561 3003 4616 tristitiam
3030 4600 3048 4627 ,
3089 4570 3150 4616 ut
3191 4564 3463 4629 et_vitam
3510 4573 3814 4634 praesentem

2230 4654 2587 4723 transigamus
2607 4668 2728 4707 cum
2756 4654 3048 4722 voluptate,
3076 4663 3130 4707 et
3152 4654 3295 4709 bona
3326 4657 3511 4711 futura
3541 4668 3818 4723 consequa-

2227 4761 2365 4811 mur,
2389 4745 2561 4816 gratia
2584 4755 2638 4800 et
2658 4745 2989 4816 benignitate
3012 4746 3221 4801 Domini
3252 4750 3432 4803 nostri
3462 4751 3592 4806 Jesu
3614 4746 3813 4808 (Ἄπι-ἰδῇ,

2226 4854 2348 4894 cum
2374 4853 2481 4909 quo
2509 4838 2678 4907 Patri,
2711 4840 2979 4910 simulque
3004 4850 3195 4893 sancto
3224 4841 3458 4909 Spiritui
3486 4842 3659 4913 gloria
3679 4881 3694 4905 ,
3724 4839 3811 4891 im-

2226 4932 2456 5001 perium,
2487 4932 2687 4997 honor,
2723 4948 2865 4991 nunc
2889 4942 2945 4989 et
2968 4948 3184 5005 semper
3207 4976 3222 4999 ,
3251 4946 3309 4990 et
3342 4937 3396 4991 in
3431 4938 3630 4995 szecula
3657 4948 3813 4991 szecu-

2225 5026 2418 5089 lorum,
2454 5026 2647 5080 Amen.

994 5222 3793 5252 Μ

1764 5308 2110 5373 HOMILIA
2153 5314 2463 5377 XXXIX.

511 5451 648 5507 Car.
694 5449 780 5506 15.
822 5467 876 5506 v.
924 5452 1007 5505 ll.
1051 5451 1172 5506 Sive
1201 5451 1332 5504 enim
1355 5465 1448 5521 ego
1473 5493 1488 5516 ,
1522 5451 1623 5505 sive
1650 5452 1731 5519 illi
1755 5497 1769 5515 ,
1806 5453 1877 5508 sic
1910 5455 2105 5523 pra’di-

592 5559 767 5596 camus
796 5584 810 5607 ,
840 5551 887 5596 et
915 5545 987 5596 sic
1016 5543 1324 5597 credidistis.

593 5636 647 5688 1.
691 5634 980 5706 Postquam
1031 5634 1306 5703 apostolos
1351 5633 1553 5689 extulit
1579 5643 1635 5688 et
1662 5650 1722 5689 se
1761 5636 2000 5705 dejecit,
2056 5650 2113 5695 et

519 5712 713 5783 deinde
732 5743 921 5782 rursus
942 5742 1102 5793 supra
1127 5727 1245 5781 illos
1260 5741 1320 5782 se
1340 5724 1548 5789 extulit,
1577 5734 1640 5780 ut
1658 5727 1901 5785 efﬁceret
1924 5747 2109 5802 aequa-,-

515 5816 717 5885 litatcm
742 5819 761 5885 (
786 5820 1145 5893 requalitatcm
1174 5820 1317 5885 enim
1338 5817 1535 5883 effecit,
1567 5832 1627 5883 se
1653 5830 1708 5876 et
1730 5825 1965 5891 melioris
1990 5843 2111 5883 esse

2222 5460 2546 5518 conditionis
2575 5461 2869 5520 ostendens
2907 5474 2962 5519 et
3004 5464 3377 5537 deterioris),
3412 5479 3471 5525 et
3513 5486 3576 5526 ea
3624 5472 3816 5526 ratione

2223 5565 2282 5609 se
2312 5551 2542 5608 reddens
2575 5553 2677 5609 ﬁde
2706 5554 2964 5624 dignum;
2998 5572 3067 5612 ne
3093 5560 3173 5614 sic
3201 5559 3430 5626 quidem
3458 5578 3556 5618 eos
3584 5558 3815 5625 dimittit,

2226 5644 2320 5699 sed
2352 5660 2538 5700 rursus
2563 5659 2622 5701 se
2643 5661 2763 5701 cum
2793 5646 2901 5702 illis
2925 5648 3220 5721 coniungit,
3251 5651 3510 5709 indicans
3538 5667 3681 5720 eam,
3705 5665 3817 5724 quae

2224 5745 2308 5790 est
2327 5736 2621 5817 secundum
2647 5737 2941 5807 Christum,
2967 5742 3338 5800 concordiam.
3364 5745 3487 5801 Non
3517 5756 3692 5802 tamen
3720 5745 3817 5800 hoc

2224 5829 2300 5884 sic
2335 5828 2460 5891 facit
2491 5840 2547 5883 ut
2578 5830 2822 5889 videatur
2865 5833 2945 5889 cis
2974 5848 3096 5890 esse
3125 5834 3376 5907 abjectus
3401 5877 3418 5904 ,
3473 5838 3570 5895 sed
3615 5846 3675 5894 ut
3712 5836 3818 5909 ipso
