3998 6422
248 417 342 475 331

246 535 442 589 Σκόπει
470 534 529 588 δὲ
561 536 859 608 ἀρχόμενος
890 537 1151 590 κάτωθεν·
1184 540 1212 590 ὀ
1240 539 1531 612 κοπρώνης
1560 538 1715 606 ἀλγεῖ
1733 537 1826 590 καὶ

241 619 516 682 δδυνᾶται,
553 619 635 672 ὅτι
677 619 1143 691 μὴ,ἀπήλλακται
1193 622 1289 674 τοῦ
1339 621 1688 693 ταλαιπώρου
1733 622 1827 675 καὶ

240 703 610 757 ἐπονειδίστου
645 700 782 757 εἶναι
822 703 1108 768 δοκοῦντος
1149 705 1583 777 ἐπιτηδεύματος
1614 705 1823 758 τούτου·

237 789 360 841 ἀλλ’
407 788 472 841 ἄν
498 788 811 859 ἀπαλλάξῃς
844 789 1007 841 αὐτὸν
1036 789 1247 852 τούτου,
1285 792 1378 844 καὶ
1423 790 1655 860 ποιήσῃς
1690 789 1827 858 μετά

236 871 426 935 ἀδείας
455 871 567 924 τῶν
614 871 924 939 ἀναγκαίων
962 872 1238 944 εὐπορεῖν,
1287 874 1514 944 ἀλγήσει
1558 873 1717 926 πάλιν
1747 874 1827 926 ὅτι

237 954 318 1024 μὴ
353 954 529 1006 πλείω
559 955 659 1025 τῆς
686 955 874 1024 χρείας
905 954 1187 1024 κέκτηταιο
1223 955 1323 1008 κᾶν
1354 956 1524 1008 πλείω
1562 956 1824 1026 παρέχῃς,

234 1035 570 1106 βουλήσεται
622 1038 762 1090 αὐτά
816 1037 1133 1091 διπλασίονα
1182 1035 1319 1091 εἶναι
1367 1039 1548 1100 πάλιν,
1598 1038 1695 1090 καὶ
1742 1038 1828 1091 διά

230 1119 402 1172 τοῦτο
428 1119 817 1191 όδυνηθήσεται
849 1120 949 1189 οὐχ
977 1116 1159 1192 ἦττον,
1194 1121 1227 1192 ἢ
1264 1120 1553 1192 πρότερον·
1586 1121 1692 1174 κᾶν
1750 1120 1828 1173 δι-

229 1207 528 1271 πλασίονα,
566 1207 671 1261 κᾶν
722 1207 1081 1277 τριπλασίονα
1119 1208 1225 1279 δῷς
1249 1251 1263 1272 ,
1304 1208 1582 1280 ἀθυμήσει
1630 1208 1824 1268 πάλιν,

228 1293 319 1345 ὅτι
354 1290 436 1362 μὴ
463 1290 824 1344 πολιτεύεται’
856 1290 958 1345 κᾶν
984 1291 1141 1343 τοῦτο
1169 1292 1414 1363 παρέχῃς
1438 1291 1608 1362 αὐτῷ,
1642 1292 1826 1347 ἄθλιον

226 1384 437 1437 ἑαυτὸν
478 1384 766 1453 ἡγήσεται,
806 1384 886 1437 ὅτι
926 1383 1000 1454 μὴ
1026 1382 1136 1437 τῶν
1163 1382 1229 1436 τὰ
1257 1383 1450 1454 πρῶτα
1478 1384 1828 1454 πολιτευομέ-

220 1493 342 1528 νων
407 1474 564 1527 ἐστί·
600 1476 693 1529 καὶ
730 1475 935 1547 ταύτης
982 1478 1040 1530 δὲ
1072 1477 1472 1547 ἐπιλαϐόμενος
1502 1476 1602 1545 τῆς
1635 1476 1823 1547 τιμῆς,

218 1568 529 1639 θρηνήσει,
552 1569 633 1621 δτι
658 1569 731 1638 μὴ
764 1570 939 1640 ἄρχει·
972 1571 1100 1625 ὅταν
1131 1571 1186 1623 δὲ
1219 1569 1387 1641 ἄρξῃ,
1422 1570 1504 1623 δτι
1534 1570 1609 1640 μὴ
1640 1568 1826 1638 ἔθνους

215 1660 559 1730 ὁλοκλήρου·
598 1659 725 1713 ὅταν
763 1659 822 1712 δὲ
856 1663 951 1713 καὶ
1009 1661 1195 1725 ἔθνους
1244 1661 1564 1733 ὁλοκλήρου,
1612 1662 1694 1714 ὅτι
1751 1660 1825 1732 μὴ

215 1750 411 1803 ἐθνῶν
446 1751 676 1805 πολλῶν
722 1753 851 1805 ὅταν
883 1751 940 1804 δὲ
980 1752 1150 1806 ἐθνῶν
1193 1753 1426 1816 πολλῶν,
1466 1754 1547 1806 ὅτι
1583 1751 1659 1823 μὴ
1692 1752 1826 1805 πάν-

212 1862 362 1898 των.
414 1846 583 1897 Ὅταν
631 1843 874 1917 ὕπαρχος
921 1846 1168 1916 γένηται,
1209 1845 1580 1917 λυπηθήσεται
1631 1845 1823 1909 πάλιν,

210 1937 306 1990 ὅτι
349 1936 431 2008 μὴ
463 1936 559 1990 καὶ
590 1936 861 2005 βασιλεύς·
912 1937 1015 1990 κᾶν
1070 1937 1360 2007 βασιλεὺς,
1396 1938 1478 1991 ὄτι
1520 1938 1595 2008 μὴ
1642 1937 1823 2007 μόνο;’

211 2031 335 2085 κᾶν
378 2031 578 2101 μόνος,
610 2032 692 2084 ότι
733 2031 807 2101 μὴ
863 2032 957 2084 καὶ
990 2030 1282 2102 βαρϐάρων
1304 2072 1317 2095 ,
1377 2030 1458 2084 ὅτι
1497 2031 1572 2101 μὴ
1606 2031 1827 2102 καὶτῆς

210 2122 568 2193 οἰκουμένης
591 2123 827 2193 ἀπάσης·
852 2122 980 2176 ὅταν
1004 2123 1096 2176 καὶ
1118 2123 1214 2193 τῆς
1231 2122 1556 2193 οἰκουμένης
1582 2123 1824 2193 ἀπάσης,

206 2213 315 2268 διὰ
348 2214 408 2267 τί
437 2213 514 2285 μὴ
540 2214 633 2267 καί⁵
656 2214 844 2285 ἐτέρου
874 2215 1113 2285 κόσμους
1147 2216 1258 2269 Καὶ
1279 2214 1453 2280 οὕτως
1486 2217 1571 2267 ἐπ’
1597 2216 1825 2288 ἄπειρον

206 2307 244 2356 ὁ
310 2306 586 2377 λογισμὸς
644 2305 891 2376 προῖὼν,
937 2308 1037 2360 οὐκ
1093 2305 1319 2377 ἀφίησιν
1371 2306 1534 2360 αὐτὸν
1590 2306 1825 2378 ήσθῆναί

209 2416 363 2453 ποτε
372 2439 387 2452 .

294 2571 365 2637 ζ’.
392 2567 549 2634 Εἶδες
586 2572 704 2633 πῶς
728 2569 827 2624 κᾶν
848 2570 907 2637 ἐξ
945 2570 1196 2633 εὐτελοῦς
1221 2572 1313 2625 καὶ
1347 2571 1564 2642 πτωχοῦ
1600 2571 1824 2643 βασιλέα

208 2664 493 2734 ποιήσῃς,
531 2660 633 2713 οὐκ
679 2661 923 2731 ἀναιρεῖς
974 2660 1072 2733 τὴν
1127 2661 1391 2731 ἀθυμίαν,
1423 2661 1684 2731 λογισμὸν
1733 2662 1824 2715 τὸν

209 2751 552 2815 πλεονεξίας
575 2749 788 2822 ἐρῶντα
812 2750 887 2821 μὴ
914 2750 1347 2822 διορθωσάμενος
1374 2751 1636 2823 πρότερον
1654 2773 1666 2816 ;
1686 2753 1822 2823 Φέρε

212 2862 312 2899 σοι
347 2844 450 2898 καὶ
468 2841 778 2895 τούναντίον
795 2840 976 2907 δείξω,
1008 2842 1091 2895 ὅτι
1125 2841 1228 2895 κᾶν
1261 2841 1472 2896 ἀνωθεν
1507 2842 1657 2895 κάτω
1690 2860 1822 2896 κατ-

210 2935 452 3005 αγάγῃς
499 2932 592 2985 τὸν
625 2930 841 2984 σύνεσιν
902 2931 1117 3002 ἔχοντα,
1150 2931 1250 2984 οὐκ
1280 2930 1541 3000 ἐμϐαλεῖς
1576 2934 1658 2995 είς
1690 2932 1822 2985 ἀθυ-

215 3029 365 3098 μίαν
397 3025 497 3079 καὶ
541 3024 739 3095 λύπην.
771 3023 900 3084 Καὶ,
937 3025 984 3076 εί
1020 3022 1221 3093 βούλει,
1251 3022 1348 3094 τὴν
1375 3024 1546 3095 αὐτὴν
1574 3024 1822 3095 κλίμακα

214 3118 680 3187 καταϐαίνωμεν.
712 3117 804 3169 καὶ
842 3116 933 3169 τὸν
960 3114 1206 3186 ὕπαρχον
1239 3116 1347 3168 ἀπὸ
1373 3116 1466 3169 τοῦ
1503 3116 1692 3189 θρόνου
1725 3134 1824 3171 κα-

212 3211 537 3273 ταϐιϐάσας
580 3209 657 3278 τῷ
705 3209 848 3279 λόγῳ
898 3208 1189 3279 ἀποστέρει
1238 3209 1336 3279 τῆς
1387 3209 1545 3275 ἀξίας
1583 3210 1819 3278 ἐκείνης.

214 3305 401 3358 Οὐδὲν
442 3302 552 3373 γὰρ
582 3297 736 3365 οὗτος
785 3299 1055 3363 ἐντεῦθεν,
1088 3299 1155 3353 ἂν
1188 3300 1346 3373 ἐθέλῃ
1392 3301 1563 3355 ταῦτα
1598 3303 1821 3368 ἐννοεῖν,

217 3396 376 3468 ἅπερ
409 3392 583 3460 εἷπον,
627 3394 875 3464 ἀλγήσει.
910 3393 1046 3447 Οὐδέ
1093 3392 1203 3464 γὰρ
1235 3392 1380 3464 ἅπερ
1408 3393 1708 3465 ἀφῄρηται,
1739 3394 1824 3447 λο-

221 3494 457 3559 γιεῖται,
486 3486 600 3541 ἀλλ’
633 3487 778 3555 ἆπερ
808 3484 921 3557 ἔχει
950 3487 1108 3552 τέως,
1136 3485 1237 3556 τὴν
1270 3484 1428 3551 δόξαν
1464 3486 1559 3557 τὴν
1589 3486 1698 3539 ἀπὸ
1727 3488 1823 3557 τῆς

225 3583 435 3654 ἀρχῆς.
470 3582 569 3633 "Av
618 3580 673 3632 δὲ
730 3579 823 3632 καὶ
869 3580 1072 3648 ταύτην
1122 3578 1348 3649 ἀφέλῃς,
1401 3578 1664 3646 λογιεῖται
1697 3580 1823 3643 τοὺς

230 3676 477 3741 ἰδιώτας,
521 3674 616 3727 καὶ
666 3674 922 3727 οὐδέποτε
972 3670 1231 3742 τοιαύτης
1281 3670 1580 3734 ἐπιϐάντας
1624 3671 1822 3742 ἀρχῆς,

229 3770 328 3821 καὶ
363 3766 592 3838 ἀρκέσει
625 3767 705 3829 εἰς
741 3762 1097 3836 παραμυθίαν
1128 3763 1156 3815 ὁ
1190 3760 1420 3825 πλοῦτος
1460 3763 1629 3833 αὐτῷ’
1672 3763 1740 3816 ἂν
1766 3762 1823 3817 δὲ

231 3861 330 3915 καὶ
359 3859 550 3914 τούτου
584 3858 749 3911 πάλιν
778 3857 1046 3929 ἐκϐάλῃς,
1098 3855 1365 3924 σκοπήσει
1407 3854 1533 3916 τοὺς
1567 3856 1634 3906 τὰ
1684 3855 1819 3923 σύμ-

238 3969 417 4024 μετρα
444 3949 686 4021 ἔχοντας’
719 3949 785 4004 ἂν
830 3949 886 4002 δὲ
916 3950 1009 4003 καὶ
1052 3948 1121 4002 τά
1157 3948 1448 4019 σύμμετρα
1482 3947 1690 4021 ἀφέλῃς
1729 3951 1825 4002 καὶ

236 4040 337 4110 τῆς
366 4038 674 4107 ἀναγκαίας
731 4038 899 4108 μόνης
954 4037 1195 4109 μεταδῷς
1245 4039 1483 4109 τροφῆς.
1536 4038 1823 4108 δυνήσεται

240 4134 440 4185 ἐννοεῖν
455 4132 581 4193 τοὺς
606 4130 727 4183 οὐδὲ
753 4129 957 4201 ταύτης
979 4128 1130 4203 [561]
1155 4129 1503 4201 μετέχοντας,
1521 4129 1657 4183 ἀλλὰ
1679 4129 1823 4201 λιμῷ

242 4222 570 4285 παλαίοντας
599 4220 853 4293 διηνεκεῖ,
895 4224 988 4276 καὶ
1011 4223 1385 4292 δεσμωτήριον
1411 4219 1716 4286 οἰκοῦντας.
1758 4222 1822 4275 Εί

240 4316 294 4369 δέ
317 4313 414 4368 καὶ
441 4315 524 4375 είς
544 4311 602 4367 τὸ
624 4312 829 4382 οἴκημα
850 4312 1166 4380 είσαγάγοις
1190 4313 1386 4371 ἐκεῖνο,
1409 4312 1534 4374 τοὺς
1561 4312 1619 4365 ἐν
1645 4311 1820 4374 νόσοις

243 4406 480 4467 ἀνιάτοις
525 4403 717 4467 ὄντας,
768 4404 894 4467 τοὺς
937 4404 995 4455 ὲν
1052 4402 1267 4466 ὀδύναις
1317 4402 1640 4473 ἀνηκέστοις
1677 4402 1803 4455 ἐνθυ

250 4499 534 4569 μούμενος,
576 4496 767 4565 ἅψεται
812 4496 1003 4551 ἐαυτὸν
1048 4497 1106 4549 ἐν
1137 4496 1319 4566 πολλῷ
1370 4495 1636 4566 βελτίοσιν
1672 4496 1823 4553 ὄντα.

247 4592 348 4646 Καὶ
382 4590 576 4662 ὥσπερ
624 4591 652 4644 ό
685 4588 974 4661 κοπρώνης
1000 4590 1206 4653 ἐκεῖνος
1232 4588 1353 4642 οὐδέ
1400 4588 1653 4660 βασιλεὺς
1682 4591 1828 4661 γενό-

1255 425 1318 478 IN
1360 423 1579 480 EPIST.
1623 423 1642 479 1
1696 422 1787 477 AD
1816 421 1974 479 COB.
2020 420 2256 476 HOMIL.
2295 412 2541 475 XXXIX.

3403 416 3510 470 '53!

1931 552 2089 607 μενος
2115 536 2376 606 εὐθυμίαν
2399 534 2773 607 καρπώσεται,
2790 534 2965 598 οὕτως
2992 525 3146 597 οὗτος
3166 528 3285 587 οὐδὲ
3307 530 3512 598 δεσμώ-

1927 642 2026 697 της
2060 626 2335 689 καταστὰς
2370 625 2599 696 ἀλγήσει
2630 626 2783 682 ποτέ.
2820 626 2933 679 Οὐκ
2971 626 3080 697 ἀρα
3120 623 3352 687 πλοῦτος
3386 622 3511 694 ήδο-

1928 718 2047 788 γῆς,
2078 718 2201 771 οὐτε
2239 719 2396 771 πενία
2441 718 2680 791 ἀθυμίας
2724 718 3001 783 ὑπόθεσις,
3040 717 3155 771 ἀλλ’
3187 718 3220 788 ἡ
3266 714 3512 786 ἡμετέρα

1927 807 2154 880 γνώμη,
2198 810 2383 863 καὶτὸ
2439 811 2505 864 τὰ
2551 811 2776 883 ὄμματα
2812 811 2915 879 τῆς
2961 809 3200 872 διανοίας
3232 807 3390 879 ήμῶν
3436 806 3511 876 μὴ

1927 896 2065 953 εἶναι
2122 901 2360 972 καθαρὰ,
2415 903 2550 970 μηδὲ
2596 902 2816 955 ἐστάναι
2865 918 2966 954 που
3001 901 3097 954 καὶ
3138 899 3341 970 μένειν,
3393 895 3511 950 ἀλλ’

1928 991 2211 1059 ἀπέραντα
2256 990 2543 1046 πέτασθαι.
2589 993 2697 1044 Καὶ
2738 991 2989 1064 καθάπερ
3032 990 3102 1044 τὰ
3152 989 3251 1059 μὲν
3296 985 3513 1053 ὑγιεινά

1926 1082 2035 1134 τῶν
2085 1082 2373 1151 σωμάτιον,
2406 1082 2507 1135 κᾶν
2553 1082 2705 1153 ἄρτῳ
2754 1082 3025 1153 τρέφηται
3063 1080 3230 1151 μόνῳ,
3284 1076 3514 1132 εὐπαθεῖ

1928 1172 2021 1227 καὶ
2045 1176 2272 1245 σφριγᾷο
2289 1175 2357 1228 τά
2384 1175 2440 1227 δὲ
2466 1175 2712 1239 ἐπίνοσα,
2738 1174 2842 1228 κᾶν
2872 1172 3127 1243 δαψιλοῦς
3144 1171 3238 1226 καὶ
3260 1168 3513 1238 ποικίλης

1926 1265 2177 1337 ἀπολαύῃ
2221 1266 2538 1339 τραπέζης,
2590 1269 2832 1339 τοσούτῳ
2886 1266 3087 1338 μᾶλλον
3140 1263 3511 1334 ἀσθενέστερα

1927 1359 2157 1426 γίνεται·
2191 1359 2334 1413 οὓτω
2360 1362 2454 1413 καὶ
2484 1360 2579 1413 ἐπὶ
2608 1362 2707 1430 τῆς
2737 1360 2920 1431 ψυχῆς
2948 1358 3272 1430 συμϐαίνειν
3294 1355 3507 1410 εἴωθεν·

1925 1452 1974 1503 οί
2026 1450 2123 1520 μὲν
2176 1453 2502 1523 μικρόψυχοι
2552 1453 2672 1507 οὐδὲ
2738 1453 2796 1506 ἐν
2844 1452 3132 1524 διαδήματι
3182 1450 3279 1505 καὶ
3328 1450 3512 1519 τιμαῖς

1926 1544 2399 1611 ἁφάτοιςδύναιντ’
2432 1546 2497 1599 ἂν
2527 1546 2807 1618 εὐθυμεῖν’
2841 1548 2889 1600 οί
2917 1545 2974 1599 δὲ
3022 1546 3302 1615 φιλόσοφοι
3331 1543 3426 1596 καὶΙ
3453 1544 3513 1595 ἐν

1925 1636 2144 1707 δεσμοῖς
2186 1640 2278 1692 καὶ
2324 1641 2382 1694 ἐν
2426 1639 2613 1693 ἁλύσει
2656 1641 2750 1694 καὶ
2790 1643 2849 1694 ἐν
2891 1640 3052 1710 πενίᾳ
3096 1638 3344 1708 καθαρᾶς
3376 1638 3514 1691 ἀπο-

1925 1726 2180 1784 λαύουσιν
2227 1730 2441 1803 ἡδονῆς.
2496 1732 2661 1786 Ταῦτ’
2704 1730 2797 1785 οὖν
2835 1731 3166 1794 ἐννοοῦντες,
3216 1730 3354 1800 πρὸς
3384 1729 3511 1790 τοὺς

1930 1822 2387 1895 καταδεεστέρους
2434 1826 2521 1878 ἀεὶ
2573 1826 2883 1896 βλέπωμεν.
2929 1826 3087 1878 Ἔστι
3132 1825 3230 1895 μὲν
3273 1822 3384 1892 γὰρ
3418 1823 3512 1875 καὶ¹

1928 1915 2090 1986 ἑτέρα
2131 1916 2475 1987 παραμυθία,
2519 1916 2656 1971 ἀλλά
2699 1917 2987 1986 φιλόσοφος
3023 1918 3115 1970 καὶ
3147 1914 3256 1968 τῶν
3300 1912 3529 1967 πολλῶν.

1927 2005 2329 2076 ὑπερϐαίνουσα
2358 2008 2457 2079 τὴν
2486 2007 2794 2079 παχύτητα.
2828 2008 2964 2060 Ποία
2996 2006 3135 2075 αῦτη
3161 2025 3173 2071 ς
3207 2007 3327 2058 Ὀτι
3361 2002 3513 2057 οὐδὲν

1928 2098 2177 2165 πλοῦτος,
2204 2102 2357 2154 οὐδὲν
2387 2102 2564 2165 πενία,
2595 2102 2750 2155 οὐδὲν
2783 2103 2998 2172 ἀτιμία,
3030 2101 3183 2155 οὐδὲν
3218 2099 3374 2170 τιμὴ,
3397 2097 3513 2151 ἀλλ’

1925 2193 1983 2245 ἐν
2022 2194 2197 2263 χρόνῳ
2226 2193 2418 2264 βραχεῖ
2443 2195 2535 2247 καὶ
2566 2195 2775 2265 ῥήμασι
2805 2194 3122 2264 διεστήκασι
3155 2192 3316 2263 μόνον
3344 2191 3513 2261 ἀλλή-

1925 2285 2049 2338 λων.
2076 2286 2229 2339 Meri
2258 2287 2314 2339 δὲ
2344 2286 2548 2356 ταύτης
2572 2288 2665 2341 καὶ
2688 2289 2849 2359 ἑτέρα
2877 2287 3084 2360 ταύτης
3117 2286 3340 2358 μείζων,
3362 2286 3424 2339 τὸ
3444 2285 3515 2340 τὰ

1929 2364 2190 2447 μέλλοντα
2220 2380 2424 2431 ἐννοεῖν
2448 2381 2537 2432 καὶ
2562 2379 2706 2433 κακά
2726 2380 2821 2434 καὶ
2849 2378 3051 2447 ἀγαθά,
3071 2378 3152 2431 ητά
3176 2377 3345 2441 δντως
3368 2378 3533 2432 κακὰ-

1926 2471 2022 2523 καὶ
2060 2470 2229 2533 ὄντως
2262 2470 2476 2541 ἀγαθὰ,
2512 2471 2608 2523 καὶ
2648 2473 2744 2525 ἀπ’
2774 2471 3002 2524 ἐκείνων
3051 2468 3508 2541 παρακαλεῖσθαι.

1938 2562 2078 2614 Ἀλλ’
2113 2562 2301 2633 ἐπειδὴ
2337 2562 2521 2615 πολλοὶ
2558 2563 2784 2629 τούτων,
2816 2564 2953 2634 ὅπερ
2997 2562 3153 2633 ἔφην,
3188 2562 3377 2633 πόρρω
3402 2564 3510 2615 τῶν

1923 2656 2098 2725 λόγων
2153 2648 2443 2726 ἑστήκασι,
2491 2656 2580 2708 διὰ
2607 2655 2764 2710 τοῦτο
2804 2655 3035 2719 ἐκείνοις
3082 2654 3511 2725 ἠναγκάσθημεν

1922 2750 2195 2821 διατρῖψαι
2228 2753 2341 2815 τοῖς
2379 2750 2578 2820 λόγοις,
2612 2751 2702 2807 ἴνα
2733 2750 2837 2823 ὁδῷ
2871 2751 2967 2803 καὶ
2996 2751 3089 2803 ἐπί¹
3121 2750 3345 2814 τούτους
3373 2750 3511 2817 ἀγά-

1923 2858 2108 2913 γωμεν
2135 2845 2261 2906 τοὺς
2281 2842 2752 2915 καταδεξαμένους
2775 2844 2979 2896 ἐκεῖνα.
2996 2839 3160 2895 Ταῦτ’
3181 2837 3272 2896 οῦν
3295 2842 3511 2896 ἅπαντα

1922 2933 2290 3005 λογισάμενοι,
2315 2934 2579 2988 πάντοθεν
2597 2936 2827 2997 ἑαυτοὺς
2850 2934 3228 3008 ρυθμίσωμεν,
3252 2936 3344 2988 καὶ
3365 2934 3515 2988 οὐδέ-

1924 3046 2054 3082 ποτε
2083 3028 2177 3081 ἐπὶ
2199 3029 2307 3082 τῶν
2335 3029 2614 3101 ἀδοκήτων
2635 3029 2845 3083 τούτων
2867 3028 3199 3100 ἁλγήσομεν.
3224 3028 3358 3082 Οὐδὲ
3378 3028 3509 3097 γὰρ.

1924 3122 1973 3173 εί
2012 3123 2071 3173 ἐν
2104 3121 2274 3175 εἰκόνι
2308 3120 2597 3184 πλουσίους
2628 3120 2856 3191 ἴδοιμεν,
2886 3118 3162 3192 ζηλωτοὺς
3184 3116 3322 3174 εἶναι
3350 3121 3513 3190 φαίη-

1929 3229 2026 3283 μεν
2049 3212 2133 3272 ἂν,
2154 3212 2341 3282 ὥσπερ
2360 3213 2482 3267 οὐδέ
2502 3213 2630 3275 τοὺς
2654 3214 2907 3285 πτωχοὺς
2929 3215 3047 3266 ἐκεῖ
3067 3212 3510 3283 γεγραμμένους,

1922 3303 2142 3368 ἀθλίους
2178 3304 2274 3357 καὶ
2324 3303 2611 3368 ἐλεεινούς⁸
2650 3305 2921 3372 καίτοιγε
2975 3304 3174 3356 ἐκεῖνοι
3223 3303 3333 3356 τῶν
3379 3302 3511 3373 παρ’

1923 3396 2057 3467 ἡμῖν
2103 3396 2477 3449 πλουτούντων
2530 3397 2915 3468 μονιμώτεροι·
2955 3394 3156 3466 μᾶλλον
3203 3395 3311 3467 γὰρ
3355 3397 3414 3448 έν
3443 3397 3527 3465 τῇ,

1924 3490 2111 3558 γραφῇ
2149 3486 2297 3557 μένει
2320 3486 2597 3549 πλούσιος,
2633 3486 2665 3557 ἢ
2696 3489 2753 3540 ἐν
2779 3486 2917 3556 αὐτῇ
2939 3486 3047 3540 τῶν
3074 3486 3417 3558 πραγμάτων
3443 3488 3515 3557 τῇ

1926 3582 2106 3650 φύσει.
2124 3581 2183 3633 Ὀ
2218 3580 2319 3650 μὲν
2356 3581 2465 3652 γὰρ
2491 3581 2585 3633 καὶ
2605 3580 2684 3643 είς
2712 3578 2809 3650 ἐτη
2834 3579 3095 3642 πολλάκις
3118 3578 3312 3633 ἑκατὸν
3342 3579 3512 3650 ήρκε-

1926 3692 2019 3728 σεν
2046 3674 2191 3728 οὓτω
2226 3674 2574 3744 φαινόμενος,
2625 3667 2779 3738 οὗτος
2818 3674 2876 3726 δὲ
2924 3672 3074 3727 ἔστιν
3120 3673 3208 3727 ὅτε
3259 3673 3383 3726 οὐδὲ
3432 3674 3512 3737 είς

1925 3767 2172 3821 ἐνιαυτὸν
2241 3767 2584 3839 ἐντρυφήσας
2660 3768 2773 3829 τοῖς
2824 3761 2980 3829 οὖσι,
3046 3767 3262 3821 πάντων
3312 3766 3510 3837 ἀθρόον

1924 3857 2240 3929 ἐγυμνώθη.
2277 3858 2442 3911 Ταῦτ’
2471 3854 2565 3912 οὖν
2596 3858 2811 3912 ἅπαντα
2842 3858 3203 3928 λογιζόμενοι,
3235 3860 3508 3930 πανταχό-

1926 3951 2018 4004 θεν
2053 3950 2475 4020 ἐπιτειχίσωμεν
2505 3950 2768 4020 εὐθυμίαν
2798 3951 2939 4004 κατὰ
2967 3956 3067 4021 τῆς
3097 3951 3381 4018 ἀλογίστου
3412 3948 3509 4007 λύ-

1926 4058 2056 4113 πης,
2075 4040 2161 4092 ἵνα
2184 4040 2278 4093 καὶ
2303 4039 2391 4092 τὸν
2424 4039 2667 4111 παρόντα
2701 4040 2815 4109 βίον
2849 4040 2967 4108 μεθ’
2988 4040 3183 4111 ἡδονῆς
3209 4041 3509 4114 διάξωμενι

1925 4131 2157 4186 καὶτῶν
2190 4131 2491 4201 μελλόντων
2520 4131 2870 4203 ἐπιτύχωμεν
2907 4132 3153 4199 ἀγαθῶν,
3189 4133 3371 4202 χάριτι
3412 4136 3531 4198 καὶ

1926 4221 2304 4294 φιλανθρωπία
2329 4220 2424 4274 τοῦ
2456 4222 2662 4292 Κυρίου
2689 4225 2845 4293 ήμῶν
2887 4222 3060 4291 Ἰησοῦ
3095 4224 3356 4295 Χριστοῦ,
3385 4225 3505 4295 μεθ’

1924 4307 1986 4371 οῦ
2016 4312 2095 4384 τῷ
2126 4314 2302 4385 Πατρί
2334 4314 2450 4384 ἅμα
2495 4312 2575 4382 τῷ
2604 4313 2746 4383 ἀγίῳ
2783 4312 3061 4384 Πνεύματι
3089 4314 3236 4381 δόξα,
3277 4315 3503 4386 κράτος,

1923 4403 2079 4477 τιμὴ,
2115 4403 2212 4458 νῦν
2246 4404 2338 4456 καὶ
2368 4404 2476 4459 ἀεὶ.
2511 4403 2604 4458 καὶ
2630 4405 2709 4466 είς
2739 4405 2863 4468 τοὺς
2889 4404 3093 4468 αίῶνας
3122 4404 3247 4463 τῶν,
3266 4405 3496 4464 αίὼνων.

1938 4495 2136 4569 Ἀμήν.

1594 5133 1749 5208 [διε]
1773 5135 2017 5191 omnm
2055 5133 2179 5188 Λθο.

255 5318 382 5374 Εἴτε
420 5311 534 5371 οὖν
580 5313 884 5386 ἐγτὼκεῖτε
918 5312 1155 5386 ἐκεῖνοι,
1202 5313 1358 5386 οὕτω
1412 5314 1824 5382 κηρύσσομεν,

654 5383 754 5438 καί
782 5384 970 5449 οὕτως
990 5384 1416 5437 ἐπιστεύσατε.

316 5507 387 5554 α’.
420 5498 664 5570 Ἐπάρας
693 5499 820 5562 τοὺς
847 5496 1177 5560 ἀποστόλους
1202 5498 1296 5550 καὶ
1321 5496 1568 5552 καθελὼν
1606 5495 1825 5558 ἑαυτὸν,

255 5588 365 5646 εἶτα
404 5591 563 5646 πάλιν
590 5590 731 5662 ὑπὲρ
760 5589 1005 5650 ἐκείνους
1033 5588 1267 5659 ἐπάρας,
1293 5589 1383 5642 ῖνα
1414 5588 1640 5657 ἰσότητα
1662 5587 1824 5660 ἐργά-

256 5700 410 5754 σηται
441 5682 559 5753 (καὶ
592 5681 703 5752 γὰρ
745 5680 970 5750 ἰσότητα
1007 5679 1257 5750 ἐποίησε,
1292 5680 1473 5747 δείξας
1510 5678 1704 5733 ἐαυτὸν
1731 5679 1826 5732 καὶ

257 5773 677 5829 πλεονεκτοῦντα
702 5772 797 5827 καὶ
824 5769 1362 5842 πλεονεκτούμενον),
1380 5769 1667 5841 καὶταύτῃ
1689 5767 1828 5833 ἀξιό-

255 5884 442 5921 πιστον
496 5865 687 5921 ἑαυτὸν
740 5863 1180 5929 κατασκευάσας,
1234 5862 1355 5917 οὐδὲ
1398 5861 1577 5927 οὓτως
1626 5860 1831 5925 αὐτοὺς

1932 5310 2178 5380 ἀφίησιν,
2228 5308 2365 5363 ἀλλὰ
2392 5307 2552 5362 πάλιν
2579 5306 2772 5363 ἑαυτὸν
2800 5307 3033 5371 ἐκείνοις
3069 5306 3373 5371 συντάττει,
3412 5306 3511 5377 τήν

1934 5402 2072 5456 κατά
2100 5401 2334 5473 Χριστὸν
2366 5400 2775 5470 ἐνδεικνύμενος
2796 5399 3070 5471 ὁμόνοιαν.
3107 5398 3182 5452 Οὐ
3210 5397 3316 5471 μὴν
3339 5397 3519 5459 οὕτως,

1932 5493 2065 5548 αὐτὸ
2094 5496 2258 5555 ποιεῖ,
2290 5492 2368 5556 ὡς
2396 5491 2545 5557 δόξαι
2592 5490 2993 5563 προπρρῖφθαι
3034 5491 3237 5555 αὐτοῖς,
3273 5489 3389 5544 ἀλλ’
3433 5488 3510 5550 ὡς

1932 5586 2027 5640 καὶ
2053 5585 2215 5639 αὐτδν
2245 5586 2305 5637 ἐν
2332 5587 2399 5655 τῇ
2426 5586 2564 5657 αὐτῇ
2594 5582 2880 5653 φαίνεσθαι
2913 5582 3085 5648 τάξειο
3126 5580 3270 5635 οὕτω
3301 5578 3410 5650 γὰρ
3430 5577 3510 5649 τῷ

1932 5676 2250 5748 κηρύγματι
2284 5676 2567 5747 συμφέρον
2597 5671 2687 5748 ἦν.
2722 5676 2816 5729 Διδ
2852 5676 2947 5729 καὶ
2978 5673 3266 5745 ἀμφότερα
3305 5669 3508 5740 ὁμοίιος

1934 5767 2260 5832 ἐσπούδακε,
2289 5767 2383 5821 καὶ
2405 5768 2467 5820 τὸ
2502 5767 2578 5837 μὴ
2604 5766 2781 5821 δοκεῖν
2799 5764 2979 5826 αὐτῶν
2999 5763 3296 5835 ὐπερορᾷν,
3328 5759 3423 5814 καὶ
3446 5758 3517 5811 τὸ

1937 5858 2014 5929 μὴ
2048 5857 2135 5913 διὰ
2171 5858 2267 5929 τήν
2298 5860 2378 5921 είς
2406 5856 2648 5921 ἐκείνους
2688 5857 2855 5929 τιμὴν
2883 5851 3314 5921 ἐξευτελίζεσθαι
3356 5847 3520 5920 παρά
