3998 6420
562 382 669 439 553

1235 381 1292 436 S.
1334 381 1624 438 JOANNIS
1662 380 2157 440 CHRYSOSTOMI
2197 384 2521 448 ARCHIEP.
2563 392 3115 458 CONSTANTINOP.
3684 415 3771 470 354

555 497 667 554 τῶν
690 497 1029 569 ἀρχομένων.
1069 496 1168 551 Διά
1210 497 1369 550 τοῦτο
1402 501 1495 553 ml
1544 500 1640 554 νῦν
1690 500 1931 567 ἐξισάζει
1972 505 2134 560 πάλιν
2243 504 2401 578 λῆσαι
2440 509 2576 580 πρὸς
2622 516 2748 579 τοὺς
2784 516 3115 590 διαφθείρειν
3156 522 3353 587 αὑτοὺς
3384 524 3767 594 ἐσπουδακότας.

555 588 753 658 λέγων·
782 590 920 643 Ειτε
941 589 1054 642 οὖν
1076 586 1210 656 ἐγὼ,
1234 588 1291 641 εἷ
1296 606 1356 642 τε
1384 590 1624 659 ἐκεῖνοι,
1652 592 1808 647 οὕτω
1827 597 2133 664 κηρύσσο-

2242 599 2350 652 Καὶ
2376 600 2483 672 γὰρ
2519 609 2904 678 καταφορικῶς
2930 614 3372 683 παρεσκεύασται
3403 618 3691 689 χρήσασθαι
3713 623 3773 692 τῷ

549 697 686 750 μεν.
719 683 855 751 Παρ’
889 673 970 746 οῦ,
1009 680 1164 749 φησὶ,
1197 680 1451 748 βούλεσθε
1483 684 1696 753 μαθεῖν,
1732 686 1956 757 μάθετεο
1980 667 2166 744 οὐδὲν1
2239 667 2402 762 λόγῳ.
2443 667 2573 749 illm
2605 667 2691 752 ἵνα
2827 667 3082 770 λέγωσῖν,
3107 707 3186 760 ὅτι
3211 667 3370 760 τοῦτο
3400 667 3679 780 σαφὲς
3698 667 3772 766 ml

552 772 881 843 διαφέρομεν
914 784 962 825 ι.
996 772 1108 825 Καὶ
1137 773 1240 826 οὑκ
1271 768 1449 842 εἶπεν,
1485 776 1566 830 ὅτι
1591 778 1655 831 El
1683 779 1757 850 μὴ
1793 779 1975 835 Θέλετε
2008 783 2132 851 ἐμοὶ

551 860 861 933 πεισθῆναι,
893 862 1123 927 ἐκείνοις
1156 862 1441 934 πείσθητε,
1478 865 1617 920 ἀλλά
1644 868 1741 922 καὶ
1771 870 1961 923 ἐαυτὸν
1994 870 2132 935 ἀξιό-

550 967 739 1005 πιστον
792 954 953 1017 ποιεῖ,
1007 952 1102 1005 καὶ
1155 952 1281 1007 καθ’
1332 954 1523 1009 ἐαυτὸν
1571 957 1763 1028 ἀρκεῖν
1813 977 1984 1031 φησι,
2035 961 2129 1014 ml

547 1041 789 1107 ἐκείνους
820 1042 944 1096 καθ’
974 1043 1220 1107 ἐαυτούς.
1258 1045 1424 1099 Ούδέν
1452 1046 1563 1118 γὰρ
1600 1049 1634 1120 η
1678 1048 1787 1102 τῶν
1818 1051 2126 1123 προσώπων

548 1135 720 1189 ἐποίει
753 1135 1009 1207 διαφορὰ,
1049 1135 1157 1190 τῶν
1182 1135 1510 1207 ἀξιωμάτων
1542 1138 1673 1195 ἰσων
1704 1140 1892 1195 ὄντων.
1928 1143 2038 1197 Καὶ
2065 1146 2124 1198 ἐν

542 1229 609 1299 τῇ
639 1227 773 1299 πρὸς
803 1228 1047 1292 Γαλάτας
1073 1228 1131 1282 δέ
1168 1228 1326 1283 τοῦτο
1358 1232 1521 1296 ποιεῖ,
1564 1232 2001 1305 προσλαμϐάνων
2028 1236 2124 1289 αὑ-

540 1321 690 1386 τοὺς,
732 1320 831 1391 οὐχ
868 1318 943 1385 ὡς
976 1320 1247 1391 δεόμενος,
1296 1321 1411 1376 ἀλλ’
1444 1322 1636 1392 ἀρκεῖν
1681 1324 1779 1395 μέν
1822 1324 1995 1394 λέγων
2029 1327 2122 1381 ml

541 1411 731 1464 ἑαυτόν
758 1427 772 1441 ο
815 1411 978 1481 Ἐμοί
1030 1412 1177 1481 γὰρ,
1213 1416 1401 1483 φησὶν,
1454 1418 1507 1467 vl
1558 1414 1884 1482 δοκοῦντες
1941 1417 2122 1472 οὐδὲν

538 1502 1005 1573 προσανέθεντοο
1045 1503 1186 1575 πλὴν
1224 1504 1359 1560 ἀλλά
1403 1507 1498 1559 καὶ
1535 1505 1679 1560 οῦτω
1723 1508 1904 1563 διώκω
1936 1509 2118 1562 αὐτῶν

535 1595 636 1668 τὴν
669 1595 943 1666 ὁμόνοιαν*
981 1596 1190 1661 Δεξιὰς
1235 1597 1346 1668 γὰρ
1400 1598 1633 1653 ἔδωκάν
1675 1618 1796 1669 μοι,
1833 1601 2018 1674 φησίν.
2056 1604 2117 1656 El

536 1687 647 1759 γὰρ
679 1685 903 1756 ἔμελλεν
954 1687 1040 1740 ἀεὶ
1092 1686 1151 1740 τὸ
1181 1687 1492 1753 ἀξιόπιστον
1545 1690 1759 1744 Παύλου
1807 1694 1865 1745 ἐν
1909 1693 2118 1765 ἐτέροις

535 1775 675 1833 εἶναι
727 1779 820 1832 ml
869 1782 936 1850 τῇ
989 1781 1118 1850 παρ’
1146 1780 1349 1851 ἐτέρων
1402 1783 1676 1855 μαρτυρίᾳ
1728 1783 2113 1856 βεϐαιοῦσθαι,

537 1869 706 1941 μυρία
742 1867 809 1922 ἂν
839 1868 1148 1939 ἐϐλάϐησαν
1179 1868 1429 1923 ἐντεῦθεν
1456 1872 1505 1925 οἱ
1539 1874 1799 1944 μαθηταί.
1833 1876 1907 1929 Οὑ
1936 1879 2114 1932 τοίνυν

534 1958 726 2012 ἑαυτὸν
755 1957 998 2029 ἐπαίρων
1030 1958 1187 2011 τοῦτο
1218 1962 1395 2025 ποιεῖ,
1422 1960 1536 2014 ἀλλ’
1566 1962 1709 2035 ὑπὲρ
1738 1963 1834 2018 τοῦ
1863 1966 2112 2037 Εύαγγε-

532 2049 649 2103 λίου
670 2048 946 2112 δεδοικώς.
972 2050 1067 2118 Διὸ
1095 2050 1189 2103 ml
1218 2050 1454 2105 ἐνταῦθά
1483 2070 1667 2125 φησιν,
1696 2053 1961 2122 ἐξισάξων
1986 2061 2113 2113 ἐαυ-

529 2141 644 2196 τόνο
676 2141 815 2196 Ειτε
864 2136 979 2196 οὖν
1025 2140 1162 2212 ἐγὼ,
1195 2142 1317 2196 εττε
1345 2143 1585 2211 ἐκεῖνοι,
1628 2147 1783 2201 οὕτω
1812 2152 2114 2218 κηρύσσο-

524 2248 662 2301 μεν.
693 2232 892 2296 Καλῶς
929 2228 1083 2297 εἷπε,
1128 2234 1552 2306 Κηρύσσομεν,
1596 2237 1695 2308 τὴν
1729 2240 1931 2314 πολλὴν
1965 2245 2109 2316 παρ-

531 2322 727 2396 ρησίαν
761 2322 1190 2394 ἐνδεικνύμενος.
1226 2326 1301 2379 Οὐ
1333 2327 1442 2399 γὰρ
1472 2327 1646 2401 λάθρα
1679 2331 1801 2385 ούδέ
1838 2334 1897 2386 ἐν
1932 2350 2112 2406 παρα-

527 2411 729 2486 ϐύστῳ,
760 2412 897 2468 ἀλλά
916 2414 1215 2484 σάλπιγγος
1237 2418 1624 2490 λαμπροτέραν
1646 2421 1879 2494 ἀφίεμεν
1903 2428 2106 2497 φωνήν.

526 2506 637 2559 Καὶ
663 2507 763 2559 οὐκ
803 2501 978 2569 εἶπεν,
1021 2506 1422 2579 Ἐκηρύξαμεν,
1478 2511 1613 2566 ἀλλά
1662 2514 1758 2567 καὶ
1804 2515 1898 2569 νῦν
1948 2516 2111 2570 Οὕτω

524 2599 912 2668 κηρύττομεν.
965 2599 1075 2654 Καὶ
1134 2600 1324 2666 οὕτως
1369 2601 1787 2661 ἐπιστεύσατε.
1847 2608 2110 2663 Ἐνταῦθα

523 2689 625 2742 οὑκ
661 2684 804 2755 εἶπε,
835 2688 1151 2755 Πιστεύετε,
1187 2691 1323 2758 ἀλλ’,
1375 2692 1834 2752 Ἐπιστεύσατε.
1885 2698 2109 2772 Ἐπειδὴ

523 2776 860 2844 ἐσαλεύοντο,
889 2777 979 2831 διὰ
1006 2777 1168 2832 τοῦτο
1194 2780 1288 2833 ἐπὶ
1319 2781 1446 2844 τοὺς
1475 2783 1588 2838 ἄνω
1623 2786 1853 2857 χρόνους
1878 2789 2109 2863 ἀνέδρα-

526 2885 617 2940 με,
640 2869 734 2922 ml
767 2868 867 2938 τὴν
909 2871 1039 2940 παρ’
1082 2869 1264 2924 αὐτῶν
1292 2872 1517 2928 ἐκείνων
1561 2875 1752 2931 λοιπὸν
1801 2883 2107 2954 μαρτυρίαν

523 2959 901 3030 προστίθησιν.
930 2962 1018 3014 ΔΕί
1061 2960 1129 3013 δὲ
1161 2962 1416 3030 Χριστὸς
1461 2967 1864 3035 κηρύσσεται,
1913 2972 2003 3026 ὅτι
2037 2974 2106 3029 ἐκ

518 3049 751 3120 νεκρῶν
780 3050 1110 3121 ἐγήγερται,
1139 3052 1267 3118 πῶς
1299 3056 1595 3125 λέγουσιν
1638 3060 1710 3114 ἐν
1748 3063 1894 3132 ὑμῖν
1922 3082 2106 3133 τινες,

519 3136 611 3191 ὅτι
629 3136 967 3213 ἀνάστασις
986 3139 1214 3208 νεκρῶν
1233 3143 1345 3195 οὐκ
1366 3142 1573 3211 ἔστιν;
1597 3147 1761 3220 Ὁρᾷς
1776 3152 1895 3216 πῶς
1909 3155 2107 3226 ἄριστα

520 3229 917 3297 συλλογίξεται,
953 3230 1049 3283 καὶ
1081 3231 1432 3287 ἀποδείκνυσι
1464 3235 1564 3306 τὴν
1593 3238 1894 3296 ἀνάστασιν
1922 3246 1987 3298 ἐκ
2008 3245 2105 3299 τοῦ

518 3321 611 3376 τὸν
638 3320 874 3393 Χριστὸν
905 3321 1231 3394 ἐγηγέρθαι,
1257 3325 1526 3399 πρότερον
1555 3330 1734 3385 ἐκεῖνο
1765 3333 2098 3407 πολλαχόθεν

519 3414 978 3480 κατασκευάσας;
1023 3416 1132 3469 Καὶ
1166 3417 1276 3489 γὰρ
1304 3420 1352 3473 οἱ
1395 3418 1674 3491 προφῆται
1716 3420 1871 3479 εἷπον
1920 3427 2101 3495 τοῦτο,

520 3505 677 3589 φησὶ,
707 3505 801 3559 ml
828 3505 992 3570 αὑτὸς
1020 3505 1190 3572 ἔδειξε
1218 3509 1307 3563 διὰ
1345 3512 1444 3582 τῆς
1472 3512 1667 3583 ὅψεως,
1699 3517 1795 3570 ml
1823 3520 1986 3590 ἡμεῖς
2013 3541 2107 3594 κη-

522 3586 812 3667 ρύσσομεν,
864 3598 958 3651 ml
1000 3598 1159 3669 ὑμεῖς
1199 3602 1559 3657 ἐπιστεύσατε
1585 3647 1599 3671 ,
1660 3611 1975 3682 τετραπλῆν
2004 3615 2104 3685 τὴν

521 3688 830 3760 μαρτυρίαν
849 3688 996 3762 [565]
1027 3690 1264 3753 πλέκων,
1291 3694 1388 3766 τὴν
1418 3696 1507 3749 διὰ
1529 3698 1637 3750 τῶν
1666 3702 1982 3773 προφητῶν,
2005 3705 2104 3778 τὴν

516 3779 604 3833 διά
634 3780 736 3851 τῆς
757 3779 867 3834 τῶν
894 3783 1236 3853 πραγμάτων
1261 3786 1560 3852 ἐκϐάσεως,
1588 3790 1688 3862 τὴν
1710 3791 1798 3847 διά
1826 3794 1934 3850 τῶν
1962 3800 2100 3852 ἀπο-

518 3869 745 3936 στόλων,
778 3871 878 3942 τὴν
902 3872 992 3926 διὰ
1022 3872 1131 3928 τῶν
1158 3876 1437 3948 μαθητῶν·
1477 3879 1676 3950 μᾶλλον
1698 3883 1756 3937 δὲ
1782 3886 1878 3940 καὶ
1905 3905 2103 3942 πεντα-

518 3961 678 4033 πλῆν.
710 3963 820 4016 Καὶ
844 3964 953 4037 γὰρ
977 3967 1070 4019 καὶ
1095 3966 1235 4037 αὕτη
1251 3970 1284 4038 ὴ
1310 3968 1459 4022 αἰτία
1479 3971 1719 4027 δείκνυσι
1740 3977 1841 4047 τὴν
1862 3978 2099 4034 ἀνάστα-

518 4068 625 4119 σιν,
681 4054 742 4107 τὸ
790 4055 932 4127 ύπέρ
979 4057 1276 4130 ἀλλοτρίων
1332 4061 1618 4135 ἁμαρτιῶν
1666 4067 1979 4128 ἀποθανεῖν.
2037 4075 2099 4127 Εἰ

516 4145 695 4200 τοίνυν
723 4146 882 4200 τοῦτο
913 4149 1315 4219 ἀποδέδεικται,
1341 4151 1563 4225 εὔδηλον
1594 4157 1676 4212 ὅτι
1707 4161 1803 4213 ml
1830 4162 1892 4216 τὸ
1912 4163 2099 4237 ἕτερον
2124 4152 2127 4153 ν

515 4234 730 4302 ἱπεται,
756 4238 818 4290 τὸ
844 4240 939 4292 ml
975 4244 1101 4305 τοὺς
1136 4242 1359 4309 λοιποὺς
1398 4246 1710 4319 ἐγείρεσθαι
1735 4254 1986 4326 νεκρούς.
2007 4234 2100 4312 Διὸ

516 4328 611 4381 ml
658 4329 733 4392 ὡς
784 4329 876 4383 ἐπὶ
923 4332 1357 4407 ὁμολογουμένου
1389 4339 1611 4407 ἐγκαλεῖ
1652 4345 1747 4397 καὶ
1792 4347 2096 4420 ὲπαπορεῖ,

513 4415 707 4489 λέγων’
752 4423 823 4475 Εἰ
866 4422 935 4476 δὲ
977 4426 1232 4493 Χριστὸς
1273 4427 1608 4499 ἐγήγερται,
1659 4433 1786 4502 πῶς
1843 4415 2100 4509 λέγουσί

511 4528 675 4579 τινες
704 4513 776 4566 ἐν
801 4515 968 4583 ὑμῖν,
998 4515 1086 4569 ὅτι
1130 4516 1472 4587 ἀνάστασις
1512 4524 1741 4592 νεκρῶν
1783 4529 1897 4581 οὐκ
1922 4529 2098 4596 ὅστις

515 4604 610 4658 καὶ
634 4604 808 4678 ταύτῃ
848 4606 1008 4660 πάλιν
1041 4608 1479 4681 ὑποτεμνόμενος
1509 4615 1609 4686 τὴν
1643 4616 1959 4692 θρασύτητα
1988 4626 2098 4679 τῶν

514 4695 925 4776 ἀντιλεγόντων.
959 4698 1033 4750 Οὑ
1061 4698 1169 4770 γάρ
1202 4695 1348 4766 εἶπε,
1378 4703 1504 4769 Πῶς
1528 4706 1715 4776 λέγετε
1738 4711 1914 4781 ὑμεῖς,
1938 4715 2094 4784 ἀλλά,

514 4783 648 4852 Πῶς
662 4785 917 4856 λέγουσί
936 4804 1093 4856 τινες
1123 4790 1193 4844 ἐν
1212 4793 1373 4862 ὑμῖν*
1404 4796 1497 4849 καὶ
1521 4797 1646 4852 οὔτε
1673 4802 1893 4858 πάντων
1925 4783 2098 4861 ποιεῖὲ

512 4895 605 4931 ται
633 4878 732 4951 τὴν
752 4882 1106 4952 κατηγορίαν,
1145 4883 1270 4939 οὔτε
1299 4888 1496 4954 αὑτοὺς
1526 4891 1767 4959 τούτους,
1796 4896 1891 4961 οὓς
1920 4901 2097 4954 αἰτιᾶ-

512 4986 627 5037 ται,
660 4970 855 5043 δήλους
880 4974 1223 5048 καθίστησιν,
1254 4979 1394 5034 ὥστε
1427 4983 1500 5055 μὴ
1548 4986 1771 5057 ποιῆσαι
1800 4988 2098 5062 ἀναισχυν-

513 5061 790 5135 τοτέρους,
815 5063 925 5117 οὐδ’
948 5060 1015 5119 αὖ
1044 5067 1205 5121 πάλιν
1228 5069 1646 5142 ἀποκρύπτεται
1677 5074 1930 5141 καθόλου,
1952 5077 2096 5133 ὥστε

516 5151 714 5216 αὐτοὺς
740 5153 1051 5225 διορθῶσαι.
1076 5159 1175 5212 Διά
1196 5160 1260 5233 δὴ
1279 5161 1438 5215 τοῦτο
1467 5165 1561 5217 καὶ
1579 5166 1881 5238 ἀποσχίσας
1898 5170 2097 5235 αὐτοὺς

514 5241 610 5295 τοῦ
654 5242 927 5314 πλήθους,
986 5249 1122 5320 πρὸς
1178 5251 1376 5316 αὐτοὺς
1431 5253 1747 5320 ἀποδύεται,
1804 5258 1976 5331 ταύτῃ
2035 5278 2096 5315 τε

515 5326 937 5406 ἀσθενεστέρους
970 5336 1140 5406 ποιῶν
1184 5328 1280 5393 καὶ
1332 5329 1762 5414 καταπλήττων,
1817 5348 1911 5401 καί
1964 5349 2094 5413 τοὺς

511 5419 706 5488 ἄλλους
731 5425 790 5478 ἐν
826 5428 939 5491 τοῖς
982 5420 1120 5511 πρὸς
1166 5429 1388 5496 τούτους
1424 5433 1600 5502 ἀγῶσι
1632 5437 1877 5508 κατέχων
1908 5439 2091 5511 ἀσφα-

510 5512 762 5587 λέστερον
804 5517 899 5570 ἐπὶ
939 5515 1040 5587 τῆς
1063 5509 1364 5592 ἀληθείας,
1401 5524 1495 5577 ml
1521 5527 1621 5579 οὑκ
1647 5516 1810 5596 ἀφεὶς
1861 5509 2095 5596 αὐτομο-

573 5690 600 5719 ³
620 5689 773 5758 Hal-3.
798 5689 971 5758 Savi].,
987 5693 1459 5758 διαφέρομαιηιιυεω
1481 5699 1749 5751 lectionem
1777 5705 1962 5757 mavult
1988 5706 2092 5756 An-

511 5749 891 5861 ἓεξῗέυέιιιεοε
911 5749 966 5804 id
986 5749 1145 5804 Notis’
1165 5749 1441 5809 Saviiiinis.
1487 5749 1623 5812 Ροιο
1644 5749 2091 5831 ﬁliaiam-HG;-

2236 782 2395 852 δῆλον
2427 784 2618 854 ἅπασι,
2665 788 2727 842 τὸ
2765 791 2856 844 τὸν
2886 794 3122 863 Χριστὸν
3151 798 3468 870 ἐγηγέρθαι,
3508 801 3599 854 καὶ
3627 803 3776 866 οὐδεὶς

2236 873 2588 942 ἀμφιϐάλλει·
2620 879 2680 933 ού
2719 882 2828 954 μὴν
2858 883 3015 938 τοῦτο
3048 887 3140 941 ml
3169 888 3230 941 τὸ
3259 889 3442 961 ἕτερον
3474 892 3773 960 συναναγκά-

2236 963 2339 1028 ζει,
2371 964 2470 1037 τὴν
2500 967 2608 1021 τῶν
2639 968 2949 1041 ἀνθρώπων
2993 976 3310 1032 ἀνάστασιν·
3350 980 3410 1032 τὸ
3447 982 3543 1050 μὲν
3573 982 3672 1053 γὰρ
3697 983 3774 1036 καὶ

2235 1061 2662 1133 προανεφωνήθη
2700 1064 2794 1118 ml
2839 1065 3001 1137 ἐξέϐη
3054 1070 3148 1122 ml
3186 1071 3533 1143 ἐμαρτυρήθη
3580 1072 3661 1125 διὰ
3693 1074 3774 1143 τῆς

2232 1144 2426 1216 ὅψεως,
2462 1149 2524 1203 τὸ
2570 1152 2668 1223 τῆς
2701 1153 2796 1207 τοῦ
2847 1157 3086 1229 Χριστοῦ
3119 1162 3467 1225 ἀναστάσεως
3491 1177 3503 1191 ⁸
3544 1164 3602 1216 τὸ
3629 1164 3680 1217 δέ
3709 1164 3775 1218 ἔτι

2232 1240 2290 1292 ἐν
2318 1239 2531 1295 ἐλπίσιν
2553 1244 2689 1313 ἐστὶ,
2715 1246 2777 1299 τὸ
2792 1248 3082 1321 ήμέτεροψ
3114 1253 3215 1323 ὅρα
3235 1253 3288 1306 τί
3309 1257 3468 1308 ποιεῖ·
3492 1256 3553 1307 ἐκ
3573 1256 3775 1326 θατέρου

2233 1326 2436 1398 μέρους
2464 1332 2624 1386 πάλιν
2648 1335 2779 1388 αὐτὸ
2803 1342 3228 1406 κατασκευάζει,
3260 1343 3398 1415 ὅπερ
3422 1343 3617 1416 πολλῆς
3640 1345 3773 1401 δυνάο

2231 1435 2378 1488 μεως
2409 1417 2496 1493 ἧν.
2528 1424 2592 1476 Τί
2618 1426 2728 1497 γὰρ
2766 1426 3007 1497 λέγουσι,
3056 1434 3207 1503 φησὶ,
3243 1434 3408 1501 τινὲς,
3441 1437 3523 1491 ὅτι
3550 1437 3645 1489 οὐκ
3674 1436 3773 1490 ἐστι

2227 1512 2438 1584 νεκρῶν
2473 1517 2771 1585 ἀνάστασις
2796 1538 2809 1587 ;
2841 1523 3037 1577 οὐκοῦν
3068 1526 3173 1601 ml
3195 1527 3372 1580 ἐκεῖνο
3402 1527 3558 1582 πάλιν
3585 1529 3645 1582 ἐκ
3669 1527 3773 1580 τού-

2225 1623 2318 1659 του
2346 1608 2638 1681 ἀνῄρηται,
2689 1615 2749 1668 τδ
2782 1616 2874 1693 τὸν
2925 1619 3160 1689 Χριστὸν
3206 1619 3529 1690 ἐγηγέρθαι.
3575 1620 3660 1673 Διὸ
3692 1620 3772 1674 καὶ

2224 1699 2422 1769 ἐπάγει
2453 1702 2646 1771 λέγων·
2671 1708 2739 1760 El
2759 1708 2828 1762 δὲ
2857 1710 3194 1776 ἀνάστασις
3223 1711 3456 1781 νεκρῶν
3477 1714 3585 1767 οὐκ
3605 1713 3772 1773 ἐστιν.

2223 1792 2368 1846 οὐδὲ
2396 1796 2650 1864 Χριστὸς
2678 1798 3006 1870 ἐγήγερται.
3058 1800 3211 1866 Εἶδες
3252 1804 3350 1874 τὴν
3387 1803 3528 1873 βίαν,
3572 1807 3662 1859 ml
3692 1807 3775 1877 τὴν

2224 1880 2559 1950 φιλονεικίαν
2610 1886 2822 1941 Παύλου
2874 1889 2972 1960 τὴν
3005 1892 3239 1963 ἄμαχον.
3294 1892 3414 1956 πῶς
3456 1894 3554 1948 οὐκ
3593 1896 3652 1949 ἐκ
3693 1896 3775 1949 τοῦ

2220 1972 2383 2043 δήλου
2418 1975 2580 2046 μόνου
2619 1979 2682 2030 τὸ
2722 1980 3215 2052 ἀμφιϐαλλόμενον,
3272 1984 3412 2038 ἀλλὰ
3465 1987 3557 2039 ml
3602 1988 3661 2040 ἐκ
3695 1986 3776 2040 τοῦ

2221 2068 2705 2139 ἀμφιϐαλλομένου
2732 2075 2846 2138 τοῖς
2879 2075 3224 2143 ἀντιλέγουσι
3251 2076 3395 2141 τέως
3421 2078 3594 2132 ἐκεῖνο
3617 2078 3674 2131 τὸ
3699 2078 3776 2149 δῆ-

2219 2159 2310 2213 λον
2340 2163 2597 2232 πειρᾶται
2636 2164 3053 2232 ἀποδεικνύναι;
3089 2169 3190 2221 οὐκ
3238 2169 3428 2240 ἐπειδὴ
3478 2170 3640 2223 ἐδεῖτο
3666 2171 3776 2222 ἀπο-

2218 2250 2437 2317 δείξεως
2489 2255 2551 2307 τὸ
2599 2256 2699 2328 ἤδη
2740 2258 3137 2330 γεγενημένον,
3177 2259 3293 2313 ἀλλ’
3330 2261 3420 2316 ἶνα
3464 2259 3607 2333 δείξῃ
3638 2258 3777 2313 τοῦτο

2218 2339 2421 2411 ὁμοίως
2453 2342 2648 2415 ἐκείνῳ
2678 2345 2871 2399 πιστὸν
2902 2346 2984 2400 δν.

2293 2479 2356 2550 β’.
2378 2482 2488 2535 Καὶ
2511 2483 2639 2537 ποία
2667 2483 2806 2555 αῦτη
2836 2487 3145 2553 ἀκολουθία,
3170 2489 3304 2560 φησί
3324 2507 3339 2557 ;
3361 2491 3435 2545 Τὸ
3460 2490 3553 2562 μὲν
3576 2489 3673 2559 γὰρ
3695 2486 3774 2540 τοῦ

2217 2564 2457 2635 Χριστοῦ
2509 2565 2584 2637 μὴ
2640 2568 2981 2638 ἐγερθέντος,
3036 2572 3174 2641 μηδέ
3219 2572 3417 2637 ἄλλους
3468 2569 3773 2642 ἐγείρεσθαι,

2217 2648 2527 2703 ἀκόλουθον’
2561 2650 2624 2704 τὸ
2660 2651 2717 2705 δὲ
2748 2655 2797 2706 εί
2822 2653 2968 2708 ἄλλοι
3008 2657 3084 2726 μὴ
3119 2657 3419 2727 ἐγερθεῖεν,
3453 2656 3586 2729 μηδέ
3608 2655 3775 2708 τοῦτον

2217 2732 2535 2803 ἐγηγέρθαι,
2569 2733 2688 2798 πῶς
2711 2735 2778 2789 ἂν
2807 2736 2920 2808 ἔχοι
2946 2737 3103 2805 λόγον
3134 2741 3292 2806 τινά;
3337 2740 3495 2794 Ἐπεὶ
3524 2735 3615 2794 οὖν
3636 2737 3776 2790 τοῦτο

2216 2818 2276 2870 οὑ
2314 2817 2520 2889 σφόδρα
2570 2818 2744 2873 ἐδόκει
2775 2820 2934 2889 λόγον
2985 2821 3151 2893 ἔχειν,
3203 2824 3307 2895 ὅρα
3360 2824 3478 2888 πῶς
3510 2822 3774 2893 ἐργάζεται

2215 2900 2348 2953 αὐτὸ
2371 2901 2639 2971 σφοδρῶς,
2659 2903 2867 2957 ἀνωθεν
2894 2904 2963 2958 τά
2984 2907 3280 2978 σπέρματα
3308 2906 3773 2979 προκαταϐάλλων,

2216 2981 2368 3062 [ῦϐάῖ
2398 2985 2494 3038 ἀπ’
2536 2985 2710 3056 αὐτῆς
2760 2986 2852 3040 τοῦ
2906 2987 3265 3059 κηρύγματος
3313 2991 3417 3062 τῆς
3467 2990 3773 3051 ὑποθέσεως.

2212 3060 2325 3118 οἷον
2356 3067 2439 3119 ὅτι
2470 3066 2611 3139 ὑπὲρ
2643 3068 2752 3122 τῶν
2794 3070 3082 3141 ἁμαρτιῶν
3125 3072 3282 3142 ἡμῶν
3338 3060 3623 3128 ἀποθανὼν
3664 3071 3778 3138 ἐγή-

2214 3164 2430 3218 γερται,
2465 3151 2561 3205 καὶ
2601 3151 2683 3205 ὅτι
2719 3152 2944 3225 ἀπαρχὴ
2996 3154 3105 3208 τῶν
3156 3158 3580 3229 κεκοιμημένων
3625 3154 3773 3208 ἐστίν.

2227 3231 2292 3284 Ἠ
2317 3232 2426 3305 γάρ
2451 3233 2676 3305 ἀπαρχὴ
2728 3234 2875 3300 τίνος
2919 3236 2985 3290 ἂν
3021 3239 3104 3309 εἴη
3161 3239 3412 3311 ἀπαρχὴ,
3470 3241 3519 3292 εί
3571 3239 3641 3310 μὴ
3682 3236 3777 3291 τῶν

2215 3315 2616 3386 ἐγειρομένων;
2654 3316 2773 3380 πῶς
2809 3318 2854 3371 δ’
2888 3318 2954 3372 ἂν
2986 3320 3071 3391 εἴη
3099 3321 3344 3394 ἀπαρχὴ,
3376 3323 3475 3377 οὑκ
3514 3317 3778 3390 ἐγειρομέ-

2215 3416 2321 3453 νων
2353 3399 2581 3455 ἐκείνων
2609 3394 2683 3457 ὧν
2729 3403 2877 3457 ἐστιν
2917 3405 3176 3478 ἀπαρχή;
3215 3407 3336 3470 πῶς
3380 3404 3474 3461 οὗν
3507 3408 3606 3460 οὑκ
3648 3401 3777 3472 ἐγεί-

2216 3498 2437 3554 ρονται;
2469 3486 2519 3537 εί
2547 3483 2604 3537 δὲ
2649 3485 2750 3538 οὑκ
2795 3486 3122 3558 ἐγείρονται,
3153 3489 3243 3542 διὰ
3271 3491 3324 3543 τί
3369 3491 3578 3560 ἠγέρθη
3612 3490 3640 3541 ό
3665 3488 3778 3558 Χρι-

2216 3564 2372 3632 οτόςς
2402 3566 2489 3620 διὰ
2531 3567 2585 3620 τί
2625 3562 2793 3639 ἦλθες
2823 3570 2911 3624 διὰ
2959 3571 3012 3623 τί
3067 3572 3247 3642 σάρκα
3303 3573 3588 3633 ἀνέλαϐεν,
3619 3571 3664 3624 εί
3713 3567 3777 3638 μὴ

2212 3648 2438 3719 ἔμελλεν
2461 3651 2790 3721 ἀναστήσειν
2817 3652 3026 3724 σάρκας
3051 3655 3110 3706 οὑ
3138 3656 3245 3724 γάρ
3267 3656 3445 3710 ἐδεῖτο
3464 3655 3639 3718 αὐτὸς,
3661 3650 3778 3705 ἀλλὰ

2211 3732 2278 3786 δι’
2308 3733 2479 3805 ἡμᾶς.
2521 3733 2682 3788 Ἀλλά
2712 3734 2885 3789 ταῦτα
2919 3737 3017 3804 μὲν
3058 3736 3284 3809 ὕστερον
3332 3740 3520 3812 τίθησι
3570 3735 3774 3808 προῖὼν,

2210 3816 2349 3880 τέως
2399 3815 2458 3870 δέ
2505 3834 2690 3889 φησιν’
2717 3822 2788 3873 El
2839 3821 3041 3890 νεκροὶ
3098 3825 3210 3876 οὐκ
3260 3823 3614 3892 ἐγείρονται,
3653 3817 3778 3873 οὐδὲ

2210 3899 2466 3968 Χριστὸς
2497 3901 2827 3973 ἐγήγερται·
2859 3904 2933 3965 ὡς
2966 3902 3175 3957 ἐκείνου
3204 3905 3387 3977 τούτῳ
3429 3902 3799 3975 συνημμένουν

2210 3985 2259 4036 εί
2293 3983 2402 4055 γάρ
2438 3984 2514 4056 μὴ
2545 3984 2769 4056 ἔμελλεν
2798 3988 3140 4054 ἀνίστασθαι,
3165 3989 3275 4043 οὐδ’
3308 3993 3376 4046 ἂν
3403 3993 3582 4046 ἐκεῖνο
3607 3987 3774 4056 ἐποίη-

2212 4083 2324 4122 σεν.
2351 4063 2505 4132 Εἶδες
2531 4069 2674 4123 κατά
2710 4071 2906 4143 μικρὸν
2927 4073 3056 4143 ὃλην
3087 4073 3186 4144 τὴν
3224 4076 3542 4146 οἰκονομίαν
3569 4074 3775 4141 ἀνατρεο

2210 4150 2454 4222 πομένην
2482 4153 2547 4207 ἐκ
2575 4153 2683 4206 τῶν
2716 4154 2941 4208 ἐκείνων
2975 4157 3238 4227 ῥημάτων
3270 4158 3366 4211 καὶ
3412 4160 3511 4228 τῆς
3542 4156 3664 4225 περὶ
3686 4151 3772 4221 τὴν

2208 4235 2507 4290 ἀνάστασιν
2561 4238 2855 4305 ἀπιστίας;
2904 4240 3066 4294 Ἀλλά
3117 4241 3256 4305 τέως
3305 4242 3466 4296 οὐδὲν
3513 4241 3636 4310 περὶ
3685 4240 3773 4306 τῆς

2123 4343 2139 4359 ο
2212 4315 2541 4387 σαρκώσεως
2587 4319 2760 4388 λέγει,
2806 4321 2941 4376 ἀλλά
2993 4324 3122 4393 περὶ
3171 4325 3271 4394 τῆς
3306 4324 3674 4385 ἀναστάσεως.
3704 4317 3770 4372 Ού

2207 4400 2398 4472 γὰρτὸ
2431 4403 2802 4475 σαρκωθῆναι,
2841 4403 2980 4457 ἀλλά
3011 4406 3071 4459 τὸ
3099 4407 3399 4462 ἀποθανεῖν
3434 4408 3527 4461 τὸν
3562 4405 3771 4458 θάνατον

2208 4483 2420 4537 ἐλυσεν⁸
2455 4487 2577 4539 ἐπε)⁸
2621 4487 2799 4558 σάρκα
2843 4487 3080 4558 ἔχοντος,
3113 4489 3196 4543 ἔτι
3226 4491 3453 4561 ἐκράτει
3479 4494 3511 4559 ἡ
3540 4484 3770 4560 τυραννὶς

2207 4567 2240 4637 ἡ
2281 4566 2511 4621 ἐκείνου.
2547 4571 2618 4623 Εἰ
2663 4569 2733 4624 δὲ
2779 4572 3035 4639 Χριστὸς
3078 4575 3191 4627 οὐκ
3232 4574 3571 4644 ἐγήγερται.
3610 4566 3771 4625 κεν-ἐν

2206 4648 2322 4718 ἄρα
2376 4650 2446 4705 τὸ
2504 4652 2782 4723 κήρυγμα
2814 4653 3001 4724 ἡμῶν.
3062 4657 3253 4710 Καίτοι
3292 4676 3358 4726 γε
3393 4653 3677 4710 ἀκόλουθον
3710 4645 3768 4718 ἦν

2207 4735 2400 4787 εἰπεῖν·
2438 4734 2502 4788 Et
2532 4734 2589 4788 δὲ
2614 4737 2851 4808 Χριστὸς
2892 4738 2992 4792 ούκ
3034 4739 3354 4812 ἐγήγερται.
3390 4743 3504 4804 τοῖς
3536 4733 3768 4807 φανεροῖς

2209 4816 2449 4887 μάχεσθε
2484 4821 2580 4871 καὶ
2625 4823 2933 4892 προφήταις
2984 4824 3261 4886 τοσούτοις
3305 4825 3403 4878 καὶ
3451 4819 3770 4894 πραγμάτων

2206 4900 2455 4973 ἀληθείᾳ·
2490 4902 2626 4956 ἀλλά
2654 4905 2715 4958 τὸ
2744 4904 2926 4976 πολλῷ
2959 4906 3337 4979 φοϐερώτερον
3370 4908 3554 4969 αὑτοῖς
3583 4902 3765 4972 τίθησι·

2208 4983 2400 5037 ιίενύν
2442 4983 2558 5053 ἄρα
2594 4985 2660 5040 τὸ
2698 4988 2972 5058 κήρυγμα
3027 4989 3215 5059 ἡμῶν,
3280 4990 3432 5057 κενὴ
3480 4985 3549 5042 δέ
3596 4986 3687 5040 καὶ
3734 4983 3767 5047 ἡ

2205 5065 2413 5132 πίστις
2443 5066 2632 5137 ὑμῶν.
2674 5072 3012 5125 Κατασεῑσαι
3045 5074 3153 5146 γὰρ
3199 5074 3379 5128 αὐτῶν
3418 5074 3516 5143 τὴν
3548 5069 3768 5124 διάνοιαν

2207 5147 2478 5218 βούλεται.
2505 5152 2578 5206 Τὸ
2600 5154 2710 5207 πᾶν
2743 5154 3134 5227 ἀπωλέσαμεν,
3168 5158 3351 5226 φησὶν,
3393 5157 3610 5210 ἅπαντα
3640 5151 3764 5221 οἶχε·

2205 5250 2315 5300 ται,
2347 5234 2397 5287 εἰ
2442 5235 2517 5305 μὴ
2571 5236 2798 5308 ἠγέρθη.
2835 5233 2987 5302 Εἶδες
3039 5241 3160 5294 ὅσον
3210 5241 3311 5310 τῆς
3363 5238 3671 5310 οἰκονομίας
3716 5230 3767 5283 τδ

2208 5324 2538 5395 μυστήριον;
2571 5326 2633 5379 Εἰ
2657 5326 2766 5398 γὰρ
2784 5328 3072 5382 ἀποθανὼν
3094 5332 3193 5385 οὑκ
3220 5333 3443 5400 ἴσχυσεν
3467 5327 3764 5396 ἀναστῆναιν

2203 5404 2329 5459 οὔτε
2366 5410 2398 5476 ἡ
2428 5409 2672 5479 ἁμαρτία
2706 5411 2942 5479 λέλυται,
2978 5414 3101 5468 οὔτε
3130 5418 3158 5469 ὁ
3187 5416 3420 5478 θάνατος
3454 5412 3762 5484 καθῄρηται,

2203 5489 2325 5544 οὔτε
2382 5494 2414 5563 ἠ
2470 5495 2686 5565 κατάρα
2740 5495 3031 5568 ἀνῄρηται,
3068 5500 3163 5553 ml
3203 5500 3301 5570 οὑχ
3329 5500 3497 5569 ἡμεῖς
3526 5496 3582 5549 δέ
3621 5492 3763 5566 μόνον

2203 5574 2339 5628 κενά
2371 5576 2742 5650 ἐκηρύξαμεν,
2773 5580 2910 5634 ἀλλά
2940 5582 3034 5635 ml
3065 5583 3223 5668 ὑμεῖς
3243 5581 3381 5668 κεν-ἀ
3400 5578 3761 5668 ἐπιστεύσατε.

2205 5658 2314 5713 Καὶ
2341 5659 2402 5711 ού
2425 5659 2601 5732 ταύτῃ
2627 5662 2787 5732 μόνον
2806 5663 3048 5718 δείκνυσι
3069 5667 3167 5735 τὴν
3188 5665 3422 5720 ἀτοπίαν
3443 5663 3646 5718 τούτων
3662 5658 3764 5712 τῶν

2202 5742 2456 5815 πονηρῶν
2480 5743 2788 5813 δογμάτων,
2836 5746 2974 5801 ἀλλὰ
3008 5751 3101 5803 καὶ
3138 5748 3562 5838 ἐπαγωνίζεται-
3580 5743 3761 5838 λέγωγ⁸

2204 5830 2618 5898 Εὐρισκόμεθα
2662 5832 2731 5887 δὲ
2785 5835 2882 5888 καί
2931 5837 3421 5906 ψευδομάρτυρες
3460 5833 3567 5890 τοῦ
3599 5830 3758 5896 Θεοῦ»
