3998 6426
181 598 393 658 quoque
422 581 481 636 in
510 578 700 635 eodem
724 583 973 633 cernatur
1002 570 1190 627 ordine
1222 587 1237 624 :
1270 568 1348 622 sic
1372 567 1517 622 enim
1544 564 1770 639 condu-

186 657 337 733 cibile
367 683 487 730 erat
521 669 906 743 przedicationi.
946 663 1307 736 Quamobrem
1339 659 1499 713 ambo
1527 657 1777 713 similiter

191 770 235 824 ei
278 766 456 821 studio
485 765 702 819 fuerunt
726 803 741 826 ,
786 770 841 815 ut
871 774 970 814 nec
999 758 1113 827 ipse
1157 753 1432 808 videretur
1472 764 1565 805 eos
1592 748 1775 816 despi-

190 875 312 916 cere
335 900 349 921 ,
383 866 439 912 et
469 872 537 912 ne
562 862 780 927 propter
808 851 1067 906 honorem
1100 847 1228 916 ipsis
1258 845 1514 899 collatum
1547 841 1776 909 vilipen-

188 955 405 1008 duretur
424 948 496 1004 ah
515 949 600 1012 iis,
633 946 899 1017 quierant
924 942 1022 1012 ipsi
1044 937 1293 1008 subjecti.
1319 937 1609 1005 Propterea
1636 947 1777 986 nunc

186 1060 403 1117 quoque
433 1058 493 1097 se
520 1048 803 1110 exarquat,
852 1051 1040 1093 rursus
1083 1034 1273 1089 dicens
1304 1048 1317 1084 :
1351 1030 1469 1085 Sive
1495 1045 1587 1100 ego
1611 1068 1628 1093 ,
1677 1027 1779 1080 sive

186 1141 305 1201 illi,
340 1137 414 1191 sic
443 1135 797 1207 prazdicumus.
838 1131 884 1185 A
917 1144 1024 1200 quo
1049 1170 1063 1193 ,
1097 1125 1309 1196 inquit,
1342 1122 1503 1177 vultis
1530 1120 1774 1185 discere,
1812 1190 1817 1201 .

181 1230 420 1295 discite;
452 1227 583 1283 nihil
609 1224 929 1281 differimus.
963 1222 1031 1276 Et
1057 1235 1161 1274 non
1189 1217 1365 1282 dixit,
1395 1214 1451 1270 Si
1483 1229 1590 1268 non
1617 1212 1777 1267 vultis

186 1324 319 1379 mihi
348 1321 570 1378 credere
589 1361 604 1386 ,
637 1319 742 1373 illis
767 1317 1009 1381 credite;
1040 1312 1135 1369 sed
1161 1322 1217 1367 et
1243 1311 1479 1380 scipsum
1512 1307 1643 1363 facit
1673 1305 1778 1361 fide

180 1418 439 1487 dignum,
466 1422 520 1469 et
547 1428 642 1482 per
666 1426 725 1467 se
750 1410 879 1466 dicit
907 1408 1180 1469 sufﬁcere,
1211 1412 1265 1460 ct
1284 1405 1406 1459 illos
1432 1417 1527 1471 per
1555 1416 1614 1456 se
1643 1402 1775 1454 satis

178 1524 331 1565 esse.
382 1506 526 1562 Nihil
569 1505 712 1559 enim
758 1502 985 1557 faciebat
1030 1512 1381 1569 personarum
1431 1492 1773 1558 differentia,

178 1615 305 1656 cum
337 1614 434 1669 par
462 1606 605 1653 esset
636 1593 946 1650 auctoritas.
991 1591 1159 1646 Porro
1192 1591 1292 1643 hoc
1321 1603 1534 1659 quoque
1566 1587 1691 1640 facit
1724 1585 1775 1639 in

179 1690 431 1761 Epistula
473 1690 538 1743 ad
569 1686 783 1745 Galatas
807 1728 821 1750 ,
852 1700 949 1741 eos
998 1699 1279 1738 assumens
1306 1724 1321 1747 ,
1364 1698 1469 1735 non
1505 1689 1772 1749 tamquam

176 1786 261 1839 eis
291 1783 540 1850 indigens
564 1822 579 1844 ,
632 1780 728 1833 sed
767 1793 826 1832 se
855 1792 1067 1847 quoque
1096 1775 1281 1829 dicens
1312 1773 1558 1827 sufficere
1590 1789 1604 1826 :
1641 1770 1775 1823 Mihi

174 1876 314 1928 enim
342 1875 431 1944 qui
454 1871 770 1937 videbantur,
800 1870 967 1939 inquit
994 1910 1009 1934 ,
1043 1883 1148 1922 esse
1176 1865 1391 1937 aliquid,
1433 1865 1562 1918 nihil
1591 1872 1773 1917 contu-

175 1968 348 2022 lerunt
377 1969 394 2033 (
423 1962 541 2019 Gal.
569 1963 622 2017 2.
654 1962 753 2034 6).
796 1961 1178 2017 Verumtamen
1222 1959 1301 2013 sic
1344 1971 1556 2027 quoque
1585 1970 1772 2010 eorum

174 2073 382 2128 sequor
406 2055 747 2111 Concordiam
773 2062 826 2108 et
852 2051 1261 2105 consensionem
1292 2065 1305 2104 :
1338 2048 1583 2104 Dexteras
1605 2047 1771 2111 enim,

174 2152 392 2221 inquit,
423 2150 545 2202 mihi
583 2149 827 2201 dederunt
861 2144 1041 2216 (Ibid.
1070 2159 1118 2197 υ.
1149 2143 1220 2199 29
1322 2142 1452 2197 Nam
1478 2142 1521 2197 si
1554 2156 1774 2197 necesse

173 2253 369 2308 esset,
401 2252 456 2296 ut
490 2242 636 2297 Pauli
683 2239 818 2295 fides
863 2249 918 2294 ct
964 2239 1256 2293 auctoritas
1301 2237 1357 2306 in
1402 2236 1521 2307 aliis
1549 2243 1775 2290 essetet

174 2338 394 2391 illorum
443 2333 749 2390 testimonio
793 2332 1088 2393 niteretur,
1140 2328 1331 2382 damna
1365 2326 1772 2381 innumerabilia

174 2429 304 2483 hinc
321 2427 658 2496 accepissent
679 2424 945 2493 discipuli.
975 2423 1089 2478 Non
1115 2423 1216 2477 hoc
1242 2437 1369 2491 ergo
1391 2420 1515 2476 facit
1535 2420 1771 2489 seipsqu

172 2521 446 2576 extollens
470 2559 486 2586 ,
521 2518 615 2573 sed
650 2518 842 2571 timens
871 2516 1169 2586 evangelio.
1214 2515 1502 2585 Propterea
1532 2513 1617 2567 hie
1644 2529 1773 2583 quo-

171 2629 282 2685 que
308 2613 478 2679 dicit,
506 2610 741 2681 seipsum
769 2624 1057 2679 exmquans
1088 2626 1102 2662 :
1135 2609 1257 2663 Sive
1280 2624 1392 2678 ego,
1426 2607 1531 2659 sive
1554 2605 1633 2660 illi
1660 2648 1675 2670 ,
1699 2608 1774 2659 sic

172 2704 539 2778 preedicamus.
581 2701 811 2757 Pulchre
862 2702 1037 2761 dixit,
1087 2699 1472 2763 Prwdicamus,
1524 2712 1771 2767 magnam

171 2795 473 2852 ostendens
495 2793 742 2849 fiduciam
770 2808 833 2848 ac
862 2790 1112 2863 loquendi
1139 2791 1464 2845 libertatem.
1490 2789 1605 2843 Non
1630 2789 1771 2843 enim

166 2893 313 2947 clam
344 2904 519 2959 neque
548 2888 601 2942 in
631 2888 879 2951 occulto,
930 2884 1022 2940 sed
1078 2884 1200 2938 tuba
1247 2883 1532 2936 clariorem
1586 2896 1772 2935 vocem

168 2983 493 3040 emittimus.
530 2980 714 3049 Neque
761 2979 933 3043 dixit,
982 2977 1439 3040 Prmdicavimus,
1496 2974 1590 3029 sed
1636 2988 1777 3028 nunc

168 3092 393 3148 quoque
424 3077 512 3131 Sic
554 3076 918 3145 prtedicamus.
958 3071 1025 3125 Et
1057 3073 1131 3125 sic
1176 3070 1480 3125 credidistis.
1526 3068 1623 3123 llic
1668 3083 1773 3121 non

166 3172 344 3237 dixit,
377 3168 645 3235 Creditis,
678 3166 803 3231 sed,
834 3165 1159 3221 Credidistis.
1200 3163 1463 3230 Quoniam
1499 3161 1771 3226 lababant,

169 3261 301 3316 ideo
325 3259 392 3314 ad
421 3259 698 3327 superiora
732 3257 958 3311 recurrit
993 3267 1234 3324 tempora
1262 3295 1276 3317 ,
1306 3265 1361 3309 et
1387 3253 1454 3307 de
1483 3263 1680 3308 caetero
1707 3249 1776 3305 ab

170 3354 239 3407 iis
291 3352 422 3419 ipsis
467 3349 613 3403 addit
662 3348 1046 3403 testimonium.
1091 3346 1182 3401 l2.
1225 3345 1286 3400 Si
1335 3354 1503 3398 autem
1544 3344 1777 3398 Christus

167 3446 489 3518 prwdicatur
511 3443 650 3513 quod
674 3442 950 3497 resurrexit
971 3458 1003 3494 a
1024 3440 1259 3501 mortuis.
1287 3438 1540 3509 quomodo
1565 3439 1775 3507 quidam

167 3544 352 3596 dicunt
380 3542 431 3593 in
456 3538 593 3603 voltis
632 3535 768 3608 quod
806 3536 1115 3590 resurrectio
1163 3544 1479 3588 mortuorum
1513 3549 1616 3608 non
1659 3531 1777 3585 est?

169 3637 370 3694 Viden'
400 3634 670 3707 quomodo
717 3633 920 3704 Optime
966 3631 1318 3686 ratiocinator
1357 3638 1412 3684 et
1439 3628 1777 3683 demonstrat

167 3730 630 3789 resurrectionem
657 3743 722 3783 ex
754 3742 820 3783 eo
850 3725 995 3797 quod
1051 3724 1300 3781 Christus
1348 3722 1420 3778 sit
1466 3721 1729 3777 excitatus
1756 3760 1773 3785 ,

166 3839 300 3881 cum
329 3838 397 3877 ex
426 3820 608 3875 multis
633 3818 760 3874 illud
793 3819 937 3888 prius
967 3813 1385 3872 confirmasset?
1411 3812 1542 3867 Nam
1568 3820 1624 3866 et
1651 3826 1776 3881 pro-

168 3917 385 3988 phetze,
427 3912 631 3983 inquit,
684 3912 788 3966 hoc
813 3909 1084 3974 dixerunt,
1140 3917 1196 3963 et
1239 3907 1353 3977 ipse
1400 3904 1640 3960 ostendit
1683 3918 1776 3973 per

166 4009 481 4071 visionem,
534 4012 593 4060 et
635 4017 735 4058 nos
766 4001 1121 4072 pratdicamus
1147 4041 1164 4066 ,
1212 4008 1267 4054 et
1302 4012 1401 4053 vos
1429 3994 1734 4052 credidistis
1757 4034 1774 4060 ,

162 4098 514 4172 quadruplex
533 4105 859 4151 connectens
880 4092 1246 4149 testimonium
1289 4107 1301 4141 :
1333 4088 1475 4161 quod
1505 4087 1778 4144 ferebatur

166 4211 275 4266 per
306 4189 596 4260 prophetas
617 4230 632 4257 ,
660 4187 802 4259 quod
833 4203 929 4257 per
959 4200 1137 4241 rerum
1167 4192 1418 4239 eventum
1441 4223 1454 4247 ,
1506 4180 1646 4251 quod
1683 4194 1779 4248 per

163 4286 483 4357 apostolos,
510 4282 649 4354 quod
672 4297 766 4353 per
781 4279 1069 4348 discipulos
1095 4295 1108 4341 ;
1129 4278 1210 4331 vel
1237 4277 1412 4346 potius
1438 4272 1772 4343 quintuplex.

165 4382 316 4434 Nam
368 4378 483 4447 ipsa
536 4390 751 4447 quoque
797 4388 956 4428 causa
1003 4370 1239 4425 ostendit
1286 4368 1731 4423 resurrectionem
1759 4406 1775 4432 ,

165 4488 377 4541 nempe
403 4468 544 4540 quod
566 4470 636 4525 sit
661 4476 903 4523 mortuus
925 4481 1021 4537 pro
1040 4464 1268 4519 aliorum
1294 4465 1545 4530 peccatis.
1569 4461 1624 4517 Si
1650 4476 1779 4532 ergo

168 4568 285 4621 hoc
335 4565 765 4619 demonstratum
814 4561 951 4626 fuit,
1018 4559 1192 4630 palam
1236 4568 1320 4613 est
1362 4556 1503 4629 quod
1550 4555 1778 4610 alterum

166 4672 399 4729 quoque
449 4664 735 4726 sequatur;
793 4662 1022 4709 cancros
1074 4652 1238 4707 etiam
1269 4661 1506 4705 mortuos
1532 4649 1776 4704 excitari.

173 4750 313 4805 Ideo
333 4759 605 4817 tamquam
624 4745 691 4801 de
713 4760 780 4800 eo
800 4743 942 4814 quod
970 4743 1023 4797 in
1047 4741 1296 4797 confesso
1307 4749 1390 4797 est
1413 4740 1779 4809 reprehendit,

169 4854 228 4899 el
260 4840 487 4895 dubittm
518 4847 694 4893 movet
720 4880 733 4903 ,
783 4837 969 4892 dicens
997 4852 1013 4888 :
1049 4834 1110 4889 Si
1140 4843 1306 4887 autent
1335 4832 1567 4889 Christus
1605 4849 1781 4888 resur—

174 4935 340 4998 rexit,
369 4933 625 5003 quomodo
651 4930 859 4999 quidam
883 4929 1060 4982 dicunt
1088 4929 1141 4981 in
1166 4928 1304 4983 vobis
1332 4929 1467 4998 quod
1489 4927 1784 4982 resurrectio

178 5038 510 5084 mortuorum
553 5042 653 5079 non
702 5025 815 5079 est?
854 5024 955 5078 hac
994 5037 1207 5093 quoque
1250 5022 1458 5076 ratione
1502 5030 1786 5090 amputans

182 5122 535 5192 asperitatem
563 5132 749 5171 eorum
778 5116 866 5187 qui
891 5114 1283 5170 contradicunt.
1314 5113 1427 5168 Non
1457 5112 1602 5167 enim
1629 5113 1784 5177 dixit,

184 5213 475 5286 Quamodo
499 5213 674 5268 dicitis
697 5226 793 5265 vos
818 5226 832 5274 ;
860 5209 974 5277 sed,
1003 5209 1267 5277 Quomodo
1287 5209 1461 5263 dicunt
1481 5207 1684 5278 quidam
1708 5206 1761 5260 in

189 5306 332 5363 vobis
351 5322 373 5361 :
401 5313 455 5359 et
480 5317 652 5372 neque
676 5316 865 5355 omnes
891 5307 1110 5355 accusat
1126 5342 1139 5361 ,
1171 5314 1343 5369 neque
1366 5314 1459 5353 eos
1487 5299 1632 5367 ipsos
1652 5311 1789 5367 quos

194 5404 451 5461 accusat,
488 5394 663 5449 reddit
684 5393 1024 5456 manifestos,
1059 5406 1125 5444 ne
1155 5406 1249 5445 eos
1276 5390 1475 5445 efficiat
1504 5389 1783 5458 impuden-

199 5491 366 5545 tiores
390 5504 407 5552 ;
436 5502 613 5557 neque
639 5499 830 5540 rursus
854 5483 993 5539 celat
1022 5482 1252 5554 penitus,
1284 5493 1342 5537 ut
1365 5483 1510 5553 ipsos
1535 5482 1791 5550 corrigat.

200 5583 492 5654 Propterea
537 5595 658 5634 cum
691 5586 745 5633 et
780 5592 877 5632 cos
903 5585 1205 5646 separasset
1229 5591 1259 5630 a
1298 5574 1640 5629 multitudine
1664 5615 1678 5639 ,
1724 5573 1792 5628 ad

202 5671 611 5743 disceptandum
642 5685 762 5725 cum
791 5670 870 5724 eis
896 5668 1217 5738 accingitur,
1251 5666 1351 5722 hac
1377 5666 1587 5721 ratione
1615 5675 1671 5721 et
1697 5680 1793 5720 eos

204 5767 437 5823 reddens
467 5763 843 5843 imbecilliores
868 5770 924 5816 et
948 5760 1379 5831 obstupefaciens
1404 5800 1420 5826 ,
1467 5769 1523 5816 et
1563 5760 1697 5814 alios
1742 5760 1794 5814 in

206 5856 566 5927 suscipiendis
610 5854 870 5910 adversus
915 5868 1010 5908 eos
1060 5853 1443 5908 certaminibus
1487 5852 1692 5907 firmius
1732 5867 1796 5907 ac

206 5948 455 6006 itahilins
490 5947 771 6003 continens
813 5946 865 6001 in
918 5944 1181 6015 veritate,
1224 5960 1324 6000 nec
1362 5945 1543 6000 sinetis
1590 5953 1646 5999 ut
1688 5945 1785 6014 ipsi

1176 451 1240 508 IN
1283 449 1495 508 EPIST.
1538 448 1557 501 ι
1621 447 1713 501 AD
1750 443 1905 500 (ΞΟΠ.
1947 445 2178 502 HOMIL.
2221 448 2467 504 XXXIX.

3369 449 3471 504 536

1887 561 2237 633 transfugiant
2278 563 2346 620 ad
2375 581 2470 621 eos
2493 566 2582 636 qui
2614 566 2847 621 studium
2891 572 3188 635 posuerunt
3236 574 3291 618 ttt
3323 564 3471 632 ipsos

1882 666 2307 727 corrumperent.
2340 658 2565 714 Paratus
2591 659 2733 714 enim
2756 667 2860 725 est,
2889 667 2946 713 ut
2970 658 3022 713 in
3042 672 3137 713 eos
3165 656 3471 711 vehementi

1884 749 2084 820 impetu
2113 753 2373 806 orationis
2401 751 2624 808 feratur.
2670 751 2872 807 Deinde
2900 766 2968 806 ne
2998 751 3180 805 dicant
3212 749 3315 804 hoc
3342 749 3470 814 qui-

1883 842 2003 897 dem
2055 858 2178 900 esse
2221 845 2443 901 evidens
2488 854 2545 900 et
2589 845 2839 900 omnibus
2894 844 3272 907 manifestum,
3328 841 3471 911 quod

1883 937 2125 992 Christus
2141 940 2513 1004 resurrexerit,
2532 948 2584 994 et
2601 938 2867 996 neminem
2882 936 3147 1001 dubitare,
3168 950 3272 989 non
3293 945 3469 989 tamen

1884 1027 1989 1083 hoc
2017 1030 2324 1086 necessario
2353 1046 2565 1101 quoque
2595 1031 2821 1085 alterum
2856 1028 3071 1084 eftieere
3096 1070 3112 1093 ,
3148 1042 3340 1095 nempe
3368 1026 3464 1079 ho-

1883 1121 2089 1177 minum
2136 1123 2622 1177 resurrectionem:
2650 1137 2770 1175 nam
2820 1120 2961 1191 quod
2990 1120 3056 1172 ad
3108 1118 3306 1173 Christi
3345 1118 3468 1187 qui-

1882 1212 2005 1269 dem
2058 1214 2283 1270 attineat
2339 1214 2822 1280 resnrrectionem,
2882 1228 2946 1268 ea
3004 1221 3060 1266 et
3117 1211 3214 1265 fuit
3271 1210 3468 1282 praedi-

1882 1315 1967 1362 cta
1993 1349 2008 1371 ,
2055 1316 2109 1362 et
2161 1309 2359 1370 evenit,
2393 1316 2448 1363 et
2478 1322 2572 1378 per
2598 1307 2965 1363 testimonimn
2996 1306 3216 1361 visionis
3247 1313 3329 1360 est
3357 1321 3471 1374 pro-
3558 1298 3561 1301 ’

1882 1399 2000 1455 bata
2035 1416 2052 1466 ;
2099 1409 2279 1454 nostra
2308 1411 2485 1455 autem
2520 1398 2848 1455 resurrectio
2891 1398 3065 1452 adhuc
3110 1398 3160 1450 iu
3211 1412 3305 1464 spe
3354 1408 3467 1460 cSt;

1881 1495 2004 1551 Vide
2042 1498 2169 1569 quid
2220 1496 2345 1552 facit
2375 1515 2388 1552 :
2417 1513 2482 1553 ex
2513 1497 2677 1553 altera
2712 1506 2863 1566 parte
2908 1508 3097 1549 rursus
3137 1493 3186 1546 id
3233 1491 3425 1562 prohat
3451 1534 3467 1557 ,

1880 1589 2025 1660 quod
2071 1605 2290 1660 magnas
2335 1589 2567 1644 habebat
2620 1589 2782 1644 vires.
2824 1587 2961 1653 Quid
3016 1586 3158 1639 enim
3186 1626 3200 1649 ,
3258 1584 3469 1654 inquit,

1882 1682 2064 1735 dicunt
2091 1681 2330 1750 quidam.
2357 1680 2499 1751 quod
2518 1698 2623 1734 non
2646 1690 2728 1735 est
2760 1690 3091 1734 mortuorum
3123 1676 3469 1731 resurrectio?

1881 1792 2007 1847 ergo
2030 1776 2156 1830 illttd
2179 1792 2389 1846 quoque
2416 1792 2482 1831 ex
2505 1775 2606 1829 hoc
2627 1783 2711 1829 est
2737 1773 3028 1834 sublatum,
3057 1771 3197 1841 quod
3225 1769 3470 1831 Christus

1881 1846 2256 1922 reSurrexerit.
2311 1868 2376 1921 Et
2427 1867 2549 1921 ideo
2592 1866 2904 1937 subiungit,
2958 1863 3144 1917 dicens
3193 1879 3207 1914 :
3248 1846 3346 1916 '15.
3408 1860 3470 1915 Si

1878 1969 2048 2011 autem
2078 1959 2377 2014 resurrectio
2418 1969 2731 2012 mortuorum
2770 1973 2871 2010 non
2897 1964 3011 2022 est,
3040 1969 3198 2024 neque
3238 1951 3469 2007 Christus

1878 2053 2176 2106 resurrexit.
2206 2051 2450 2107 Vidistin‘
2473 2050 2622 2107 Pauli
2655 2049 2965 2105 violentiam
2993 2056 3047 2103 et
3066 2044 3467 2101 contentionem

1881 2148 2385 2218 inexpugnabilem,
2404 2145 2672 2217 quomodo
2695 2159 2802 2199 non
2830 2158 2897 2199 ex
2925 2156 2991 2197 co
3020 2140 3196 2195 solum
3218 2137 3362 2209 quod
3390 2148 3472 2192 est

1879 2241 2243 2308 manifestum,
2278 2240 2326 2295 id
2352 2240 2421 2295 de
2447 2255 2554 2310 quo
2580 2238 2875 2302 dubitatur,
2908 2235 3002 2292 sed
3031 2235 3190 2290 etiam
3218 2248 3283 2288 ex
3313 2247 3380 2287 eo
3403 2230 3472 2284 de

1857 2349 1985 2405 quo
2023 2332 2297 2387 dubitatur
2325 2348 2353 2386 a
2384 2330 2897 2395 contradicentibus,
2944 2328 3054 2397 jam
3100 2334 3325 2383 conetur
3368 2323 3469 2377 de-

1877 2433 2179 2480 monstrare
2210 2424 2339 2479 illud
2367 2422 2511 2494 quod
2538 2431 2621 2478 est
2652 2418 3040 2476 manifestum?
3084 2433 3190 2472 non
3235 2415 3359 2485 quia
3411 2413 3465 2468 id

1877 2515 2022 2587 quod
2046 2516 2158 2585 jam
2191 2501 2387 2570 factum
2417 2524 2534 2568 erat
2561 2528 2698 2583 opus
2728 2511 2951 2565 haberet
2976 2505 3461 2567 demonstratione,

1878 2607 1974 2663 sed
2001 2616 2059 2661 ut
2092 2606 2404 2662 ostenderet
2428 2604 2532 2660 hoc
2548 2620 2667 2660 esse
2685 2618 2835 2673 a‘qne
2856 2612 3014 2672 atque
3036 2599 3163 2654 illud
3187 2597 3467 2653 credibile.

1947 2700 2004 2754 2.
2045 2700 2112 2755 Et
2149 2714 2394 2770 quamam
2441 2708 2523 2752 est
2546 2739 2561 2764 ,
2596 2695 2841 2764 inquies,
2886 2694 3001 2748 haec
3040 2689 3424 2760 consequentia
3447 2689 3473 2741 ?

1879 2809 2001 2849 nam
2026 2792 2167 2864 quod
2195 2792 2241 2846 si
2267 2791 2515 2848 Christus
2541 2789 2756 2860 quidem
2798 2803 2906 2842 non
2946 2782 3344 2847 resurrexerit,
3397 2795 3466 2834 ne

1878 2886 1966 2940 alii
1996 2884 2215 2955 quidem
2242 2890 2570 2954 resurgant,
2599 2890 2681 2935 est
2700 2893 3077 2948 consequens;
3112 2873 3254 2945 quod
3284 2884 3465 2927 autem

1878 2979 1922 3033 si
1950 2978 2036 3031 alii
2062 2992 2166 3031 non
2186 2974 2599 3039 resurrexcrint,
2626 2987 2691 3027 ne
2708 2972 2823 3041 ipse
2850 2968 3064 3040 quidem
3090 2965 3469 3030 resurrexerit,

1878 3071 2147 3141 quomodo
2178 3071 2281 3125 hoc
2305 3070 2464 3124 ullam
2488 3068 2681 3123 habeat
2709 3064 3017 3120 rationem?
3046 3060 3311 3130 Quoniam
3342 3075 3473 3128 ergo

1881 3163 1984 3218 hoc
2030 3162 2311 3218 videbatur
2347 3178 2453 3215 non
2503 3174 2626 3215 esse
2668 3157 2959 3212 admodum
3005 3154 3201 3211 rationi
3239 3167 3469 3207 consen-

1882 3265 2135 3320 taneum,
2188 3254 2309 3309 vide
2354 3250 2624 3324 quomodo
2676 3258 3102 3305 consentaneum
3157 3245 3260 3300 hoc
3312 3242 3471 3298 valde

1880 3348 2075 3411 faciat,
2108 3348 2176 3404 ab
2204 3347 2312 3402 alto
2339 3346 2489 3417 prius
2511 3345 2720 3415 jaciens
2747 3342 2954 3398 semina
2977 3382 2992 3406 ,
3035 3355 3104 3395 ex
3131 3339 3243 3409 ipsa
3277 3335 3475 3407 prmdi-

1880 3444 2106 3499 cationis
2148 3456 2307 3496 causa
2360 3457 2375 3495 :
2427 3452 2625 3508 nempe
2662 3435 2805 3507 quod
2851 3449 2948 3505 pro
2990 3432 3225 3505 peccatis
3275 3430 3476 3484 nostris

1880 3543 2125 3591 mortuus
2172 3530 2569 3593 resurrexerit,
2602 3537 2657 3583 et
2703 3525 2845 3597 quod
2887 3525 2962 3580 sit
3007 3521 3258 3594 primitite
3287 3533 3473 3574 eorum

1879 3631 1968 3700 qui
1993 3628 2349 3685 dormierunt.
2382 3624 2637 3680 Primitite
2662 3621 2804 3676 enim
2828 3618 3106 3689 cujusnam
3133 3613 3334 3669 fuerint
3362 3613 3474 3681 pri-

1880 3721 2045 3776 mitiae
2065 3761 2079 3785 ,
2121 3719 2224 3774 nisi
2269 3733 2457 3772 eorum
2486 3715 2577 3786 qui
2609 3710 2939 3783 resurgunt?
2968 3708 3238 3781 quomodo
3282 3715 3459 3761 autem

1880 3813 2081 3869 fuerint
2125 3810 2411 3881 primitiae,
2461 3808 2561 3863 nisi
2604 3815 2889 3877 resurgant
2941 3805 3018 3859 illi
3065 3817 3293 3871 quorum
3346 3809 3474 3856 sunt

1882 3905 2130 3978 primitiae
2155 3904 2178 3956 ?
2206 3901 2477 3973 quomodo
2516 3916 2646 3970 ergo
2690 3915 2795 3953 non
2846 3896 3173 3965 resurgunt?
3211 3895 3255 3948 si
3295 3902 3473 3947 autem

1882 4014 1987 4053 non
2020 4004 2303 4067 resurgunt
2328 4035 2340 4058 ,
2372 4009 2468 4048 cur
2513 3989 2811 4047 resurrexit
2842 3986 3134 4043 Christus?
3161 4001 3257 4039 cur
3287 3984 3476 4039 venit?

1882 4106 1979 4147 cur
2007 4105 2224 4146 carnem
2265 4086 2542 4157 suscepit,
2588 4085 2634 4139 si
2665 4100 2882 4139 carnem
2936 4098 3040 4135 non
3089 4091 3206 4135 erat
3249 4080 3478 4134 suscita-

1885 4181 2059 4239 turus?
2083 4197 2188 4235 non
2215 4178 2357 4234 enim
2388 4178 2502 4247 ipse
2529 4190 2666 4245 opus
2691 4174 2928 4229 habebat
2960 4182 3016 4226 ut
3047 4169 3473 4242 rcsurgeretnisi

1885 4284 2102 4347 propter
2148 4286 2265 4326 nos.
2309 4269 2416 4325 Sed
2463 4271 2578 4322 hate
2607 4267 2821 4338 quidem
2854 4266 3002 4334 ponit
3034 4273 3220 4333 postea
3254 4276 3476 4332 progre-

1884 4365 2057 4427 diens,
2086 4362 2300 4416 interim
2328 4366 2507 4414 autem
2535 4359 2665 4412 dicit
2692 4376 2705 4412 :
2734 4357 2790 4413 Si
2814 4356 3010 4410 mortui
3036 4371 3140 4407 non
3169 4362 3474 4424 resurgunt,

1886 4471 2060 4526 neque
2089 4454 2334 4508 Christus
2361 4449 2693 4515 resurrexit,
2725 4456 2913 4518 utpote
2943 4461 3065 4500 eum
3104 4445 3209 4518 hoc
3248 4446 3316 4497 sit
3346 4459 3479 4498 eon-

1885 4564 2081 4605 nexum
2113 4564 2128 4602 :
2162 4562 2284 4601 nam
2312 4544 2356 4600 si
2385 4560 2490 4599 non
2530 4542 2720 4596 fuisset
2768 4548 3202 4602 resurrecturus,
3250 4551 3317 4590 ne
3345 4535 3477 4590 illud

1885 4641 2100 4713 quidem
2127 4640 2363 4695 fecisset.
2405 4635 2648 4691 Vidistin’
2676 4634 2930 4705 paulatim
2962 4641 3124 4685 totam
3152 4629 3320 4685 everti
3361 4645 3480 4682 sus-
3510 4681 3517 4687 ,

1886 4744 2058 4805 cepta:
2086 4733 2266 4789 carnis
2295 4729 2758 4800 dispensationem
2792 4769 2806 4790 ,
2848 4742 2912 4789 ex
2948 4726 3054 4780 illis
3085 4723 3293 4786 verbis,
3328 4730 3383 4776 et
3410 4736 3476 4775 ex

1887 4844 1954 4884 eo
1980 4825 2122 4898 quod
2152 4841 2258 4880 non
2293 4823 2545 4879 credatur
2573 4818 2975 4876 resurrreetio?
3021 4816 3126 4878 Sed
3159 4830 3299 4869 nunc
3346 4813 3481 4867 nihil

1888 4923 2018 4979 dicit
2040 4921 2108 4977 de
2122 4921 2301 4975 carnis
2322 4918 2685 4986 susceptione,
2715 4912 2808 4967 sed
2830 4911 2898 4965 de
2919 4907 3333 4964 resurrectione.
3363 4905 3480 4960 Non

1890 5018 2034 5075 enim
2058 5030 2276 5072 carnem
2307 5012 2613 5081 suscepisse
2642 5051 2658 5076 ,
2700 5007 2797 5062 sed
2835 5014 3108 5060 mortuum
3137 5016 3260 5057 esse
3297 4999 3484 5054 abolet

1893 5119 2121 5167 mortem
2152 5125 2166 5162 :
2200 5122 2322 5161 nam
2349 5120 2415 5160 eo
2440 5116 2657 5159 carnem
2685 5099 2916 5155 habente
2940 5094 3118 5150 adhuc
3148 5093 3480 5148 dominatum

1894 5202 2171 5259 obtinebat
2210 5200 2352 5255 illius
2397 5196 2659 5269 tyrannis.
2702 5193 2790 5247 14.
2834 5190 2894 5246 Si
2925 5200 3095 5243 autem
3125 5185 3358 5242 Christus
3379 5199 3484 5238 non

1894 5297 2167 5353 resurrexit
2192 5337 2206 5359 ,
2234 5293 2402 5348 inanis
2427 5299 2499 5346 est
2528 5286 2824 5360 prtvdicatio
2855 5293 3048 5339 nostra.
3092 5280 3252 5351 Atqui
3286 5293 3487 5335 conse-

1896 5404 2066 5461 quens
2094 5366 2416 5443 erat‘dicere
2436 5401 2449 5437 :
2473 5381 2528 5438 Si
2553 5389 2731 5435 autem
2761 5377 3006 5433 Christus
3032 5389 3138 5428 non
3171 5371 3485 5435 resurrexit,

1902 5482 2145 5553 pugnans
2189 5495 2311 5534 cum
2344 5478 2410 5532 iis
2451 5490 2573 5547 qua:
2616 5480 2744 5527 sunt
2783 5469 3076 5534 evidentia,
3131 5476 3183 5522 et
3212 5480 3333 5521 cum
3379 5473 3488 5518 tam

1900 5552 2085 5629 multis
2101 5569 2396 5641 prophetis,
2425 5576 2618 5623 etcum
2636 5578 2816 5618 rerum
2837 5561 3084 5617 veritate.
3112 5556 3217 5615 Sed
3242 5556 3290 5610 id
3320 5552 3487 5624 ponit.

1900 5666 2041 5738 quod
2067 5673 2151 5720 est
2178 5663 2255 5718 eis
2283 5660 2454 5716 multo
2482 5656 2772 5714 terribilius
2801 5674 2814 5710 :
2844 5652 3026 5706 Inanis
3053 5659 3126 5705 est
3154 5664 3270 5718 ergo
3298 5643 3483 5714 pt’tt’tli-

1902 5759 2035 5813 catio
2059 5766 2253 5819 nostra,
2290 5756 2458 5817 inanis
2479 5760 2552 5805 est
2579 5750 2706 5819 ﬁdes
2734 5757 2920 5803 vestra.
2950 5742 3233 5814 Esagitare
3261 5750 3491 5804 namque

1903 5849 2014 5905 vult
2042 5848 2253 5902 illorum
2286 5853 2542 5900 mentem.
2586 5841 2907 5896 Universum
2930 5875 2946 5898 ,
2993 5832 3168 5907 inquit.
3193 5871 3209 5896 ,
3243 5826 3484 5898 perdidi-

1903 5954 2040 6010 mus,
2064 5946 2291 6012 pereunt
2319 5934 2517 5998 omnia,
2548 5932 2591 5990 si
2623 5946 2726 5986 non
2760 5925 3073 5985 resurrexit.
3106 5921 3290 5977 Vidisti
3325 5932 3493 5991 quatr-
