3998 6450
555 458 660 514 355

557 583 668 625 tum
700 571 771 625 sit
799 570 1109 641 mysterium
1147 573 1412 633 susceptae
1455 563 1635 619 carnis
1676 559 2136 632 dispensationis?

555 663 688 718 Nam
734 664 779 718 si
812 672 1053 717 mortuus
1093 674 1197 714 non
1243 658 1416 728 potuit
1448 672 1763 726 resurgere,
1806 672 1980 727 neque
2005 656 2137 710 abo-

557 757 704 809 litum
735 762 813 809 est
844 762 1141 824 peccatum,
1184 764 1356 819 neque
1384 765 1532 803 mors
1577 758 1660 803 est
1690 759 1960 818 perempta
1981 786 1997 813 ,
2036 762 2137 802 nec

555 846 790 899 ablatum
822 855 904 898 est
949 842 1327 909 maledictum,
1382 853 1434 898 et
1465 857 1568 895 non
1608 840 1782 893 solum
1820 855 1919 895 nos
1959 838 2136 895 inania

550 936 956 1006 pricdicavintus
977 975 991 999 ,
1022 934 1115 989 sed
1148 950 1240 988 vos
1270 948 1483 1005 quoque
1509 933 1814 989 credidistis
1838 933 2036 987 inania.
2072 933 2136 986 Et

551 1043 654 1081 non
684 1026 854 1081 solum
890 1026 1013 1082 hinc
1042 1028 1278 1082 ostendit
1326 1029 1708 1083 absurditatem
1750 1027 1938 1082 lterum
1966 1028 2134 1081 malo-

549 1135 666 1174 rum
694 1119 1003 1190 dogmatqu
1030 1160 1043 1184 ,
1075 1119 1170 1173 sed
1201 1120 1363 1174 etiam
1394 1120 1590 1174 acriter
1615 1118 1891 1183 decertat,
1920 1117 2128 1173 dicens:

551 1211 638 1266 15.
681 1209 980 1264 Inveniatur
1006 1220 1174 1264 autent
1202 1218 1251 1264 et
1277 1211 1398 1280 falsi
1423 1219 1569 1265 testes
1595 1209 1721 1273 Dei,
1769 1210 2009 1280 quoniam
2036 1219 2133 1263 tes-

544 1305 808 1358 timonium
852 1305 1075 1358 diximus
1127 1304 1367 1359 adversus
1415 1303 1582 1357 Deum
1634 1303 1771 1373 quod
1816 1303 2131 1357 suscitaverit

543 1393 847 1449 Christum:
874 1412 1018 1463 quem
1048 1411 1150 1449 non
1193 1396 1450 1450 suscitavit
1476 1437 1491 1460 ,
1531 1395 1576 1447 si
1616 1394 1800 1448 mortui
1825 1410 1926 1448 non
1963 1409 2131 1447 resur-

544 1495 688 1556 gunt.
729 1487 783 1541 Si
811 1496 990 1541 autem
1023 1488 1123 1541 hoc
1149 1496 1232 1542 est
1255 1486 1547 1541 absurdum
1577 1490 1593 1556 (
1621 1496 1704 1541 est
1731 1487 1876 1541 enim
1920 1487 2011 1540 Dei
2039 1501 2130 1541 ac-
2176 1508 2180 1512 Α

542 1581 748 1633 cusatio
774 1589 827 1634 et
851 1581 1113 1634 calumnia
1138 1582 1156 1649 )
1179 1620 1197 1646 ,
1227 1590 1281 1636 et
1304 1597 1407 1634 non
1437 1580 1684 1635 excitavit
1714 1591 1770 1634 ut
1795 1581 1991 1645 dicitis,
2020 1596 2125 1636 non

542 1674 644 1729 hoc
671 1674 842 1729 solum
865 1718 879 1737 ,
907 1675 1000 1730 sed
1030 1677 1198 1729 multa
1227 1676 1387 1730 etiam
1417 1675 1523 1729 alia
1553 1683 1843 1744 sequentur
1871 1674 2124 1729 absurda.

543 1766 611 1820 Et
630 1767 741 1836 ipsa
769 1782 953 1821 rursus
975 1768 1276 1833 confirmat,
1302 1776 1354 1821 et
1377 1766 1603 1820 assumit
1622 1766 1809 1821 dicens
1834 1783 1848 1819 :
1874 1767 1958 1821 16.
1988 1765 2127 1820 Nam

541 1859 584 1910 si
627 1860 812 1911 mortui
856 1876 955 1914 non
987 1868 1293 1931 resurgunt,
1348 1876 1510 1929 neque
1557 1858 1788 1913 Christus
1829 1861 2122 1915 resurrexit.

538 1948 668 2003 Nam
694 1950 739 2004 si
773 1950 873 2004 hoc
901 1967 1005 2005 non
1029 1961 1141 2006 erat
1169 1948 1403 2006 faetttrus
1422 1991 1437 2016 ,
1468 1966 1535 2005 ne
1554 1951 1861 2006 advenisset
1886 1951 2122 2021 quidem.

538 2041 649 2096 Hoc
675 2054 851 2097 autem
882 2058 985 2097 non
1016 2042 1185 2109 dicit,
1216 2042 1310 2097 sed
1342 2042 1533 2108 tinem,
1569 2057 1759 2112 nempe
1785 2043 1901 2110 ejus
1939 2060 2119 2098 resur-

536 2135 826 2188 rectionem
855 2175 871 2199 ,
920 2150 1012 2203 per
1043 2135 1211 2202 ipsam
1255 2149 1445 2189 omnes
1477 2134 1713 2188 trahens.
1761 2136 1845 2188 l7.
1890 2135 2040 2202 Quod
2079 2139 2124 2191 si

536 2226 765 2279 Christus
793 2243 893 2279 non
919 2226 1211 2291 resurrexit,
1245 2242 1374 2280 vana
1395 2235 1468 2280 est
1487 2226 1615 2293 ﬁdes
1636 2237 1815 2281 uestra.
1848 2227 1907 2281 Ei
1933 2269 1949 2294 ,
1977 2230 2120 2299 quod

533 2328 616 2371 est
646 2317 985 2373 manifestum
1018 2327 1072 2373 et
1101 2318 1167 2373 de
1196 2334 1302 2388 quo
1330 2328 1539 2374 constat
1564 2359 1580 2382 ,
1610 2320 1951 2375 continenter
1972 2321 2119 2376 addit

531 2410 731 2466 Christi
761 2413 1206 2467 resurrectionem
1232 2453 1246 2476 ,
1297 2427 1362 2467 ex
1391 2427 1458 2467 eu
1483 2412 1622 2479 qunti
1663 2421 1747 2467 est
1789 2412 1979 2469 fortius
2002 2457 2018 2479 ,
2067 2416 2118 2471 id

532 2505 729 2570 etiam,
782 2505 924 2575 quod
972 2504 1182 2560 vidclttr
1228 2520 1350 2561 csse
1398 2505 1724 2562 imbecillum
1761 2517 1814 2562 ct
1855 2508 2114 2576 dubium,

528 2597 757 2653 reddens
790 2596 1020 2652 validum
1050 2607 1105 2652 et
1134 2597 1493 2652 manifestum.
1553 2598 1736 2652 Adhuc
1766 2600 1885 2654 estis
1909 2600 1961 2653 in
1993 2618 2114 2670 pec-

525 2690 651 2744 catis
679 2691 872 2745 vestris.
914 2690 1045 2745 Nam
1077 2690 1121 2745 si
1155 2706 1260 2743 non
1291 2692 1583 2747 resurrexit
1610 2733 1624 2757 ,
1657 2707 1756 2749 nec
1781 2704 1866 2747 est
1896 2695 2111 2763 quidem

525 2792 768 2836 mortuus
801 2800 815 2835 :
846 2781 1096 2836 siautem
1142 2796 1248 2837 non
1287 2789 1371 2836 est
1413 2793 1657 2837 mortuus
1679 2825 1693 2847 ,
1750 2800 1849 2838 nec
1878 2786 2115 2841 abolevit

523 2872 740 2940 quidem
770 2882 1043 2941 peccatum
1071 2889 1086 2937 ;
1118 2872 1233 2942 ejus
1267 2873 1411 2928 enim
1441 2889 1585 2927 mors
1620 2883 1703 2929 est
1731 2875 1954 2930 abolitio
1983 2893 2112 2947 pec-

519 2966 623 3018 cati
657 2982 669 3017 :
704 2963 833 3019 Ecce
860 2965 1002 3020 enim
1032 3007 1046 3031 ,
1078 2964 1287 3035 inquit,
1334 2965 1512 3036 Agnus
1558 2965 1652 3021 Dei
1689 2970 1777 3039 qui
1806 2969 1941 3023 tollit
1985 2988 2106 3040 pee-

521 3067 688 3111 mtunt
713 3058 891 3112 mundi
920 3057 1099 3132 (Joan.
1134 3060 1184 3113 1.
1218 3059 1337 3129 29).
1365 3058 1647 3128 Quomodo
1674 3069 1854 3117 autem
1887 3063 2112 3119 tollens?

521 3148 711 3204 Morte.
743 3150 810 3204 Et
839 3150 958 3205 ideo
983 3152 1145 3206 etiam
1174 3152 1385 3207 vocavit
1413 3154 1620 3223 Agnutn
1646 3196 1661 3222 ,
1692 3165 1752 3210 ut
1779 3156 1868 3225 qui
1895 3156 2112 3213 occide-

519 3250 688 3295 retur.
731 3240 788 3298 Si
818 3250 995 3297 autem
1036 3258 1140 3297 non
1171 3246 1498 3311 resurrexit,
1532 3261 1706 3315 neque
1736 3246 1836 3301 fuit
1862 3248 2105 3315 occisus;

517 3335 561 3389 si
596 3351 700 3389 non
750 3334 853 3390 fuit
880 3337 1124 3399 occisus,
1178 3352 1354 3407 neque
1385 3346 1661 3407 peccatum
1693 3346 1778 3393 est
1805 3339 2104 3405 abolitum;

517 3432 560 3485 si
594 3447 698 3485 non
727 3429 822 3485 fuit
853 3430 1135 3498 abolitum,
1162 3431 1305 3487 ineo
1331 3430 1497 3499 estis;
1519 3433 1563 3486 si
1585 3443 1767 3487 autem
1791 3433 1844 3486 in
1867 3448 1932 3487 eo
1951 3434 2106 3501 estis,

519 3524 713 3579 frustra
743 3523 1257 3594 prtedicavimus;si
1305 3524 1498 3579 frustra
1543 3523 1971 3594 prtedicavimus,
1997 3524 2109 3579 fru-

519 3626 629 3671 stra
659 3617 981 3672 credidistis.
1012 3616 1261 3687 Alioquin
1288 3626 1466 3672 autem
1497 3632 1642 3671 mors
1669 3632 1884 3686 quoque
1923 3626 2108 3674 manet

516 3709 868 3773 immortalis,
914 3710 959 3763 si
989 3724 1093 3762 non
1135 3708 1450 3764 resurrexit.
1488 3708 1542 3764 Si
1574 3708 1717 3764 enim
1747 3709 1861 3778 ipse
1891 3725 2105 3785 quoque

513 3800 765 3856 detentus
792 3801 890 3856 fuit
917 3816 946 3854 a
976 3810 1150 3856 morte
1173 3842 1189 3868 ,
1224 3809 1279 3856 et
1315 3800 1556 3856 dolorem
1586 3802 1705 3871 ejus
1748 3819 1853 3857 non
1900 3802 2101 3869 solvit;

512 3894 783 3964 quomodo
828 3894 964 3949 alios
993 3909 1182 3950 omnes
1212 3893 1498 3967 liberavit,
1529 3896 1620 3965 qtti
1654 3896 1767 3963 ipse
1797 3896 1975 3952 adhuc
1999 3895 2103 3952 de.

515 3988 824 4043 tiuehatttr?
870 3987 937 4042 Et
967 3987 1087 4042 ideo
1128 3986 1401 4058 subjungit
1434 4005 1446 4040 :
1484 3988 1571 4043 18.
1617 3986 1753 4057 Ergo
1793 3997 1840 4041 et
1866 3988 1955 4059 qui
1978 3988 2103 4042 dor-

515 4082 731 4135 mierunt
775 4082 830 4135 in
867 4079 1091 4147 Christo,
1126 4082 1398 4149 perierunt.
1443 4078 1512 4133 Et
1539 4078 1668 4150 quid
1697 4079 1817 4134 dico
1840 4120 1856 4144 ,
1891 4079 2098 4149 inquit,

513 4172 580 4227 de
611 4172 762 4228 vobis
786 4216 799 4237 ,
830 4188 951 4229 cum
980 4172 1141 4227 etiam
1172 4172 1244 4226 illi
1275 4186 1464 4227 omnes
1495 4171 1782 4242 perierint,
1812 4173 1901 4243 qui
1933 4181 2101 4227 totum

515 4266 881 4328 Confecerunt,
915 4274 969 4319 et
998 4265 1174 4320 futuro
1199 4307 1214 4330 ,
1245 4264 1388 4334 quod
1415 4272 1497 4319 est
1526 4264 1813 4330 incertum,
1845 4279 1950 4318 non
1979 4272 2104 4318 sunt

516 4357 745 4426 amplius
770 4356 992 4425 subjecti
1019 4358 1044 4410 7
1088 4355 1220 4411 lllttd
1250 4365 1461 4421 autem,
1496 4353 1563 4408 In
1583 4354 1785 4409 Christo
1810 4398 1825 4420 ,
1857 4364 1946 4409 aut
1973 4355 2103 4410 dicit

519 4450 572 4505 in
609 4450 713 4505 fide
738 4492 753 4515 ,
809 4459 902 4504 aut
943 4449 1033 4519 qui
1084 4457 1301 4517 prepter
1329 4449 1500 4516 ipsum
1528 4456 1655 4502 sunt
1728 4448 1963 4510 mortui,
2011 4449 2100 4518 qui

519 4543 685 4597 multa
733 4541 1105 4597 sustinuerunt
1146 4539 1380 4607 pericula
1406 4580 1421 4596 .
1453 4539 1543 4608 qui
1569 4537 1764 4592 multas
1794 4539 1935 4608 passi
1979 4549 2105 4592 sunt

512 4632 874 4698 afﬂictiones,
919 4633 1006 4701 qui
1051 4631 1276 4700 ingressi
1319 4638 1446 4685 sunt
1487 4644 1582 4697 per
1625 4629 1765 4682 viam
1795 4638 2097 4698 angustam.

512 4722 613 4779 Ubi
648 4736 788 4777 nunc
807 4732 928 4775 sunt
959 4720 1184 4775 scelesta
1206 4736 1297 4774 ora
1326 4719 1767 4780 lllaniclneorunt,
1799 4720 1887 4789 qui
1918 4719 2105 4776 dicunt

513 4829 638 4869 eum
670 4813 852 4867 dicere
877 4827 995 4867 eam
1024 4827 1142 4881 qua:
1173 4810 1261 4865 hic
1284 4821 1367 4866 est
1394 4810 1839 4867 resurrectionem
1863 4853 1876 4877 ,
1909 4826 2104 4881 nempe

514 4905 883 4961 liberationem
914 4920 942 4957 a
977 4906 1241 4973 peccato?
1283 4905 1439 4960 Densi
1471 4905 1613 4959 enim
1642 4904 1728 4959 isti
1770 4914 1825 4960 et
1862 4905 2100 4960 continui

515 5017 578 5055 ac
606 4998 868 5068 reciproci
913 4998 1210 5070 syllogismi
1256 4998 1390 5052 nihil
1442 4998 1680 5053 indicant
1731 5014 1922 5054 eorum
1984 5014 2104 5068 qua:

510 5091 586 5148 illi
615 5091 829 5156 dicunt,
854 5090 973 5164 ‘scd
1006 5090 1056 5143 id
1106 5090 1245 5160 quod
1288 5106 1387 5145 nos
1419 5090 1667 5146 dicimus.
1718 5091 1921 5145 Dicitur
1959 5090 2101 5146 enim

511 5181 836 5238 resurrectio
866 5182 980 5250 ejus
1006 5182 1149 5252 quod
1179 5183 1374 5237 cecidit
1402 5183 1691 5239 restitutio.
1740 5183 1807 5237 Et
1836 5183 1958 5239 ideo
1989 5181 2101 5239 fre-

494 5284 738 5346 quenter
781 5274 1039 5338 resumit,
1090 5290 1195 5328 non
1249 5276 1418 5329 solum
1466 5275 1651 5331 dicens
1697 5277 2099 5343 resurrexisse,

510 5369 607 5424 sed
648 5371 807 5423 etiam
862 5367 1105 5431 addens,
1159 5367 1244 5423 Ea:
1289 5370 1521 5424 mortuis.
1565 5370 1631 5424 Et
1654 5368 1920 5426 Corinthii
1971 5385 2102 5425 sane

513 5481 619 5520 non
647 5463 965 5519 dubitabant
1010 5465 1078 5519 de
1120 5450 1441 5520 remissione
1470 5474 1846 5533 peccatorum,
1890 5465 1984 5520 sed
2032 5465 2101 5520 de

510 5557 906 5612 resurrectione
918 5569 1226 5625 corporum.
1242 5554 1497 5621 Qurenam
1513 5567 1692 5611 autem
1710 5556 1931 5611 omnino
1950 5565 2105 5627 urget

513 5651 812 5705 necessitas
832 5689 846 5713 ,
881 5655 940 5700 ut
985 5646 1029 5700 si
1064 5645 1309 5700 homines
1339 5662 1445 5703 non
1477 5648 1584 5703 sint
1611 5647 1872 5719 ejusmodi
1906 5657 1964 5702 tit
1990 5664 2098 5704 non

513 5747 738 5807 peccent
757 5781 772 5805 ,
806 5754 875 5793 ne
902 5737 1147 5792 Christus
1172 5737 1386 5807 quidem
1414 5740 1486 5793 sit
1510 5738 1816 5808 hujusmodi
1843 5741 1865 5792 ’ἒ
1888 5739 2021 5796 Nam
2055 5742 2101 5797 si

514 5846 621 5885 nun
668 5844 814 5886 esset
860 5831 1246 5898 suscitaturus,
1297 5845 1636 5904 consequens
1683 5846 1827 5890 esset
1876 5835 2094 5902 dicere,

510 5922 619 5978 Cur
639 5921 806 5987 venit,
838 5931 889 5977 et
914 5937 1130 5978 carnem
1154 5924 1382 5996 accepit,
1415 5936 1468 5981 et
1493 5926 1783 5982 resurrexit
1807 5928 1830 5983 ?
1851 5927 1917 5984 de
1942 5927 2097 5985 nobis

1238 449 1297 508 S.
1335 446 1614 505 JOANNIS
1647 443 2115 501 CllliYSOSTOMl
2156 443 2471 499 ARCIIIEP.
2513 445 3049 507 CONSTANTINOP.

3702 466 3789 525 336

2251 570 2429 615 autem
2454 562 2693 619 minime.
2721 564 2853 620 Nam
2880 576 2932 623 et
2961 568 3301 636 peccantibus
3328 569 3614 631 hominibus
3630 590 3679 633 et
3699 598 3785 638 non

2249 655 2594 722 peccantibus
2618 696 2634 722 ,
2663 672 2784 712 cum
2825 658 2935 712 Deo
2965 675 3180 729 semper
3208 670 3291 717 est
3316 666 3453 734 quod
3482 665 3531 722 in
3557 686 3669 726 eum
3696 690 3786 731 non

2242 747 2400 838 cadat
2430 759 2703 818 precatum
2726 792 2740 813 ,
2772 764 2826 807 et
2864 769 2961 807 nos
2990 754 3136 808 illum
3166 771 3273 811 non
3303 761 3567 829 sequimur
3586 807 3603 831 ,
3638 782 3787 838 neque

2243 833 2345 892 hoc
2395 838 2461 893 ad
2512 840 2639 895 illud
2704 844 3098 911 reciprocatur,
3154 847 3292 902 sicut
3335 849 3387 905 in
3435 833 3788 915 resurrectione

2243 942 2550 998 Corporum.
2591 932 2681 987 19.
2727 933 2788 987 Si
2832 935 2883 987 in
2916 936 3011 990 hac
3035 938 3135 991 vita
3160 947 3353 992 tantum
3380 941 3431 995 in
3472 941 3660 999 Christo
3691 965 3787 1019 spe-

2241 1030 2411 1075 rantes
2434 1039 2627 1081 sumus.
2659 1027 3045 1083 miserabiliores
3067 1047 3240 1085 sumus
3264 1034 3490 1088 omnibus
3512 1037 3785 1095 hominibus.

2310 1111 2363 1165 '5.
2398 1112 2534 1179 Quid
2563 1115 2697 1170 dicis
2718 1159 2731 1176 .
2760 1133 2792 1171 ο
2823 1118 3030 1174 Paule?
3059 1123 3327 1191 quomodo
3354 1124 3405 1177 iu
3439 1125 3532 1181 hac
3561 1129 3658 1184 vita
3682 1146 3784 1201 spe-

2239 1212 2421 1258 rantes
2444 1219 2649 1273 sumus,
2676 1208 2718 1260 si
2747 1222 2972 1279 corpora
2999 1226 3105 1267 non
3134 1224 3434 1284 resurgunt,
3461 1231 3577 1271 cum
3604 1234 3790 1277 maneat

2237 1296 2413 1349 anima
2442 1308 2496 1352 et
2533 1298 2603 1353 sit
2631 1300 2988 1357 immortalis?
3015 1305 3275 1374 Quoniam
3307 1308 3353 1362 si
3383 1321 3589 1367 maneat
3614 1316 3785 1379 anima,

2237 1395 2292 1440 et
2334 1389 2527 1444 millies
2569 1391 2638 1446 sit
2680 1393 2994 1450 immortalis
3021 1438 3036 1462 ,
3068 1398 3207 1453 sicut
3234 1402 3323 1455 est
3366 1418 3546 1459 revera
3572 1446 3586 1470 ,
3615 1408 3790 1477 absque

2235 1492 2397 1533 carne
2428 1495 2531 1534 non
2579 1483 2807 1552 accipiet
2835 1483 2971 1541 bona
3004 1487 3090 1542 illa
3122 1488 3409 1546 ineﬂ‘abilia
3433 1535 3448 1558 ,
3483 1495 3611 1550 sicut
3641 1514 3787 1569 neque

2235 1572 2498 1638 punietur.
2547 1572 2732 1628 Omnia
2775 1577 2906 1630 enim
2952 1580 3406 1651 manifestabuntur
3447 1597 3562 1639 ante
3598 1590 3792 1644 tribunal

2234 1660 2421 1717 Christi
2440 1705 2451 1726 ,
2481 1674 2536 1718 ut
2558 1666 2773 1736 accipiat
2795 1670 3133 1741 unusquisque
3155 1689 3268 1744 quia
3292 1692 3383 1745 per
3419 1694 3600 1749 corpus
3624 1686 3787 1752 gessit,

2230 1752 2332 1806 sive
2357 1754 2485 1807 bona
2504 1797 2518 1820 ,
2550 1757 2653 1811 sive
2680 1758 2815 1811 mala
2849 1759 2922 1828 (2.
2953 1760 3074 1817 Cor.
3107 1762 3162 1818 5.
3196 1765 3306 1834 10).
3336 1752 3624 1837 Pmplerea
3650 1773 3788 1839 dicit,

2234 1843 2294 1900 Si
2323 1847 2375 1900 in
2402 1847 2497 1901 hac
2521 1850 2620 1902 rita
2651 1859 2845 1905 tantum
2871 1854 2924 1908 in
2954 1853 3152 1910 Christo
3188 1870 3449 1928 sperantes
3486 1878 3684 1932 sumus,
3706 1869 3792 1918 mi-

2231 1939 2548 1992 serabiliores
2585 1958 2758 1995 smnus
2798 1944 3029 1999 omnibus
3071 1946 3380 2004 hominibus.
3425 1952 3481 2008 Si
3526 1955 3661 2009 enim
3699 1971 3793 2011 non

2151 2035 2161 2043 ”
2230 2030 2460 2100 resurgit
2486 2048 2679 2101 corpus
2698 2074 2714 2100 ,
2747 2034 3051 2092 incoronata
3082 2047 3263 2095 manet
3289 2042 3468 2097 anima
3496 2055 3638 2100 extra
3667 2048 3791 2103 illam

2230 2121 2614 2179 beatitudinem
2645 2143 2763 2196 quae
2802 2140 2888 2183 est
2930 2130 2981 2183 in
3021 2131 3168 2186 catlis
3199 2150 3211 2185 :
3244 2134 3288 2187 si
3318 2146 3499 2191 autem
3530 2138 3626 2193 hoc
3654 2140 3718 2193 ita
3744 2156 3797 2195 se

2230 2216 2410 2282 habet,
2445 2228 2570 2272 tunc
2597 2219 2727 2274 nihil
2757 2221 2976 2276 omnino
3000 2238 3394 2295 consequemur
3419 2245 3432 2280 :
3460 2229 3503 2282 si
3537 2240 3656 2285 tunc
3679 2230 3795 2286 nihil

2226 2325 2642 2380 consequemur,
2670 2312 2721 2367 in
2748 2317 2997 2384 praesenti
3023 2326 3148 2372 sunt
3173 2322 3649 2380 remunerationes.
3674 2322 3794 2392 Quid

2226 2418 2374 2472 ergo,
2405 2403 2594 2473 inquit.
2630 2404 2728 2460 ltac
2755 2408 2963 2462 ratione
2990 2408 3151 2463 fuerit
3178 2411 3334 2467 nobis
3362 2413 3625 2471 infelicius
3643 2415 3666 2468 ‘i
3687 2417 3795 2471 lltcc

2224 2506 2401 2554 autem
2432 2498 2644 2554 dicebat
2668 2541 2683 2565 ,
2709 2500 2865 2555 simul
2897 2512 2951 2557 et
2980 2517 3074 2558 eos
3098 2503 3431 2562 confirmans
3455 2523 3519 2563 ac
3543 2509 3796 2566 stabiliens

2223 2593 2277 2647 in
2307 2609 2375 2649 eo
2404 2595 2546 2666 quod
2578 2595 2773 2652 dicitur
2798 2596 2866 2653 de
2904 2601 3298 2657 resurrectione
3324 2618 3635 2675 corporum,
3665 2616 3715 2662 et
3738 2606 3796 2661 de

2223 2685 2510 2740 immortali
2537 2687 2621 2741 illa
2645 2688 2751 2743 vita
2778 2690 3127 2759 persuadens,
3152 2708 3219 2748 ne
3240 2695 3617 2753 existimarent
3635 2706 3795 2754 nostra

2220 2779 2400 2835 omnia
2427 2779 2647 2834 dissolvi
2673 2789 2727 2836 et
2752 2781 3001 2837 desinere
3032 2784 3084 2838 in
3114 2786 3388 2854 przesenti.
3414 2788 3548 2845 Nam
3574 2804 3689 2845 cum
3715 2805 3799 2861 per

2220 2870 2576 2941 prreccdentia
2605 2873 2736 2927 satis
2766 2873 3139 2931 confirmasset
3161 2878 3304 2947 quod
3332 2880 3551 2937 volebat
3574 2891 3629 2937 et
3654 2881 3798 2937 dixis-

2217 2971 2320 3028 set,
2347 2961 2408 3017 Si
2434 2963 2621 3015 mortui
2644 2979 2745 3017 non
2767 2975 3055 3036 resurgunt,
3078 2982 3236 3036 neque
3253 2966 3493 3025 Christus
3515 2973 3798 3035 resurrexit;

2215 3053 2259 3107 si
2284 3064 2453 3108 autent
2483 3053 2714 3110 Christus
2755 3073 2856 3111 non
2890 3060 3198 3126 resurrexit,
3233 3062 3500 3130 periimus
3521 3105 3537 3129 ,
3564 3073 3619 3119 et
3644 3064 3801 3119 adhuc

2216 3159 2403 3200 sumus
2449 3147 2503 3200 in
2553 3148 2786 3214 peccatis
2815 3165 2829 3201 :
2859 3163 3047 3203 rursus
3090 3149 3191 3205 huc
3238 3167 3464 3223 quoque
3510 3155 3798 3225 subjungit,

2216 3239 2498 3309 exagitans
2526 3240 2738 3294 illorum
2769 3242 3149 3312 arrogantiam.
3180 3241 3414 3309 Quando
3444 3247 3588 3302 enim
3618 3255 3699 3302 est
3720 3261 3802 3300 ne-

2214 3329 2505 3385 cessarium
2548 3331 2763 3401 aliquod
2805 3332 2996 3402 dogma
3042 3333 3456 3393 introducturns
3480 3379 3494 3403 ,
3528 3347 3669 3394 metu
3699 3338 3798 3408 pri-

2212 3438 2359 3478 mum
2388 3424 2624 3493 percellit
2647 3425 2826 3480 cordis
2854 3442 3038 3481 eorum
3069 3427 3324 3485 duritiem
3357 3450 3373 3487 :
3401 3432 3549 3504 quod
3577 3433 3661 3488 hic
3683 3446 3801 3503 quo-

2213 3530 2316 3586 que
2343 3515 2490 3582 fecit,
2524 3527 2581 3571 ut
2608 3518 2697 3589 qui
2727 3528 2782 3573 et
2811 3521 3059 3590 superius
3085 3536 3147 3576 ea
3177 3521 3527 3594 disperserit,
3560 3536 3614 3582 et
3640 3525 3803 3580 animo

2212 3612 2402 3665 anxios
2422 3600 2744 3677 reddiderit,
2779 3621 2836 3666 ut
2865 3614 2952 3683 qui
2984 3614 3051 3669 ab
3080 3617 3336 3673 omnibus
3368 3620 3727 3683 excidissent;
3754 3626 3801 3673 et

2214 3717 2357 3757 nunc
2384 3717 2571 3758 rursus
2598 3703 2786 3765 aliter,
2816 3715 2870 3760 et
2901 3717 2956 3760 ut
2996 3709 3229 3764 maxime
3267 3710 3496 3768 doleant
3517 3754 3531 3774 .
3568 3712 3701 3768 idem
3730 3711 3801 3766 fa-

2211 3794 2360 3849 ciens
2385 3811 2448 3850 ac
2476 3795 2664 3852 dicens
2693 3814 2704 3849 :
2740 3796 3131 3855 Miscrabiliores
3162 3818 3344 3859 sumus
3378 3806 3616 3860 omnibus
3655 3803 3802 3858 homi-

2211 3886 2394 3954 nibus,
2425 3888 2468 3941 si
2500 3897 2621 3957 post
2652 3897 2728 3943 tot
2758 3888 2890 3944 bella
2918 3898 2973 3944 et
3010 3901 3210 3948 mortes
3238 3905 3295 3949 et
3324 3897 3471 3951 mala
3504 3898 3801 3952 innumera-

2212 3977 2337 4033 bilia
2359 4019 2374 4044 ,
2408 3978 2570 4033 tantis
2608 3979 2761 4034 bonis
2801 3982 2968 4036 simus
2998 3982 3281 4051 privandi,
3319 3996 3379 4043 et
3410 3988 3550 4044 intra
3584 4000 3804 4058 praesens

2212 4078 2421 4139 tempus
2449 4080 2630 4127 nostra
2661 4072 2956 4127 consistant
2984 4090 2997 4126 :
3021 4076 3201 4130 omnia
3231 4077 3382 4133 enim
3414 4081 3651 4151 pendent
3677 4094 3705 4131 a
3728 4094 3805 4133 re-

2209 4163 2561 4218 surrectione.
2584 4163 2941 4231 Quamobrem
2965 4166 3088 4222 hinc
3107 4183 3326 4240 quoque
3344 4183 3432 4227 est
3452 4174 3799 4244 perspicuum.

2211 4253 2353 4323 quod
2380 4270 2486 4309 non
2510 4255 2816 4324 loqueretur
2838 4257 2906 4312 de
2931 4259 3182 4327 peccatis,
3206 4261 3307 4317 sed
3331 4262 3405 4319 de
3426 4263 3807 4320 resurrectione

2209 4362 2495 4417 corporum
2520 4389 2534 4414 ,
2570 4359 2625 4403 et
2658 4349 2725 4403 de
2755 4351 2860 4404 vita
2906 4352 3157 4420 praesenti
3196 4363 3255 4408 et
3300 4355 3509 4411 futura.
3542 4356 3633 4412 ΞΟ.
3665 4353 3806 4409 Nunc

2209 4451 2378 4495 autem
2406 4439 2638 4496 Christus
2664 4444 2938 4498 resurrexit
2968 4461 3001 4497 a
3029 4448 3264 4510 mortuis,
3292 4450 3548 4516 primitia:
3571 4448 3810 4504 dormien-

2210 4534 2355 4589 tium.
2398 4534 2687 4605 Postquam
2726 4538 2963 4592 ostendit
3000 4549 3129 4607 qttot
3168 4541 3314 4596 mala
3348 4545 3603 4598 oriantur
3627 4559 3689 4598 ex
3718 4557 3805 4605 eo.

2209 4627 2350 4697 quod
2383 4641 2487 4682 non
2518 4629 2767 4684 credatur
2805 4632 3131 4685 resurrectio
3155 4673 3170 4696 ,
3208 4649 3412 4690 rursus
3455 4638 3653 4706 repetit
3681 4634 3808 4706 quod

2210 4720 2411 4774 dictum
2438 4730 2541 4786 est,
2568 4731 2621 4775 et
2646 4721 2775 4775 dicit
2803 4739 2817 4776 :
2849 4720 3005 4776 Nunc
3030 4733 3197 4777 autent
3223 4724 3471 4783 Christus
3497 4728 3809 4783 resurrexita

2210 4814 2464 4878 mortuis;
2493 4815 2750 4869 continuo
2779 4814 3002 4879 addens,
3034 4816 3077 4868 Α
3109 4820 3351 4885 mortuis,
3386 4831 3447 4876 ut
3485 4822 3700 4878 obturet
3727 4836 3809 4876 ora

2210 4903 2609 4961 hiercticorum.
2655 4904 2906 4961 Primitiae
2943 4923 3117 4961 eorum
3152 4910 3242 4979 qui
3274 4888 3629 4969 dormierunt.
3658 4912 3711 4967 Si
3739 4917 3813 4964 est

2207 5009 2387 5054 autem
2437 4999 2716 5068 primitizc,
2754 5015 2849 5054 eos
2892 5015 3106 5071 quoque
3147 5012 3377 5071 oportet
3421 5020 3726 5076 resurgere.
3764 5001 3812 5056 Si

2210 5101 2388 5147 autem
2408 5091 2856 5146 resurrectionem
2878 5092 3082 5146 diceret
3102 5091 3494 5151 liberationem
3516 5113 3545 5151 a
3570 5093 3808 5167 peccatis,

2209 5196 2371 5236 nemo
2398 5191 2575 5237 autem
2606 5192 2687 5237 est
2714 5182 2915 5252 absque
2957 5191 3176 5251 peccato
3205 5182 3225 5251 (
3247 5199 3382 5239 nam
3422 5186 3628 5243 Paulus
3657 5184 3811 5248 dicit,

2210 5274 2364 5330 Nihil
2386 5275 2510 5329 mihi
2529 5276 2758 5329 conscius
2780 5290 2910 5340 sum,
2934 5275 3024 5329 sed
3048 5291 3145 5329 non
3167 5276 3222 5328 in
3244 5276 3351 5330 hoc
3374 5280 3691 5349 iustiﬁcatus
3714 5291 3813 5332 sum

2205 5365 2287 5439 [1.
2318 5369 2438 5425 Cor.
2472 5370 2523 5423 4.
2557 5368 2646 5442 4])
2672 5386 2686 5434 ;
2715 5367 2985 5439 quomodo
3019 5376 3178 5424 erunt
3207 5369 3389 5441 aliqui
3419 5375 3516 5444 qui
3546 5378 3814 5442 resurgant

2209 5462 2503 5519 secundum
2534 5471 2767 5516 vestram
2809 5459 3175 5515 sententiam?
3203 5459 3413 5517 Viden‘
3443 5480 3570 5519 eum
3601 5478 3721 5519 esse
3746 5461 3816 5514 lo-

2209 5564 2432 5628 quntum
2459 5554 2525 5610 de
2545 5554 2900 5624 corporibus?
2926 5552 2993 5607 Et
3015 5562 3068 5608 ut
3093 5552 3193 5607 hoc
3217 5540 3333 5610 ﬁde
3355 5556 3585 5628 dignum
3608 5557 3815 5617 faceret,

2209 5651 2466 5708 continuo
2493 5649 2770 5705 Christum
2798 5647 3014 5703 adducit
3043 5648 3095 5702 in
3137 5647 3388 5703 medium
3410 5694 3426 5716 ,
3457 5652 3551 5721 qui
3585 5651 3638 5705 in
3667 5662 3817 5703 carne

2210 5742 2503 5799 resurrexit
2533 5758 2546 5794 :
2574 5739 2769 5795 deinde
2793 5740 2955 5795 etiam
2979 5737 3136 5795 aﬁ‘ert
3159 5752 3418 5797 causam.
3447 5742 3586 5798 Nam
3616 5754 3671 5798 ut
3694 5739 3814 5805 dixi,

2209 5836 2424 5908 quando
2453 5833 2698 5890 enuntiat
2722 5833 2974 5904 quidem,
3004 5848 3227 5889 causam
3272 5846 3464 5891 autem
3510 5855 3619 5893 non
3660 5837 3807 5896 dicit,

2215 5945 2322 5987 non
2350 5937 2455 5987 tam
2484 5927 2640 5985 facile
2668 5942 2699 5982 a
2727 5926 2909 5983 multis
2934 5925 3240 5983 admittitur
3258 5937 3316 5985 et
3342 5931 3610 5999 probatur
3633 5926 3816 5988 oratio.
