  <div class='ocr_page' id='page_1' title='image "/cluster/home/n/w/nwhite01/storage/ocr_20150623/61:no.10/coo.31924054869619/342.png"; bbox 0 0 3998 6410; ppageno 0'>
   <div class='ocr_carea' id='block_1_1' title="bbox 167 553 1750 628">
    <p class='ocr_par' dir='ltr' id='par_1_1' title="bbox 167 553 1750 628">
     <span class='ocr_line' id='line_1_1' title="bbox 167 553 1750 628; baseline 0.003 -20"><span class='ocrx_word' id='word_1_1' title='bbox 167 555 252 608; x_wconf 84' lang='grc' dir='ltr'>ὅτι</span> <span class='ocrx_word' id='word_1_2' title='bbox 288 553 792 626; x_wconf 76' lang='grc' dir='ltr'>ἐμαρτυρήσαμεν</span> <span class='ocrx_word' id='word_1_3' title='bbox 826 557 1188 623; x_wconf 80' lang='grc' dir='ltr'>κατάὺτοῦ,</span> <span class='ocrx_word' id='word_1_4' title='bbox 1243 560 1333 613; x_wconf 85' lang='grc' dir='ltr'>ὅτι</span> <span class='ocrx_word' id='word_1_5' title='bbox 1386 558 1584 628; x_wconf 79' lang='grc' dir='ltr'>ἤγειρε</span> <span class='ocrx_word' id='word_1_6' title='bbox 1640 557 1750 609; x_wconf 74' lang='grc' dir='ltr'>τὸν</span> 
     </span>
    </p>
   </div>
   <div class='ocr_carea' id='block_1_2' title="bbox 169 637 1751 711">
    <p class='ocr_par' dir='ltr' id='par_1_2' title="bbox 169 637 1751 711">
     <span class='ocr_line' id='line_1_2' title="bbox 169 637 1751 711; baseline 0.001 -20"><span class='ocrx_word' id='word_1_7' title='bbox 169 637 444 706; x_wconf 85' lang='grc' dir='ltr'>Χριστὸν,</span> <span class='ocrx_word' id='word_1_8' title='bbox 497 638 572 692; x_wconf 83' lang='grc' dir='ltr'>ὃν</span> <span class='ocrx_word' id='word_1_9' title='bbox 595 640 706 693; x_wconf 81' lang='grc' dir='ltr'>οὐκ</span> <span class='ocrx_word' id='word_1_10' title='bbox 736 637 996 708; x_wconf 75' lang='grc' dir='ltr'>ἤγειρεν,</span> <span class='ocrx_word' id='word_1_11' title='bbox 1025 643 1192 710; x_wconf 78' lang='grc' dir='ltr'>εἴπερ</span> <span class='ocrx_word' id='word_1_12' title='bbox 1227 641 1340 711; x_wconf 78' lang='grc' dir='ltr'>ἄρα</span> <span class='ocrx_word' id='word_1_13' title='bbox 1383 641 1584 709; x_wconf 75' lang='grc' dir='ltr'>νεκροὶ</span> <span class='ocrx_word' id='word_1_14' title='bbox 1637 641 1751 693; x_wconf 81' lang='grc' dir='ltr'>οὐκ</span> 
     </span>
    </p>
   </div>
   <div class='ocr_carea' id='block_1_3' title="bbox 167 721 1752 795">
    <p class='ocr_par' dir='ltr' id='par_1_3' title="bbox 167 721 1752 795">
     <span class='ocr_line' id='line_1_3' title="bbox 167 721 1752 795; baseline 0.001 -21"><span class='ocrx_word' id='word_1_15' title='bbox 167 721 515 790; x_wconf 76' lang='grc' dir='ltr'>ἐγείρονται.</span> <span class='ocrx_word' id='word_1_16' title='bbox 576 723 637 776; x_wconf 84' lang='grc' dir='ltr'>Εἰ</span> <span class='ocrx_word' id='word_1_17' title='bbox 701 723 758 776; x_wconf 78' lang='grc' dir='ltr'>δὲ</span> <span class='ocrx_word' id='word_1_18' title='bbox 816 723 1015 778; x_wconf 82' lang='grc' dir='ltr'>ἄτοπον</span> <span class='ocrx_word' id='word_1_19' title='bbox 1049 725 1210 778; x_wconf 71' lang='grc' dir='ltr'>τοῦτο</span> <span class='ocrx_word' id='word_1_20' title='bbox 1271 723 1614 795; x_wconf 74' lang='grc' dir='ltr'>(κατηγορία</span> <span class='ocrx_word' id='word_1_21' title='bbox 1641 722 1752 792; x_wconf 82' lang='grc' dir='ltr'>γὰρ</span> 
     </span>
    </p>
   </div>
   <div class='ocr_carea' id='block_1_4' title="bbox 166 803 1750 879">
    <p class='ocr_par' dir='ltr' id='par_1_4' title="bbox 166 803 1750 879">
     <span class='ocr_line' id='line_1_4' title="bbox 166 803 1750 879; baseline 0.001 -23"><span class='ocrx_word' id='word_1_22' title='bbox 166 803 300 858; x_wconf 79' lang='grc' dir='ltr'>Θεοῦ</span> <span class='ocrx_word' id='word_1_23' title='bbox 328 806 423 860; x_wconf 69' lang='grc' dir='ltr'>καὶ</span> <span class='ocrx_word' id='word_1_24' title='bbox 458 805 850 876; x_wconf 77' lang='grc' dir='ltr'>συκοφαντία),</span> <span class='ocrx_word' id='word_1_25' title='bbox 885 808 980 860; x_wconf 83' lang='grc' dir='ltr'>καὶ</span> <span class='ocrx_word' id='word_1_26' title='bbox 1004 809 1104 860; x_wconf 80' lang='grc' dir='ltr'>οὐκ</span> <span class='ocrx_word' id='word_1_27' title='bbox 1156 808 1403 879; x_wconf 76' lang='grc' dir='ltr'>ἧγειρεν,</span> <span class='ocrx_word' id='word_1_28' title='bbox 1458 806 1533 870; x_wconf 83' lang='grc' dir='ltr'>ῶς</span> <span class='ocrx_word' id='word_1_29' title='bbox 1589 822 1750 874; x_wconf 83' lang='grc' dir='ltr'>φατε,</span> 
     </span>
    </p>
   </div>
   <div class='ocr_carea' id='block_1_5' title="bbox 167 888 1752 962">
    <p class='ocr_par' dir='ltr' id='par_1_5' title="bbox 167 888 1752 962">
     <span class='ocr_line' id='line_1_5' title="bbox 167 888 1752 962; baseline -0.001 -20"><span class='ocrx_word' id='word_1_30' title='bbox 167 889 225 942; x_wconf 83' lang='grc' dir='ltr'>ού</span> <span class='ocrx_word' id='word_1_31' title='bbox 254 888 414 942; x_wconf 79' lang='grc' dir='ltr'>τοῦτο</span> <span class='ocrx_word' id='word_1_32' title='bbox 464 891 646 960; x_wconf 82' lang='grc' dir='ltr'>μόνον,</span> <span class='ocrx_word' id='word_1_33' title='bbox 698 889 834 943; x_wconf 90' lang='grc' dir='ltr'>ἀλλά</span> <span class='ocrx_word' id='word_1_34' title='bbox 865 893 958 944; x_wconf 75' lang='grc' dir='ltr'>καὶ</span> <span class='ocrx_word' id='word_1_35' title='bbox 987 892 1152 962; x_wconf 85' lang='grc' dir='ltr'>’ἑτερα</span> <span class='ocrx_word' id='word_1_36' title='bbox 1188 892 1378 962; x_wconf 70' lang='grc' dir='ltr'>ἕψεται</span> <span class='ocrx_word' id='word_1_37' title='bbox 1410 892 1606 946; x_wconf 79' lang='grc' dir='ltr'>ἄτοπα.</span> <span class='ocrx_word' id='word_1_38' title='bbox 1641 888 1752 944; x_wconf 71' lang='grc' dir='ltr'>Καὶ</span> 
     </span>
    </p>
   </div>
   <div class='ocr_carea' id='block_1_6' title="bbox 169 971 1748 1044">
    <p class='ocr_par' dir='ltr' id='par_1_6' title="bbox 169 971 1748 1044">
     <span class='ocr_line' id='line_1_6' title="bbox 169 971 1748 1044; baseline 0.001 -21"><span class='ocrx_word' id='word_1_39' title='bbox 169 971 329 1028; x_wconf 85' lang='grc' dir='ltr'>πάλιν</span> <span class='ocrx_word' id='word_1_40' title='bbox 373 973 514 1026; x_wconf 86' lang='grc' dir='ltr'>αύτά</span> <span class='ocrx_word' id='word_1_41' title='bbox 559 973 988 1038; x_wconf 75' lang='grc' dir='ltr'>κατασκευάζει,</span> <span class='ocrx_word' id='word_1_42' title='bbox 1023 975 1118 1026; x_wconf 68' lang='grc' dir='ltr'>καὶ.</span> <span class='ocrx_word' id='word_1_43' title='bbox 1147 975 1522 1044; x_wconf 78' lang='grc' dir='ltr'>ἀναλαμϐάνει</span> <span class='ocrx_word' id='word_1_44' title='bbox 1553 973 1748 1040; x_wconf 78' lang='grc' dir='ltr'>λέγων’</span> 
     </span>
    </p>
   </div>
   <div class='ocr_carea' id='block_1_7' title="bbox 171 1056 1752 1129">
    <p class='ocr_par' dir='ltr' id='par_1_7' title="bbox 171 1056 1752 1129">
     <span class='ocr_line' id='line_1_7' title="bbox 171 1056 1752 1129; baseline 0 -19"><span class='ocrx_word' id='word_1_45' title='bbox 171 1058 237 1110; x_wconf 80' lang='lat' dir='ltr'><em>El</em></span> <span class='ocrx_word' id='word_1_46' title='bbox 293 1058 403 1126; x_wconf 75' lang='grc' dir='ltr'>γὰρ</span> <span class='ocrx_word' id='word_1_47' title='bbox 455 1056 656 1126; x_wconf 78' lang='grc' dir='ltr'>νεκροί</span> <span class='ocrx_word' id='word_1_48' title='bbox 714 1060 826 1112; x_wconf 81' lang='grc' dir='ltr'>οὐκ</span> <span class='ocrx_word' id='word_1_49' title='bbox 884 1060 1234 1129; x_wconf 61' lang='grc' dir='ltr'>ἐγείρονται,</span> <span class='ocrx_word' id='word_1_50' title='bbox 1295 1057 1438 1112; x_wconf 80' lang='grc' dir='ltr'>οὐδὲ</span> <span class='ocrx_word' id='word_1_51' title='bbox 1499 1057 1752 1126; x_wconf 85' lang='grc' dir='ltr'>Χριστὸς</span> 
     </span>
    </p>
   </div>
   <div class='ocr_carea' id='block_1_8' title="bbox 169 1137 1753 1214">
    <p class='ocr_par' dir='ltr' id='par_1_8' title="bbox 169 1137 1753 1214">
     <span class='ocr_line' id='line_1_8' title="bbox 169 1137 1753 1214; baseline -0.002 -20"><span class='ocrx_word' id='word_1_52' title='bbox 169 1137 494 1207; x_wconf 74' lang='grc' dir='ltr'>ἐγήγερται.</span> <span class='ocrx_word' id='word_1_53' title='bbox 526 1141 588 1193; x_wconf 83' lang='grc' dir='ltr'>Εἰ</span> <span class='ocrx_word' id='word_1_54' title='bbox 619 1139 728 1212; x_wconf 89' lang='lat'>7&amp;9</span> <span class='ocrx_word' id='word_1_55' title='bbox 758 1143 831 1212; x_wconf 81' lang='grc' dir='ltr'>μὴ</span> <span class='ocrx_word' id='word_1_56' title='bbox 865 1141 1059 1214; x_wconf 79' lang='grc' dir='ltr'>ἔμελλε</span> <span class='ocrx_word' id='word_1_57' title='bbox 1103 1143 1263 1196; x_wconf 77' lang='grc' dir='ltr'>τοῦτο</span> <span class='ocrx_word' id='word_1_58' title='bbox 1313 1145 1510 1204; x_wconf 81' lang='grc' dir='ltr'>ποιεῖν,</span> <span class='ocrx_word' id='word_1_59' title='bbox 1544 1141 1655 1193; x_wconf 72' lang='grc' dir='ltr'>οὐδ’</span> <span class='ocrx_word' id='word_1_60' title='bbox 1685 1140 1753 1194; x_wconf 82' lang='grc' dir='ltr'>ἂν</span> 
     </span>
    </p>
   </div>
   <div class='ocr_carea' id='block_1_9' title="bbox 170 1219 1752 1295">
    <p class='ocr_par' dir='ltr' id='par_1_9' title="bbox 170 1219 1752 1295">
     <span class='ocr_line' id='line_1_9' title="bbox 170 1219 1752 1295; baseline 0.003 -22"><span class='ocrx_word' id='word_1_61' title='bbox 170 1221 526 1292; x_wconf 84' lang='grc' dir='ltr'>παρεγένετο.</span> <span class='ocrx_word' id='word_1_62' title='bbox 571 1219 714 1277; x_wconf 81' lang='grc' dir='ltr'>Ἀλλ’</span> <span class='ocrx_word' id='word_1_63' title='bbox 749 1227 810 1278; x_wconf 83' lang='grc' dir='ltr'>οὺ</span> <span class='ocrx_word' id='word_1_64' title='bbox 834 1226 981 1295; x_wconf 83' lang='grc' dir='ltr'><strong>λέγει</strong></span> <span class='ocrx_word' id='word_1_65' title='bbox 1009 1227 1188 1290; x_wconf 76' lang='grc' dir='ltr'>τοῦτο,</span> <span class='ocrx_word' id='word_1_66' title='bbox 1220 1226 1350 1279; x_wconf 85' lang='grc' dir='ltr'>ἀλλά</span> <span class='ocrx_word' id='word_1_67' title='bbox 1377 1226 1432 1278; x_wconf 79' lang='grc' dir='ltr'>τὸ</span> <span class='ocrx_word' id='word_1_68' title='bbox 1453 1225 1627 1287; x_wconf 89' lang='grc' dir='ltr'>τέλος,</span> <span class='ocrx_word' id='word_1_69' title='bbox 1652 1223 1752 1292; x_wconf 84' lang='grc' dir='ltr'>τὴν</span> 
     </span>
    </p>
   </div>
   <div class='ocr_carea' id='block_1_10' title="bbox 170 1307 1754 1381">
    <p class='ocr_par' dir='ltr' id='par_1_10' title="bbox 170 1307 1754 1381">
     <span class='ocr_line' id='line_1_10' title="bbox 170 1307 1754 1381; baseline 0.003 -25"><span class='ocrx_word' id='word_1_70' title='bbox 170 1307 467 1360; x_wconf 82' lang='grc' dir='ltr'>ἀνάστασιν</span> <span class='ocrx_word' id='word_1_71' title='bbox 515 1307 705 1372; x_wconf 79' lang='grc' dir='ltr'>αὐτοῦ,</span> <span class='ocrx_word' id='word_1_72' title='bbox 755 1308 821 1362; x_wconf 80' lang='grc' dir='ltr'>δι’</span> <span class='ocrx_word' id='word_1_73' title='bbox 852 1311 1021 1381; x_wconf 83' lang='grc' dir='ltr'>αὐτῆς</span> <span class='ocrx_word' id='word_1_74' title='bbox 1074 1311 1286 1375; x_wconf 84' lang='grc' dir='ltr'>πάντας</span> <span class='ocrx_word' id='word_1_75' title='bbox 1319 1311 1514 1364; x_wconf 75' lang='grc' dir='ltr'>ἕλκων.</span> <span class='ocrx_word' id='word_1_76' title='bbox 1566 1311 1637 1362; x_wconf 72' lang='grc' dir='ltr'>Εἰ</span> <span class='ocrx_word' id='word_1_77' title='bbox 1684 1307 1754 1360; x_wconf 74' lang='grc' dir='ltr'>δὲ</span> 
     </span>
    </p>
   </div>
   <div class='ocr_carea' id='block_1_11' title="bbox 166 1389 1752 1464">
    <p class='ocr_par' dir='ltr' id='par_1_11' title="bbox 166 1389 1752 1464">
     <span class='ocr_line' id='line_1_11' title="bbox 166 1389 1752 1464; baseline 0.003 -24"><span class='ocrx_word' id='word_1_78' title='bbox 166 1389 426 1456; x_wconf 79' lang='grc' dir='ltr'>Χριστὸς</span> <span class='ocrx_word' id='word_1_79' title='bbox 451 1393 561 1444; x_wconf 80' lang='grc' dir='ltr'>οὐκ</span> <span class='ocrx_word' id='word_1_80' title='bbox 595 1391 923 1462; x_wconf 71' lang='grc' dir='ltr'>ἐγήγερται,</span> <span class='ocrx_word' id='word_1_81' title='bbox 955 1396 1178 1464; x_wconf 74' lang='grc' dir='ltr'>ματαία</span> <span class='ocrx_word' id='word_1_82' title='bbox 1217 1395 1256 1462; x_wconf 75' lang='grc' dir='ltr'><em>ἠ</em></span> <span class='ocrx_word' id='word_1_83' title='bbox 1309 1395 1516 1460; x_wconf 75' lang='grc' dir='ltr'>πίστις</span> <span class='ocrx_word' id='word_1_84' title='bbox 1565 1391 1752 1461; x_wconf 82' lang='grc' dir='ltr'>ὑμῶν.</span> 
     </span>
    </p>
   </div>
   <div class='ocr_carea' id='block_1_12' title="bbox 167 1472 1750 1549">
    <p class='ocr_par' dir='ltr' id='par_1_12' title="bbox 167 1472 1750 1549">
     <span class='ocr_line' id='line_1_12' title="bbox 167 1472 1750 1549; baseline 0.001 -21"><span class='ocrx_word' id='word_1_85' title='bbox 167 1472 258 1542; x_wconf 82' lang='grc' dir='ltr'>Τῷ</span> <span class='ocrx_word' id='word_1_86' title='bbox 319 1475 480 1540; x_wconf 78' lang='grc' dir='ltr'>σαφεῖ</span> <span class='ocrx_word' id='word_1_87' title='bbox 533 1475 627 1527; x_wconf 74' lang='grc' dir='ltr'>καὶ</span> <span class='ocrx_word' id='word_1_88' title='bbox 684 1476 1096 1549; x_wconf 83' lang='grc' dir='ltr'>ὡμολογημένῳ</span> <span class='ocrx_word' id='word_1_89' title='bbox 1153 1479 1253 1547; x_wconf 67' lang='grc' dir='ltr'>τὴν</span> <span class='ocrx_word' id='word_1_90' title='bbox 1307 1478 1607 1530; x_wconf 75' lang='grc' dir='ltr'>ἀνάστασιν</span> <span class='ocrx_word' id='word_1_91' title='bbox 1656 1475 1750 1530; x_wconf 78' lang='grc' dir='ltr'>τοῦ</span> 
     </span>
    </p>
   </div>
   <div class='ocr_carea' id='block_1_13' title="bbox 166 1556 1752 1631">
    <p class='ocr_par' dir='ltr' id='par_1_13' title="bbox 166 1556 1752 1631">
     <span class='ocr_line' id='line_1_13' title="bbox 166 1556 1752 1631; baseline 0.001 -21"><span class='ocrx_word' id='word_1_92' title='bbox 166 1556 409 1627; x_wconf 77' lang='grc' dir='ltr'>Χριστοῦ</span> <span class='ocrx_word' id='word_1_93' title='bbox 439 1559 676 1628; x_wconf 88' lang='grc' dir='ltr'>συνεχῶς</span> <span class='ocrx_word' id='word_1_94' title='bbox 711 1561 1074 1631; x_wconf 75' lang='grc' dir='ltr'>περιτίθησιν,</span> <span class='ocrx_word' id='word_1_95' title='bbox 1109 1561 1216 1614; x_wconf 73' lang='grc' dir='ltr'>ἀπὸ</span> <span class='ocrx_word' id='word_1_96' title='bbox 1257 1561 1352 1614; x_wconf 77' lang='grc' dir='ltr'>τοῦ</span> <span class='ocrx_word' id='word_1_97' title='bbox 1400 1559 1752 1630; x_wconf 79' lang='grc' dir='ltr'>ἰσχυροτέρου</span> 
     </span>
    </p>
   </div>
   <div class='ocr_carea' id='block_1_14' title="bbox 166 1637 1752 1714">
    <p class='ocr_par' dir='ltr' id='par_1_14' title="bbox 166 1637 1752 1714">
     <span class='ocr_line' id='line_1_14' title="bbox 166 1637 1752 1714; baseline 0.001 -21"><span class='ocrx_word' id='word_1_98' title='bbox 166 1641 261 1694; x_wconf 82' lang='grc' dir='ltr'>καὶ</span> <span class='ocrx_word' id='word_1_99' title='bbox 293 1641 356 1692; x_wconf 82' lang='grc' dir='ltr'>τὸ</span> <span class='ocrx_word' id='word_1_100' title='bbox 398 1639 622 1704; x_wconf 84' lang='grc' dir='ltr'>ἀσθενὲς</span> <span class='ocrx_word' id='word_1_101' title='bbox 652 1637 787 1696; x_wconf 83' lang='grc' dir='ltr'>εἶναι</span> <span class='ocrx_word' id='word_1_102' title='bbox 819 1643 1010 1698; x_wconf 77' lang='grc' dir='ltr'>δοκοῦν</span> <span class='ocrx_word' id='word_1_103' title='bbox 1059 1645 1153 1696; x_wconf 68' lang='grc' dir='ltr'>καὶ</span> <span class='ocrx_word' id='word_1_104' title='bbox 1199 1643 1502 1714; x_wconf 63' lang='grc' dir='ltr'>ἀμφίϐολον</span> <span class='ocrx_word' id='word_1_105' title='bbox 1536 1643 1752 1714; x_wconf 80' lang='grc' dir='ltr'>ἰσχυρὸν</span> 
     </span>
    </p>
   </div>
   <div class='ocr_carea' id='block_1_15' title="bbox 167 1723 1754 1796">
    <p class='ocr_par' dir='ltr' id='par_1_15' title="bbox 167 1723 1754 1796">
     <span class='ocr_line' id='line_1_15' title="bbox 167 1723 1754 1796; baseline 0.002 -21"><span class='ocrx_word' id='word_1_106' title='bbox 167 1723 340 1776; x_wconf 79' lang='grc' dir='ltr'>ποιῶν</span> <span class='ocrx_word' id='word_1_107' title='bbox 391 1725 484 1776; x_wconf 67' lang='grc' dir='ltr'>καὶ</span> <span class='ocrx_word' id='word_1_108' title='bbox 539 1726 727 1794; x_wconf 84' lang='grc' dir='ltr'>σαφές.</span> <span class='ocrx_word' id='word_1_109' title='bbox 783 1728 905 1780; x_wconf 83' lang='grc' dir='ltr'>Ἔτι</span> <span class='ocrx_word' id='word_1_110' title='bbox 934 1727 1078 1780; x_wconf 84' lang='grc' dir='ltr'>ἐστέ</span> <span class='ocrx_word' id='word_1_111' title='bbox 1124 1728 1194 1780; x_wconf 84' lang='grc' dir='ltr'>ἐν</span> <span class='ocrx_word' id='word_1_112' title='bbox 1249 1727 1378 1792; x_wconf 84' lang='grc' dir='ltr'>ταῖς</span> <span class='ocrx_word' id='word_1_113' title='bbox 1438 1727 1754 1796; x_wconf 80' lang='grc' dir='ltr'>ἁμαρτίαις</span> 
     </span>
    </p>
   </div>
   <div class='ocr_carea' id='block_1_16' title="bbox 167 1807 1756 1882">
    <p class='ocr_par' dir='ltr' id='par_1_16' title="bbox 167 1807 1756 1882">
     <span class='ocr_line' id='line_1_16' title="bbox 167 1807 1756 1882; baseline 0 -20"><span class='ocrx_word' id='word_1_114' title='bbox 167 1807 354 1877; x_wconf 77' lang='grc' dir='ltr'>ὑμῶν.</span> <span class='ocrx_word' id='word_1_115' title='bbox 393 1809 456 1860; x_wconf 85' lang='grc' dir='ltr'>Εἰ</span> <span class='ocrx_word' id='word_1_116' title='bbox 480 1809 590 1880; x_wconf 78' lang='grc' dir='ltr'>γάρ</span> <span class='ocrx_word' id='word_1_117' title='bbox 617 1809 716 1862; x_wconf 79' lang='grc' dir='ltr'>οὐκ</span> <span class='ocrx_word' id='word_1_118' title='bbox 743 1809 980 1882; x_wconf 64' lang='grc' dir='ltr'>ἠγέρθη,</span> <span class='ocrx_word' id='word_1_119' title='bbox 1011 1810 1132 1864; x_wconf 78' lang='grc' dir='ltr'>οὐδὲ</span> <span class='ocrx_word' id='word_1_120' title='bbox 1164 1810 1456 1864; x_wconf 83' lang='grc' dir='ltr'>ἀπέθανεν’</span> <span class='ocrx_word' id='word_1_121' title='bbox 1492 1813 1540 1866; x_wconf 89' lang='grc' dir='ltr'>εἱ</span> <span class='ocrx_word' id='word_1_122' title='bbox 1567 1809 1624 1864; x_wconf 80' lang='grc' dir='ltr'>δὲ</span> <span class='ocrx_word' id='word_1_123' title='bbox 1654 1811 1756 1863; x_wconf 84' lang='grc' dir='ltr'>ούκ</span> 
     </span>
    </p>
   </div>
   <div class='ocr_carea' id='block_1_17' title="bbox 164 1893 1752 1964">
    <p class='ocr_par' dir='ltr' id='par_1_17' title="bbox 164 1893 1752 1964">
     <span class='ocr_line' id='line_1_17' title="bbox 164 1893 1752 1964; baseline 0.001 -19"><span class='ocrx_word' id='word_1_124' title='bbox 164 1893 462 1956; x_wconf 88' lang='grc' dir='ltr'>ἀπέθανεν,</span> <span class='ocrx_word' id='word_1_125' title='bbox 487 1893 608 1946; x_wconf 73' lang='grc' dir='ltr'>οὐδὲ</span> <span class='ocrx_word' id='word_1_126' title='bbox 637 1893 733 1964; x_wconf 82' lang='grc' dir='ltr'>τὴν</span> <span class='ocrx_word' id='word_1_127' title='bbox 765 1895 1039 1964; x_wconf 80' lang='grc' dir='ltr'>ἁμαρτίαν</span> <span class='ocrx_word' id='word_1_128' title='bbox 1071 1893 1282 1947; x_wconf 73' lang='grc' dir='ltr'>ἔλυσενο</span> <span class='ocrx_word' id='word_1_129' title='bbox 1315 1897 1344 1946; x_wconf 87' lang='grc' dir='ltr'>ό</span> <span class='ocrx_word' id='word_1_130' title='bbox 1377 1893 1488 1962; x_wconf 81' lang='lat'>7&amp;9</span> <span class='ocrx_word' id='word_1_131' title='bbox 1521 1894 1752 1958; x_wconf 76' lang='grc' dir='ltr'>Θάνατος</span> 
     </span>
    </p>
   </div>
   <div class='ocr_carea' id='block_1_18' title="bbox 164 1975 1754 2050">
    <p class='ocr_par' dir='ltr' id='par_1_18' title="bbox 164 1975 1754 2050">
     <span class='ocr_line' id='line_1_18' title="bbox 164 1975 1754 2050; baseline 0 -20"><span class='ocrx_word' id='word_1_132' title='bbox 164 1976 356 2036; x_wconf 77' lang='grc' dir='ltr'>αὐτοῦ,</span> <span class='ocrx_word' id='word_1_133' title='bbox 391 1977 493 2046; x_wconf 76' lang='grc' dir='ltr'>τῆς</span> <span class='ocrx_word' id='word_1_134' title='bbox 519 1978 793 2049; x_wconf 86' lang='grc' dir='ltr'>ἁμαρτίας</span> <span class='ocrx_word' id='word_1_135' title='bbox 824 1975 972 2050; x_wconf 74' lang='grc' dir='ltr'>[5ϋ5]</span> <span class='ocrx_word' id='word_1_136' title='bbox 1005 1978 1178 2042; x_wconf 73' lang='grc' dir='ltr'>λύσιςο</span> <span class='ocrx_word' id='word_1_137' title='bbox 1211 1979 1332 2033; x_wconf 84' lang='grc' dir='ltr'>Ἴδε</span> <span class='ocrx_word' id='word_1_138' title='bbox 1355 1980 1484 2050; x_wconf 75' lang='grc' dir='ltr'>γάρ,</span> <span class='ocrx_word' id='word_1_139' title='bbox 1513 1979 1698 2050; x_wconf 71' lang='grc' dir='ltr'>φησὶν,</span> <span class='ocrx_word' id='word_1_140' title='bbox 1721 1981 1754 2030; x_wconf 85' lang='grc' dir='ltr'><em>ὁ</em></span> 
     </span>
    </p>
   </div>
   <div class='ocr_carea' id='block_1_19' title="bbox 177 2059 1753 2131">
    <p class='ocr_par' dir='ltr' id='par_1_19' title="bbox 177 2059 1753 2131">
     <span class='ocr_line' id='line_1_19' title="bbox 177 2059 1753 2131; baseline 0.001 -18"><span class='ocrx_word' id='word_1_141' title='bbox 177 2059 398 2128; x_wconf 80' lang='grc' dir='ltr'>Ἀμνός</span> <span class='ocrx_word' id='word_1_142' title='bbox 431 2061 537 2113; x_wconf 77' lang='grc' dir='ltr'>τοῦ</span> <span class='ocrx_word' id='word_1_143' title='bbox 596 2060 745 2114; x_wconf 83' lang='grc' dir='ltr'>Θεοῦ</span> <span class='ocrx_word' id='word_1_144' title='bbox 797 2065 829 2113; x_wconf 88' lang='grc' dir='ltr'>ό</span> <span class='ocrx_word' id='word_1_145' title='bbox 882 2063 1067 2128; x_wconf 73' lang='grc' dir='ltr'>αἴρων</span> <span class='ocrx_word' id='word_1_146' title='bbox 1125 2061 1239 2127; x_wconf 71' lang='grc' dir='ltr'>τὴν</span> <span class='ocrx_word' id='word_1_147' title='bbox 1289 2063 1583 2131; x_wconf 76' lang='grc' dir='ltr'>ἁμαρτίαν</span> <span class='ocrx_word' id='word_1_148' title='bbox 1644 2061 1753 2115; x_wconf 85' lang='grc' dir='ltr'>τοῦ</span> 
     </span>
    </p>
   </div>
   <div class='ocr_carea' id='block_1_20' title="bbox 167 2144 1755 2218">
    <p class='ocr_par' dir='ltr' id='par_1_20' title="bbox 167 2144 1755 2218">
     <span class='ocr_line' id='line_1_20' title="bbox 167 2144 1755 2218; baseline 0.001 -22"><span class='ocrx_word' id='word_1_149' title='bbox 167 2145 426 2213; x_wconf 81' lang='grc' dir='ltr'>κόσμου.</span> <span class='ocrx_word' id='word_1_150' title='bbox 471 2145 594 2208; x_wconf 85' lang='grc' dir='ltr'>Πῶς</span> <span class='ocrx_word' id='word_1_151' title='bbox 621 2145 678 2198; x_wconf 84' lang='grc' dir='ltr'>δέ</span> <span class='ocrx_word' id='word_1_152' title='bbox 704 2145 904 2216; x_wconf 80' lang='grc' dir='ltr'>αῖρων;</span> <span class='ocrx_word' id='word_1_153' title='bbox 947 2146 1037 2216; x_wconf 83' lang='grc' dir='ltr'>Τῷ</span> <span class='ocrx_word' id='word_1_154' title='bbox 1066 2146 1301 2218; x_wconf 86' lang='grc' dir='ltr'>θανάτῳ.</span> <span class='ocrx_word' id='word_1_155' title='bbox 1331 2147 1423 2199; x_wconf 85' lang='grc' dir='ltr'>Διὸ</span> <span class='ocrx_word' id='word_1_156' title='bbox 1455 2146 1551 2200; x_wconf 67' lang='grc' dir='ltr'>καλ⁵</span> <span class='ocrx_word' id='word_1_157' title='bbox 1581 2144 1755 2213; x_wconf 78' lang='grc' dir='ltr'>ἀμνὸν</span> 
     </span>
    </p>
   </div>
   <div class='ocr_carea' id='block_1_21' title="bbox 164 2226 1756 2301">
    <p class='ocr_par' dir='ltr' id='par_1_21' title="bbox 164 2226 1756 2301">
     <span class='ocr_line' id='line_1_21' title="bbox 164 2226 1756 2301; baseline 0.003 -25"><span class='ocrx_word' id='word_1_158' title='bbox 164 2226 451 2291; x_wconf 84' lang='grc' dir='ltr'>ἐκάλεσεν,</span> <span class='ocrx_word' id='word_1_159' title='bbox 483 2229 557 2291; x_wconf 84' lang='grc' dir='ltr'>ὡς</span> <span class='ocrx_word' id='word_1_160' title='bbox 589 2229 980 2299; x_wconf 73' lang='grc' dir='ltr'>σφαττόμενον.</span> <span class='ocrx_word' id='word_1_161' title='bbox 1019 2231 1080 2283; x_wconf 84' lang='grc' dir='ltr'>Εἰ</span> <span class='ocrx_word' id='word_1_162' title='bbox 1127 2230 1184 2284; x_wconf 79' lang='grc' dir='ltr'>δὲ</span> <span class='ocrx_word' id='word_1_163' title='bbox 1233 2231 1334 2284; x_wconf 77' lang='grc' dir='ltr'>οὑκ</span> <span class='ocrx_word' id='word_1_164' title='bbox 1363 2229 1586 2301; x_wconf 78' lang='grc' dir='ltr'>ἀνέστη,</span> <span class='ocrx_word' id='word_1_165' title='bbox 1631 2229 1756 2282; x_wconf 82' lang='grc' dir='ltr'>οὐδὲ</span> 
     </span>
    </p>
   </div>
   <div class='ocr_carea' id='block_1_22' title="bbox 165 2313 1753 2386">
    <p class='ocr_par' dir='ltr' id='par_1_22' title="bbox 165 2313 1753 2386">
     <span class='ocr_line' id='line_1_22' title="bbox 165 2313 1753 2386; baseline 0.003 -24"><span class='ocrx_word' id='word_1_166' title='bbox 165 2313 408 2380; x_wconf 86' lang='grc' dir='ltr'>ἐσφάγη’</span> <span class='ocrx_word' id='word_1_167' title='bbox 443 2313 492 2364; x_wconf 80' lang='grc' dir='ltr'>εί</span> <span class='ocrx_word' id='word_1_168' title='bbox 543 2313 602 2366; x_wconf 84' lang='grc' dir='ltr'>δὲ</span> <span class='ocrx_word' id='word_1_169' title='bbox 652 2313 752 2366; x_wconf 83' lang='grc' dir='ltr'>οὐκ</span> <span class='ocrx_word' id='word_1_170' title='bbox 787 2315 1027 2386; x_wconf 84' lang='grc' dir='ltr'>ἐσφάγη.</span> <span class='ocrx_word' id='word_1_171' title='bbox 1073 2315 1195 2368; x_wconf 81' lang='grc' dir='ltr'>οὐδὲ</span> <span class='ocrx_word' id='word_1_172' title='bbox 1221 2316 1253 2386; x_wconf 86' lang='grc' dir='ltr'><strong>ἡ</strong></span> <span class='ocrx_word' id='word_1_173' title='bbox 1283 2315 1528 2384; x_wconf 89' lang='grc' dir='ltr'>ἁμαρτία</span> <span class='ocrx_word' id='word_1_174' title='bbox 1565 2313 1753 2385; x_wconf 62' lang='grc' dir='ltr'>ἐλύθη⁹</span> 
     </span>
    </p>
   </div>
   <div class='ocr_carea' id='block_1_23' title="bbox 165 2396 1754 2470">
    <p class='ocr_par' dir='ltr' id='par_1_23' title="bbox 165 2396 1754 2470">
     <span class='ocr_line' id='line_1_23' title="bbox 165 2396 1754 2470; baseline 0.002 -22"><span class='ocrx_word' id='word_1_175' title='bbox 165 2397 214 2452; x_wconf 80' lang='grc' dir='ltr'>εἰ</span> <span class='ocrx_word' id='word_1_176' title='bbox 232 2396 289 2449; x_wconf 85' lang='grc' dir='ltr'>δέ</span> <span class='ocrx_word' id='word_1_177' title='bbox 304 2396 407 2450; x_wconf 77' lang='grc' dir='ltr'>οὐκ</span> <span class='ocrx_word' id='word_1_178' title='bbox 433 2396 618 2469; x_wconf 82' lang='grc' dir='ltr'>ἐλύθη,</span> <span class='ocrx_word' id='word_1_179' title='bbox 641 2398 698 2449; x_wconf 84' lang='grc' dir='ltr'>ἐν</span> <span class='ocrx_word' id='word_1_180' title='bbox 727 2399 864 2469; x_wconf 76' lang='grc' dir='ltr'>αὐτῇ</span> <span class='ocrx_word' id='word_1_181' title='bbox 894 2399 1039 2451; x_wconf 82' lang='grc' dir='ltr'>ἐστε·</span> <span class='ocrx_word' id='word_1_182' title='bbox 1067 2399 1191 2452; x_wconf 80' lang='grc' dir='ltr'>εἰδὲ</span> <span class='ocrx_word' id='word_1_183' title='bbox 1219 2401 1275 2452; x_wconf 79' lang='grc' dir='ltr'>ἐν</span> <span class='ocrx_word' id='word_1_184' title='bbox 1297 2401 1435 2470; x_wconf 80' lang='grc' dir='ltr'>αὐτῇ</span> <span class='ocrx_word' id='word_1_185' title='bbox 1458 2399 1603 2459; x_wconf 85' lang='grc' dir='ltr'>ἐστε,</span> <span class='ocrx_word' id='word_1_186' title='bbox 1627 2399 1754 2470; x_wconf 78' lang='grc' dir='ltr'>εἰκῆ</span> 
     </span>
    </p>
   </div>
   <div class='ocr_carea' id='block_1_24' title="bbox 166 2477 1750 2554">
    <p class='ocr_par' dir='ltr' id='par_1_24' title="bbox 166 2477 1750 2554">
     <span class='ocr_line' id='line_1_24' title="bbox 166 2477 1750 2554; baseline 0.005 -24"><span class='ocrx_word' id='word_1_187' title='bbox 166 2477 536 2548; x_wconf 78' lang='grc' dir='ltr'>ἐκηρύξαμεν·</span> <span class='ocrx_word' id='word_1_188' title='bbox 557 2482 606 2532; x_wconf 89' lang='grc' dir='ltr'>εἰ</span> <span class='ocrx_word' id='word_1_189' title='bbox 627 2481 682 2533; x_wconf 82' lang='grc' dir='ltr'>δὲ</span> <span class='ocrx_word' id='word_1_190' title='bbox 704 2481 826 2551; x_wconf 76' lang='grc' dir='ltr'>εἰκῆ</span> <span class='ocrx_word' id='word_1_191' title='bbox 847 2482 1215 2554; x_wconf 80' lang='grc' dir='ltr'>ἐκηρύξαμεν,</span> <span class='ocrx_word' id='word_1_192' title='bbox 1232 2484 1352 2554; x_wconf 83' lang='grc' dir='ltr'>εἰκῆ</span> <span class='ocrx_word' id='word_1_193' title='bbox 1371 2482 1750 2538; x_wconf 84' lang='grc' dir='ltr'>ἐπιστεύσατε.</span> 
     </span>
    </p>
   </div>
   <div class='ocr_carea' id='block_1_25' title="bbox 169 2561 1751 2637">
    <p class='ocr_par' dir='ltr' id='par_1_25' title="bbox 169 2561 1751 2637">
     <span class='ocr_line' id='line_1_25' title="bbox 169 2561 1751 2637; baseline 0.004 -23"><span class='ocrx_word' id='word_1_194' title='bbox 169 2561 385 2626; x_wconf 82' lang='grc' dir='ltr'>Ἀλλως</span> <span class='ocrx_word' id='word_1_195' title='bbox 406 2562 462 2616; x_wconf 83' lang='grc' dir='ltr'>δὲ</span> <span class='ocrx_word' id='word_1_196' title='bbox 483 2565 578 2616; x_wconf 71' lang='grc' dir='ltr'>καὶ</span> <span class='ocrx_word' id='word_1_197' title='bbox 593 2567 620 2617; x_wconf 82' lang='lat'>6</span> <span class='ocrx_word' id='word_1_198' title='bbox 637 2563 866 2630; x_wconf 83' lang='grc' dir='ltr'>θάνατος</span> <span class='ocrx_word' id='word_1_199' title='bbox 883 2567 1152 2628; x_wconf 83' lang='grc' dir='ltr'>ἀθάνατος</span> <span class='ocrx_word' id='word_1_200' title='bbox 1178 2567 1410 2636; x_wconf 81' lang='grc' dir='ltr'>μένει,εί</span> <span class='ocrx_word' id='word_1_201' title='bbox 1433 2568 1507 2637; x_wconf 84' lang='grc' dir='ltr'>μὴ</span> <span class='ocrx_word' id='word_1_202' title='bbox 1527 2567 1751 2636; x_wconf 80' lang='grc' dir='ltr'>ἀνέστη.</span> 
     </span>
    </p>
   </div>
   <div class='ocr_carea' id='block_1_26' title="bbox 169 2645 1756 2720">
    <p class='ocr_par' dir='ltr' id='par_1_26' title="bbox 169 2645 1756 2720">
     <span class='ocr_line' id='line_1_26' title="bbox 169 2645 1756 2720; baseline 0.005 -24"><span class='ocrx_word' id='word_1_203' title='bbox 169 2645 230 2696; x_wconf 77' lang='grc' dir='ltr'><strong>Εἰ</strong></span> <span class='ocrx_word' id='word_1_204' title='bbox 261 2645 374 2715; x_wconf 85' lang='lat'>7&amp;9</span> <span class='ocrx_word' id='word_1_205' title='bbox 405 2648 500 2700; x_wconf 80' lang='grc' dir='ltr'>καὶ</span> <span class='ocrx_word' id='word_1_206' title='bbox 533 2647 694 2711; x_wconf 78' lang='grc' dir='ltr'>αὐτὸς</span> <span class='ocrx_word' id='word_1_207' title='bbox 723 2650 1028 2720; x_wconf 75' lang='grc' dir='ltr'>κατεσχέθη</span> <span class='ocrx_word' id='word_1_208' title='bbox 1078 2651 1182 2706; x_wconf 77' lang='grc' dir='ltr'>ὑπὸ</span> <span class='ocrx_word' id='word_1_209' title='bbox 1225 2651 1320 2704; x_wconf 72' lang='grc' dir='ltr'>τοῦ</span> <span class='ocrx_word' id='word_1_210' title='bbox 1369 2651 1624 2715; x_wconf 87' lang='grc' dir='ltr'>θανάτου,</span> <span class='ocrx_word' id='word_1_211' title='bbox 1660 2652 1756 2705; x_wconf 73' lang='grc' dir='ltr'>καὶ</span> 
     </span>
    </p>
   </div>
   <div class='ocr_carea' id='block_1_27' title="bbox 166 2727 1756 2800">
    <p class='ocr_par' dir='ltr' id='par_1_27' title="bbox 166 2727 1756 2800">
     <span class='ocr_line' id='line_1_27' title="bbox 166 2727 1756 2800; baseline 0.006 -22"><span class='ocrx_word' id='word_1_212' title='bbox 166 2727 268 2780; x_wconf 76' lang='grc' dir='ltr'>οὐκ</span> <span class='ocrx_word' id='word_1_213' title='bbox 319 2728 510 2782; x_wconf 74' lang='grc' dir='ltr'>ἐσλυσεν</span> <span class='ocrx_word' id='word_1_214' title='bbox 540 2730 708 2784; x_wconf 76' lang='grc' dir='ltr'>αὑτοῦ</span> <span class='ocrx_word' id='word_1_215' title='bbox 765 2732 864 2800; x_wconf 73' lang='grc' dir='ltr'>τάς</span> <span class='ocrx_word' id='word_1_216' title='bbox 909 2733 1126 2798; x_wconf 79' lang='grc' dir='ltr'>ὠδῖνας,</span> <span class='ocrx_word' id='word_1_217' title='bbox 1181 2734 1298 2797; x_wconf 85' lang='grc' dir='ltr'>πῶς</span> <span class='ocrx_word' id='word_1_218' title='bbox 1357 2735 1569 2798; x_wconf 87' lang='grc' dir='ltr'>πάντας</span> <span class='ocrx_word' id='word_1_219' title='bbox 1629 2736 1756 2798; x_wconf 73' lang='grc' dir='ltr'>τοὺς</span> 
     </span>
    </p>
   </div>
   <div class='ocr_carea' id='block_1_28' title="bbox 167 2809 1756 2887">
    <p class='ocr_par' dir='ltr' id='par_1_28' title="bbox 167 2809 1756 2887">
     <span class='ocr_line' id='line_1_28' title="bbox 167 2809 1756 2887; baseline 0.005 -25"><span class='ocrx_word' id='word_1_220' title='bbox 167 2809 366 2874; x_wconf 81' lang='grc' dir='ltr'>ἄλλους</span> <span class='ocrx_word' id='word_1_221' title='bbox 411 2812 724 2884; x_wconf 79' lang='grc' dir='ltr'>ἀπήλλαξεν</span> <span class='ocrx_word' id='word_1_222' title='bbox 771 2815 852 2868; x_wconf 79' lang='grc' dir='ltr'>ἔτι</span> <span class='ocrx_word' id='word_1_223' title='bbox 893 2817 1054 2878; x_wconf 70' lang='grc' dir='ltr'>αὐτὸς</span> <span class='ocrx_word' id='word_1_224' title='bbox 1101 2817 1502 2887; x_wconf 84' lang='grc' dir='ltr'>κατεχόμενος;</span> <span class='ocrx_word' id='word_1_225' title='bbox 1541 2817 1630 2870; x_wconf 64' lang='grc' dir='ltr'>Διί)</span> <span class='ocrx_word' id='word_1_226' title='bbox 1663 2819 1756 2870; x_wconf 71' lang='grc' dir='ltr'>καὶ</span> 
     </span>
    </p>
   </div>
   <div class='ocr_carea' id='block_1_29' title="bbox 167 2896 1758 2968">
    <p class='ocr_par' dir='ltr' id='par_1_29' title="bbox 167 2896 1758 2968">
     <span class='ocr_line' id='line_1_29' title="bbox 167 2896 1758 2968; baseline 0.004 -20"><span class='ocrx_word' id='word_1_227' title='bbox 167 2896 408 2962; x_wconf 80' lang='grc' dir='ltr'>ἐπάγει·</span> <span class='ocrx_word' id='word_1_228' title='bbox 463 2899 604 2964; x_wconf 74' lang='grc' dir='ltr'>’Ἆρα</span> <span class='ocrx_word' id='word_1_229' title='bbox 667 2898 766 2952; x_wconf 79' lang='grc' dir='ltr'>καὶ</span> <span class='ocrx_word' id='word_1_230' title='bbox 833 2903 886 2953; x_wconf 79' lang='grc' dir='ltr'>οἰ</span> <span class='ocrx_word' id='word_1_231' title='bbox 951 2900 1338 2968; x_wconf 65' lang='grc' dir='ltr'>κοιμηθέντες</span> <span class='ocrx_word' id='word_1_232' title='bbox 1397 2901 1468 2954; x_wconf 72' lang='grc' dir='ltr'>ἐν</span> <span class='ocrx_word' id='word_1_233' title='bbox 1523 2900 1758 2968; x_wconf 87' lang='grc' dir='ltr'>Χριστῷ</span> 
     </span>
    </p>
   </div>
   <div class='ocr_carea' id='block_1_30' title="bbox 165 2979 1758 3056">
    <p class='ocr_par' dir='ltr' id='par_1_30' title="bbox 165 2979 1758 3056">
     <span class='ocr_line' id='line_1_30' title="bbox 165 2979 1758 3056; baseline 0.003 -22"><span class='ocrx_word' id='word_1_234' title='bbox 165 2979 508 3034; x_wconf 71' lang='grc' dir='ltr'>ἀπώλοντο.</span> <span class='ocrx_word' id='word_1_235' title='bbox 547 2982 658 3034; x_wconf 74' lang='grc' dir='ltr'>Καὶ</span> <span class='ocrx_word' id='word_1_236' title='bbox 681 2983 734 3034; x_wconf 88' lang='grc' dir='ltr'>τί</span> <span class='ocrx_word' id='word_1_237' title='bbox 768 2983 914 3050; x_wconf 82' lang='grc' dir='ltr'>λέγω</span> <span class='ocrx_word' id='word_1_238' title='bbox 940 2986 1069 3054; x_wconf 77' lang='grc' dir='ltr'>περὶ</span> <span class='ocrx_word' id='word_1_239' title='bbox 1101 2983 1276 3054; x_wconf 83' lang='grc' dir='ltr'>ὑμῶν,</span> <span class='ocrx_word' id='word_1_240' title='bbox 1309 2985 1494 3056; x_wconf 70' lang='grc' dir='ltr'>φησὶν,</span> <span class='ocrx_word' id='word_1_241' title='bbox 1529 2986 1663 3038; x_wconf 82' lang='grc' dir='ltr'>ὅπου</span> <span class='ocrx_word' id='word_1_242' title='bbox 1691 3003 1758 3051; x_wconf 90' lang='grc' dir='ltr'>γε</span> 
     </span>
    </p>
   </div>
   <div class='ocr_carea' id='block_1_31' title="bbox 167 3063 1758 3128">
    <p class='ocr_par' dir='ltr' id='par_1_31' title="bbox 167 3063 1758 3128">
     <span class='ocr_line' id='line_1_31' title="bbox 167 3063 1758 3128; baseline 0.004 -13"><span class='ocrx_word' id='word_1_243' title='bbox 167 3063 265 3115; x_wconf 78' lang='grc' dir='ltr'>καὶ</span> <span class='ocrx_word' id='word_1_244' title='bbox 297 3063 498 3115; x_wconf 85' lang='grc' dir='ltr'>ἐκεῖνοι</span> <span class='ocrx_word' id='word_1_245' title='bbox 537 3064 738 3128; x_wconf 78' lang='grc' dir='ltr'>πάντες</span> <span class='ocrx_word' id='word_1_246' title='bbox 771 3065 1142 3125; x_wconf 85' lang='grc' dir='ltr'>ἀπολώλασιν.</span> <span class='ocrx_word' id='word_1_247' title='bbox 1201 3068 1251 3120; x_wconf 88' lang='grc' dir='ltr'>οἱ</span> <span class='ocrx_word' id='word_1_248' title='bbox 1302 3067 1362 3120; x_wconf 77' lang='grc' dir='ltr'>τὸ</span> <span class='ocrx_word' id='word_1_249' title='bbox 1414 3071 1523 3122; x_wconf 81' lang='grc' dir='ltr'>πᾶν</span> <span class='ocrx_word' id='word_1_250' title='bbox 1571 3069 1758 3122; x_wconf 86' lang='grc' dir='ltr'>διανύ-</span> 
     </span>
    </p>
   </div>
   <div class='ocr_carea' id='block_1_32' title="bbox 169 3147 1756 3225">
    <p class='ocr_par' dir='ltr' id='par_1_32' title="bbox 169 3147 1756 3225">
     <span class='ocr_line' id='line_1_32' title="bbox 169 3147 1756 3225; baseline 0.004 -26"><span class='ocrx_word' id='word_1_251' title='bbox 169 3163 388 3212; x_wconf 85' lang='grc' dir='ltr'>σαντες,</span> <span class='ocrx_word' id='word_1_252' title='bbox 441 3147 536 3200; x_wconf 77' lang='grc' dir='ltr'>καὶ</span> <span class='ocrx_word' id='word_1_253' title='bbox 564 3147 662 3219; x_wconf 84' lang='grc' dir='ltr'>οὐχ</span> <span class='ocrx_word' id='word_1_254' title='bbox 695 3149 1046 3219; x_wconf 82' lang='grc' dir='ltr'>ύποκείμενοι</span> <span class='ocrx_word' id='word_1_255' title='bbox 1082 3150 1268 3205; x_wconf 87' lang='grc' dir='ltr'>λοιπὸν</span> <span class='ocrx_word' id='word_1_256' title='bbox 1311 3155 1378 3223; x_wconf 84' lang='grc' dir='ltr'>τῇ</span> <span class='ocrx_word' id='word_1_257' title='bbox 1425 3152 1620 3225; x_wconf 78' lang='grc' dir='ltr'>ἀδηλία</span> <span class='ocrx_word' id='word_1_258' title='bbox 1660 3153 1756 3206; x_wconf 81' lang='grc' dir='ltr'>τοῦ</span> 
     </span>
    </p>
   </div>
   <div class='ocr_carea' id='block_1_33' title="bbox 169 3231 1758 3308">
    <p class='ocr_par' dir='ltr' id='par_1_33' title="bbox 169 3231 1758 3308">
     <span class='ocr_line' id='line_1_33' title="bbox 169 3231 1758 3308; baseline 0.004 -24"><span class='ocrx_word' id='word_1_259' title='bbox 169 3231 500 3304; x_wconf 74' lang='grc' dir='ltr'>μέλλοντοςς</span> <span class='ocrx_word' id='word_1_260' title='bbox 537 3231 609 3285; x_wconf 81' lang='lat' dir='ltr'><em>T6</em></span> <span class='ocrx_word' id='word_1_261' title='bbox 635 3232 711 3294; x_wconf 82' lang='grc' dir='ltr'>δὲ,</span> <span class='ocrx_word' id='word_1_262' title='bbox 759 3234 864 3290; x_wconf 84' lang='grc' dir='ltr'>Ἐν</span> <span class='ocrx_word' id='word_1_263' title='bbox 896 3233 1146 3303; x_wconf 84' lang='grc' dir='ltr'>Χριστῷ,</span> <span class='ocrx_word' id='word_1_264' title='bbox 1176 3234 1208 3306; x_wconf 82' lang='grc' dir='ltr'>ἣ</span> <span class='ocrx_word' id='word_1_265' title='bbox 1240 3235 1302 3288; x_wconf 84' lang='grc' dir='ltr'>τὸ</span> <span class='ocrx_word' id='word_1_266' title='bbox 1349 3239 1408 3288; x_wconf 87' lang='grc' dir='ltr'>ἐν</span> <span class='ocrx_word' id='word_1_267' title='bbox 1461 3239 1527 3308; x_wconf 81' lang='grc' dir='ltr'>τῇ</span> <span class='ocrx_word' id='word_1_268' title='bbox 1576 3237 1758 3293; x_wconf 82' lang='grc' dir='ltr'>πίστει</span> 
     </span>
    </p>
   </div>
   <div class='ocr_carea' id='block_1_34' title="bbox 168 3315 1756 3385">
    <p class='ocr_par' dir='ltr' id='par_1_34' title="bbox 168 3315 1756 3385">
     <span class='ocr_line' id='line_1_34' title="bbox 168 3315 1756 3385; baseline 0.008 -20"><span class='ocrx_word' id='word_1_269' title='bbox 168 3316 362 3384; x_wconf 64' lang='grc' dir='ltr'>φησιν,</span> <span class='ocrx_word' id='word_1_270' title='bbox 393 3315 427 3385; x_wconf 78' lang='grc' dir='ltr'><strong>ἢ</strong></span> <span class='ocrx_word' id='word_1_271' title='bbox 449 3317 499 3368; x_wconf 87' lang='grc' dir='ltr'>οί</span> <span class='ocrx_word' id='word_1_272' title='bbox 529 3315 595 3368; x_wconf 88' lang='grc' dir='ltr'>δι’</span> <span class='ocrx_word' id='word_1_273' title='bbox 625 3316 788 3370; x_wconf 73' lang='grc' dir='ltr'>αὐτὸν</span> <span class='ocrx_word' id='word_1_274' title='bbox 823 3317 1210 3382; x_wconf 83' lang='grc' dir='ltr'>ἀποθανόντες,</span> <span class='ocrx_word' id='word_1_275' title='bbox 1252 3319 1303 3372; x_wconf 83' lang='grc' dir='ltr'>οἱ</span> <span class='ocrx_word' id='word_1_276' title='bbox 1351 3319 1580 3383; x_wconf 76' lang='grc' dir='ltr'>πολλοὺς</span> <span class='ocrx_word' id='word_1_277' title='bbox 1622 3323 1756 3377; x_wconf 80' lang='grc' dir='ltr'>ὑπο-</span> 
     </span>
    </p>
   </div>
   <div class='ocr_carea' id='block_1_35' title="bbox 172 3400 1758 3476">
    <p class='ocr_par' dir='ltr' id='par_1_35' title="bbox 172 3400 1758 3476">
     <span class='ocr_line' id='line_1_35' title="bbox 172 3400 1758 3476; baseline 0.006 -26"><span class='ocrx_word' id='word_1_278' title='bbox 172 3400 464 3469; x_wconf 71' lang='grc' dir='ltr'>μείναντες</span> <span class='ocrx_word' id='word_1_279' title='bbox 515 3401 834 3466; x_wconf 86' lang='grc' dir='ltr'>κινδύνους,</span> <span class='ocrx_word' id='word_1_280' title='bbox 902 3402 953 3455; x_wconf 83' lang='grc' dir='ltr'>οἱ</span> <span class='ocrx_word' id='word_1_281' title='bbox 1009 3402 1212 3468; x_wconf 73' lang='grc' dir='ltr'>πολλὰς</span> <span class='ocrx_word' id='word_1_282' title='bbox 1263 3404 1661 3476; x_wconf 78' lang='grc' dir='ltr'>ταλαιπωρίας,</span> <span class='ocrx_word' id='word_1_283' title='bbox 1709 3407 1758 3460; x_wconf 82' lang='grc' dir='ltr'>οἱ</span> 
     </span>
    </p>
   </div>
   <div class='ocr_carea' id='block_1_36' title="bbox 165 3482 1761 3557">
    <p class='ocr_par' dir='ltr' id='par_1_36' title="bbox 165 3482 1761 3557">
     <span class='ocr_line' id='line_1_36' title="bbox 165 3482 1761 3557; baseline 0.005 -22"><span class='ocrx_word' id='word_1_284' title='bbox 165 3482 258 3536; x_wconf 70' lang='grc' dir='ltr'>διὰ</span> <span class='ocrx_word' id='word_1_285' title='bbox 285 3482 390 3552; x_wconf 79' lang='grc' dir='ltr'>τῆς</span> <span class='ocrx_word' id='word_1_286' title='bbox 425 3487 618 3554; x_wconf 80' lang='grc' dir='ltr'>στενῆς</span> <span class='ocrx_word' id='word_1_287' title='bbox 653 3485 774 3539; x_wconf 79' lang='grc' dir='ltr'>ὀδοῦ</span> <span class='ocrx_word' id='word_1_288' title='bbox 829 3486 1168 3557; x_wconf 78' lang='grc' dir='ltr'>βαδίσαντες.</span> <span class='ocrx_word' id='word_1_289' title='bbox 1227 3487 1335 3541; x_wconf 82' lang='grc' dir='ltr'>Ποῦ</span> <span class='ocrx_word' id='word_1_290' title='bbox 1393 3489 1488 3542; x_wconf 78' lang='grc' dir='ltr'>νῦν</span> <span class='ocrx_word' id='word_1_291' title='bbox 1537 3491 1646 3542; x_wconf 86' lang='grc' dir='ltr'>είσι</span> <span class='ocrx_word' id='word_1_292' title='bbox 1689 3490 1761 3548; x_wconf 88' lang='grc' dir='ltr'>τά</span> 
     </span>
    </p>
   </div>
   <div class='ocr_carea' id='block_1_37' title="bbox 170 3566 1760 3642">
    <p class='ocr_par' dir='ltr' id='par_1_37' title="bbox 170 3566 1760 3642">
     <span class='ocr_line' id='line_1_37' title="bbox 170 3566 1760 3642; baseline 0.006 -24"><span class='ocrx_word' id='word_1_293' title='bbox 170 3566 392 3636; x_wconf 82' lang='grc' dir='ltr'>πονηρά</span> <span class='ocrx_word' id='word_1_294' title='bbox 420 3567 530 3621; x_wconf 91' lang='grc' dir='ltr'>τῶν</span> <span class='ocrx_word' id='word_1_295' title='bbox 557 3570 876 3640; x_wconf 83' lang='grc' dir='ltr'>Μανιχαίων</span> <span class='ocrx_word' id='word_1_296' title='bbox 902 3571 1168 3641; x_wconf 86' lang='grc' dir='ltr'>στόματα,</span> <span class='ocrx_word' id='word_1_297' title='bbox 1199 3572 1310 3626; x_wconf 89' lang='grc' dir='ltr'>τῶν</span> <span class='ocrx_word' id='word_1_298' title='bbox 1337 3572 1605 3642; x_wconf 89' lang='grc' dir='ltr'>λεγόντων</span> <span class='ocrx_word' id='word_1_299' title='bbox 1631 3575 1760 3628; x_wconf 85' lang='grc' dir='ltr'>ἀνά-</span> 
     </span>
    </p>
   </div>
   <div class='ocr_carea' id='block_1_38' title="bbox 171 3651 1760 3728">
    <p class='ocr_par' dir='ltr' id='par_1_38' title="bbox 171 3651 1760 3728">
     <span class='ocr_line' id='line_1_38' title="bbox 171 3651 1760 3728; baseline 0.006 -28"><span class='ocrx_word' id='word_1_300' title='bbox 171 3664 370 3702; x_wconf 89' lang='grc' dir='ltr'>στασιν</span> <span class='ocrx_word' id='word_1_301' title='bbox 437 3651 602 3704; x_wconf 67' lang='grc' dir='ltr'>αὐτὸν</span> <span class='ocrx_word' id='word_1_302' title='bbox 655 3651 891 3706; x_wconf 82' lang='grc' dir='ltr'>ἐνταῦθα</span> <span class='ocrx_word' id='word_1_303' title='bbox 947 3653 1129 3721; x_wconf 89' lang='grc' dir='ltr'>λέγειν</span> <span class='ocrx_word' id='word_1_304' title='bbox 1175 3657 1275 3726; x_wconf 85' lang='grc' dir='ltr'>τῆς</span> <span class='ocrx_word' id='word_1_305' title='bbox 1329 3656 1606 3728; x_wconf 80' lang='grc' dir='ltr'>ἁμαρτίας</span> <span class='ocrx_word' id='word_1_306' title='bbox 1661 3657 1760 3728; x_wconf 82' lang='grc' dir='ltr'>τὴν</span> 
     </span>
    </p>
   </div>
   <div class='ocr_carea' id='block_1_39' title="bbox 168 3732 1763 3812">
    <p class='ocr_par' dir='ltr' id='par_1_39' title="bbox 168 3732 1763 3812">
     <span class='ocr_line' id='line_1_39' title="bbox 168 3732 1763 3812; baseline 0.006 -27"><span class='ocrx_word' id='word_1_307' title='bbox 168 3733 532 3804; x_wconf 56' lang='lat' dir='ltr'>annnam»;</span> <span class='ocrx_word' id='word_1_308' title='bbox 593 3736 655 3788; x_wconf 81' lang='grc' dir='ltr'>Οἱ</span> <span class='ocrx_word' id='word_1_309' title='bbox 719 3735 830 3808; x_wconf 90' lang='grc' dir='ltr'>γάρ</span> <span class='ocrx_word' id='word_1_310' title='bbox 889 3737 1085 3790; x_wconf 84' lang='grc' dir='ltr'>πυκνοὶ</span> <span class='ocrx_word' id='word_1_311' title='bbox 1145 3732 1292 3791; x_wconf 76' lang='grc' dir='ltr'>οὗτοι</span> <span class='ocrx_word' id='word_1_312' title='bbox 1355 3741 1453 3793; x_wconf 79' lang='grc' dir='ltr'>καὶ</span> <span class='ocrx_word' id='word_1_313' title='bbox 1513 3745 1763 3812; x_wconf 83' lang='grc' dir='ltr'>συνεχεῖς</span> 
     </span>
    </p>
   </div>
   <div class='ocr_carea' id='block_1_40' title="bbox 171 3817 1762 3892">
    <p class='ocr_par' dir='ltr' id='par_1_40' title="bbox 171 3817 1762 3892">
     <span class='ocr_line' id='line_1_40' title="bbox 171 3817 1762 3892; baseline 0.006 -22"><span class='ocrx_word' id='word_1_314' title='bbox 171 3817 532 3889; x_wconf 70' lang='grc' dir='ltr'>συλλογισμοὶ</span> <span class='ocrx_word' id='word_1_315' title='bbox 613 3820 706 3874; x_wconf 72' lang='grc' dir='ltr'>καὶ</span> <span class='ocrx_word' id='word_1_316' title='bbox 788 3821 1246 3892; x_wconf 86' lang='grc' dir='ltr'>ἀντιστρέφοντες</span> <span class='ocrx_word' id='word_1_317' title='bbox 1324 3823 1477 3877; x_wconf 78' lang='grc' dir='ltr'>οὐδὲν</span> <span class='ocrx_word' id='word_1_318' title='bbox 1552 3826 1762 3880; x_wconf 85' lang='grc' dir='ltr'>τούτων</span> 
     </span>
    </p>
   </div>
   <div class='ocr_carea' id='block_1_41' title="bbox 169 3895 1762 3978">
    <p class='ocr_par' dir='ltr' id='par_1_41' title="bbox 169 3895 1762 3978">
     <span class='ocr_line' id='line_1_41' title="bbox 169 3895 1762 3978; baseline 0.006 -26"><span class='ocrx_word' id='word_1_319' title='bbox 169 3901 542 3970; x_wconf 78' lang='grc' dir='ltr'>ἐμφαίνουσιν</span> <span class='ocrx_word' id='word_1_320' title='bbox 587 3895 662 3955; x_wconf 82' lang='grc' dir='ltr'>ὧν</span> <span class='ocrx_word' id='word_1_321' title='bbox 717 3905 916 3957; x_wconf 85' lang='grc' dir='ltr'>ἐκεῖνοι</span> <span class='ocrx_word' id='word_1_322' title='bbox 969 3904 1243 3972; x_wconf 82' lang='grc' dir='ltr'>λέγουσιν,</span> <span class='ocrx_word' id='word_1_323' title='bbox 1291 3906 1408 3959; x_wconf 80' lang='grc' dir='ltr'>ἀλλ’</span> <span class='ocrx_word' id='word_1_324' title='bbox 1427 3909 1566 3975; x_wconf 82' lang='grc' dir='ltr'>ὅπερ</span> <span class='ocrx_word' id='word_1_325' title='bbox 1603 3911 1762 3978; x_wconf 76' lang='grc' dir='ltr'>ἡμεῖς</span> 
     </span>
    </p>
   </div>
   <div class='ocr_carea' id='block_1_42' title="bbox 171 3985 1758 4059">
    <p class='ocr_par' dir='ltr' id='par_1_42' title="bbox 171 3985 1758 4059">
     <span class='ocr_line' id='line_1_42' title="bbox 171 3985 1758 4059; baseline 0.005 -24"><span class='ocrx_word' id='word_1_326' title='bbox 171 4000 382 4054; x_wconf 80' lang='grc' dir='ltr'>φαμεν.</span> <span class='ocrx_word' id='word_1_327' title='bbox 417 3985 529 4040; x_wconf 78' lang='grc' dir='ltr'>Καὶ</span> <span class='ocrx_word' id='word_1_328' title='bbox 549 3985 657 4056; x_wconf 87' lang='lat'>7&amp;9</span> <span class='ocrx_word' id='word_1_329' title='bbox 685 3987 977 4051; x_wconf 88' lang='grc' dir='ltr'>ἀνάστασις</span> <span class='ocrx_word' id='word_1_330' title='bbox 1007 3988 1102 4045; x_wconf 78' lang='grc' dir='ltr'>τοῦ</span> <span class='ocrx_word' id='word_1_331' title='bbox 1142 3991 1492 4053; x_wconf 78' lang='grc' dir='ltr'>πεπτωκότος</span> <span class='ocrx_word' id='word_1_332' title='bbox 1518 3991 1758 4059; x_wconf 85' lang='grc' dir='ltr'>λέγεται.</span> 
     </span>
    </p>
   </div>
   <div class='ocr_carea' id='block_1_43' title="bbox 170 4067 1762 4144">
    <p class='ocr_par' dir='ltr' id='par_1_43' title="bbox 170 4067 1762 4144">
     <span class='ocr_line' id='line_1_43' title="bbox 170 4067 1762 4144; baseline 0.006 -25"><span class='ocrx_word' id='word_1_333' title='bbox 170 4067 274 4120; x_wconf 79' lang='grc' dir='ltr'>Διά</span> <span class='ocrx_word' id='word_1_334' title='bbox 319 4067 604 4122; x_wconf 71' lang='grc' dir='ltr'>τοῦτοκαὶ</span> <span class='ocrx_word' id='word_1_335' title='bbox 645 4070 884 4138; x_wconf 88' lang='grc' dir='ltr'>συνεχῶς</span> <span class='ocrx_word' id='word_1_336' title='bbox 941 4071 1184 4140; x_wconf 80' lang='grc' dir='ltr'>ἐπιλέγει</span> <span class='ocrx_word' id='word_1_337' title='bbox 1236 4072 1298 4124; x_wconf 81' lang='grc' dir='ltr'>οὐ</span> <span class='ocrx_word' id='word_1_338' title='bbox 1349 4072 1410 4126; x_wconf 83' lang='grc' dir='ltr'>τὸ</span> <span class='ocrx_word' id='word_1_339' title='bbox 1459 4074 1762 4144; x_wconf 87' lang='grc' dir='ltr'>ἐγηγέρθαι</span> 
     </span>
    </p>
   </div>
   <div class='ocr_carea' id='block_1_44' title="bbox 174 4151 1763 4228">
    <p class='ocr_par' dir='ltr' id='par_1_44' title="bbox 174 4151 1763 4228">
     <span class='ocr_line' id='line_1_44' title="bbox 174 4151 1763 4228; baseline 0.008 -25"><span class='ocrx_word' id='word_1_340' title='bbox 174 4152 364 4221; x_wconf 82' lang='grc' dir='ltr'>μόνον,</span> <span class='ocrx_word' id='word_1_341' title='bbox 413 4151 548 4204; x_wconf 88' lang='grc' dir='ltr'>ἀλλά</span> <span class='ocrx_word' id='word_1_342' title='bbox 595 4154 688 4206; x_wconf 73' lang='grc' dir='ltr'>καὶ</span> <span class='ocrx_word' id='word_1_343' title='bbox 738 4153 820 4216; x_wconf 82' lang='grc' dir='ltr'>τὸ,</span> <span class='ocrx_word' id='word_1_344' title='bbox 867 4153 961 4207; x_wconf 84' lang='grc' dir='ltr'>Ἐκ</span> <span class='ocrx_word' id='word_1_345' title='bbox 998 4153 1250 4221; x_wconf 78' lang='grc' dir='ltr'>νεκρῶν,</span> <span class='ocrx_word' id='word_1_346' title='bbox 1287 4158 1618 4228; x_wconf 82' lang='grc' dir='ltr'>προστιθείς.</span> <span class='ocrx_word' id='word_1_347' title='bbox 1653 4158 1763 4215; x_wconf 71' lang='grc' dir='ltr'>Καὶ</span> 
     </span>
    </p>
   </div>
   <div class='ocr_carea' id='block_1_45' title="bbox 169 4235 1762 4316">
    <p class='ocr_par' dir='ltr' id='par_1_45' title="bbox 169 4235 1762 4316">
     <span class='ocr_line' id='line_1_45' title="bbox 169 4235 1762 4316; baseline -0.003 -28"><span class='ocrx_word' id='word_1_348' title='bbox 169 4235 460 4305; x_wconf 87' lang='grc' dir='ltr'>Κορίνθιοι</span> <span class='ocrx_word' id='word_1_349' title='bbox 487 4235 543 4288; x_wconf 79' lang='grc' dir='ltr'>δὲ</span> <span class='ocrx_word' id='word_1_350' title='bbox 564 4237 623 4288; x_wconf 82' lang='grc' dir='ltr'>ού</span> <span class='ocrx_word' id='word_1_351' title='bbox 664 4238 793 4306; x_wconf 72' lang='grc' dir='ltr'>περὶ</span> <span class='ocrx_word' id='word_1_352' title='bbox 849 4237 1097 4306; x_wconf 81' lang='grc' dir='ltr'>ἀφέσεως</span> <span class='ocrx_word' id='word_1_353' title='bbox 1153 4239 1571 4311; x_wconf 82' lang='grc' dir='ltr'>ἁμαρτημάτων</span> <span class='ocrx_word' id='word_1_354' title='bbox 1613 4243 1762 4316; x_wconf 80' lang='grc' dir='ltr'>ἀμφ-</span> 
     </span>
    </p>
   </div>
   <div class='ocr_carea' id='block_1_46' title="bbox 169 4318 1762 4390">
    <p class='ocr_par' dir='ltr' id='par_1_46' title="bbox 169 4318 1762 4390">
     <span class='ocr_line' id='line_1_46' title="bbox 169 4318 1762 4390; baseline 0.007 -20"><span class='ocrx_word' id='word_1_355' title='bbox 169 4318 428 4385; x_wconf 68' lang='grc' dir='ltr'>έδαλλον,</span> <span class='ocrx_word' id='word_1_356' title='bbox 459 4319 596 4372; x_wconf 84' lang='grc' dir='ltr'>ἀλλά</span> <span class='ocrx_word' id='word_1_357' title='bbox 627 4322 756 4390; x_wconf 72' lang='grc' dir='ltr'>περὶ</span> <span class='ocrx_word' id='word_1_358' title='bbox 785 4321 1054 4390; x_wconf 87' lang='grc' dir='ltr'>σωμάτων</span> <span class='ocrx_word' id='word_1_359' title='bbox 1099 4325 1464 4389; x_wconf 86' lang='grc' dir='ltr'>ἀναστάσεως.</span> <span class='ocrx_word' id='word_1_360' title='bbox 1519 4327 1654 4380; x_wconf 84' lang='grc' dir='ltr'>Ποία</span> <span class='ocrx_word' id='word_1_361' title='bbox 1705 4328 1762 4381; x_wconf 85' lang='grc' dir='ltr'>δὲ</span> 
     </span>
    </p>
   </div>
   <div class='ocr_carea' id='block_1_47' title="bbox 167 4400 1760 4479">
    <p class='ocr_par' dir='ltr' id='par_1_47' title="bbox 167 4400 1760 4479">
     <span class='ocr_line' id='line_1_47' title="bbox 167 4400 1760 4479; baseline 0.006 -26"><span class='ocrx_word' id='word_1_362' title='bbox 167 4400 314 4464; x_wconf 79' lang='grc' dir='ltr'>ὅλως</span> <span class='ocrx_word' id='word_1_363' title='bbox 337 4401 578 4472; x_wconf 83' lang='grc' dir='ltr'>ἀνάγκη.</span> <span class='ocrx_word' id='word_1_364' title='bbox 611 4404 660 4455; x_wconf 82' lang='grc' dir='ltr'>εί</span> <span class='ocrx_word' id='word_1_365' title='bbox 693 4404 766 4473; x_wconf 79' lang='grc' dir='ltr'>μὴ</span> <span class='ocrx_word' id='word_1_366' title='bbox 799 4403 1178 4474; x_wconf 84' lang='grc' dir='ltr'>ἀναμάρτητοι</span> <span class='ocrx_word' id='word_1_367' title='bbox 1215 4407 1324 4460; x_wconf 86' lang='grc' dir='ltr'>εἷεν</span> <span class='ocrx_word' id='word_1_368' title='bbox 1369 4409 1419 4460; x_wconf 86' lang='grc' dir='ltr'>οἱ</span> <span class='ocrx_word' id='word_1_369' title='bbox 1462 4408 1760 4479; x_wconf 79' lang='grc' dir='ltr'>ἄνθρωποι,</span> 
     </span>
    </p>
   </div>
   <div class='ocr_carea' id='block_1_48' title="bbox 174 4483 1764 4562">
    <p class='ocr_par' dir='ltr' id='par_1_48' title="bbox 174 4483 1764 4562">
     <span class='ocr_line' id='line_1_48' title="bbox 174 4483 1764 4562; baseline 0.007 -27"><span class='ocrx_word' id='word_1_370' title='bbox 174 4483 318 4552; x_wconf 79' lang='grc' dir='ltr'>μηδὲ</span> <span class='ocrx_word' id='word_1_371' title='bbox 344 4483 438 4536; x_wconf 77' lang='grc' dir='ltr'>τὸν</span> <span class='ocrx_word' id='word_1_372' title='bbox 467 4485 706 4556; x_wconf 83' lang='grc' dir='ltr'>Χριστὸν</span> <span class='ocrx_word' id='word_1_373' title='bbox 753 4485 913 4538; x_wconf 83' lang='grc' dir='ltr'>τοῦτο</span> <span class='ocrx_word' id='word_1_374' title='bbox 957 4483 1129 4553; x_wconf 79' lang='grc' dir='ltr'>εἷναι;</span> <span class='ocrx_word' id='word_1_375' title='bbox 1165 4489 1227 4541; x_wconf 78' lang='lat' dir='ltr'>Ei</span> <span class='ocrx_word' id='word_1_376' title='bbox 1269 4491 1378 4560; x_wconf 85' lang='lat'>7&amp;9</span> <span class='ocrx_word' id='word_1_377' title='bbox 1425 4491 1498 4561; x_wconf 84' lang='grc' dir='ltr'>μὴ</span> <span class='ocrx_word' id='word_1_378' title='bbox 1543 4492 1764 4562; x_wconf 73' lang='grc' dir='ltr'>ἔμελλεν</span> 
     </span>
    </p>
   </div>
   <div class='ocr_carea' id='block_1_49' title="bbox 171 4569 1766 4647">
    <p class='ocr_par' dir='ltr' id='par_1_49' title="bbox 171 4569 1766 4647">
     <span class='ocr_line' id='line_1_49' title="bbox 171 4569 1766 4647; baseline 0.007 -28"><span class='ocrx_word' id='word_1_379' title='bbox 171 4569 442 4638; x_wconf 84' lang='grc' dir='ltr'>ἐγείρειν,</span> <span class='ocrx_word' id='word_1_380' title='bbox 472 4569 764 4622; x_wconf 84' lang='grc' dir='ltr'>ἀκόλουθον</span> <span class='ocrx_word' id='word_1_381' title='bbox 792 4569 853 4622; x_wconf 79' lang='grc' dir='ltr'>τὸ</span> <span class='ocrx_word' id='word_1_382' title='bbox 883 4569 1085 4638; x_wconf 87' lang='grc' dir='ltr'>λέγειν,</span> <span class='ocrx_word' id='word_1_383' title='bbox 1112 4571 1256 4636; x_wconf 84' lang='grc' dir='ltr'>τίνος</span> <span class='ocrx_word' id='word_1_384' title='bbox 1277 4574 1462 4628; x_wconf 78' lang='grc' dir='ltr'>ἕνεκεν</span> <span class='ocrx_word' id='word_1_385' title='bbox 1491 4573 1644 4647; x_wconf 79' lang='grc' dir='ltr'>ἦλθε,</span> <span class='ocrx_word' id='word_1_386' title='bbox 1672 4578 1766 4630; x_wconf 73' lang='grc' dir='ltr'>καὶ</span> 
     </span>
    </p>
   </div>
   <div class='ocr_carea' id='block_1_50' title="bbox 175 4652 1761 4730">
    <p class='ocr_par' dir='ltr' id='par_1_50' title="bbox 175 4652 1761 4730">
     <span class='ocr_line' id='line_1_50' title="bbox 175 4652 1761 4730; baseline 0.009 -28"><span class='ocrx_word' id='word_1_387' title='bbox 175 4653 364 4722; x_wconf 86' lang='grc' dir='ltr'>σάρκα</span> <span class='ocrx_word' id='word_1_388' title='bbox 415 4652 596 4716; x_wconf 79' lang='grc' dir='ltr'>ἔλαϐε,</span> <span class='ocrx_word' id='word_1_389' title='bbox 649 4655 742 4706; x_wconf 77' lang='grc' dir='ltr'>καὶ</span> <span class='ocrx_word' id='word_1_390' title='bbox 795 4655 1032 4724; x_wconf 88' lang='grc' dir='ltr'>ἀνέστη;</span> <span class='ocrx_word' id='word_1_391' title='bbox 1064 4655 1208 4709; x_wconf 79' lang='grc' dir='ltr'>τὸδὲ</span> <span class='ocrx_word' id='word_1_392' title='bbox 1240 4659 1509 4730; x_wconf 82' lang='grc' dir='ltr'>ἡμέτερον</span> <span class='ocrx_word' id='word_1_393' title='bbox 1555 4663 1761 4717; x_wconf 79' lang='grc' dir='ltr'>οὐκέτι.</span> 
     </span>
    </p>
   </div>
   <div class='ocr_carea' id='block_1_51' title="bbox 175 4735 1764 4819">
    <p class='ocr_par' dir='ltr' id='par_1_51' title="bbox 175 4735 1764 4819">
     <span class='ocr_line' id='line_1_51' title="bbox 175 4735 1764 4819; baseline 0.009 -33"><span class='ocrx_word' id='word_1_394' title='bbox 175 4737 288 4819; x_wconf 71' lang='grc' dir='ltr'>καὶ</span> <span class='ocrx_word' id='word_1_395' title='bbox 318 4735 430 4808; x_wconf 83' lang='grc' dir='ltr'>γὰρ</span> <span class='ocrx_word' id='word_1_396' title='bbox 463 4737 885 4808; x_wconf 78' lang='grc' dir='ltr'>ἁμαρτανόντων</span> <span class='ocrx_word' id='word_1_397' title='bbox 927 4738 1232 4810; x_wconf 84' lang='grc' dir='ltr'>ἀνθρώπων</span> <span class='ocrx_word' id='word_1_398' title='bbox 1282 4743 1375 4794; x_wconf 80' lang='grc' dir='ltr'>καὶ</span> <span class='ocrx_word' id='word_1_399' title='bbox 1407 4744 1482 4813; x_wconf 84' lang='grc' dir='ltr'>μὴ</span> <span class='ocrx_word' id='word_1_400' title='bbox 1509 4745 1764 4819; x_wconf 83' lang='grc' dir='ltr'>ἁμαρτα-</span> 
     </span>
    </p>
   </div>
   <div class='ocr_carea' id='block_1_52' title="bbox 173 4817 1767 4899">
    <p class='ocr_par' dir='ltr' id='par_1_52' title="bbox 173 4817 1767 4899">
     <span class='ocr_line' id='line_1_52' title="bbox 173 4817 1767 4899; baseline 0.009 -29"><span class='ocrx_word' id='word_1_401' title='bbox 173 4817 406 4884; x_wconf 86' lang='grc' dir='ltr'>νόντων,</span> <span class='ocrx_word' id='word_1_402' title='bbox 432 4819 521 4872; x_wconf 79' lang='grc' dir='ltr'>ἀεὶ</span> <span class='ocrx_word' id='word_1_403' title='bbox 553 4819 768 4874; x_wconf 86' lang='grc' dir='ltr'>σύνεστι</span> <span class='ocrx_word' id='word_1_404' title='bbox 811 4819 888 4890; x_wconf 82' lang='grc' dir='ltr'>τῷ</span> <span class='ocrx_word' id='word_1_405' title='bbox 918 4821 1036 4892; x_wconf 86' lang='grc' dir='ltr'>Θεῷ</span> <span class='ocrx_word' id='word_1_406' title='bbox 1093 4823 1152 4875; x_wconf 85' lang='grc' dir='ltr'>τὸ</span> <span class='ocrx_word' id='word_1_407' title='bbox 1204 4817 1642 4899; x_wconf 40' lang='grc' dir='ltr'>ἀναμάρτητον,</span> <span class='ocrx_word' id='word_1_408' title='bbox 1670 4832 1767 4887; x_wconf 76' lang='grc' dir='ltr'>καὶ</span> 
     </span>
    </p>
   </div>
   <div class='ocr_carea' id='block_1_53' title="bbox 159 4902 1766 4984">
    <p class='ocr_par' dir='ltr' id='par_1_53' title="bbox 159 4902 1766 4984">
     <span class='ocr_line' id='line_1_53' title="bbox 159 4902 1766 4984; baseline 0.011 -33"><span class='ocrx_word' id='word_1_409' title='bbox 159 4903 280 4972; x_wconf 77' lang='grc' dir='ltr'>,οὐχ</span> <span class='ocrx_word' id='word_1_410' title='bbox 311 4902 506 4956; x_wconf 82' lang='grc' dir='ltr'>ἓπεται</span> <span class='ocrx_word' id='word_1_411' title='bbox 549 4904 609 4956; x_wconf 81' lang='grc' dir='ltr'>τὸ</span> <span class='ocrx_word' id='word_1_412' title='bbox 663 4904 928 4974; x_wconf 76' lang='grc' dir='ltr'>ἡμέτερον</span> <span class='ocrx_word' id='word_1_413' title='bbox 977 4907 1194 4978; x_wconf 84' lang='grc' dir='ltr'>ἐκείνῳ,</span> <span class='ocrx_word' id='word_1_414' title='bbox 1251 4909 1373 4964; x_wconf 70' lang='grc' dir='ltr'>οὐδὲ</span> <span class='ocrx_word' id='word_1_415' title='bbox 1417 4912 1766 4984; x_wconf 72' lang='grc' dir='ltr'>ἀντιστρέφει</span> 
     </span>
    </p>
   </div>
   <div class='ocr_carea' id='block_1_54' title="bbox 176 4985 1766 5066">
    <p class='ocr_par' dir='ltr' id='par_1_54' title="bbox 176 4985 1766 5066">
     <span class='ocr_line' id='line_1_54' title="bbox 176 4985 1766 5066; baseline 0.009 -29"><span class='ocrx_word' id='word_1_416' title='bbox 176 4985 343 5039; x_wconf 84' lang='grc' dir='ltr'>τοῦτο</span> <span class='ocrx_word' id='word_1_417' title='bbox 387 4985 523 5056; x_wconf 74' lang='grc' dir='ltr'>πρὸς</span> <span class='ocrx_word' id='word_1_418' title='bbox 572 4989 766 5050; x_wconf 82' lang='grc' dir='ltr'>ἐκεῖνο,</span> <span class='ocrx_word' id='word_1_419' title='bbox 819 4987 1007 5060; x_wconf 89' lang='grc' dir='ltr'>ῶσπερ</span> <span class='ocrx_word' id='word_1_420' title='bbox 1039 4991 1135 5042; x_wconf 75' lang='grc' dir='ltr'>ἐπὶ</span> <span class='ocrx_word' id='word_1_421' title='bbox 1186 4992 1286 5061; x_wconf 78' lang='grc' dir='ltr'>τῆς</span> <span class='ocrx_word' id='word_1_422' title='bbox 1332 4993 1442 5046; x_wconf 86' lang='grc' dir='ltr'>τῶν</span> <span class='ocrx_word' id='word_1_423' title='bbox 1497 4999 1766 5066; x_wconf 86' lang='grc' dir='ltr'>σωμάτων</span> 
     </span>
    </p>
   </div>
   <div class='ocr_carea' id='block_1_55' title="bbox 178 5069 1768 5150">
    <p class='ocr_par' dir='ltr' id='par_1_55' title="bbox 178 5069 1768 5150">
     <span class='ocr_line' id='line_1_55' title="bbox 178 5069 1768 5150; baseline 0.009 -28"><span class='ocrx_word' id='word_1_424' title='bbox 178 5070 558 5132; x_wconf 81' lang='grc' dir='ltr'>ἀναστάσεως.</span> <span class='ocrx_word' id='word_1_425' title='bbox 589 5073 656 5125; x_wconf 83' lang='grc' dir='ltr'>Εἰ</span> <span class='ocrx_word' id='word_1_426' title='bbox 685 5070 755 5123; x_wconf 83' lang='grc' dir='ltr'>ἐν</span> <span class='ocrx_word' id='word_1_427' title='bbox 778 5069 853 5139; x_wconf 75' lang='grc' dir='ltr'>τῇ</span> <span class='ocrx_word' id='word_1_428' title='bbox 883 5071 997 5141; x_wconf 77' lang='grc' dir='ltr'>ζωῇ</span> <span class='ocrx_word' id='word_1_429' title='bbox 1022 5076 1206 5143; x_wconf 78' lang='grc' dir='ltr'>ταύτῃ</span> <span class='ocrx_word' id='word_1_430' title='bbox 1231 5077 1550 5144; x_wconf 69' lang='grc' dir='ltr'>ἠλπικότες</span> <span class='ocrx_word' id='word_1_431' title='bbox 1577 5082 1768 5150; x_wconf 76' lang='grc' dir='ltr'>ἐσμὲν</span> 
     </span>
    </p>
   </div>
   <div class='ocr_carea' id='block_1_56' title="bbox 180 5154 1768 5234">
    <p class='ocr_par' dir='ltr' id='par_1_56' title="bbox 180 5154 1768 5234">
     <span class='ocr_line' id='line_1_56' title="bbox 180 5154 1768 5234; baseline 0.01 -28"><span class='ocrx_word' id='word_1_432' title='bbox 180 5156 252 5206; x_wconf 82' lang='grc' dir='ltr'>ἐν</span> <span class='ocrx_word' id='word_1_433' title='bbox 275 5154 510 5223; x_wconf 80' lang='grc' dir='ltr'>Χριστῷ</span> <span class='ocrx_word' id='word_1_434' title='bbox 525 5156 740 5224; x_wconf 88' lang='grc' dir='ltr'>μόνον,</span> <span class='ocrx_word' id='word_1_435' title='bbox 765 5158 1150 5224; x_wconf 73' lang='grc' dir='ltr'>ἐλεεινότεροι</span> <span class='ocrx_word' id='word_1_436' title='bbox 1177 5161 1418 5215; x_wconf 81' lang='grc' dir='ltr'>πάντων</span> <span class='ocrx_word' id='word_1_437' title='bbox 1441 5164 1768 5234; x_wconf 79' lang='grc' dir='ltr'>ἀνθρώπων</span> 
     </span>
    </p>
   </div>
   <div class='ocr_carea' id='block_1_57' title="bbox 181 5240 394 5308">
    <p class='ocr_par' dir='ltr' id='par_1_57' title="bbox 181 5240 394 5308">
     <span class='ocr_line' id='line_1_57' title="bbox 181 5240 394 5308; baseline 0 -17"><span class='ocrx_word' id='word_1_438' title='bbox 181 5240 394 5308; x_wconf 83' lang='grc' dir='ltr'>ἐσμέν.</span> 
     </span>
    </p>
   </div>
   <div class='ocr_carea' id='block_1_58' title="bbox 257 5369 1766 5448">
    <p class='ocr_par' dir='ltr' id='par_1_58' title="bbox 257 5369 1766 5448">
     <span class='ocr_line' id='line_1_58' title="bbox 257 5369 1766 5448; baseline 0.005 -24"><span class='ocrx_word' id='word_1_439' title='bbox 257 5376 329 5438; x_wconf 91' lang='grc' dir='ltr'>γ’.</span> <span class='ocrx_word' id='word_1_440' title='bbox 353 5369 420 5423; x_wconf 87' lang='grc' dir='ltr'>Τί</span> <span class='ocrx_word' id='word_1_441' title='bbox 445 5369 647 5438; x_wconf 81' lang='grc' dir='ltr'>λέγεις,</span> <span class='ocrx_word' id='word_1_442' title='bbox 665 5371 711 5427; x_wconf 84' lang='grc' dir='ltr'>ὧ</span> <span class='ocrx_word' id='word_1_443' title='bbox 737 5369 946 5434; x_wconf 77' lang='grc' dir='ltr'>Παῦλες</span> <span class='ocrx_word' id='word_1_444' title='bbox 969 5369 1086 5433; x_wconf 87' lang='grc' dir='ltr'>πῶς</span> <span class='ocrx_word' id='word_1_445' title='bbox 1103 5371 1161 5422; x_wconf 84' lang='grc' dir='ltr'>ἐν</span> <span class='ocrx_word' id='word_1_446' title='bbox 1184 5374 1248 5442; x_wconf 83' lang='grc' dir='ltr'>τῇ</span> <span class='ocrx_word' id='word_1_447' title='bbox 1275 5373 1386 5443; x_wconf 78' lang='grc' dir='ltr'>ζωῇ</span> <span class='ocrx_word' id='word_1_448' title='bbox 1409 5374 1578 5448; x_wconf 87' lang='grc' dir='ltr'>ταύτῃ</span> <span class='ocrx_word' id='word_1_449' title='bbox 1606 5378 1766 5447; x_wconf 81' lang='grc' dir='ltr'>μόνον</span> 
     </span>
    </p>
   </div>
   <div class='ocr_carea' id='block_1_59' title="bbox 187 5453 1768 5530">
    <p class='ocr_par' dir='ltr' id='par_1_59' title="bbox 187 5453 1768 5530">
     <span class='ocr_line' id='line_1_59' title="bbox 187 5453 1768 5530; baseline 0.004 -26"><span class='ocrx_word' id='word_1_450' title='bbox 187 5453 484 5523; x_wconf 68' lang='grc' dir='ltr'>ἠλπικότες</span> <span class='ocrx_word' id='word_1_451' title='bbox 513 5453 703 5524; x_wconf 79' lang='grc' dir='ltr'>ἐσμὲν,</span> <span class='ocrx_word' id='word_1_452' title='bbox 735 5457 785 5507; x_wconf 83' lang='grc' dir='ltr'>εἰ</span> <span class='ocrx_word' id='word_1_453' title='bbox 813 5453 1044 5525; x_wconf 83' lang='grc' dir='ltr'>σώματα</span> <span class='ocrx_word' id='word_1_454' title='bbox 1079 5455 1180 5508; x_wconf 81' lang='grc' dir='ltr'>οὐκ</span> <span class='ocrx_word' id='word_1_455' title='bbox 1208 5457 1504 5527; x_wconf 83' lang='grc' dir='ltr'>ἐγείρεται,</span> <span class='ocrx_word' id='word_1_456' title='bbox 1528 5460 1638 5530; x_wconf 80' lang='grc' dir='ltr'>’τῆς</span> <span class='ocrx_word' id='word_1_457' title='bbox 1667 5462 1768 5530; x_wconf 55' lang='lat' dir='ltr'>(In.</span> 
     </span>
    </p>
   </div>
   <div class='ocr_carea' id='block_1_60' title="bbox 189 5537 1766 5617">
    <p class='ocr_par' dir='ltr' id='par_1_60' title="bbox 189 5537 1766 5617">
     <span class='ocr_line' id='line_1_60' title="bbox 189 5537 1766 5617; baseline 0.006 -28"><span class='ocrx_word' id='word_1_458' title='bbox 189 5541 292 5610; x_wconf 85' lang='grc' dir='ltr'>χῆς</span> <span class='ocrx_word' id='word_1_459' title='bbox 322 5537 595 5609; x_wconf 81' lang='grc' dir='ltr'>μενούσης</span> <span class='ocrx_word' id='word_1_460' title='bbox 623 5539 720 5592; x_wconf 77' lang='grc' dir='ltr'>καὶ</span> <span class='ocrx_word' id='word_1_461' title='bbox 768 5538 1037 5595; x_wconf 87' lang='grc' dir='ltr'>ἀθανάτου</span> <span class='ocrx_word' id='word_1_462' title='bbox 1083 5537 1282 5612; x_wconf 84' lang='grc' dir='ltr'>ούσης;</span> <span class='ocrx_word' id='word_1_463' title='bbox 1321 5542 1442 5595; x_wconf 72' lang='grc' dir='ltr'>Ὀτι</span> <span class='ocrx_word' id='word_1_464' title='bbox 1473 5543 1577 5596; x_wconf 83' lang='grc' dir='ltr'>κᾶν</span> <span class='ocrx_word' id='word_1_465' title='bbox 1629 5546 1766 5617; x_wconf 87' lang='grc' dir='ltr'>μένῃ</span> 
     </span>
    </p>
   </div>
   <div class='ocr_carea' id='block_1_61' title="bbox 187 5619 1768 5699">
    <p class='ocr_par' dir='ltr' id='par_1_61' title="bbox 187 5619 1768 5699">
     <span class='ocr_line' id='line_1_61' title="bbox 187 5619 1768 5699; baseline 0.009 -31"><span class='ocrx_word' id='word_1_466' title='bbox 187 5626 220 5692; x_wconf 72' lang='grc' dir='ltr'><strong>ἡ</strong></span> <span class='ocrx_word' id='word_1_467' title='bbox 247 5623 420 5694; x_wconf 77' lang='grc' dir='ltr'>ψυχὴ,</span> <span class='ocrx_word' id='word_1_468' title='bbox 466 5622 573 5676; x_wconf 80' lang='grc' dir='ltr'>κᾶν</span> <span class='ocrx_word' id='word_1_469' title='bbox 627 5623 885 5694; x_wconf 80' lang='grc' dir='ltr'>μυριάκις</span> <span class='ocrx_word' id='word_1_470' title='bbox 917 5623 1187 5688; x_wconf 85' lang='grc' dir='ltr'>ἀθάνατος</span> <span class='ocrx_word' id='word_1_471' title='bbox 1237 5619 1294 5699; x_wconf 81' lang='grc' dir='ltr'>ᾗ,</span> <span class='ocrx_word' id='word_1_472' title='bbox 1327 5623 1516 5695; x_wconf 78' lang='grc' dir='ltr'>ὥσπερ</span> <span class='ocrx_word' id='word_1_473' title='bbox 1543 5621 1637 5680; x_wconf 73' lang='grc' dir='ltr'>οὖν</span> <span class='ocrx_word' id='word_1_474' title='bbox 1671 5631 1768 5682; x_wconf 73' lang='grc' dir='ltr'>καὶ</span> 
     </span>
    </p>
   </div>
   <div class='ocr_carea' id='block_1_62' title="bbox 189 5706 1767 5782">
    <p class='ocr_par' dir='ltr' id='par_1_62' title="bbox 189 5706 1767 5782">
     <span class='ocr_line' id='line_1_62' title="bbox 189 5706 1767 5782; baseline 0.001 -21"><span class='ocrx_word' id='word_1_475' title='bbox 189 5706 326 5772; x_wconf 77' lang='grc' dir='ltr'>ἐστι,</span> <span class='ocrx_word' id='word_1_476' title='bbox 355 5707 460 5776; x_wconf 84' lang='grc' dir='ltr'>τῆς</span> <span class='ocrx_word' id='word_1_477' title='bbox 484 5706 688 5776; x_wconf 83' lang='grc' dir='ltr'>σαρκὸς</span> <span class='ocrx_word' id='word_1_478' title='bbox 709 5707 878 5776; x_wconf 74' lang='grc' dir='ltr'>χωρὶς</span> <span class='ocrx_word' id='word_1_479' title='bbox 904 5707 1003 5760; x_wconf 85' lang='grc' dir='ltr'>οὐκ</span> <span class='ocrx_word' id='word_1_480' title='bbox 1029 5707 1368 5777; x_wconf 65' lang='grc' dir='ltr'>ἀπολήψεται</span> <span class='ocrx_word' id='word_1_481' title='bbox 1388 5708 1460 5760; x_wconf 86' lang='grc' dir='ltr'>τά</span> <span class='ocrx_word' id='word_1_482' title='bbox 1479 5709 1767 5782; x_wconf 80' lang='grc' dir='ltr'>ἀπόρρητα</span> 
     </span>
    </p>
   </div>
   <div class='ocr_carea' id='block_1_63' title="bbox 190 5786 1767 5862">
    <p class='ocr_par' dir='ltr' id='par_1_63' title="bbox 190 5786 1767 5862">
     <span class='ocr_line' id='line_1_63' title="bbox 190 5786 1767 5862; baseline 0.003 -17"><span class='ocrx_word' id='word_1_483' title='bbox 190 5790 374 5859; x_wconf 84' lang='grc' dir='ltr'>ἀγαθά</span> <span class='ocrx_word' id='word_1_484' title='bbox 399 5791 608 5854; x_wconf 81' lang='grc' dir='ltr'>ἐκεῖνα,</span> <span class='ocrx_word' id='word_1_485' title='bbox 641 5789 828 5860; x_wconf 87' lang='grc' dir='ltr'>ῶσπερ</span> <span class='ocrx_word' id='word_1_486' title='bbox 852 5786 945 5844; x_wconf 74' lang='grc' dir='ltr'>οὖν</span> <span class='ocrx_word' id='word_1_487' title='bbox 969 5790 1089 5844; x_wconf 77' lang='grc' dir='ltr'>οὐδὲ</span> <span class='ocrx_word' id='word_1_488' title='bbox 1121 5791 1534 5862; x_wconf 72' lang='grc' dir='ltr'>κολασθήσεταιο</span> <span class='ocrx_word' id='word_1_489' title='bbox 1565 5793 1767 5850; x_wconf 81' lang='grc' dir='ltr'>Πάντα</span> 
     </span>
    </p>
   </div>
   <div class='ocr_carea' id='block_1_64' title="bbox 189 5873 1765 5956">
    <p class='ocr_par' dir='ltr' id='par_1_64' title="bbox 189 5873 1765 5956">
     <span class='ocr_line' id='line_1_64' title="bbox 189 5873 1765 5956; baseline 0.002 -27"><span class='ocrx_word' id='word_1_490' title='bbox 189 5875 299 5956; x_wconf 61' lang='grc' dir='ltr'>γὰρ</span> <span class='ocrx_word' id='word_1_491' title='bbox 328 5873 816 5945; x_wconf 76' lang='grc' dir='ltr'>φανερωθήσεται</span> <span class='ocrx_word' id='word_1_492' title='bbox 847 5874 1184 5946; x_wconf 75' lang='grc' dir='ltr'>ἔμπροσθεν</span> <span class='ocrx_word' id='word_1_493' title='bbox 1222 5875 1327 5930; x_wconf 82' lang='grc' dir='ltr'>τοῦ</span> <span class='ocrx_word' id='word_1_494' title='bbox 1357 5877 1631 5946; x_wconf 73' lang='grc' dir='ltr'>βήματος</span> <span class='ocrx_word' id='word_1_495' title='bbox 1659 5877 1765 5932; x_wconf 85' lang='grc' dir='ltr'>τοῦ</span> 
     </span>
    </p>
   </div>
   <div class='ocr_carea' id='block_1_65' title="bbox 1128 437 2440 500">
    <p class='ocr_par' dir='ltr' id='par_1_65' title="bbox 1128 437 2440 500">
     <span class='ocr_line' id='line_1_65' title="bbox 1128 437 2440 500; baseline 0 0"><span class='ocrx_word' id='word_1_496' title='bbox 1128 444 1194 500; x_wconf 85' lang='grc' dir='ltr'>ΙΝ</span> <span class='ocrx_word' id='word_1_497' title='bbox 1240 443 1460 500; x_wconf 79' lang='lat' dir='ltr'>EPIST.</span> <span class='ocrx_word' id='word_1_498' title='bbox 1499 441 1516 496; x_wconf 92' lang='grc'><strong>1</strong></span> <span class='ocrx_word' id='word_1_499' title='bbox 1584 441 1676 496; x_wconf 81' lang='lat' dir='ltr'>AD</span> <span class='ocrx_word' id='word_1_500' title='bbox 1709 437 1867 494; x_wconf 67' lang='lat' dir='ltr'>(10R.</span> <span class='ocrx_word' id='word_1_501' title='bbox 1915 440 2153 498; x_wconf 77' lang='lat' dir='ltr'>HOMIL.</span> <span class='ocrx_word' id='word_1_502' title='bbox 2195 445 2440 500; x_wconf 79' lang='lat' dir='ltr'><strong><em>XXXIX.</em></strong></span> 
     </span>
    </p>
   </div>
   <div class='ocr_carea' id='block_1_66' title="bbox 3331 448 3437 506">
    <p class='ocr_par' dir='ltr' id='par_1_66' title="bbox 3331 448 3437 506">
     <span class='ocr_line' id='line_1_66' title="bbox 3331 448 3437 506; baseline -0.019 -1"><span class='ocrx_word' id='word_1_503' title='bbox 3331 448 3437 506; x_wconf 70' lang='lat'>336</span> 
     </span>
    </p>
   </div>
   <div class='ocr_carea' id='block_1_67' title="bbox 1855 553 3439 630">
    <p class='ocr_par' dir='ltr' id='par_1_67' title="bbox 1855 553 3439 630">
     <span class='ocr_line' id='line_1_67' title="bbox 1855 553 3439 630; baseline 0.005 -22"><span class='ocrx_word' id='word_1_504' title='bbox 1855 553 2154 623; x_wconf 69' lang='grc' dir='ltr'>Χριστοῦ,</span> <span class='ocrx_word' id='word_1_505' title='bbox 2215 561 2314 614; x_wconf 84' lang='grc' dir='ltr'>ἵνα</span> <span class='ocrx_word' id='word_1_506' title='bbox 2363 561 2623 625; x_wconf 78' lang='grc' dir='ltr'>ἕκαστος</span> <span class='ocrx_word' id='word_1_507' title='bbox 2675 560 2996 630; x_wconf 75' lang='grc' dir='ltr'>κομίσηται</span> <span class='ocrx_word' id='word_1_508' title='bbox 3055 561 3127 616; x_wconf 85' lang='grc' dir='ltr'>τὰ</span> <span class='ocrx_word' id='word_1_509' title='bbox 3182 560 3283 615; x_wconf 82' lang='grc' dir='ltr'>διὰ</span> <span class='ocrx_word' id='word_1_510' title='bbox 3329 562 3439 616; x_wconf 80' lang='grc' dir='ltr'>τοῦ</span> 
     </span>
    </p>
   </div>
   <div class='ocr_carea' id='block_1_68' title="bbox 1853 640 3437 712">
    <p class='ocr_par' dir='ltr' id='par_1_68' title="bbox 1853 640 3437 712">
     <span class='ocr_line' id='line_1_68' title="bbox 1853 640 3437 712; baseline 0.003 -20"><span class='ocrx_word' id='word_1_511' title='bbox 1853 640 2146 708; x_wconf 83' lang='grc' dir='ltr'>σώματος.</span> <span class='ocrx_word' id='word_1_512' title='bbox 2180 643 2330 712; x_wconf 80' lang='grc' dir='ltr'>πρὸς</span> <span class='ocrx_word' id='word_1_513' title='bbox 2357 644 2393 696; x_wconf 79' lang='grc' dir='ltr'><strong>ιῖ</strong></span> <span class='ocrx_word' id='word_1_514' title='bbox 2422 643 2705 710; x_wconf 78' lang='grc' dir='ltr'>ἔπραξεν,</span> <span class='ocrx_word' id='word_1_515' title='bbox 2734 644 2856 697; x_wconf 81' lang='grc' dir='ltr'>εἴτε</span> <span class='ocrx_word' id='word_1_516' title='bbox 2885 643 3076 712; x_wconf 76' lang='grc' dir='ltr'>ἀγαθὰ</span> <span class='ocrx_word' id='word_1_517' title='bbox 3108 644 3229 698; x_wconf 81' lang='grc' dir='ltr'>εἴτε</span> <span class='ocrx_word' id='word_1_518' title='bbox 3261 644 3437 699; x_wconf 75' lang='grc' dir='ltr'>κακά.</span> 
     </span>
    </p>
   </div>
   <div class='ocr_carea' id='block_1_69' title="bbox 1853 723 3441 797">
    <p class='ocr_par' dir='ltr' id='par_1_69' title="bbox 1853 723 3441 797">
     <span class='ocr_line' id='line_1_69' title="bbox 1853 723 3441 797; baseline 0.003 -21"><span class='ocrx_word' id='word_1_519' title='bbox 1853 723 1953 777; x_wconf 89' lang='grc' dir='ltr'>Διά</span> <span class='ocrx_word' id='word_1_520' title='bbox 1990 725 2148 778; x_wconf 76' lang='grc' dir='ltr'>τοῦτό</span> <span class='ocrx_word' id='word_1_521' title='bbox 2191 743 2374 797; x_wconf 81' lang='grc' dir='ltr'>φησιν⁹</span> <span class='ocrx_word' id='word_1_522' title='bbox 2409 725 2475 779; x_wconf 83' lang='lat' dir='ltr'><em>El</em></span> <span class='ocrx_word' id='word_1_523' title='bbox 2507 727 2579 780; x_wconf 85' lang='grc' dir='ltr'>ἐν</span> <span class='ocrx_word' id='word_1_524' title='bbox 2623 725 2697 794; x_wconf 78' lang='grc' dir='ltr'>τῇ</span> <span class='ocrx_word' id='word_1_525' title='bbox 2745 725 2861 795; x_wconf 76' lang='grc' dir='ltr'>ζωῇ</span> <span class='ocrx_word' id='word_1_526' title='bbox 2896 727 3082 795; x_wconf 82' lang='grc' dir='ltr'>ταύτῃ</span> <span class='ocrx_word' id='word_1_527' title='bbox 3113 727 3441 795; x_wconf 76' lang='grc' dir='ltr'>ἠλπικότες</span> 
     </span>
    </p>
   </div>
   <div class='ocr_carea' id='block_1_70' title="bbox 1852 806 3441 878">
    <p class='ocr_par' dir='ltr' id='par_1_70' title="bbox 1852 806 3441 878">
     <span class='ocr_line' id='line_1_70' title="bbox 1852 806 3441 878; baseline 0.004 -20"><span class='ocrx_word' id='word_1_528' title='bbox 1852 806 2042 876; x_wconf 79' lang='grc' dir='ltr'>ἐσμὲν</span> <span class='ocrx_word' id='word_1_529' title='bbox 2093 809 2162 862; x_wconf 85' lang='grc' dir='ltr'>ἐν</span> <span class='ocrx_word' id='word_1_530' title='bbox 2218 809 2451 877; x_wconf 83' lang='grc' dir='ltr'>Χριστῷ</span> <span class='ocrx_word' id='word_1_531' title='bbox 2501 811 2708 876; x_wconf 80' lang='grc' dir='ltr'>μόνον,</span> <span class='ocrx_word' id='word_1_532' title='bbox 2761 809 3150 878; x_wconf 75' lang='grc' dir='ltr'>ἐλεεινότεροι</span> <span class='ocrx_word' id='word_1_533' title='bbox 3197 809 3441 864; x_wconf 81' lang='grc' dir='ltr'>πάντων</span> 
     </span>
    </p>
   </div>
   <div class='ocr_carea' id='block_1_71' title="bbox 1853 891 3438 964">
    <p class='ocr_par' dir='ltr' id='par_1_71' title="bbox 1853 891 3438 964">
     <span class='ocr_line' id='line_1_71' title="bbox 1853 891 3438 964; baseline 0.002 -20"><span class='ocrx_word' id='word_1_534' title='bbox 1853 891 2182 959; x_wconf 78' lang='grc' dir='ltr'>ἀνθρώπων</span> <span class='ocrx_word' id='word_1_535' title='bbox 2214 894 2420 962; x_wconf 82' lang='grc' dir='ltr'>ἐσμέν.</span> <span class='ocrx_word' id='word_1_536' title='bbox 2459 895 2521 948; x_wconf 86' lang='grc' dir='ltr'>Εἰ</span> <span class='ocrx_word' id='word_1_537' title='bbox 2553 894 2664 964; x_wconf 78' lang='grc' dir='ltr'>γὰρ</span> <span class='ocrx_word' id='word_1_538' title='bbox 2693 893 2792 947; x_wconf 81' lang='grc' dir='ltr'>οὐκ</span> <span class='ocrx_word' id='word_1_539' title='bbox 2821 893 3106 948; x_wconf 87' lang='grc' dir='ltr'>ἀνίσταται</span> <span class='ocrx_word' id='word_1_540' title='bbox 3146 893 3208 948; x_wconf 82' lang='grc' dir='ltr'>τὸ</span> <span class='ocrx_word' id='word_1_541' title='bbox 3258 895 3438 964; x_wconf 90' lang='grc' dir='ltr'>σῶμα,</span> 
     </span>
    </p>
   </div>
   <div class='ocr_carea' id='block_1_72' title="bbox 1855 975 3438 1048">
    <p class='ocr_par' dir='ltr' id='par_1_72' title="bbox 1855 975 3438 1048">
     <span class='ocr_line' id='line_1_72' title="bbox 1855 975 3438 1048; baseline 0.001 -22"><span class='ocrx_word' id='word_1_542' title='bbox 1855 975 2236 1044; x_wconf 68' lang='grc' dir='ltr'>ἀστεφάνωτος</span> <span class='ocrx_word' id='word_1_543' title='bbox 2266 979 2299 1048; x_wconf 90' lang='grc' dir='ltr'>ὴ</span> <span class='ocrx_word' id='word_1_544' title='bbox 2329 977 2478 1047; x_wconf 81' lang='grc' dir='ltr'>ψυχὴ</span> <span class='ocrx_word' id='word_1_545' title='bbox 2513 975 2664 1048; x_wconf 74' lang='lat'><em>[566]</em></span> <span class='ocrx_word' id='word_1_546' title='bbox 2703 977 2855 1047; x_wconf 85' lang='grc' dir='ltr'>μένει</span> <span class='ocrx_word' id='word_1_547' title='bbox 2886 976 2992 1042; x_wconf 78' lang='grc' dir='ltr'>ἔξω</span> <span class='ocrx_word' id='word_1_548' title='bbox 3022 979 3121 1046; x_wconf 83' lang='grc' dir='ltr'>τῆς</span> <span class='ocrx_word' id='word_1_549' title='bbox 3169 977 3438 1048; x_wconf 79' lang='grc' dir='ltr'>μακαριό-</span> 
     </span>
    </p>
   </div>
   <div class='ocr_carea' id='block_1_73' title="bbox 1853 1059 3440 1132">
    <p class='ocr_par' dir='ltr' id='par_1_73' title="bbox 1853 1059 3440 1132">
     <span class='ocr_line' id='line_1_73' title="bbox 1853 1059 3440 1132; baseline 0.001 -22"><span class='ocrx_word' id='word_1_550' title='bbox 1853 1076 2014 1128; x_wconf 82' lang='grc' dir='ltr'>τητος</span> <span class='ocrx_word' id='word_1_551' title='bbox 2044 1060 2260 1128; x_wconf 81' lang='grc' dir='ltr'>ἐκείνης</span> <span class='ocrx_word' id='word_1_552' title='bbox 2291 1061 2390 1130; x_wconf 77' lang='grc' dir='ltr'>τῆς</span> <span class='ocrx_word' id='word_1_553' title='bbox 2434 1063 2491 1114; x_wconf 85' lang='grc' dir='ltr'>ὲν</span> <span class='ocrx_word' id='word_1_554' title='bbox 2520 1062 2790 1132; x_wconf 74' lang='grc' dir='ltr'>οὐρανοῖς·</span> <span class='ocrx_word' id='word_1_555' title='bbox 2815 1063 2864 1114; x_wconf 83' lang='grc' dir='ltr'>εί</span> <span class='ocrx_word' id='word_1_556' title='bbox 2907 1062 2962 1114; x_wconf 82' lang='grc' dir='ltr'>δὲ</span> <span class='ocrx_word' id='word_1_557' title='bbox 3014 1061 3192 1125; x_wconf 80' lang='grc' dir='ltr'>τοῦτο,</span> <span class='ocrx_word' id='word_1_558' title='bbox 3227 1059 3440 1124; x_wconf 75' lang='grc' dir='ltr'>οὐδενὸς</span> 
     </span>
    </p>
   </div>
   <div class='ocr_carea' id='block_1_74' title="bbox 1855 1141 3443 1212">
    <p class='ocr_par' dir='ltr' id='par_1_74' title="bbox 1855 1141 3443 1212">
     <span class='ocr_line' id='line_1_74' title="bbox 1855 1141 3443 1212; baseline 0.001 -20"><span class='ocrx_word' id='word_1_559' title='bbox 1855 1141 2284 1212; x_wconf 82' lang='grc' dir='ltr'>ἀπολαυσόμεθα</span> <span class='ocrx_word' id='word_1_560' title='bbox 2314 1145 2436 1196; x_wconf 87' lang='grc' dir='ltr'>τότε</span> <span class='ocrx_word' id='word_1_561' title='bbox 2472 1144 2721 1197; x_wconf 76' lang='grc' dir='ltr'>καθόλου·</span> <span class='ocrx_word' id='word_1_562' title='bbox 2759 1146 2808 1198; x_wconf 83' lang='grc' dir='ltr'>εἰ</span> <span class='ocrx_word' id='word_1_563' title='bbox 2839 1144 2898 1197; x_wconf 74' lang='grc' dir='ltr'>δὲ</span> <span class='ocrx_word' id='word_1_564' title='bbox 2939 1144 3059 1197; x_wconf 86' lang='grc' dir='ltr'>τότε</span> <span class='ocrx_word' id='word_1_565' title='bbox 3105 1144 3338 1206; x_wconf 81' lang='grc' dir='ltr'>οὐδενὸς,</span> <span class='ocrx_word' id='word_1_566' title='bbox 3380 1145 3443 1195; x_wconf 81' lang='grc' dir='ltr'>ἐν</span> 
     </span>
    </p>
   </div>
   <div class='ocr_carea' id='block_1_75' title="bbox 1853 1223 3442 1298">
    <p class='ocr_par' dir='ltr' id='par_1_75' title="bbox 1853 1223 3442 1298">
     <span class='ocr_line' id='line_1_75' title="bbox 1853 1223 3442 1298; baseline 0.003 -23"><span class='ocrx_word' id='word_1_567' title='bbox 1853 1223 1932 1292; x_wconf 80' lang='grc' dir='ltr'>τῷ</span> <span class='ocrx_word' id='word_1_568' title='bbox 1963 1227 2190 1296; x_wconf 78' lang='grc' dir='ltr'>παρόντι</span> <span class='ocrx_word' id='word_1_569' title='bbox 2242 1229 2311 1280; x_wconf 77' lang='grc' dir='ltr'>τά</span> <span class='ocrx_word' id='word_1_570' title='bbox 2367 1226 2474 1279; x_wconf 89' lang='grc' dir='ltr'>τῶν</span> <span class='ocrx_word' id='word_1_571' title='bbox 2515 1226 2780 1298; x_wconf 82' lang='grc' dir='ltr'>ἀμοιϐῶν.</span> <span class='ocrx_word' id='word_1_572' title='bbox 2820 1227 2886 1280; x_wconf 90' lang='grc' dir='ltr'>Τί</span> <span class='ocrx_word' id='word_1_573' title='bbox 2939 1224 3032 1282; x_wconf 72' lang='grc' dir='ltr'>οὖν</span> <span class='ocrx_word' id='word_1_574' title='bbox 3085 1227 3244 1298; x_wconf 80' lang='grc' dir='ltr'>ἡμῶν</span> <span class='ocrx_word' id='word_1_575' title='bbox 3299 1225 3442 1280; x_wconf 83' lang='grc' dir='ltr'>κατά</span> 
     </span>
    </p>
   </div>
   <div class='ocr_carea' id='block_1_76' title="bbox 1854 1307 3440 1382">
    <p class='ocr_par' dir='ltr' id='par_1_76' title="bbox 1854 1307 3440 1382">
     <span class='ocr_line' id='line_1_76' title="bbox 1854 1307 3440 1382; baseline 0 -23"><span class='ocrx_word' id='word_1_576' title='bbox 1854 1307 2012 1360; x_wconf 77' lang='grc' dir='ltr'>τοῦτο</span> <span class='ocrx_word' id='word_1_577' title='bbox 2040 1309 2369 1381; x_wconf 79' lang='grc' dir='ltr'>ἀθλιώτερον</span> <span class='ocrx_word' id='word_1_578' title='bbox 2397 1310 2594 1378; x_wconf 78' lang='grc' dir='ltr'>γένοιτ’</span> <span class='ocrx_word' id='word_1_579' title='bbox 2631 1309 2719 1372; x_wconf 80' lang='grc' dir='ltr'>ἂν,</span> <span class='ocrx_word' id='word_1_580' title='bbox 2762 1311 2930 1382; x_wconf 86' lang='grc' dir='ltr'>φησί;</span> <span class='ocrx_word' id='word_1_581' title='bbox 2963 1311 3148 1365; x_wconf 86' lang='grc' dir='ltr'>Ταῦτα</span> <span class='ocrx_word' id='word_1_582' title='bbox 3169 1309 3225 1364; x_wconf 82' lang='grc' dir='ltr'>δὲ</span> <span class='ocrx_word' id='word_1_583' title='bbox 3253 1308 3440 1376; x_wconf 79' lang='grc' dir='ltr'>ἔλεγεν</span> 
     </span>
    </p>
   </div>
   <div class='ocr_carea' id='block_1_77' title="bbox 1854 1391 3441 1464">
    <p class='ocr_par' dir='ltr' id='par_1_77' title="bbox 1854 1391 3441 1464">
     <span class='ocr_line' id='line_1_77' title="bbox 1854 1391 3441 1464; baseline 0.001 -21"><span class='ocrx_word' id='word_1_584' title='bbox 1854 1391 1992 1461; x_wconf 84' lang='grc' dir='ltr'>ὁμοῦ</span> <span class='ocrx_word' id='word_1_585' title='bbox 2029 1392 2130 1462; x_wconf 80' lang='grc' dir='ltr'>μὲν</span> <span class='ocrx_word' id='word_1_586' title='bbox 2158 1395 2238 1456; x_wconf 87' lang='grc' dir='ltr'>είς</span> <span class='ocrx_word' id='word_1_587' title='bbox 2285 1394 2378 1447; x_wconf 77' lang='grc' dir='ltr'>τὸν</span> <span class='ocrx_word' id='word_1_588' title='bbox 2416 1396 2545 1464; x_wconf 75' lang='grc' dir='ltr'>περὶ</span> <span class='ocrx_word' id='word_1_589' title='bbox 2600 1395 2953 1458; x_wconf 87' lang='grc' dir='ltr'>ἀναστάσεως</span> <span class='ocrx_word' id='word_1_590' title='bbox 3006 1391 3279 1464; x_wconf 78' lang='grc' dir='ltr'>στηρίζων</span> <span class='ocrx_word' id='word_1_591' title='bbox 3329 1393 3441 1444; x_wconf 88' lang='grc' dir='ltr'>τῶν</span> 
     </span>
    </p>
   </div>
   <div class='ocr_carea' id='block_1_78' title="bbox 1857 1475 3440 1549">
    <p class='ocr_par' dir='ltr' id='par_1_78' title="bbox 1857 1475 3440 1549">
     <span class='ocr_line' id='line_1_78' title="bbox 1857 1475 3440 1549; baseline 0.001 -23"><span class='ocrx_word' id='word_1_592' title='bbox 1857 1475 2127 1544; x_wconf 88' lang='grc' dir='ltr'>σωμάτων</span> <span class='ocrx_word' id='word_1_593' title='bbox 2158 1477 2355 1539; x_wconf 78' lang='grc' dir='ltr'>αὐτοὺς</span> <span class='ocrx_word' id='word_1_594' title='bbox 2393 1477 2572 1545; x_wconf 89' lang='grc' dir='ltr'>λόγον,</span> <span class='ocrx_word' id='word_1_595' title='bbox 2600 1477 2735 1546; x_wconf 78' lang='grc' dir='ltr'>ὁμοῦ</span> <span class='ocrx_word' id='word_1_596' title='bbox 2769 1477 2826 1531; x_wconf 83' lang='grc' dir='ltr'>δὲ</span> <span class='ocrx_word' id='word_1_597' title='bbox 2857 1478 2954 1532; x_wconf 72' lang='grc' dir='ltr'>καὶ</span> <span class='ocrx_word' id='word_1_598' title='bbox 2999 1478 3129 1549; x_wconf 62' lang='grc' dir='ltr'>περ)⁸</span> <span class='ocrx_word' id='word_1_599' title='bbox 3162 1476 3260 1544; x_wconf 83' lang='grc' dir='ltr'>τῆς</span> <span class='ocrx_word' id='word_1_600' title='bbox 3303 1475 3440 1528; x_wconf 87' lang='grc' dir='ltr'>ἀθα-</span> 
     </span>
    </p>
   </div>
   <div class='ocr_carea' id='block_1_79' title="bbox 1856 1559 3441 1632">
    <p class='ocr_par' dir='ltr' id='par_1_79' title="bbox 1856 1559 3441 1632">
     <span class='ocr_line' id='line_1_79' title="bbox 1856 1559 3441 1632; baseline -0.001 -20"><span class='ocrx_word' id='word_1_601' title='bbox 1856 1560 2020 1613; x_wconf 86' lang='grc' dir='ltr'>νάτου</span> <span class='ocrx_word' id='word_1_602' title='bbox 2044 1560 2192 1629; x_wconf 81' lang='grc' dir='ltr'>ζωῆς</span> <span class='ocrx_word' id='word_1_603' title='bbox 2222 1561 2439 1630; x_wconf 79' lang='grc' dir='ltr'>ἐκείνης</span> <span class='ocrx_word' id='word_1_604' title='bbox 2474 1563 2694 1626; x_wconf 87' lang='grc' dir='ltr'>πείθων,</span> <span class='ocrx_word' id='word_1_605' title='bbox 2753 1563 2840 1615; x_wconf 81' lang='grc' dir='ltr'>ἵνα</span> <span class='ocrx_word' id='word_1_606' title='bbox 2897 1562 2972 1632; x_wconf 83' lang='grc' dir='ltr'>μὴ</span> <span class='ocrx_word' id='word_1_607' title='bbox 3025 1563 3108 1623; x_wconf 80' lang='grc' dir='ltr'>είς</span> <span class='ocrx_word' id='word_1_608' title='bbox 3155 1559 3217 1612; x_wconf 68' lang='grc' dir='ltr'>τὸ</span> <span class='ocrx_word' id='word_1_609' title='bbox 3266 1559 3441 1630; x_wconf 80' lang='grc' dir='ltr'>παρὸν</span> 
     </span>
    </p>
   </div>
   <div class='ocr_carea' id='block_1_80' title="bbox 1855 1641 3444 1716">
    <p class='ocr_par' dir='ltr' id='par_1_80' title="bbox 1855 1641 3444 1716">
     <span class='ocr_line' id='line_1_80' title="bbox 1855 1641 3444 1716; baseline 0 -22"><span class='ocrx_word' id='word_1_610' title='bbox 1855 1643 2118 1712; x_wconf 75' lang='grc' dir='ltr'>νομίζωσι</span> <span class='ocrx_word' id='word_1_611' title='bbox 2152 1644 2219 1698; x_wconf 79' lang='grc' dir='ltr'>τὰ</span> <span class='ocrx_word' id='word_1_612' title='bbox 2253 1646 2500 1716; x_wconf 81' lang='grc' dir='ltr'>ἡμέτερα</span> <span class='ocrx_word' id='word_1_613' title='bbox 2526 1645 2820 1699; x_wconf 83' lang='grc' dir='ltr'>καταλύειν</span> <span class='ocrx_word' id='word_1_614' title='bbox 2851 1645 3048 1698; x_wconf 87' lang='grc' dir='ltr'>πάντα.</span> <span class='ocrx_word' id='word_1_615' title='bbox 3085 1641 3444 1696; x_wconf 79' lang='grc' dir='ltr'>Κατασκευά-</span> 
     </span>
    </p>
   </div>
   <div class='ocr_carea' id='block_1_81' title="bbox 1858 1726 3442 1802">
    <p class='ocr_par' dir='ltr' id='par_1_81' title="bbox 1858 1726 3442 1802">
     <span class='ocr_line' id='line_1_81' title="bbox 1858 1726 3442 1802; baseline 0.002 -23"><span class='ocrx_word' id='word_1_616' title='bbox 1858 1745 1956 1790; x_wconf 84' lang='grc' dir='ltr'>σας</span> <span class='ocrx_word' id='word_1_617' title='bbox 1987 1728 2096 1800; x_wconf 77' lang='lat'>7&amp;9</span> <span class='ocrx_word' id='word_1_618' title='bbox 2126 1730 2330 1794; x_wconf 82' lang='grc' dir='ltr'>ἱκανῶς</span> <span class='ocrx_word' id='word_1_619' title='bbox 2357 1731 2445 1784; x_wconf 78' lang='grc' dir='ltr'>διὰ</span> <span class='ocrx_word' id='word_1_620' title='bbox 2467 1732 2577 1784; x_wconf 88' lang='grc' dir='ltr'>τῶν</span> <span class='ocrx_word' id='word_1_621' title='bbox 2604 1730 2939 1802; x_wconf 80' lang='grc' dir='ltr'>ἔμπροσθεν,</span> <span class='ocrx_word' id='word_1_622' title='bbox 2985 1730 3125 1800; x_wconf 80' lang='grc' dir='ltr'>ὅπερ</span> <span class='ocrx_word' id='word_1_623' title='bbox 3169 1726 3442 1791; x_wconf 79' lang='grc' dir='ltr'>ἐϐούλετο,</span> 
     </span>
    </p>
   </div>
   <div class='ocr_carea' id='block_1_82' title="bbox 1856 1809 3444 1884">
    <p class='ocr_par' dir='ltr' id='par_1_82' title="bbox 1856 1809 3444 1884">
     <span class='ocr_line' id='line_1_82' title="bbox 1856 1809 3444 1884; baseline -0.001 -20"><span class='ocrx_word' id='word_1_624' title='bbox 1856 1811 1952 1864; x_wconf 78' lang='grc' dir='ltr'>καὶ</span> <span class='ocrx_word' id='word_1_625' title='bbox 1996 1812 2188 1876; x_wconf 88' lang='grc' dir='ltr'>εἰπὼν,</span> <span class='ocrx_word' id='word_1_626' title='bbox 2239 1817 2309 1867; x_wconf 81' lang='grc' dir='ltr'>Εἰ</span> <span class='ocrx_word' id='word_1_627' title='bbox 2340 1815 2544 1883; x_wconf 80' lang='grc' dir='ltr'>νεκροί</span> <span class='ocrx_word' id='word_1_628' title='bbox 2596 1819 2709 1869; x_wconf 85' lang='grc' dir='ltr'>οὐκ</span> <span class='ocrx_word' id='word_1_629' title='bbox 2748 1815 3094 1884; x_wconf 73' lang='grc' dir='ltr'>ἐγείρονται,</span> <span class='ocrx_word' id='word_1_630' title='bbox 3133 1809 3276 1865; x_wconf 82' lang='grc' dir='ltr'>οὐδὲ</span> <span class='ocrx_word' id='word_1_631' title='bbox 3308 1813 3444 1878; x_wconf 84' lang='grc' dir='ltr'>Χρι-</span> 
     </span>
    </p>
   </div>
   <div class='ocr_carea' id='block_1_83' title="bbox 1857 1893 3444 1966">
    <p class='ocr_par' dir='ltr' id='par_1_83' title="bbox 1857 1893 3444 1966">
     <span class='ocr_line' id='line_1_83' title="bbox 1857 1893 3444 1966; baseline 0.003 -19"><span class='ocrx_word' id='word_1_632' title='bbox 1857 1893 2003 1960; x_wconf 87' lang='grc' dir='ltr'>στὸς</span> <span class='ocrx_word' id='word_1_633' title='bbox 2031 1895 2343 1966; x_wconf 75' lang='grc' dir='ltr'>ἐγήγερται</span> <span class='ocrx_word' id='word_1_634' title='bbox 2367 1915 2380 1928; x_wconf 89' lang='grc'><strong>·</strong></span> <span class='ocrx_word' id='word_1_635' title='bbox 2409 1901 2462 1952; x_wconf 86' lang='grc' dir='ltr'>εὶ</span> <span class='ocrx_word' id='word_1_636' title='bbox 2521 1897 2589 1951; x_wconf 84' lang='grc' dir='ltr'>δὲ</span> <span class='ocrx_word' id='word_1_637' title='bbox 2621 1898 2874 1966; x_wconf 76' lang='grc' dir='ltr'>Χριστὸς</span> <span class='ocrx_word' id='word_1_638' title='bbox 2905 1898 3016 1951; x_wconf 82' lang='grc' dir='ltr'>οὐκ</span> <span class='ocrx_word' id='word_1_639' title='bbox 3047 1893 3291 1964; x_wconf 72' lang='grc' dir='ltr'>ἠγέρθη,</span> <span class='ocrx_word' id='word_1_640' title='bbox 3337 1893 3444 1951; x_wconf 77' lang='grc' dir='ltr'>ἁπ-</span> 
     </span>
    </p>
   </div>
   <div class='ocr_carea' id='block_1_84' title="bbox 1853 1977 3446 2053">
    <p class='ocr_par' dir='ltr' id='par_1_84' title="bbox 1853 1977 3446 2053">
     <span class='ocr_line' id='line_1_84' title="bbox 1853 1977 3446 2053; baseline 0.001 -24"><span class='ocrx_word' id='word_1_641' title='bbox 1853 1977 2128 2049; x_wconf 83' lang='grc' dir='ltr'>ωλόμεθα,</span> <span class='ocrx_word' id='word_1_642' title='bbox 2159 1981 2255 2034; x_wconf 74' lang='grc' dir='ltr'>καὶ</span> <span class='ocrx_word' id='word_1_643' title='bbox 2285 1983 2367 2036; x_wconf 77' lang='grc' dir='ltr'>ἔτι</span> <span class='ocrx_word' id='word_1_644' title='bbox 2403 1983 2568 2052; x_wconf 74' lang='grc' dir='ltr'>ἐσμὲν</span> <span class='ocrx_word' id='word_1_645' title='bbox 2601 1985 2658 2035; x_wconf 87' lang='grc' dir='ltr'>ἐν</span> <span class='ocrx_word' id='word_1_646' title='bbox 2680 1983 2800 2045; x_wconf 87' lang='grc' dir='ltr'>ταῖς</span> <span class='ocrx_word' id='word_1_647' title='bbox 2821 1981 3138 2053; x_wconf 86' lang='grc' dir='ltr'>ἁμαρτίαις·</span> <span class='ocrx_word' id='word_1_648' title='bbox 3159 1977 3320 2031; x_wconf 87' lang='grc' dir='ltr'>πάλιν</span> <span class='ocrx_word' id='word_1_649' title='bbox 3351 1977 3446 2031; x_wconf 81' lang='grc' dir='ltr'>καί</span> 
     </span>
    </p>
   </div>
   <div class='ocr_carea' id='block_1_85' title="bbox 1854 2060 3446 2140">
    <p class='ocr_par' dir='ltr' id='par_1_85' title="bbox 1854 2060 3446 2140">
     <span class='ocr_line' id='line_1_85' title="bbox 1854 2060 3446 2140; baseline 0 -27"><span class='ocrx_word' id='word_1_650' title='bbox 1854 2061 2014 2114; x_wconf 79' lang='grc' dir='ltr'>τοῦτο</span> <span class='ocrx_word' id='word_1_651' title='bbox 2059 2064 2277 2133; x_wconf 84' lang='grc' dir='ltr'>ἐπάγει,</span> <span class='ocrx_word' id='word_1_652' title='bbox 2337 2065 2642 2119; x_wconf 78' lang='grc' dir='ltr'>κατασείων</span> <span class='ocrx_word' id='word_1_653' title='bbox 2681 2063 2862 2120; x_wconf 72' lang='grc' dir='ltr'>αὐτῶν</span> <span class='ocrx_word' id='word_1_654' title='bbox 2896 2065 2994 2134; x_wconf 74' lang='grc' dir='ltr'>τὴν</span> <span class='ocrx_word' id='word_1_655' title='bbox 3022 2063 3301 2116; x_wconf 75' lang='grc' dir='ltr'>ἀπόνοιαν.</span> <span class='ocrx_word' id='word_1_656' title='bbox 3332 2060 3446 2140; x_wconf 53' lang='lat' dir='ltr'>Kal</span> 
     </span>
    </p>
   </div>
   <div class='ocr_carea' id='block_1_86' title="bbox 1857 2145 3443 2220">
    <p class='ocr_par' dir='ltr' id='par_1_86' title="bbox 1857 2145 3443 2220">
     <span class='ocr_line' id='line_1_86' title="bbox 1857 2145 3443 2220; baseline -0.001 -23"><span class='ocrx_word' id='word_1_657' title='bbox 1857 2145 1963 2217; x_wconf 88' lang='lat'>7&amp;9</span> <span class='ocrx_word' id='word_1_658' title='bbox 1986 2146 2114 2200; x_wconf 83' lang='grc' dir='ltr'>ὅταν</span> <span class='ocrx_word' id='word_1_659' title='bbox 2142 2149 2312 2220; x_wconf 82' lang='grc' dir='ltr'>μέλλῃ</span> <span class='ocrx_word' id='word_1_660' title='bbox 2333 2166 2386 2202; x_wconf 90' lang='grc' dir='ltr'>τι</span> <span class='ocrx_word' id='word_1_661' title='bbox 2407 2151 2515 2201; x_wconf 88' lang='grc' dir='ltr'>τῶν</span> <span class='ocrx_word' id='word_1_662' title='bbox 2537 2149 2850 2217; x_wconf 86' lang='grc' dir='ltr'>ἀναγκαίων</span> <span class='ocrx_word' id='word_1_663' title='bbox 2875 2149 3116 2213; x_wconf 84' lang='grc' dir='ltr'>εἰσάγειν</span> <span class='ocrx_word' id='word_1_664' title='bbox 3134 2145 3443 2214; x_wconf 82' lang='grc' dir='ltr'>δογμάτων,</span> 
     </span>
    </p>
   </div>
   <div class='ocr_carea' id='block_1_87' title="bbox 1855 2227 3446 2307">
    <p class='ocr_par' dir='ltr' id='par_1_87' title="bbox 1855 2227 3446 2307">
     <span class='ocr_line' id='line_1_87' title="bbox 1855 2227 3446 2307; baseline -0.001 -26"><span class='ocrx_word' id='word_1_665' title='bbox 1855 2229 1934 2299; x_wconf 81' lang='grc' dir='ltr'>τῷ</span> <span class='ocrx_word' id='word_1_666' title='bbox 1971 2231 2125 2300; x_wconf 76' lang='grc' dir='ltr'>φόϐῳ</span> <span class='ocrx_word' id='word_1_667' title='bbox 2158 2231 2258 2307; x_wconf 80' lang='grc' dir='ltr'>τὴν</span> <span class='ocrx_word' id='word_1_668' title='bbox 2291 2231 2551 2304; x_wconf 81' lang='grc' dir='ltr'>πώρωσιν</span> <span class='ocrx_word' id='word_1_669' title='bbox 2578 2232 2758 2286; x_wconf 82' lang='grc' dir='ltr'>αὐτῶν</span> <span class='ocrx_word' id='word_1_670' title='bbox 2786 2230 3092 2285; x_wconf 88' lang='grc' dir='ltr'>διασαλεύει</span> <span class='ocrx_word' id='word_1_671' title='bbox 3129 2228 3346 2300; x_wconf 86' lang='grc' dir='ltr'>πρῶτον</span> <span class='ocrx_word' id='word_1_672' title='bbox 3373 2243 3387 2258; x_wconf 73' lang='grc' dir='ltr'><strong><em>ο</em></strong></span> <span class='ocrx_word' id='word_1_673' title='bbox 3415 2227 3446 2280; x_wconf 82' lang='grc' dir='ltr'><strong>ὅ</strong></span> 
     </span>
    </p>
   </div>
   <div class='ocr_carea' id='block_1_88' title="bbox 1853 2309 3444 2386">
    <p class='ocr_par' dir='ltr' id='par_1_88' title="bbox 1853 2309 3444 2386">
     <span class='ocr_line' id='line_1_88' title="bbox 1853 2309 3444 2386; baseline -0.003 -21"><span class='ocrx_word' id='word_1_674' title='bbox 1853 2311 1918 2383; x_wconf 85' lang='grc' dir='ltr'>δὴ</span> <span class='ocrx_word' id='word_1_675' title='bbox 1953 2315 2048 2366; x_wconf 80' lang='grc' dir='ltr'>καὶ</span> <span class='ocrx_word' id='word_1_676' title='bbox 2079 2315 2310 2368; x_wconf 76' lang='grc' dir='ltr'>ἐνταῦθα</span> <span class='ocrx_word' id='word_1_677' title='bbox 2341 2315 2620 2384; x_wconf 84' lang='grc' dir='ltr'>ἐποίησεν,</span> <span class='ocrx_word' id='word_1_678' title='bbox 2649 2315 2910 2386; x_wconf 86' lang='grc' dir='ltr'>ἀνωτέρω</span> <span class='ocrx_word' id='word_1_679' title='bbox 2935 2331 2995 2366; x_wconf 88' lang='grc' dir='ltr'>τε</span> <span class='ocrx_word' id='word_1_680' title='bbox 3027 2311 3168 2366; x_wconf 83' lang='grc' dir='ltr'>αύτά</span> <span class='ocrx_word' id='word_1_681' title='bbox 3194 2309 3444 2363; x_wconf 83' lang='grc' dir='ltr'>διασπεί-</span> 
     </span>
    </p>
   </div>
   <div class='ocr_carea' id='block_1_89' title="bbox 1861 2391 3444 2467">
    <p class='ocr_par' dir='ltr' id='par_1_89' title="bbox 1861 2391 3444 2467">
     <span class='ocr_line' id='line_1_89' title="bbox 1861 2391 3444 2467; baseline -0.004 -17"><span class='ocrx_word' id='word_1_682' title='bbox 1861 2413 1980 2467; x_wconf 88' lang='grc' dir='ltr'>ρας,</span> <span class='ocrx_word' id='word_1_683' title='bbox 2019 2399 2114 2450; x_wconf 79' lang='grc' dir='ltr'>καὶ</span> <span class='ocrx_word' id='word_1_684' title='bbox 2164 2399 2495 2467; x_wconf 82' lang='grc' dir='ltr'>ἐναγωνίους</span> <span class='ocrx_word' id='word_1_685' title='bbox 2553 2399 2906 2467; x_wconf 73' lang='grc' dir='ltr'>καταστήσας</span> <span class='ocrx_word' id='word_1_686' title='bbox 2959 2395 3178 2458; x_wconf 73' lang='grc' dir='ltr'>αὐτοὺς,</span> <span class='ocrx_word' id='word_1_687' title='bbox 3232 2393 3309 2456; x_wconf 85' lang='grc' dir='ltr'>ὡς</span> <span class='ocrx_word' id='word_1_688' title='bbox 3347 2391 3444 2445; x_wconf 84' lang='grc' dir='ltr'>τοῦ</span> 
     </span>
    </p>
   </div>
   <div class='ocr_carea' id='block_1_90' title="bbox 1857 2474 3447 2550">
    <p class='ocr_par' dir='ltr' id='par_1_90' title="bbox 1857 2474 3447 2550">
     <span class='ocr_line' id='line_1_90' title="bbox 1857 2474 3447 2550; baseline -0.003 -19"><span class='ocrx_word' id='word_1_689' title='bbox 1857 2481 2060 2544; x_wconf 83' lang='grc' dir='ltr'>παντὸς</span> <span class='ocrx_word' id='word_1_690' title='bbox 2095 2482 2431 2546; x_wconf 86' lang='grc' dir='ltr'>ἐκπεσόντας</span> <span class='ocrx_word' id='word_1_691' title='bbox 2453 2501 2466 2513; x_wconf 76' lang='grc' dir='ltr'><strong><em>ο</em></strong></span> <span class='ocrx_word' id='word_1_692' title='bbox 2495 2485 2591 2536; x_wconf 79' lang='grc' dir='ltr'>καὶ</span> <span class='ocrx_word' id='word_1_693' title='bbox 2625 2482 2720 2535; x_wconf 73' lang='grc' dir='ltr'>νῦν</span> <span class='ocrx_word' id='word_1_694' title='bbox 2757 2481 2917 2534; x_wconf 85' lang='grc' dir='ltr'>πάλιν</span> <span class='ocrx_word' id='word_1_695' title='bbox 2946 2477 3170 2550; x_wconf 79' lang='grc' dir='ltr'>ἑτέρως,</span> <span class='ocrx_word' id='word_1_696' title='bbox 3223 2475 3320 2530; x_wconf 77' lang='grc' dir='ltr'>καὶ</span> <span class='ocrx_word' id='word_1_697' title='bbox 3369 2474 3447 2538; x_wconf 87' lang='grc' dir='ltr'>ὼς</span> 
     </span>
    </p>
   </div>
   <div class='ocr_carea' id='block_1_91' title="bbox 1857 2557 3446 2636">
    <p class='ocr_par' dir='ltr' id='par_1_91' title="bbox 1857 2557 3446 2636">
     <span class='ocr_line' id='line_1_91' title="bbox 1857 2557 3446 2636; baseline -0.004 -20"><span class='ocrx_word' id='word_1_698' title='bbox 1857 2564 1924 2616; x_wconf 90' lang='grc' dir='ltr'>ἂν</span> <span class='ocrx_word' id='word_1_699' title='bbox 1957 2565 2195 2635; x_wconf 84' lang='grc' dir='ltr'>μάλιστα</span> <span class='ocrx_word' id='word_1_700' title='bbox 2224 2565 2492 2636; x_wconf 73' lang='grc' dir='ltr'>ἤλγησαν,</span> <span class='ocrx_word' id='word_1_701' title='bbox 2527 2566 2588 2618; x_wconf 70' lang='grc' dir='ltr'>τὸ</span> <span class='ocrx_word' id='word_1_702' title='bbox 2635 2563 2768 2618; x_wconf 75' lang='grc' dir='ltr'>αὐτὸ</span> <span class='ocrx_word' id='word_1_703' title='bbox 2812 2561 2970 2614; x_wconf 78' lang='grc' dir='ltr'>τοῦτο</span> <span class='ocrx_word' id='word_1_704' title='bbox 3003 2561 3194 2621; x_wconf 85' lang='grc' dir='ltr'>ποιῶν,</span> <span class='ocrx_word' id='word_1_705' title='bbox 3238 2558 3330 2611; x_wconf 69' lang='grc' dir='ltr'>καὶ</span> <span class='ocrx_word' id='word_1_706' title='bbox 3359 2557 3446 2610; x_wconf 82' lang='grc' dir='ltr'>λέ-</span> 
     </span>
    </p>
   </div>
   <div class='ocr_carea' id='block_1_92' title="bbox 1855 2641 3444 2717">
    <p class='ocr_par' dir='ltr' id='par_1_92' title="bbox 1855 2641 3444 2717">
     <span class='ocr_line' id='line_1_92' title="bbox 1855 2641 3444 2717; baseline -0.003 -17"><span class='ocrx_word' id='word_1_707' title='bbox 1855 2664 1988 2716; x_wconf 73' lang='grc' dir='ltr'>γων’</span> <span class='ocrx_word' id='word_1_708' title='bbox 2028 2649 2448 2717; x_wconf 79' lang='grc' dir='ltr'>Ἐλεεινότεροι</span> <span class='ocrx_word' id='word_1_709' title='bbox 2483 2647 2728 2702; x_wconf 81' lang='grc' dir='ltr'>πάντων</span> <span class='ocrx_word' id='word_1_710' title='bbox 2757 2645 3084 2714; x_wconf 76' lang='grc' dir='ltr'>ἀνθρώπων</span> <span class='ocrx_word' id='word_1_711' title='bbox 3117 2641 3335 2712; x_wconf 85' lang='grc' dir='ltr'>ἐσμὲν,</span> <span class='ocrx_word' id='word_1_712' title='bbox 3371 2641 3444 2706; x_wconf 81' lang='grc' dir='ltr'>εἰ,</span> 
     </span>
    </p>
   </div>
   <div class='ocr_carea' id='block_1_93' title="bbox 1859 2725 3446 2802">
    <p class='ocr_par' dir='ltr' id='par_1_93' title="bbox 1859 2725 3446 2802">
     <span class='ocr_line' id='line_1_93' title="bbox 1859 2725 3446 2802; baseline -0.003 -19"><span class='ocrx_word' id='word_1_713' title='bbox 1859 2731 1999 2802; x_wconf 75' lang='grc' dir='ltr'>μετά</span> <span class='ocrx_word' id='word_1_714' title='bbox 2033 2733 2324 2796; x_wconf 82' lang='grc' dir='ltr'>τοσούτους</span> <span class='ocrx_word' id='word_1_715' title='bbox 2353 2733 2624 2802; x_wconf 84' lang='grc' dir='ltr'>πολέμους</span> <span class='ocrx_word' id='word_1_716' title='bbox 2651 2732 2744 2784; x_wconf 80' lang='grc' dir='ltr'>καὶ</span> <span class='ocrx_word' id='word_1_717' title='bbox 2769 2731 3036 2793; x_wconf 83' lang='grc' dir='ltr'>θανάτους</span> <span class='ocrx_word' id='word_1_718' title='bbox 3059 2729 3152 2782; x_wconf 75' lang='grc' dir='ltr'>καὶ</span> <span class='ocrx_word' id='word_1_719' title='bbox 3174 2729 3240 2782; x_wconf 79' lang='grc' dir='ltr'>τά</span> <span class='ocrx_word' id='word_1_720' title='bbox 3273 2725 3446 2798; x_wconf 87' lang='grc' dir='ltr'>μυρία</span> 
     </span>
    </p>
   </div>
   <div class='ocr_carea' id='block_1_94' title="bbox 1855 2807 3446 2886">
    <p class='ocr_par' dir='ltr' id='par_1_94' title="bbox 1855 2807 3446 2886">
     <span class='ocr_line' id='line_1_94' title="bbox 1855 2807 3446 2886; baseline -0.003 -20"><span class='ocrx_word' id='word_1_721' title='bbox 1855 2814 2026 2880; x_wconf 79' lang='grc' dir='ltr'>δεινά,</span> <span class='ocrx_word' id='word_1_722' title='bbox 2060 2815 2332 2868; x_wconf 85' lang='grc' dir='ltr'>τοσούτων</span> <span class='ocrx_word' id='word_1_723' title='bbox 2369 2816 2660 2886; x_wconf 83' lang='grc' dir='ltr'>μέλλοιμεν</span> <span class='ocrx_word' id='word_1_724' title='bbox 2708 2815 2998 2868; x_wconf 81' lang='grc' dir='ltr'>ἐκπίπτειν</span> <span class='ocrx_word' id='word_1_725' title='bbox 3053 2810 3296 2880; x_wconf 81' lang='grc' dir='ltr'>ἀγαθῶν,</span> <span class='ocrx_word' id='word_1_726' title='bbox 3351 2807 3446 2862; x_wconf 68' lang='grc' dir='ltr'>καὶ</span> 
     </span>
    </p>
   </div>
   <div class='ocr_carea' id='block_1_95' title="bbox 1861 2891 3447 2971">
    <p class='ocr_par' dir='ltr' id='par_1_95' title="bbox 1861 2891 3447 2971">
     <span class='ocr_line' id='line_1_95' title="bbox 1861 2891 3447 2971; baseline -0.004 -19"><span class='ocrx_word' id='word_1_727' title='bbox 1861 2899 2025 2970; x_wconf 82' lang='grc' dir='ltr'>μέχρι</span> <span class='ocrx_word' id='word_1_728' title='bbox 2057 2899 2150 2952; x_wconf 76' lang='grc' dir='ltr'>τοῦ</span> <span class='ocrx_word' id='word_1_729' title='bbox 2187 2899 2456 2971; x_wconf 86' lang='grc' dir='ltr'>παρόντος</span> <span class='ocrx_word' id='word_1_730' title='bbox 2509 2901 2577 2953; x_wconf 87' lang='grc' dir='ltr'>τά</span> <span class='ocrx_word' id='word_1_731' title='bbox 2635 2900 2881 2970; x_wconf 81' lang='grc' dir='ltr'>ἡμέτερα</span> <span class='ocrx_word' id='word_1_732' title='bbox 2931 2897 3151 2966; x_wconf 74' lang='grc' dir='ltr'>έστηκεο</span> <span class='ocrx_word' id='word_1_733' title='bbox 3183 2895 3280 2948; x_wconf 74' lang='grc' dir='ltr'>καὶ</span> <span class='ocrx_word' id='word_1_734' title='bbox 3335 2891 3447 2963; x_wconf 90' lang='grc' dir='ltr'>γάρ</span> 
     </span>
    </p>
   </div>
   <div class='ocr_carea' id='block_1_96' title="bbox 1859 2976 3449 3055">
    <p class='ocr_par' dir='ltr' id='par_1_96' title="bbox 1859 2976 3449 3055">
     <span class='ocr_line' id='line_1_96' title="bbox 1859 2976 3449 3055; baseline -0.004 -19"><span class='ocrx_word' id='word_1_735' title='bbox 1859 2984 2038 3039; x_wconf 85' lang='grc' dir='ltr'>πάντα</span> <span class='ocrx_word' id='word_1_736' title='bbox 2071 2987 2168 3054; x_wconf 82' lang='grc' dir='ltr'>τῆς</span> <span class='ocrx_word' id='word_1_737' title='bbox 2195 2985 2548 3048; x_wconf 84' lang='grc' dir='ltr'>ἀναστάσεως</span> <span class='ocrx_word' id='word_1_738' title='bbox 2583 2983 2844 3055; x_wconf 75' lang='grc' dir='ltr'>ἤρτηται.</span> <span class='ocrx_word' id='word_1_739' title='bbox 2876 2981 3040 3034; x_wconf 82' lang='grc' dir='ltr'>Ὥστε</span> <span class='ocrx_word' id='word_1_740' title='bbox 3068 2981 3162 3032; x_wconf 75' lang='grc' dir='ltr'>καὶ</span> <span class='ocrx_word' id='word_1_741' title='bbox 3196 2976 3449 3032; x_wconf 82' lang='grc' dir='ltr'>ἐντεῦθεν</span> 
     </span>
    </p>
   </div>
   <div class='ocr_carea' id='block_1_97' title="bbox 1858 3056 3446 3140">
    <p class='ocr_par' dir='ltr' id='par_1_97' title="bbox 1858 3056 3446 3140">
     <span class='ocr_line' id='line_1_97' title="bbox 1858 3056 3446 3140; baseline -0.003 -21"><span class='ocrx_word' id='word_1_742' title='bbox 1858 3066 2038 3137; x_wconf 79' lang='grc' dir='ltr'>δῆλον,</span> <span class='ocrx_word' id='word_1_743' title='bbox 2073 3069 2154 3121; x_wconf 83' lang='grc' dir='ltr'>ὅτι</span> <span class='ocrx_word' id='word_1_744' title='bbox 2187 3068 2247 3121; x_wconf 83' lang='grc' dir='ltr'>οὐ</span> <span class='ocrx_word' id='word_1_745' title='bbox 2297 3069 2426 3140; x_wconf 71' lang='grc' dir='ltr'>περὶ</span> <span class='ocrx_word' id='word_1_746' title='bbox 2460 3065 2881 3138; x_wconf 85' lang='grc' dir='ltr'>ἁμαρτημάτων</span> <span class='ocrx_word' id='word_1_747' title='bbox 2927 3067 2954 3118; x_wconf 90' lang='lat'>6</span> <span class='ocrx_word' id='word_1_748' title='bbox 2985 3063 3141 3131; x_wconf 80' lang='grc' dir='ltr'>λόγος</span> <span class='ocrx_word' id='word_1_749' title='bbox 3175 3061 3324 3131; x_wconf 81' lang='grc' dir='ltr'>αὐτῷ</span> <span class='ocrx_word' id='word_1_750' title='bbox 3354 3056 3446 3131; x_wconf 80' lang='grc' dir='ltr'>ἦν.</span> 
     </span>
    </p>
   </div>
   <div class='ocr_carea' id='block_1_98' title="bbox 1859 3147 3451 3221">
    <p class='ocr_par' dir='ltr' id='par_1_98' title="bbox 1859 3147 3451 3221">
     <span class='ocr_line' id='line_1_98' title="bbox 1859 3147 3451 3221; baseline -0.003 -18"><span class='ocrx_word' id='word_1_751' title='bbox 1859 3151 1996 3203; x_wconf 84' lang='grc' dir='ltr'>ἀλλά</span> <span class='ocrx_word' id='word_1_752' title='bbox 2023 3152 2149 3220; x_wconf 72' lang='grc' dir='ltr'>περὶ</span> <span class='ocrx_word' id='word_1_753' title='bbox 2177 3151 2449 3221; x_wconf 77' lang='grc' dir='ltr'>σωμάτιον</span> <span class='ocrx_word' id='word_1_754' title='bbox 2479 3150 2852 3215; x_wconf 85' lang='grc' dir='ltr'>ἀναστάσεως,</span> <span class='ocrx_word' id='word_1_755' title='bbox 2882 3148 2976 3202; x_wconf 66' lang='grc' dir='ltr'>καὶ</span> <span class='ocrx_word' id='word_1_756' title='bbox 3001 3147 3147 3217; x_wconf 77' lang='grc' dir='ltr'>ζωῆς</span> <span class='ocrx_word' id='word_1_757' title='bbox 3181 3147 3279 3217; x_wconf 81' lang='grc' dir='ltr'>τῆς</span> <span class='ocrx_word' id='word_1_758' title='bbox 3309 3161 3451 3216; x_wconf 86' lang='grc' dir='ltr'>παρ-</span> 
     </span>
    </p>
   </div>
   <div class='ocr_carea' id='block_1_99' title="bbox 1858 3227 3449 3306">
    <p class='ocr_par' dir='ltr' id='par_1_99' title="bbox 1858 3227 3449 3306">
     <span class='ocr_line' id='line_1_99' title="bbox 1858 3227 3449 3306; baseline -0.004 -19"><span class='ocrx_word' id='word_1_759' title='bbox 1858 3234 2026 3304; x_wconf 74' lang='grc' dir='ltr'>ούσης</span> <span class='ocrx_word' id='word_1_760' title='bbox 2065 3235 2158 3287; x_wconf 81' lang='grc' dir='ltr'>καὶ</span> <span class='ocrx_word' id='word_1_761' title='bbox 2191 3235 2289 3304; x_wconf 82' lang='grc' dir='ltr'>τῆς</span> <span class='ocrx_word' id='word_1_762' title='bbox 2335 3233 2655 3306; x_wconf 86' lang='grc' dir='ltr'>μελλούσης.</span> <span class='ocrx_word' id='word_1_763' title='bbox 2726 3232 2879 3289; x_wconf 77' lang='grc' dir='ltr'>Νυνὶ</span> <span class='ocrx_word' id='word_1_764' title='bbox 2912 3231 2981 3284; x_wconf 84' lang='grc' dir='ltr'>δὲ</span> <span class='ocrx_word' id='word_1_765' title='bbox 3012 3229 3268 3299; x_wconf 76' lang='grc' dir='ltr'>Χριστὸς</span> <span class='ocrx_word' id='word_1_766' title='bbox 3309 3227 3449 3298; x_wconf 72' lang='grc' dir='ltr'>ἑγήο</span> 
     </span>
    </p>
   </div>
   <div class='ocr_carea' id='block_1_100' title="bbox 1859 3312 3447 3386">
    <p class='ocr_par' dir='ltr' id='par_1_100' title="bbox 1859 3312 3447 3386">
     <span class='ocr_line' id='line_1_100' title="bbox 1859 3312 3447 3386; baseline 0 -18"><span class='ocrx_word' id='word_1_767' title='bbox 1859 3332 2060 3386; x_wconf 80' lang='grc' dir='ltr'>γερται</span> <span class='ocrx_word' id='word_1_768' title='bbox 2111 3317 2179 3370; x_wconf 83' lang='grc' dir='ltr'>ὲκ</span> <span class='ocrx_word' id='word_1_769' title='bbox 2212 3317 2462 3385; x_wconf 84' lang='grc' dir='ltr'>νεκρῶν,</span> <span class='ocrx_word' id='word_1_770' title='bbox 2513 3315 2757 3386; x_wconf 82' lang='grc' dir='ltr'>ἀπαρχὴ</span> <span class='ocrx_word' id='word_1_771' title='bbox 2811 3313 2932 3369; x_wconf 87' lang='grc' dir='ltr'>τῶν</span> <span class='ocrx_word' id='word_1_772' title='bbox 2981 3312 3447 3382; x_wconf 69' lang='grc' dir='ltr'>κεκοιμημένων.</span> 
     </span>
    </p>
   </div>
   <div class='ocr_carea' id='block_1_101' title="bbox 1859 3399 3450 3473">
    <p class='ocr_par' dir='ltr' id='par_1_101' title="bbox 1859 3399 3450 3473">
     <span class='ocr_line' id='line_1_101' title="bbox 1859 3399 3450 3473; baseline -0.003 -21"><span class='ocrx_word' id='word_1_773' title='bbox 1859 3400 2050 3467; x_wconf 79' lang='grc' dir='ltr'>Δείξας</span> <span class='ocrx_word' id='word_1_774' title='bbox 2078 3402 2179 3456; x_wconf 80' lang='grc' dir='ltr'>ὅσα</span> <span class='ocrx_word' id='word_1_775' title='bbox 2221 3403 2284 3454; x_wconf 86' lang='grc' dir='ltr'>ὲκ</span> <span class='ocrx_word' id='word_1_776' title='bbox 2314 3401 2406 3455; x_wconf 79' lang='grc' dir='ltr'>τοῦ</span> <span class='ocrx_word' id='word_1_777' title='bbox 2461 3403 2535 3473; x_wconf 80' lang='grc' dir='ltr'>μὴ</span> <span class='ocrx_word' id='word_1_778' title='bbox 2587 3400 2939 3454; x_wconf 84' lang='grc' dir='ltr'>πιστεύεσθαι</span> <span class='ocrx_word' id='word_1_779' title='bbox 2998 3399 3096 3468; x_wconf 83' lang='grc' dir='ltr'>τὴν</span> <span class='ocrx_word' id='word_1_780' title='bbox 3151 3399 3450 3452; x_wconf 83' lang='grc' dir='ltr'>ἀνάστασιν</span> 
     </span>
    </p>
   </div>
   <div class='ocr_carea' id='block_1_102' title="bbox 1859 3479 3449 3556">
    <p class='ocr_par' dir='ltr' id='par_1_102' title="bbox 1859 3479 3449 3556">
     <span class='ocr_line' id='line_1_102' title="bbox 1859 3479 3449 3556; baseline -0.004 -18"><span class='ocrx_word' id='word_1_781' title='bbox 1859 3486 2106 3539; x_wconf 86' lang='grc' dir='ltr'>τίκτεται</span> <span class='ocrx_word' id='word_1_782' title='bbox 2132 3486 2197 3538; x_wconf 82' lang='grc' dir='ltr'>τὰ</span> <span class='ocrx_word' id='word_1_783' title='bbox 2227 3485 2393 3550; x_wconf 87' lang='grc' dir='ltr'>κακὰ,</span> <span class='ocrx_word' id='word_1_784' title='bbox 2421 3485 2795 3556; x_wconf 73' lang='grc' dir='ltr'>ἀναλαμσάνει</span> <span class='ocrx_word' id='word_1_785' title='bbox 2825 3485 2918 3537; x_wconf 75' lang='grc' dir='ltr'>τὸν</span> <span class='ocrx_word' id='word_1_786' title='bbox 2943 3483 3099 3552; x_wconf 86' lang='grc' dir='ltr'>λόγον</span> <span class='ocrx_word' id='word_1_787' title='bbox 3140 3481 3322 3542; x_wconf 71' lang='grc' dir='ltr'>πάλιν,</span> <span class='ocrx_word' id='word_1_788' title='bbox 3355 3479 3449 3532; x_wconf 87' lang='grc' dir='ltr'>καί</span> 
     </span>
    </p>
   </div>
   <div class='ocr_carea' id='block_1_103' title="bbox 1861 3563 3450 3640">
    <p class='ocr_par' dir='ltr' id='par_1_103' title="bbox 1861 3563 3450 3640">
     <span class='ocr_line' id='line_1_103' title="bbox 1861 3563 3450 3640; baseline -0.006 -17"><span class='ocrx_word' id='word_1_789' title='bbox 1861 3586 2014 3640; x_wconf 85' lang='grc' dir='ltr'>φησι·</span> <span class='ocrx_word' id='word_1_790' title='bbox 2046 3570 2198 3624; x_wconf 83' lang='grc' dir='ltr'>Νυνὶ</span> <span class='ocrx_word' id='word_1_791' title='bbox 2233 3569 2302 3621; x_wconf 87' lang='grc' dir='ltr'>δὲ</span> <span class='ocrx_word' id='word_1_792' title='bbox 2329 3568 2586 3636; x_wconf 83' lang='grc' dir='ltr'>Χριστὸς</span> <span class='ocrx_word' id='word_1_793' title='bbox 2610 3567 2920 3637; x_wconf 72' lang='grc' dir='ltr'>ἐγήγερται</span> <span class='ocrx_word' id='word_1_794' title='bbox 2951 3566 3017 3618; x_wconf 79' lang='grc' dir='ltr'>ἐκ</span> <span class='ocrx_word' id='word_1_795' title='bbox 3041 3563 3294 3632; x_wconf 75' lang='grc' dir='ltr'>νεκρῶνο</span> <span class='ocrx_word' id='word_1_796' title='bbox 3327 3579 3450 3614; x_wconf 88' lang='grc' dir='ltr'>συν-</span> 
     </span>
    </p>
   </div>
   <div class='ocr_carea' id='block_1_104' title="bbox 1860 3645 3449 3722">
    <p class='ocr_par' dir='ltr' id='par_1_104' title="bbox 1860 3645 3449 3722">
     <span class='ocr_line' id='line_1_104' title="bbox 1860 3645 3449 3722; baseline -0.006 -15"><span class='ocrx_word' id='word_1_797' title='bbox 1860 3653 1998 3722; x_wconf 85' lang='grc' dir='ltr'>εχῶς</span> <span class='ocrx_word' id='word_1_798' title='bbox 2023 3652 2086 3704; x_wconf 74' lang='grc' dir='ltr'>τὸ</span> <span class='ocrx_word' id='word_1_799' title='bbox 2131 3653 2233 3706; x_wconf 86' lang='grc' dir='ltr'>Ἐκ</span> <span class='ocrx_word' id='word_1_800' title='bbox 2285 3651 2517 3719; x_wconf 62' lang='grc' dir='ltr'>νεκρῶν</span> <span class='ocrx_word' id='word_1_801' title='bbox 2567 3651 2906 3720; x_wconf 78' lang='grc' dir='ltr'>προστιθεὶς,</span> <span class='ocrx_word' id='word_1_802' title='bbox 2952 3648 3094 3702; x_wconf 76' lang='grc' dir='ltr'>ὥστε</span> <span class='ocrx_word' id='word_1_803' title='bbox 3129 3645 3449 3717; x_wconf 75' lang='grc' dir='ltr'>ἀποῤῥάψαι</span> 
     </span>
    </p>
   </div>
   <div class='ocr_carea' id='block_1_105' title="bbox 1861 3729 3452 3806">
    <p class='ocr_par' dir='ltr' id='par_1_105' title="bbox 1861 3729 3452 3806">
     <span class='ocr_line' id='line_1_105' title="bbox 1861 3729 3452 3806; baseline -0.004 -18"><span class='ocrx_word' id='word_1_804' title='bbox 1861 3735 1970 3788; x_wconf 88' lang='grc' dir='ltr'>τῶν</span> <span class='ocrx_word' id='word_1_805' title='bbox 1999 3734 2292 3806; x_wconf 81' lang='grc' dir='ltr'>αἱρετικῶν</span> <span class='ocrx_word' id='word_1_806' title='bbox 2322 3735 2390 3788; x_wconf 77' lang='grc' dir='ltr'>τὰ</span> <span class='ocrx_word' id='word_1_807' title='bbox 2423 3734 2686 3804; x_wconf 87' lang='grc' dir='ltr'>στόματα.</span> <span class='ocrx_word' id='word_1_808' title='bbox 2729 3733 2997 3802; x_wconf 79' lang='grc' dir='ltr'>Ἀπαρχὴ</span> <span class='ocrx_word' id='word_1_809' title='bbox 3033 3729 3150 3784; x_wconf 87' lang='grc' dir='ltr'>τῶν</span> <span class='ocrx_word' id='word_1_810' title='bbox 3176 3746 3452 3798; x_wconf 80' lang='grc' dir='ltr'>κεκοιμη-</span> 
     </span>
    </p>
   </div>
   <div class='ocr_carea' id='block_1_106' title="bbox 1855 3814 3445 3890">
    <p class='ocr_par' dir='ltr' id='par_1_106' title="bbox 1855 3814 3445 3890">
     <span class='ocr_line' id='line_1_106' title="bbox 1855 3814 3445 3890; baseline -0.004 -16"><span class='ocrx_word' id='word_1_811' title='bbox 1855 3819 2076 3888; x_wconf 83' lang='grc' dir='ltr'>μένων.</span> <span class='ocrx_word' id='word_1_812' title='bbox 2113 3821 2176 3874; x_wconf 83' lang='grc' dir='ltr'>Εί</span> <span class='ocrx_word' id='word_1_813' title='bbox 2209 3819 2266 3872; x_wconf 82' lang='grc' dir='ltr'>δέ</span> <span class='ocrx_word' id='word_1_814' title='bbox 2307 3819 2554 3890; x_wconf 81' lang='grc' dir='ltr'>ἀπαρχὴ,</span> <span class='ocrx_word' id='word_1_815' title='bbox 2586 3821 2682 3874; x_wconf 76' lang='grc' dir='ltr'>καὶ</span> <span class='ocrx_word' id='word_1_816' title='bbox 2728 3817 2952 3880; x_wconf 87' lang='grc' dir='ltr'>τούτους</span> <span class='ocrx_word' id='word_1_817' title='bbox 3001 3817 3301 3884; x_wconf 80' lang='grc' dir='ltr'>ἀναστῆναι</span> <span class='ocrx_word' id='word_1_818' title='bbox 3345 3814 3445 3867; x_wconf 78' lang='grc' dir='ltr'>δεῖ.</span> 
     </span>
    </p>
   </div>
   <div class='ocr_carea' id='block_1_107' title="bbox 1863 3897 3450 3972">
    <p class='ocr_par' dir='ltr' id='par_1_107' title="bbox 1863 3897 3450 3972">
     <span class='ocr_line' id='line_1_107' title="bbox 1863 3897 3450 3972; baseline -0.005 -15"><span class='ocrx_word' id='word_1_819' title='bbox 1863 3904 1926 3957; x_wconf 86' lang='grc' dir='ltr'><strong>Εἰ</strong></span> <span class='ocrx_word' id='word_1_820' title='bbox 1957 3903 2014 3956; x_wconf 83' lang='grc' dir='ltr'>δέ</span> <span class='ocrx_word' id='word_1_821' title='bbox 2039 3903 2336 3956; x_wconf 88' lang='grc' dir='ltr'>ἀνάστασιν</span> <span class='ocrx_word' id='word_1_822' title='bbox 2363 3902 2462 3972; x_wconf 81' lang='grc' dir='ltr'>τὴν</span> <span class='ocrx_word' id='word_1_823' title='bbox 2481 3902 2589 3956; x_wconf 87' lang='grc' dir='ltr'>τῶν</span> <span class='ocrx_word' id='word_1_824' title='bbox 2613 3902 2898 3972; x_wconf 83' lang='grc' dir='ltr'>ἁμαρτιῶν</span> <span class='ocrx_word' id='word_1_825' title='bbox 2927 3899 3250 3968; x_wconf 79' lang='grc' dir='ltr'>ἀπαλλαγὴν</span> <span class='ocrx_word' id='word_1_826' title='bbox 3277 3897 3305 3936; x_wconf 73' lang='grc' dir='ltr'>ι)</span> <span class='ocrx_word' id='word_1_827' title='bbox 3334 3897 3450 3950; x_wconf 76' lang='grc' dir='ltr'>ἐλε-</span> 
     </span>
    </p>
   </div>
   <div class='ocr_carea' id='block_1_108' title="bbox 1861 3979 3449 4056">
    <p class='ocr_par' dir='ltr' id='par_1_108' title="bbox 1861 3979 3449 4056">
     <span class='ocr_line' id='line_1_108' title="bbox 1861 3979 3449 4056; baseline -0.007 -13"><span class='ocrx_word' id='word_1_828' title='bbox 1861 4003 1982 4056; x_wconf 85' lang='grc' dir='ltr'>γεν,</span> <span class='ocrx_word' id='word_1_829' title='bbox 2014 3986 2190 4050; x_wconf 74' lang='grc' dir='ltr'>οὐδεὶς</span> <span class='ocrx_word' id='word_1_830' title='bbox 2226 3985 2284 4040; x_wconf 79' lang='grc' dir='ltr'>δὲ</span> <span class='ocrx_word' id='word_1_831' title='bbox 2323 3986 2601 4056; x_wconf 82' lang='grc' dir='ltr'>ἁμαρτίας</span> <span class='ocrx_word' id='word_1_832' title='bbox 2631 3986 2790 4049; x_wconf 83' lang='grc' dir='ltr'>ἐκτὸς</span> <span class='ocrx_word' id='word_1_833' title='bbox 2825 3986 2959 4050; x_wconf 70' lang='grc' dir='ltr'>(καὶ</span> <span class='ocrx_word' id='word_1_834' title='bbox 2989 3983 3096 4054; x_wconf 87' lang='lat'>7&amp;9</span> <span class='ocrx_word' id='word_1_835' title='bbox 3125 3981 3336 4044; x_wconf 75' lang='grc' dir='ltr'>Παῦλος</span> <span class='ocrx_word' id='word_1_836' title='bbox 3363 3979 3449 4032; x_wconf 79' lang='grc' dir='ltr'>λέ-</span> 
     </span>
    </p>
   </div>
   <div class='ocr_carea' id='block_1_109' title="bbox 1861 4065 3452 4142">
    <p class='ocr_par' dir='ltr' id='par_1_109' title="bbox 1861 4065 3452 4142">
     <span class='ocr_line' id='line_1_109' title="bbox 1861 4065 3452 4142; baseline -0.005 -17"><span class='ocrx_word' id='word_1_837' title='bbox 1861 4090 1970 4142; x_wconf 88' lang='grc' dir='ltr'>γει,</span> <span class='ocrx_word' id='word_1_838' title='bbox 2009 4071 2202 4127; x_wconf 86' lang='grc' dir='ltr'>Οὐδὲν</span> <span class='ocrx_word' id='word_1_839' title='bbox 2232 4070 2467 4140; x_wconf 84' lang='grc' dir='ltr'>ἐμαυτῷ</span> <span class='ocrx_word' id='word_1_840' title='bbox 2499 4069 2778 4134; x_wconf 84' lang='grc' dir='ltr'>σύνοιδα,</span> <span class='ocrx_word' id='word_1_841' title='bbox 2814 4068 2952 4123; x_wconf 70' lang='grc' dir='ltr'>ἀλλ’</span> <span class='ocrx_word' id='word_1_842' title='bbox 2989 4070 3100 4121; x_wconf 84' lang='grc' dir='ltr'>οὐκ</span> <span class='ocrx_word' id='word_1_843' title='bbox 3151 4067 3220 4120; x_wconf 82' lang='grc' dir='ltr'>ἐν</span> <span class='ocrx_word' id='word_1_844' title='bbox 3261 4065 3452 4131; x_wconf 84' lang='grc' dir='ltr'>τούτῳ</span> 
     </span>
    </p>
   </div>
   <div class='ocr_carea' id='block_1_110' title="bbox 1863 4147 3448 4223">
    <p class='ocr_par' dir='ltr' id='par_1_110' title="bbox 1863 4147 3448 4223">
     <span class='ocr_line' id='line_1_110' title="bbox 1863 4147 3448 4223; baseline -0.006 -15"><span class='ocrx_word' id='word_1_845' title='bbox 1863 4155 2312 4223; x_wconf 82' lang='grc' dir='ltr'>δεδικαίωμαι),</span> <span class='ocrx_word' id='word_1_846' title='bbox 2365 4154 2483 4216; x_wconf 85' lang='grc' dir='ltr'>πῶς</span> <span class='ocrx_word' id='word_1_847' title='bbox 2535 4153 2749 4207; x_wconf 73' lang='grc' dir='ltr'>ἔσονταί</span> <span class='ocrx_word' id='word_1_848' title='bbox 2797 4169 2942 4214; x_wconf 82' lang='grc' dir='ltr'>τινες</span> <span class='ocrx_word' id='word_1_849' title='bbox 2992 4152 3042 4206; x_wconf 76' lang='grc' dir='ltr'>οἱ</span> <span class='ocrx_word' id='word_1_850' title='bbox 3099 4147 3448 4217; x_wconf 80' lang='grc' dir='ltr'>ἀνιστάμενοι</span> 
     </span>
    </p>
   </div>
   <div class='ocr_carea' id='block_1_111' title="bbox 1865 4231 3449 4310">
    <p class='ocr_par' dir='ltr' id='par_1_111' title="bbox 1865 4231 3449 4310">
     <span class='ocr_line' id='line_1_111' title="bbox 1865 4231 3449 4310; baseline -0.006 -17"><span class='ocrx_word' id='word_1_851' title='bbox 1865 4238 1985 4293; x_wconf 83' lang='grc' dir='ltr'>καθ’</span> <span class='ocrx_word' id='word_1_852' title='bbox 2019 4239 2195 4308; x_wconf 85' lang='grc' dir='ltr'>ύμᾶς;</span> <span class='ocrx_word' id='word_1_853' title='bbox 2246 4238 2412 4310; x_wconf 81' lang='grc' dir='ltr'>Ὁρᾷς</span> <span class='ocrx_word' id='word_1_854' title='bbox 2446 4239 2527 4290; x_wconf 79' lang='grc' dir='ltr'>ὅτι</span> <span class='ocrx_word' id='word_1_855' title='bbox 2580 4238 2710 4308; x_wconf 75' lang='grc' dir='ltr'>περὶ</span> <span class='ocrx_word' id='word_1_856' title='bbox 2755 4235 3026 4305; x_wconf 84' lang='grc' dir='ltr'>σωμάτων</span> <span class='ocrx_word' id='word_1_857' title='bbox 3055 4235 3083 4286; x_wconf 95' lang='lat'>6</span> <span class='ocrx_word' id='word_1_858' title='bbox 3113 4233 3268 4300; x_wconf 76' lang='grc' dir='ltr'>λόγος</span> <span class='ocrx_word' id='word_1_859' title='bbox 3298 4231 3449 4301; x_wconf 83' lang='grc' dir='ltr'>αὐτῷ</span> 
     </span>
    </p>
   </div>
   <div class='ocr_carea' id='block_1_112' title="bbox 1862 4315 3450 4393">
    <p class='ocr_par' dir='ltr' id='par_1_112' title="bbox 1862 4315 3450 4393">
     <span class='ocr_line' id='line_1_112' title="bbox 1862 4315 3450 4393; baseline -0.006 -18"><span class='ocrx_word' id='word_1_860' title='bbox 1862 4319 1966 4393; x_wconf 81' lang='grc' dir='ltr'>ἦν;</span> <span class='ocrx_word' id='word_1_861' title='bbox 2005 4322 2116 4378; x_wconf 72' lang='grc' dir='ltr'>Καὶ</span> <span class='ocrx_word' id='word_1_862' title='bbox 2149 4323 2234 4374; x_wconf 75' lang='grc' dir='ltr'>ἵνα</span> <span class='ocrx_word' id='word_1_863' title='bbox 2277 4321 2589 4384; x_wconf 78' lang='grc' dir='ltr'>ἀξιόπιστον</span> <span class='ocrx_word' id='word_1_864' title='bbox 2637 4320 2770 4374; x_wconf 80' lang='grc' dir='ltr'>αὐτὸ</span> <span class='ocrx_word' id='word_1_865' title='bbox 2811 4319 3036 4390; x_wconf 81' lang='grc' dir='ltr'>ποιήσῃ,</span> <span class='ocrx_word' id='word_1_866' title='bbox 3087 4315 3326 4386; x_wconf 86' lang='grc' dir='ltr'>συνεχῶς</span> <span class='ocrx_word' id='word_1_867' title='bbox 3357 4315 3450 4367; x_wconf 79' lang='grc' dir='ltr'>τὸν</span> 
     </span>
    </p>
   </div>
   <div class='ocr_carea' id='block_1_113' title="bbox 1865 4400 3448 4476">
    <p class='ocr_par' dir='ltr' id='par_1_113' title="bbox 1865 4400 3448 4476">
     <span class='ocr_line' id='line_1_113' title="bbox 1865 4400 3448 4476; baseline -0.004 -17"><span class='ocrx_word' id='word_1_868' title='bbox 1865 4405 2098 4476; x_wconf 67' lang='grc' dir='ltr'>Χριστὸν</span> <span class='ocrx_word' id='word_1_869' title='bbox 2130 4406 2210 4468; x_wconf 87' lang='grc' dir='ltr'>εἰς</span> <span class='ocrx_word' id='word_1_870' title='bbox 2265 4404 2323 4457; x_wconf 80' lang='grc' dir='ltr'>τὸ</span> <span class='ocrx_word' id='word_1_871' title='bbox 2354 4404 2518 4475; x_wconf 89' lang='grc' dir='ltr'>μέσον</span> <span class='ocrx_word' id='word_1_872' title='bbox 2551 4404 2838 4475; x_wconf 84' lang='grc' dir='ltr'>προφέρει,</span> <span class='ocrx_word' id='word_1_873' title='bbox 2892 4402 2981 4455; x_wconf 74' lang='grc' dir='ltr'>τόν</span> <span class='ocrx_word' id='word_1_874' title='bbox 3031 4400 3340 4455; x_wconf 87' lang='grc' dir='ltr'>ἀναστάντα</span> <span class='ocrx_word' id='word_1_875' title='bbox 3381 4401 3448 4453; x_wconf 74' lang='grc' dir='ltr'>ἐν</span> 
     </span>
    </p>
   </div>
   <div class='ocr_carea' id='block_1_114' title="bbox 1867 4483 3449 4558">
    <p class='ocr_par' dir='ltr' id='par_1_114' title="bbox 1867 4483 3449 4558">
     <span class='ocr_line' id='line_1_114' title="bbox 1867 4483 3449 4558; baseline -0.006 -16"><span class='ocrx_word' id='word_1_876' title='bbox 1867 4487 2050 4558; x_wconf 77' lang='grc' dir='ltr'>σαρκί’</span> <span class='ocrx_word' id='word_1_877' title='bbox 2086 4484 2206 4541; x_wconf 81' lang='grc' dir='ltr'>εἶτα</span> <span class='ocrx_word' id='word_1_878' title='bbox 2241 4489 2334 4541; x_wconf 79' lang='grc' dir='ltr'>καὶ</span> <span class='ocrx_word' id='word_1_879' title='bbox 2375 4487 2685 4556; x_wconf 83' lang='grc' dir='ltr'>αἰτιολογεῖ.</span> <span class='ocrx_word' id='word_1_880' title='bbox 2721 4489 2900 4556; x_wconf 87' lang='grc' dir='ltr'>Ὅπερ</span> <span class='ocrx_word' id='word_1_881' title='bbox 2953 4485 3062 4554; x_wconf 87' lang='grc' dir='ltr'>γάρ</span> <span class='ocrx_word' id='word_1_882' title='bbox 3113 4483 3272 4553; x_wconf 74' lang='grc' dir='ltr'>ἔφην,</span> <span class='ocrx_word' id='word_1_883' title='bbox 3317 4483 3449 4536; x_wconf 84' lang='grc' dir='ltr'>ὅταν</span> 
     </span>
    </p>
   </div>
   <div class='ocr_carea' id='block_1_115' title="bbox 1865 4567 3444 4643">
    <p class='ocr_par' dir='ltr' id='par_1_115' title="bbox 1865 4567 3444 4643">
     <span class='ocr_line' id='line_1_115' title="bbox 1865 4567 3444 4643; baseline -0.004 -17"><span class='ocrx_word' id='word_1_884' title='bbox 1865 4573 2237 4643; x_wconf 72' lang='grc' dir='ltr'>ἀποφαίνηται</span> <span class='ocrx_word' id='word_1_885' title='bbox 2265 4572 2384 4643; x_wconf 81' lang='grc' dir='ltr'>μὲν,</span> <span class='ocrx_word' id='word_1_886' title='bbox 2417 4572 2515 4643; x_wconf 75' lang='grc' dir='ltr'>τὴν</span> <span class='ocrx_word' id='word_1_887' title='bbox 2541 4572 2597 4625; x_wconf 81' lang='grc' dir='ltr'>δὲ</span> <span class='ocrx_word' id='word_1_888' title='bbox 2631 4571 2814 4624; x_wconf 83' lang='grc' dir='ltr'>αἰτίαν</span> <span class='ocrx_word' id='word_1_889' title='bbox 2850 4569 2925 4640; x_wconf 77' lang='grc' dir='ltr'>μὴ</span> <span class='ocrx_word' id='word_1_890' title='bbox 2952 4569 3108 4639; x_wconf 83' lang='grc' dir='ltr'>λέγῃ,</span> <span class='ocrx_word' id='word_1_891' title='bbox 3137 4569 3236 4637; x_wconf 80' lang='grc' dir='ltr'>οὐχ</span> <span class='ocrx_word' id='word_1_892' title='bbox 3273 4567 3444 4631; x_wconf 76' lang='grc' dir='ltr'>οὓτως</span> 
     </span>
    </p>
   </div>
   <div class='ocr_carea' id='block_1_116' title="bbox 1865 4647 3450 4729">
    <p class='ocr_par' dir='ltr' id='par_1_116' title="bbox 1865 4647 3450 4729">
     <span class='ocr_line' id='line_1_116' title="bbox 1865 4647 3450 4729; baseline -0.003 -21"><span class='ocrx_word' id='word_1_893' title='bbox 1865 4657 2276 4729; x_wconf 75' lang='grc' dir='ltr'>εὐπαράδεκτος</span> <span class='ocrx_word' id='word_1_894' title='bbox 2308 4657 2336 4708; x_wconf 93' lang='lat'>6</span> <span class='ocrx_word' id='word_1_895' title='bbox 2358 4656 2516 4724; x_wconf 86' lang='grc' dir='ltr'>λόγος</span> <span class='ocrx_word' id='word_1_896' title='bbox 2543 4656 2752 4726; x_wconf 84' lang='grc' dir='ltr'>γίνεται</span> <span class='ocrx_word' id='word_1_897' title='bbox 2786 4657 2898 4718; x_wconf 84' lang='grc' dir='ltr'>τοῖς</span> <span class='ocrx_word' id='word_1_898' title='bbox 2924 4651 3160 4716; x_wconf 82' lang='grc' dir='ltr'>πολλοῖς.</span> <span class='ocrx_word' id='word_1_899' title='bbox 3211 4651 3307 4714; x_wconf 87' lang='grc' dir='ltr'>Τίς</span> <span class='ocrx_word' id='word_1_900' title='bbox 3353 4647 3450 4704; x_wconf 83' lang='grc' dir='ltr'>οὖν</span> 
     </span>
    </p>
   </div>
   <div class='ocr_carea' id='block_1_117' title="bbox 1864 4733 3446 4810">
    <p class='ocr_par' dir='ltr' id='par_1_117' title="bbox 1864 4733 3446 4810">
     <span class='ocr_line' id='line_1_117' title="bbox 1864 4733 3446 4810; baseline -0.005 -16"><span class='ocrx_word' id='word_1_901' title='bbox 1864 4744 1897 4810; x_wconf 83' lang='grc' dir='ltr'>ἡ</span> <span class='ocrx_word' id='word_1_902' title='bbox 1927 4741 2108 4804; x_wconf 76' lang='grc' dir='ltr'>αἰτίας</span> <span class='ocrx_word' id='word_1_903' title='bbox 2179 4739 2422 4807; x_wconf 74' lang='grc' dir='ltr'>Ἐπειδὴ</span> <span class='ocrx_word' id='word_1_904' title='bbox 2461 4739 2573 4809; x_wconf 72' lang='grc' dir='ltr'>γὰρ</span> <span class='ocrx_word' id='word_1_905' title='bbox 2615 4738 2686 4792; x_wconf 82' lang='grc' dir='ltr'>δι’</span> <span class='ocrx_word' id='word_1_906' title='bbox 2715 4737 3032 4805; x_wconf 83' lang='grc' dir='ltr'>ἀνθρώπου</span> <span class='ocrx_word' id='word_1_907' title='bbox 3081 4738 3114 4789; x_wconf 87' lang='grc' dir='ltr'>ό</span> <span class='ocrx_word' id='word_1_908' title='bbox 3167 4733 3446 4800; x_wconf 80' lang='grc' dir='ltr'>θάνατος,</span> 
     </span>
    </p>
   </div>
   <div class='ocr_carea' id='block_1_118' title="bbox 1866 4817 3450 4890">
    <p class='ocr_par' dir='ltr' id='par_1_118' title="bbox 1866 4817 3450 4890">
     <span class='ocr_line' id='line_1_118' title="bbox 1866 4817 3450 4890; baseline -0.005 -13"><span class='ocrx_word' id='word_1_909' title='bbox 1866 4823 1962 4877; x_wconf 79' lang='grc' dir='ltr'>καὶ</span> <span class='ocrx_word' id='word_1_910' title='bbox 1995 4823 2070 4876; x_wconf 79' lang='grc' dir='ltr'>δι’</span> <span class='ocrx_word' id='word_1_911' title='bbox 2099 4823 2414 4890; x_wconf 74' lang='grc' dir='ltr'>ἀνθρώπου</span> <span class='ocrx_word' id='word_1_912' title='bbox 2436 4824 2474 4890; x_wconf 75' lang='grc' dir='ltr'>ἡ</span> <span class='ocrx_word' id='word_1_913' title='bbox 2499 4821 2839 4888; x_wconf 79' lang='grc' dir='ltr'>ἀνάστασις</span> <span class='ocrx_word' id='word_1_914' title='bbox 2866 4819 2985 4873; x_wconf 85' lang='grc' dir='ltr'>τῶν</span> <span class='ocrx_word' id='word_1_915' title='bbox 3015 4817 3264 4886; x_wconf 85' lang='grc' dir='ltr'>νεκρῶν.</span> <span class='ocrx_word' id='word_1_916' title='bbox 3295 4819 3357 4871; x_wconf 67' lang='lat' dir='ltr'>Et</span> <span class='ocrx_word' id='word_1_917' title='bbox 3392 4817 3450 4870; x_wconf 84' lang='grc' dir='ltr'>δὲ</span> 
     </span>
    </p>
   </div>
   <div class='ocr_carea' id='block_1_119' title="bbox 1865 4899 3449 4977">
    <p class='ocr_par' dir='ltr' id='par_1_119' title="bbox 1865 4899 3449 4977">
     <span class='ocr_line' id='line_1_119' title="bbox 1865 4899 3449 4977; baseline -0.005 -17"><span class='ocrx_word' id='word_1_918' title='bbox 1865 4908 1932 4960; x_wconf 86' lang='grc' dir='ltr'>δι’</span> <span class='ocrx_word' id='word_1_919' title='bbox 1957 4906 2271 4977; x_wconf 79' lang='grc' dir='ltr'>ἀνθρώπου,</span> <span class='ocrx_word' id='word_1_920' title='bbox 2300 4907 2464 4976; x_wconf 88' lang='grc' dir='ltr'>σῶμα</span> <span class='ocrx_word' id='word_1_921' title='bbox 2498 4906 2717 4966; x_wconf 85' lang='grc' dir='ltr'>πάντως</span> <span class='ocrx_word' id='word_1_922' title='bbox 2746 4905 2981 4974; x_wconf 79' lang='grc' dir='ltr'>ἔχοντος.</span> <span class='ocrx_word' id='word_1_923' title='bbox 3013 4902 3122 4957; x_wconf 74' lang='grc' dir='ltr'>Καὶ</span> <span class='ocrx_word' id='word_1_924' title='bbox 3152 4902 3254 4970; x_wconf 78' lang='grc' dir='ltr'>ὅρα</span> <span class='ocrx_word' id='word_1_925' title='bbox 3284 4899 3449 4954; x_wconf 74' lang='grc' dir='ltr'>αὐτοῦ</span> 
     </span>
    </p>
   </div>
   <div class='ocr_carea' id='block_1_120' title="bbox 1865 4982 3450 5062">
    <p class='ocr_par' dir='ltr' id='par_1_120' title="bbox 1865 4982 3450 5062">
     <span class='ocr_line' id='line_1_120' title="bbox 1865 4982 3450 5062; baseline -0.004 -20"><span class='ocrx_word' id='word_1_926' title='bbox 1865 4990 1966 5062; x_wconf 83' lang='grc' dir='ltr'>τὴν</span> <span class='ocrx_word' id='word_1_927' title='bbox 2010 4989 2244 5053; x_wconf 87' lang='grc' dir='ltr'>σύνεσιν,</span> <span class='ocrx_word' id='word_1_928' title='bbox 2275 4988 2392 5052; x_wconf 87' lang='grc' dir='ltr'>πῶς</span> <span class='ocrx_word' id='word_1_929' title='bbox 2423 4987 2516 5045; x_wconf 75' lang='grc' dir='ltr'>καὶ</span> <span class='ocrx_word' id='word_1_930' title='bbox 2559 4988 2761 5060; x_wconf 79' lang='grc' dir='ltr'>ἑτέρως</span> <span class='ocrx_word' id='word_1_931' title='bbox 2811 4987 3111 5053; x_wconf 86' lang='grc' dir='ltr'>ἀναγκαῖον</span> <span class='ocrx_word' id='word_1_932' title='bbox 3163 4985 3309 5039; x_wconf 83' lang='grc' dir='ltr'>ποιεῖ</span> <span class='ocrx_word' id='word_1_933' title='bbox 3357 4982 3450 5036; x_wconf 81' lang='grc' dir='ltr'>τὸν</span> 
     </span>
    </p>
   </div>
   <div class='ocr_carea' id='block_1_121' title="bbox 1865 5066 3448 5142">
    <p class='ocr_par' dir='ltr' id='par_1_121' title="bbox 1865 5066 3448 5142">
     <span class='ocr_line' id='line_1_121' title="bbox 1865 5066 3448 5142; baseline -0.004 -17"><span class='ocrx_word' id='word_1_934' title='bbox 1865 5073 2045 5141; x_wconf 88' lang='grc' dir='ltr'>λόγον.</span> <span class='ocrx_word' id='word_1_935' title='bbox 2074 5073 2178 5126; x_wconf 83' lang='grc' dir='ltr'>Τὸν</span> <span class='ocrx_word' id='word_1_936' title='bbox 2205 5071 2314 5142; x_wconf 85' lang='grc' dir='ltr'>γὰρ</span> <span class='ocrx_word' id='word_1_937' title='bbox 2341 5071 2668 5142; x_wconf 81' lang='grc' dir='ltr'>ἡττηθέντα,</span> <span class='ocrx_word' id='word_1_938' title='bbox 2706 5070 2893 5140; x_wconf 79' lang='grc' dir='ltr'>φησὶν,</span> <span class='ocrx_word' id='word_1_939' title='bbox 2919 5066 3079 5121; x_wconf 77' lang='grc' dir='ltr'>αὐτὸν</span> <span class='ocrx_word' id='word_1_940' title='bbox 3105 5067 3199 5120; x_wconf 77' lang='grc' dir='ltr'>καὶ</span> <span class='ocrx_word' id='word_1_941' title='bbox 3231 5067 3448 5134; x_wconf 77' lang='grc' dir='ltr'>ἀναμαο</span> 
     </span>
    </p>
   </div>
   <div class='ocr_carea' id='block_1_122' title="bbox 1868 5149 3450 5228">
    <p class='ocr_par' dir='ltr' id='par_1_122' title="bbox 1868 5149 3450 5228">
     <span class='ocr_line' id='line_1_122' title="bbox 1868 5149 3450 5228; baseline -0.004 -19"><span class='ocrx_word' id='word_1_942' title='bbox 1868 5156 2131 5228; x_wconf 88' lang='grc' dir='ltr'>χέσασθαι</span> <span class='ocrx_word' id='word_1_943' title='bbox 2187 5158 2268 5209; x_wconf 86' lang='grc' dir='ltr'>δεῖ</span> <span class='ocrx_word' id='word_1_944' title='bbox 2321 5155 2420 5227; x_wconf 82' lang='grc' dir='ltr'>τὴν</span> <span class='ocrx_word' id='word_1_945' title='bbox 2475 5154 2909 5224; x_wconf 79' lang='grc' dir='ltr'>καταϐληθεῖσαν</span> <span class='ocrx_word' id='word_1_946' title='bbox 2943 5151 3127 5220; x_wconf 83' lang='grc' dir='ltr'>φύσιν,</span> <span class='ocrx_word' id='word_1_947' title='bbox 3162 5150 3326 5203; x_wconf 78' lang='grc' dir='ltr'>αὐτὸν</span> <span class='ocrx_word' id='word_1_948' title='bbox 3354 5149 3450 5202; x_wconf 77' lang='grc' dir='ltr'>καὶ</span> 
     </span>
    </p>
   </div>
   <div class='ocr_carea' id='block_1_123' title="bbox 1869 5233 3450 5312">
    <p class='ocr_par' dir='ltr' id='par_1_123' title="bbox 1869 5233 3450 5312">
     <span class='ocr_line' id='line_1_123' title="bbox 1869 5233 3450 5312; baseline -0.003 -21"><span class='ocrx_word' id='word_1_949' title='bbox 1869 5239 2107 5309; x_wconf 74' lang='grc' dir='ltr'>νικῆσαιο</span> <span class='ocrx_word' id='word_1_950' title='bbox 2161 5237 2304 5292; x_wconf 72' lang='grc' dir='ltr'>οὕτω</span> <span class='ocrx_word' id='word_1_951' title='bbox 2355 5238 2464 5312; x_wconf 76' lang='grc' dir='ltr'>γάρ</span> <span class='ocrx_word' id='word_1_952' title='bbox 2509 5237 2570 5291; x_wconf 83' lang='grc' dir='ltr'>τὸ</span> <span class='ocrx_word' id='word_1_953' title='bbox 2598 5237 2797 5298; x_wconf 79' lang='grc' dir='ltr'>ὄνειδος</span> <span class='ocrx_word' id='word_1_954' title='bbox 2831 5234 3176 5307; x_wconf 77' lang='grc' dir='ltr'>ἀπετρίϐετο.</span> <span class='ocrx_word' id='word_1_955' title='bbox 3219 5233 3450 5303; x_wconf 84' lang='grc' dir='ltr'>Ἴδωμεν</span> 
     </span>
    </p>
   </div>
   <div class='ocr_carea' id='block_1_124' title="bbox 1867 5316 3450 5391">
    <p class='ocr_par' dir='ltr' id='par_1_124' title="bbox 1867 5316 3450 5391">
     <span class='ocr_line' id='line_1_124' title="bbox 1867 5316 3450 5391; baseline -0.005 -15"><span class='ocrx_word' id='word_1_956' title='bbox 1867 5323 1926 5376; x_wconf 72' lang='grc' dir='ltr'>δὲ</span> <span class='ocrx_word' id='word_1_957' title='bbox 1953 5323 2108 5376; x_wconf 85' lang='grc' dir='ltr'>ποῖόν</span> <span class='ocrx_word' id='word_1_958' title='bbox 2149 5339 2282 5391; x_wconf 87' lang='grc' dir='ltr'>φησι</span> <span class='ocrx_word' id='word_1_959' title='bbox 2313 5321 2563 5375; x_wconf 87' lang='grc' dir='ltr'>θάνατον.</span> <span class='ocrx_word' id='word_1_960' title='bbox 2593 5320 2824 5386; x_wconf 81' lang='grc' dir='ltr'>Ὥσπερ</span> <span class='ocrx_word' id='word_1_961' title='bbox 2872 5319 2981 5389; x_wconf 81' lang='grc' dir='ltr'>γὰρ</span> <span class='ocrx_word' id='word_1_962' title='bbox 3031 5317 3102 5372; x_wconf 83' lang='grc' dir='ltr'>ἑν</span> <span class='ocrx_word' id='word_1_963' title='bbox 3151 5316 3230 5382; x_wconf 90' lang='grc' dir='ltr'>τῷ</span> <span class='ocrx_word' id='word_1_964' title='bbox 3275 5317 3450 5384; x_wconf 81' lang='grc' dir='ltr'>Ἀδὰμ</span> 
     </span>
    </p>
   </div>
   <div class='ocr_carea' id='block_1_125' title="bbox 1869 5397 3449 5470">
    <p class='ocr_par' dir='ltr' id='par_1_125' title="bbox 1869 5397 3449 5470">
     <span class='ocr_line' id='line_1_125' title="bbox 1869 5397 3449 5470; baseline -0.003 -14"><span class='ocrx_word' id='word_1_965' title='bbox 1869 5403 2095 5470; x_wconf 81' lang='grc' dir='ltr'>πάντες</span> <span class='ocrx_word' id='word_1_966' title='bbox 2135 5404 2656 5469; x_wconf 75' lang='grc' dir='ltr'>ἀποθνήσκουσιν,</span> <span class='ocrx_word' id='word_1_967' title='bbox 2702 5403 2855 5456; x_wconf 81' lang='grc' dir='ltr'>οὕτω</span> <span class='ocrx_word' id='word_1_968' title='bbox 2888 5401 2980 5454; x_wconf 78' lang='grc' dir='ltr'>καὶ</span> <span class='ocrx_word' id='word_1_969' title='bbox 3013 5401 3083 5454; x_wconf 83' lang='grc' dir='ltr'>ἐν</span> <span class='ocrx_word' id='word_1_970' title='bbox 3113 5398 3194 5465; x_wconf 89' lang='grc' dir='ltr'>τῷ</span> <span class='ocrx_word' id='word_1_971' title='bbox 3216 5397 3449 5468; x_wconf 78' lang='grc' dir='ltr'>Χριστῷ</span> 
     </span>
    </p>
   </div>
   <div class='ocr_carea' id='block_1_126' title="bbox 1870 5479 3447 5556">
    <p class='ocr_par' dir='ltr' id='par_1_126' title="bbox 1870 5479 3447 5556">
     <span class='ocr_line' id='line_1_126' title="bbox 1870 5479 3447 5556; baseline -0.006 -14"><span class='ocrx_word' id='word_1_972' title='bbox 1870 5487 2092 5554; x_wconf 77' lang='grc' dir='ltr'>πάντες</span> <span class='ocrx_word' id='word_1_973' title='bbox 2151 5486 2712 5556; x_wconf 73' lang='grc' dir='ltr'>ζωοποιηθήσονται.</span> <span class='ocrx_word' id='word_1_974' title='bbox 2750 5486 2816 5539; x_wconf 86' lang='grc' dir='ltr'>Τί</span> <span class='ocrx_word' id='word_1_975' title='bbox 2867 5481 2993 5548; x_wconf 84' lang='grc' dir='ltr'>οὖν;</span> <span class='ocrx_word' id='word_1_976' title='bbox 3051 5484 3272 5546; x_wconf 88' lang='grc' dir='ltr'>πάντες,</span> <span class='ocrx_word' id='word_1_977' title='bbox 3323 5479 3447 5534; x_wconf 83' lang='grc' dir='ltr'>εἰπέ</span> 
     </span>
    </p>
   </div>
   <div class='ocr_carea' id='block_1_127' title="bbox 1873 5564 3445 5642">
    <p class='ocr_par' dir='ltr' id='par_1_127' title="bbox 1873 5564 3445 5642">
     <span class='ocr_line' id='line_1_127' title="bbox 1873 5564 3445 5642; baseline -0.006 -17"><span class='ocrx_word' id='word_1_978' title='bbox 1873 5589 1984 5642; x_wconf 90' lang='grc' dir='ltr'>μοι,</span> <span class='ocrx_word' id='word_1_979' title='bbox 2015 5571 2285 5625; x_wconf 87' lang='grc' dir='ltr'>ἀπέθανον</span> <span class='ocrx_word' id='word_1_980' title='bbox 2313 5574 2370 5624; x_wconf 85' lang='grc' dir='ltr'>ἐν</span> <span class='ocrx_word' id='word_1_981' title='bbox 2395 5571 2474 5641; x_wconf 81' lang='grc' dir='ltr'>τῷ</span> <span class='ocrx_word' id='word_1_982' title='bbox 2507 5570 2681 5641; x_wconf 83' lang='grc' dir='ltr'>Ἀδάμ</span> <span class='ocrx_word' id='word_1_983' title='bbox 2713 5569 2804 5623; x_wconf 82' lang='grc' dir='ltr'>τὸν</span> <span class='ocrx_word' id='word_1_984' title='bbox 2840 5569 2940 5640; x_wconf 82' lang='grc' dir='ltr'>τῆς</span> <span class='ocrx_word' id='word_1_985' title='bbox 2964 5567 3236 5638; x_wconf 83' lang='grc' dir='ltr'>ἁμαρτίας</span> <span class='ocrx_word' id='word_1_986' title='bbox 3277 5564 3445 5618; x_wconf 86' lang='grc' dir='ltr'>θάνα-</span> 
     </span>
    </p>
   </div>
   <div class='ocr_carea' id='block_1_128' title="bbox 1869 5643 3448 5724">
    <p class='ocr_par' dir='ltr' id='par_1_128' title="bbox 1869 5643 3448 5724">
     <span class='ocr_line' id='line_1_128' title="bbox 1869 5643 3448 5724; baseline -0.003 -18"><span class='ocrx_word' id='word_1_987' title='bbox 1869 5671 1992 5721; x_wconf 89' lang='grc' dir='ltr'>τον;</span> <span class='ocrx_word' id='word_1_988' title='bbox 2016 5655 2134 5718; x_wconf 84' lang='grc' dir='ltr'>πῶς</span> <span class='ocrx_word' id='word_1_989' title='bbox 2161 5649 2254 5708; x_wconf 73' lang='grc' dir='ltr'>οὖν</span> <span class='ocrx_word' id='word_1_990' title='bbox 2278 5654 2402 5708; x_wconf 87' lang='grc' dir='ltr'>Νῶε</span> <span class='ocrx_word' id='word_1_991' title='bbox 2433 5653 2640 5718; x_wconf 85' lang='grc' dir='ltr'>δίκαιος</span> <span class='ocrx_word' id='word_1_992' title='bbox 2659 5655 2723 5707; x_wconf 85' lang='grc' dir='ltr'>-ἐν</span> <span class='ocrx_word' id='word_1_993' title='bbox 2741 5655 2805 5724; x_wconf 75' lang='grc' dir='ltr'>τῇ</span> <span class='ocrx_word' id='word_1_994' title='bbox 2835 5653 2998 5724; x_wconf 77' lang='grc' dir='ltr'>γενεᾷ</span> <span class='ocrx_word' id='word_1_995' title='bbox 3025 5648 3224 5711; x_wconf 72' lang='grc' dir='ltr'>αὐτούς</span> <span class='ocrx_word' id='word_1_996' title='bbox 3255 5645 3370 5706; x_wconf 73' lang='grc' dir='ltr'>πῶς</span> <span class='ocrx_word' id='word_1_997' title='bbox 3386 5643 3448 5701; x_wconf 66' lang='grc' dir='ltr'>δὲ</span> 
     </span>
    </p>
   </div>
   <div class='ocr_carea' id='block_1_129' title="bbox 1931 5869 2473 5934">
    <p class='ocr_par' dir='ltr' id='par_1_129' title="bbox 1931 5869 2473 5934">
     <span class='ocr_line' id='line_1_129' title="bbox 1931 5869 2473 5934; baseline -0.006 -12"><span class='ocrx_word' id='word_1_998' title='bbox 1931 5869 1958 5908; x_wconf 57' lang='grc' dir='ltr'>δ</span> <span class='ocrx_word' id='word_1_999' title='bbox 1983 5872 2154 5923; x_wconf 77' lang='lat' dir='ltr'>Deerat</span> <span class='ocrx_word' id='word_1_1000' title='bbox 2179 5873 2473 5934; x_wconf 66' lang='grc' dir='ltr'>ἀπαλλαγήν.</span> 
     </span>
    </p>
   </div>
  </div>
