3998 6460
266 379 381 434 337

274 495 540 561 Quasnam
564 502 644 547 cst
666 507 793 562 ergo
822 494 1019 548 causa?
1044 493 1132 548 2i.
1164 493 1416 560 Quoniam
1436 493 1639 564 quidem
1670 509 1758 562 per
1783 494 1872 547 ho-

276 598 469 636 mmem
494 598 651 651 mors,
676 594 722 637 et
743 602 834 654 per
857 586 1107 639 hominem
1127 586 1426 639 resurrectio
1453 595 1785 639 mortuorum.
1818 583 1874 638 Si

274 688 463 733 autem
487 694 585 748 per
608 680 898 746 hominem,
924 696 1022 751 per
1041 696 1163 736 cum
1188 682 1346 751 plane
1365 680 1453 751 qui
1478 680 1637 735 habet
1656 692 1871 747 corpus.

282 769 423 824 Vide
447 786 610 841 porro
636 771 753 843 ejus
778 773 1072 839 solertiam,
1096 773 1186 843 qui
1209 774 1370 828 etiam
1395 773 1552 828 aliter
1576 772 1873 827 orationem

274 859 453 914 elﬁcit
496 862 872 917 necessariam.
918 862 1048 917 Nam
1092 878 1214 918 eum
1238 904 1253 929 ,
1287 862 1378 933 qui
1419 862 1516 917 fuit
1555 869 1872 933 superatus,

277 961 501 1022 oportet
529 962 583 1009 et
613 964 932 1023 prostratam
978 955 1279 1010 instaurare
1317 969 1380 1009 ac
1422 969 1675 1024 reparare
1719 962 1876 1005 natu-

277 1062 402 1101 ram
426 1089 442 1112 ,
473 1056 525 1102 et
554 1047 725 1118 ipsum
755 1050 966 1104 vincere
997 1066 1012 1103 :
1043 1049 1121 1104 sic
1149 1050 1293 1104 enim
1334 1047 1589 1119 probrum
1620 1059 1873 1101 excusse—

275 1142 373 1195 rit.
425 1141 714 1197 Videamus
758 1150 935 1197 autem
979 1158 1265 1213 quamnam
1314 1141 1444 1196 dicit
1487 1149 1732 1194 mortem.
1780 1136 1872 1191 22.

276 1233 437 1289 Sicut
466 1236 610 1290 enim
637 1235 692 1290 in
716 1236 882 1290 Adam
907 1253 1080 1291 omnes
1106 1237 1411 1302 moriuntur,
1438 1238 1513 1289 ita
1531 1242 1578 1288 et
1602 1233 1654 1286 in
1676 1231 1875 1287 Christo

277 1342 464 1381 omnes
508 1328 912 1398 viviﬁcabuntur.
968 1328 1146 1407 Quid?
1185 1342 1480 1393 omnesne,
1521 1325 1608 1381 dic
1651 1337 1871 1395 qtucso,

279 1419 484 1472 mortui
516 1419 719 1473 suntin
760 1418 928 1474 Adam
968 1430 1141 1474 morte
1181 1417 1425 1489 peccati?
1450 1414 1719 1487 quomodo
1747 1426 1876 1483 ergo

275 1506 402 1564 Noe
425 1508 601 1579 justus
640 1512 691 1564 in
731 1512 1074 1582 generatione
1101 1511 1238 1566 sua?
1267 1509 1534 1582 quomodo
1560 1504 1876 1563 Abraham?

274 1601 559 1670 qttomodo
584 1601 729 1657 Job?
757 1606 1024 1675 quomodo
1053 1605 1139 1659 alii
1171 1603 1402 1658 omnes?
1431 1601 1568 1667 Quid
1601 1615 1729 1655 vero
1748 1640 1762 1664 ,
1790 1599 1894 1664 die.

274 1709 441 1765 rogo,
464 1711 722 1752 omnesne
752 1697 1160 1753 viviﬁcabuntur
1181 1699 1232 1751 in
1254 1695 1507 1752 Christo?
1551 1694 1613 1749 Et
1639 1693 1726 1747 ubi
1749 1702 1877 1746 sunt

272 1787 371 1854 qui
419 1787 755 1843 abducuntur
801 1790 854 1845 in
900 1789 1240 1861 gehennam?
1272 1789 1404 1845 Nam
1442 1789 1485 1845 si
1528 1787 1630 1841 hoc
1658 1785 1873 1857 quidem

270 1880 486 1933 dictqu
516 1892 597 1935 est
625 1882 693 1936 de
721 1896 966 1952 corpore,
999 1892 1104 1939 stat
1144 1882 1285 1953 quod
1315 1881 1511 1937 dicitur
1539 1897 1553 1933 :
1584 1879 1664 1934 sin
1695 1887 1873 1933 autem

267 1972 346 2027 de
391 1972 595 2043 justitia
641 1984 695 2029 ct
740 1986 959 2046 peccato
982 2017 1000 2043 ,
1040 1991 1394 2046 nequaquam.
1432 1973 1630 2028 Deinde
1657 1987 1724 2027 ne
1751 1985 1871 2027 cum

264 2066 520 2121 audieris
545 2081 879 2124 communem
916 2069 1344 2135 vivilicationem,
1375 2067 1535 2123 etiam
1567 2074 1873 2137 peccatores

263 2159 620 2215 existimares
645 2175 766 2216 esse
793 2162 1004 2227 salvos,
1043 2161 1318 2232 subjunxit
1349 2180 1363 2215 :
1394 2160 1485 2215 25.
1519 2158 1875 2228 Uuusqu’sque

259 2261 453 2305 autem
485 2252 539 2305 in
573 2268 664 2308 suo
689 2253 884 2309 ordine.
913 2254 1044 2309 Nam
1072 2255 1324 2324 quoniam
1355 2252 1602 2307 audivisti
1633 2267 1875 2306 resurre-

258 2345 539 2409 ctionem,
565 2360 632 2400 ne
656 2346 930 2400 existimes
950 2360 1137 2401 omnes
1158 2346 1345 2400 eadem
1368 2342 1578 2414 assequi
1605 2351 1659 2397 ct
1683 2341 1871 2396 iisdem

260 2436 403 2490 lrui.
437 2435 570 2490 Nam
598 2438 641 2490 si
666 2437 719 2492 in
747 2438 1007 2507 supplicio
1031 2453 1136 2492 non
1163 2452 1350 2491 omnes
1375 2434 1559 2492 eadem
1583 2435 1868 2506 patientur,

253 2530 367 2584 sed
405 2546 594 2600 magna
626 2540 707 2587 est
734 2530 1054 2595 diﬁ'erentia,
1086 2530 1255 2585 multo
1281 2530 1449 2600 magis
1479 2529 1564 2583 ubi
1597 2535 1722 2583 sunt
1751 2542 1873 2597 pec.

254 2631 492 2676 ratores
517 2631 569 2677 et
594 2622 761 2691 justi,
798 2623 969 2692 major
998 2623 1103 2678 erit
1141 2622 1412 2678 distantia.
1450 2620 1701 2676 Primitiw
1725 2619 1872 2674 Chri-

248 2725 381 2769 stus
408 2730 428 2767 :
448 2713 631 2769 deinde
653 2715 691 2768 ii
712 2715 797 2786 qui
823 2725 940 2769 sunt
966 2714 1191 2781 Christi;
1222 2715 1322 2768 hoc
1348 2722 1450 2776 est,
1483 2712 1666 2767 ﬁdeles
1696 2721 1751 2766 et
1780 2711 1868 2781 qui

248 2817 399 2861 Sunt
429 2806 639 2877 probati
659 2816 712 2861 et
743 2806 895 2861 bona:
921 2805 1352 2861 existimationis.
1385 2804 1473 2859 2b.
1508 2803 1704 2857 Deinde
1729 2803 1866 2870 ﬁnis.

247 2900 408 2955 Nam
439 2900 653 2970 quando
685 2900 757 2954 illi
791 2901 1185 2955 resurrexcrint
1210 2940 1225 2964 ,
1255 2915 1341 2953 res
1370 2912 1559 2951 omnes
1590 2897 1747 2950 ﬁnem
1775 2911 1867 2951 ac-

245 2994 475 3062 cipient
509 3011 521 3047 :
550 3008 655 3045 non
684 2993 822 3047 sicut
849 3008 989 3047 nunc
1028 3000 1308 3062 postquam
1338 2972 1692 3043 resurreserit
1714 2986 1868 3040 Chri-

246 3097 409 3151 stus,
440 3087 619 3141 omnia
645 3085 821 3140 adhuc
846 3095 970 3140 sunt
1000 3086 1052 3139 in
1083 3098 1365 3154 suspenso.
1398 3082 1463 3136 Et
1492 3080 1611 3135 ideo
1640 3077 1862 3145 addidit,

250 3178 329 3232 In
365 3180 482 3249 ejus
503 3178 752 3245 adventu,
779 3188 835 3233 ut
864 3178 1041 3233 discas
1067 3178 1238 3246 ipsum
1272 3175 1415 3246 loqui
1441 3174 1510 3229 de
1536 3173 1628 3227 illo
1656 3182 1864 3242 tempo-

246 3287 340 3326 re.
376 3269 510 3327 Cum
543 3271 807 3325 tradiderit
834 3287 1045 3341 regnum
1075 3268 1182 3324 Deo
1209 3280 1257 3323 et
1289 3267 1433 3322 Patri
1456 3284 1474 3331 ;
1505 3281 1617 3320 cum
1646 3280 1863 3320 evacua-

242 3366 390 3416 rrrit
423 3378 621 3416 onmem
650 3362 1012 3433 principatum,
1043 3371 1362 3430 potestatem,
1390 3368 1438 3412 et
1466 3359 1717 3411 uirtutem.

328 3455 390 3507 4.
427 3452 526 3508 llic
551 3462 758 3511 attente
782 3450 1019 3508 animum
1047 3453 1296 3507 adhibete
1319 3494 1334 3516 ,
1362 3461 1415 3506 et
1440 3450 1616 3505 videte
1641 3463 1709 3502 ne
1735 3446 1862 3518 quid

251 3559 355 3596 \‘us
382 3545 601 3615 eliugiat
629 3561 815 3601 eorum
844 3561 963 3615 qtue
993 3545 1260 3599 dicuntur.
1293 3544 1387 3599 Est
1414 3544 1555 3599 enim
1583 3542 1736 3597 nobis
1766 3555 1860 3611 pu-

251 3654 366 3707 gna
399 3653 521 3693 cum
552 3638 783 3695 inimicis
810 3656 824 3692 :
855 3638 977 3694 ideo
1004 3638 1149 3708 prius
1175 3648 1259 3693 est
1287 3636 1584 3692 exercenda
1612 3635 1861 3690 deductio

254 3731 329 3786 ad
375 3731 673 3786 absurdum
706 3749 719 3785 :
753 3730 891 3801 quod
939 3746 1084 3802 saepe
1125 3732 1286 3786 etiam
1337 3731 1459 3784 facit
1508 3728 1706 3785 Paulus
1736 3747 1748 3781 :
1781 3728 1860 3782 sic

257 3826 413 3882 enim
452 3826 687 3882 maxime
720 3840 839 3896 qua:
869 3826 1052 3880 dicunt
1072 3867 1087 3892 ,
1119 3825 1452 3895 apparebunt
1481 3822 1634 3877 nobis
1662 3822 1859 3891 depre-

262 3921 442 3974 hensu
490 3917 686 3975 facilia.
734 3918 842 3974 Eos
886 3934 1015 3990 ergo
1060 3918 1291 3989 priuunn
1340 3931 1589 3987 rogemus
1624 3915 1751 3985 quid
1789 3915 1860 3970 sit

258 4009 411 4077 quod
439 4009 640 4065 dictum
667 4020 770 4078 est,
795 4010 920 4065 Cum
943 4010 1209 4065 tradiderit
1234 4026 1441 4081 regnum
1470 4007 1577 4062 Deo
1598 4017 1644 4062 et
1668 4007 1844 4062 Patri.

261 4103 400 4160 Nam
437 4103 481 4157 si
515 4103 566 4158 id
592 4103 986 4159 inconsiderate
1011 4103 1378 4172 acceperimus
1397 4143 1411 4166 ,
1443 4111 1496 4156 et
1523 4116 1630 4156 non
1661 4108 1719 4155 ut
1747 4100 1858 4156 Deo

265 4198 538 4262 convenit,
563 4213 670 4252 non
699 4197 826 4252 illud
856 4206 1037 4267 postea
1072 4196 1287 4252 habebit
1314 4214 1326 4250 :
1355 4211 1478 4251 nam
1510 4196 1598 4267 qui
1629 4195 1718 4250 alii
1752 4204 1859 4251 tra-

267 4290 421 4355 didit,
447 4290 645 4346 desinit
664 4290 733 4346 de
750 4299 948 4347 caetero
977 4291 1088 4360 ipse
1118 4291 1170 4346 id
1200 4299 1403 4347 tenere.
1430 4290 1539 4347 Nec
1559 4291 1662 4346 erit
1682 4291 1855 4346 solum

270 4381 370 4436 hoc
392 4380 706 4448 absurdum,
733 4381 828 4437 sed
849 4382 1179 4453 etiam-quod
1205 4398 1273 4438 ne
1305 4383 1395 4438 ille
1416 4382 1629 4454 quidem
1657 4382 1746 4453 qui
1768 4397 1858 4437 ac-

270 4477 443 4545 cepit,
483 4475 787 4531 invenietur
826 4475 1025 4533 habere
1064 4479 1368 4548 priusquam
1400 4479 1687 4546 acceperit.
1716 4477 1857 4546 Ergo

270 4568 563 4624 secundum
594 4569 715 4626 illos
739 4584 914 4641 neque
940 4570 1097 4626 Pater
1115 4582 1233 4627 erat
1260 4571 1367 4625 hex
1390 4581 1565 4636 antea,
1594 4581 1649 4627 et
1675 4580 1856 4627 nostra

276 4661 643 4733 persequitur;
677 4677 852 4733 neque
876 4662 1041 4719 Filius
1062 4674 1242 4734 postea
1277 4664 1386 4719 Rex
1415 4678 1534 4719 esse
1558 4664 1854 4734 apparebit.

276 4754 550 4821 Quomodo
569 4770 699 4825 ergo
722 4755 837 4826 ipse
858 4756 1073 4828 quidem
1094 4757 1223 4812 dicit
1243 4757 1311 4812 de
1340 4757 1515 4824 Patre,
1543 4756 1698 4812 Pater
1720 4775 1859 4814 meus

280 4865 426 4917 usque
438 4865 571 4902 nunc
594 4858 854 4919 operatur,
869 4858 915 4904 et
933 4865 1025 4921 ego
1045 4866 1229 4922 aperor
1245 4849 1421 4921 (Joan.
1441 4851 1495 4907 5.
1522 4852 1639 4921 t7)?
1652 4852 1720 4907 de
1742 4854 1859 4922 ipso

279 4949 447 4995 autem
472 4938 604 4996 dicit
633 4940 850 5006 Daniel,
881 4940 1116 5013 Regnum
1150 4943 1260 5012 ejus
1280 4983 1296 5008 ,
1326 4959 1538 5013 regnum
1576 4956 1854 5011 wteruum,

280 5034 404 5104 quod
429 5051 531 5089 non
556 5034 829 5104 praeteribit
854 5033 1014 5106 (Dan.
1045 5035 1100 5089 2.
1129 5035 1262 5107 44)?
1292 5035 1476 5092 Viden'
1499 5052 1658 5108 quam
1692 5037 1855 5092 multa

281 5126 509 5180 oriantur
534 5125 790 5194 absurda,
816 5134 872 5182 et
893 5141 1051 5198 quam
1074 5142 1196 5182 cum
1223 5126 1516 5198 Scripturis
1544 5129 1853 5199 pugnantia,

283 5235 390 5274 cum
412 5220 675 5290 quispiam
692 5234 811 5288 qua:
830 5218 1079 5275 dicuntur
1099 5220 1329 5275 humane
1350 5220 1648 5290 acceperit?
1667 5219 1859 5288 Quem-

286 5326 391 5365 nam
422 5320 604 5366 autem
631 5310 719 5366 hic
740 5309 870 5366 dicit
894 5311 1140 5367 evacuari
1162 5318 1217 5366 et
1234 5310 1437 5367 aboleri
1462 5311 1858 5382 principatum?

286 5402 692 5471 augelorumne?
730 5401 904 5457 Absit.
949 5402 1021 5456 At
1054 5400 1330 5458 ﬁdelium?
1363 5401 1441 5457 Ne
1479 5402 1582 5458 hoc
1618 5401 1854 5472 quidem.

287 5495 377 5549 Sed
417 5492 747 5563 quenmam?
790 5492 1103 5548 Daemonum
1128 5536 1142 5557 ,
1171 5493 1241 5549 de
1278 5508 1387 5564 quo
1424 5493 1546 5549 dicit
1579 5510 1594 5550 :
1627 5492 1749 5549 Non
1787 5502 1858 5548 est

287 5587 411 5640 nobis
438 5586 730 5640 colluctatio
756 5585 995 5640 adversus
1021 5601 1224 5640 carnem
1241 5597 1288 5641 et
1308 5587 1628 5658 sanguinem,
1650 5587 1741 5641 sed
1764 5584 1859 5639 ad—

287 5693 440 5733 rersus
470 5676 805 5749 principatus,
831 5675 1075 5732 adea-sus
1100 5687 1388 5749 potestates,
1415 5678 1657 5734 adversus
1679 5677 1859 5732 mundi

288 5778 488 5823 rectores
515 5766 833 5822 tenebrarum
862 5766 1018 5838 hujus
1043 5768 1216 5823 seculi
1249 5767 1463 5839 (Ephes.
1493 5769 1548 5824 6.
1581 5768 1691 5840 12).
1723 5768 1856 5825 Nam

292 5874 415 5917 nunc
444 5857 660 5930 quidem
699 5873 804 5915 non
842 5867 967 5914 sunt
996 5858 1152 5930 plene
1185 5857 1382 5914 abolita
1413 5874 1508 5916 nec
1538 5858 1711 5917 adhuc
1739 5876 1856 5917 ces-

1279 380 1345 436 IN
1386 378 1604 435 El‘iST.
1735 380 1824 435 AD
1862 378 2017 437 CUR.
2067 380 2297 439 llOMlL.
2340 383 2585 441 XXXIX.

1988 505 2108 550 sant
2132 514 2145 560 ;
2176 497 2229 551 in
2251 497 2431 555 multis
2452 504 2595 557 enim
2618 503 2747 558 locis
2767 518 3091 574 operantur;
3115 517 3239 565 tunc
3262 519 3438 565 autem
3461 526 3578 567 ces-

1985 587 2196 643 sabunt.
2227 589 2320 644 25.
2353 589 2564 662 Oportet
2600 596 2732 648 enim
2776 598 2921 651 illum
2963 616 3208 669 regnare,
3238 603 3397 656 donec
3423 614 3576 673 ponat

1983 693 2155 734 omnes
2183 679 2413 737 inimicos
2449 684 2541 737 sub
2582 686 2789 755 pedibus
2822 690 2936 759 ejus
2977 689 3181 745 Rursus
3211 692 3336 748 hinc
3363 709 3575 764 quoque

1984 769 2127 824 aliud
2158 772 2327 826 oritur
2355 773 2645 829 absurdum
2668 820 2681 840 ,
2715 779 2814 832 nisi
2848 781 2899 834 id
2932 798 3144 852 quoque
3173 787 3570 855 acceperimus,

1985 874 2043 917 ut
2071 864 2179 918 Deo
2204 868 2476 922 convenit.
2507 869 2639 924 Nam
2682 872 2806 926 illud
2830 915 2845 941 ,
2882 874 3053 929 Donec
3079 917 3091 938 ,
3122 887 3206 931 est
3246 878 3365 930 ﬁnis
3394 888 3448 932 ct
3475 877 3572 933 de-

1986 958 2416 1027 terminationis;
2463 962 2514 1015 in
2565 964 2672 1018 Deo
2712 975 2889 1021 autem
2931 968 3032 1023 hoc
3062 986 3166 1023 non
3197 982 3303 1026 cst.
3329 972 3418 1025 26.
3455 970 3573 1025 Νο-

1982 1049 2187 1103 vissima
2214 1054 2421 1107 inimica
2451 1055 2733 1110 destruetur
2758 1075 2911 1114 mors.
2939 1060 3218 1127 Quomodo
3246 1063 3531 1117 nevissima
3550 1065 3575 1117 ?

1985 1138 2112 1194 Post
2141 1156 2348 1204 omnes.
2381 1154 2501 1216 post
2524 1147 2812 1209 diabolum.
2852 1163 2968 1218 post
3001 1152 3102 1206 alia
3128 1154 3328 1207 omnia.
3360 1154 3571 1209 Etenim

1934 1248 1944 1255 ·
1983 1231 2143 1285 etiam
2177 1233 2227 1287 iu
2257 1235 2406 1291 initio
2433 1237 2645 1292 intravit
2678 1241 2963 1296 novissima
2992 1262 3005 1296 :
3034 1243 3178 1312 prius
3206 1245 3347 1299 enim
3375 1245 3572 1300 diaboli

1982 1325 2265 1379 consilium
2310 1336 2367 1382 et
2414 1329 2771 1385 inobcdicntia
2797 1375 2811 1393 ,
2838 1342 2895 1387 et
2935 1345 3060 1388 tunc
3094 1350 3259 1390 mors.
3305 1336 3574 1391 Potestate

1984 1432 2111 1487 ergo
2153 1434 2292 1473 nunc
2334 1437 2545 1493 quoque
2590 1434 2673 1478 est
2714 1426 2944 1490 abolita,
2977 1443 3036 1482 re
3074 1440 3249 1484 autem
3286 1431 3394 1499 ipsa
3425 1441 3570 1486 tunc.

1988 1510 2172 1566 Omnia
2191 1515 2323 1567 enim
2345 1515 2553 1586 subjecit
2575 1517 2665 1571 sub
2692 1519 2899 1588 pedibus
2924 1521 3051 1590 ejus.
3077 1520 3204 1576 Cum
3226 1535 3391 1576 autem
3414 1524 3572 1587 dicat,

1981 1602 2072 1658 27.
2105 1603 2290 1659 Omnia
2317 1607 2540 1678 subjecta
2566 1619 2683 1662 sunt
2711 1610 2775 1674 ei,
2806 1611 2917 1665 sine
2944 1611 3096 1665 dubio
3123 1624 3305 1682 printer
3328 1626 3460 1673 eum,
3488 1615 3574 1683 qui

1981 1695 2192 1767 subjecit
2221 1700 2265 1751 ei
2294 1701 2485 1754 onmia.
2514 1700 2602 1755 28.
2636 1699 2761 1756 Cum
2802 1713 2971 1756 autem
3009 1704 3232 1773 subjecta
3272 1703 3459 1772 fuerint
3495 1705 3574 1757 illi

1982 1788 2174 1854 omnia,
2206 1797 2326 1842 tunc
2354 1801 2400 1843 et
2427 1792 2535 1861 ipse
2564 1791 2729 1847 Filius
2759 1794 3013 1865 subjectus
3042 1795 3135 1849 erit
3163 1796 3261 1858 illi,
3291 1796 3377 1866 qui
3405 1795 3574 1864 subje-

1981 1880 2050 1932 cit
2088 1879 2184 1934 sibi
2231 1883 2424 1938 omnia.
2458 1884 2615 1954 Atqui
2645 1893 2800 1940 antea
2834 1901 2937 1940 non
2979 1885 3189 1941 Patrem
3216 1887 3426 1942 dicebat
3453 1902 3574 1944 esse

1981 1972 2070 2041 qui
2112 1972 2370 2043 subjecit,
2412 1975 2506 2030 sed
2539 1977 2710 2046 ipsum
2744 1992 3005 2033 evacuare
3033 1988 3085 2033 et
3114 1979 3333 2035 abolere
3367 1998 3380 2033 :
3411 1978 3570 2045 Cum,

1982 2064 2188 2135 inquit,
2219 2070 2533 2122 evacuaverit
2559 2086 2758 2123 omnem
2789 2071 3132 2141 principatum
3164 2081 3209 2125 et
3239 2081 3573 2141 potestatem;

1979 2164 2035 2210 et
2062 2172 2247 2212 rursus
2270 2199 2282 2223 ,
2318 2157 2528 2229 Oportet
2570 2160 2711 2214 enim
2749 2163 2916 2231 ipsum
2953 2177 3166 2233 regnare
3185 2202 3199 2225 ,
3230 2162 3390 2216 donec
3418 2171 3574 2233 ponat

1980 2263 2153 2302 omnes
2191 2249 2423 2303 inimicos
2460 2252 2554 2305 sub
2599 2252 2808 2321 pedibus
2842 2254 2971 2323 ejus.
3012 2253 3292 2322 Quomodo
3322 2268 3451 2324 ergo
3487 2254 3574 2308 hic

1979 2338 2110 2394 dicit
2149 2339 2400 2395 Patrem?
2423 2341 2533 2397 Nec
2571 2343 2673 2398 hoc
2699 2352 2781 2399 est
2822 2345 2993 2399 solum
3029 2346 3170 2416 quod
3213 2347 3422 2401 videtur
3452 2361 3574 2402 esse

1979 2428 2225 2496 dubium,
2254 2432 2350 2486 sed
2377 2434 2537 2488 etiam
2570 2435 2710 2504 quod
2757 2446 2901 2491 metu
2930 2436 3088 2492 valde
3112 2438 3344 2493 absurdo
3373 2448 3457 2493 est
3487 2436 3571 2493 af-

1978 2521 2171 2588 fectus,
2196 2533 2248 2579 et
2274 2526 2403 2580 usus
2427 2537 2509 2581 est
2535 2529 2871 2583 correctione
2897 2529 3104 2596 dicens,
3140 2529 3334 2584 I’rteter
3353 2547 3464 2583 eum
3485 2532 3574 2602 qui

1976 2617 2024 2671 ei
2053 2618 2267 2685 subiecit
2295 2620 2500 2687 omnia,
2531 2630 2802 2692 tamquam
2832 2624 3096 2693 aliquibus
3138 2625 3569 2694 suspicantibus,

1977 2724 2107 2764 num
2137 2710 2294 2765 Pater
2318 2727 2531 2782 quoque
2557 2714 2846 2783 aliquando
2874 2715 3228 2784 subjiceretur
3253 2716 3390 2771 Filio
3418 2734 3431 2769 :
3463 2732 3572 2787 quo

1976 2801 2102 2870 quid
2132 2800 2291 2856 fuerit
2330 2804 2500 2873 magis
2525 2804 2759 2860 alienum
2790 2821 2818 2860 a
2848 2807 3095 2860 ratione?
3120 2807 3225 2862 Sed
3258 2815 3435 2864 tamen
3470 2809 3570 2862 hoc

1978 2892 2172 2948 timuit.
2199 2892 2334 2961 Quid
2362 2909 2491 2965 ergo
2516 2898 2640 2950 est?
2666 2898 2866 2952 etenim
2897 2898 3080 2953 multae
3104 2898 3359 2970 deinceps
3382 2914 3573 2954 occur-

1975 2996 2100 3039 runt
2125 2988 2453 3055 qua-stiones
2478 3004 2493 3041 :
2517 2988 2610 3043 sed
2636 2989 2871 3044 animum
2900 2990 3029 3045 mihi
3056 2991 3324 3047 adhibete.
3359 2993 3568 3048 Etenim

1974 3078 2105 3134 mihi
2138 3095 2361 3138 necesse
2390 3091 2475 3137 est
2505 3083 2735 3153 primum
2766 3085 2946 3140 dicere
2977 3085 3126 3140 Pauli
3156 3101 3376 3156 scepnm
3407 3096 3462 3142 et
3491 3088 3572 3142 in-

1972 3173 2218 3229 stitutum
2250 3184 2303 3230 et
2334 3176 2617 3231 consilium
2638 3219 2652 3241 ,
2687 3177 2832 3247 quod
2874 3178 3071 3249 ubique
3098 3179 3298 3234 videris
3322 3180 3568 3249 resplen-

1970 3265 2123 3332 dcre,
2151 3274 2206 3322 et
2233 3275 2357 3322 tunc
2381 3267 2573 3324 aﬁcrre
2596 3269 2917 3325 solutionem
2948 3286 2963 3327 :
2990 3285 3113 3325 nam
3142 3271 3243 3326 hoc
3265 3286 3477 3342 quoque
3501 3271 3568 3327 ad

1971 3358 2298 3415 solutionem
2349 3361 2503 3415 nobis
2548 3361 2775 3418 centert.
2821 3362 2952 3430 Quze
2998 3372 3081 3417 est
3125 3378 3255 3432 ergo
3300 3365 3566 3419 sententia

1970 3450 2117 3506 Pauli
2143 3493 2155 3514 ,
2185 3462 2234 3507 et
2267 3455 2387 3523 quis
2412 3463 2495 3508 est
2525 3468 2641 3509 mos
2668 3454 2825 3525 ejus?
2852 3455 3024 3511 Aliter
3060 3455 3322 3525 loquitur,
3351 3456 3567 3526 quando

1967 3545 2204 3616 loquitur
2232 3546 2301 3601 dc
2329 3547 2440 3601 sola
2472 3546 2770 3613 divinitate,
2800 3554 2853 3603 et
2888 3549 3043 3601 aliter
3072 3548 3286 3617 quando
3311 3548 3566 3605 acciderit

1967 3649 2026 3694 ut
2068 3640 2318 3710 tequatur
2355 3639 2425 3695 de
2464 3650 2730 3710 suscepta:
2754 3641 2932 3695 carnis
2972 3640 3397 3711 dispensatione.
3428 3640 3560 3695 Nam

1964 3733 2181 3803 quando
2232 3747 2449 3787 carnem
2499 3732 2955 3803 apprehenderit,
3006 3732 3076 3788 de
3125 3737 3321 3787 ea-tcro
3372 3747 3562 3787 secure

1965 3825 2142 3877 omnia
2185 3824 2420 3894 loquitur
2446 3824 2663 3879 humilia
2693 3833 2748 3878 et
2777 3824 3008 3893 abjceta,
3040 3824 3316 3879 conﬁdens
3346 3838 3561 3892 nempe,

1964 3916 2106 3989 quod
2139 3930 2199 3970 ea
2230 3917 2302 3970 sit
2329 3925 2451 3982 apta
2482 3925 2536 3971 et
2576 3916 2767 3970 idonea
2812 3915 2876 3969 ad
2919 3915 3317 3985 suscipiendum
3348 3930 3409 3971 ea
3439 3927 3560 3985 quae

1964 4004 2232 4061 dicuntur.
2263 4006 2551 4061 Videamus
2577 4022 2706 4077 ergo
2739 4006 2824 4062 hic
2852 4021 3067 4077 quoque
3106 4022 3173 4061 an
3216 4007 3463 4077 loquatur
3490 4005 3560 4060 de

1963 4102 2076 4157 sola
2106 4101 2402 4165 divinitate,
2426 4116 2492 4153 an
2517 4115 2637 4155 cum
2666 4100 2843 4154 carnis
2872 4109 3135 4169 susceptae
3156 4100 3557 4169 diSpensatione

1963 4193 2033 4249 de
2062 4192 2179 4263 ipso
2207 4191 2324 4246 base
2348 4192 2591 4246 enuntiet
2631 4207 2750 4262 quae
2789 4192 2919 4246 dicit
2949 4209 2961 4244 :
2995 4194 3102 4246 imo
3130 4207 3258 4248 vero
3285 4191 3439 4262 prius
3465 4206 3559 4246 os-

1965 4286 2247 4342 tendamus
2277 4285 2488 4340 ubinam
2522 4284 2643 4350 hoc,
2675 4286 2815 4354 quod
2843 4284 2971 4347 dixi.
3007 4285 3212 4341 fecerit.
3244 4285 3326 4341 Ad
3348 4284 3557 4355 Philip.

1964 4393 2157 4450 penses
2182 4378 2424 4435 scribens
2445 4377 2575 4433 dicit
2598 4396 2611 4433 :
2640 4377 2742 4446 Qui
2761 4395 2872 4431 rum
2899 4378 2953 4432 in
2977 4380 3140 4446 [arma
3171 4376 3265 4432 Dei
3287 4387 3429 4439 esset,
3457 4394 3556 4431 non

1962 4473 2197 4545 rapinam
2239 4471 2510 4526 arbitratus
2547 4482 2619 4526 est
2660 4489 2768 4527 esse
2808 4490 2862 4526 se
2902 4470 3012 4526 Deo
3047 4472 3323 4543 atquulem,
3355 4469 3444 4524 sed
3473 4485 3555 4524 se-

1963 4565 2130 4634 ipsum
2157 4564 2431 4619 exinanivit
2457 4565 2585 4618 serui
2609 4569 2826 4636 formam
2853 4565 3124 4635 accipiens,
3149 4564 3200 4618 in
3225 4563 3558 4617 similitudine

1964 4658 2225 4712 hominum
2250 4658 2436 4727 factus.
2461 4667 2506 4712 et
2527 4658 2693 4728 [igura
2721 4659 2950 4713 inventus
2978 4668 3032 4711 ut
3064 4658 3210 4712 homo
3231 4672 3251 4722 ,'
3272 4656 3559 4710 humiliavit

1963 4750 2205 4821 seipsum,
2228 4750 2461 4804 obediens
2490 4752 2654 4821 {actus
2681 4767 2841 4823 usque
2868 4752 2937 4805 ad
2966 4762 3197 4816 mortem,
3227 4761 3436 4805 mortem
3461 4766 3556 4804 au-

1966 4850 2062 4895 tem
2100 4843 2280 4895 crucis.
2316 4842 2641 4913 Quapropter
2670 4842 2807 4897 Deus
2836 4843 3074 4898 exultavit
3105 4844 3251 4898 illum
3282 4841 3555 4915 (Philipp.

1963 4935 2018 4990 2.
2048 4934 2148 4991 6-9
2179 4934 2219 5005 ).
2253 4935 2498 4990 Vidistin'
2522 4937 2794 5006 quomodo
2814 4978 2828 5002 ,
2861 4937 3075 5007 quando
3101 4936 3167 4991 de
3196 4937 3308 4991 sola
3337 4936 3554 5007 quidem

1965 5027 2282 5099 loquebatur
2307 5027 2609 5094 divinitate,
2640 5028 2722 5081 illa
2753 5043 2940 5097 magna
2971 5028 3125 5094 dixit,
3154 5044 3275 5083 eum
3303 5028 3355 5082 in
3386 5029 3553 5082 forma

1965 5118 2060 5174 Dei
2088 5132 2228 5182 esse,
2258 5127 2312 5172 et
2340 5118 2619 5187 :cqualiter
2642 5118 2907 5180 Genitori,
2936 5126 2991 5171 et
3017 5117 3116 5187 ipsi
3145 5126 3312 5172 totum
3352 5116 3560 5172 adscri-

1963 5211 2042 5267 bit
2067 5229 2081 5265 :
2105 5209 2319 5282 quando
2346 5219 2526 5266 autem
2566 5210 2802 5266 ostendit
2842 5210 2934 5267 tibi
2961 5224 3086 5265 eum
3113 5226 3331 5267 carnem
3367 5224 3557 5266 susce-

1965 5305 2109 5374 pisse
2133 5347 2148 5371 ,
2190 5320 2374 5359 rursus
2409 5304 2675 5375 depressit
2716 5305 3064 5375 orationem?
3096 5305 3207 5361 Nisi
3249 5306 3392 5359 enim
3438 5303 3555 5358 iure

1964 5396 2213 5452 diviseris
2236 5437 2251 5460 ,
2296 5410 2488 5465 magna
2532 5405 2615 5449 cst
2656 5397 3006 5465 repugnantia
3045 5413 3231 5452 eorum
3265 5411 3385 5467 quae
3414 5395 3555 5449 dicta

1965 5497 2111 5544 sunt.
2142 5487 2279 5543 Nam
2304 5487 2350 5541 si
2383 5487 2494 5542 Deo
2533 5496 2652 5542 erat
2693 5489 2915 5558 aequalis
2938 5529 2953 5556 ,
2994 5489 3265 5559 quomodo
3304 5486 3561 5543 cxaltavit

1966 5597 2109 5649 eum,
2142 5581 2231 5653 qui
2257 5591 2345 5637 est
2369 5581 2469 5637 sibi
2497 5581 2758 5652 arqnalis?
2781 5582 2827 5636 si
2853 5592 2967 5637 erat
2996 5582 3047 5636 in
3080 5582 3247 5636 forma
3281 5581 3395 5647 Dei,
3418 5593 3555 5649 quo-

1966 5676 2127 5732 modo
2152 5676 2251 5746 ipsi
2277 5675 2494 5730 donavit
2522 5675 2762 5730 nomen?
2787 5690 2908 5730 nam
2939 5675 3028 5745 qui
3054 5674 3238 5736 donat,
3262 5675 3313 5725 ei
3335 5670 3424 5740 qui
3448 5685 3556 5748 non

1969 5767 2132 5824 habet
2158 5768 2324 5822 donat
2348 5781 2363 5821 :
2388 5776 2443 5820 et
2465 5766 2551 5835 qui
2583 5766 2781 5821 exultat
2802 5808 2817 5834 ,
2848 5782 2968 5821 eum
3004 5765 3094 5835 qui
3137 5765 3284 5834 prius
3311 5768 3428 5814 erat
3456 5760 3556 5812 lm-

1971 5862 2112 5917 milis
2140 5860 2360 5915 exaltat.
2397 5856 2702 5914 Invenietur
2727 5873 2855 5930 ergo
2884 5873 3002 5913 esse
3031 5854 3376 5928 imperfectus
3403 5865 3453 5907 et
3484 5853 3556 5906 in-
