3998 6468
494 368 604 423 339

495 485 688 556 digens
710 525 725 546 ,
756 482 1065 552 priusquam
1101 475 1436 531 altitudinem
1466 474 1737 543 acceperit
1765 480 1817 525 et
1848 482 2042 523 nomen
2074 483 2089 520 :

497 588 549 632 et
580 576 681 629 alia
713 571 1124 629 innumerabilia
1153 568 1275 622 hinc
1305 576 1595 636 sequentur
1617 563 1844 618 absurda
1866 561 2096 617 corolla-

497 668 595 721 ria.
624 665 731 722 Sed
761 666 805 720 si
833 665 1013 721 carnis
1034 672 1297 730 suscepta:
1320 659 1593 714 addideris
1612 655 2090 726 dispensationem,

497 777 604 816 non
650 760 901 831 peccabis
947 760 1061 811 hare
1109 756 1312 810 dicens.
1361 754 1483 813 Haec
1529 761 1708 808 autem
1756 750 1841 805 hic
1881 764 2093 820 quoque

493 853 669 923 Cogita
695 895 710 919 ,
741 862 795 907 ct
818 866 942 907 cum
969 850 1071 904 hoc
1096 847 1324 903 coasilio
1350 847 1534 914 accipe
1562 860 1680 915 qure
1708 843 1848 898 dicta
1874 850 2019 896 sunt.

571 945 627 998 5.
659 944 789 997 Cum
829 941 915 997 his
956 949 1134 995 autem
1180 939 1312 993 alias
1341 952 1554 1007 quoque
1595 937 1838 991 dicemus
1877 947 2090 988 causas.

498 1039 717 1093 Interim
761 1046 938 1092 autem
984 1034 1114 1090 illud
1156 1048 1379 1088 necesse
1425 1040 1509 1087 est
1559 1030 1775 1097 dicere,
1808 1027 1949 1099 quod
1979 1035 2033 1081 et
2062 1040 2094 1079 a

501 1131 668 1187 Paulo
695 1129 858 1183 verba
888 1128 1090 1183 fiebant
1114 1126 1181 1181 de
1218 1124 1632 1185 resurrectione,
1665 1138 1785 1192 quae
1815 1119 2095 1175 videbatur

500 1224 617 1279 ﬁeri
650 1238 757 1278 non
794 1236 972 1291 posse,
1003 1229 1058 1275 ct
1085 1235 1205 1289 quae
1247 1219 1466 1273 minime
1492 1214 1814 1270 credebatur
1842 1229 1856 1266 :
1880 1222 1929 1265 et
1959 1210 2131 1264 seri--

503 1319 666 1374 hebat
691 1315 758 1370 ad
787 1312 1118 1378 Cdrinthios,
1143 1311 1231 1365 ubi
1265 1309 1442 1378 plures
1465 1316 1619 1362 erant
1650 1302 1979 1375 philosophi,
2003 1300 2092 1371 qtti

500 1425 717 1479 semper
733 1405 1025 1463 irridebant
1043 1419 1103 1459 ea
1126 1420 1238 1473 qua:
1260 1412 1380 1458 sunt
1406 1398 1731 1469 huiusmodi.
1748 1396 1955 1451 Etenim
1972 1408 2091 1448 cum

502 1508 557 1561 io
583 1505 704 1561 aliis
749 1504 891 1557 inter
916 1515 976 1556 se
1000 1498 1386 1555 colliderentur
1409 1538 1425 1563 ,
1456 1497 1508 1549 in
1554 1494 1656 1549 hoc
1679 1493 1931 1563 dogmate
1959 1502 2096 1545 tam-

503 1612 662 1668 quam
693 1610 804 1651 uno
832 1609 926 1650 ore
962 1607 1153 1648 omnes
1193 1589 1574 1659 conspirabant
1596 1631 1611 1654 ,
1644 1594 1944 1641 statuentes
1985 1600 2091 1638 nou

500 1704 626 1745 csse
653 1686 1129 1743 resurrectionem.
1179 1683 1255 1737 De
1301 1680 1605 1752 tmjusmodi
1650 1693 1779 1747 ergo
1807 1691 1968 1730 causa
2000 1675 2095 1729 de-

501 1791 749 1845 certans,
781 1778 867 1834 cui
904 1777 1044 1832 adeo
1075 1791 1184 1830 non
1211 1772 1449 1830 creditur
1472 1781 1529 1827 et
1556 1787 1674 1842 quae
1704 1769 1959 1825 irridetur
1986 1776 2094 1821 tam

503 1884 726 1945 propter
755 1869 1156 1942 praejudicatam
1185 1867 1526 1938 opinionem,
1562 1879 1722 1934 quam
1767 1872 1992 1932 propter
2017 1860 2094 1914 rei

506 1964 912 2027 difficultatem;
944 1969 999 2015 ct
1042 1960 1232 2014 volens
1263 1958 1492 2028 probare
1540 1956 1591 2011 id
1624 1956 1739 2010 fieri
1771 1968 1948 2023 posse,
1985 1951 2095 2021 pri-

505 2070 652 2110 mum
682 2055 782 2108 hoc
809 2054 932 2108 facit
960 2069 1028 2108 ex
1053 2050 1255 2107 Christi
1283 2048 1679 2105 resnrrcctione
1708 2064 1721 2100 :
1747 2055 1803 2101 et.
1829 2060 1951 2100 cum
1977 2058 2094 2098 eam

506 2147 932 2200 demonstrasset
962 2152 1016 2197 et
1044 2158 1108 2197 ex
1137 2141 1414 2212 prophetis
1435 2151 1490 2195 et
1518 2156 1586 2194 ex
1615 2139 1681 2194 iis
1709 2138 1799 2208 qui
1830 2137 2093 2201 viderant,

501 2247 560 2293 et
584 2253 646 2291 ex
678 2237 743 2290 iis
773 2235 861 2306 qui
893 2234 1259 2299 crediderant,
1291 2241 1572 2302 postquam
1602 2231 1809 2299 accepit
1836 2229 1937 2283 sibi
1968 2244 2098 2283 con-

505 2346 712 2386 cessam
742 2329 808 2385 ad
838 2329 1132 2383 absurdum
1160 2326 1537 2381 deductionem
1561 2367 1576 2390 ,
1608 2324 1863 2391 deinceps
1908 2324 2099 2393 probat

509 2423 782 2477 hominum
816 2421 1265 2475 resurrectionem
1296 2435 1309 2471 :
1346 2416 1485 2471 Nam
1506 2418 1547 2472 si
1578 2416 1764 2469 mortui
1791 2431 1892 2467 non
1925 2430 2096 2468 resur-

505 2523 664 2585 gunt,
695 2511 901 2583 inquit,
953 2527 1015 2565 ne
1042 2509 1270 2564 Christus
1320 2508 1525 2579 quidem
1568 2507 1861 2561 resurrexit.
1897 2504 2098 2560 Deinde

507 2621 631 2662 cum
673 2604 932 2660 continuo
979 2602 1030 2657 in
1064 2601 1493 2674 priecedentibns
1533 2615 1719 2654 eorum
1765 2598 2098 2668 frequentem

504 2697 745 2754 dedisset
790 2695 1199 2767 probationem,
1242 2694 1399 2748 aliter
1428 2708 1614 2748 rursus
1657 2699 2097 2761 argumentatur,

507 2807 628 2847 eam
653 2803 853 2845 vocans
885 2789 1169 2859 primitias,
1192 2797 1247 2843 et
1273 2787 1562 2841 ostendens
1592 2799 1714 2840 eum
1742 2783 1962 2838 abolere
1983 2797 2102 2836 om-

508 2901 633 2940 nem
660 2883 1020 2953 principatum
1063 2890 1118 2935 et
1161 2889 1477 2950 potestatem
1503 2887 1558 2933 et
1589 2878 1841 2931 virtutem
1869 2885 1923 2930 et
1952 2890 2101 2929 mor-

512 2990 620 3033 tem
653 2975 1021 3031 novissimam.
1053 2971 1335 3040 Quomodo
1363 2987 1513 3041 ergo,
1551 2970 1759 3039 inquit,
1788 2968 1947 3022 fuerit
1974 2968 2105 3022 abo-

511 3071 638 3135 lita,
670 3069 771 3123 nisi
802 3069 948 3139 prius
974 3065 1213 3120 amiserit
1255 3080 1374 3133 qme
1403 3062 1632 3117 habebat
1662 3060 1915 3130 corpora?
1946 3059 2103 3113 Post-

511 3176 675 3232 quam
703 3173 833 3229 ergo
860 3172 1049 3227 magna
1074 3156 1323 3225 loquutus
1363 3162 1446 3208 est
1475 3152 1541 3207 de
1567 3150 1881 3221 Unigeuito,
1913 3165 2105 3220 nempe

513 3254 658 3323 quod
688 3250 850 3306 tradit
874 3263 1097 3318 regnum
1119 3289 1133 3313 ,
1170 3248 1271 3300 hoc
1299 3252 1401 3311 est,
1431 3242 1575 3314 quod
1620 3242 1735 3311 ipse
1763 3257 1825 3295 ea
1855 3239 2102 3306 conficit,

514 3354 571 3400 et
600 3344 715 3414 ipse
754 3342 899 3396 bello
930 3339 1093 3393 vincit
1115 3381 1129 3405 ,
1159 3347 1209 3391 et
1239 3336 1416 3390 oumia
1452 3333 1678 3404 pedibus
1717 3334 1828 3387 suis
1855 3332 2104 3401 subjicit;

515 3436 789 3507 subjunin
816 3434 1093 3504 corrigens
1117 3432 1407 3485 multorum
1441 3427 1868 3482 incredulitatem
1896 3445 1909 3480 :
1941 3425 2108 3493 Opor-

516 3540 584 3583 tet
605 3544 722 3582 eum
751 3542 983 3597 regnare,
1014 3523 1173 3577 donec
1198 3520 1419 3592 posuerit
1448 3536 1620 3573 omnes
1646 3518 1876 3571 inimicos
1899 3518 1991 3572 sub
2016 3532 2108 3590 pe-

517 3621 662 3676 dibus
690 3621 813 3674 suis.
865 3617 980 3672 Non
1032 3617 1192 3669 finem
1238 3630 1403 3684 regno
1447 3614 1728 3682 imponens
1770 3611 1907 3665 dixit
1937 3610 2066 3665 illud
2091 3647 2106 3676 ,

522 3713 734 3779 Donec,
764 3702 861 3766 sed
890 3708 1243 3788 fide_dignum
1275 3706 1478 3761 faciens
1510 3705 1561 3760 id
1585 3704 1730 3775 quod
1757 3704 1961 3759 dictum
1990 3713 2108 3771 est,

518 3813 657 3859 etut
685 3804 828 3858 bono
857 3802 966 3855 sint
1010 3801 1189 3854 animo
1233 3807 1288 3854 et
1331 3797 1606 3853 confidant
1651 3811 1963 3867 procurans.
1989 3795 2109 3851 Non

518 3897 662 3952 enim
695 3903 977 3965 postquam
1008 3890 1296 3958 audivisti,
1345 3890 1550 3961 inquit,
1582 3905 1703 3944 eum
1732 3904 1854 3945 esse
1877 3889 2109 3945 abolitu-

520 4004 638 4044 rmu
668 4002 882 4042 omnem
918 3986 1273 4057 principatum
1315 3996 1369 4039 et
1398 3993 1722 4054 potestatem
1747 3994 1803 4039 et
1830 3985 2108 4051 virtutem,

522 4095 576 4138 et
606 4082 879 4137 diabolum
908 4090 964 4135 et
994 4089 1100 4135 tam
1146 4080 1342 4133 multas
1391 4078 1697 4133 dmmouum
1740 4086 1986 4133 catervas
2012 4119 2026 4142 ,
2059 4087 2115 4133 et

522 4176 818 4231 infidelium
870 4175 1091 4236 turbas,
1141 4183 1192 4228 et
1242 4173 1431 4227 mortis
1478 4172 1847 4243 tyrannidem,
1890 4179 1944 4226 et
1971 4171 2113 4226 mala

521 4268 731 4331 omnia,
766 4267 956 4321 timeas
980 4308 993 4331 ,
1030 4275 1298 4335 tamquam
1332 4266 1446 4334 ipse
1474 4266 1545 4319 sit
1591 4264 1835 4319 infirmus
1861 4274 1916 4319 et
1942 4264 2113 4319 imbe—

521 4361 679 4415 cillus
704 4380 716 4414 :
748 4358 921 4414 donec
951 4358 1094 4413 enim
1125 4355 1313 4412 fecerit
1359 4356 1473 4411 lucc
1503 4357 1684 4411 omnia
1706 4399 1720 4421 ,
1750 4365 1964 4424 oportet
1989 4371 2112 4411 cum

522 4468 749 4524 regnare
773 4470 784 4505 :
812 4467 918 4507 non
944 4451 1045 4506 hoc
1065 4450 1272 4515 dicens,
1295 4449 1437 4520 quod
1463 4462 1746 4520 postquam
1774 4448 1983 4516 fecerit,
2007 4464 2112 4503 non

520 4544 802 4617 regnabit,
835 4544 930 4598 sed
963 4541 1094 4597 illud
1124 4542 1358 4612 probans
1386 4583 1401 4609 ,
1433 4540 1575 4611 quod
1606 4541 1814 4595 etiamsi
1839 4556 1945 4595 non
1973 4554 2115 4595 nunc

521 4639 720 4693 factum
752 4641 840 4700 sit,
865 4634 1086 4689 onmino
1112 4634 1462 4688 sitfuturum.
1491 4631 1608 4688 Non
1634 4633 1778 4687 enim
1805 4632 2113 4689 conscindi-

521 4740 611 4783 tur
637 4728 754 4798 ejus
797 4742 1022 4796 regnum
1054 4743 1067 4778 :
1097 4725 1406 4779 dominatur
1447 4725 1588 4779 enim
1630 4736 1683 4781 et
1726 4736 1917 4796 potens
1946 4736 2029 4781 est
2059 4736 2116 4782 et

523 4832 703 4876 manet
725 4859 740 4885 ,
771 4816 947 4873 donec
990 4816 1170 4870 omnia
1202 4826 1350 4871 recte
1379 4815 1696 4872 confecerit.
1745 4817 1897 4874 llunc
1936 4828 2112 4873 autem

524 4926 730 4966 morem
753 4908 1023 4964 inveneris
1049 4909 1209 4963 etiam
1239 4909 1291 4963 in
1322 4908 1501 4965 Veteri
1531 4910 1828 4980 Scriptura,
1859 4919 1915 4965 ut
1941 4927 2112 4982 quatt-

519 5009 591 5064 du
621 5008 783 5075 dicit,
827 5005 1043 5060 Verbum
1083 5018 1249 5060 autem
1285 5005 1488 5061 Domini
1532 5019 1698 5061 manet
1736 5009 1789 5061 in
1832 5019 2114 5073 wternum;

520 5112 605 5165 et,
637 5099 719 5155 Tu
758 5111 927 5154 autem
969 5100 1103 5154 idem
1150 5101 1260 5170 ipse
1303 5117 1386 5167 es,
1420 5111 1467 5154 et
1495 5103 1616 5155 anni
1646 5102 1719 5155 lui
1746 5119 1847 5155 non
1877 5103 2114 5172 deﬁcient

520 5193 717 5268 (Psal.
750 5193 874 5249 118.
903 5193 1003 5259 89;
1037 5203 1083 5248 et
1113 5193 1237 5248 101.
1269 5192 1340 5248 28
1365 5194 1403 5262 ).
1443 5195 1566 5250 ΙΙωο
1606 5206 1785 5251 autem
1815 5196 1943 5251 dicit
1989 5212 2112 5267 pro-

520 5287 681 5358 pheta
709 5327 724 5353 ,
759 5296 811 5341 ct
859 5301 979 5356 quat
1025 5297 1152 5341 sunt
1199 5286 1540 5357 huiusmodi,
1570 5289 1786 5357 quando
1834 5298 2020 5345 narrat
2044 5289 2113 5345 de

518 5381 700 5442 rebus,
732 5395 850 5450 qua:
878 5379 1038 5449 longo
1067 5387 1187 5447 post
1217 5390 1458 5449 tempore
1485 5390 1609 5437 sunt
1631 5382 1885 5451 gerenda:
1906 5392 1965 5438 et
1992 5398 2113 5437 om-

520 5474 648 5527 nino
674 5471 867 5527 futurte
893 5512 907 5537 ,
939 5471 1264 5526 crassiorum
1306 5472 1607 5526 auditorum
1637 5473 1919 5543 expellens
1951 5475 2109 5537 timo-

518 5580 654 5618 rem.
707 5561 860 5630 Quod
905 5571 1084 5616 autem
1128 5561 1256 5615 illud
1294 5561 1465 5616 Donec
1493 5572 1546 5616 et
1577 5562 1781 5632 Usque,
1813 5565 1859 5618 si
1903 5563 1972 5619 de
1999 5565 2110 5620 Deo

518 5654 801 5721 dicantur,
853 5668 959 5709 non
992 5654 1116 5733 fsint
1144 5654 1307 5708 \erba
1357 5656 1515 5709 linem
1565 5655 1950 5725 significantia,
1985 5656 2110 5713 audi

517 5746 642 5811 quid
676 5745 818 5800 dicat
847 5763 861 5798 :
887 5744 927 5798 Α
958 5745 1146 5800 steculo
1177 5754 1224 5799 et
1252 5761 1408 5815 usque
1431 5747 1480 5798 in
1500 5746 1744 5800 swculum
1772 5758 1825 5801 tu
1856 5766 1907 5803 es
1931 5747 2105 5819 (Psal.

518 5836 602 5891 8-9.
636 5836 726 5907 2);
760 5846 815 5893 et
847 5839 1061 5904 iterum,
1100 5838 1207 5908 Ego
1235 5854 1347 5894 sunt
1375 5838 1568 5913 (Exod.
1599 5841 1653 5896 '5.
1694 5843 1804 5914 ii);
1832 5856 1905 5913 et,
1938 5844 2111 5903 Donec

1220 357 1278 415 S.
1318 356 1595 414 JOANNIS
1629 349 2099 411 CIIRYSOSTOMI
2139 318 2451 408 ARCIIIEP.
2491 354 3023 414 CONSTANTINOP.

3697 364 3794 421 340

2199 473 2565 526 consentiet-itis
2592 490 2684 544 ego
2709 491 2819 528 sum
2848 475 3005 547 (lsai.
3034 478 3124 531 46.
3152 477 3233 546 4).
3269 478 3569 548 Propterea
3597 489 3652 534 ct
3679 482 3790 534 ulti-

2196 578 2336 617 mam
2365 565 2513 633 pouit
2539 576 2768 622 mortem
2791 610 2805 634 ,
2831 578 2890 622 ut
2913 586 2977 624 ex
3008 570 3237 624 aliorum
3268 571 3495 625 victoria
3529 572 3637 628 hoc
3660 588 3789 644 qun-

2195 668 2298 723 que
2329 653 2482 710 facile
2510 656 2757 712 admittat
2806 661 2850 713 is
2881 660 2973 729 qui
3018 676 3126 715 non
3156 662 3346 720 credit.
3399 662 3639 731 Quando
3668 680 3788 735 ergo

2195 747 2489 814 diabolum,
2522 752 2610 820 qui
2633 762 2860 807 mortem
2891 754 3115 818 invexit,
3146 755 3447 821 sustulerit,
3485 756 3663 811 multo
3688 774 3790 811 ma-

2193 838 2275 907 gis
2302 839 2419 907 ejus
2449 854 2585 908 opus
2623 840 2891 897 dissolvet
2933 860 2997 898 ac
3026 844 3339 915 perfringet.
3371 846 3646 913 Quoniam
3673 863 3791 917 ergo

2195 930 2244 982 ei
2274 931 2452 983 omnia
2487 931 2769 1000 attribuit,
2819 933 2962 1004 quod
2992 936 3336 990 evacuaverit
3374 938 3715 1008 principatus
3741 949 3791 994 et

2197 1034 2526 1093 potestates,
2596 1028 2737 1098 quod
2782 1045 3006 1101 regnum
3045 1041 3191 1087 recte
3240 1034 3474 1102 gesserit
3525 1042 3582 1088 et
3625 1032 3789 1088 admi-

2196 1115 2469 1184 nistrarit,
2514 1118 2638 1174 dico
2677 1132 2857 1176 autem
2911 1122 3145 1176 fidelium
3187 1124 3454 1188 salutem,
3505 1123 3654 1178 orbis
3696 1132 3793 1179 ter-

2197 1222 2270 1261 ra:
2302 1223 2486 1276 pacem
2507 1252 2522 1276 ,
2554 1211 2816 1267 malorum
2848 1211 3174 1269 deletiouem
3208 1215 3353 1285 (hoc
3378 1216 3534 1271 enim
3582 1225 3664 1271 est
3708 1233 3787 1272 re-

2195 1316 2357 1370 gnum
2390 1310 2537 1358 recte
2577 1305 2812 1374 gessisse
2837 1315 2893 1361 et
2938 1306 3346 1364 administrasse
3372 1349 3389 1374 ,
3425 1320 3660 1363 mortem
3686 1308 3787 1364 dis-

2195 1394 2458 1468 solvisse)
2484 1412 2499 1461 ;
2549 1412 2724 1467 nequc
2771 1398 2937 1464 dixit,
2968 1400 3110 1469 quod
3139 1401 3296 1456 Pater
3326 1418 3426 1471 per
3478 1403 3678 1471 ipsum,
3704 1402 3787 1457 sed

2195 1488 2337 1559 quod
2382 1491 2496 1559 ipse
2540 1492 2823 1546 evacuabit
2869 1501 2923 1548 et
2965 1476 3202 1548 abolebit
3248 1505 3303 1549 et
3349 1495 3472 1564 ipse
3506 1503 3667 1565 ponet
3697 1494 3784 1549 sub

2198 1583 2417 1652 pedibus
2450 1584 2584 1646 suis,
2612 1600 2786 1654 neque
2813 1600 3034 1654 usquam
3067 1587 3312 1641 meminit
3332 1587 3515 1643 Patris
3547 1604 3560 1640 :
3589 1587 3695 1657 jam
3720 1589 3781 1641 ti-

2196 1676 2362 1738 tuuit,
2392 1690 2459 1730 nc
2485 1675 2757 1731 videretur
2785 1678 3101 1746 quibusdam
3126 1696 3156 1733 a
3189 1680 3404 1733 ratione
3446 1679 3787 1734 alienioribus

2196 1774 2288 1819 aut
2312 1767 2482 1835 major
2504 1768 2663 1822 Patre
2702 1783 2826 1823 esse
2847 1769 3017 1825 Filius
3039 1812 3054 1836 ,
3073 1770 3400 1840 autaliquod
3428 1770 3573 1824 aliud
3600 1771 3785 1839 princi-

2198 1858 2341 1926 pium
2384 1859 2675 1929 ingenitum
2703 1877 2717 1924 ;
2746 1871 2800 1915 et
2831 1871 3117 1932 prOpterea
3158 1862 3260 1917 sibi
3285 1879 3494 1919 cavens
3518 1874 3573 1917 et
3601 1878 3708 1918 rem
3739 1862 3783 1915 in

2198 1959 2311 2004 tuto
2338 1951 2629 2019 collocatis,
2665 1953 2795 2009 lenit
2819 1970 2885 2009 ac
2915 1956 3125 2025 mitigat
3155 1955 3587 2026 magnitudinem
3614 1971 3783 2010 eorum

2197 2060 2316 2114 qua:
2343 2044 2481 2100 dicta
2508 2052 2652 2109 sunt,
2687 2045 2877 2101 dicens
2907 2065 2920 2100 :
2951 2045 3138 2101 Omnia
3166 2048 3300 2101 enim
3338 2049 3516 2117 posuit
3545 2047 3635 2101 sub
3661 2046 3787 2115 pedi-

2199 2138 2291 2192 bus
2330 2140 2473 2204 suis;
2526 2154 2613 2194 res
2657 2150 2836 2209 gestas
2880 2156 3068 2195 rursus
3115 2140 3261 2195 Patri
3310 2140 3661 2205 adscribens,
3690 2155 3785 2194 non

2199 2238 2469 2299 tamquam
2501 2231 2571 2285 sit
2598 2231 2865 2301 impotens
2891 2242 2945 2287 et
2972 2233 3273 2287 imbecillus
3298 2231 3473 2287 Filius
3509 2232 3785 2303 (quomoda

2199 2322 2343 2377 enim
2374 2332 2536 2388 esset,
2566 2323 2633 2378 de
2661 2339 2768 2394 quo
2797 2335 2903 2378 tam
2932 2326 3098 2379 multa
3129 2326 3251 2378 tulit
3275 2326 3610 2391 testimonia,
3638 2334 3690 2378 et
3709 2324 3781 2377 cui

2199 2414 2444 2468 attribuit
2468 2416 2646 2469 omnia
2677 2432 2796 2485 qua:
2822 2416 2965 2470 dicta
3007 2418 3171 2470 sum?
3195 2415 3214 2490 )
3242 2416 3339 2471 sed
3390 2427 3616 2488 propter
3641 2430 3782 2485 quant

2199 2506 2308 2561 dixi
2329 2522 2567 2573 causam,
2590 2516 2646 2561 et
2671 2517 2728 2561 ut
2752 2508 3067 2563 ostenderet
3097 2509 3245 2563 Patri
3269 2519 3325 2563 et
3351 2509 3491 2563 Filio
3511 2524 3630 2564 esse
3652 2522 3781 2561 cem-

2202 2599 2384 2653 muuia
2409 2615 2527 2668 qua:
2560 2600 2695 2653 facta
2725 2611 2851 2654 sunt
2881 2616 2977 2669 pro
3006 2602 3181 2656 nobis.
3211 2599 3347 2655 Nam
3381 2601 3525 2671 quod
3554 2601 3662 2668 ipse
3692 2597 3781 2650 sibi

2203 2689 2476 2744 suffecerit
2520 2689 2588 2745 ad
2639 2693 2819 2746 omnia
2874 2692 2977 2746 sibi
3028 2692 3405 2762 subjicienda,
3453 2692 3575 2747 audi
3616 2703 3779 2746 rursus

2203 2782 2425 2838 Paulum
2455 2782 2725 2838 dicentem
2755 2799 2769 2836 :
2803 2782 2901 2850 Qui
2933 2784 3318 2854 trans/igurabit
3362 2801 3550 2854 corpus
3593 2780 3780 2835 [mutili-

2204 2878 2323 2931 tatis
2348 2885 2552 2940 nostras,
2575 2890 2628 2929 ut
2655 2878 2719 2930 sit
2740 2880 3001 2948 conformo
3023 2878 3228 2946 corpori
3254 2877 3438 2948 gloria:
3460 2891 3566 2930 sua:
3583 2917 3595 2938 ,
3622 2889 3779 2927 secun-

2205 2971 2328 3023 dum
2353 2969 2728 3040 Operationem.
2758 2986 2858 3039 qua
2893 2970 3045 3022 etiam
3091 2970 3249 3038 possit
3294 2970 3407 3037 ipse
3444 2968 3680 3036 subjicere
3700 2963 3780 3018 sibi

2207 3063 2379 3117 omnia
2407 3059 2667 3133 (Philipp.
2702 3061 2755 3114 5.
2781 3058 2897 3131 2t).
2928 3060 3132 3115 Deinde
3159 3061 3323 3114 etiam
3358 3075 3488 3114 usus
3514 3069 3595 3114 est
3618 3070 3778 3111 corre-

2208 3153 2385 3208 ctione
2410 3151 2594 3208 dicens
2623 3169 2635 3205 :
2662 3151 2788 3207 Cum
2813 3162 2981 3205 autem
3031 3153 3198 3217 dicat,
3232 3153 3409 3206 omnia
3438 3152 3654 3219 subjecta
3681 3154 3778 3201 sunt

2209 3247 2287 3313 ei,
2322 3246 2429 3301 sine
2452 3245 2605 3300 dubio
2633 3257 2817 3316 prieter
2844 3262 2957 3300 eum
2981 3247 3068 3315 qui
3111 3247 3324 3315 subjecit
3368 3247 3415 3301 ei
3447 3246 3611 3299 otnnia
3632 3260 3650 3307 ;
3675 3241 3779 3295 hinc

2210 3352 2424 3408 quoque
2449 3337 2517 3393 de
2546 3336 2818 3408 Unigeniti
2844 3338 3013 3408 gloria
3064 3353 3171 3391 non
3202 3353 3428 3407 parvum
3458 3335 3630 3391 ferens
3654 3333 3780 3387 tesu-

2214 3432 2566 3487 monium.Si
2593 3433 2736 3486 enim
2784 3431 2975 3486 fuisset
3018 3431 3236 3497 minor,
3264 3442 3322 3486 et.
3356 3432 3514 3500 longe
3558 3425 3776 3485 inferior,

2215 3542 2503 3596 numquam
2531 3541 2653 3581 eum
2702 3527 2959 3581 Subiisset
3004 3525 3093 3580 hic
3135 3536 3334 3580 metus.
3372 3525 3554 3594 Neque
3582 3521 3675 3574 hoc
3702 3516 3780 3570 fuit

2215 3628 2502 3675 contentus
2521 3660 2536 3685 ,
2567 3621 2664 3674 sed
2692 3619 2838 3674 aliud
2863 3620 3023 3683 etiam
3052 3620 3101 3673 ei
3122 3618 3302 3685 addit,
3343 3618 3552 3674 dicens.
3574 3614 3693 3669 Nam
3726 3626 3779 3663 ne

2214 3713 2478 3783 quispiam
2510 3713 2879 3782 suslticaretur
2906 3721 2961 3767 et
3000 3712 3207 3768 diceret
3234 3754 3249 3776 ,
3282 3712 3426 3780 Quid
3450 3720 3591 3773 tum,
3622 3707 3662 3760 si
3691 3716 3778 3757 non

2216 3808 2491 3876 subjectus
2520 3807 2591 3862 sit
2622 3806 2818 3861 Pater?
2841 3805 2942 3861 hoc
2971 3822 3076 3861 non
3108 3808 3288 3862 obstat
3310 3805 3598 3875 quominus
3617 3797 3780 3853 fortior

2216 3903 2285 3956 sit
2313 3901 2482 3956 Filius
2512 3918 2525 3955 :
2550 3900 2753 3955 veritus
2796 3901 3011 3971 impiam
3059 3901 3202 3954 hanc
3250 3900 3606 3971 suspicionem
3626 3933 3641 3959 ,
3665 3905 3778 3959 qu"-

2220 3995 2359 4048 niam
2391 4008 2490 4064 per
2519 3991 2649 4047 illud
2676 4006 2783 4045 non
2811 3992 2941 4046 satis
2983 4001 3193 4061 poterat
3226 3994 3326 4046 hoc
3372 3988 3674 4048 osmudcre,
3702 3976 3779 4031 atl-

2218 4087 2354 4143 didit
2381 4102 2448 4141 ex
2466 4085 2632 4139 multa
2655 4083 2980 4138 abundantia
3003 4100 3018 4134 ι
3038 4081 3164 4140 Cum
3191 4094 3361 4137 autem
3381 4081 3597 4149 subiecta
3619 4069 3778 4144 fuerim

2219 4181 2297 4235 illi
2324 4179 2494 4235 omnia
2512 4216 2526 4245 ,
2550 4188 2671 4232 tunc
2708 4188 2755 4231 et
2783 4178 2890 4248 ipse
2919 4176 3083 4231 Filius
3114 4178 3369 4249 subjectus
3388 4176 3481 4230 erit
3501 4171 3777 4233 it.‘i;osten-

2219 4274 2354 4329 deus
2383 4273 2498 4343 ejus
2528 4286 2771 4341 magnam
2816 4285 2936 4325 cum
2981 4270 3138 4323 Patre
3179 4267 3554 4329 concordiam,
3584 4269 3634 4316 et
3656 4249 3775 4324 quod

2222 4368 2265 4422 is
2294 4376 2379 4422 est
2424 4364 2744 4435 principium
2786 4363 3051 4417 bonorum
3078 4361 3316 4416 Ulnllitllll
3347 4368 3404 4413 et
3431 4369 3583 4412 causa
3608 4348 3771 4419 prima.

2221 4459 2309 4529 qui
2339 4472 2461 4511 eum
2490 4456 2692 4524 genuit,
2716 4457 2806 4525 qui
2832 4464 2938 4507 tam
2963 4454 3126 4508 multa
3160 4461 3341 4522 potest
3380 4460 3433 4506 et
3465 4454 3602 4503 recte
3636 4435 3770 4509 serii-

2293 4550 2347 4604 6.
2391 4549 2447 4603 Si
2479 4558 2657 4602 aulem
2692 4546 2840 4617 plura
2871 4545 3008 4599 dixit
3052 4561 3210 4614 quam
3255 4560 3347 4599 res
3375 4535 3693 4612 postulabat,
3717 4538 3773 4578 ne

2221 4645 2477 4702 mireris:
2513 4642 2823 4712 Magistrum
2869 4641 3017 4694 enim
3048 4655 3205 4694 suum
3255 4638 3471 4697 imitans
3511 4630 3608 4685 hoc
3649 4618 3769 4677 facit.

2225 4739 2342 4808 Ipse
2364 4735 2506 4791 enim
2534 4735 2721 4789 volens
2748 4733 3035 4788 ostendere
3066 4732 3207 4786 illius
3229 4725 3566 4785 concordiam
3591 4728 3697 4772 cum
3718 4720 3772 4762 θα

2221 4830 2311 4901 qui
2345 4830 2517 4898 ipsum
2546 4826 2763 4898 genuit,
2792 4823 3013 4892 etquod
3054 4838 3162 4878 non
3206 4835 3402 4893 praeter
3425 4818 3537 4888 ejus
3562 4809 3772 4865 voluntac

2224 4932 2331 4976 tem
2363 4918 2663 4984 advenerit,
2700 4924 2905 4972 tantum
2934 4914 3214 4971 descendit
3244 4924 3300 4969 et
3320 4928 3379 4969 se
3418 4902 3655 4964 demittit,
3682 4903 3769 4946 ιιοη

2223 5023 2481 5086 quantum
2505 5012 2752 5081 exigebat
2775 5008 3085 5066 concordia:
3106 5003 3510 5067 demonstratio,
3530 4991 3616 5050 sed
3637 4996 3771 5058 quan-

2225 5085 2334 5162 tum
2365 5121 2500 5177 opus
2531 5104 2765 5159 habebat
2796 5102 3145 5173 praesentium
3192 5096 3544 5154 imbecillitas.
3585 5085 3769 5177 Patren!

2222 5200 2365 5256 enim
2392 5172 2564 5269 rogat,
2596 5213 2702 5252 non
2733 5204 2956 5268 propter
2984 5194 3127 5249 aliud
3155 5209 3316 5265 quam
3345 5194 3555 5261 propter
3578 5178 3701 5269 hoc:
3724 5172 3767 5264 «εξ

2222 5306 2440 5349 Causam
2468 5289 2703 5345 afferens
2734 5289 2884 5355 dicit,
2918 5286 2986 5343 Ut
3015 5264 3224 5341 credant
3255 5283 3389 5358 quod
3439 5290 3491 5333 tu
3515 5288 3588 5327 me
3617 5264 3765 5359 misti“

2224 5385 2425 5456 (Joan.
2459 5385 2548 5439 ιι.
2576 5383 2714 5454 te).
2750 5350 2902 5437 nunc
2940 5397 3071 5451 ergo
3099 5350 3345 5445 imitans,
3370 5375 3453 5430 hic
3479 5374 3674 5440 quoque
3695 5350 3763 5451 di;

2222 5478 2402 5531 ctione
2431 5475 2600 5531 utitur
2626 5491 2692 5530 ex
2720 5473 3046 5529 abundantia
3071 5514 3086 5538 ,
3127 5488 3232 5527 non
3260 5482 3314 5526 ut
3359 5472 3585 5522 coactam
3619 5457 3763 5512 susp"

2223 5570 2365 5625 eeris
2390 5570 2729 5633 servitutem,
2758 5568 2932 5635 absit;
2962 5566 3055 5622 sed
3084 5577 3143 5622 ut
3181 5562 3409 5621 absurda
3447 5557 3528 5611 illa
3551 5545 3760 5641 ἀοξηξξηξ

2225 5665 2458 5720 validius
2481 5664 2737 5735 expellat.
2771 5662 2904 5717 Nam
2933 5661 3151 5732 quando
3181 5661 3291 5715 vult
3314 5648 3506 5724 ειιίειυῖά
3545 5637 3760 5738 "'4.in

2219 5757 2480 5823 evellere,
2513 5771 2706 5824 magna
2732 5755 2901 5810 utitur
2930 5728 3276 5809 abundantia.
3323 5750 3406 5805 Sic
3430 5741 3575 5797 etiam
3601 5728 3757 5824 dicens

2222 5852 2287 5908 de
2316 5854 2545 5908 muliere
2575 5820 2717 5905 fideli
2745 5857 2798 5905 et
2826 5847 2944 5905 viro
2972 5845 3209 5915 infideli,
3240 5834 3538 5902 habentibus
3562 5824 3683 5880 inter
3705 5820 3753 5864 ει
