3998 6422
145 338 243 395 559

145 458 202 528 δὴ
232 456 329 510 καὶ
363 455 602 510 ἐνταῦθα
632 455 869 523 λογίζου,
898 453 994 507 καὶ
1026 456 1166 523 μετά
1197 452 1296 523 τῆς
1323 452 1548 523 γνώμης
1575 450 1726 503 ἐκδέ-

146 565 235 617 χου
265 547 474 618 ταύτης
499 548 569 603 τὰ
593 547 881 620 εἰρημένα.

210 644 270 693 ε’.
292 640 453 693 Μετὰ
479 639 537 692 δὲ
566 638 766 693 τούτων
782 637 879 690 καί⁵
895 637 1091 709 ἐτέρας
1105 636 1281 700 αἰτίας
1300 634 1424 707 ἐροῦ
1433 652 1552 705 μεν.
1574 634 1724 698 Τέως

146 733 235 784 καὶ
262 733 444 784 ἐκεῖνο
462 732 759 797 ἀναγκαῖον
777 731 972 794 εἰπεῖν,
998 729 1080 782 ὅτι
1105 728 1201 781 καὶ
1224 729 1352 797 περί
1374 727 1725 790 ἀναστάσεως

142 824 168 876 6
193 823 352 891 λόγος
375 818 443 894 ἦν
468 821 544 890 τῷ
562 821 782 891 Παύλῳ,
806 820 1132 893 πράγματος
1156 820 1417 873 ἀδυνάτου
1441 816 1726 880 δοκοῦντος

144 910 284 969 εἶναι
309 916 405 969 καὶ
438 915 642 986 σφόδρα
659 915 1064 985 ἀπιστουμένου
1086 931 1099 944 ·
1122 913 1377 985 καὶπρὸς
1405 912 1726 984 Κορινθίους

142 1008 486 1074 ἐπέστελλεν,
522 1008 650 1062 ἔνθα
685 992 904 1071 πλείους
933 1008 982 1060 οἰ
1010 1007 1291 1077 φιλόσοφοι
1320 1009 1368 1059 οἰ
1403 1005 1473 1058 τὰ
1499 1003 1727 1059 τοιαῦτα

141 1099 536 1173 κωμῳδοῦντες
572 1100 681 1153 ἀεί.
715 1100 827 1153 Καὶ
859 1100 968 1169 γάρ
1006 1099 1064 1151 ἐν
1102 1101 1216 1163 τοῖς
1255 1098 1437 1161 ἄλλοις
1476 1096 1726 1168 ἀλληλοις

141 1192 609 1269 συρρηγνύμενοι,
650 1194 707 1246 ἐν
742 1191 917 1263 τούτῳ
952 1192 1176 1258 πάντες,
1216 1191 1313 1244 ἆτε
1361 1190 1419 1256 ἐξ
1451 1188 1570 1253 ἐνὸς
1611 1189 1728 1242 στό-

144 1304 340 1357 ματος,
365 1285 756 1351 συνέπνευσαν,
783 1284 1204 1356 δογματίζοντες
1234 1283 1306 1355 μὴ
1333 1278 1471 1336 εἶναι
1496 1283 1728 1337 ἀνάστα-

145 1394 252 1434 σιν.
296 1374 727 1445 Ἀγωνιζόμενος
755 1373 934 1427 τοίνυν
963 1373 1104 1445 ὑπὲρ
1130 1372 1387 1440 τοιαύτης
1419 1371 1729 1433 ὑποθέσεως

140 1467 321 1531 οὑτως
346 1465 751 1536 ἀπιστουμένης
777 1465 873 1518 καὶ
899 1464 1361 1534 καταγελωμένης
1392 1464 1487 1516 καὶ
1514 1462 1604 1516 διὰ
1629 1463 1729 1533 τὴν

143 1558 421 1631 πρόληψιν
449 1557 548 1628 τὴν
578 1557 952 1629 γεγενημένην
980 1558 1072 1609 καὶ
1101 1556 1188 1609 διὰ
1216 1556 1314 1626 τὴν
1342 1554 1437 1607 τοῦ
1469 1553 1731 1625 πράγμα-

140 1668 235 1715 τος
291 1649 614 1716 δυσκολίαν,
674 1649 770 1704 καὶ
825 1648 1149 1719 βουλόμενος
1203 1648 1616 1701 κατασκευάσαι
1671 1647 1730 1700 τὸ

140 1741 399 1809 δυνατὸν,
450 1740 669 1812 πρῶτον
703 1743 767 1794 ἐκ
799 1741 901 1812 τῆς
954 1740 1307 1801 ἀναστάσεως
1345 1737 1439 1792 τοῦ
1490 1739 1730 1810 Χριστοῦ

138 1837 305 1889 τοῦτο
339 1834 634 1907 ἐργάζεται
658 1851 672 1864 ·
716 1835 811 1886 καὶ
839 1831 1129 1898 ἀποδείξας
1158 1829 1329 1898 αὑτὴν
1358 1831 1455 1883 καὶ
1487 1831 1597 1884 ἀπὸ
1622 1830 1731 1884 τῶν

141 1926 453 2002 προφητῶν
480 1926 573 1981 καὶ
609 1924 717 1979 ἀπὸ
747 1923 857 1977 τῶν
887 1924 1212 1995 ἑωρακότων
1243 1925 1338 1977 καὶ
1367 1923 1474 1976 ἀπὸ
1504 1923 1612 1976 τῶν
1647 1941 1733 1976 πι-

145 2021 520 2083 στευσάντων,
567 2018 755 2089 ἐπειδὴ
801 2017 996 2070 ἐλαϐεν
1038 2016 1470 2088 ώμολογημένην
1517 2008 1614 2088 τὴι)
1654 2019 1733 2081 εἰς

140 2115 357 2169 ἄτοπον
413 2108 738 2178 ἀπαγωγὴν,
779 2106 874 2161 καὶ
910 2108 1008 2176 τὴν
1056 2106 1168 2159 τῶν
1208 2106 1513 2177 ἀνθρώπων
1561 2122 1734 2161 κατα-

142 2201 411 2266 σκευάζει
460 2199 645 2253 λοιπόν
670 2215 683 2228 ⁸
726 2200 795 2251 El
825 2197 937 2267 γὰρ
970 2198 1172 2265 νεκροὶ
1216 2201 1328 2252 οὑκ
1368 2199 1732 2268 ἐγείρονται,

140 2294 339 2365 φησὶν,
359 2291 501 2347 οὐδὲ
521 2291 776 2361 Χριστὸς
794 2291 1124 2360 ἐγήγερται.
1150 2292 1282 2344 Εἶτα
1306 2290 1546 2361 συνεχῶς
1563 2291 1737 2346 ταῦτα

141 2384 515 2456 ἀντιστρέψας
545 2386 603 2436 ἐν
638 2385 750 2447 τοῖς
785 2382 1129 2453 ἔμπροσθεν,
1172 2383 1372 2454 ἑτέρως
1412 2382 1576 2437 πάλιν
1614 2384 1735 2435 ἐπι-

142 2478 348 2546 χειρεῖ,
381 2474 636 2547 ἀπαρχὴν
671 2474 834 2527 αὑτὸν
885 2474 1065 2527 καλῶν
1089 2514 1102 2534 ,
1149 2474 1246 2528 καὶ
1278 2474 1495 2536 δεικνὺς
1530 2491 1737 2544 καταρ-

144 2567 365 2636 γοῦντα
406 2568 587 2620 πᾶσαν
619 2566 791 2639 ἀρχὴν
824 2566 920 2618 καὶ
955 2566 1208 2632 ἐξουσίαν
1246 2567 1338 2620 καὶ
1374 2567 1601 2638 δύναμιν
1645 2569 1740 2621 καὶ

146 2658 390 2713 θάνατον
421 2658 669 2728 ἔσχατον.
706 2658 828 2721 Πῶς
860 2654 952 2713 οὖν
984 2659 1383 2730 καταργηθείη,
1423 2665 1609 2729 φησιν,
1646 2660 1741 2713 ἐὰν

151 2752 232 2824 μὴ
271 2751 561 2823 πρότερον,
593 2752 737 2821 άπερ
777 2747 940 2822 εἶχεν,
982 2752 1233 2824 ἀποϐάλῃ
1275 2751 1536 2820 σώματα;
1590 2753 1742 2805 Ἐπεὶ

147 2840 249 2898 οὖν
283 2842 502 2913 μεγάλα
533 2843 661 2913 περὶ
692 2843 785 2896 τοῦ
817 2843 1158 2910 Μονογενοῦς
1187 2843 1507 2913 ἐφθέγξατο,
1534 2845 1614 2898 ὅτι
1643 2863 1742 2897 πα-

152 2931 417 3003 ραδίδωσι
448 2931 547 3000 τὴν
583 2930 859 3001 βασιλείαν
879 2974 895 2999 ,
922 2932 1198 2986 τουτέστιν
1219 2972 1232 2996 ,
1264 2934 1345 2986 ὃτι
1391 2933 1553 2996 αὑτὸς
1590 2934 1743 2987 ἀνύει

147 3024 356 3086 ταῦτα,
389 3024 483 3078 καὶ
518 3024 682 3083 αὑτὸς
709 3024 798 3077 τὸν
824 3024 1061 3095 πόλεμον
1092 3026 1236 3095 νικᾷ,
1271 3025 1366 3078 καὶ
1392 3025 1569 3078 πάντα
1592 3024 1744 3094 τίθη-

150 3131 245 3179 σιν
286 3114 395 3167 ὑπὸ
427 3114 554 3177 τοὺς
590 3113 759 3177 πόδας
788 3113 952 3167 αὑτοῦ
974 3153 990 3179 ,
1021 3114 1269 3185 ἐπήγαγε
1291 3154 1305 3178 ,
1342 3114 1437 3183 τὴν
1485 3116 1743 3169 ἀπιστίαν

148 3203 271 3256 τῶν
324 3200 537 3255 πολλῶν
584 3201 984 3272 διορθούμενοςο
1034 3201 1136 3255 Δεῖ
1173 3201 1283 3272 γάρ
1332 3200 1518 3253 αὑτὸν
1559 3202 1744 3265 βασι-

153 3294 393 3355 λεύειν,
428 3293 599 3362 ἄχρις
632 3288 703 3348 οὗ
734 3293 806 3347 ἂν
830 3291 906 3361 θῇ
928 3291 1157 3357 πάντας
1182 3293 1323 3358 τοὺς
1348 3290 1601 3361 ἐχθροὺς
1629 3293 1744 3346 ὑπὸ

152 3388 307 3453 τοὺς
336 3386 530 3450 πόδας
562 3380 771 3440 αὑτοῦ.
803 3386 876 3437 Οὑ
907 3384 1059 3447 τέλος
1098 3382 1361 3446 ἐπιτιθεὶς
1400 3387 1465 3455 τῇ
1502 3383 1748 3456 βασιλείᾳ

152 3460 245 3545 τὸ,
285 3481 508 3548 Ἀχρις,
541 3473 712 3540 εἶπεν,
742 3477 857 3532 ἀλλ’
888 3476 1198 3544 ἀξιόπιστον
1227 3477 1399 3529 ποιῶν
1428 3476 1488 3530 τὸ
1528 3478 1752 3548 εἰρημέ-

153 3591 254 3626 νον
284 3614 296 3635 ,
336 3573 431 3626 καὶ
472 3571 696 3644 θαρρεῖν
743 3569 1201 3641 παρασκευάζων.
1236 3571 1331 3642 Μὴ
1368 3570 1512 3642 γὰρ,
1561 3571 1750 3642 ἐπειδὴ

154 3666 431 3736 ἤκουσας,
467 3665 665 3735 φησὶν,
701 3663 781 3716 ὅτι
814 3663 1159 3733 καταργήσει
1202 3663 1382 3716 πᾶσαν
1432 3661 1606 3732 ἀρχὴν
1657 3664 1751 3715 καὶ

155 3757 420 3823 ἐξουσίαν
459 3758 552 3810 καὶ
585 3755 832 3822 δύναμιν,
868 3754 963 3808 καὶ
990 3754 1082 3807 τὸν
1111 3753 1359 3809 διάϐολον
1398 3756 1492 3808 καὶ
1519 3755 1617 3815 τὰς
1643 3753 1751 3806 τῶν

155 3849 442 3921 δαιμόνων
473 3850 757 3918 φάλαγγας
786 3848 885 3912 τὰς
913 3848 1201 3913 τοσαύτας,
1237 3848 1330 3901 καὶ
1363 3847 1471 3900 τῶν
1508 3846 1753 3901 ἀπίστων

156 3942 233 3995 τά
288 3940 472 4010 πλήθη
521 3939 616 3993 καὶ
655 3939 748 3993 τοῦ
797 3939 1027 3993 θανάτου
1066 3938 1165 4008 τὴν
1214 3937 1505 4009 τυραννίδα
1544 3938 1639 3990 καὶ
1685 3938 1755 3991 τά

160 4029 320 4086 κακὰ
358 4029 601 4096 ἅπαντα,
633 4030 896 4102 φοϐηθῇς,
938 4031 1013 4095 ὡς
1065 4030 1381 4093 άτονοῦντος
1412 4029 1574 4084 αὑτοῦ
1598 4047 1611 4061 ·
1650 4029 1756 4095 ἕως

161 4121 284 4193 γὰρ
307 4120 377 4176 ἂν
414 4121 619 4194 ποιήσῃ
643 4119 819 4174 ταῦτα
850 4121 1026 4175 πάντα
1044 4160 1058 4184 ,
1095 4120 1176 4174 δεῖ
1204 4120 1512 4191 βασιλεύειν
1556 4123 1717 4176 αὑτόν
1740 4140 1752 4153 ”

160 4219 227 4270 οὑ
274 4213 433 4268 τοῦτο
454 4216 663 4283 λέγων,
706 4215 786 4269 ὅτι
824 4214 963 4285 μετὰ
1008 4213 1070 4266 τὸ
1102 4215 1327 4284 ποιῆσαι
1364 4214 1422 4267 οὐ
1458 4213 1754 4284 βασιλεύει,

164 4306 291 4360 ἀλλ’
320 4307 501 4359 ἐκεῖνο
537 4303 988 4370 κατασκευάζων,
1024 4305 1106 4358 ὅτι
1138 4305 1242 4358 κᾶν
1278 4304 1352 4375 μὴ
1386 4304 1480 4358 νῦν
1512 4306 1756 4377 γένηται,

168 4396 399 4458 πάντως
418 4395 594 4449 ἔσται.
621 4396 696 4449 Οὑ
719 4396 829 4466 γὰρ
858 4395 1208 4449 διακόπτεται
1237 4395 1401 4449 αὑτοῦ
1426 4399 1457 4467 ἡ
1489 4397 1755 4467 βασιλεία·

168 4491 375 4560 κρατεῖ
423 4487 533 4559 γάρ
588 4487 684 4541 καὶ
724 4486 898 4558 ἰσχύει
934 4487 1031 4541 καὶ
1087 4485 1274 4558 μένει,
1320 4487 1426 4552 ἓως
1474 4488 1540 4542 ἂν
1583 4489 1763 4543 πάντα

171 4578 526 4653 κατορθώσῃ.
555 4579 728 4633 Τοῦτο
750 4579 890 4632 δὲτὸ
923 4578 1043 4643 ἔθος
1069 4583 1162 4633 καὶ
1193 4581 1249 4633 ἐν
1275 4582 1339 4650 τῇ
1370 4581 1585 4651 Παλαιᾷ
1611 4580 1762 4652 εὖροι

172 4688 259 4736 τις
284 4671 375 4738 ἂν,
402 4671 477 4734 ώς
496 4673 624 4726 ὅταν
648 4670 803 4745 λέγῃ,
843 4676 887 4727 Τ
883 4673 913 4725 ὸ
942 4671 1010 4725 δὲ
1036 4670 1202 4742 ῥῆμα
1234 4673 1456 4740 Κυρίου
1484 4676 1647 4741 μένει
1676 4677 1764 4741 εις

174 4765 288 4820 τὸν
304 4764 512 4819 αἰῶνα·
541 4766 654 4831 καὶ,
682 4763 831 4837 [570]
853 4764 937 4819 Σὺ
966 4762 1035 4818 δὲ
1070 4767 1102 4819 ό
1129 4763 1313 4831 αὐτὸς
1345 4760 1418 4828 εἷ,
1442 4766 1637 4821 καὶτὰ
1656 4767 1761 4835 ἔτη

174 4872 299 4910 σου
320 4856 436 4910 οὐκ
449 4854 828 4924 ἐκλείψουσι.
852 4854 1039 4909 Ταῦτα
1058 4855 1115 4909 δὲ
1133 4854 1280 4924 λέγει
1298 4857 1327 4908 ό
1350 4857 1641 4927 προφήτης
1671 4857 1767 4911 καὶ

174 4948 247 5002 τά
262 4946 517 5012 τοιαῦτα,
538 4947 759 5002 ἐπειδὰν
779 4947 907 5019 περὶ
929 4947 1273 5019 πραγμάτων
1290 4947 1550 5018 διηγῆται
1570 4948 1767 5020 μακρῷ

177 5039 366 5110 χρόνῳ
416 5038 869 5109 κατορθουμένων
921 5038 1015 5092 καὶ
1052 5039 1273 5102 πάντως
1321 5039 1615 5110 ἐσομένων,
1667 5041 1766 5111 τὴν

176 5129 391 5184 δειλίαν
410 5129 519 5182 τῶν
542 5130 869 5203 παχυτέρων
906 5129 1192 5198 ἀκροατῶν
1217 5129 1519 5184 ἐκϐάλλων.
1554 5131 1682 5184 Ὅτι
1711 5132 1769 5185 δὲ

179 5220 267 5287 τὸ,
297 5222 517 5292 Ἀχρις,
547 5222 640 5274 ἐπὶ
673 5220 810 5275 Θεοῦ
843 5220 1154 5292 λεγόμενον,
1185 5221 1278 5275 καί⁵
1317 5223 1485 5287 Ἕως,
1516 5223 1615 5275 οὑκ
1651 5223 1769 5276 ἐστι

182 5311 400 5375 τέλους,
425 5312 657 5366 ἄκουσον
683 5311 735 5365 τί
760 5329 943 5385 φησιν·
989 5312 1130 5367 Ἀπὸ
1157 5312 1261 5366 τοῦ
1286 5311 1502 5379 αἰῶνος
1527 5313 1628 5365 καὶ
1659 5314 1771 5380 ἕως

186 5402 300 5459 τοῦ
324 5402 542 5471 αίῶνος
574 5404 657 5458 σὺ
680 5404 749 5458 ετ·
779 5408 875 5458 καὶ
905 5405 1087 5469 πάλιν,
1125 5404 1272 5474 Ἐγώ
1300 5409 1439 5473 ειμι·
1468 5405 1586 5467 καὶ,
1616 5405 1772 5472 ’Ἕως

189 5496 272 5549 ἂν
298 5495 763 5572 κατατηράσετε,
788 5494 905 5565 ἐγώ
926 5498 1060 5565 είμι.
1089 5496 1189 5549 Διά
1217 5497 1281 5568 δὴ
1306 5497 1465 5550 τοῦτο
1487 5496 1583 5549 καὶ
1609 5495 1772 5567 ἔσχα-

192 5604 287 5641 τον
322 5585 544 5657 τίθησιν
579 5587 671 5640 τὸν
718 5586 983 5653 θάνατον,
1025 5587 1110 5641 ίνα
1150 5589 1259 5642 ἀπὸ
1295 5589 1396 5658 τῆς
1436 5588 1548 5640 τῶν
1598 5589 1772 5642 ἄλλων

194 5678 354 5747 νίκης
375 5678 470 5731 καί⁵
488 5677 647 5732 τοῦτο
666 5679 1075 5749 εὑπαράδεκτυν
1091 5679 1317 5750 γένηται
1337 5680 1417 5752 τῷ
1435 5680 1774 5739 ἀπιστοῦντι.

1100 336 1168 391 IN
1214 334 1432 390 EPIST.
1471 335 1489 391 l
1540 320 1632 389 A'D
1668 334 1829 390 con.
1863 334 2101 391 HOMIL.
2135 337 2379 394 χχχιχ.

3299 342 3409 399 540

1826 450 2077 515 θάνατον,
2100 453 2284 524 πολλῷ
2309 455 2509 524 μᾶλλον
2526 461 2586 509 το
2604 457 2765 527 ἔργον
2781 459 2842 511 τὸ
2856 458 3067 512 ἐκείνου
3093 457 3408 512 καταλύσει.

1840 538 1995 591 Ἐπεὶ
2021 536 2114 593 οὖν
2135 542 2316 595 πάντα
2346 542 2495 613 αὑτῷ
2522 544 2864 612 ἀνατέθεικε,
2898 546 2961 598 τὸ
2989 548 3287 616 καταργεῖν
3310 553 3407 608 τάς

1827 628 2024 698 ἀρχὰς,
2060 630 2160 694 τὰς
2189 631 2459 696 ἐξουσίας,
2494 635 2555 686 τὸ
2593 634 2938 706 κατορθῶσαι
2971 636 3067 708 τὴν
3110 635 3406 707 βασιλείαν,

1827 719 1974 789 λέγω
2000 722 2064 793 δὴ
2093 723 2200 775 τῶν
2236 724 2444 776 πιστῶν
2488 724 2586 795 τὴν
2627 727 2902 796 σωτηρίαν
2927 769 2942 793 ,
2974 729 3071 795 τὴν
3097 728 3197 798 τῆς
3225 728 3409 780 οἰκουο

1831 812 1999 882 μένης
2028 815 2253 885 εἰρήνην
2272 856 2285 879 ,
2309 815 2408 888 τὴν
2436 817 2544 868 τῶν
2572 817 2757 871 κακῶν
2788 819 3065 890 ἀναίρεσιν
3094 819 3271 889 (τοῦτο
3303 820 3411 889 γάρ

1826 904 2071 975 ἐστιτήν
2123 904 2399 975 βασιλείαν
2439 908 2820 978 κατορθῶσαι,
2869 910 2930 963 τὸ
2978 910 3280 963 καταλῦσαι
3319 912 3412 963 τὸν

1828 995 2100 1069 θάνατον)·
2130 1001 2225 1053 καὶ
2255 1001 2355 1052 οὑκ
2386 996 2563 1063 εἶπεν,
2598 1001 2680 1055 ὅτι
2706 1003 2733 1053 ὁ
2762 1003 2950 1073 Πατὴρ
2978 1002 3044 1055 δι’
3073 1003 3261 1069 αὑτοῦ,
3293 1003 3409 1055 ἀλλ’

1829 1092 1992 1156 αὐτὸς
2036 1094 2400 1165 καταργήσει,
2442 1094 2536 1147 καὶ
2569 1094 2730 1159 αὑτὸς
2761 1094 2913 1166 θήσει
2946 1096 3051 1148 ὑπὸ
3079 1098 3205 1159 τοὺς
3244 1096 3408 1161 πόδας

1829 1184 2018 1247 αὑτοῦ,
2047 1186 2140 1239 καὶ
2164 1186 2402 1256 οὐδαμοῦ
2430 1185 2524 1238 τοῦ
2559 1188 2953 1257 γεγεννηκότος
2982 1189 3407 1260 ἐμνημόνευσεν·

1830 1277 2073 1348 ἐφοϐήθη
2113 1278 2320 1343 λοιπὸν,
2370 1280 2444 1348 μὴ
2475 1278 2563 1331 διὰ
2593 1279 2754 1332 τοῦτο
2791 1279 2918 1352 δόξῃ
2964 1280 3119 1349 παρά
3161 1296 3271 1332 τισι
3302 1279 3411 1333 τῶν

1829 1369 2249 1441 ἀλογωτέρωνῆ
2285 1370 2487 1441 μείζων
2521 1367 2660 1426 εἶναι
2704 1371 2799 1425 τοῦ
2848 1373 3061 1443 Πατρός
3102 1374 3130 1426 6
3173 1373 3321 1435 Υἱὸς,
3374 1373 3408 1443 ἦ

1832 1460 1996 1530 ἑτέρα
2043 1478 2128 1524 τις
2174 1462 2317 1533 ἀρχὴ
2375 1464 2688 1533 ἀγέννητος·
2742 1466 2832 1516 καὶ
2881 1463 2969 1517 διά
3015 1462 3174 1516 τοῦτο
3229 1465 3415 1535 ἠρέμα

1831 1552 2261 1623 ἀσφαλιζόμενος
2291 1554 2696 1626 παραμυθεῖται
2738 1556 2830 1609 τὸν
2856 1555 3021 1623 ὄγκον
3050 1556 3158 1608 τῶν
3185 1555 3413 1626 εἰρημέο

1832 1658 1959 1707 νων,
1989 1641 2183 1710 λέγων·
2208 1643 2412 1696 Πάντα
2443 1645 2552 1714 γὰρ
2580 1643 2881 1708 ὑπέταξεν
2904 1644 3027 1701 ὑπὸ
3053 1644 3194 1710 τοὺς
3225 1645 3416 1709 πόδας

1833 1733 2041 1788 αὐτοῦ·
2073 1734 2235 1787 πάλιν
2264 1734 2341 1804 τῷ
2383 1737 2558 1807 Πατρὶ
2586 1736 2655 1789 τά
2685 1736 3090 1808 κατορθώματα
3120 1735 3414 1799 ἀνατιθεὶς,

1832 1823 1931 1894 οὑχ
1956 1823 2032 1886 ὡς
2059 1823 2375 1888 ἀτονοῦντος
2404 1825 2497 1878 τοῦ
2526 1826 2724 1889 Παιδὸς
2761 1826 2779 1897 (
2808 1828 2923 1890 πῶς
2956 1829 3083 1898 γάρ,
3113 1819 3157 1894 ᾧ
3180 1826 3419 1880 τοσαῦτα

1834 1915 2221 1988 ἐμαρτύρησεν
2252 1917 2584 1988 ἔμπροσθεν,
2627 1920 2722 1973 καὶ
2764 1920 2942 1974 πάντα
2977 1919 3209 1992 ἀνέθηκε
3234 1921 3304 1972 τὰ
3339 1921 3419 1972 εἰ-

1837 2011 2086 2081 ρημένα;
2112 2010 2152 2081 ),
2194 2010 2327 2064 ἀλλά
2363 2011 2451 2064 διὰ
2506 2012 2604 2082 τὴν
2656 2012 2837 2065 αἰτίαν
2866 2015 2933 2083 ἢν
2972 2008 3164 2078 εἷπον,
3207 2013 3300 2065 καὶ
3334 2012 3420 2064 ἵνα

1834 2100 1982 2172 δείξῃ
2010 2101 2165 2154 κοινά
2193 2100 2368 2172 Πατρὶ
2405 2102 2498 2155 καὶ
2540 2101 2654 2172 Υἰῷ
2686 2102 2755 2156 τά
2786 2103 2921 2174 ὑπὲρ
2964 2102 3122 2174 ἡμῶν
3151 2104 3421 2172 γενόμενα

1838 2191 2076 2245 ἅπαντα.
2115 2194 2238 2246 Ὅτι
2276 2192 2386 2265 γάρ
2425 2193 2587 2255 αὑτὸς
2613 2194 2792 2264 ἑαυτῷ
2824 2195 3057 2267 ἤρκεσεν
3094 2197 3174 2258 εἰς
3202 2194 3262 2246 τὸ
3292 2194 3423 2247 ὑπο-

1836 2284 1994 2348 τάξαι
2017 2284 2167 2355 αὑτῷ
2201 2286 2267 2339 τά
2303 2285 2500 2348 πάντα,
2531 2286 2763 2339 ἄκουσον
2794 2286 2955 2340 πάλιν
2989 2285 3201 2339 Παύλου
3236 2285 3423 2353 λέγον-

1838 2392 1949 2439 τός’
1996 2377 2100 2438 Ὃς
2139 2379 2656 2447 μετασχηματίσει
2695 2379 2758 2432 τὸ
2791 2378 2961 2449 σῶμα
2995 2379 3103 2447 τῆς
3142 2378 3424 2431 ταπεινώ-

1840 2484 1994 2534 σεως
2019 2466 2189 2537 ἡμῶν
2214 2471 2303 2534 εἰς
2325 2469 2390 2522 τὸ
2420 2473 2697 2539 γενέσθαι
2720 2472 3078 2540 σύμμορφον
3097 2470 3177 2536 τῷ
3197 2470 3424 2538 σώματι

1840 2561 1952 2629 τῆς
1987 2561 2173 2628 δόξης
2204 2560 2412 2624 αὑτοῦ,
2442 2565 2591 2615 κατὰ
2619 2562 2734 2630 τὴν
2758 2563 3064 2631 ἐνέργειαν
3096 2562 3201 2615 τοῦ
3239 2561 3421 2614 δύνα-

1841 2655 1981 2705 σθαι
2021 2653 2207 2705 αὑτὸν
2246 2651 2345 2704 καί
2372 2650 2667 2715 ὑποτάξαι
2696 2651 2886 2715 ἑαυτῷ
2919 2652 2991 2705 τὰ
3029 2651 3245 2704 πάντα.
3288 2645 3424 2704 Εἶτα

1843 2745 1938 2798 καὶ
1975 2741 2353 2814 ἐπιδιορθώσει
2394 2742 2660 2813 κέχρηται
2690 2743 2864 2812 λέγων
2884 2760 2896 2772 ·
2948 2743 3138 2796 ’Ὅταν
3164 2742 3232 2794 δὲ
3260 2742 3423 2814 εἴπῃ,

1844 2835 1933 2889 ὅτι
1977 2836 2053 2889 Τὰ
2090 2834 2288 2887 πάντα
2314 2834 2730 2899 ὑποτέτακται,
2777 2834 2971 2903 δῆλον
3006 2834 3093 2887 ὅτι
3121 2832 3294 2900 ἐκτὸς
3319 2833 3425 2886 τοῦ

1844 2926 2264 2991 ὑποτάξαντος
2300 2925 2460 2991 αὑτῷ
2491 2928 2565 2980 τὰ
2600 2926 2795 2981 πάντα
2817 2969 2829 2990 ,
2863 2928 2921 2980 οὑ
2954 2927 3158 2998 μικρὰν
3203 2925 3427 2981 κάντεῦ⁴

1846 3017 1936 3069 θεν
1964 3017 2042 3087 τῷ
2070 3018 2368 3085 Μονογενεί
2411 3017 2705 3089 μαρτυρῶν
2735 3018 2912 3085 δόξαν.
2943 3019 3007 3072 Εἰ
3050 3019 3159 3090 γάρ
3191 3018 3427 3072 ἐλάττων

1844 3103 1914 3179 ἦν
1944 3110 2038 3162 καὶ
2071 3109 2206 3162 πολὺ
2252 3109 2673 3181 καταδεέστερος
2698 3151 2714 3174 ,
2746 3111 2844 3163 οὑκ
2885 3109 2950 3163 ἂν
2984 3110 3142 3163 τοῦτο
3186 3109 3427 3180 ἐφοϐήθη

1845 3200 1907 3253 τὸ
1947 3201 2064 3264 δέος
2095 3200 2247 3253 ποτέ.
2289 3201 2398 3253 Καὶ
2446 3198 2566 3253 οὑδὲ
2619 3199 2793 3269 τούτῳ
2831 3201 3114 3270 ἀρκεῖται,
3163 3198 3298 3253 ἀλλὰ
3337 3198 3430 3251 καὶ

1848 3293 2035 3365 ἓτερον
2066 3291 2386 3363 προστίθησι
2416 3290 2611 3359 λέγων.
2649 3291 2766 3344 Ἵνα
2796 3292 2903 3362 γάρ
2936 3293 3008 3363 μή
3039 3308 3124 3354 τις
3151 3289 3432 3364 ὑποπτεύῃ

1851 3386 1947 3441 καὶ
1972 3385 2129 3456 λὲγτγ
2155 3384 2220 3435 Τί
2258 3382 2388 3453 γὰρ,
2421 3383 2469 3435 εί
2509 3384 2604 3435 καὶ
2638 3382 2712 3453 μὴ
2757 3383 3123 3437 ὑποτέτακται
3148 3386 3175 3437 ό
3202 3385 3427 3455 Πατήρ;

1851 3477 2003 3531 οὐδὲν
2027 3476 2185 3529 τοῦτο
2208 3474 2408 3528 κωλύει
2440 3474 2785 3545 ἰσχυρότερον
2807 3470 2946 3527 εἶναι
2967 3475 3056 3526 τὸν
3085 3474 3230 3538 Υίὸν,
3252 3474 3443 3541 δείσας,

1852 3570 1950 3637 τὴν
1977 3568 2149 3637 ἀσεϐῆ
2178 3567 2380 3637 ταύτην
2409 3567 2688 3628 ὑπόνοιαν,
2716 3566 2903 3637 ἐπειδὴ
2935 3567 3110 3619 ἐκεῖνο
3141 3568 3241 3619 οὑκ
3272 3566 3432 3637 ἢρκει

1853 3662 1949 3714 καλ⁴
1980 3658 2137 3712 τοῦτο
2166 3658 2336 3723 δεῖξαι
2360 3701 2375 3722 ,
2406 3658 2745 3728 προσέθηκεν
2770 3659 2833 3710 ὲκ
2863 3658 3180 3728 περιουσίας
3209 3657 3429 3726 πολλῆς·

1857 3754 2043 3807 Ὅταν
2071 3752 2139 3805 δὲ
2162 3749 2434 3819 ὑποταγῇ
2457 3749 2617 3815 αὑτῷ
2642 3749 2711 3804 τὰ
2737 3751 2953 3815 πάντα,
2981 3753 3112 3804 τότε
3133 3751 3232 3804 καὶ
3254 3750 3436 3814 αὑτός

1856 3848 1888 3900 ό
1921 3844 2054 3909 Υἱὸς
2080 3843 2546 3911 ὑποταγήσεται·
2576 3843 2675 3913 τὴν
2700 3842 2899 3913 πολλὴν
2931 3841 3066 3911 πρὸς
3098 3842 3189 3894 τὸν
3215 3841 3435 3911 Πατέρα

1855 3935 2108 4006 ὁμόνοιαν
2148 3935 2397 3998 δεικνὺς,
2442 3934 2535 3987 καὶ
2581 3935 2663 3986 ὅτι
2701 3928 2853 3997 οὗτος
2884 3934 3027 4004 ἁρχὴ
3071 3934 3288 3988 πάντων
3329 3932 3436 3984 τῶν

1857 4029 2082 4098 ἀγαθῶν
2118 4029 2212 4081 καὶ
2253 4029 2401 4081 αἰτία
2432 4031 2623 4101 πρώτη
2651 4069 2664 4094 ,
2692 4030 2719 4081 ό
2749 4027 2837 4081 τὸν
2876 4025 3112 4080 τοσαῦτα
3142 4024 3436 4095 δυνάμενον

1859 4123 1954 4177 καὶ
1993 4120 2362 4191 κατορθοῦντα
2401 4121 2766 4191 γεγεννηκώς.

1933 4212 2082 4286 [571]
2105 4213 2254 4277 ς’.Εἰ
2274 4212 2328 4265 δὲ
2362 4213 2520 4265 πλέον
2545 4213 2763 4282 εἴρηκεν
2781 4210 2813 4283 ἣ
2832 4209 3027 4281 ἀπῄτει
3065 4205 3158 4260 τοῦ
3184 4207 3441 4277 πράγμα-

1849 4304 1952 4371 ’τος
1980 4310 2013 4377 ἠ
2060 4307 2318 4369 ὑπόθεσις
2344 4349 2355 4373 ,
2389 4305 2464 4377 μὴ
2505 4305 2818 4376 θαυμάσῃς·
2846 4304 2939 4356 τὸν
2976 4302 3085 4371 γὰρ
3114 4300 3443 4354 Διδάσκαλον

1863 4401 1952 4454 τὸν
1988 4400 2184 4453 ἑαυτοῦ
2226 4399 2558 4469 μιμούμενος
2583 4437 2595 4461 ,
2624 4397 2795 4451 ταῦτα
2835 4398 2994 4449 ποιεῖ.
3037 4396 3144 4447 Καὶ
3173 4393 3281 4464 γάρ
3311 4393 3442 4459 ὁμό-

1863 4510 2016 4549 νοιαν
2046 4492 2206 4554 αὑτὸς
2229 4490 2401 4557 δεῖξαι
2430 4490 2754 4559 βουλόμενος
2781 4488 2919 4559 πρὸς
2943 4486 3030 4538 τὸν
3054 4483 3442 4552 γεγεννηκότα,

1865 4582 1961 4635 καὶ
1991 4582 2074 4634 ὅτι
2113 4581 2172 4633 οὑ
2215 4580 2365 4650 παρὰ
2415 4578 2641 4649 γνώμην
2693 4576 2858 4629 αὑτοῦ
2894 4576 3117 4643 ἀφῖκται
3143 4611 3156 4635 ,
3189 4571 3444 4624 τοσοῦτον

1866 4672 2207 4736 καταϐαίνει,
2228 4672 2325 4741 οὐχ
2342 4673 2465 4724 ὅσον
2486 4670 2683 4741 ἀπῄτει
2705 4669 2803 4737 τῆς
2823 4667 3124 4737 ὀμονοίαςὴ
3148 4663 3442 4729 ἀπόδειξις,

1865 4765 1980 4819 ἀλλ’
1997 4766 2121 4817 ὅσον
2134 4764 2303 4815 ἐδεῖτο
2317 4761 2426 4814 τῶν
2445 4761 2730 4831 παρόντων
2745 4762 2778 4830 ἡ
2799 4758 3071 4813 ἀσθένεια.
3093 4755 3327 4826 Εὑχεται
3338 4755 3446 4822 γάρ

1867 4856 1945 4925 τῷ
1980 4853 2333 4923 γεγεννηκότι
2365 4852 2433 4905 δι’
2465 4852 2617 4905 οὑδὲν
2646 4850 2795 4915 ἄλλο,
2826 4850 2858 4921 ἢ
2894 4849 2980 4903 διὰ
3014 4847 3191 4911 τοῦτο,
3222 4847 3315 4901 καὶ
3346 4844 3447 4915 τὴν

1868 4949 2047 5003 αἰτίαν
2088 4945 2257 5009 τιθείς
2307 4961 2507 5014 φησιν,
2548 4943 2682 4997 Ἵνα
2715 4942 3084 4995 πιστεύωσιν
3115 4939 3204 4993 ὅτι
3252 4938 3334 4992 σύ
3369 4954 3449 5008 με

1868 5038 2252 5101 ἀπέστειλας.
2293 5034 2493 5089 Τοῦτον
2545 5028 2638 5086 οῦν
2692 5031 3028 5102 μιμούμενος
3078 5029 3174 5082 καὶ
3216 5027 3450 5081 ἐνταῦθα

1871 5133 1934 5187 ἐκ
1974 5129 2290 5201 περιουσίας
2331 5130 2399 5199 τῇ
2438 5126 2582 5191 λέξει
2620 5125 2917 5196 κέχρηται,
2947 5123 3043 5193 οὑχ
3086 5122 3173 5175 ἵνα
3204 5120 3450 5174 δουλείαν

1872 5219 2402 5292 κατηναγκασμένην
2440 5216 2810 5287 ὑποπτεύσῃς,
2850 5214 3051 5281 ἄπαγε,
3096 5212 3213 5267 ἀλλ’
3258 5211 3346 5265 ἵνα
3385 5211 3453 5264 τὰ

1873 5315 2052 5369 ἄτοπα
2093 5309 2555 5380 ἐκεῖναδόγματα
2601 5310 2665 5361 ἐκ
2702 5305 3017 5376 περιουσίας
3064 5302 3292 5374 ἐκϐάλῃ.
3342 5303 3454 5355 Rau.

1873 5406 1984 5476 γὰρ
2021 5405 2149 5459 ὅταν
2187 5401 2443 5473 βούληταί
2486 5417 2542 5454 τι
2570 5397 2866 5472 πρόρριζον
2912 5395 3250 5462 ἀνασπάσαι,
3285 5393 3454 5464 πολλῇ

1874 5497 2144 5567 κέχρηται
2166 5495 2232 5565 τῇ
2261 5491 2568 5562 περιουσίᾳ.
2594 5487 2750 5542 Οὑτω
2772 5486 2903 5555 γοῦν
2931 5485 3025 5539 καὶ
3048 5485 3180 5556 περὶ
3199 5482 3455 5552 γυναικὸς

1878 5586 2078 5656 πιστῆς
2105 5585 2281 5654 λέγων
2308 5583 2404 5637 καὶ
2447 5580 2639 5653 ἀνδρδς
2670 5580 2902 5634 ἀπίστου
2933 5577 3263 5648 ὁμιλούντων
3291 5574 3455 5643 ἀλλή-

1879 5680 1993 5742 λοις
2017 5677 2167 5747 νόμῳ
2200 5675 2400 5746 γάμου,
2434 5674 2521 5727 ἴνα
2554 5672 2628 5744 μὴ
2656 5672 2852 5742 νομίσῃ
2887 5671 2919 5739 ἠ
2947 5668 3086 5738 γυνὴ
3135 5664 3457 5736 μολύνεσθαι

202 5766 375 5823 Ὅταν
413 5767 522 5840 γὰρ
555 5768 647 5822 τὸν
679 5768 922 5822 διάϐολον
953 5767 1117 5839 ἀνέλῃ
1151 5769 1242 5824 τὸν
1290 5771 1654 5841 εἰσαγαγόντα
1689 5773 1778 5828 τὸν
1880 5771 1989 5827 ἀπὸ
2025 5769 2125 5841 τῆς
2154 5767 2352 5840 μίξεως
2394 5766 2488 5820 καὶ
2525 5764 2635 5819 τῶν
2681 5761 3030 5835 περιπλοκῶν
3059 5762 3166 5813 τῶν
3204 5758 3330 5828 περὶ
3368 5755 3458 5809 τον
