3998 6434
613 340 711 396 ειι

610 456 858 516 ἄπιστον.
887 457 987 511 οὑκ
1017 452 1190 520 εἶπεν,
1216 458 1295 510 ὅτι
1317 458 1415 510 οὑκ
1441 458 1587 512 ἔστιν
1618 461 1927 531 ἀκάθαρτος
1963 460 1996 531 ἡ
2023 460 2182 531 γυνὴ,

609 546 741 609 οὐδ’,
772 548 856 601 ὅτι
901 549 1051 601 οὐδὲν
1091 547 1385 618 βλάπτεται
1423 550 1575 621 παρά
1612 550 1709 604 τοῦ
1756 550 2006 617 ἀπίστου,
2047 549 2184 618 ἀλλ’,

609 637 635 689 ὃ
668 638 847 709 πολλῷ
877 639 1033 692 πλέον
1060 635 1148 709 ἦν,
1176 641 1258 691 ὅτι
1284 641 1378 693 καὶ
1403 642 1433 694 6
1462 640 1688 706 ἄπιστος
1713 641 1974 713 ἡγίασται
1997 642 2067 696 δι’
2085 643 2182 695 αὑο

606 729 726 797 τῆς,
755 730 815 782 οὑ
845 729 1004 782 τοῦτο
1040 730 1208 795 δεῖξαι
1250 730 1592 801 βουλόμενος,
1623 734 1706 787 ὅτι
1741 736 1770 787 6
1801 733 2001 804 Ἕλλην
2031 734 2185 803 ἅγιος

607 817 823 884 ἐγένετο
854 816 913 881 ἐξ
941 819 1176 890 ἐκείνης,
1219 820 1353 874 ἀλλά
1396 824 1463 892 τῇ
1510 820 1782 894 ὑπερϐολῇ
1813 822 1905 876 τοῦ
1938 824 2184 895 ῥήματος

604 905 696 958 τὸν
723 906 886 976 φόϐον
911 908 1079 978 αὐτῆς
1106 908 1328 962 ἐκλῦσαι
1356 910 1624 965 σπεύδων.
1651 910 1807 964 Οῦτω
1827 912 1922 964 καὶ
1949 908 2182 963 ἐνταῦθα

602 1000 669 1069 τῇ
714 999 1001 1070 περιουσίᾳ
1038 1000 1139 1068 τῆς
1190 1000 1388 1065 λέξεως
1432 1001 1492 1055 τὸ
1526 1002 1721 1066 ἀσεϐὲς
1776 1004 1953 1055 έκεῖνο
2003 1002 2179 1071 δόγμα

601 1087 809 1141 ἀνελεῖν
830 1088 1198 1154 ἐσπουδακὼς,
1222 1087 1374 1144 εἶπεν
1401 1093 1537 1162 ὅπερ
1564 1092 1805 1164 εἴρηκεν.
1832 1093 2044 1163 Ὠσπερ
2069 1092 2179 1163 γὰρ

600 1179 803 1251 ἀσθενῆ
836 1182 928 1235 τὸν
977 1181 1105 1236 Υίὸν
1134 1182 1492 1249 ὑποπτεύειν,
1532 1187 1630 1255 τῆς
1671 1186 1907 1256 ἐσχάτης
1935 1200 2177 1255 παρανο-

602 1271 725 1341 μίας
748 1273 887 1326 ἐστί·
913 1272 1100 1345 διόπερ
1128 1274 1260 1327 αὑτὸ
1280 1275 1583 1346 διορθοῦται
1614 1276 1806 1344 λέγων,
1831 1277 1912 1330 ὅτι
1937 1274 2176 1338 Πάντας

598 1363 741 1429 τοὺς
767 1363 1019 1431 ἐχθροὺς
1046 1364 1233 1418 αὑτοῦ
1259 1364 1430 1431 θήσει
1455 1367 1570 1421 ὑπὸ
1593 1366 1731 1431 τοὺς
1751 1367 1942 1431 πόδας
1963 1363 2170 1418 αὑτοῦ·

596 1451 740 1506 οὕτω
770 1454 931 1508 πάλιν
956 1456 1313 1527 ἀσεϐέστερον
1338 1457 1528 1510 τούτου
1568 1458 1628 1510 τὸ
1654 1458 1911 1511 ἐλάττονα
1940 1455 2171 1527 νομίζειν

595 1544 686 1597 τὸν
719 1546 961 1617 Πατέρα.
994 1546 1087 1600 Διὸ
1120 1547 1213 1607 καὶ
1245 1548 1378 1603 αὑτὸ
1412 1548 1552 1619 μετά
1586 1548 1787 1619 πολλῆς
1818 1550 2034 1618 ἀναιρεῖ
2072 1548 2173 1617 τῆς

596 1637 923 1709 ὑπερϐολῆς.
961 1641 1070 1693 Καὶ
1101 1642 1204 1712 ὅρα
1240 1641 1359 1705 πῶς
1392 1641 1525 1714 αὑτὸ
1561 1641 1774 1711 τίθησιν
1800 1657 1814 1670 ⁸
1855 1641 1915 1693 οὑ
1951 1640 2058 1708 γὰρ
2092 1635 2171 1692 εἷ-

594 1748 716 1794 πεν,
755 1733 954 1800 Ἐκτὸς
971 1735 1078 1789 τοῦ
1103 1735 1540 1802 ὑποτάξαντος,
1564 1734 1772 1796 ἁπλῶς.
1790 1735 1947 1796 ἀλλά,
1972 1734 2174 1802 Δῆλον

591 1823 702 1878 ὅτι.
736 1825 797 1877 Εἰ
823 1825 931 1896 γάρ
955 1828 1048 1880 καί
1067 1828 1434 1899 ὡμολόγηται,
1464 1829 1650 1900 φησὶν,
1682 1828 1799 1881 ἀλλ’
1821 1829 1971 1898 ὅμως
1997 1830 2171 1896 ἀσφα-

591 1915 830 1987 λίζομαι.
863 1919 971 1972 Καὶ
996 1920 1083 1973 ἵνα
1115 1922 1312 1993 μάθῃς,
1352 1923 1433 1976 ὅτι
1465 1921 1603 1993 αῦτη
1634 1922 1783 1975 ἐστὶν
1814 1923 1846 1992 ἡ
1879 1920 2029 1974 αἰτία
2062 1921 2169 1974 τῶν

589 2008 927 2077 εἰρημένων,
967 2012 1143 2065 έκεῖνο
1177 2012 1242 2066 ἀν
1287 2030 1347 2065 σε
1386 2014 1644 2083 ἐροίμην·
1691 2009 1839 2084 τΑρει.
1882 2013 2166 2085 προσθήκη

589 2097 797 2163 γίνεται
822 2099 1102 2171 ὑποταγῆς
1131 2102 1249 2155 τότε
1279 2101 1355 2172 τῷ
1386 2102 1532 2173 mp;
1567 2102 1663 2156 καὶ
1695 2101 1812 2166 πῶς
1840 2102 1940 2156 οὑκ
1967 2102 2167 2157 ἄτοπον

586 2187 681 2240 καὶ
732 2188 867 2241 Θεοῦ
924 2190 1173 2257 ἀνάξιον;
1231 2194 1262 2257 ή
1315 2192 1424 2263 γὰρ
1481 2193 1714 2263 μεγίστη
1771 2192 2016 2264 ὑποταγὴ
2071 2192 2165 2245 καὶ

586 2278 800 2348 ὑπακοὴ
837 2277 998 2350 αὕτη,
1032 2282 1092 2334 τὸ
1118 2282 1208 2335 τὸν
1240 2282 1371 2335 Θεὸν
1414 2283 1542 2336 ὄντα
1583 2282 1770 2336 δούλου
1815 2283 2028 2355 μορφὴν
2065 2283 2163 2335 λα-

584 2373 718 2426 ϐεῖν.
758 2371 882 2437 Πῶς
927 2371 1021 2427 οὖν
1063 2375 1185 2428 τότε
1235 2376 1677 2445 ύποταγήσεται;
1736 2376 1900 2447 Ὁρᾷς
1936 2377 2019 2429 ὅτι
2065 2375 2165 2447 τὴν

579 2461 781 2515 ἄτοπον
823 2463 1057 2532 ὑποψίαν
1088 2465 1350 2534 ἀναιρῶν,
1385 2464 1543 2519 τοῦτο
1581 2465 1793 2519 τέθεικε
1818 2506 1832 2529 ,
1876 2465 1973 2518 καί¹
2004 2466 2164 2519 τοῦτο

576 2554 635 2606 δὲ
670 2555 808 2625 μετὰ
851 2556 949 2625 τῆς
996 2555 1383 2627 προσηκούσης
1423 2558 1713 2621 ὑπονοίαςζ
1759 2558 1845 2622 Ὠς
1884 2558 1993 2629 γὰρ
2046 2557 2162 2628 Υἱῷ

577 2646 848 2715 προσήκει
877 2647 969 2700 καὶ
989 2646 1127 2717 Θεῷ,
1150 2646 1324 2711 οὕτως
1346 2649 1632 2709 ὑπακούει,
1656 2651 1755 2703 οὑκ
1781 2650 2158 2720 ἀνθρωπίνως,

576 2734 691 2786 ἀλλ’
728 2736 1124 2807 ἐλευθεριάζων
1164 2740 1259 2793 καὶ
1298 2739 1547 2803 ἐξουσίαν
1583 2741 1765 2793 πᾶσαν
1796 2739 1954 2811 ἔχων.
2006 2739 2159 2793 Ἐπεὶ

574 2829 693 2894 πῶς
729 2831 1043 2900 σύνθρονος;
1074 2831 1192 2895 πῶς
1231 2833 1307 2896 ὠς
1338 2836 1366 2886 ό
1395 2834 1579 2904 Πατὴρ
1616 2833 1843 2904 ἐγείρει,
1888 2831 2032 2887 οὕτω
2062 2832 2158 2886 καὶ

574 2922 737 2983 αὑτὸς
759 2920 851 2985 οὑξ
880 2922 1051 2989 θέλεις
1097 2924 1213 2988 πῶς
1246 2924 1313 2977 τὰ
1342 2924 1437 2977 τοῦ
1476 2925 1710 2995 Πατρὸς,
1743 2924 1907 2980 αὑτοῦ
1955 2925 2154 2991 πάντα,

575 3012 670 3063 καὶ
706 3010 776 3064 τὰ
828 3012 1015 3076 αὑτοῦ,
1071 3014 1165 3067 τοῦ
1216 3015 1464 3085 Πατρός;
1508 3016 1695 3070 Ταῦτα
1743 3017 1852 3089 γάρ
1906 3017 2156 3083 ἐξουσίαν

574 3103 688 3173 ὸπη
698 3103 1043 3177 κριϐωμένην
1065 3105 1202 3177 πρὸς
1224 3105 1316 3159 τὸν
1337 3107 1707 3177 γεγεννηκότα
1734 3110 1867 3179 ἡμῖν
1885 3109 2155 3162 ἐνδείκνυ-

572 3213 685 3250 ται.
717 3197 782 3249 Τί
828 3198 885 3251 δέ
937 3199 1075 3259 ἐστι,
1128 3198 1316 3250 Ὅταν
1360 3196 1605 3266 παραδῷ
1643 3197 1759 3264 τὴν
1788 3184 2154 3263 βασιλείαη

572 3287 861 3351 Βασιλείας
892 3287 982 3341 τοῦ
1013 3286 1149 3340 Θεοῦ
1177 3286 1271 3341 δύο
1298 3284 1443 3342 οἶδεν
1472 3290 1505 3360 η
1532 3290 1748 3360 Γραφὴ,
1775 3289 1872 3361 τὴν
1902 3290 2003 3360 μὲν
2032 3294 2153 3345 κατ’

570 3381 869 3447 οἰκείωσιν,
906 3382 1003 3453 τὴν
1042 3381 1097 3435 δὲ
1129 3382 1270 3435 κατὰ
1303 3381 1685 3452 δημιουργίαν.
1720 3382 2008 3437 Βασιλεύει
2056 3383 2154 3455 μὲν

569 3472 680 3542 γὰρ
707 3472 983 3539 ἁπάντων,
1027 3472 1119 3524 καὶ
1169 3470 1436 3543 Ἑλλήνων
1470 3473 1564 3525 καὶ
1609 3472 1878 3527 Ἰουδαίων
1913 3474 2007 3527 καὶ
2037 3474 2154 3529 δαι-

574 3564 750 3632 μόνων
778 3564 872 3616 καὶ
913 3563 1023 3617 τῶν
1054 3564 1560 3635 ἀντιτεταγμένων,
1599 3563 1742 3618 κατὰ
1772 3565 1865 3618 τὸν
1909 3565 2008 3633 τῆς
2055 3565 2150 3637 δη-

570 3655 861 3726 μιουργίας
893 3656 1051 3725 λόγον
1069 3670 1082 3684 ⁶
1116 3654 1388 3725 βασιλεύει
1414 3656 1473 3710 δὲ
1498 3656 1609 3710 τῶν
1635 3656 1845 3710 πιστῶν
1876 3658 1969 3711 καὶ
1998 3658 2153 3712 ἑκόν-

566 3764 678 3800 των
720 3748 815 3801 καὶ
842 3748 1322 3818 ὑποτεταγμένων,
1356 3748 1498 3803 κατὰ
1524 3747 1616 3801 τὸν
1652 3749 1753 3819 τῆς
1797 3749 2147 3815 οἰκειώσεως.

568 3836 716 3910 Αὕτη
747 3840 778 3909 ἠ
814 3838 1059 3910 βασιλεία
1088 3840 1182 3893 καὶ
1215 3840 1387 3910 ἀρχὴν
1413 3839 1558 3910 ἔχειν
1585 3840 1834 3910 λέγεταισ
1871 3842 2002 3913 περὶ
2039 3843 2150 3914 γὰρ

567 3924 770 3996 ταύτης
803 3928 937 3996 φησί
985 3928 1082 3980 καὶ
1126 3929 1182 3980 ὲν
1226 3928 1306 3998 τῷ
1337 3929 1575 4000 δευτέρῳ
1623 3930 1858 4002 ψαλμῷο
1893 3933 2151 3998 Αίτησαι

567 4016 705 4084 παρ’
735 4017 900 4087 ἐμοῦ,
942 4020 1038 4072 καί
1073 4018 1244 4072 δώσω
1276 4035 1376 4073 σοι
1403 4020 1548 4087 ἔθνη
1582 4021 1697 4090 τὴν
1740 4026 2153 4093 κληρονομίαν

565 4123 685 4163 σου
707 4128 719 4140 ’
746 4110 875 4182 περὶ
904 4110 1108 4181 ταύτης
1141 4114 1235 4173 καὶ
1260 4110 1408 4186 [372]
1432 4114 1595 4179 αὑτὸς
1619 4115 1808 4188 εἴρηκε
1833 4120 1946 4180 τοῖς
1974 4118 2150 4190 μαθη-

568 4205 710 4266 ταῖς*
760 4203 970 4271 Ἐδόθη
1006 4220 1109 4274 μοι
1136 4204 1303 4260 πᾶσα
1337 4206 1592 4270 ἐξουσία
1623 4208 1744 4263 ὑπὸ
1777 4208 1885 4263 τοῦ
1918 4211 2148 4277 Πατρός

564 4311 702 4363 μου,
739 4295 816 4365 τῷ
844 4297 1200 4367 γεγεννηκότι
1231 4297 1449 4351 ἅπαντα
1480 4299 1773 4364 ἀνατιθεὶς,
1811 4302 1910 4372 οὑχ
1943 4301 2019 4366 ὡς
2052 4303 2149 4356 αὑ-

563 4384 655 4449 τὸς
682 4386 781 4439 οὑκ
804 4385 989 4456 ἀρκῶν
1013 4427 1027 4451 ,
1056 4387 1192 4442 ἀλλά
1222 4388 1437 4462 δεικνὺς
1460 4388 1541 4442 ὅτι
1572 4389 1699 4453 Υίός
1724 4393 1842 4444 ἐστι
1860 4431 1876 4455 ,
1905 4393 1999 4446 καὶ
2027 4392 2150 4464 οὐχὶ

489 4517 492 4520 .
563 4476 880 4545 ἀγέννητος.
911 4477 1130 4551 Ταύτην
1154 4474 1246 4534 οὖν
1275 4481 1631 4551 παραδίδωσι,
1656 4484 1925 4545 τουτέστι,
1958 4502 2148 4557 κατορ-

563 4562 669 4618 θοῖ.
710 4566 776 4618 Τί
810 4567 928 4617 ποτ’
957 4563 1050 4620 οῦν
1087 4569 1219 4638 περ).
1260 4568 1356 4621 τοῦ
1405 4570 1740 4640 Πνεύματος,
1776 4573 1959 4643 φησὶν,
1995 4573 2149 4629 οὐδὲν

563 4655 823 4727 εῖρηκεν;
854 4656 980 4708 Ὅτι
1005 4657 1064 4709 οὑ
1098 4658 1227 4727 περὶ
1263 4658 1453 4712 τούτου
1495 4661 1523 4712 ό
1546 4659 1702 4730 λόγος
1741 4662 1889 4734 αὑτῷ
1928 4659 1997 4735 ἦν
2027 4665 2142 4733 νῦν,

562 4745 685 4798 οὑδὲ
712 4745 846 4816 ἐμοῦ
887 4746 1066 4799 πάντα
1098 4751 1321 4818 συγχεῖ·
1347 4749 1469 4802 ἐπεὶ
1504 4751 1597 4803 καὶ
1622 4752 1751 4805 ὅταν
1773 4752 1929 4827 λέγῃ,
1978 4753 2083 4824 Εἷς
2113 4760 2147 4813 ό

566 4836 713 4903 Θεὸς
740 4840 772 4890 ὁ
802 4837 1025 4914 Πατὴρ,
1062 4838 1156 4891 καὶ
1184 4835 1272 4906 εἷς
1307 4840 1520 4908 Κύριος
1557 4841 1817 4910 Ἰησοῦς,
1843 4845 1904 4898 οὑ
1925 4845 2145 4912 πάντως

565 4929 787 4983 ἔλαττον
825 4931 987 4999 ἀφεὶς
1014 4925 1153 4985 εἶναι
1184 4932 1246 4985 τὸ
1277 4933 1524 5005 Πνεῦμα,
1554 4935 1643 4988 δι·ἀ
1671 4936 1829 4990 τοῦτο
1860 4941 2006 5011 σιγᾷ,
2028 4939 2143 4993 ἀλλ’

567 5022 752 5094 ἒπειὸὴ
784 5025 923 5086 τέως
945 5025 1004 5078 οὑ
1031 5025 1357 5095 κατήπειγε,
1389 5026 1545 5081 τοῦτο
1567 5024 1741 5082 εἶπεν.
1772 5024 1894 5083 Οἵδε
1918 5032 2027 5103 γὰρ
2049 5035 2145 5087 καὶ

565 5112 660 5167 τοῦ
698 5115 912 5185 Ιιατρὸς
944 5117 1253 5187 μεμνῆσθαι
1289 5119 1472 5190 μόνου,
1511 5121 1605 5175 καὶ
1634 5122 1696 5175 οὑ
1729 5122 1818 5176 διὰ
1862 5123 2020 5178 τοῦτο
2050 5127 2143 5180 τὸν

570 5204 692 5257 Υἰὸν
738 5205 1098 5277 ἐκϐαλοῦμεψ
1136 5205 1243 5263 οἶδε
1277 5211 1373 5265 καὶ
1411 5212 1507 5267 τοῦ
1553 5214 1684 5268 Υίοῦ
1719 5217 1934 5271 καὶτοῦ
1980 5220 2145 5274 Πνεύ-

570 5312 733 5367 ματος
766 5296 949 5365 μόνου,
986 5300 1080 5352 καὶ
1109 5302 1168 5353 οὑ
1192 5301 1280 5354 διά
1310 5301 1469 5357 τοῦτο
1499 5305 1591 5357 τὸν
1629 5306 1853 5378 Πατέρα
1879 5308 2138 5381 ἀθετήσο-

565 5405 684 5458 μεν.
710 5389 774 5442 Τί
798 5389 854 5442 δέ
876 5391 1045 5455 ἐστιν,
1070 5392 1203 5446 ἰνα
1292 5397 1325 5448 ό
1349 5394 1496 5461 Θεὸς
1521 5394 1593 5449 τὰ
1615 5397 1811 5451 πάντα
1833 5399 1902 5453 ἐν
1920 5402 2141 5470 πᾶσιν;

562 5479 680 5533 Ἰνα
716 5480 930 5534 ᾶπαντα
960 5484 1039 5545 εἰς
1067 5484 1230 5537 αὑτὸν
1259 5482 1689 5562 ἀνηρτημέναῇ,
1722 5489 1808 5542 ἵνα
1838 5493 1912 5563 μὴ
1939 5493 2030 5548 δύο
2058 5515 2141 5561 τις

560 5571 737 5642 ἀρχάς
766 5573 1033 5644 ἀνάρχους
1082 5576 1387 5648 ὑποπτεύῃ,
1443 5578 1576 5650 μηδὲ
1625 5580 1821 5651 ἑτέραν
1860 5583 2141 5653 βασιλείαν

561 5664 992 5735 ἁπεσχισμένην.
1037 5668 1206 5722 Ὅταν
1246 5668 1356 5740 γὰρ
1404 5670 1453 5720 οἱ
1507 5670 1603 5738 μὲν
1641 5671 1825 5744 ἐχθρολ
1873 5676 1977 5731 ὑπὸ
2014 5682 2140 5746 τοὺς

564 5755 728 5819 πόῗας
758 5749 858 5808 ὦσι
904 5759 1146 5829 κείμενοι
1195 5758 1287 5812 τοῦ
1332 5759 1559 5826 Παιδὸς,
1593 5763 1622 5816 6
1657 5762 1711 5817 δὲ
1759 5764 1897 5835 ἔχων
1943 5772 2135 5829 αὑτοὺς

1295 343 1352 397 S.
1389 341 1675 398 JOANNIS
1714 338 2198 399 CHRYSOSTOMI
2239 337 2565 395 ARCHIEP.
2609 332 3158 394 CONSTANTINOP.
3714 342 3794 397 ιιι

2300 459 2405 514 ὑπὸ
2428 459 2595 522 πόδας
2626 458 2990 530 ἐρριμμένους
3021 457 3095 526 μὴ
3118 452 3381 525 στασιάζῃ
3408 453 3533 525 πρὸς
3551 453 3633 507 τὸν
3644 473 3798 525 γεγεν.

2288 554 2512 624 νηκότα,
2543 552 2659 605 ἀλλ’
2683 553 2881 621 ὁμονοῇ
2914 549 3054 620 μετά
3085 546 3283 615 πολλῆς
3315 546 3412 615 τῆς
3436 547 3708 618 ἀκριϐείας,
3724 550 3798 602 αὑ-

2284 645 2374 708 τὸς
2402 645 2556 697 ἐσται
2579 643 2651 696 τὰ
2682 642 2861 696 πάντα
2887 643 2944 695 ὲν
2965 643 3123 695 πᾶσι.
3154 640 3307 703 Τινὲς
3333 639 3391 693 δὲ
3413 639 3506 710 τῆς
3532 641 3708 705 κακίας
3725 642 3800 713 τὴν

2283 734 2566 805 ἀναίρεσιν
2594 734 2860 804 δηλοῦντα
2890 732 3048 787 τοῦτο
3074 732 3236 786 αὑτὸν
3269 732 3537 803 εἰρηκέναι
3561 733 3720 801 φασὶν,
3743 732 3801 797 ὡς

2286 827 2505 882 πάντων
2538 827 2798 880 εἰκόντων
2848 823 3033 879 λοιπὸν
3067 823 3162 877 καὶ
3205 822 3414 886 οὐδενὸς
3462 822 3802 893 ἀνθισταμένου

2282 919 2400 974 οὑδὲ
2440 918 2898 990 πονηρευομένου.
2943 917 3115 969 Ὅταν
3144 914 3254 986 γάρ
3292 912 3529 985 ἁμαρτία
3563 913 3631 983 μὴ
3658 908 3707 984 ᾖ,
3731 911 3802 966 εὑ-

2280 1012 2437 1082 δηλον
2467 1012 2549 1065 ὅτι
2580 1013 2609 1064 6
2634 1011 2766 1073 Θεὸς
2800 1009 2953 1063 ἔσται
2981 1007 3053 1062 τὰ
3080 1010 3258 1061 πάντα
3284 1006 3344 1059 ὲν
3375 1007 3554 1058 πᾶσιν.
3592 1000 3650 1058 Εἰ
3674 1003 3721 1056 δὲ
3746 1003 3805 1074 μὴ

2281 1106 2598 1157 ἀνίστανται
2635 1100 2701 1155 τά
2737 1100 2964 1171 σώματα
2992 1141 3006 1165 ,
3043 1100 3161 1161 πῶς
3202 1098 3373 1151 ταῦτα
3421 1096 3614 1167 ἀληθῆς
3656 1096 3682 1148 6
3719 1095 3802 1164 γὰρ

2280 1194 2664 1265 χαλεπώτατος
2694 1193 2884 1265 ἐχθρὸς
2915 1192 3170 1246 ἁπάντων
3211 1191 3435 1253 θάνατος
3471 1190 3612 1260 μένει
3638 1187 3805 1250 ἀνῦσας

2278 1288 2415 1355 ὅπερ
2450 1284 2737 1355 ἠθέλησεν.
2767 1284 2920 1353 Οὐχὶ,
2947 1283 3129 1353 φησίν·
3159 1280 3281 1334 οὑδὲ
3304 1281 3413 1352 γὰρ
3444 1281 3802 1351 ἁμαρτήσονται

2275 1378 2482 1445 λοιπὸν,
2530 1378 2681 1449 φησί.
2734 1376 2844 1429 Καὶ
2888 1376 2943 1428 τί
3002 1374 3194 1439 τοῦτο;
3255 1374 3376 1427 οὐδὲ
3423 1372 3528 1443 γὰρ
3574 1371 3691 1443 περὶ
3728 1369 3803 1425 τοῦ

2275 1469 2509 1524 θανάτου
2537 1469 2634 1537 τῆς
2664 1467 2863 1538 ψυχῆς,
2888 1467 3022 1521 ἀλλὰ
3049 1467 3176 1537 περὶ
3207 1464 3301 1519 τοῦ
3329 1462 3632 1535 σωματικοῦ
3662 1461 3804 1515 διαλέο

2274 1576 2431 1629 γεται
2454 1557 2707 1612 ἐνταῦθα.
2741 1556 2865 1619 Πῶς
2884 1552 2977 1610 οὖν
3006 1558 3358 1627 καταργεῖται
3380 1571 3394 1619 ;
3415 1553 3538 1623 νίκη
3558 1552 3658 1624 γὰρ
3677 1550 3805 1604 τοῦτό

2274 1653 2411 1712 ἐστι,
2439 1649 2498 1702 τὸ
2528 1648 2598 1700 τά
2627 1647 2991 1717 ἀφαιρεθέντα
3028 1646 3122 1698 καὶ
3158 1646 3501 1715 κατεχόμενα
3538 1643 3722 1696 λαϐεῖν.
3754 1641 3806 1694 Εἰ

2270 1746 2326 1799 δὲ
2354 1744 2539 1815 μέλλει
2569 1744 2893 1814 κατέχεσθαι
2921 1745 2980 1797 ὲν
3003 1746 3068 1815 τῇ
3100 1746 3169 1814 γῇ
3194 1743 3263 1796 τά
3287 1741 3531 1813 σώματα,
3561 1741 3661 1811 ἄρα
3685 1739 3806 1811 μένει

2272 1835 2437 1888 αὑτοῦ
2475 1836 2507 1904 ἠ
2537 1835 2792 1906 τυραννὶς
2817 1874 2832 1898 ,
2857 1835 3064 1888 τούτων
3092 1834 3191 1903 μὲν
3215 1833 3619 1904 κατεχομένων,
3648 1833 3804 1901 ἑτέρου

2268 1925 2325 1978 δὲ
2342 1927 2447 2015 οὑῆ
2463 1925 2613 1988 ὄντος
2636 1924 2888 1996 σώματος
2918 1924 3047 1979 ἔνθα
3066 1925 3454 1996 ήττηθήσεται.
3480 1927 3574 1977 “Av
3590 1924 3643 1977 δὲ
3656 1922 3806 1987 τοῦτο,

2269 2018 2406 2089 ὅπερ
2434 2012 2589 2071 εἶπεν
2621 2018 2650 2070 6
2684 2017 2926 2082 Παῦλος,
2963 2017 3209 2089 γένηται,
3242 2016 3435 2088 ὥσπερ
3462 2012 3551 2070 οὖν
3572 2016 3658 2069 καὶ
3678 2015 3809 2085 γενή-
3886 2054 3891 2059 .

2272 2126 2442 2173 σεται,
2478 2110 2571 2163 καὶ
2599 2110 2828 2180 λαμπρά
2864 2114 2896 2182 η
2929 2110 3051 2181 νίκη
3091 2112 3342 2179 φανεῖται
3373 2110 3469 2163 τοῦ
3514 2108 3643 2162 Θεοῦ
3675 2107 3811 2178 δυνηυ

2269 2199 2454 2264 θέντος
2495 2202 2800 2272 ἀναστῆσαι
2844 2201 2906 2255 τό
2954 2202 3361 2272 κατασχεθέντα
3409 2202 3500 2255 ὑπ’
3537 2198 3690 2256 αὑτοῦ
3731 2196 3811 2251 σώο

2271 2310 2437 2363 ματα.
2486 2293 2640 2346 Ἐπεὶ
2669 2294 2765 2347 καὶ
2800 2292 3059 2364 πολέμιον
3092 2293 3213 2345 τότε
3251 2309 3337 2357 τις
3376 2294 3522 2363 νικᾷ,
3554 2292 3671 2345 ὅταν
3694 2289 3811 2359 λάϐῃ

2265 2386 2335 2439 τά
2381 2385 2552 2440 σκῦλα
2575 2424 2590 2448 ,
2630 2386 2729 2456 οὑχ
2777 2386 2905 2439 ὅταν
2939 2386 3050 2456 ἀφῇ
3093 2385 3225 2457 παρ’
3264 2384 3419 2455 αὑτῷ
3455 2385 3647 2455 μένειν·
3689 2384 3732 2436 εί
3765 2382 3811 2433 δὲ

2269 2478 2342 2548 μή
2368 2494 2452 2541 τις
2480 2475 2703 2547 τολμῴη
2722 2476 2790 2529 τά
2816 2475 2979 2529 αὑτοῦ
3007 2474 3208 2541 λαϐεῖν,
3244 2475 3364 2538 πῶς
3392 2475 3457 2529 ἂν
3489 2475 3714 2547 φαίημεν
3732 2472 3811 2527 a6-

2262 2562 2355 2615 τὸν
2379 2561 2678 2632 ἡττηθῆναι
2699 2578 2713 2625 ;

2337 2646 2401 2710 ζ’.
2419 2644 2620 2699 Τοῦτον
2643 2646 2736 2698 καί⁵
2752 2646 2780 2698 6
2795 2642 3029 2716 Χριστὸς
3044 2644 3142 2714 τῆς
3159 2643 3315 2713 νίκης
3333 2643 3426 2696 τὸν
3446 2642 3642 2713 τρόπον
3655 2640 3706 2692 ὲν
3719 2639 3810 2699 τοῖς

2262 2737 2620 2807 Εὐαγγελίοις
2651 2736 2998 2807 νενικηκέναι
3029 2736 3213 2807 φησὶν,
3249 2735 3398 2788 οὕτω
3437 2734 3627 2802 λέγων’
3664 2734 3813 2784 Ὅταν

2259 2829 2424 2898 δήσῃ
2467 2830 2574 2885 τὸν
2615 2828 2891 2899 ἰσχυρὸν,
2920 2828 3054 2882 τότε
3083 2828 3181 2881 καί
3211 2826 3284 2881 τὰ
3314 2828 3510 2893 σκεύη
3539 2822 3714 2879 αὐτοῦ
3745 2820 3811 2874 δι·

2257 2921 2538 2992 αρπάσει.
2573 2922 2724 2974 Ἐπεὶ
2748 2923 2796 2974 εἰ
2820 2920 2896 2991 μὴ
2918 2918 3077 2972 τοῦτο
3104 2919 3342 2988 γένοιτο,
3372 2918 3497 2972 οὑδὲ
3520 2917 3638 2988 νίκη
3661 2912 3813 2982 σαφὴς

2259 3016 2326 3069 ἂν
2347 3015 2455 3084 εἴη.
2490 3016 2700 3084 Ὠσπερ
2748 3013 2876 3084 γὰρ.
2906 3012 3000 3066 ἐπὶ
3049 3011 3142 3065 τοῦ
3177 3012 3415 3066 θανάτου
3466 3012 3566 3082 τῆς
3603 3004 3811 3078 ψυχῆςό

2257 3106 2548 3163 ἀποθανὼν
2579 3106 2921 3159 δεδικαίωται
2955 3104 3062 3157 ἀπὸ
3086 3105 3185 3173 τῆς
3218 3103 3520 3174 ἁμαρτίας.
3538 3102 3628 3154 καὶ
3649 3101 3740 3153 οὑκ
3761 3096 3814 3150 ἂν

2256 3203 2508 3271 εἴποιμεν
2540 3198 2699 3252 τοῦτο
2730 3198 2887 3268 νίκην
2916 3193 3077 3250 εἶναι·
3120 3197 3333 3260 ἐκεῖνος
3372 3195 3484 3267 γάρ
3513 3196 3655 3247 ἐστιν
3683 3193 3707 3244 6
3740 3204 3813 3240 νε-

2255 3291 2519 3363 νικηκὼς,
2544 3292 2643 3363 οὐχ
2677 3292 2706 3342 6
2753 3290 2828 3362 μὴ
2863 3288 3122 3361 προσθεὶς
3151 3291 3268 3352 τοῖς
3297 3291 3520 3352 κακοῖς,
3548 3284 3660 3339 ἀλλ’
3686 3285 3711 3337 ὁ
3734 3280 3817 3350 τὴν

2255 3384 2356 3455 ἤδη
2380 3382 2758 3453 γεγενημένην
2786 3381 2895 3433 τῶν
2925 3377 3117 3433 παθῶν
3149 3377 3537 3450 αἰχμαλωσίαν
3570 3372 3814 3432 διαλύσας·

2253 3473 2397 3527 οὕτω
2429 3473 2492 3544 δὴ
2519 3473 2612 3527 καὶ
2640 3469 2895 3533 ἐνταῦθα,
2923 3470 2985 3523 οὑ
3018 3470 3079 3522 τὸ
3112 3470 3304 3538 στῆναι
3339 3469 3434 3522 τὸν
3465 3467 3688 3522 θάνατον
3718 3465 3819 3515 ἐπι-

2253 3564 2553 3636 νεμόμενον
2579 3562 2649 3617 τά
2674 3562 2905 3633 σώματα
2925 3559 3091 3629 φαίην
3116 3558 3182 3613 ἂν
3209 3554 3354 3612 εἶναι
3382 3559 3541 3627 νίκην
3565 3549 3812 3625 λαμπρὰν.

2253 3660 2390 3715 ἀλλά
2432 3659 2494 3713 τὸ
2534 3658 2603 3712 τά
2640 3654 3045 3726 κατασχεθέντα
3076 3653 3180 3725 ἢδη
3218 3654 3355 3724 παρ’
3387 3652 3556 3707 αὑτοῦ
3594 3651 3819 3704 ἀποσπα-

2256 3751 2469 3823 σθῆναι.
2504 3749 2567 3804 Εἰ
2598 3749 2656 3802 δὲ
2687 3748 2767 3803 ἔτι
2810 3747 3163 3817 φιλονεικοῖεν
3196 3747 3294 3800 καὶ⁸
3327 3745 3542 3815 λέγοιεν
3580 3741 3703 3813 περὶ
3737 3734 3815 3791 τοῦ

2251 3842 2488 3915 ψυχικοῦ
2516 3840 2668 3915 [575]
2701 3840 2935 3896 θανάτου
2960 3838 3133 3893 ταῦτα
3155 3838 3441 3909 εἰρῆσθαι,
3476 3836 3594 3900 πῶς
3617 3834 3819 3905 ἔσχατος

2252 3936 2610 4006 καταργεῖται
2635 3927 2823 3999 οὗτος;
2854 3931 3075 4003 καὶγὰρ
3101 3931 3185 4000 ἐφ’
3210 3930 3436 4001 ἑκάστῳ
3461 3923 3818 3998 βαπτιζομένῳ

2252 4026 2576 4099 κατηργήθη
2604 4024 2826 4079 τέλειον.
2855 4024 2952 4077 Ἂν
2985 4022 3084 4094 μέν
3109 4037 3193 4076 τοι
3217 4022 3354 4095 περὶ
3378 4021 3632 4092 σώματος
3654 4016 3819 4087 λέγῃςν

2251 4119 2365 4190 ἔχει
2392 4120 2575 4188 χώραν
2600 4118 2662 4170 τὸ
2689 4114 3001 4187 εἰρημένον,
3031 4108 3143 4166 οἷον
3171 4114 3255 4167 ὅτι
3286 4114 3524 4183 ἔσχατος
3548 4105 3816 4179 καταργεῖ-

2250 4229 2360 4266 ται.
2384 4212 2449 4265 Εί
2475 4208 2533 4263 δέ
2556 4226 2640 4273 τις
2665 4206 2897 4279 ἀποροίη
2930 4207 3073 4269 τίνος
3101 4206 3291 4259 ἕνεκεν
3322 4206 3461 4277 περὶ
3495 4201 3820 4258 ἀναστάσεως

2250 4301 2651 4372 διαλεγόμενος,
2677 4299 2739 4353 οὑ
2767 4298 3094 4368 παρήγαγεν
3122 4299 3202 4360 εἰς
3229 4298 3404 4367 μέσον
3432 4296 3505 4350 τά
3533 4290 3818 4348 ἀναστάντα

2252 4391 2482 4462 σώματα
2515 4392 2608 4443 ἐπὶ
2631 4388 2727 4442 τοῦ
2754 4387 2983 4460 Κυρίου,
3019 4389 3197 4441 ἐκεῖνο
3226 4385 3296 4439 ἂν
3324 4386 3605 4455 εἴποιμεν,
3638 4383 3713 4435 ὅτι
3734 4377 3820 4431 οὐκ

2248 4478 2318 4553 ἦν
2345 4480 2503 4535 τοῦτο
2532 4480 2675 4551 ὑπὲρ
2700 4479 2800 4550 τῆς
2831 4476 3182 4542 ἀναστάσεως
3215 4479 3421 4532 εἰπεῖν.
3457 4476 3533 4530 Τὸ
3571 4474 3675 4544 γὰρ
3710 4468 3820 4527 τοὺς

2249 4573 2590 4634 ἀναστάντας
2613 4570 2784 4636 δεῖξαι
2804 4568 2969 4622 πάλιν
2997 4567 3479 4639 ἀποθνήσκοντας,
3502 4564 3605 4617 οὑκ
3620 4557 3687 4633 ἦν
3705 4558 3818 4612 ἀπο·

2248 4662 2555 4725 δεικνύντος
2599 4662 2682 4715 ὅτι
2707 4662 2787 4723 εἰς
2819 4659 2972 4724 τέλος
2997 4661 3363 4729 καταργεῖται
3397 4659 3429 4711 6
3464 4655 3709 4714 θάνατος.
3737 4643 3819 4698 Διᾶ

2248 4758 2358 4828 γάρ
2384 4755 2544 4810 τοῦτο
2580 4754 2677 4809 καὶ
2707 4753 2935 4824 ἔσχατον
2960 4752 3122 4806 αὑτὸν
3146 4747 3266 4805 εἷπε
3295 4744 3719 4822 καταργεῖσθαι,
3744 4738 3819 4791 ἵνα

2249 4851 2447 4924 μηκέτι
2467 4848 2814 4920 ὑποπτεύσῃς
2829 4845 2992 4900 αὐτὸν
3010 4842 3358 4899 ἀνίστασθαι.
3379 4844 3498 4913 Τῆς
3516 4839 3623 4910 γὰρ
3644 4832 3820 4889 κακίας

2246 4943 2655 5017 ἀναιρεθείσης,
2708 4938 2886 5011 πολλῷ
2943 4938 3146 5010 μᾶλλον
3197 4936 3227 4988 6
3259 4934 3505 4996 θάνατος
3552 4927 3816 4984 παύσεται.

2246 5038 2380 5092 Οὑδὲ
2426 5036 2536 5107 γὰρ
2570 5034 2636 5088 ἀν
2668 5032 2783 5104 έχοι
2825 5030 3006 5100 λόγον,
3039 5027 3142 5099 τῆς
3177 5025 3372 5096 πηγῆς
3414 5017 3817 5107 ξηραινομένης,

2244 5129 2334 5182 τὸν
2384 5103 2449 5192 ἐξ
2498 5103 2667 5196 αὐτῆς
2713 5121 3034 5177 συνεστάναι
3085 5117 3360 5188 ποταμὸν,
3397 5115 3496 5169 καὶ
3543 5112 3647 5181 τῆς
3684 5103 3820 5180 ῥίζης

2243 5220 2667 5291 ἀφανιζομένης,
2703 5214 2794 5270 τὸν
2829 5212 3041 5287 καρπὸν
3085 5212 3289 5284 μένειν.
3339 5208 3504 5263 Ἐπεὶ
3550 5200 3645 5259 οὗν
3676 5204 3732 5293 ἐν
3761 5196 3815 5293 τῇ

2243 5314 2530 5383 τελευταίᾳ
2560 5308 2748 5381 ἢμέρᾳ
2777 5308 2827 5361 οἰ
2855 5306 3043 5378 ἐχθροὶ
3082 5300 3501 5372 καταργοῦνται
3556 5294 3650 5352 τοῦ
3701 5290 3817 5383 Θειξῖι

2247 5405 2387 5475 μετά
2428 5377 2524 5456 τοῦ
2568 5377 2799 5454 θανάτου
2838 5377 2935 5451 καί
2964 5394 3059 5451 τοῦ
3085 5391 3339 5448 διαϐόλου
3372 5391 3474 5445 καὶ
3506 5387 3617 5442 τῶν
3648 5377 3820 5475 δαιμίξο

2241 5469 2371 5562 νων,
2407 5495 2482 5566 μὴ
2513 5491 2870 5563 ἀσχάλλωμεν
2913 5489 3006 5541 ἐπὶ
3039 5490 3152 5550 τοῖς
3195 5481 3578 5555 εὑημεροῦσιν
3628 5469 3820 5566 δχθρξὶῖς

2241 5589 2338 5642 τοῦ
2380 5564 2536 5643 Θεοῦ.
2575 5588 2638 5639 ΟΞ
2670 5584 2779 5656 γάρ
2815 5583 3000 5654 ἐχθροὶ
3039 5580 3135 5635 τοῦ
3176 5579 3392 5648 Κυρίου
3426 5575 3547 5645 ἅμα
3574 5572 3652 5641 τῷ
3680 5564 3821 5627 δοξα-

2242 5681 2435 5753 σθῆναι
2468 5677 2666 5738 αὐτοὺς
2706 5676 2799 5730 καὶ
2837 5673 3117 5746 ὑψωθῆναι
3157 5666 3538 5730 ἐκλείποντες,
3566 5658 3697 5715 ιῖ›σε“ι⁸
3732 5668 3821 5753 xu:

2244 5747 2375 5839 ιτνδς
2419 5772 2683 5838 ἐξέλιπον.
2736 5770 2904 5823 ’Ὅταν
2965 5766 3080 5836 ἴδῃς
3129 5762 3247 5818 τινὰ
3305 5760 3511 5831 ἐχθρὸν
3567 5755 3661 5809 τοῦ
3698 5747 3819 5806 Θεοῦ
