3998 6458
193 489 275 547 3i!
1171 475 1234 530 ΙΝ
1274 470 1490 530 EPIST.
1532 469 1551 522 1
1615 467 1704 522 ΑΙ)
1743 466 1775 521 C

1886 509 1897 521 .
1942 466 2173 523 HOMIL.
2215 468 2456 526 XXXIX.

193 609 615 669 consuetudinem
643 608 762 678 lege
786 598 1150 665 matrimonii;
1184 613 1251 652 ne
1281 593 1614 650 existimaret
1639 604 1759 643 ntu-

193 706 281 761 licr
302 717 357 758 se
389 701 561 773 pollui
589 715 657 755 ex
681 694 968 752 concubitu
993 699 1047 746 et
1068 689 1353 758 complexu
1384 682 1630 747 infidelis,
1658 696 1766 735 non

190 796 308 850 dixit
328 784 614 848 mulierem
638 803 762 845 esse
787 783 1152 847 inunundam,
1185 789 1242 836 et
1270 777 1404 834 nihil
1444 775 1565 830 laadi
1592 774 1660 828 ab
1687 773 1768 827 in-
1814 855 1819 858 _

190 888 340 954 ﬁdeli,
368 885 466 943 sed
492 883 636 955 quod
665 889 748 937 est
769 879 939 934 multo
959 875 1210 946 amplius,
1238 887 1334 942 per
1364 872 1535 939 ipsam
1566 865 1764 922 sancti-

195 981 403 1036 ﬁcatum
430 993 554 1033 esse
582 974 851 1032 inﬁdelem
884 971 974 1040 (1.
1008 968 1128 1024 Cor.
1158 967 1210 1021 7.
1247 966 1347 1035 l4)
1377 983 1391 1018 :
1416 979 1521 1018 non
1545 962 1647 1016 hoc
1676 975 1766 1015 vo-

186 1075 290 1128 lens
311 1069 598 1126 ostendere
618 1111 633 1130 ,
665 1066 807 1136 quod
835 1064 1054 1120 Gnecus
1104 1061 1273 1114 factus
1304 1057 1374 1112 sit
1403 1071 1470 1111 ex
1504 1054 1594 1109 illa
1625 1069 1754 1106 san-

183 1176 326 1234 ctus,
358 1164 457 1222 sed
486 1161 636 1217 verbi
679 1156 1092 1228 exsuperatione
1138 1151 1360 1207 studens
1406 1148 1522 1218 ejus
1567 1155 1766 1200 metum

180 1258 410 1313 solvere.
440 1255 515 1308 lta
548 1253 638 1308 hic
665 1264 913 1322 quoque,
945 1262 1067 1302 cum
1102 1242 1353 1299 dictionis
1384 1241 1432 1295 vi
1475 1238 1769 1294 studuisSet

185 1349 404 1420 impium
436 1345 564 1402 illud
590 1345 782 1413 dogma
809 1341 998 1397 tollere
1017 1379 1033 1404 ,
1061 1336 1196 1393 dixit
1239 1333 1290 1389 id
1320 1331 1466 1403 quod
1489 1330 1644 1384 dixit.
1677 1326 1766 1382 Si-

178 1450 269 1498 cut
291 1442 436 1497 enim
477 1436 797 1492 itnbecillem
831 1432 1024 1487 Filium
1066 1425 1365 1497 suspicari,
1399 1431 1486 1479 est
1509 1428 1768 1477 extrema:

179 1531 473 1604 iniquitatis
500 1547 514 1584 :
544 1527 894 1600 quamobrem
943 1523 996 1578 id
1033 1519 1295 1590 corrigit,
1327 1517 1513 1572 dicens
1534 1556 1548 1579 ,
1583 1512 1771 1567 Omnes

179 1626 415 1681 inimicos
464 1637 582 1677 suos
631 1628 780 1691 ponet
811 1617 902 1672 sub
933 1613 1143 1687 pedibus
1184 1613 1331 1667 suis:
1359 1609 1429 1664 ita
1476 1621 1664 1662 rursus
1686 1613 1773 1660 est

179 1719 282 1772 hoc
306 1715 477 1784 magis
501 1711 724 1782 impium
747 1709 1062 1766 existimare
1089 1705 1304 1760 Patrem
1335 1702 1426 1757 illo
1447 1714 1568 1756 eSse
1597 1699 1772 1753 mino-

177 1824 314 1864 rem.
343 1805 703 1875 Quamobrem
733 1801 788 1858 id
816 1814 1030 1871 quoque
1063 1797 1205 1852 tollit
1231 1810 1353 1850 cum
1381 1805 1574 1862 magna
1602 1803 1770 1846 exsu-

176 1901 480 1974 peratione.
508 1897 642 1953 Vide
673 1903 855 1951 autent
883 1890 1153 1963 quomodo
1182 1888 1235 1943 id
1270 1895 1603 1974 ponatzvnon
1629 1882 1772 1938 dixit

173 1972 324 2051 enim
355 1989 689 2060 simpliciter,
720 1984 918 2040 Prwter
943 1999 1056 2038 eum
1081 1983 1167 2050 qui
1196 1978 1442 2049 subjecit,
1471 1972 1581 2030 sed
1619 1972 1772 2044 adje-

169 2089 272 2150 cit,
307 2085 433 2139 Siue
459 2080 633 2146 dubio,
656 2093 770 2132 rem
798 2076 1124 2132 conﬁrmans
1153 2081 1209 2128 et
1237 2069 1507 2132 muniens,
1530 2067 1771 2136 quamvis

171 2182 242 2234 de
274 2180 367 2233 illa
390 2177 506 2248 jam
531 2182 765 2230 constet.
809 2171 878 2226 Et
919 2177 979 2224 ut
1027 2167 1167 2222 scias
1210 2163 1347 2218 hanc
1393 2175 1513 2216 esse
1551 2173 1770 2213 causam

168 2287 370 2328 eorum
403 2284 526 2340 qua:
551 2269 695 2322 dicta
724 2272 870 2332 sunt,
894 2261 1026 2316 illud
1054 2275 1119 2314 ex
1155 2267 1206 2312 te
1235 2254 1550 2311 sciscitabar
1569 2291 1584 2315 ,
1617 2251 1774 2306 Fitne

169 2374 307 2418 tunc
334 2361 576 2417 accessio
603 2355 959 2428 subjectionis
988 2349 1161 2406 Filio?
1182 2363 1236 2404 et
1262 2347 1533 2418 quomodo
1560 2358 1667 2398 non
1689 2351 1773 2397 est

164 2454 496 2518 absurdum,
527 2462 584 2507 et
622 2451 731 2505 Deo
762 2445 1079 2516 indignum?
1105 2441 1340 2497 maxima
1368 2438 1510 2493 enim
1541 2444 1626 2491 est
1646 2434 1772 2489 sub-

160 2548 340 2620 jectio
365 2555 424 2601 et
464 2542 771 2600 obedientia
793 2581 810 2608 ,
855 2537 997 2610 quod
1028 2551 1149 2590 cum
1177 2535 1249 2589 sit
1280 2533 1426 2588 Deus
1448 2572 1463 2596 ,
1489 2529 1632 2585 servi
1661 2529 1769 2582 for-

167 2658 326 2697 mam
355 2638 644 2708 acceperit.
675 2632 958 2702 Quomodo
983 2645 1112 2699 ergo
1143 2637 1271 2682 tunc
1297 2622 1648 2693 subjicietur?
1681 2620 1774 2675 Vi-

163 2734 269 2788 des
299 2728 447 2801 quod
462 2726 751 2783 absurdam
775 2724 968 2779 tollens
989 2718 1349 2788 suspicionem
1375 2714 1477 2768 hoc
1505 2712 1766 2782 posuerit,

165 2825 336 2894 idque
374 2836 500 2876 cum
548 2833 614 2874 eo
657 2831 763 2888 quo
806 2829 902 2885 par
930 2820 1016 2868 est
1055 2808 1258 2865 sensu?
1308 2806 1442 2861 Nam
1488 2813 1546 2858 ut
1577 2803 1771 2857 Filium

165 2915 332 2970 decet
362 2920 422 2967 et
451 2912 616 2965 Deum
638 2950 654 2976 ,
683 2909 764 2963 sic
792 2905 1004 2970 obedit,
1049 2916 1159 2957 non
1199 2913 1350 2954 more
1376 2896 1644 2960 humano,
1676 2893 1772 2949 sed

167 3008 342 3062 libere
358 3021 422 3060 se
441 3017 635 3075 gerens
651 3011 707 3056 et
721 3013 937 3055 omnem
974 2994 1178 3050 habens
1197 2999 1538 3062 potestatem.
1561 2987 1772 3056 Alioqui

167 3097 450 3168 quomodo
498 3103 584 3150 est
625 3089 947 3149 consessor?
974 3085 1246 3158 quomodo
1287 3083 1426 3138 sicut
1455 3081 1647 3145 Pater,
1693 3081 1774 3135 sic

168 3190 287 3261 ipse
309 3202 526 3258 quoque
545 3199 680 3256 quos
698 3181 811 3239 vult
830 3179 1053 3236 suscitat
1070 3177 1250 3252 (Joan.
1274 3175 1327 3232 5.
1352 3172 1445 3244 2t)
1461 3173 1484 3224 ‘t
1501 3171 1776 3243 quomodo

166 3301 292 3355 quae
320 3291 452 3340 sunt
479 3279 680 3344 Patris,
710 3283 838 3333 sunt
860 3275 976 3344 ejus
994 3274 1211 3335 omnia;
1237 3280 1292 3324 et
1331 3282 1453 3338 quae
1479 3266 1596 3337 ejus
1616 3273 1770 3329 sunt,

170 3377 352 3431 Patris
390 3372 597 3445 (Joau.
653 3370 742 3425 17.
795 3365 944 3440 10)ἳ
988 3365 1118 3420 Haec
1164 3362 1310 3418 enim
1339 3361 1496 3417 nobis
1538 3358 1776 3414 indicant

170 3479 424 3525 exactam
474 3474 530 3520 et
575 3462 866 3533 perfectam
906 3458 1025 3527 ejus
1069 3471 1195 3510 cum
1223 3454 1383 3510 Patre
1427 3459 1772 3523 potestatem.

168 3560 313 3630 Quid
341 3567 432 3614 est
457 3564 636 3610 autem
659 3593 676 3619 ,
706 3550 924 3616 Quando
952 3547 1217 3602 tradiderit
1245 3543 1497 3616 regnum?
1542 3543 1658 3597 Duo
1681 3555 1773 3596 re-

169 3670 274 3724 gna
331 3651 426 3706 Dei
455 3649 606 3704 novit
645 3645 917 3714 Scriptura
947 3658 960 3695 :
991 3655 1158 3696 unum
1209 3637 1426 3708 quidem
1454 3651 1520 3691 ex
1551 3634 1775 3704 conjun-

171 3745 355 3799 ctione
379 3756 479 3796 seu
508 3737 855 3808 proprietate,
890 3732 1116 3786 alterum
1144 3745 1211 3784 ex
1236 3728 1531 3784 creatione.
1562 3724 1696 3780 Nam
1718 3724 1771 3779 in

171 3849 367 3890 omnes
406 3829 626 3902 quidem
667 3841 891 3898 regnum
932 3824 1176 3887 obtinet,
1225 3819 1446 3876 Graecos
1469 3859 1484 3883 ,
1515 3817 1771 3882 Judteos,

172 3927 493 3988 daemones,
531 3917 910 3982 adversarios,
937 3913 1148 3974 ratione
1188 3910 1514 3973 creationis;
1549 3923 1772 3978 regnum

173 4032 360 4078 autem
388 4019 602 4075 obtinet
628 4017 679 4069 in
716 4011 907 4068 ﬁdeles
929 4018 984 4066 et
1011 4006 1345 4064 voluntarios
1382 4014 1440 4059 et
1475 4002 1772 4071 subjectos.

174 4117 394 4171 ratione
418 4107 835 4181 conjunctionis.
864 4104 977 4159 Hoc
1005 4116 1231 4174 regnum
1263 4099 1458 4154 dicitur
1485 4096 1648 4151 etiam
1677 4093 1776 4148 ha-

175 4208 308 4263 bere
344 4205 626 4275 imperium
659 4217 675 4252 :
707 4199 777 4255 de
818 4212 885 4253 eo
914 4196 1058 4251 enim
1085 4194 1219 4248 dicit
1245 4191 1410 4247 etiam
1440 4189 1490 4243 itt
1534 4185 1776 4243 secundo

177 4299 422 4360 Psaltno,
458 4291 673 4349 Postulo
697 4308 730 4344 a
764 4303 866 4353 me,
897 4295 944 4341 et
968 4285 1097 4340 dabo
1123 4283 1212 4338 tibi
1241 4291 1410 4353 gentes
1435 4279 1776 4335 Inrredilatem

177 4400 322 4444 tuam
354 4386 527 4458 (Psat.
551 4384 608 4439 2.
639 4383 695 4453 8)
725 4399 739 4436 :
766 4380 836 4436 de
861 4393 928 4435 eo
956 4378 1119 4433 etiam
1150 4377 1266 4446 ipse
1291 4374 1430 4429 dixit
1453 4372 1731 4441 discipulis
1755 4411 1772 4437 ,

179 4482 323 4537 Data
360 4487 436 4534 est
471 4476 595 4530 mihi
613 4475 779 4530 omnis
805 4481 1024 4543 potestas
1049 4479 1082 4522 α
1126 4467 1282 4521 Patre
1304 4481 1414 4522 meo
1441 4464 1656 4535 (Matth.
1683 4461 1775 4517 28.

183 4574 297 4644 18);
343 4572 395 4627 ei
426 4570 516 4640 qui
547 4567 732 4639 genuit
758 4563 940 4621 omnia
965 4561 1282 4618 adscribens
1307 4601 1322 4626 ,
1357 4573 1464 4612 non
1491 4556 1633 4627 quod
1662 4555 1778 4625 ipse

180 4684 289 4725 non
335 4664 605 4729 sufﬁciat,
632 4662 728 4718 sed
755 4657 1053 4716 ostendens
1078 4656 1224 4729 quod
1260 4657 1332 4711 sit
1356 4653 1526 4710 Filius
1544 4695 1559 4718 ,
1588 4661 1776 4709 etnon

183 4762 485 4835 ingenitus.
539 4758 652 4814 lloc
691 4770 819 4826 ergo
868 4753 1059 4818 tradit,
1109 4754 1213 4807 hoc
1261 4759 1380 4817 est,
1431 4759 1578 4805 recte
1618 4749 1777 4818 gerit.

182 4856 368 4923 Quare
387 4859 590 4915 autem,
621 4850 809 4919 inquit,
835 4848 969 4903 nihil
995 4845 1130 4901 dixit
1154 4845 1223 4900 de
1245 4842 1488 4913 Spiritu?
1510 4841 1777 4909 Quoniam

185 4962 332 5004 nunc
362 4946 432 5000 de
463 4945 579 5013 ipso
623 4958 730 4999 non
771 4943 980 5012 agitur,
1009 4953 1189 5009 neque
1233 4937 1411 4992 omnia
1452 4935 1612 4990 simul
1643 4949 1778 4989 cou-

184 5042 390 5097 fundit.
416 5037 550 5093 Nam
575 5038 736 5092 etiam
767 5034 1142 5106 quando-dicit
1161 5074 1175 5098 ,
1210 5031 1356 5087 Unus
1382 5030 1516 5084 Deus
1537 5029 1717 5094 Pater,
1736 5037 1783 5082 et

187 5152 321 5190 unus
351 5132 605 5187 Dominus
632 5129 785 5184 Iesus
811 5130 890 5199 (i.
922 5125 1040 5182 Cor.
1073 5127 1126 5182 8.
1157 5125 1212 5197 6)
1239 5166 1254 5191 ,
1297 5138 1404 5178 non
1433 5122 1654 5179 omnino
1681 5121 1782 5176 mi-

188 5240 385 5283 norem
429 5223 612 5280 sitiens
642 5235 765 5277 esse
809 5219 1099 5291 Spiritum,
1147 5225 1431 5287 propterea
1480 5223 1659 5279 tacet,
1690 5212 1785 5268 sed

190 5318 449 5388 quoniam
474 5325 599 5370 tunc
623 5329 714 5369 res
749 5328 856 5368 non
885 5311 1112 5381 urgebat
1140 5351 1154 5376 ,
1184 5310 1287 5365 hoc
1315 5309 1471 5366 dixit.
1503 5309 1615 5363 Scit
1641 5307 1784 5362 enim

191 5421 242 5466 et
274 5409 461 5466 Patris
498 5407 664 5462 solius
711 5405 1062 5470 meminisse;
1090 5417 1192 5459 nec
1213 5401 1335 5457 ideo
1373 5400 1570 5455 Filium
1599 5400 1789 5468 ejicie-

184 5519 315 5561 mus
345 5521 363 5557 :
390 5501 492 5556 scit
509 5501 671 5556 etiam
699 5508 754 5554 et
778 5497 900 5554 Filii
921 5505 974 5553 et
999 5495 1232 5565 Spiritus
1258 5493 1425 5550 solius
1451 5493 1784 5556 meminisse;

185 5611 296 5652 nec
323 5603 613 5665 propterea
644 5591 859 5646 Patrem
899 5587 1256 5644 abolebimus.
1290 5584 1428 5652 Quid
1457 5593 1542 5638 est
1575 5592 1752 5639 autem
1771 5624 1786 5646 ,

190 5689 262 5745 Ut
314 5689 386 5742 sit
436 5685 579 5741 Deus
622 5684 795 5740 omnia
837 5683 893 5736 in
945 5679 1222 5735 omnibus?
1251 5678 1323 5735 Ut
1365 5678 1546 5733 omnia
1575 5677 1644 5732 ab
1673 5676 1790 5746 ipso

187 5781 494 5853 pendeant;
526 5794 594 5834 ne
621 5778 745 5848 quis
782 5775 1057 5831 existimet
1092 5774 1201 5828 duo
1229 5787 1354 5827 esse
1379 5769 1642 5842 principia
1673 5768 1791 5824 sine

198 5872 492 5942 principio,
519 5884 695 5941 neque
720 5867 868 5922 aliud
898 5881 1122 5936 regnum
1149 5865 1400 5920 divisum.
1422 5861 1557 5918 Nam
1577 5861 1793 5932 quando

199 5963 358 6021 strati
390 5962 608 6032 quidem
629 5959 898 6030 jacuerint
920 5958 1125 6013 inimici
1155 5958 1255 6014 sub
1277 5955 1503 6030 pedibus
1533 5954 1678 6024 Filii,
1702 5954 1796 6026 qui

561 6060 829 6122 PATROL.
870 6062 984 6122 Gn.
1030 6063 1191 6123 LXI.

3351 473 3458 529 3ιί

1872 604 1966 643 eos
1993 598 2172 644 autem
2203 588 2364 646 habet
2383 591 2628 659 jacentcs
2654 592 2753 646 sub
2785 591 3028 661 pedibus,
3058 607 3178 646 cum
3203 589 3461 646 Genitore

1871 696 1977 735 non
2009 683 2170 750 agitat
2217 681 2572 746 seditionem,
2615 683 2710 738 sed
2754 692 2838 738 cst
2885 684 2937 737 in
2985 684 3218 752 perfecta
3247 698 3368 736 cum
3397 697 3461 735 eo

1870 771 2196 840 concordia;
2228 773 2344 843 ipse
2368 775 2471 829 erit
2497 776 2675 830 omnia
2721 776 2773 830 in
2801 776 3070 830 omnibus.
3101 775 3328 844 Quidam
3360 791 3456 828 au-

1871 879 1980 923 tem
2012 869 2197 924 dicunt
2225 871 2398 938 ipsum
2427 869 2542 925 haec
2566 869 2767 925 dixisse
2791 913 2806 935 ,
2837 869 3189 941 signiﬁcantia
3214 870 3462 924 abolitio-

1873 977 1996 1016 nem
2027 961 2137 1016 vitii
2160 1003 2176 1029 ,
2201 971 2386 1032 utpote
2409 977 2532 1017 cum
2556 977 2744 1016 ut‘nnes
2761 962 3015 1032 deinceps
3038 963 3234 1017 cedant
3260 972 3314 1016 et
3339 963 3459 1015 nul-

1871 1054 1954 1109 lus
1987 1054 2219 1121 resistat,
2252 1069 2352 1108 nec
2382 1055 2614 1124 maligne
2658 1069 2717 1109 se
2743 1063 2914 1123 gerat.
2941 1054 3073 1108 Nam
3105 1054 3318 1124 quando
3349 1067 3458 1107 non

1871 1147 2035 1203 fuerit
2063 1158 2367 1217 peccatum,
2398 1156 2481 1202 est
2513 1148 2852 1217 perspicuum
2883 1147 3025 1217 quod
3059 1147 3198 1202 Dens
3224 1146 3328 1200 erit
3349 1160 3460 1198 om-

1871 1240 1957 1294 nia
1986 1240 2037 1294 in
2067 1241 2342 1295 omnibus.
2390 1240 2446 1295 Si
2491 1250 2669 1294 autem
2701 1254 2928 1308 corpora
2979 1255 3086 1294 non
3133 1245 3458 1307 resurgunt,

1871 1333 2140 1403 quomodo
2183 1343 2309 1388 sunt
2353 1333 2472 1388 haec
2517 1334 2688 1388 vera?
2716 1332 3067 1402 gravissimus
3110 1331 3252 1387 enim
3280 1337 3461 1384 manet

1869 1428 2112 1482 omnium
2144 1427 2395 1484 inimicus
2416 1469 2430 1493 ,
2462 1443 2660 1498 nempe
2684 1441 2832 1481 mors
2853 1469 2868 1493 ,
2899 1426 2964 1481 iis
2989 1441 3108 1496 quae
3135 1424 3303 1479 voluit
3327 1439 3461 1479 con-

1871 1519 2045 1574 fectis.
2074 1518 2446 1589 Nequaquam,
2478 1519 2681 1588 inquit;
2709 1533 2884 1588 neque
2906 1517 3050 1572 enim
3077 1516 3306 1586 amplius
3337 1529 3462 1585 pec-

1871 1611 2092 1667 cabunt.
2121 1612 2187 1666 Et
2209 1610 2337 1682 quid
2369 1612 2524 1666 tum?
2557 1625 2733 1680 neque
2762 1610 2908 1666 enim
2937 1610 3008 1664 de
3035 1617 3207 1663 morte
3235 1608 3460 1670 animae,

1871 1705 1967 1760 sed
1995 1705 2062 1760 de
2109 1715 2286 1760 morte
2331 1705 2576 1774 corporis
2624 1704 2713 1759 hic
2742 1703 2999 1773 loquitur.
3027 1702 3311 1771 Quomodo
3335 1717 3465 1771 ergo

1873 1797 1961 1853 illa
1991 1797 2274 1854 aboletur?
2305 1798 2410 1854 hoc
2437 1809 2520 1853 eSt
2542 1799 2687 1853 enim
2710 1797 2960 1862 victoria,
2987 1812 3049 1852 ea
3072 1811 3193 1867 quae
3219 1805 3343 1850 sunt
3370 1798 3467 1850 ab-

1873 1892 2000 1959 lata,
2031 1901 2086 1946 et
2111 1907 2233 1962 quae
2264 1891 2578 1948 detinentur
2604 1892 2901 1962 accepisse.
2948 1892 3002 1947 Si
3032 1900 3210 1946 autem
3242 1892 3295 1946 in
3324 1901 3466 1946 terra

1872 1986 2164 2041 detinenda
2196 1996 2320 2042 sunt
2350 2001 2609 2056 corpora,
2653 1995 2835 2041 manet
2880 2001 3006 2057 ergo
3033 1986 3154 2056 ejus
3189 1985 3464 2057 tyrannis,

1873 2095 1994 2134 cum
2022 2079 2141 2134 lucc
2179 2079 2398 2148 quidem
2426 2079 2773 2134 detineantur
2797 2120 2812 2141 ,
2854 2078 3000 2134 aliud
3031 2088 3208 2133 autem
3254 2093 3359 2132 non
3399 2078 3472 2132 sit

1873 2187 2073 2242 corpus
2097 2172 2184 2228 ubi
2211 2173 2476 2230 vincatur.
2503 2171 2562 2229 Si
2591 2187 2720 2243 ergo
2750 2172 2853 2227 hoc
2877 2172 2987 2238 ﬁat,
3007 2171 3149 2242 quod
3175 2171 3307 2226 dicit
3328 2171 3466 2226 Pau-

1876 2267 1981 2333 lus,
2015 2267 2156 2322 sicut
2183 2275 2333 2322 certe
2364 2267 2477 2332 ﬁet,
2505 2267 2764 2336 praeclara
2798 2265 2962 2320 etiam
2995 2264 3274 2334 apparebit
3300 2263 3470 2318 victo-

1875 2358 1974 2422 ria,
2005 2371 2127 2412 cum
2158 2357 2304 2411 Deus
2332 2357 2562 2427 potuerit
2591 2357 2852 2412 suscitare
2878 2357 2966 2410 illa
2989 2372 3110 2425 quae
3139 2356 3207 2410 ab
3233 2357 3346 2425 ipsa
3375 2355 3471 2411 tle-

1872 2460 2021 2505 tenta
2054 2458 2180 2504 sunt
2209 2463 2456 2520 corpora.
2492 2449 2624 2504 Nam
2651 2461 2776 2504 tunc
2807 2449 2972 2503 vincit
2997 2449 3258 2518 quispiam
3289 2448 3472 2502 inimi-

1873 2555 2018 2604 cum,
2048 2541 2264 2610 quando
2285 2541 2560 2610 acceperit
2583 2541 2777 2610 spolia,
2811 2555 2919 2594 non
2945 2539 3163 2609 quando
3186 2540 3298 2609 ipsa
3327 2539 3471 2594 sive~

1873 2631 1945 2688 rit
1990 2631 2131 2704 apud
2159 2647 2282 2687 eum
2312 2647 2531 2687 manere
2561 2649 2574 2686 :
2603 2633 2650 2686 si
2681 2647 2842 2686 nemo
2895 2640 3074 2686 autem
3115 2631 3310 2688 audeat
3347 2647 3471 2702 quas

1873 2733 2001 2780 sunt
2029 2725 2145 2794 ejus
2173 2726 2439 2794 accipere,
2464 2724 2739 2794 quomodo
2761 2723 3058 2779 dixerimus
3083 2739 3203 2778 esse
3231 2723 3469 2778 victum?

1950 2818 2003 2871 7.
2037 2815 2150 2871 floc
2176 2817 2336 2870 etiam
2368 2815 2530 2871 modo
2559 2816 2797 2871 victoria:
2817 2814 3064 2870 Christus
3087 2815 3138 2870 in
3164 2815 3470 2886 Evangeliis

1871 2910 2007 2965 dicit
2035 2924 2094 2964 se
2122 2909 2318 2964 vicisse
2347 2909 2432 2963 bis
2455 2909 2638 2963 verbis
2665 2927 2678 2962 :
2707 2909 2927 2975 Quando
2953 2909 3236 2979 alligaverit
3263 2909 3467 2976 fortem,

1877 3013 1995 3056 tunc
2037 3011 2084 3056 et
2123 3017 2245 3054 vasa
2288 3002 2400 3070 ejus
2428 3001 2634 3072 diripiet
2674 2999 2888 3071 (Matth.
2923 3000 3011 3054 12.
3041 2999 3156 3070 ‘29).
3187 3000 3400 3070 Alioqui
3427 3001 3474 3054 si

1878 3094 1981 3148 hoc
2006 3109 2114 3148 non
2144 3092 2362 3158 factum,
2389 3109 2457 3149 ne
2479 3093 2761 3148 manifesta
2790 3093 3006 3164 quidem
3040 3093 3202 3148 fuerit
3225 3094 3471 3148 victoria.

1875 3186 2007 3240 Nam
2029 3186 2168 3240 sicut
2186 3185 2233 3240 si
2255 3186 2324 3240 de
2349 3193 2525 3241 morte
2547 3186 2744 3240 animae
2763 3194 2975 3255 agatur,
2994 3185 3082 3255 qui
3105 3193 3187 3241 est
3206 3193 3470 3249 mortuus,

1876 3280 1976 3334 fuit
1999 3277 2323 3348 justiﬁcatus
2349 3292 2376 3331 a
2410 3288 2650 3348 peccato,
2685 3291 2860 3348 neque
2890 3277 2994 3332 hoc
3022 3277 3318 3332 dixerimus
3345 3291 3469 3331 esse

1876 3371 2190 3434 victoriam;
2221 3369 2313 3423 ille
2341 3369 2484 3424 enim
2511 3369 2705 3438 estqui
2730 3369 2880 3435 vicit,
2907 3383 3018 3424 non
3040 3368 3132 3438 qui
3157 3367 3316 3423 malis
3339 3367 3473 3421 nihil

1875 3465 2120 3532 addidit,
2154 3462 2249 3519 sed
2278 3464 2369 3533 qui
2398 3477 2517 3517 eam
2562 3479 2683 3532 qua:
2725 3463 2834 3531 jant
2877 3469 2996 3517 erat
3039 3461 3201 3516 animi
3230 3469 3472 3515 motuum

1875 3557 2038 3612 solvit
2066 3555 2429 3625 captivitatem
2457 3572 2470 3607 :
2496 3555 2567 3608 ita
2597 3553 2684 3608 hic
2709 3568 2920 3624 quoque
2949 3568 3054 3607 non
3087 3552 3289 3607 stilis-se
3319 3565 3471 3605 mor-

1878 3659 1986 3703 tem
2017 3645 2246 3718 corpo’ra
2289 3645 2672 3716 depasccntem
2700 3687 2713 3710 ,
2753 3660 2873 3701 esse
2900 3645 3128 3700 dixerim
3157 3644 3471 3714 prteclaram

1879 3741 2183 3803 victoriam,
2215 3739 2310 3794 sed
2337 3754 2457 3810 quae
2482 3739 2592 3808 jam
2613 3737 2827 3793 detenta
2850 3747 3004 3793 erant
3023 3751 3249 3807 corpora
3271 3737 3336 3791 ab
3359 3736 3470 3806 ipsa

1876 3833 2057 3889 avelli.
2077 3833 2134 3889 Si
2157 3842 2336 3887 autem
2367 3831 2544 3886 adhuc
2571 3831 2899 3886 contendant
2922 3839 2977 3884 ct
3004 3829 3185 3884 dicant
3207 3829 3276 3884 de
3302 3838 3474 3882 morte

1878 3926 2076 3980 animae
2100 3925 2215 3976 haec
2237 3937 2358 3978 esse
2380 3921 2520 3977 dicta
2539 3964 2554 3988 ,
2582 3921 2852 3992 quomodo
2877 3922 2963 3975 illa
2987 3921 3231 3975 aboletur
3254 3919 3474 3974 ultima?

1880 4032 2006 4072 nam
2038 4017 2092 4070 in
2123 4028 2450 4084 unoquoque
2475 4015 2567 4085 qui
2596 4014 2920 4084 baptizatur,
2950 4013 3109 4082 plene
3138 4021 3225 4067 est
3251 4013 3470 4067 abolita.

1880 4109 1987 4165 Sed
2018 4109 2064 4164 si
2095 4108 2244 4163 dicas
2282 4107 2353 4163 de
2391 4122 2619 4175 corpore
2644 4149 2658 4172 ,
2707 4107 2882 4161 locum
2916 4106 3075 4161 habet
3103 4108 3243 4177 quod
3275 4106 3473 4161 dictum

1884 4214 1988 4270 est,
2023 4217 2222 4271 nempe
2251 4201 2394 4272 quod
2423 4216 2570 4256 mors
2603 4201 2787 4255 ultima
2816 4200 3114 4255 abolentur.
3146 4200 3201 4256 Si
3233 4201 3351 4270 quis
3380 4215 3476 4254 au-

1881 4306 1991 4351 tem
2032 4294 2288 4350 dubitans
2315 4302 2552 4363 quaerat,
2588 4306 2684 4346 cur
2711 4308 2832 4345 cum
2864 4292 3155 4347 dissereret
3185 4293 3252 4346 de
3293 4304 3475 4346 resur-

1886 4388 2150 4450 rectione,
2183 4387 2236 4440 in
2270 4387 2504 4441 medium
2536 4401 2643 4440 non
2670 4386 2955 4441 adduxerit
2981 4399 3206 4456 corpora
3236 4399 3356 4455 quae
3377 4399 3476 4440 re-

1883 4491 2240 4538 surrexerttnt
2267 4491 2510 4549 tempore
2538 4481 2745 4534 Domini
2768 4522 2782 4545 ,
2817 4480 2946 4534 illud
2973 4480 3269 4534 dixerimus
3287 4518 3304 4545 ,
3332 4479 3474 4548 quod

1884 4575 1988 4630 hoc
2015 4591 2122 4630 non
2151 4573 2342 4630 fuisset
2370 4575 2514 4644 loqui
2547 4574 2614 4627 de
2641 4575 3056 4629 resurrectione.
3093 4573 3196 4628 Eos
3220 4574 3364 4627 enim
3386 4575 3476 4642 qui

1885 4681 2302 4725 resurrexerunt
2329 4667 2620 4723 ostendere
2655 4683 2848 4724 rursus
2877 4668 3012 4722 mori
3035 4709 3050 4733 ,
3090 4682 3197 4722 non
3229 4675 3347 4722 erat
3380 4666 3480 4720 de-

1886 4761 2240 4818 monstrantis
2257 4761 2398 4832 quod
2417 4774 2565 4815 mors
2582 4770 2852 4831 postremo
2873 4759 3168 4815 aboleatur.
3189 4759 3479 4829 Propterea

1887 4861 2030 4917 enim
2061 4859 2196 4913 dixit
2239 4873 2358 4914 eam
2401 4857 2605 4913 aboleri
2651 4857 2916 4921 ultimam,
2950 4871 3018 4910 ne
3056 4855 3329 4910 existimes
3360 4869 3476 4908 cant

1891 4953 2124 5022 amplius
2153 4963 2455 5021 resurgere.
2495 4948 2639 5004 Vitio
2665 4950 2808 5005 enim
2837 4949 3049 5005 sublato
3073 4988 3088 5012 ,
3118 4947 3284 5001 multo
3311 4945 3482 5015 magis

1899 5059 2046 5100 mors
2073 5044 2328 5100 cessabit.
2361 5041 2544 5112 Neque
2580 5043 2722 5097 enim
2753 5042 2914 5097 fuerit
2944 5052 3397 5103 consentaneum,
3427 5046 3486 5093 ιιι

1897 5139 1941 5193 si
1974 5137 2092 5191 fons
2119 5145 2348 5203 arescat,
2381 5136 2470 5206 qtti
2499 5151 2562 5190 ex
2595 5151 2660 5191 eo
2691 5145 2872 5190 manat
2899 5136 3159 5190 consistat
3186 5133 3398 5198 ﬂuvius,
3432 5141 3489 5185 et

1891 5231 1936 5283 si
1963 5237 2250 5285 evanescat
2276 5227 2446 5291 radix,
2483 5237 2697 5282 maneat
2729 5227 2956 5281 fructus.
2988 5227 3250 5294 Quoniam
3278 5240 3403 5295 ergo
3433 5226 3486 5279 in

1897 5321 1985 5376 die
2027 5319 2323 5375 novissimo
2363 5319 2570 5373 inimici
2603 5319 2699 5374 Dei
2745 5319 3032 5374 abolentur
3072 5334 3192 5372 cum
3229 5326 3401 5372 morte
3435 5329 3492 5370 et

1899 5412 2115 5467 diabolo
2141 5420 2197 5466 et
2222 5411 2556 5466 daemonibus
2579 5451 2594 5477 ,
2627 5425 2695 5465 ne
2726 5410 2941 5464 tristitia
2971 5409 3287 5472 al'ﬁciamur,
3321 5407 3364 5462 si
3396 5407 3490 5461 Dei

1899 5503 2132 5558 inimicis
2152 5517 2240 5557 res
2261 5516 2519 5571 prospere
2535 5501 2844 5557 succedant.
2863 5500 3065 5556 Inimici
3090 5502 3230 5555 enim
3256 5496 3489 5562 Domini,

1901 5592 2060 5647 simul
2080 5591 2535 5662 atquegloriﬁcati
2565 5599 2620 5645 et
2650 5591 2701 5644 in
2735 5591 2901 5644 altum
2933 5591 3059 5645 elati
3091 5589 3320 5652 fuerint,
3354 5587 3490 5639 deli-

1900 5684 2128 5749 cientes,
2163 5695 2434 5753 tamquam
2468 5683 2645 5737 fumus
2675 5682 3009 5738 defecerunt.
3039 5681 3265 5749 Quando
3292 5678 3491 5733 vider-is

1902 5774 2136 5843 aliquem
2163 5774 2257 5828 Dei
2285 5775 2560 5830 inimicum
2590 5773 2832 5840 divitem,
2861 5776 3112 5845 stipatum
3141 5773 3489 5839 satellitibus,

1906 5865 2196 5921 habentem
2219 5867 2416 5921 multos
2441 5874 2826 5933 assentatores,
2850 5865 2959 5920 noli
2980 5865 3217 5920 animum
3238 5862 3492 5931 abjiccre,

1901 5955 1997 6014 sed
2023 5969 2180 6025 geme
2197 5997 2214 6025 ,
2246 5956 2544 6042 lacryma're
2564 5997 2580 6023 ,
2604 5956 2774 6013 Deum
2798 5969 2925 6021 roga
2943 5994 2960 6019 ,
2986 5964 3045 6010 ut
3069 5970 3191 6009 eum
3219 5953 3416 6010 referat
3436 5949 3489 6004 in

2444 6044 2448 6048 ”
3080 6045 3160 6105 22
