3998 6414
635 446 744 502 343

635 560 884 616 ordinent
923 568 978 614 et
1019 569 1299 613 numerum
1339 554 1634 610 amicorum
1661 571 1674 607 :
1698 561 1751 608 et
1777 567 1884 623 quo
1911 550 2080 621 magis
2108 563 2222 605 rem

634 667 786 708 suam
816 653 952 706 bene
987 650 1216 721 gesserit
1238 662 1359 702 cum
1391 647 1460 701 sit
1487 646 1737 702 inimicus
1759 687 1776 711 ,
1815 659 1883 700 eo
1908 643 2077 714 magis
2101 657 2222 697 eum

635 745 777 814 luge.
799 743 933 798 Nam
954 749 1265 812 peccatores
1286 739 1502 809 quidem
1523 752 1740 808 semper
1761 743 1974 806 oportet
1997 733 2219 800 deflere,

634 836 868 890 maxime
893 844 1072 890 autem
1103 836 1319 903 quando
1347 830 1624 887 abundant
1652 829 1878 896 divitiis,
1909 836 1966 884 et
1992 834 2118 883 sunt
2142 826 2224 882 eis

631 941 721 982 res
751 925 1036 991 secundae,
1081 926 1222 981 sicut
1247 932 1572 995 mgrotantes
1597 921 1814 993 quando
1839 919 2011 976 ventri
2042 917 2222 974 indul-

631 1027 758 1086 gent
783 1025 838 1072 et
867 1017 1220 1072 inebriantur.
1253 1015 1362 1071 Sed
1392 1023 1519 1069 sunt
1543 1011 1785 1084 quidam,
1810 1011 1900 1082 qui
1931 1009 2018 1064 his
2042 1007 2222 1064 verbis

627 1108 845 1174 auditis,
878 1110 952 1164 ita
980 1110 1178 1165 misere
1204 1107 1532 1172 afficiuntur,
1562 1114 1621 1161 ut
1646 1115 1866 1176 propter
1892 1103 2007 1159 haec
2029 1101 2222 1157 acerbe

614 1202 983 1273 ingemiscant
1004 1212 1061 1257 et
1081 1201 1284 1264 dicant,
1311 1202 1511 1272 Dignus
1534 1216 1652 1256 sum
1678 1198 1950 1270 lacrymis,
1973 1196 2066 1268 qui
2089 1195 2221 1251 nihil

626 1293 824 1349 habeo.
854 1294 1020 1350 flecte
1045 1293 1264 1360 dixisti,
1307 1293 1408 1361 Qui
1437 1292 1573 1347 nihil
1602 1292 1802 1356 babes;
1831 1305 1940 1345 non
1967 1287 2221 1360 quoniam

629 1401 735 1439 non
764 1385 931 1441 habes
951 1401 1016 1442 ea
1043 1401 1162 1457 quae
1189 1385 1280 1441 ille
1305 1385 1511 1453 habuit,
1539 1383 1633 1440 sed
1655 1383 1906 1454 quoniam
1932 1397 2044 1437 rem
2068 1380 2220 1436 ducis

626 1480 842 1555 dignam
874 1495 994 1550 qua:
1024 1479 1178 1535 beata
1204 1488 1512 1546 censeatur,
1543 1477 1664 1533 ideo
1689 1477 1884 1546 dignus
1905 1491 1964 1531 es
1983 1475 2072 1545 qui
2094 1474 2219 1529 mil-

628 1570 732 1625 lies
762 1571 1014 1641 lugearis.
1049 1571 1259 1627 Etenim
1288 1571 1334 1626 si
1365 1570 1485 1640 quis
1514 1570 1651 1624 bona
1683 1567 1986 1623 valetudine
2015 1565 2217 1632 fruens,

587 1723 591 1730 ν
617 1661 846 1722 beatum
871 1661 1077 1730 judicet
1105 1671 1388 1732 aegrotum,
1418 1663 1581 1716 etiam
1605 1662 1658 1716 itt
1682 1660 1827 1716 molli
1852 1658 2012 1714 cubili
2034 1660 2221 1728 jacen-

628 1764 737 1808 tem
759 1793 774 1818 ,
820 1754 920 1809 iste
964 1764 1019 1808 et
1049 1753 1144 1810 illo
1172 1755 1343 1809 multo
1386 1753 1635 1809 miserior
1659 1763 1715 1808 et
1743 1752 2043 1817 infelicior,
2075 1747 2218 1822 quod

627 1848 892 1902 bonorum
922 1863 1143 1903 suorum
1172 1848 1378 1903 nullum
1409 1847 1604 1903 habeat
1629 1860 1870 1902 sensum.
1900 1843 2056 1913 Quod
2099 1843 2218 1913 qui-

626 1940 750 1994 dem
781 1941 833 1995 in
862 1939 946 1995 his
970 1955 1184 2011 quoque
1211 1940 1394 1995 videre
1423 1939 1549 1994 licet
1577 1937 1822 1994 accidere
1847 1956 1859 1992 :
1885 1936 2027 1991 unde
2055 1935 2216 1990 etiam

628 2040 737 2086 tota
771 2041 954 2086 nostra
983 2033 1088 2086 vita
1133 2030 1479 2087 confunditur
1523 2039 1578 2085 et
1623 2030 1886 2085 turbatur.
1917 2027 2043 2082 llaec
2070 2027 2216 2081 enim

627 2123 793 2177 verba
824 2122 1243 2178 innumerabiles
1284 2121 1631 2192 perdiderunt
1657 2128 1713 2176 et
1739 2118 1954 2174 diabolo
1987 2117 2219 2172 tradide-

616 2225 772 2283 runt,
793 2225 849 2270 et
869 2216 934 2270 iis
950 2216 1037 2286 qui
1059 2216 1196 2270 fame
1218 2214 1499 2271 tabescunt
1514 2213 1758 2270 fecerunt
1777 2212 2210 2268 miserabiliores.

625 2305 756 2360 Nam
800 2305 941 2376 quod
970 2306 1061 2376 qui
1104 2306 1257 2376 plura
1295 2313 1592 2376 appetunt,
1623 2305 1734 2360 sint
1761 2304 1922 2360 etiam
1954 2302 2216 2358 mendicis

623 2397 1068 2462 miserabiliores,
1092 2407 1149 2452 ut
1169 2398 1260 2469 qui
1287 2396 1476 2468 majori
1498 2406 1553 2452 et
1567 2394 1762 2452 acriori
1782 2394 2033 2451 laborent
2050 2395 2214 2452 animi

620 2489 964 2560 aegritudine,
991 2489 1115 2544 hinc
1141 2497 1226 2544 est
1255 2491 1620 2561 perspicuum.

687 2581 912 2638 Siccitas
955 2581 1258 2636 Antiochia.
1289 2610 1360 2622 -—
1389 2579 1671 2636 Civitatem
1724 2589 1966 2636 nostram
2019 2577 2216 2634 invasit

615 2672 892 2745 quondam
915 2673 1149 2740 siccitas,
1169 2681 1224 2729 et
1250 2682 1492 2730 extrema
1511 2672 1768 2729 timebant
1785 2687 1997 2738 omnes,
2013 2671 2212 2727 Deum-

619 2780 726 2835 que
753 2764 1032 2835 rogabant,
1062 2774 1120 2820 ut
1145 2766 1288 2821 hunc
1317 2777 1520 2821 metum
1550 2764 1784 2821 solveret
1809 2783 1822 2820 :
1846 2772 1903 2820 et
1929 2775 2055 2820 tunc
2082 2763 2212 2820 lice-

618 2861 712 2913 bat
741 2858 924 2914 videre
949 2859 1089 2928 quod
1117 2859 1320 2914 dictum
1346 2859 1443 2914 fuit
1483 2873 1514 2913 a
1545 2861 1762 2931 Moyse,
1793 2858 1984 2915 caelum
2011 2857 2212 2912 factum

619 2965 830 3006 aeneum
848 2951 1034 3024 (Deut.
1059 2951 1151 3008 28.
1177 2952 1294 3022 25),
1321 2964 1375 3008 et
1394 2953 1633 3025 quotidie
1659 2953 1956 3022 exspectari
1983 2962 2211 3007 mortem

623 3044 771 3096 omni
802 3053 976 3099 mor-te
1002 3045 1326 3115 graviorem.
1361 3045 1465 3101 Sed
1497 3061 1618 3100 cum
1653 3055 1836 3114 postea
1869 3045 2040 3100 visum
2070 3052 2213 3099 esset

621 3134 855 3204 benigno
881 3144 936 3190 et
959 3135 1213 3192 clementi
1243 3137 1373 3202 Deo,
1399 3146 1592 3207 praeter
1611 3153 1760 3207 spem
1781 3151 2018 3200 onmem,
2044 3137 2211 3192 multa

622 3233 784 3296 atque
812 3226 949 3280 adeo
986 3225 1190 3288 infinita
1219 3243 1286 3282 ex
1317 3228 1427 3284 alto
1457 3228 1652 3284 cecidit
1681 3229 1858 3298 pluvia
1891 3246 1906 3283 :
1939 3239 1995 3284 et
2021 3243 2213 3284 omnes

614 3319 727 3390 jam
747 3317 940 3374 festum
963 3320 1105 3376 diem
1127 3321 1376 3390 agebant,
1397 3330 1667 3392 tamquam
1689 3321 1781 3391 qui
1803 3336 1868 3377 ex
1892 3322 2022 3390 ipsis
2045 3322 2212 3392 portis

623 3411 814 3465 mortis
839 3412 1231 3468 ascendissent.
1262 3412 1369 3468 Sed
1400 3414 1451 3467 in
1485 3412 1644 3468 tantis
1675 3413 1828 3468 bonis
1858 3423 1916 3469 et
1941 3415 2213 3470 communi

623 3505 862 3558 omnium
909 3505 1092 3559 laetitia
1135 3505 1351 3576 quidam
1397 3521 1463 3561 ex
1509 3505 1608 3569 iis,
1650 3505 1739 3577 qui
1780 3505 1936 3561 valde
1975 3506 2214 3575 opulenti

621 3605 795 3663 erant,
820 3597 1082 3651 circuibat
1112 3605 1337 3653 maestus
1365 3607 1419 3652 et
1446 3599 1634 3663 tristis,
1664 3613 1773 3666 pra:
1799 3598 1963 3651 animi
1991 3596 2213 3668 aegritu-

622 3687 752 3742 dine
781 3696 1026 3742 mortuus
1051 3727 1067 3753 ,
1113 3697 1166 3742 et
1211 3688 1392 3742 multis
1429 3703 1648 3743 causam
1688 3689 2000 3758 rogantibus
2027 3704 2126 3744 cur
2159 3691 2213 3743 in

617 3781 891 3836 communi
919 3782 1156 3836 omnium
1182 3781 1362 3836 Imtitia
1389 3781 1539 3837 solus
1567 3781 1794 3848 doleret,
1828 3797 1896 3836 ne
1922 3782 2064 3836 intus
2089 3783 2213 3852 qui-

620 3874 746 3928 dem
773 3873 1050 3930 continerc
1068 3875 1242 3945 potuit
1263 3874 1402 3929 hanc
1421 3889 1636 3946 gravem
1659 3875 1824 3929 animi
1853 3875 2214 3945 perturbatio-

621 3982 744 4021 nem
769 4009 786 4032 ,
829 3967 924 4022 sed
969 3981 1000 4021 a
1049 3967 1222 4023 morbi
1268 3978 1498 4038 punctus
1540 3967 1862 4041 tyrannide,
1891 3982 2110 4023 causam
2159 3969 2213 4023 in

625 4058 860 4114 medium
891 4060 1111 4130 protulit
1143 4077 1156 4114 :
1187 4058 1320 4115 Cum
1362 4059 1586 4115 habeam
1606 4100 1622 4127 ,
1654 4060 1860 4130 inquit,
1905 4059 2217 4116 innumeras

627 4167 910 4210 mensuras
934 4152 1212 4220 frumenti,
1243 4152 1427 4209 nescio
1457 4152 1546 4208 ubi
1574 4153 1691 4208 illas
1713 4153 2003 4225 deponam.
2036 4152 2218 4209 Hunc-

622 4246 785 4313 cine,
817 4245 904 4303 die
945 4261 1146 4317 quaeso,
1180 4261 1278 4317 pro
1323 4245 1408 4301 his
1450 4245 1628 4301 verbis
1668 4244 1881 4302 beatum
1920 4247 2212 4312 ducemus,

621 4353 724 4408 pro
749 4339 942 4410 quibus
967 4339 1296 4410 oportuisset
1317 4355 1444 4395 eum
1464 4339 1620 4396 obrui
1646 4339 1934 4409 lapidibus,
1957 4339 2216 4410 quiesset

620 4431 810 4502 quavis
853 4431 965 4488 fera
1011 4431 1314 4499 crudelior,
1363 4432 1456 4503 qui
1484 4440 1630 4489 esset
1657 4432 1959 4488 communis
2002 4431 2217 4489 hostis?

621 4523 762 4591 Quid
793 4523 948 4588 dicis,
979 4537 1015 4578 o
1043 4523 1246 4578 homo?
1270 4522 1423 4578 doles
1446 4522 1592 4593 quod
1616 4537 1722 4578 non
1748 4523 2006 4593 perierint
2026 4538 2218 4581 omnes

625 4625 686 4669 ut
704 4631 895 4670 aurum
917 4615 1176 4684 cogeres?
1201 4631 1309 4671 non
1333 4615 1581 4671 audivisti
1604 4615 1730 4685 quid
1752 4615 1895 4670 dicat
1918 4615 2173 4673 Salomon
2197 4636 2215 4674 :

600 4707 730 4772 Qui
768 4707 1011 4775 frumenti
1048 4718 1200 4780 auget
1237 4708 1490 4778 pretium,
1534 4719 1610 4763 est
1648 4709 1840 4778 populo
1876 4711 2218 4766 exsecranda:

629 4799 815 4872 (Prov.
847 4800 936 4874 ll.
967 4798 1097 4871 26)?
1145 4799 1238 4856 sed
1267 4801 1464 4858 circuis
1504 4801 1806 4856 communis
1851 4800 2095 4857 inimicus
2123 4803 2219 4859 bo-

622 4907 818 4947 norum
842 4891 990 4949 orbis
1013 4902 1188 4959 terrae,
1218 4901 1274 4948 et
1299 4891 1469 4948 hostis
1489 4892 1794 4949 liberalitati
1819 4893 2028 4949 Domini
2055 4896 2218 4950 totius

629 4985 834 5050 mundi,
863 4994 918 5040 et
947 5000 1269 5041 mammonae
1295 4986 1522 5053 amicus,
1554 4986 1638 5041 vel
1669 4987 1846 5056 potius
1877 4987 2107 5042 servus?
2131 4987 2216 5042 An

629 5093 738 5132 non
791 5078 1072 5149 oportebat
1125 5079 1361 5149 linguam
1415 5077 1564 5132 illam
1613 5079 1924 5148 amputari?
1965 5094 2074 5133 non
2121 5094 2218 5135 cor

624 5170 895 5238 exstingui
924 5169 1066 5240 quod
1098 5169 1215 5224 haec
1240 5169 1400 5226 verba
1429 5169 1751 5239 pepererat?

698 5262 752 5316 8.
800 5261 1044 5316 Vidisun’
1083 5261 1354 5333 quomodo
1397 5275 1585 5316 aurum
1627 5277 1733 5316 non
1779 5263 1921 5317 sinat
1968 5259 2219 5318 homines

623 5369 748 5408 esse
773 5353 1038 5418 homines,
1063 5354 1158 5409 sed
1186 5355 1326 5410 feras
1353 5362 1404 5409 et
1430 5355 1704 5409 daemones
1733 5356 1757 5407 ?
1784 5353 1921 5422 Quid
1946 5355 2087 5410 enim
2118 5354 2219 5410 hoc

618 5445 792 5500 'divitc
819 5445 980 5500 fuerit
1007 5446 1385 5511 miserabilius,
1419 5445 1508 5516 qui
1533 5454 1679 5514 optat
1707 5445 1943 5516 quotidie
1973 5461 2094 5500 esse
2135 5446 2215 5499 fa-

627 5552 794 5604 mem,
828 5545 885 5592 ut
911 5538 960 5591 ei
993 5537 1062 5591 sit
1089 5539 1322 5592 aurum?
1363 5537 1442 5592 Ad
1469 5537 1794 5591 contrarium
1828 5538 1968 5591 enim
1996 5538 2045 5591 ei
2077 5539 2216 5593 redit

627 5630 794 5684 animi
835 5627 1169 5698 perturbatio
1196 5646 1210 5681 :
1239 5643 1412 5698 neque
1456 5627 1596 5683 enim
1642 5628 1852 5682 [tutatur
1886 5627 2214 5683 abundantia

631 5720 990 5787 possessionis
1019 5718 1283 5772 fructuum
1304 5759 1318 5784 ,
1361 5721 1453 5772 sed
1491 5726 1708 5787 pr0pter
1735 5719 1834 5772 hoc
1863 5718 2036 5787 ipsum
2065 5718 2216 5775 dolet

631 5813 775 5880 quod
806 5812 1010 5866 infinita
1055 5810 1344 5880 possideat.
1379 5811 1538 5881 Atqui
1571 5826 1692 5865 eum
1723 5811 1812 5881 qui
1847 5811 2011 5866 multa
2042 5814 2214 5881 possi-

624 5902 737 5971 det,
785 5904 952 5960 lartari
992 5910 1249 5978 oportet:
1282 5903 1380 5962 iste
1421 5909 1598 5959 autem
1639 5911 1858 5975 prapter
1892 5903 1994 5961 hoc
2032 5904 2211 5977 ipsum

1382 440 1438 494 s.
1475 435 1754 495 JOANNIS
1789 430 2260 493 cunvsosrom
2299 430 2610 492 ARClllEP.
2652 437 3183 500 cousraurmor.
3775 459 3850 518 ω

2335 549 2519 604 animo
2543 553 2779 622 angitur.
2816 554 3003 611 Viden'
3033 558 3175 628 quod
3195 601 3209 624 ,
3242 559 3378 615 sicut
3401 560 3540 632 dixi,
3570 580 3666 621 non
3693 576 3849 628 tantam

2330 655 2397 694 cx
2428 643 2784 711 praesentibus
2805 647 3076 718 accipiunt
3100 651 3421 721 voluptatem
3441 671 3527 724 qut
3548 667 3662 712 sunt
3681 660 3848 728 divites,

2332 742 2586 802 quantam
2631 738 2798 792 animi
2841 740 3111 796 sustinent
3156 743 3522 814 aegritudinem
3566 764 3626 804 ex
3667 751 3724 806 iis
3760 768 3849 825 qua

2329 826 2566 882 nondum
2615 828 2988 887 advenerunt?
3036 833 3168 890 Nam
3211 837 3304 907 qui
3343 836 3583 894 frumenti
3625 857 3851 900 mensum

2329 919 2639 988 possidebat
2685 922 2994 980 innumeras
3019 966 3036 990 ,
3070 929 3240 998 magis
3276 928 3489 985 dolebat
3515 941 3568 986 et
3594 932 3851 1004 ingemisce-

2327 1010 2440 1076 bat,
2468 1029 2625 1083 quam
2652 1015 2743 1085 qui
2773 1017 3046 1072 esuriebat
3069 1037 3084 1074 :
3107 1029 3160 1074 et
3187 1019 3277 1090 qui
3307 1023 3654 1078 necessarium
3682 1025 3850 1094 quidem

2327 1101 2561 1160 habebat
2582 1106 2918 1176 alimentum,
2943 1112 3304 1167 coronabatur
3327 1124 3381 1168 et
3407 1116 3688 1171 exsultabat
3706 1128 3752 1172 et
3772 1119 3851 1172 Deo

2325 1197 2519 1265 agebat
2537 1199 2766 1268 gratias;
2793 1202 2883 1270 qui
2904 1211 3082 1257 autem
3106 1211 3214 1258 tam
3236 1205 3399 1260 multa
3425 1206 3728 1276 possidebat,
3746 1223 3852 1279 aegre

2327 1285 2554 1354 ferebat,
2575 1296 2632 1344 et
2652 1304 2712 1344 se
2733 1292 2957 1361 periisse
2976 1293 3337 1351 existimabat.
3363 1297 3477 1351 Non
3497 1306 3577 1352 est
3594 1313 3709 1369 ergo
3722 1299 3847 1354 abun.

2325 1378 2507 1435 dantia
2533 1397 2652 1452 qua:
2677 1383 2844 1440 efficit
2871 1386 3222 1457 voluptatem,
3256 1389 3352 1444 sed
3380 1406 3530 1446 mens
3555 1392 3852 1464 philosolihia

2321 1471 2524 1528 dedita.
2552 1473 2685 1529 Nam
2710 1477 2913 1548 absque
2934 1493 2998 1534 ea
3024 1480 3234 1536 etiamsi
3263 1482 3524 1553 quispiam
3551 1485 3714 1538 omnia
3735 1498 3851 1538 acce-

2325 1564 2485 1634 perit,
2519 1573 2791 1637 tamquam
2815 1571 3065 1626 omnibus
3089 1574 3329 1643 privatus
3351 1575 3608 1630 efficietur
3625 1584 3675 1631 et
3695 1575 3854 1630 lamen-

2326 1655 2546 1712 tabitur.
2579 1658 2677 1715 llic
2704 1661 2870 1728 enim,
2902 1662 2970 1717 de
2995 1679 3102 1733 quo
3132 1680 3274 1721 nunc
3299 1668 3493 1736 agitur,
3520 1668 3712 1723 etiamsi
3739 1677 3852 1721 tanto

2323 1759 2526 1818 quanto
2569 1751 2830 1808 voluisset
2873 1756 3046 1824 pretio
3089 1759 3422 1814 vendidisset
3467 1775 3583 1830 qua:
3629 1761 3852 1826 habebat,

2320 1856 2506 1899 rursus
2547 1845 2809 1902 doluisset
2839 1849 2982 1919 quod
3021 1865 3128 1905 non
3169 1853 3340 1922 pluris
3380 1853 3797 1910 vendidisset:et
3818 1853 3852 1906 si

2322 1935 2493 2004 pluris
2519 1939 2820 2007 potuisset,
2848 1956 3034 1997 rursus
3062 1942 3222 1998 aliam
3248 1945 3582 2014 quaesivisset
3608 1958 3852 2014 exsupera-

2323 2028 2522 2082 tionem
2549 2045 2565 2082 :
2591 2038 2646 2084 et
2670 2031 2714 2084 si
2743 2032 2980 2087 modium
3012 2048 3120 2089 uno
3145 2050 3310 2090 aureo
3338 2037 3764 2101 venutndedisset,
3789 2033 3854 2088 hic

2318 2133 2533 2190 quoque
2581 2136 2771 2177 rursus
2817 2124 2981 2179 animi
3028 2127 3346 2196 aegritudine
3394 2127 3578 2183 fuisset
3616 2128 3851 2190 laceratus,

2321 2211 2466 2280 quod
2495 2225 2601 2266 non
2626 2213 2760 2268 tanti
2783 2213 2975 2270 fuisset
2994 2217 3366 2273 semintodius.
3395 2218 3449 2275 Si
3470 2228 3639 2274 autem
3659 2218 3720 2273 ab
3737 2217 3853 2271 initio

2322 2317 2431 2356 non
2465 2304 2597 2358 tanti
2627 2303 2728 2359 fuit
2759 2306 2986 2375 pretium
3010 2349 3025 2372 ,
3058 2323 3128 2362 ne
3153 2309 3389 2364 mireris.
3431 2309 3562 2365 Nam
3587 2318 3636 2365 et
3660 2309 3737 2380 qui
3760 2315 3854 2362 sunt

2318 2395 2478 2460 ebrii,
2508 2411 2614 2451 non
2637 2398 2706 2452 ab
2726 2399 2881 2454 initio
2904 2399 3280 2470 incenduntur,
3302 2402 3400 2458 sed
3419 2418 3538 2458 cum
3562 2403 3716 2457 multo
3737 2413 3854 2455 mero

2319 2486 2524 2542 fuerint
2549 2487 2775 2558 impleti,
2807 2499 2935 2544 tunc
2955 2491 3255 2560 graviorem
3277 2493 3585 2549 accendunt
3609 2493 3848 2548 flammam.

2319 2576 2462 2648 Ergo
2487 2579 2575 2633 isti
2601 2594 2815 2650 quoque
2839 2595 2947 2650 quo
2974 2581 3126 2651 plura
3173 2583 3372 2638 fuerint
3409 2583 3698 2654 complexi,
3729 2596 3785 2636 eo
3814 2581 3852 2633 in

2318 2669 2510 2739 majori
2549 2679 2676 2724 sunt
2710 2670 2888 2742 inepia
2913 2689 2928 2726 :
2950 2682 3005 2726 et
3032 2673 3123 2743 qui
3146 2673 3300 2743 plura
3331 2675 3639 2740 luerantur,
3666 2673 3697 2727 ii
3722 2670 3854 2739 magis

2317 2769 2495 2834 egent.
2527 2761 2654 2818 Haec
2675 2774 2852 2820 autem
2873 2781 2904 2819 a
2925 2779 3013 2820 me
3039 2781 3144 2820 non
3167 2767 3344 2821 solum
3372 2767 3446 2822 illi
3473 2768 3609 2823 dicta
3632 2774 3758 2828 sunt,
3781 2761 3853 2818 sed

2316 2858 2606 2928 unicuique
2633 2872 2821 2914 eorum
2843 2859 2935 2929 qui
2960 2860 3062 2915 hoc
3086 2861 3276 2916 morbo
3306 2862 3569 2929 laborant,
3596 2870 3649 2917 et
3670 2869 3854 2915 annona

2318 2951 2548 3020 pretium
2578 2961 2791 3023 augent,
2819 2954 3172 3025 proximoque
3197 2966 3490 3026 procurant
3517 2965 3851 3027 paupertatem.

2317 3042 2670 3114 Benignitatis
2695 3045 2840 3100 enim
2868 3053 2923 3100 et
2950 3045 3297 3102 humanitatis
3332 3062 3590 3118 nusquam
3620 3045 3744 3116 apud
3766 3041 3855 3097 illos

2317 3144 2402 3190 est
2423 3138 2592 3204 ratio;
2617 3135 2711 3192 sed
2735 3137 2930 3208 ubique
2953 3138 3192 3207 pecunia:
3206 3154 3366 3195 amor
3380 3141 3642 3196 venalium
3660 3146 3856 3204 tempore

2318 3228 2518 3284 multos
2539 3230 2804 3299 exagitat,
2840 3245 2902 3284 ac
2929 3229 3256 3286 frumentum
3284 3242 3345 3287 et
3368 3235 3550 3288 vinum
3579 3231 3662 3286 ille
3681 3226 3858 3302 quidem

2317 3321 2499 3389 citius,
2522 3320 2609 3376 hic
2627 3336 2757 3377 vero
2772 3322 2954 3376 vendit
2975 3323 3175 3377 tardius
3195 3339 3211 3388 ;
3235 3333 3431 3380 neuter
3446 3336 3619 3378 autem
3635 3321 3698 3377 ob
3713 3329 3857 3373 curam

2319 3428 2478 3483 quam
2507 3411 2736 3482 publicae
2761 3413 2836 3468 rei
2863 3422 3033 3484 gerat,
3061 3413 3156 3469 sed
3189 3414 3280 3468 ille
3311 3415 3530 3486 quidem
3561 3421 3613 3468 ut
3643 3411 3771 3481 plura
3791 3418 3859 3460 ac-

2320 3506 2507 3574 cipiat,
2537 3503 2626 3560 hic
2649 3515 2828 3560 autem
2857 3520 2927 3560 ne
2953 3505 3232 3576 pauciora,
3262 3505 3346 3562 sic
3373 3514 3576 3561 mutato
3605 3503 3776 3558 fructu.

2391 3596 2674 3650 Avarorum
2711 3597 2976 3650 tenacitas.
2997 3595 3218 3651 —Nam
3259 3598 3516 3666 quoniam
3554 3595 3723 3666 plures
3755 3584 3859 3655 legis

2321 3689 2417 3745 Dei
2458 3703 2710 3758 magnam
2757 3705 2864 3743 non
2897 3687 3154 3743 habentes
3183 3693 3451 3743 rationem
3473 3730 3490 3754 ,
3521 3686 3686 3741 omnia
3715 3687 3860 3736 tenent

2320 3782 2465 3836 intus
2493 3781 2698 3835 inclusa
2724 3797 2739 3847 ;
2787 3781 2944 3835 aliter
2971 3795 3068 3836 eos
3096 3779 3238 3835 Deus
3268 3782 3542 3836 adducens
3569 3777 3635 3833 ad
3659 3768 3859 3841 benigni-

2320 3881 2486 3928 tatem
2528 3882 2584 3927 et
2611 3873 2992 3928 humanitatem
3013 3912 3030 3939 ,
3072 3881 3131 3927 ut
3155 3873 3238 3927 vel
3269 3889 3338 3928 ex
3369 3872 3677 3928 necessitate
3697 3859 3858 3932 aliquid

2321 3963 2450 4018 boni
2469 3963 2687 4032 faciant,
2705 3964 2926 4032 majoris
2945 3963 3128 4019 damni
3151 3963 3326 4033 injicit
3341 3973 3543 4020 metum
3565 3979 3579 4016 :
3599 3974 3696 4015 non
3714 3956 3860 4011 sinent

2320 4055 2374 4110 in
2403 4054 2634 4108 multum
2663 4063 2874 4124 tempus
2901 4055 3096 4110 durare
3119 4057 3325 4110 fructus
3349 4066 3526 4120 terra,
3551 4063 3607 4108 ut
3624 4050 3788 4106 saltem
3808 4055 3860 4096 ex

2318 4163 2509 4204 eorum
2537 4149 2890 4218 corruptione
2931 4149 3195 4204 damnum
3231 4149 3522 4213 timentes,
3549 4160 3613 4201 ea
3639 4141 3716 4198 vel
3743 4133 3858 4192 inviti

2321 4239 2537 4296 tradant
2563 4241 2873 4311 egentibus,
2913 4256 3035 4312 quae
3072 4241 3218 4296 domi
3258 4242 3462 4297 infossa
3494 4239 3628 4295 male
3667 4237 3858 4290 servant.
3891 4255 3897 4260 ~

2323 4334 2520 4390 Verum
2561 4343 2684 4404 post
2722 4331 2839 4389 haec
2880 4334 3042 4390 etiam
3084 4343 3208 4389 sunt
3245 4334 3466 4405 quidam
3498 4333 3626 4388 adeo
3662 4322 3859 4392 inexP'e'

2321 4427 2479 4494 biles,
2502 4436 2562 4482 ut
2579 4443 2648 4484 ne
2669 4427 2794 4484 hinc
2811 4428 3026 4499 quidem
3048 4427 3402 4498 castigentur.
3419 4425 3564 4481 Multi
3585 4431 3718 4480 certe
3734 4416 3860 4472 etiam

2321 4519 2528 4590 integra
2566 4519 2708 4574 dolia
2752 4519 3162 4587 exinanierunt,
3203 4529 3261 4574 et
3300 4534 3370 4574 ne
3406 4517 3651 4590 cyathum
3687 4506 3860 4580 quidem

2321 4612 2543 4683 pauperi
2571 4611 2868 4675 dederunt,
2899 4625 3000 4666 nec
3023 4610 3268 4681 pecuniae
3297 4609 3569 4665 tantillum
3596 4601 3858 4675 egentibus.

2321 4715 2531 4761 acetum
2563 4715 2740 4760 autem
2772 4721 2838 4760 ex
2866 4705 2991 4760 vino
3019 4703 3219 4760 factum
3248 4715 3421 4760 totum
3456 4702 3596 4756 humi
3621 4696 3858 4770 jecerunt.

2322 4796 2572 4868 doliaque
2616 4811 2712 4851 sua
2757 4797 2916 4864 simul
2957 4812 3078 4852 cum
3107 4797 3231 4851 vino
3259 4810 3571 4864 corrupere.
3598 4790 3692 4849 Alii
3719 4792 3859 4839 autem

2323 4908 2510 4948 rursus
2539 4907 2661 4947 cum
2692 4907 2760 4947 ne
2783 4892 2942 4946 offam
2969 4891 3186 4962 quidem
3214 4891 3478 4946 esurienti
3507 4880 3858 4955 impertiissenl.

2324 4986 2561 5055 integras
2593 4983 2843 5039 frumenti
2884 4999 3073 5052 capsas
3116 4985 3168 5037 in
3202 4982 3421 5037 fluvium
3451 4970 3862 5050 projererunt:et

2323 5077 2575 5147 quoniam
2607 5076 2771 5130 Dettm
2799 5089 2905 5130 non
2936 5074 3220 5129 audierunt
3238 5074 3522 5144 jubentem
3549 5071 3669 5124 dare
3693 5056 3856 5132 egenis,

2318 5170 2541 5240 jubente
2565 5168 2707 5223 tinea
2728 5167 2813 5222 vel
2839 5167 2990 5220 inviti
3015 5164 3269 5236 quidquid
3299 5172 3420 5219 erat
3445 5165 3585 5218 intus
3610 5149 3860 5213 effuderintl

2323 5239 2388 5316 ad
2417 5261 2640 5316 exitium
2668 5269 2724 5315 et
2751 5270 3050 5316 extremum
3092 5257 3370 5313 interitum
3396 5298 3413 5322 ,
3446 5255 3664 5310 multum
3688 5239 3857 5316 quidem

2322 5356 2490 5409 risum
2516 5395 2532 5420 ,
2576 5353 2772 5407 multas
2817 5362 2994 5407 autem
3044 5350 3447 5406 exsecrationes
3475 5347 3528 5400 in
3557 5353 3700 5398 suum
3737 5332 3860 5424 capi“

2325 5446 2482 5500 simul
2509 5461 2630 5501 cum
2673 5445 2774 5498 hoc
2804 5443 3001 5498 damno
3029 5440 3383 5496 attrahentes.
3418 5437 3484 5492 Et
3511 5448 3627 5505 qua:
3658 5429 3734 5482 hic
3765 5434 3860 5489 φη·

2320 5539 2444 5594 dem
2475 5539 2608 5592 fiunt
2637 5546 2764 5592 sunt
2801 5537 3064 5606 ejusmodi
3098 5553 3111 5588 :
3142 5549 3258 5601 quas
3284 5543 3464 5586 autem
3496 5530 3630 5592 illic,
3656 5522 3858 5592 quamam

2323 5631 2602 5701 explicarit
2630 5629 2852 5683 oratio?
2899 5629 3048 5684 Sicut
3090 5627 3231 5680 enim
3261 5624 3348 5678 isti
3381 5639 3409 5676 a
3443 5623 3582 5676 tinea
3607 5610 3861 5706 exesum

2323 5721 2512 5776 inutile
2557 5719 2823 5775 redditum
2863 5719 3191 5772 frumentum
3233 5715 3286 5768 in
3326 5715 3516 5768 fluvios
3559 5704 3862 5780 iaciuntst

2322 5826 2418 5867 eos
2438 5812 2525 5881 qui
2553 5811 2668 5865 haec
2694 5810 2958 5877 fecerunt,
2988 5821 3205 5878 propter
3226 5805 3331 5861 hoc
3357 5806 3528 5874 ipsum
3549 5797 3744 5856 inutiles
3767 5783 3866 5842 red-

2323 5905 2486 5976 ditos,
2514 5904 2728 5976 projicit
2755 5903 2897 5962 Deus
2925 5905 2982 5960 in
3004 5901 3224 5959 ﬂuvium
3253 5899 3414 5972 ignis.
3442 5899 3586 5956 Sicut
3611 5890 3742 5951 enim
3763 5883 3860 5939 fru-
