3998 6442
332 402 444 461 313

234 528 237 529 ⁷
315 513 674 579 πλουτοῦντα,
722 513 1210 589 δορυφορούμενον,
1262 516 1500 581 κόλακας
1541 517 1732 588 ἔχοντα
1765 518 1893 571 πολ-

318 605 468 671 λούς,
527 606 601 677 μὴ
652 607 989 679 καταπέσης,
1061 608 1199 663 ἀλλὰ
1264 609 1540 676 στέναξον,
1606 609 1892 681 δάκρυσον,

314 697 700 768 παρακάλεσον
743 699 834 752 τὸν
864 698 1018 763 Θεὸν,
1049 699 1190 754 ὥστε
1229 700 1394 753 αὐτὸν
1434 700 1517 763 είς
1547 701 1673 765 τοὺς
1709 700 1896 770 φίλους

312 788 641 856 κατατάξαι·
668 789 762 844 καὶ
785 791 896 861 ϐσῳ
918 790 984 844 ἂν
1007 786 1069 845 εὖ
1100 792 1315 865 πράττῃ
1335 791 1526 862 ἐχθρὸς
1541 790 1640 854 ὣν,
1655 790 1895 862 τοσούτῳ

313 879 481 932 αὐτὸν
510 879 708 949 μᾶλλον
737 881 1030 951 πένθησον.
1063 882 1203 944 Τοὺς
1246 883 1355 952 γὰρ
1409 880 1767 952 ἁμαρτωλοὺς
1808 883 1895 936 ἀεὶ

207 964 219 974 ’
316 971 422 1042 μὲν
461 970 680 1042 θρηνεῖν
709 971 810 1038 δεῖ,
853 972 1088 1043 μάλιστα
1136 972 1194 1026 δὲ
1230 972 1358 1026 ὅταν
1399 974 1493 1027 καὶ
1528 972 1756 1028 πλούτου
1800 974 1894 1026 καὶ

312 1061 521 1132 πολλῆς
547 1062 891 1117 ἀπολαύωσιν
913 1064 1235 1136 εὐημερίας,
1261 1063 1511 1134 καθάπερ
1531 1064 1658 1127 τοὺς
1677 1063 1887 1118 νοσοῦν-

310 1168 435 1218 τας,
461 1151 591 1205 ὅταν
615 1152 1018 1225 γαστρίξωνται
1054 1156 1148 1208 καὶ
1176 1153 1468 1225 μεθύωσιν.
1518 1155 1655 1209 Ἀλλ’
1682 1156 1788 1209 εἰσί
1812 1172 1892 1208 τι·

306 1261 427 1310 νες,
465 1245 516 1299 οἶ
554 1248 648 1301 καὶ
683 1247 888 1301 τούτων
933 1249 1223 1312 ἀκούοντες
1254 1247 1364 1303 τῶν
1403 1248 1683 1319 ῥημάτων,
1716 1247 1892 1312 οὕτως

307 1336 514 1400 ἀθλίως
555 1337 876 1404 διάκεινται,
914 1339 990 1403 ώς
1026 1339 1303 1404 στενάζειν
1332 1340 1416 1407 ἐφ’
1449 1342 1663 1403 ἑαυτοῖς
1696 1339 1891 1409 πικρὸν

309 1431 410 1484 καὶ
437 1429 640 1501 λέγειν,
673 1431 756 1486 ὅτι
785 1432 1049 1501 Δακρύων
1079 1431 1228 1498 ἄξιος
1274 1432 1387 1501 ἐγὼ
1434 1435 1464 1486 6
1519 1433 1687 1505 μηδὲν
1725 1433 1887 1504 ἔχων.

308 1520 512 1586 Καλῶς
551 1517 727 1587 εἶπες,
765 1522 824 1577 '0
861 1523 1027 1595 μηδὲν
1073 1524 1232 1595 ἔχων,
1267 1525 1368 1579 οὐκ
1400 1524 1586 1597 ἐπειδὴ
1619 1525 1720 1579 οὐκ
1744 1524 1890 1597 ἔχεις

308 1612 455 1685 ἅπερ
477 1614 704 1680 ἐκεῖνος,
735 1615 851 1670 ἀλλ’
882 1616 1068 1687 ἐπειδὴ
1094 1617 1430 1689 μακαριστὸν
1454 1616 1516 1670 τὸ
1546 1619 1778 1689 πρᾶγμα
1803 1634 1890 1671 νο-

307 1705 493 1775 μίζεις
518 1723 534 1737 ο
584 1706 666 1761 διὸ
708 1707 804 1761 καὶ
836 1707 1044 1780 μυρίων
1072 1707 1221 1774 ἄξιος
1248 1708 1315 1762 ἂν
1348 1708 1468 1779 εἴης
1502 1709 1737 1780 θρήνων.
1778 1710 1889 1764 Καὶ

303 1794 420 1865 γάρ
456 1794 512 1847 εί
538 1812 621 1859 τις
649 1796 707 1848 ἐν
727 1796 886 1867 ὑγείᾳ
920 1795 1029 1861 ζῶν
1053 1795 1350 1869 μακαρίζοι
1382 1797 1475 1851 τὸν
1501 1797 1889 1869 ἀρρωστοῦντα

302 1882 407 1936 καὶ
430 1883 489 1937 ἐν
512 1883 729 1956 μαλακῇ
754 1887 1010 1957 στρωμνῇ
1038 1885 1454 1956 κατακείμενον,
1478 1886 1685 1940 ἐκείνου
1707 1886 1887 1959 πολλῷ

299 1974 779 2048 ταλαιπωρότερος
802 1977 894 2031 καί
910 1975 1238 2047 ἀθλιώτερος
1254 1971 1436 2043 0510;,”
1447 1979 1529 2032 ὅτι
1551 1977 1658 2033 τῶν
1672 1979 1886 2033 οἰκείων

298 2066 531 2137 ἀγαθῶν
559 2068 813 2139 οὐδεμίαν
851 2069 1105 2141 αἴσθησιν
1137 2069 1273 2140 ἔχει.
1312 2071 1378 2123 Ὃ
1417 2070 1483 2140 δὴ
1517 2071 1612 2124 καὶ
1639 2071 1732 2125 ἐπὶ
1763 2072 1887 2125 τού-

297 2173 414 2212 των
468 2157 617 2212 ἐστιν
664 2160 794 2213 ἰδεῖν
840 2159 1174 2231 συμϐαῖνον·
1204 2159 1327 2215 ὃθεν
1381 2161 1474 2214 καὶ
1514 2162 1544 2214 6
1577 2159 1690 2230 βίος
1729 2162 1885 2232 ήμῶν

300 2250 454 2315 ἅπας
483 2253 815 2322 συγκέχυται
845 2253 938 2306 καὶ
963 2252 1316 2322 τετάρακται.
1348 2251 1535 2305 Ταῦτα
1562 2251 1671 2323 γὰρ
1695 2253 1762 2306 τὰ
1785 2254 1884 2324 ῥή-

300 2357 458 2410 ματα
505 2340 735 2411 μυρίους
778 2340 1049 2408 ἀπώλεσε,
1079 2343 1176 2395 καὶ
1211 2341 1291 2413 τῷ
1319 2340 1547 2413 διαϐόλῳ
1582 2341 1881 2412 προέδωκε,

297 2431 397 2484 καὶ
441 2429 549 2484 τῶν
594 2430 738 2503 λιμῷ
780 2432 1099 2504 τηκομένων
1150 2432 1551 2504 ἐλεεινοτέρους
1601 2432 1879 2504 ἐποίησεν.

298 2522 426 2577 Ὅτι
449 2522 560 2594 γὰρ
580 2524 629 2578 οί
639 2523 732 2577 τοῦ
756 2524 999 2590 πλείονος
1026 2524 1325 2595 ἐφιέμενοι,
1344 2519 1491 2579 οὗτοι
1510 2524 1729 2579 καὶτῶν
1755 2542 1884 2597 προ-

297 2615 633 2670 σαιτούντων
648 2617 786 2671 εἰσὶν
802 2616 1143 2688 ἀθλιώτεροι,
1169 2617 1264 2672 ἆτε
1281 2618 1378 2671 καὶ
1400 2618 1607 2688 μείζονι
1633 2618 1730 2671 καὶ
1766 2618 1882 2687 δρι-

298 2708 520 2781 μυτέρᾳ
541 2708 748 2780 ἀθυμίᾳ
781 2708 987 2762 τούτων
1013 2710 1389 2781 κατεχόμενοι,
1419 2710 1579 2780 δῆλον
1604 2711 1877 2768 ἐντεῦθεν.

371 2800 597 2872 Λύχμὸς
626 2800 894 2855 κατέλαϐέ
934 2818 1066 2855 ποτε
1107 2802 1208 2873 τὴν
1246 2802 1400 2856 πόλιν
1438 2803 1539 2874 τὴν
1580 2804 1878 2876 ἡμετέραν,

294 2894 398 2948 καὶ
424 2893 629 2957 πάντες
657 2894 888 2966 ἔτρεμον
920 2893 1063 2966 ὑπὲρ
1081 2893 1190 2948 τῶν
1217 2894 1478 2965 ἐσχάτων,
1505 2896 1598 2949 καὶ
1630 2897 1721 2951 τὸν
1747 2898 1880 2951 Θεὸν

294 2985 645 3058 παρεκάλουν
676 2986 835 3040 λῦσαι
854 2987 1003 3040 τουτὶ
1022 2986 1082 3040 τὸ
1114 2985 1250 3052 δέος·
1282 2987 1378 3041 καὶ
1402 2982 1473 3059 ἦν
1502 2988 1629 3042 ἰδεῖν
1666 2988 1787 3042 τότε
1818 2989 1881 3042 τὸ

296 3079 406 3131 ὑπὸ
432 3078 714 3142 Μωῦσέως
739 3075 1048 3149 εἰρημένον,
1078 3076 1316 3149 χαλκοῦν
1342 3077 1434 3132 τὸν
1466 3079 1695 3150 οὐρανὸν
1721 3096 1881 3149 γεγε-

295 3171 552 3241 νημένον,
593 3173 688 3225 καὶ
727 3169 957 3225 θάνατον
990 3170 1097 3225 τῶν
1138 3171 1395 3226 ἀπάντων
1435 3170 1682 3227 θανάτων
1723 3173 1881 3244 χαλε-

294 3259 548 3332 πώτερον
587 3260 711 3314 καθ’
739 3261 978 3331 ἑκάστην
1014 3259 1464 3332 προσδοκώμενον
1497 3261 1597 3334 τὴν
1642 3264 1876 3335 ἡμέραν.

305 3348 452 3403 Ἀλλ’
476 3349 721 3422 ὕστερον,
747 3349 906 3415 δόξαν
941 3350 1018 3422 τῷ
1048 3350 1417 3423 φιλανθρώπῳ
1455 3352 1596 3425 θεῷ,
1634 3355 1765 3426 παρ’
1792 3355 1882 3409 ἐλ-

202 3475 217 3486 ι
292 3444 425 3498 πίδα
451 3444 669 3498 ἃπασαν
702 3444 872 3510 πολὺς
905 3445 1240 3516 κατεφέρετο
1276 3445 1373 3501 καὶ
1415 3446 1642 3520 ἄπειρος
1671 3450 1880 3506 ἀνωθεν

291 3539 470 3605 ὑετὸς,
515 3538 611 3591 καὶ
651 3537 852 3602 πάντες
890 3539 949 3592 ὲν
986 3537 1289 3609 πανηγύρει
1324 3540 1419 3596 καὶ
1465 3542 1626 3615 ἑορτῇ
1672 3543 1878 3609 λοιπὸν,

292 3627 391 3683 ἅτε
430 3626 491 3692 ἐξ
535 3627 714 3681 αὐτῶν
749 3626 1050 3691 ἀναϐάντες
1092 3627 1203 3682 τῶν
1249 3628 1342 3682 τοῦ
1383 3630 1617 3685 θανάτου
1670 3632 1874 3689 πυλῶν.

293 3716 449 3792 [574]
481 3718 623 3772 Ἀλλ’
643 3719 701 3772 ἐν
719 3718 992 3784 τοσούτοις
1013 3719 1241 3787 ἀγαθοῖς
1268 3721 1363 3774 καὶ
1383 3724 1447 3793 τῇ
1471 3725 1623 3795 κοινῇ
1657 3725 1877 3779 πάντων

292 3807 624 3880 εὐφροσύνῃ,
654 3807 762 3861 τῶν
801 3808 1250 3873 ζαπλουτούντων
1278 3828 1364 3874 τις
1396 3812 1605 3867 τούτων
1648 3817 1875 3884 στυγνὸς

290 3902 389 3956 καὶ
410 3901 682 3972 κατηφὴς,
712 3899 1100 3973 ἀποτεθνηκὼς
1128 3901 1235 3955 ὑπὸ
1257 3902 1355 3974 τῆς
1375 3903 1615 3976 ἀθυμίας
1636 3908 1872 3980 περιῄει,

291 3993 390 4048 καὶ
420 3991 631 4045 πολλῶν
661 3992 760 4063 τὴν
786 3992 964 4047 αἰτίαν
998 3993 1440 4066 πυνθανομένων,
1472 3994 1542 4049 δι’
1596 3998 1664 4069 ἢν
1704 3999 1764 4053 ὲν
1805 4001 1871 4071 τῇ

290 4087 447 4159 κοινῇ
491 4084 710 4140 πάντων
755 4085 1060 4157 ἀνθρώπων
1103 4087 1265 4159 ἡδονῇ
1313 4089 1474 4159 μόνος
1527 4091 1704 4161 ἀλγεῖ,
1754 4092 1874 4148 οὐδὲ

291 4180 589 4249 κατασχεῖν
618 4175 764 4230 ἔνδον
795 4177 981 4246 ἴσχυσε
1009 4177 1071 4231 τὸ
1094 4179 1328 4249 χαλεπὸν
1353 4181 1511 4235 τοῦτο
1539 4182 1732 4251 πάθος,
1757 4184 1872 4239 ἀλλ’

293 4270 399 4323 ὑπὸ
429 4269 530 4339 τῆς
556 4268 869 4340 τυραννίδος
900 4269 996 4322 τοῦ
1027 4271 1332 4341 νοσήματος
1376 4273 1755 4349 κεντούμενος,
1793 4279 1874 4341 εἰς

294 4362 459 4431 μέσον
488 4360 751 4430 ἐξήνεγκε
781 4359 879 4431 τὴν
904 4360 1104 4415 αἰτίαν*
1137 4363 1322 4433 Μυρία
1355 4364 1464 4435 γὰρ
1503 4365 1676 4438 μέτρα
1722 4366 1871 4422 σίτου

290 4455 648 4526 κεκτημένος,
691 4454 877 4525 φησὶν,
915 4454 1014 4508 οὐκ
1055 4453 1161 4526 έχω
1213 4457 1334 4520 πῶς
1386 4455 1657 4530 διάθωμαι
1699 4458 1872 4516 ταῦτα

288 4541 628 4618 λοιπόν.⁷Αρ’
657 4543 753 4600 οὖν
776 4544 970 4600 τοῦτον
1000 4545 1402 4619 μακαριοῦμεν,
1434 4550 1558 4603 εἰπέ
1586 4567 1698 4621 μοι,
1731 4552 1871 4623 ὑπὲρ

286 4635 493 4692 τούτων
531 4637 642 4692 τῶν
685 4636 968 4708 ῥημάτων,
998 4638 1138 4710 ὑπὲρ
1167 4633 1244 4694 ὧν
1277 4639 1671 4696 καταλεύεσθαι
1707 4644 1871 4698 αὐτὸν

289 4730 419 4795 ἔδει,
441 4729 531 4783 τὸν
554 4729 620 4800 θη
630 4729 744 4800 ρίου
768 4729 970 4794 παντὸς
993 4730 1291 4803 ὠμότερον,
1318 4731 1412 4785 τὸν
1433 4734 1613 4788 κοινὸν
1642 4734 1868 4807 ὲχθρόν;

288 4822 356 4876 Τί
387 4822 587 4889 λέγεις,
610 4820 864 4891 ἄνθρωπε
886 4837 900 4886 ;
923 4822 1107 4891 ἀλγεῖς
1133 4823 1215 4877 ὅτι
1241 4822 1317 4895 μὴ
1344 4825 1545 4891 πάντες
1565 4825 1869 4893 ἀπώλοντο,

290 4912 379 4967 ῖνα
421 4913 486 4966 σὺ
523 4913 835 4984 συναγάγῃς
866 4913 1122 4984 χρυσίον;
1158 4915 1258 4968 οὐκ
1278 4917 1531 4987 ,ἤκουσας
1568 4919 1623 4971 τί
1649 4937 1814 4990 φησιν
1841 4921 1871 4974 6

289 5001 565 5073 Σολομῶν,
618 5002 671 5053 '0
720 5002 1080 5071 τιμιουλκῶν·
1110 5003 1304 5071 σῖτον,
1345 5004 1868 5077 δημοκατάρατος;

288 5091 425 5145 ἀλλά
474 5091 741 5164 περιέρχῃ
790 5093 969 5156 κοινὸς
1011 5094 1205 5166 ἐχθρὸς
1247 5094 1356 5148 τῶν
1395 5100 1493 5169 τῆς
1543 5101 1872 5172 οἰκουμένης

289 5186 529 5255 ἀγαθῶν,
556 5189 649 5241 καὶ
678 5190 743 5258 τῇ
774 5187 1053 5259 φιλοτιμίᾳ
1071 5188 1163 5242 τοῦ
1187 5189 1459 5245 Δεσπότου
1484 5192 1583 5263 τῆς
1614 5195 1869 5265 οἰκουμέ-

290 5293 388 5347 νης
412 5277 689 5348 πολέμιος,
719 5280 813 5332 καὶ
839 5278 934 5333 τοῦ
968 5282 1206 5351 μαμωνᾶ
1237 5281 1410 5351 φίλος,
1434 5283 1636 5353 μᾶλλον
1665 5285 1721 5339 δε
1745 5284 1870 5339 δοῦ-

289 5369 413 5437 10;;
438 5370 511 5423 Οὐ
535 5369 644 5442 γὰρ
672 5370 973 5441 ἐκκοπῆναι
1000 5371 1098 5442 τὴν
1126 5371 1372 5441 γλῶτταν
1399 5375 1616 5444 ἐκείνην
1638 5376 1775 5441 ἔδει;
1806 5379 1868 5431 οὐ

288 5463 401 5531 γάρ
433 5460 727 5532 σϐεσθῆναι
764 5461 865 5533 τὴν
900 5463 1125 5534 καρδίαν
1156 5462 1253 5533 τὴν
1293 5466 1464 5517 ταῦτα
1502 5466 1768 5521 τεκοῦσαν
1801 5469 1871 5521 τά

294 5551 515 5621 ῥήματα
533 5568 547 5614 ;

361 5650 436 5714 η’.
472 5639 624 5709 Εἶδες
649 5644 767 5708 πῶς
798 5644 899 5698 οὐκ
930 5645 1153 5715 ἀφίησιν
1200 5645 1523 5716 ἀνθρώπους
1558 5645 1698 5702 εἶναι
1743 5651 1870 5714 τοὺς

292 5735 614 5809 ἀνθρώπους
654 5738 715 5790 τὸ
743 5738 987 5810 χρυσίον,
1016 5738 1152 5792 ἀλλά
1178 5738 1341 5811 θηρία
1371 5741 1465 5794 καί
1484 5740 1771 5812 δαίμονας;
1802 5742 1869 5796 Τί

296 5825 406 5896 γὰρ
437 5826 501 5880 ἀν
530 5826 717 5881 τούτου
760 5827 955 5893 γένοιτ’
977 5827 1043 5883 ἂν
1077 5828 1432 5901 ἐλεεινότερον
1460 5831 1556 5887 τοῦ
1588 5832 1862 5904 πλουσίου,
1919 5902 1941 5910 ⁵

1327 398 1396 457 IN
1434 395 1648 458 EPIST.
1680 401 1701 455 l
1762 399 1851 456 AD
1887 398 2047 458 COR.
2099 399 2340 459 IIOMIL.
2381 403 2622 462 XXXIX.

3480 414 3588 472 SM

2009 517 2109 571 τοῦ
2138 518 2260 573 καθ’
2291 519 2528 591 ἑκάστην
2555 520 2770 592 ἡμέραν
2794 521 3089 593 εὐχομένου
3126 525 3378 591 γενέσθαι
3408 527 3569 599 λιμὸν

2013 611 2100 664 ἵνα
2128 611 2277 682 αὐτῷ
2308 613 2535 683 γένηται
2578 614 2837 683 χρυσίον;
2877 616 2988 669 Καὶ
3025 616 3134 688 γὰρ
3164 619 3245 681 είς
3282 620 3591 675 τούναντίον

2008 701 2158 773 αὐτῷ
2193 701 2256 755 τὸ
2290 702 2463 767 πάθος
2509 704 2859 774 περιίσταται
2877 703 3085 760 λοιπόν·
3112 707 3232 760 οὐδὲ
3267 708 3375 781 γὰρ
3408 711 3590 782 χαίρει

2008 795 2072 863 τῇ
2100 792 2337 866 ἀφθονίᾳ
2379 795 2478 864 τῆς
2502 794 2610 848 τῶν
2640 795 2870 866 καρπῶν
2896 797 3164 868 κτήσεως,
3197 798 3333 853 ἀλλά
3365 800 3433 855 δι’
3459 804 3595 856 αὐτὸ

2006 885 2107 953 μὲν
2155 880 2249 939 οὖν
2298 884 2458 939 τοῦτο
2505 885 2662 953 ἀλγεῖ
2690 886 2894 953 λοιπὸν,
2927 887 3009 940 ὅτι
3051 886 3256 959 ἄπειρα
3300 891 3586 963 κέκτηται.

2003 974 2197 1029 Καίτοι
2222 975 2313 1029 τὸν
2346 975 2516 1029 πολλά
2556 977 2893 1048 κεκτημένον
2929 979 3141 1050 χαίρειν
3180 979 3317 1035 ἔδει·
3345 975 3501 1048 οὗτος
3531 984 3589 1038 δὲ

2002 1065 2070 1118 δι’
2112 1065 2244 1119 αὐτὸ
2289 1066 2447 1121 τοῦτο
2501 1066 2721 1138 ἀθυμεῖ.
2763 1068 2926 1139 Ὁρᾷς
2965 1070 3065 1133 ὅτι,
3104 1071 3243 1142 ὅπερ
3279 1071 3485 1141 έλεγον,
3523 1075 3586 1126 οὐ

2000 1156 2272 1228 τοσαύτην
2297 1158 2406 1211 ἀπὸ
2430 1156 2538 1211 τῶν
2564 1157 2850 1229 παρόντων
2885 1159 3220 1229 καρποῦνται
3258 1161 3360 1232 τὴν
3391 1161 3589 1234 ἡδονὴν

1998 1250 2049 1300 οί
2076 1248 2458 1313 πλουτοῦντες,
2489 1250 2623 1319 ὅσην
2663 1248 2772 1303 ἀπὸ
2808 1249 2919 1303 τῶν
2958 1250 3185 1321 μηδέπω
3213 1269 3582 1327 προσγεγενη-

2003 1338 2183 1410 μένων
2211 1340 2544 1411 ὑπομένουσι
2567 1341 2667 1411 τὴν
2689 1340 2960 1411 ἀθυμίαν;
2994 1341 3053 1395 '0
3080 1342 3190 1414 γὰρ
3212 1342 3361 1396 σίτου
3387 1347 3583 1417 μυριάο

1996 1432 2097 1496 δας
2123 1432 2387 1503 ἀπείρους
2420 1433 2761 1504 κεκτημένος
2791 1433 2886 1486 τοῦ
2914 1434 3208 1498 πεινῶντος
3243 1434 3443 1505 μᾶλλον
3483 1436 3585 1508 ἦλ-

1997 1535 2087 1589 γει
2127 1521 2224 1575 καί¹
2261 1521 2468 1575 ἔστενεο
2497 1523 2595 1576 καὶ
2616 1522 2648 1575 ό
2675 1521 2776 1593 μὲν
2800 1522 2901 1592 τὴν
2935 1523 3245 1592 ἀναγκαίαν
3277 1523 3415 1595 ἔχων
3453 1542 3584 1596 τρο-

1999 1613 2109 1684 φὴν
2177 1612 2539 1683 ἐστεφανοῦτο
2582 1613 2676 1667 καὶ
2722 1614 2952 1684 ἐσκίρτα
3001 1613 3096 1668 καὶ
3134 1614 3457 1685 ηὐχαρίστει
3505 1617 3584 1687 τῷ

1996 1702 2138 1774 Θεῷο
2167 1706 2196 1759 6
2222 1705 2279 1758 δὲ
2313 1704 2568 1758 τοσοῦτον
2593 1706 2929 1776 κεκτημένος
2966 1705 3318 1776 ἐδυσχέραινε
3352 1708 3446 1761 καὶ
3476 1709 3583 1762 ἀπ-

1997 1791 2255 1848 ολωλέναι
2286 1793 2555 1865 ἐνόμιζεν.
2589 1795 2705 1849 Οὐκ
2748 1794 2860 1865 ἄρα
2907 1784 3199 1866 περιουσία
3232 1798 3380 1852 ἐστὶν
3400 1796 3448 1869 ’ἡ
3481 1798 3583 1870 τὴν

1998 1886 2195 1958 ἡδονὴν
2228 1885 2480 1952 ποιοῦσα,
2521 1887 2657 1942 ἀλλά
2697 1887 2892 1959 γνώμη
2928 1888 3245 1959 φιλόσοφος·
3274 1890 3351 1954 ὡς
3376 1890 3582 1961 ταύτης

1996 1976 2146 2042 ἄνευ,
2180 1976 2286 2032 κᾶν
2309 1979 2380 2032 τὰ
2408 1979 2587 2033 πάντα
2620 1995 2705 2043 τις
2722 1977 2905 2033 λαϐὼν
2936 1979 3056 2051 ἔχῃ,
3084 1979 3160 2043 ὡς
3188 1981 3404 2035 πάντων
3431 1983 3584 2035 ἐστε-

1997 2069 2235 2140 ρημένος
2280 2068 2426 2124 οὔτω
2455 2069 2795 2125 διακείσεται
2838 2072 2934 2124 καὶ
2970 2070 3252 2142 θρηνήσει.
3296 2071 3451 2126 Ἐπεὶ
3484 2072 3581 2126 καὶ

1993 2153 2168 2223 οὗτος,
2222 2159 2353 2231 περὶ
2369 2152 2433 2212 οῦ
2458 2159 2552 2213 νῦν
2574 2160 2705 2230 ἡμῖν
2727 2162 2756 2213 6
2779 2159 2960 2228 λόγος,
2985 2161 3034 2213 εί
3065 2160 3161 2214 καὶ
3183 2161 3452 2233 τοσαύτης
3476 2164 3581 2217 ἀπ-

1993 2250 2145 2305 έδοτο
2176 2251 2343 2322 τιμῆς
2374 2250 2519 2322 ἀπερ
2540 2247 2708 2323 εἶχεν,
2734 2252 2867 2321 ὅσης
2899 2250 3172 2317 ἐϐούλετο,
3201 2252 3361 2308 πάλιν
3384 2255 3451 2310 ἂν
3482 2256 3571 2326 ῆλο

1993 2359 2165 2414 γησεν
2189 2344 2273 2397 ὅτι
2298 2342 2376 2414 μὴ
2402 2343 2669 2408 πλείονος,
2701 2344 2793 2398 καὶ
2819 2345 2869 2397 εἰ
2907 2343 3152 2408 πλείονος
3182 2344 3389 2415 ἴσχυσε,
3417 2346 3581 2400 πάλιν

1994 2435 2062 2488 ἂν
2094 2433 2290 2506 ἑτέραν
2330 2435 2599 2505 ἐζήτησεν
2648 2434 2979 2506 ὑπερϐολὴν,
3016 2436 3112 2489 καὶ
3142 2437 3191 2488 εἰ
3229 2436 3292 2489 τὸ
3319 2436 3580 2509 μέδιμνον

1994 2525 2111 2589 ἐνὸς
2131 2524 2357 2596 χρυσίου
2387 2524 2614 2591 διέθετο,
2637 2524 2917 2579 κάνταῦθα
2946 2524 3259 2579 διεκόπτετο
3288 2527 3450 2581 πάλιν
3472 2528 3579 2582 ὐπὸ

1991 2617 2093 2686 τῆς
2128 2617 2392 2688 ἀθυμίας,
2425 2618 2508 2671 ὅτι
2546 2617 2622 2688 μὴ
2652 2616 2711 2671 τὸ
2734 2616 3095 2688 ἡμιμέδιμνον
3115 2615 3371 2672 τοσούτου
3397 2614 3486 2690 ἦν.
3513 2621 3580 2674 Εἰ

1990 2708 2047 2762 δὲ
2070 2709 2145 2782 μὴ
2181 2709 2332 2781 παρὰ
2355 2709 2455 2779 τὴν
2490 2708 2667 2780 ἀρχὴν
2698 2707 2955 2762 τοσούτου
2988 2710 3021 2778 ἡ
3052 2708 3207 2780 τιμὴ,
3246 2710 3323 2782 μὴ
3360 2711 3575 2783 θαυμά-

1994 2816 2114 2874 σῃςσ
2149 2801 2272 2854 ἐπεὶ
2307 2800 2406 2853 καὶ
2424 2800 2478 2853 οί
2510 2799 2801 2871 μεθύοντες
2831 2799 2933 2853 οὐκ
2962 2799 3020 2866 ἐξ
3056 2800 3230 2872 ἀρχῆς
3261 2801 3577 2875 ἐμπίπραν-

1988 2909 2102 2959 ται,
2134 2892 2250 2946 ἀλλ’
2279 2892 2410 2947 ὃταν
2431 2889 2629 2945 πολλοῦ
2652 2891 2748 2943 τοῦ
2768 2890 3009 2961 ἀκράτου
3035 2891 3414 2963 ἐμφορηθῶσι,
3454 2895 3577 2948 τότε

1990 2981 2380 3054 χαλεπωτέραν
2407 2981 2708 3036 ἀνάπτουσι
2731 2980 2829 3049 τὴν
2856 2978 3052 3049 φλόγα.
3081 2981 3192 3033 Καὶ
3222 2976 3365 3036 οὗτοι
3394 2983 3578 3037 τοίνυν

1989 3077 2100 3146 ὅσῳ
2143 3075 2211 3130 ἂν
2251 3074 2474 3128 πλείονα
2504 3072 2934 3144 περιϐάλωνται,
2984 3073 3224 3146 τοσούτῳ
3267 3076 3324 3130 ἐν
3367 3076 3577 3148 μείζονι

1989 3167 2169 3239 ἐνδείᾳ
2193 3165 2574 3229 καθίστανται,
2598 3166 2693 3218 καὶ
2719 3166 2767 3218 οἰ
2790 3165 3013 3220 πλείονα
3046 3167 3443 3237 κερδαίνοντες,
3480 3170 3576 3224 αὐ-

1988 3258 2072 3312 τοὶ
2107 3256 2344 3327 μάλιστά
2391 3256 2529 3309 εἰσιν
2558 3256 2608 3308 οί
2642 3255 2955 3325 πενόμενοι.
2988 3254 3141 3328 [575]
3172 3257 3358 3312 Ταῦτα
3395 3259 3453 3312 δέ
3483 3278 3575 3331 μοι

1986 3351 2048 3403 οὐ
2078 3347 2218 3419 πρὸς
2240 3347 2427 3401 τοῦτον
2453 3347 2668 3419 εἴρηται
2696 3347 2875 3417 μόνον,
2909 3348 3045 3403 ἀλλὰ
3068 3350 3164 3403 καὶ
3189 3350 3324 3423 πρὸς
3344 3351 3575 3408 ἕκαστον

1987 3442 2096 3495 τῶν
2124 3442 2194 3496 τὰ
2226 3440 2457 3495 τοιαῦτα
2482 3439 2804 3504 νοσούντων,
2830 3441 2925 3492 καὶ
2951 3439 3047 3509 τὴν
3069 3441 3178 3496 τῶν
3201 3442 3378 3497 ὠνίων
3407 3447 3574 3517 τιμὴν

1988 3531 2388 3596 ἐπιτεινόντων,
2420 3530 2517 3584 καὶ
2549 3530 2659 3583 τῶν
2692 3529 2919 3600 πλησίον
2951 3531 3051 3602 τὴν
3085 3531 3274 3588 πενίαν
3310 3551 3576 3607 πραγμαο

1986 3626 2319 3695 τευομένων.
2355 3622 2771 3694 Φιλανθρωπίας
2823 3625 2924 3695 μὲν
2968 3627 3076 3697 γὰρ
3115 3626 3291 3690 οὐδεὶς
3333 3627 3572 3700 οὐδαμοῦ

1986 3716 2162 3786 λόγος·
2194 3715 2469 3788 πανταχοῦ
2518 3715 2575 3768 δὲ
2613 3717 2641 3768 ό
2684 3717 2783 3787 τῆς
2811 3714 3126 3782 πλεονεξίας
3165 3717 3307 3790 ἔρως
3347 3718 3441 3774 ἐπὶ
3475 3720 3570 3774 τοῦ

1986 3807 2181 3879 καιροῦ
2214 3808 2315 3878 τῆς
2361 3809 2618 3878 πράσεως
2660 3807 2891 3872 πολλοὺς
2926 3808 3132 3878 ἐξάγει,
3163 3810 3258 3863 καὶ
3302 3812 3447 3865 σῖτον
3478 3814 3573 3865 καὶ

1986 3897 2130 3953 οἶνον
2154 3902 2182 3952 ό
2207 3901 2307 3970 μὲν
2342 3899 2555 3963 θᾶττον,
2582 3901 2610 3951 ὁ
2631 3899 2690 3952 δὲ
2726 3900 3055 3971 βραδύτερον
3085 3901 3333 3965 ἀπέδοτο,
3362 3902 3574 3955 οὐδέτε-

1988 4009 2080 4061 ρος
2126 3991 2313 4061 μέντοι
2344 3991 2455 4045 ἀπὸ
2492 3990 2840 4062 κηδεμονίας,
2870 3991 2987 4046 ἀλλ’
3019 3995 3048 4047 ὁ
3076 3992 3196 4064 μὲν,
3230 3994 3317 4047 ἵνα
3350 3994 3572 4050 πλείονα

1984 4082 2145 4156 λάϐῃ,
2158 4086 2188 4138 ό
2205 4082 2261 4135 δὲ
2284 4082 2374 4137 ἵνα
2390 4082 2464 4153 μὴ
2478 4083 2705 4149 ἐλάττω,
2720 4083 3020 4153 τραπέντος
3036 4084 3309 4141 αὐτοῦτοῦ
3327 4086 3567 4155 καρποῦ.

2069 4174 2286 4246 Ἐπειδὴ
2307 4174 2418 4246 γὰρ
2442 4175 2490 4227 οἱ
2519 4174 2737 4238 πλείους
2769 4176 2831 4228 οὐ
2863 4175 3033 4231 πολὺν
3057 4177 3165 4230 τῶν
3198 4176 3292 4231 τοῦ
3323 4177 3460 4232 Θεοῦ
3485 4178 3568 4231 νό-

1990 4284 2107 4338 μων
2142 4265 2455 4336 ποιούμενοι
2487 4265 2666 4334 λόγον,
2709 4267 2889 4321 πάντα
2923 4266 3072 4321 ἔνδον
3108 4268 3570 4334 κατακλείσαντες

1985 4359 2224 4430 ἔχουσιν,
2253 4358 2454 4430 ἑτέρως
2500 4358 2699 4421 αὐτοὺς
2737 4360 2818 4422 εἰς
2857 4359 3269 4431 φιλανθρωπίαν
3302 4361 3512 4431 ἐξάγων
3541 4366 3570 4417 6

1984 4448 2137 4514 Θεὸς,
2180 4450 2269 4503 ἵνα
2290 4449 2394 4503 κᾶν
2423 4450 2643 4523 ἀνάγκῃ
2668 4467 2723 4504 τι
2749 4453 3016 4523 ποιήσωσι
3037 4452 3297 4523 χρηστὸν,
3323 4453 3569 4523 μείζονος

1985 4543 2190 4614 ζημίας
2233 4541 2454 4596 ἐνέϐαλε
2495 4542 2634 4609 δέος,
2664 4543 2766 4597 οὐκ
2800 4544 2982 4613 ἀφιεὶς
3015 4545 3097 4609 εἰς
3126 4545 3296 4599 πολὺν
3324 4545 3568 4614 διαρκεῖν

1985 4637 2177 4707 χρόνον
2217 4636 2316 4705 τῆς
2354 4636 2460 4706 γῆς
2495 4637 2621 4700 τούς
2645 4637 2914 4708 καρποὺς,
2941 4637 3030 4691 ἵνα
3065 4637 3172 4691 κᾶν
3204 4636 3301 4710 τὴν
3334 4637 3442 4704 ἀπὸ
3464 4638 3570 4703 τῆς
3612 4695 3624 4721 Ι

1984 4726 2192 4797 φθορᾶς
2209 4725 2506 4790 δεδοικότες
2526 4725 2752 4798 βλάϐην,
2780 4726 3025 4798 προθῶσι
3045 4729 3158 4791 τοῖς
3177 4727 3453 4799 δεομένοις
3475 4727 3569 4781 καὶ
3608 4750 3621 4801 ;_

1982 4818 2228 4882 ἄκοντες,
2276 4818 2420 4889 άπερ
2461 4818 2603 4873 οίκοι
2649 4818 3043 4890 κατορύξαντες
3083 4818 3312 4889 τηροῦσι
3355 4817 3563 4881 κακῶς.
3611 4813 3620 4825 ’

1994 4909 2157 4964 Ἀλλά
2191 4910 2301 4979 γὰρ
2333 4910 2427 4963 καὶ
2469 4909 2608 4978 μετὰ
2645 4908 2817 4963 ταῦτα
2847 4908 2991 4964 οὕτω
3027 4910 3170 4973 τινές
3208 4910 3347 4962 εἰσιν
3387 4907 3567 4978 ἀπλη-

1982 5019 2118 5066 στοι,
2152 5001 2227 5064 ὡς
2260 5001 2395 5072 μηδέ
2426 4998 2673 5054 ἐντεῦθεν
2698 5000 3067 5055 παιδεύεσθαι,
3093 5001 3287 5054 Πολλοὶ
3318 4999 3447 5069 γοῦν
3472 5001 3567 5054 καὶ

1983 5094 2175 5158 πίθους
2241 5093 2568 5165 ὁλοκλήρους
2641 5092 2951 5155 ἐκένωσαν,
3015 5093 3209 5165 πένητι
3277 5094 3376 5163 μὲν
3440 5093 3563 5146 οὐδὲ

1982 5186 2184 5241 κύαθον
2217 5186 2419 5249 δόντες,
2447 5185 2569 5239 οὐδέ
2594 5184 2855 5256 ἀργυρίου
2899 5187 3012 5249 τοῖς
3054 5184 3350 5255 δεομένοις,
3378 5184 3561 5255 ὀξίνην

1980 5279 2039 5331 δὲ
2073 5279 2357 5350 γινόμενον
2396 5281 2474 5341 εἰς
2496 5278 2597 5350 τὴν
2624 5280 2728 5349 γῆν
2759 5277 3018 5348 ῥίψαντες
3047 5277 3282 5342 ἅπαντα,
3313 5280 3409 5332 καὶ
3434 5278 3561 5343 τοὺς

1982 5368 2173 5434 πίθους
2196 5370 2378 5424 αὐτῶν
2407 5368 2959 5440 προσδιαφθείραντες
2991 5368 3070 5440 τῷ
3098 5368 3314 5441 καρπῷ.
3341 5370 3561 5441 ’Έτεροι

1980 5462 2037 5514 δὲ
2076 5460 2237 5516 πάλιν
2280 5461 2399 5515 οὐδὲ
2440 5460 2618 5533 μάζης
2658 5462 2787 5530 μιᾶς
2816 5460 2895 5530 τῷ
2922 5460 3174 5516 πεινῶντι
3210 5460 3555 5531 μεταδόντες,

1983 5555 2253 5626 ὁλόκληρα
2281 5555 2576 5625 σιτοδοχεῖα
2609 5555 2690 5618 είς
2723 5555 2969 5625 ποταμὸν
3001 5554 3252 5627 ἔρριψαν·
3288 5553 3384 5606 καὶ
3408 5552 3557 5605 ἐπει-

1979 5647 2044 5717 δὴ
2094 5646 2188 5699 τοῦ
2236 5645 2373 5699 Θεοῦ
2413 5645 2727 5708 κελεύοντος
2761 5645 2959 5698 διδόναι
3003 5646 3117 5706 τοῖς
3152 5641 3426 5711 δεομένοις
3456 5641 3556 5694 οὐκ

1981 5739 2243 5808 ἥκουσαν,
2287 5736 2383 5790 τοῦ
2434 5736 2595 5807 σητὸς
2647 5735 3027 5797 ἐπιτάττοντος
3076 5733 3170 5787 καὶ
3218 5733 3440 5793 ἄκοντες,
3494 5730 3555 5783 τὸ

1982 5834 2128 5889 ἔνδον
2175 5833 2320 5890 ἅπαν
2368 5832 2719 5903 ἐξήντλησαν,
2749 5831 2828 5892 εἰς
2880 5829 3158 5884 ἀπώλειαν
3210 5827 3303 5881 καὶ
3349 5820 3554 5894 φθορὰν
