3998 6464
473 400 588 459 διε

474 510 734 582 ἐσχάτην,
770 511 938 565 πολὺν
972 508 1072 581 μὲν
1094 508 1186 562 τὸν
1211 504 1447 578 γέλωτα,
1475 508 1675 574 πολλάς
1697 509 1753 562 δὲ
1779 511 1879 575 τάς
1906 506 2044 579 ἀράς

474 603 618 657 κατά
645 601 743 671 τῆς
770 601 977 655 ἐαυτῶν
1006 599 1246 670 κεφαλῆς
1272 599 1414 669 μετά
1444 600 1544 670 τῆς
1575 599 1776 671 ζημίας
1808 602 2045 654 ἐπισπα-

476 693 704 765 σάμενοι
730 690 956 762 ταύτης.
985 690 1187 743 Καὶτά
1214 690 1312 760 μὲν
1333 689 1590 755 ἐνταῦθα,
1619 689 1863 745 τοιαῦτα·
1899 690 1969 746 τά
1990 690 2048 744 δέ

475 784 596 837 ἐκεῖ
635 784 721 848 τίς
762 781 1106 853 παραστήσει
1160 780 1353 850 λόγος;
1387 783 1598 855 Ὠσπερ
1629 781 1738 853 γάρ
1775 776 1920 838 οὗτοι
1954 781 2048 836 τὸν

475 873 818 946 σητόϐρωτον
847 869 1081 925 ἐνταῦθα
1123 873 1269 924 σῖτον
1315 871 1588 943 ἄχρηστον
1630 873 1922 944 γενόμενον
1965 876 2046 938 είς

430 947 437 985 τ
472 964 752 1035 ποταμοὺς
775 962 1081 1035 ῥίπτουσιν,
1107 960 1254 1016 οὕτω
1286 965 1413 1027 τοὺς
1439 962 1612 1017 ταῦτα
1641 965 2047 1035 ἐργασαμένους

473 1053 543 1110 δι’
561 1053 695 1109 αὐτὸ
717 1052 876 1107 τοῦτο
901 1054 1212 1125 ἀχρήστους
1237 1054 1562 1123 γενομένους
1592 1056 1675 1119 είς
1708 1056 1801 1110 τὸν
1824 1056 1920 1111 τοῦ
1945 1072 2048 1110 πυ-

474 1146 569 1217 ρὸς
591 1144 771 1217 ῥίπτει
801 1144 1045 1215 ποταμὸν
1073 1146 1104 1197 6
1121 1143 1273 1207 θεὸς.
1304 1144 1572 1218 Καθάπερ
1598 1147 1709 1219 γὰρ
1732 1147 1825 1201 τὸν
1853 1150 1996 1201 σῖτον
2017 1149 2048 1201 δ

475 1233 573 1304 σὴς
592 1235 692 1288 καὶ
718 1235 748 1287 6
776 1232 1013 1304 σκώληξ,
1041 1231 1184 1288 οὕτω
1216 1234 1315 1299 τάς
1334 1234 1540 1290 τούτων
1570 1237 1750 1309 ψυχάς
1768 1240 1805 1309 ἡ
1829 1237 2049 1310 ὠμότης

472 1323 569 1377 καὶ
600 1324 634 1394 ἠ
656 1322 1021 1395 ἀπανθρωπία
1057 1321 1300 1392 διέφαγε.
1325 1323 1541 1379 Τούτων
1566 1325 1624 1379 δὲ
1651 1325 1826 1380 αῑτιον
1859 1326 1920 1380 τὸ
1937 1328 2048 1389 τοῖς

474 1411 712 1483 παροῦσι
754 1413 1157 1486 προσηλῶσθαι,
1191 1414 1284 1468 ml
1335 1414 1473 1486 πρὸς
1520 1416 1619 1487 τὴν
1657 1417 1803 1488 ζωὴν
1845 1416 2048 1489 ταύτην

473 1502 765 1573 κεχηνέναι
798 1504 988 1574 μόνον’
1034 1503 1156 1559 ὅθεν
1197 1507 1291 1561 καὶ
1332 1509 1537 1580 μυρίας
1589 1511 1829 1583 ἀθυμίας
1861 1513 2048 1583 μεστοὶ

470 1592 714 1660 γίνονται
762 1595 814 1647 οί
876 1595 1128 1652 τοιοῦτοι.
1195 1599 1313 1654 Κάν
1362 1601 1474 1673 γὰρ
1514 1601 1692 1658 ὁτιοῦν
1730 1605 1891 1675 εἴπῃς
1921 1604 2042 1677 ἠδὺ,

473 1684 873 1766 πάντανίκανός
914 1687 1063 1742 ἐστιν
1092 1690 1353 1758 ἀφανίσαι
1377 1691 1478 1763 τῆς
1502 1693 1758 1766 τελευτῆς
1802 1697 1831 1749 6
1859 1696 2043 1766 φόϐος,

470 1777 568 1829 ml
604 1775 870 1849 τέθνηκεν
909 1779 939 1834 6
975 1781 1216 1847 τοιοῦτος
1252 1783 1333 1838 ἔτι
1370 1784 1501 1848 ζῶν.
1537 1786 1646 1840 Kal
1689 1785 1750 1841 τὸ
1787 1786 1887 1857 μὲν
1919 1787 2047 1851 τοὺς

473 1866 739 1932 ἀπίστους
766 1869 936 1925 ταῦτα
968 1872 1219 1945 πάσχειν,
1246 1874 1568 1947 θαυμαστὸν
1611 1878 1786 1935 οὐδέν’
1833 1879 1963 1934 ὅταν
1990 1878 2049 1933 δὲ

470 1959 523 2011 οί
559 1958 830 2015 τοσούτων
862 1966 1179 2036 μυστηρίων
1210 1967 1665 2035 ἀπολελαυκότες,
1693 1970 1789 2024 ml
1811 1969 2049 2026 τοσαῦτα

466 2055 603 2123 περὶ
634 2052 743 2107 τῶν
779 2053 1081 2125 μελλόντων
1116 2057 1601 2130 φιλοσοφήσαντες,
1631 2064 1751 2125 τοῖς
1782 2061 2048 2134 παροῦσιν

464 2140 913 2213 ἐμφιλοχωρῶσι,
933 2144 1076 2208 τίνος
1095 2145 1161 2201 ἃν
1191 2143 1302 2202 εἷεν
1325 2147 1466 2214 ἄξιοι
1491 2148 1847 2221 συγγνώμηςς
1877 2150 2049 2206 Πόθεν

457 2225 568 2285 ὀῦν
588 2231 797 2299 γίνεται
826 2232 887 2286 τὸ
909 2235 1023 2297 τοῖς
1043 2237 1311 2306 παροῦσιν
1336 2238 1763 2312 ἐμφιλοχωρεῖν;
1796 2238 1931 2294 Ἀπὸ
1952 2240 2047 2295 τοῦ

469 2326 649 2395 τρυφῇ
678 2324 989 2397 προσέχειν,
1023 2328 1119 2381 ml
1142 2330 1412 2385 λιπαίνειν
1440 2330 1538 2403 τὴν
1566 2331 1767 2405 σάρκα,
1796 2331 1892 2387 καὶ
1916 2332 2049 2404 θρύ-

468 2430 630 2468 πτειν
675 2415 773 2488 τὴν
801 2416 1000 2490 ψυχὴν,
1033 2420 1128 2473 καὶ
1171 2420 1314 2491 βαρὺ
1357 2421 1418 2474 τὸ
1450 2422 1672 2493 φορτίον
1720 2421 2050 2491 ἐργάζεσθαι

465 2506 567 2560 καὶ
609 2506 744 2560 πολὺ
773 2506 835 2561 τὸ
869 2509 1061 2574 σκότος
1098 2509 1195 2563 καὶ
1221 2511 1367 2581 παχὺ
1395 2511 1455 2565 τὸ
1485 2512 1915 2584 παραπέτασμα.
1961 2514 2051 2567 Ἐν

470 2598 582 2668 γὰρ
637 2600 704 2670 τῇ
752 2602 931 2671 τρυφῇ
969 2600 1031 2654 τὸ
1072 2601 1174 2671 μὲν
1225 2604 1473 2672 κρεῖττον
1527 2602 1828 2670 δουλοῦται,
1880 2604 1943 2657 τὸ
1990 2602 2051 2655 δὲ

471 2693 656 2761 χεῖρον
704 2695 918 2764 κρατεί⁹
977 2693 1073 2748 ml
1134 2694 1197 2748 τὸ
1264 2696 1363 2767 μὲν
1424 2696 1723 2765 τυφλοῦται
1788 2698 2052 2753 πάντοθεν

472 2778 571 2833 ml
630 2778 857 2851 σύρεται
907 2783 1330 2855 πεπηρωμένον,
1382 2783 1443 2839 τὸ
1490 2785 1549 2839 δέ
1593 2785 1717 2855 ἀγει
1759 2787 1853 2841 καὶ
1896 2803 2053 2858 περι-

474 2869 600 2938 άγει
642 2871 944 2943 πανταχοῦ,
991 2874 1049 2926 ἐν
1082 2872 1231 2947 [576]
1268 2877 1334 2947 τῇ
1367 2875 1478 2930 τῶν
1518 2877 1803 2947 ἀγομένων
1839 2878 2053 2949 ὀφεῖλον

472 2959 693 3015 κεῖσθαι
723 2960 896 3026 τάξει.
934 2963 1043 3016 Kal
1070 2964 1181 3035 γὰρ
1209 2965 1378 3031 πολὺς
1421 2969 1450 3021 ό
1489 2966 1785 3039 σύνδεσμος
1812 2970 1913 3041 τῆς
1947 2970 2054 3041 ψυ-

472 3049 579 3121 χῆς
614 3049 750 3121 πρὸς
779 3050 842 3105 τὸ
869 3050 1051 3122 σῶμα,
1070 3051 1230 3108 τοῦτο
1251 3054 1346 3107 τοῦ
1369 3055 1718 3128 Δημιουργοῦ
1743 3074 2058 3129 μηχανησα-

479 3138 667 3210 μένου,
700 3139 787 3193 ἵνα
806 3140 883 3212 μὴ
892 3140 971 3205 ὡς
988 3141 1269 3216 ἀλλότριον
1287 3144 1421 3197 αὐτὸ
1443 3146 1674 3201 πείθωσι
1689 3163 1836 3212 τινες
1850 3151 2049 3218 μισεῖν.

547 3228 616 3284 θ’.
642 3229 701 3283 Ὁ
720 3230 820 3301 μὲν
841 3230 948 3303 γάρ
963 3230 1096 3295 Θεὸς
1127 3232 1254 3297 τοὺς
1279 3233 1508 3305 ἐχθροὺς
1532 3235 1784 3290 ἐκέλευσε
1810 3237 2004 3305 φιλεῖψ
2023 3239 2054 3291 6

463 3320 534 3376 ἃ
556 3320 802 3385 διάϐολος
826 3320 1078 3377 τοσοῦτον
1101 3323 1338 3393 ἴσχυσεν,
1366 3325 1443 3389 ὡς
1469 3326 1648 3380 καὶτὸ
1671 3328 1870 3380 οἰκεῖον
1893 3328 2054 3398 σῶμα

467 3408 663 3463 ’πεῖσαί
688 3427 842 3475 τινας
874 3413 1073 3481 μισεῖν.
1109 3412 1280 3468 Ὀταν
1306 3412 1417 3484 γὰρ
1444 3414 1597 3487 εἴπῃ,
1636 3416 1719 3469 ὅτι
1749 3415 1843 3470 τοῦ
1871 3415 2055 3471 διαϐό-

464 3499 568 3554 ’λου
599 3499 769 3568 ἐστὶν,
811 3500 965 3556 οὐδὲν
995 3490 1124 3557 ἄλλο
1152 3505 1574 3571 κατασκευάζει,
1627 3506 1660 3579 ἦ
1699 3507 1888 3562 τοῦτο·
1915 3508 2051 3581 ὅπερ

473 3592 711 3663 ἐσχάτης
760 3593 1031 3666 ληρωδίας
1075 3595 1242 3649 ἐστίν.
1273 3597 1337 3649 El
1368 3596 1478 3669 γάρ
1508 3597 1604 3652 τοῦ
1636 3598 1884 3653 διαϐόλου
1910 3602 2050 3667 ἐστὶ,

470 3683 558 3748 τίς
595 3685 632 3755 ἡ
657 3684 894 3755 τοσαύτη
922 3687 1230 3756 συμφωνία,
1259 3688 1335 3752 ὡς
1363 3689 1669 3762 ἐπιτήδειον
1693 3692 1826 3746 αὐτὸ
1853 3692 2054 3747 πάντο-

469 3774 569 3829 θεν
597 3776 677 3839 είς
714 3776 815 3841 τὰς
851 3777 952 3847 τῆς
995 3778 1286 3848 φιλοσόφου
1332 3780 1510 3853 ψυχῆς
1556 3783 1838 3853 ἐνεργείας
1885 3801 2055 3840 κατα-

476 3867 781 3934 σκευάσαι;
825 3869 936 3923 Καὶ
973 3872 1021 3923 εί
1048 3871 1369 3942 ἐπιτήδειον,
1404 3875 1556 3944 φησὶ,
1586 3872 1706 3939 πῶς
1750 3874 1921 3946 αὐτὴν
1961 3893 2056 3930 τυ-

472 3958 634 4027 φλοῖς
687 3956 824 4029 Οὐχὶ.
855 3957 917 4012 τὸ
966 3959 1126 4030 σῶμά
1163 3961 1279 4014 ἐστι
1328 3961 1388 4016 τὸ
1424 3962 1657 4033 τυφλοῦν
1706 3964 1806 4037 τὴν
1851 3965 2053 4037 ψυχὴν,

475 4048 676 4119 ἄπαγε,
700 4050 973 4122 ἄνθρωπε,
1001 4051 1115 4106 ἀλλ’
1147 4052 1182 4123 ἡ
1207 4056 1408 4126 τρυφή.
1434 4054 1546 4126 Τῆς
1570 4054 1626 4108 δὲ
1653 4056 1867 4128 τρυφῆς
1891 4057 2057 4113 πόθεν

475 4142 780 4214 ἐφιέμεθας
815 4143 890 4198 Οὐ
922 4142 1082 4218 ’παρά
1111 4145 1174 4198 τὸ
1217 4145 1377 4217 σῶμα
1408 4145 1573 4216 ἐχειν,
1611 4147 1886 4219 οὐδαμῶς,
1918 4150 2058 4205 ἀλλά

472 4235 633 4307 παρά
665 4234 985 4308 προαίρεσιν
1036 4236 1299 4309 πονηράν.
1353 4235 1427 4291 Τὸ
1482 4237 1590 4310 γὰρ
1643 4237 1821 4311 σῶμα
1849 4239 2057 4311 τροφῆς

474 4329 670 4396 δεῖται,
705 4328 768 4382 οὐ
808 4329 1023 4400 τρυφῆς
1043 4367 1058 4391 ,
1090 4329 1154 4382 τὸ
1182 4327 1344 4400 σῶμα
1366 4327 1466 4382 τοῦ
1507 4329 1803 4400 τρέφεσθαι
1844 4329 2053 4403 χρῄζει,

468 4417 718 4491 οὐχἰτοῦ
744 4420 1138 4474 διακόπτεσθαι
1163 4420 1257 4474 ml
1295 4420 1559 4492 διαρρεῖν.
1593 4421 1728 4476 Οὐδὲ
1769 4422 1879 4495 γάρ
1909 4424 2054 4497 ψυχῇ

481 4509 665 4580 μόνον,
708 4509 846 4564 ἀλλά
895 4511 992 4565 καὶ
1044 4510 1193 4581 αὐτῷ
1243 4509 1322 4582 τῷ
1366 4511 1578 4582 σώματι
1613 4513 1693 4584 τῷ
1738 4517 2058 4589 τρεφομένῳ

479 4595 743 4668 πολέμιον
772 4599 806 4667 ἠ
834 4599 1036 4669 τρυφή.
1078 4599 1188 4651 Kal
1211 4598 1318 4669 γάρ
1347 4599 1737 4673 ἀσθενέστερον
1760 4603 1884 4657 ἀντὶ
1912 4605 2061 4675 ίσχυ-

483 4685 580 4756 ροῦ
620 4685 853 4755 γίνεται,
904 4687 998 4741 xal
1050 4685 1437 4758 μαλακώτερον
1485 4689 1605 4742 ἀντὶ
1657 4692 1909 4763 στερῤοῦ,
1965 4695 2060 4749 καὶ

481 4778 735 4831 ἐπίνοσον
766 4778 885 4831 ἀντὶ
913 4777 1174 4846 ὑγιεινοῦ,
1203 4779 1299 4831 ml
1336 4778 1633 4852 βαρύτερον
1664 4784 1787 4837 ἀντὶ
1831 4784 2056 4855 κούφου,

484 4867 580 4921 καὶ
595 4869 914 4941 ἀραιότερον
936 4870 1055 4924 ἀντὶ
1076 4869 1305 4935 πυκνοῦ,
1335 4872 1428 4925 ml
1447 4873 1671 4945 αἰσχρὸν
1693 4875 1813 4929 ἀντὶ
1833 4876 2057 4948 ὡραίου,

486 4960 581 5014 ml
608 4960 1005 5032 δυσωδέστερον
1037 4962 1158 5015 ἀντὶ
1191 4961 1445 5029 εὐώδους,
1476 4964 1571 5017 ml
1607 4965 1913 5038 ἀκάθαρτον
1942 4970 2063 5025 ἀντὶ

486 5051 756 5123 καθαροῦ,
786 5053 880 5106 ml
906 5053 1239 5125 περιώδυνον
1271 5055 1393 5108 ἀντὶ
1422 5055 1727 5127 ἀνειμένου,
1764 5059 1859 5113 ml
1887 5058 2062 5130 ἀχρη-

490 5159 614 5198 στον
666 5143 788 5197 ἀντὶ
838 5145 1132 5216 χρησίμου,
1185 5146 1280 5199 ml
1327 5147 1558 5203 παλαιὸν
1609 5149 1730 5203 ἀντὶ
1768 5151 1911 5220 νέου,
1968 5154 2062 5206 ml

493 5235 693 5306 σαθρὸν
742 5236 864 5290 ἀντὶ
905 5237 1147 5308 ἰσχυροῦ,
1197 5241 1293 5293 ml
1347 5239 1511 5312 βραδὺ
1548 5244 1641 5295 ml
1691 5242 1896 5315 νωθρὸν
1943 5244 2064 5298 ἀντὶ

493 5328 703 5398 ταχέος,
737 5328 830 5382 ml
857 5330 1026 5400 χωλὸν
1056 5331 1178 5384 ἀντὶ
1208 5331 1419 5402 ἀρτίου,
1451 5333 1645 5387 Καίτοι
1675 5336 1725 5388 εί
1755 5335 1848 5390 τοῦ
1882 5337 2065 5392 διαϐό-

490 5415 584 5472 λου
622 5415 712 5490 ἦν,
758 5422 859 5474 οὐκ
883 5423 1050 5494 ἐχρῆν
1078 5422 1182 5491 ὐπὸ
1218 5424 1327 5478 τῶν
1351 5425 1515 5478 αὐτοῦ
1553 5427 2062 5497 παραϐλάπτεσθαι,

488 5508 589 5581 τῆς
615 5512 810 5576 κακίας
835 5513 998 5583 λέγω.
1041 5515 1181 5569 Ἀλλ’
1207 5515 1331 5570 οῦτε
1354 5517 1415 5570 τὸ
1443 5516 1625 5588 σῶμα,
1648 5517 1772 5572 οὐτε
1799 5520 1868 5574 τά
1897 5522 2065 5590 σιτία,

1196 395 1255 451 S.
1296 392 1587 450 JOANNIS
1623 387 2118 451 CHRYSOSTOIH
2157 389 2481 448 ARCIIIEP.
2517 391 3075 451 CONSTANTINOP.

3593 395 3719 457 ταὶ

2146 507 2274 578 γὰρ,
2331 508 2483 580 φησὶ,
2517 506 2616 564 ml
2670 508 2999 578 ἐπαχύνθη,
3053 510 3152 564 καί
3192 510 3563 580 ὲπλατύνθη,
3624 515 3718 568 καί

2144 598 2553 654 ἀντελάκτισεν
2596 602 2632 655 ὁ
2662 601 3065 669 ἡγαπημένος.
3102 602 3213 657 Kal
3241 604 3498 674 Σοδόμοις
3529 604 3588 656 δέ
3635 607 3719 658 ἐν-

2144 689 2397 762 τεῦθενή
2433 692 2575 763 ἀρχὴ
2617 691 2724 746 τῶν
2766 693 3048 763 κεραυνῶν
3089 694 3313 748 ἐκείνων
3342 695 3585 765 ἐγένετο.
3614 697 3721 749 Καὶ

2144 782 2303 837 τοῦτο
2347 783 2524 854 δηλῶν
2576 785 2607 837 6
2664 784 2925 856 Ἰεζεκιὴλ
2969 783 3160 855 ἐλεγεο
3207 785 3385 854 Πλὴν
3441 787 3623 842 τοῦτο
3657 789 3721 841 τὸ

2144 874 2421 943 ἀνόμημα
2456 875 2764 943 Σοδόμων,
2795 874 2865 929 ὲν
2903 878 3283 946 ὑπερηφανίᾳ
3315 878 3417 931 καί
3457 879 3530 931 ἐν
3576 881 3725 946 πλη-

2144 964 2346 1034 tmarii
2372 965 2568 1033 ἀρτων
2596 966 2696 1019 και
2729 966 2799 1020 ἐν
2821 967 3128 1033 εὐθηνίαις
3149 967 3537 1022 ἐσπατάλων.
3741 952 3763 1039 ξ
3792 958 3795 965 ’

2215 1056 2315 1109 Διά
2336 1056 2496 1111 τοῦτο
2517 1057 2613 1111 ml
2639 1059 2668 1111 6
2686 1056 2896 1121 Παῦλος
2915 1057 3119 1129 ἐλεγεψ
3150 1059 3221 1113 Ἠ
3234 1058 3293 1112 δέ
3321 1057 3720 1124 σπαταλῶσα,

2147 1143 2310 1208 ζῶσα
2342 1145 2618 1215 τέθνηκε.
2648 1146 2716 1200 Τί
2772 1148 3003 1218 δήποτε;
3043 1149 3166 1203 Ὅτι
3217 1147 3410 1220 ῶσπερ
3443 1150 3614 1218 τάφον
3665 1150 3723 1204 τὸ

2147 1237 2308 1307 σῶμα
2342 1238 2630 1312 περιφέρει
2660 1237 2877 1311 μυρίοις
2921 1239 3303 1310 συνδεδεμένον
3332 1243 3556 1302 κακοῖς.
3587 1241 3649 1294 El
3671 1242 3723 1295 δέ

2143 1323 2207 1377 τὸ
2236 1324 2397 1396 σῶμα
2427 1326 2600 1390 οὕτως
2626 1313 2945 1391 ἀπόλλυται,
2977 1328 3095 1393 πῶς
3130 1331 3164 1400 ἡ
3194 1327 3339 1401 ψυχὴ
3365 1329 3719 1396 διακείσεται,

2145 1416 2315 1469 πόσου
2345 1416 2594 1488 θορύϐου,
2629 1418 2812 1472 πόσων
2855 1418 3132 1489 κυμάτων,
3165 1421 3342 1488 πόσης
3383 1419 3560 1489 ζάλης
3596 1422 3723 1476 ἀνά·

2146 1504 2326 1569 πλεως
2371 1504 2557 1569 ἐσταις
2599 1507 2699 1561 Διά
2725 1523 2808 1560 τοι
2850 1507 3008 1561 τοῦτο
3053 1507 3191 1579 πρὸς
3232 1510 3416 1564 πάντα
3455 1508 3723 1581 ἄχρηστος

2145 1595 2356 1665 γίνεται
2396 1596 2490 1649 ml
2521 1597 2647 1651 οὔτε
2672 1598 2869 1660 είπετν,
2907 1597 3031 1651 οὔτε
3059 1599 3315 1665 ἀκοῦσαι,
3345 1599 3476 1655 οὔτε
3511 1600 3722 1671 βουλεύ-

2147 1687 2364 1753 σασθαι,
2411 1686 2536 1741 οὗτε
2582 1703 2638 1740 τι
2687 1686 2892 1759 πρᾶξαι
2920 1687 3030 1742 τῶν
3071 1688 3296 1742 δεόντων
3328 1690 3537 1762 ῥᾳδίως
3565 1690 3721 1762 δυνή-

2142 1793 2331 1830 σεταιο
2388 1777 2505 1832 ἀλλ’
2552 1777 2743 1850 ὥσπερ
2788 1778 3148 1852 κυϐερνήτης,
3202 1780 3482 1851 χειμῶνος
3517 1785 3720 1853 κρατή.

2149 1884 2341 1930 σαντος
2389 1866 2491 1937 τῆς
2534 1866 2750 1941 τέχνης,
2810 1869 2963 1939 αὐτῷ
2988 1868 3069 1940 τῷ
3102 1868 3273 1941 πλοίῳ
3311 1871 3414 1924 καὶ
3453 1872 3568 1934 τοῖς
3605 1873 3721 1924 ἐπι-

2147 1956 2342 2022 ϐάταις
2386 1957 2718 2030 ὑποϐρύχιος
2757 1959 3003 2027 γίνεταυ
3042 1959 3186 2014 οῦτω
3215 1960 3310 2014 καὶ
3337 1962 3372 2030 ἡ
3405 1959 3555 2032 ψυχὴ
3590 1961 3723 2033 μετά

2148 2047 2247 2102 τοῦ
2298 2046 2552 2120 σώματος
2590 2053 2671 2114 είς
2702 2050 2806 2121 τὴν
2837 2050 3078 2122 χαλεπὴν
3105 2051 3206 2122 τῆς
3232 2052 3597 2123 ἀναισθησίας
3626 2069 3723 2107 κα-

2146 2139 2531 2205 ταποντίζεται
2560 2140 2817 2197 ἄϐυσσον.
2854 2143 2965 2195 Καὶ
2991 2142 3101 2211 γάρ
3129 2141 3387 2213 καθάπερ
3414 2143 3589 2214 μύλην
3608 2143 3722 2197 τινά

2146 2232 2247 2303 τὴν
2276 2231 2521 2304 γαστέρα
2549 2235 2682 2304 ημῖν
2705 2232 2961 2305 ἐνέθηκεν
2976 2233 3014 2286 -ό
3052 2234 3208 2298 Θεὸς,
3242 2233 3565 2307 σύμμετρον
3589 2236 3719 2305 αὐτῇ

2147 2322 2375 2394 δύναμιν
2409 2323 2555 2388 δοὺς,
2602 2323 2698 2378 καὶ
2723 2322 2892 2390 τάξας
2921 2322 3119 2394 μέτρον
3152 2323 3338 2395 ῥητὸν,
3389 2325 3528 2395 ὅπερ
3564 2323 3721 2394 αὐτὴν

2150 2414 2300 2468 ἀλεῖν
2336 2414 2422 2468 δεῖ
2449 2415 2572 2468 καθ’
2603 2414 2841 2484 ἑκάστην
2861 2413 3097 2484 ἡμέραν.
3130 2414 3228 2468 Ἂν
3257 2409 3354 2468 οὖν
3381 2430 3469 2478 τις
3497 2413 3723 2486 ἐπιϐάλῃ

2148 2505 2397 2571 πλείονα,
2424 2505 2808 2577 ἀκατέργαστα
2846 2503 2997 2577 [577]
3027 2504 3294 2575 γενόμενα
3340 2507 3423 2577 τῷ
3450 2506 3613 2560 παντὶ
3637 2505 3721 2557 λυ-

2148 2598 2427 2669 μαίνεται.
2480 2595 2761 2649 Ἐντεῦθεν
2814 2596 2962 2663 νόσοι
2993 2596 3089 2649 ml
3127 2594 3412 2650 ἀσθένειαι
3443 2597 3538 2650 ml
3560 2597 3722 2666 ἀμορ-

2150 2682 2269 2752 φίαι
2288 2698 2302 2712 ·
2328 2682 2424 2736 καὶ
2452 2682 2563 2752 γὰρ
2586 2681 2688 2735 οὐκ
2704 2680 2954 2734 ἐπίνοσον
2983 2680 3164 2752 μόνον,
3196 2680 3337 2735 ἀλλά
3366 2682 3464 2736 καὶ
3495 2682 3721 2752 αἰσχράν

2150 2775 2300 2827 ποιεῖ
2349 2775 2382 2843 ἠ
2433 2772 2613 2843 τρυφὴ
2655 2770 2755 2842 τὴν
2796 2771 2994 2843 καλήν.
3048 2770 3220 2825 Ὅταν
3268 2770 3384 2844 γὰρ
3441 2770 3721 2844 ἐρεύγηται

2153 2863 2393 2934 συνεχῶς
2423 2861 2586 2933 ἀηδῆ,
2622 2863 2719 2915 καὶ
2750 2862 3051 2934 σεσηπότος
3081 2862 3228 2916 οῐνου
3251 2865 3415 2937 πνέῃ,
3445 2868 3540 2917 καὶ
3571 2862 3721 2916 πλέον

2149 2950 2245 3005 τοῦ
2268 2951 2478 3014 δέοντος
2507 2951 2880 3022 ἐρυθαίνηται,
2909 2952 3113 3007 καὶτὸν
3140 2953 3492 3026 προσήκοντα
3515 2952 3722 3023 γυναικὶ

2155 3043 2360 3117 ῥυθμὸν
2387 3043 2696 3116 διαφθείρῃ,
2738 3044 2831 3098 ml
2874 3043 2973 3117 τὴν
3014 3045 3317 3117 εὐκοσμίαν
3362 3045 3721 3118 ἀπολέσηπᾶ-

2153 3150 2273 3200 σαν,
2321 3135 2416 3187 ml
2459 3132 2710 3206 πλαδαρά
2746 3134 2845 3205 μὲν
2886 3136 2920 3205 ἡ
2950 3133 3089 3206 σάρξ
3131 3137 3374 3209 γίνηται,
3408 3136 3631 3209 ὕφαιμοι
3666 3135 3721 3188 δέ

2152 3226 2247 3279 ml
2283 3225 2670 3296 διατεταμέναι
2715 3227 2773 3279 al
2813 3225 3152 3298 βλεφαρίδες,
3202 3228 3300 3283 ml
3350 3231 3526 3302 πάχος
3571 3226 3720 3281 πλέον

2152 3315 2247 3372 τοῦ
2307 3316 2542 3382 δέοντος,
2599 3316 2697 3370 ml
2753 3317 3096 3386 πολυσαρκία
3151 3323 3418 3391 περιττήο
3480 3318 3720 3387 ἐννόησον

2153 3408 2293 3479 πόση
2331 3408 2541 3478 γίνεται
2581 3406 2831 3463 ἐντεῦθεν
2876 3409 3060 3480 ἀηδία.
3117 3409 3261 3478 Ἐγὼ
3282 3410 3352 3464 δὲ
3399 3409 3494 3464 ml
3536 3405 3720 3477 ίατρῶν

2151 3501 2363 3573 ἥκουσα
2385 3500 2675 3570 λεγόντων,
2703 3501 2787 3554 ὅτι
2815 3500 3044 3563 πολλοὺς
3066 3501 3160 3554 ml
3186 3500 3323 3571 πρὸς
3347 3501 3480 3572 ὕψος
3505 3497 3721 3567 ἀναδρα-

2157 3594 2277 3663 μεῖν
2308 3593 2342 3663 ἡ
2369 3590 2555 3663 τρυφὴ
2594 3589 2834 3663 μάλιστα
2859 3588 3121 3644 ἐκώλυσε.
3157 3590 3265 3643 Τοῦ
3293 3590 3406 3659 γάρ
3431 3587 3721 3657 πνεύματος

2150 3682 2558 3752 ἐγκοπτομένου
2604 3680 2683 3752 τῷ
2730 3679 2924 3751 πλήθει
2961 3679 3069 3734 τῶν
3116 3678 3602 3751 καταϐαλλομένων
3636 3673 3720 3727 καὶ

2153 3775 2285 3846 περὶ
2318 3773 2417 3847 τὴν
2457 3772 2663 3829 τούτων
2701 3772 2966 3844 ἐργασίαν
3014 3772 3447 3843 ἀσχολουμένου,
3489 3772 3619 3840 ὅπερ
3647 3767 3720 3828 εις

2155 3863 2384 3934 αὔξησιν
2431 3863 2539 3917 ἐδει
2587 3865 2914 3935 προχωρεῖν,
2962 3864 3122 3917 τοῦτο
3154 3864 3464 3918 δαπανᾶται
3511 3863 3589 3924 είς
3628 3856 3718 3927 τὴν

2154 3954 2265 4009 τῶν
2314 3954 2585 4026 περιττῶν
2632 3954 2913 4027 ἐργασίαν.
2946 3953 3013 4007 Τί
3043 3954 3110 4008 ἀν
3131 3972 3217 4018 τις
3254 3955 3399 4009 εἴποι
3425 3954 3522 4016 τάς
3540 3948 3716 4004 ποδαλ-

2155 4044 2304 4116 γίας,
2340 4046 2402 4100 τὸ
2434 4046 2614 4118 ῥεῦμα
2646 4046 2708 4100 τὸ
2731 4044 3011 4116 πανταχοῦ
3039 4045 3412 4117 πλανώμενον,
3438 4045 3534 4101 τάς
3564 4041 3716 4101 ἄλλως

2156 4138 2346 4202 νόσους
2381 4139 2478 4201 τάς
2516 4137 2786 4202 ἐντεῦθεν,
2832 4140 2930 4209 τὴν
2976 4137 3261 4209 βδελυρίαν
3290 4140 3535 4203 ἆπασαν;
3566 4130 3715 4187 Οὐδὲν

2156 4229 2266 4303 γὰρ
2309 4229 2484 4295 οὕτως
2538 4230 2725 4302 ἀηδὲς,
2762 4229 2843 4294 ὡς
2888 4231 3026 4301 γυνὴ
3073 4230 3247 4285 πολλὰ
3276 4229 3583 4302 σιτουμένη.
3626 4221 3714 4275 Διά

2155 4319 2316 4375 τοῦτο
2357 4322 2416 4376 ἐν
2462 4324 2582 4385 ταῖς
2636 4321 2961 4392 πενομέναις
3007 4321 3227 4376 πλείονα
3272 4324 3373 4395 τὴν
3428 4314 3711 4390 εὐμορφίαν

2159 4413 2259 4468 ῐδοι
2297 4429 2384 4477 τις
2428 4411 2515 4478 ἀν,
2549 4412 2659 4467 τῶν
2706 4412 3134 4483 περιττωμάτων
3166 4410 3596 4482 ἀναλισκομένων
3627 4403 3712 4458 καὶ

2157 4504 2280 4575 οὐχὶ
2309 4503 2856 4575 προσπεπλασμένων
2877 4504 3090 4569 αὐταῖς,
3122 4504 3295 4575 πηλοῦ
3315 4520 3456 4567 τινος
3478 4491 3710 4571 περιττοῦ

2158 4594 2335 4666 δίκην,
2357 4595 2481 4666 εἰκῆ
2506 4595 2601 4648 ml
2636 4593 2834 4666 μάτην.
2870 4594 2934 4646 Ἡ
2961 4594 3069 4668 γὰρ
3094 4595 3433 4666 καθημερινὴ
3457 4584 3711 4660 γυμνασία

2159 4685 2255 4738 καὶ
2299 4685 2350 4737 ol
2395 4685 2547 4740 πόνοι
2574 4685 2667 4739 ml
2710 4688 2767 4740 al
2811 4685 3181 4756 ταλαιπωρίαι
3224 4688 3319 4740 καὶ
3356 4688 3387 4756 ή
3423 4683 3711 4750 σύμμετρος

2159 4775 2408 4849 τράπεζα
2447 4778 2540 4830 ml
2578 4779 2613 4849 ἡ
2650 4777 2772 4848 λιτὴ
2808 4777 2989 4831 δίαιτα
3034 4777 3233 4849 πολλὴν
3267 4779 3365 4849 μὲν
3408 4775 3588 4831 αὐταῖς
3620 4766 3708 4835 τὴν

2161 4868 2395 4934 εὐεξίαν,
2424 4868 2620 4941 πολλὴν
2647 4868 2704 4921 δέ
2745 4868 2998 4923 ἐντεῦθεν
3024 4871 3118 4924 καὶ
3150 4872 3250 4940 τὴν
3285 4870 3432 4938 ῶραν
3462 4860 3709 4933 παρέχου-

2147 4975 2268 5015 σιν.
2295 4960 2359 5015 El
2393 4959 2450 5012 δέ
2480 4958 2577 5031 τῆν
2609 4959 2802 5032 ἡδονὴν
2830 4959 2930 5029 τῆς
2959 4962 3173 5032 τρυφῆς
3199 4961 3401 5028 λέγοις,
3443 4954 3594 5026 μέχρι
3620 4948 3708 5014 τῆς

2163 5052 2442 5123 φάρυγγος
2481 5050 2651 5122 αὐτὴν
2683 5052 2939 5121 εὑρήσεις
2975 5051 3156 5120 μόνον.
3204 5052 3369 5121 Ὁμοῦ
3396 5064 3453 5102 τε
3494 5057 3596 5112 γαρ
3618 5035 3706 5104 τὴν

2161 5144 2411 5214 γλῶτταν
2440 5142 2685 5214 παρῆλθε
2710 5143 2804 5194 ml
2826 5141 3072 5213 ἀπέπτη,
3102 5142 3303 5205 πολλὰς
3327 5136 3594 5207 ἐναφιεῖσα
3621 5126 3706 5185 τὰς

2162 5233 2375 5305 ἀηδίας.
2411 5233 2503 5305 Μὴ
2534 5234 2641 5304 γάρ
2668 5249 2760 5304 μοι
2800 5233 3231 5301 κατακειμένους
3260 5232 3418 5304 μόνον
3446 5227 3563 5285 τοὺς
3588 5232 3706 5287 ⁸⁸9⁷³⁸·

2166 5329 2384 5399 φῶντας
2420 5326 2555 5399 ἶδῃςι
2578 5326 2691 5379 ἀλλ’
2716 5326 2849 5379 ὅταν
2870 5325 3068 5388 αὐτοὺς
3094 5326 3422 5384 ἀναστάντας
3447 5317 3573 5387 ῐδῃς,
3595 5307 3701 5399 τᾷῖε

2165 5394 2671 5493 παρακολούθησον,
2707 5418 2800 5471 καὶ
2834 5416 2957 5485 ὄψει
2987 5416 3193 5487 θηρίων
3247 5413 3441 5486 μᾶλλον
3488 5403 3572 5458 καὶ
3596 5394 3705 5493 ἀχά.

2165 5489 2298 5585 γων,
2364 5514 2397 5581 ἢ
2459 5512 2763 5583 ἀνθρώπων
2819 5510 3069 5579 σώματα.
3130 5510 3290 5579 Ὀψει
3337 5504 3442 5575 γάρ
3486 5489 3705 5585 καρἾ⁶ν

489 5577 586 5653 τοῦ
615 5600 883 5668 διαϐόλου,
909 5577 1045 5656 ’ἀλλ’
1091 5606 1126 5676 ὴ
1159 5605 1337 5677 τρυφὴ
1372 5577 1540 5677 μόνη..
1572 5577 1671 5661 Διά
1718 5608 1827 5681 γὰρ
1862 5577 2070 5682 ταύτης
2169 5577 2420 5678 ροῦνταξ,
2448 5577 2914 5671 διατεινομένουςνή
2939 5577 3368 5667 συνδεδεμένους,
3403 5586 3578 5682 κλίνης
3601 5577 3702 5682 6f:—

493 5689 562 5744 τά
598 5692 762 5764 μυρία
814 5696 844 5747 6
869 5658 1126 5767 ’πονηρὸς
1432 5658 1837 5763 ἐκεῖνοςηάνύ-έι
2169 5658 2366 5766 μένους
2379 5658 2487 5746 "Iw-1
2521 5658 2809 5761 στρωιῖινῆς
2853 5658 2948 5741 δίιῖ
2976 5658 3205 5758 ἡσυχίσῖς
3230 5681 3442 5749 πολλῆς,
3471 5658 3702 5767 καὶ-ἐἶδέ

496 5779 637 5836 οὕτω
684 5784 855 5856 δῆμον
902 5786 1197 5859 ὁλόκληρον
1229 5788 1675 5862 ἐξετραχήλισεν
1736 5792 2065 5867 Ἑλιπάνθη

2172 5753 2316 5863 άπερ
2345 5753 2420 5843 ⁷ἐν
2464 5753 2775 5855 κλυδωνίῳ,
2804 5753 3460 5854 πολλῷ-ταραττομένους,
3488 5762 3575 5820 καὶ
3600 5753 3694 5810 τῶν
