3998 6412
279 365 388 424 alii

275 485 518 535 mentum
547 476 694 534 tinea
717 486 770 536 et
795 476 993 534 vermis
1015 513 1034 542 ,
1080 474 1151 530 ita
1178 473 1403 529 istorum
1445 473 1652 527 animas
1679 468 1858 525 exedit

274 569 568 626 crudelitas
595 578 652 626 et
681 569 1058 624 inhumanitas.
1102 567 1305 622 Horum
1334 574 1512 620 autem
1542 579 1700 618 causa
1731 571 1814 616 est
1838 604 1854 626 ,

273 660 418 728 quod
446 660 557 716 sint
579 660 726 714 afﬁxi
756 658 1134 731 praesentibus,
1157 667 1212 712 et
1236 657 1302 712 ad
1328 656 1491 711 vitam
1519 657 1690 710 solum
1721 670 1858 725 prae-

272 759 485 806 sentem
518 751 762 806 inhient:
786 752 930 806 unde
968 751 1130 807 etiam
1173 750 1232 804 ﬁt
1259 758 1319 804 ut
1347 748 1550 819 ingenti
1576 747 1718 817 pleni
1746 747 1858 802 sint

267 842 438 898 animi
466 844 802 914 aegritudine.
833 844 965 898 Nam
998 844 1209 899 etiamsi
1235 842 1447 913 quidvis
1483 841 1779 913 jucundum
1801 850 1858 896 et

267 948 436 990 suave
461 936 662 991 dixeris
682 977 698 1000 ,
726 937 794 991 ad
820 937 998 991 omnia
1025 935 1254 992 delenda
1279 935 1476 990 sufﬁcit
1505 944 1679 990 metus
1705 951 1853 989 mor-

268 1025 340 1080 tis
370 1045 387 1081 :
415 1027 506 1096 qui
545 1037 728 1084 autem
769 1035 855 1083 est
895 1027 1229 1098 lmjusmodi,
1272 1035 1355 1082 est
1396 1035 1640 1082 mortuus
1677 1025 1852 1081 adhuc

265 1119 474 1173 vivens.
507 1119 571 1173 Et
609 1120 750 1190 quod
800 1121 1105 1176 inﬁdelibus
1151 1121 1368 1192 quidem
1412 1121 1528 1176 haec
1563 1119 1847 1187 accidant,

263 1223 376 1263 non
418 1219 502 1265 est
539 1212 776 1268 mirum:
805 1213 1021 1281 quando
1063 1220 1242 1268 autem
1282 1213 1339 1278 ii,
1381 1214 1472 1283 qui
1518 1222 1596 1267 tot
1624 1221 1674 1267 et
1704 1218 1848 1267 tanta

263 1313 626 1372 perceperunt
665 1305 918 1375 mysteria
966 1315 1020 1360 et
1067 1306 1136 1361 de
1176 1306 1368 1360 futuris
1397 1315 1502 1359 tam
1531 1305 1697 1359 multa
1723 1313 1849 1359 sunt

259 1394 654 1464 philosophati,
683 1397 845 1452 rebus
872 1399 1224 1467 prtesentibus
1247 1398 1444 1452 addicti
1473 1398 1525 1452 in
1553 1398 1631 1452 eis
1654 1397 1846 1453 luben-

259 1495 348 1540 ter
389 1496 706 1552 versentur,
732 1503 963 1557 quanam
1010 1489 1207 1544 fuerint
1233 1488 1378 1558 digni
1406 1489 1608 1545 venia?
1645 1489 1748 1556 Qui
1787 1488 1847 1544 ﬁt

255 1586 467 1640 autem,
500 1577 642 1647 quod
672 1578 923 1634 lubenter
951 1592 1232 1637 versentur
1262 1581 1317 1636 in
1349 1580 1740 1651 praesentibus?
1765 1581 1842 1637 Ex

252 1681 328 1721 eo
349 1668 492 1738 quod
517 1669 824 1725 incumbant
844 1671 1072 1736 deliciis,
1091 1687 1303 1728 carnem
1327 1675 1591 1743 saginent,
1607 1674 1838 1730 animam

253 1759 511 1831 frangant
533 1778 596 1816 ac
623 1763 886 1830 molliant,
918 1773 974 1818 et
995 1779 1161 1835 grave
1184 1781 1319 1820 onus
1345 1765 1591 1831 reddant,
1620 1767 1838 1821 multas-

250 1865 361 1919 que
395 1853 644 1908 tenebras
671 1863 723 1909 et
752 1870 995 1911 crassum
1041 1857 1216 1911 velum
1257 1857 1569 1912 obtendant.
1609 1858 1742 1914 Nam
1785 1859 1838 1914 in

247 1941 468 1996 deliciis
497 1943 712 2013 quidem
743 1944 816 2011 id,
845 1947 986 2016 quod
1008 1957 1092 2002 est
1117 1948 1330 2013 melius,
1360 1949 1618 2018 redigitur
1641 1950 1692 2004 in
1717 1965 1838 2005 ser-

245 2033 516 2100 vitutem;
547 2035 688 2104 quod
716 2044 800 2091 est
826 2046 1004 2093 autem
1033 2039 1205 2108 pejus,
1229 2039 1558 2094 dominatum
1589 2039 1837 2096 obtinet:

242 2129 304 2174 ct
351 2122 478 2177 illud
519 2125 734 2194 quidem
767 2127 1002 2199 undique
1028 2138 1356 2195 excwcatur,
1386 2145 1744 2203 mancumque
1773 2147 1837 2187 ac

241 2214 496 2268 mutilum
527 2215 781 2283 trahitur;
802 2218 904 2274 hoc
932 2229 1110 2275 autem
1140 2221 1192 2274 in
1221 2237 1411 2277 omnes
1435 2231 1618 2294 partes
1645 2224 1752 2294 agit
1782 2231 1838 2279 et

241 2307 586 2376 circumagit,
608 2323 728 2363 cum
749 2310 975 2367 deberet
998 2326 1120 2368 esse
1143 2313 1194 2367 in
1220 2313 1340 2368 loco
1361 2323 1416 2369 et
1435 2315 1626 2370 ordine
1646 2330 1834 2371 eorum

239 2412 372 2466 qua:
397 2407 645 2468 aguntur.
667 2400 762 2455 Est
777 2403 919 2456 enim
943 2418 1191 2474 maguum
1209 2405 1401 2459 anima:
1421 2406 1689 2462 vinculum
1713 2422 1833 2462 cum

236 2496 500 2561 corpore,
526 2491 686 2562 idque
708 2494 942 2563 providit
964 2507 1020 2551 et
1045 2500 1347 2566 procuravit
1370 2498 1579 2569 Opifex,
1603 2516 1672 2556 ne
1694 2510 1834 2556 tarn-

238 2598 411 2652 quam
440 2583 674 2639 alienum
706 2585 758 2640 id
786 2588 968 2642 odisse
990 2588 1155 2660 aliqui
1185 2591 1589 2660 persuaderent.

312 2673 370 2728 9.
403 2674 534 2728 Nam
561 2675 700 2730 Deus
727 2677 942 2747 quidem
961 2680 1122 2750 jussit
1145 2683 1368 2754 diligere
1397 2685 1644 2740 inimicos
1671 2702 1686 2740 :
1720 2685 1834 2740 dia-

233 2764 398 2820 bolus
422 2775 597 2822 autem
627 2777 831 2825 tantum
859 2774 1058 2842 potuit,
1107 2785 1167 2829 ut
1205 2777 1536 2845 persuaserit
1560 2779 1829 2849 aliquibus

230 2860 403 2912 etiam
439 2873 592 2912 suum
618 2874 813 2930 corpus
843 2863 1040 2920 odisse.
1066 2864 1200 2920 Nam
1231 2869 1447 2937 quando
1472 2868 1600 2924 dicit
1626 2871 1678 2925 id
1710 2887 1832 2928 esse

230 2949 444 3004 diaboli
465 2991 478 3014 ,
513 2951 643 3007 nihil
674 2953 817 3008 aliud
847 2971 1004 3026 quam
1036 2955 1138 3012 hoc
1181 2959 1414 3028 probat:
1446 2961 1588 3031 quod
1617 2970 1700 3016 est
1729 2977 1826 3018 ex-

232 3042 398 3098 tremi
426 3041 622 3097 delirii.
653 3044 708 3100 Si
736 3047 879 3100 enim
906 3057 988 3104 est
1010 3049 1242 3114 diaboli,
1267 3051 1386 3119 quis
1415 3060 1500 3107 est
1521 3052 1826 3122 hujusmodi

229 3147 536 3189 consensus
565 3143 621 3190 et
647 3137 966 3204 concordia,
993 3149 1054 3194 ut
1090 3140 1142 3194 id
1173 3141 1364 3197 reddat
1393 3145 1541 3198 omni
1582 3160 1647 3200 ex
1676 3156 1829 3215 parte

228 3234 424 3296 aptum
469 3227 536 3282 ad
583 3229 928 3297 Operationes
974 3233 1200 3299 animae,
1233 3249 1354 3303 qua:
1386 3244 1600 3292 tenetur
1641 3239 1823 3294 studio

227 3319 632 3390 philosophia?
671 3323 742 3377 At
787 3323 834 3378 si
879 3331 992 3389 est,
1047 3325 1244 3395 inquit,
1294 3338 1509 3398 aptum,
1557 3331 1828 3400 quomodo

225 3410 384 3464 illam
406 3413 682 3467 excaecat?
702 3413 818 3468 Non
836 3424 916 3470 est
938 3430 1134 3486 corpus
1153 3418 1297 3488 quod
1312 3431 1550 3476 excaecat
1565 3424 1823 3492 animam,

226 3501 416 3570 absit,
441 3506 536 3558 sed
565 3505 793 3560 delicirc.
834 3507 1063 3562 Delicias
1107 3519 1286 3566 autem
1318 3513 1588 3568 undenam
1619 3518 1829 3588 appeti-

224 3594 394 3647 mus?
440 3593 557 3649 Non
589 3597 776 3666 utique
805 3613 874 3652 ex
921 3614 1019 3665 eo,
1067 3601 1208 3670 quod
1256 3617 1454 3672 corpus
1498 3604 1822 3674 habeamus,

223 3683 326 3738 sed
362 3700 428 3738 ex
456 3699 624 3753 prava
667 3686 824 3742 liberi
868 3688 1076 3743 arbitrii
1123 3691 1410 3748 electione.
1441 3694 1649 3766 Corpus
1679 3699 1822 3751 enim

223 3782 358 3844 eget
386 3775 642 3830 alimento
663 3818 679 3844 ,
725 3793 831 3832 non
883 3779 1121 3848 deliciis;
1173 3797 1369 3852 corpus
1400 3798 1536 3854 opus
1568 3786 1729 3843 habet
1764 3797 1825 3844 ut

222 3865 444 3930 alatur,
475 3881 583 3922 non
621 3879 679 3922 ut
725 3869 1051 3940 infringatur
1079 3881 1133 3927 et
1171 3872 1398 3928 diffluat.
1446 3875 1632 3947 Neque
1677 3880 1820 3934 enim

222 3957 427 4010 anima:
459 3965 662 4012 tantum
683 3998 701 4025 ,
742 3961 834 4015 sed
865 3962 1026 4018 etiam
1069 3963 1168 4033 ipsi
1197 3966 1411 4035 corpori
1441 3967 1586 4036 quod
1613 3969 1776 4024 alitur
1802 4012 1818 4038 ,

225 4046 418 4103 hostes
447 4058 573 4104 sunt
597 4049 824 4107 deliciae.
843 4051 972 4106 Nam
1002 4068 1098 4122 pro
1127 4053 1350 4111 robusto
1380 4056 1440 4111 ﬁt
1466 4057 1810 4128 imbecillius,

223 4154 330 4208 pro
362 4140 520 4195 ﬁrmo
551 4141 798 4208 mollius,
842 4157 941 4214 pro
970 4144 1172 4201 salubri
1206 4147 1690 4219 valetudinarium,
1725 4167 1822 4222 pro

223 4231 336 4285 levi
364 4233 601 4303 gravi-us,
625 4249 724 4304 pro
745 4235 917 4292 denso
941 4239 1138 4307 rarius,
1163 4247 1219 4295 et
1243 4248 1398 4311 turpe
1423 4257 1523 4312 pro
1549 4245 1818 4315 formoso,

225 4336 282 4380 et
308 4339 410 4395 pro
441 4326 578 4383 bene
615 4329 796 4384 olente
843 4331 1000 4400 pejus
1044 4331 1198 4389 olens
1227 4349 1292 4389 ac
1320 4336 1600 4404 foetidum,
1628 4349 1684 4394 et
1723 4354 1822 4409 pro

224 4419 434 4472 mundo
462 4421 796 4478 immundum
817 4463 832 4489 ,
861 4433 916 4480 et
939 4425 1130 4483 dolore
1154 4429 1410 4499 agitatum
1435 4445 1534 4500 pro
1554 4435 1783 4491 remisso
1801 4475 1817 4501 ,

227 4508 424 4565 inutile
454 4526 554 4581 pro
578 4515 730 4579 utili,
762 4525 916 4570 vetus
940 4533 1037 4588 pro
1067 4535 1209 4575 novo
1230 4562 1244 4586 ,
1278 4523 1551 4592 putridum
1579 4540 1678 4595 pro
1706 4526 1819 4581 for-

229 4602 308 4667 ti,
347 4603 664 4674 tardumque
689 4615 744 4661 et
773 4607 939 4664 hebes
990 4626 1087 4680 pro
1115 4613 1282 4668 celeri
1308 4656 1324 4680 ,
1355 4625 1410 4670 et
1438 4617 1690 4674 claudum
1723 4635 1820 4688 pro

224 4701 381 4747 recto
404 4702 460 4748 et
489 4694 722 4766 integro.
751 4698 913 4768 Atqui
942 4701 984 4756 si
1009 4713 1154 4759 esset
1181 4704 1417 4774 diaboli,
1451 4724 1558 4764 non
1600 4721 1816 4782 oporte-

225 4793 313 4837 ret
354 4784 528 4853 ipsum
557 4787 628 4840 ab
655 4802 722 4842 eo
769 4789 926 4855 laedi,
959 4807 989 4846 a
1025 4793 1158 4847 vitio
1205 4797 1443 4866 inquam.
1489 4797 1596 4856 Sed
1645 4818 1820 4874 neque

227 4887 426 4941 corpus
445 4914 461 4939 ,
491 4890 668 4947 neque
709 4879 817 4933 cibi
862 4892 987 4936 sunt
1016 4884 1250 4954 diaboli,
1281 4888 1378 4944 sed
1408 4889 1540 4946 sola:
1586 4891 1816 4950 delicias.

225 4961 371 5040 Nam
397 4979 490 5033 per
517 4981 611 5020 eas
655 4969 949 5025 sceleratus
979 4973 1067 5028 ille
1109 4974 1322 5032 daamon
1351 4981 1491 5034 mala
1539 4980 1707 5038 efﬁcit
1737 4985 1821 5040 iu-

227 5054 578 5110 numerabilia
614 5074 628 5110 :
679 5059 760 5113 sic
811 5062 1066 5131 populum
1099 5065 1365 5137 integrum
1399 5087 1614 5140 pessum
1647 5073 1816 5130 dedit.

230 5142 589 5216 lmpingnams
617 5158 689 5202 est
714 5151 880 5217 enim,
905 5152 1109 5223 inquit,
1135 5165 1184 5211 et
1242 5159 1505 5228 dilatams,
1529 5174 1578 5219 et
1601 5168 1817 5222 recalci-

231 5237 380 5289 trmu‘t
403 5238 614 5293 dilectus
645 5240 825 5311 (Deut.
851 5245 940 5299 52.
972 5246 1084 5317 15).
1109 5248 1281 5306 Porro
1309 5253 1436 5310 hinc
1464 5272 1680 5329 quoque
1717 5262 1819 5315 So-

231 5327 406 5383 domis
437 5328 536 5384 l‘uit
575 5332 792 5388 illorum
822 5335 1102 5393 fulminum
1151 5343 1381 5399 initium.
1415 5348 1568 5414 Quod
1593 5327 1814 5422 quidem

232 5419 540 5489 significans
620 5423 867 5482 Ezechiel
897 5429 1144 5487 dicebat:
1177 5434 1285 5490 Sed
1313 5437 1420 5492 lucc
1447 5419 1689 5510 iniquitas
1715 5445 1817 5500 So-

234 5516 499 5566 domorum
525 5529 544 5568 :
585 5516 641 5568 in
681 5519 948 5588 superbia,
976 5531 1024 5576 et
1051 5523 1104 5578 in
1131 5526 1449 5584 abundantia
1476 5535 1625 5600 panis
1648 5576 1662 5599 ,
1690 5547 1736 5589 et
1763 5537 1816 5590 in

236 5603 379 5657 rebus
419 5608 653 5661 secundis
678 5626 733 5664 se
759 5611 1026 5681 explebant
1068 5615 1263 5672 deliciis
1303 5620 1531 5691 (Ezeclt.
1563 5625 1647 5680 l6.
1680 5628 1749 5683 48
1773 5629 1813 5696 ).

309 5695 514 5762 Quanta
540 5702 675 5755 mala
704 5719 767 5757 ex
801 5706 925 5775 gula
948 5707 1578 5785 minutum—Propterea
1621 5695 1814 5777 Paulus

237 5802 446 5859 quoque
490 5791 743 5850 diccbat:
793 5796 920 5864 Quit:
961 5809 1140 5858 autem
1181 5805 1234 5861 in
1279 5806 1473 5864 deliciis
1501 5808 1635 5883 degit
1664 5852 1679 5881 ,
1731 5814 1804 5872 υἱ-

1271 357 1337 415 m
1374 354 1593 414 EPIST.
1630 339 1686 410 ι’
1716 353 1810 409 an
1844 350 2000 413 con.
2043 353 2271 412 nontL.
2315 356 2555 414 xxxrx.

3447 364 3557 423 556

1967 483 2086 524 oens
2132 481 2207 526 est
2244 485 2442 531 mortua
2480 477 2572 547 (1.
2615 476 2751 534 Tim.
2792 480 2848 536 5.
2888 481 2982 553 ϐ).
3040 483 3251 552 Quare?
3283 485 3548 553 Quoniam

1965 564 2275 620 circumfert
2319 582 2519 638 corpus
2571 581 2840 643 tamquam
2883 576 3211 647 sepulcrum,
3239 580 3547 650 colligatum

1965 654 2120 709 malis
2148 655 2647 718 innumerabilibus.
2689 665 2747 718 Si
2792 675 2973 721 autem
3023 681 3219 738 corpus
3258 671 3332 724 ita
3372 673 3546 740 perit,

1963 748 2234 814 quomodo
2261 749 2530 807 afﬁcietur
2557 755 2734 809 anima
2756 796 2770 820 ,
2803 766 3004 826 quanto
3029 761 3260 815 tumultu
3279 801 3298 828 ,
3331 764 3546 832 quantis

1963 834 2214 894 ﬂuctibus
2233 881 2250 907 ,
2282 852 2480 911 quanta
2511 851 2829 914 tempestate
2857 849 2961 903 erit
2990 851 3226 905 referta?
3254 852 3543 923 Propterea

1963 930 2178 999 quidem
2205 943 2351 988 certe
2371 934 2438 990 ad
2467 939 2646 991 omnia
2669 938 2744 992 sit
2765 940 2991 1003 inutilis,
3013 952 3068 996 et
3096 957 3196 997 nec
3221 943 3424 1010 dicere,
3445 957 3544 998 nec

1959 1023 2171 1091 audire,
2197 1040 2372 1097 neque
2391 1031 2702 1086 consultare
2737 1048 2912 1101 neque
2937 1035 3134 1105 aliquid
3165 1051 3325 1106 agere
3348 1052 3538 1094 eorum

1957 1130 2078 1184 quae
2105 1116 2262 1172 decet
2306 1119 2462 1175 facile
2509 1123 2741 1190 poterit:
2773 1123 2867 1180 sed
2910 1126 3050 1180 sicut
3089 1127 3417 1197 gubernator
3438 1169 3452 1193 ,
3486 1129 3538 1183 si

1956 1213 2250 1276 tempestas
2277 1209 2469 1266 vicerit
2491 1223 2662 1268 artem
2685 1255 2700 1278 ,
2731 1230 2852 1271 cum
2888 1217 3004 1286 ipsa
3031 1233 3165 1274 nave
3206 1227 3260 1274 et
3305 1221 3539 1276 vectori-

1954 1298 2056 1355 bus
2084 1300 2480 1372 submergitur:
2511 1305 2584 1360 ita
2611 1307 2777 1362 etiam
2807 1309 2983 1363 anima
3013 1325 3134 1365 cum
3174 1326 3404 1382 corpore
3432 1313 3531 1368 de-

1953 1395 2216 1463 mergitur
2257 1396 2310 1450 in
2357 1412 2575 1466 gravem
2627 1399 2883 1471 abyssum
2928 1403 3374 1461 insensibilitatis.
3402 1406 3538 1462 Nam

1952 1483 2093 1538 sicut
2119 1486 2402 1555 quamdam
2432 1491 2631 1545 molam
2665 1492 2806 1548 Deus
2845 1495 3002 1550 nobis
3050 1505 3293 1552 ventrem
3321 1497 3531 1563 indidit,

1951 1577 2073 1633 data
2101 1583 2419 1650 congruenti
2447 1591 2504 1638 et
2530 1583 2806 1640 moderata
2838 1587 3110 1655 facultate,
3143 1598 3198 1644 et
3225 1601 3372 1646 certa
3398 1607 3534 1646 cou-

1949 1668 2132 1724 stituta
2171 1685 2460 1740 mensura,
2495 1690 2653 1744 quam
2687 1677 2862 1747 ipsum
2907 1689 3121 1749 oportet
3148 1683 3387 1751 quotidie
3420 1698 3536 1738 mo-

1947 1758 2081 1816 lere.
2106 1761 2163 1817 Si
2189 1763 2309 1833 quis
2334 1779 2464 1836 ergo
2491 1767 2645 1836 plura
2671 1768 2894 1840 injiciat,
2921 1786 2981 1826 ea
3009 1786 3116 1828 non
3143 1773 3387 1829 confecta
3414 1776 3537 1831 uui-

1915 1908 1920 1913 ,
1946 1867 2104 1908 verso
2133 1855 2352 1910 exitium
2381 1857 2632 1914 afferunt.
2680 1860 2818 1916 Hinc
2845 1865 3019 1919 morbi
3051 1875 3106 1920 et
3141 1866 3533 1924 imbecillitates

1945 1951 2001 1998 et
2030 1943 2398 2004 deformitates
2426 1967 2439 2004 :
2472 1967 2580 2005 non
2613 1955 2758 2008 enim
2788 1957 2960 2012 solum
2991 1952 3323 2028 morbidam,
3353 1963 3447 2018 sed
3476 1972 3534 2019 et

1944 2045 2155 2109 turpem
2183 2039 2388 2098 faciunt
2409 2043 2617 2101 deliciae
2643 2063 2762 2102 eam
2793 2065 2912 2120 qua:
2941 2052 3160 2121 pulchra
3187 2063 3323 2111 erat.
3352 2055 3534 2122 Quan-

1942 2129 2014 2184 do
2057 2134 2203 2187 enim
2232 2134 2517 2204 injucunda
2549 2140 2766 2196 assidue
2795 2151 3032 2208 eructat,
3061 2154 3116 2200 et
3145 2147 3415 2216 putridum
3445 2147 3530 2202 vi—

1899 2215 1914 2226 ’
1942 2235 2070 2276 num
2097 2224 2301 2292 spirat,
2334 2233 2389 2280 et
2426 2227 2546 2296 plus
2571 2244 2728 2299 quam
2772 2247 2873 2300 par
2911 2233 2981 2288 sit
3019 2235 3285 2304 rubescit,
3313 2246 3370 2292 et
3399 2253 3528 2294 eum

1941 2313 2033 2381 qui
2062 2313 2274 2370 mulieri
2302 2319 2554 2373 convenit
2581 2332 2830 2377 ornatum
2855 2327 3172 2396 corrumpit,
3205 2342 3530 2398 omnemque

1939 2403 2118 2473 perdit
2144 2406 2395 2462 decorem
2437 2419 2492 2464 ct
2539 2411 2913 2480 honestatem;
2964 2425 3020 2471 et
3070 2417 3288 2474 llaccida
3311 2420 3525 2488 quidem

1941 2495 2000 2546 fit
2028 2508 2187 2558 caro,
2228 2498 2517 2567 sanguinea
2556 2510 2735 2556 autem
2773 2515 2828 2558 ct
2872 2506 3079 2562 intensa
3111 2509 3440 2577 supercilia,
3475 2519 3530 2565 et

1940 2585 2113 2655 major
2141 2603 2298 2657 quam
2325 2605 2421 2660 par
2449 2596 2521 2647 sit
2548 2597 2941 2666 crassitudo,et
2970 2614 3368 2670 supervacanea
3398 2617 3522 2658 car-

1939 2677 2024 2732 nis
2049 2685 2413 2738 excrescentia
2434 2701 2447 2737 :
2471 2686 2645 2756 cogita
2671 2700 2869 2758 quanta
2894 2691 3019 2747 hinc
3049 2693 3118 2748 sit
3144 2693 3443 2749 insuavitas
3468 2703 3525 2750 et

1937 2773 2202 2828 molestia.
2248 2777 2440 2832 Audivi
2485 2795 2699 2850 quoque
2746 2784 2985 2840 medicos
3024 2785 3300 2853 dicentes,
3340 2786 3524 2842 multis

1936 2863 2319 2933 impedimento
2345 2866 2512 2924 fuisse
2539 2869 2760 2928 delicias
2787 2889 2855 2929 ne
2885 2877 3192 2943 proceriore
3212 2886 3394 2932 essent
3414 2885 3524 2932 sta-

1937 2963 2074 3009 tura.
2109 2955 2242 3010 Nam
2264 2973 2386 3014 cum
2413 2958 2764 3018 intersccetur
2791 2965 3012 3034 spiritus
3054 2968 3395 3029 multitudine
3423 2985 3522 3026 eo-

1935 3061 2054 3100 rum
2097 3063 2216 3118 quac
2244 3049 2586 3122 dejictuntur,
2619 3065 2673 3109 et
2701 3068 2992 3126 occupetur
3021 3059 3074 3114 in
3116 3060 3182 3115 iis
3218 3062 3514 3118 conﬁcien-

1933 3137 2017 3192 dis
2037 3180 2051 3205 ,
2079 3139 2226 3209 quod
2253 3145 2538 3211 oportebat
2582 3145 2649 3200 ad
2699 3158 3045 3218 augmentum
3099 3153 3400 3222 procedere
3419 3195 3436 3220 ,
3465 3154 3521 3210 id

1933 3228 1987 3284 in
2017 3245 2534 3302 supervacaneorum
2563 3237 2848 3295 insumitur
2873 3243 3234 3299 confectione.
3264 3245 3400 3311 Quid
3430 3245 3517 3301 di-

1931 3325 2077 3380 xeris
2106 3325 2175 3380 de
2203 3326 2398 3396 pedum
2427 3329 2704 3388 doloribus
2725 3373 2741 3398 ,
2774 3333 2842 3388 de
2884 3334 3166 3391 rbeumate
3194 3338 3336 3407 quod
3367 3337 3524 3393 ober-

1930 3427 2014 3473 rat
2043 3419 2095 3473 in
2141 3435 2331 3476 omnes
2376 3434 2586 3494 partes,
2618 3426 2746 3496 quid
2773 3427 2840 3482 de
2885 3427 3004 3483 aliis
3033 3431 3235 3485 morbis
3259 3431 3350 3500 qui
3396 3430 3523 3486 hinc

1930 3519 2177 3573 oriuntur
2198 3561 2213 3586 ,
2243 3529 2296 3574 et
2327 3521 2449 3576 aliis
2474 3523 2883 3579 abominandis?
2917 3526 3061 3581 Nihil
3088 3538 3172 3584 est
3197 3529 3338 3582 cnim
3365 3545 3522 3598 mque

1930 3609 2276 3676 iniucundum
2305 3621 2361 3667 ct
2390 3613 2610 3669 insuave
2638 3624 2698 3670 ut
2723 3617 2917 3672 mulier
2943 3658 2959 3684 ,
2992 3635 3112 3687 quae
3139 3621 3304 3674 multa
3332 3635 3518 3676 come-

1930 3700 2029 3754 dit.
2063 3700 2351 3772 Pr0pterea
2383 3703 2435 3759 iu
2466 3708 2806 3775 pauperculis
2827 3709 3024 3764 videris
3049 3711 3308 3780 majorem
3332 3713 3520 3768 formae

1929 3791 2421 3863 pulchritudinem,
2449 3796 2578 3851 dum
2623 3809 3013 3855 consumuntur
3053 3813 3398 3858 excrementa
3420 3844 3434 3868 ,
3462 3813 3520 3859 et

1927 3897 2038 3936 non
2078 3883 2358 3938 adhaerent
2386 3902 2561 3957 neque
2606 3887 2802 3942 frustra
2831 3889 3160 3958 adjiciuntur
3188 3893 3320 3962 ipsis
3348 3895 3519 3950 instar

1928 3973 2024 4028 luti
2048 3977 2455 4043 supervacanei.
2483 3976 2617 4033 Nam
2650 3979 2962 4050 quotidiana
2988 3985 3303 4039 exercitatio
3329 4026 3342 4050 ,
3366 3985 3516 4041 labo-

1925 4081 2037 4133 res,
2066 4065 2387 4124 aﬂlictiones
2407 4110 2423 4134 ,
2456 4084 2642 4126 mensa
2672 4073 2945 4128 moderata
2979 4084 3033 4130 et
3072 4077 3246 4132 tenuis
3270 4079 3393 4133 vita:
3420 4095 3510 4134 ra-

1927 4161 2023 4227 tio,
2056 4160 2283 4217 multam
2303 4163 2383 4218 eis
2409 4165 2652 4234 praebent
2681 4167 2873 4222 bonam
2900 4169 3285 4237 habitudinem,
3314 4181 3368 4227 et
3389 4173 3517 4231 hinc

1925 4266 2140 4322 quoque
2170 4269 2417 4325 magnam
2447 4256 2924 4327 pulchritudinem.
2956 4262 3012 4318 Si
3041 4272 3222 4319 autem
3251 4265 3516 4322 obtendas

1924 4342 2238 4400 deliciarum
2263 4346 2614 4416 voluptatem,
2643 4365 2764 4405 eam
2793 4352 3032 4409 invenies
3053 4355 3231 4410 solum
3258 4371 3426 4427 usque
3446 4357 3514 4412 ad

1922 4436 2101 4506 gulam
2128 4455 2142 4490 :
2171 4453 2294 4492 nam
2338 4440 2682 4513 simulatque
2711 4443 2944 4514 linguam
2976 4447 3268 4517 prmteriit,
3302 4450 3510 4520 avolat,

1923 4529 2121 4584 multas
2151 4531 2448 4588 immittens
2479 4534 2772 4591 molestias.
2800 4537 2878 4592 Ne
2897 4539 3027 4592 mihi
3054 4540 3196 4594 enim
3228 4541 3401 4596 solum
3423 4557 3515 4597 ac-

1921 4624 2237 4679 cumbentes
2261 4625 2444 4680 videas
2467 4641 2561 4682 eos
2580 4628 2669 4698 qui
2691 4630 2875 4685 vivunt
2896 4631 2948 4684 in
2971 4632 3198 4698 deliciis,
3227 4634 3322 4688 sed
3344 4649 3514 4704 quan-

1923 4714 1993 4770 do
2022 4716 2220 4771 videris
2262 4733 2358 4772 eos
2399 4721 2737 4785 surrexisse,
2772 4730 2896 4778 tunc
2937 4737 3197 4794 sequere,
3224 4735 3279 4779 et
3304 4723 3513 4782 videbis

1923 4807 2092 4879 magis
2121 4823 2244 4864 esse
2277 4809 2506 4866 ferarum
2533 4820 2589 4866 ct
2613 4811 2894 4868 brutorum
2916 4829 3141 4886 corpora
3161 4856 3178 4882 ,
3218 4832 3378 4888 quam
3410 4817 3512 4871 lto-

1923 4900 2150 4954 minum.
2176 4899 2398 4956 Videbis
2420 4903 2562 4957 enim
2585 4904 2759 4974 capite
2780 4915 3052 4975 gravatos,
3078 4908 3508 4978 pandiculantes,

1921 4992 2244 5063 colligatos,
2274 4992 2415 5047 lecto
2457 5010 2594 5066 opus
2623 4995 2919 5065 habentes,
2966 5000 3218 5070 stragulis
3256 5009 3312 5056 et
3341 5005 3509 5057 multa

1921 5084 2101 5154 quiete
2122 5125 2138 5151 ,
2170 5093 2226 5139 et
2255 5093 2524 5156 tamquam
2558 5088 2611 5143 in
2642 5089 2829 5146 multis
2860 5092 3017 5147 undis
3044 5091 3398 5164 ﬂuctibusque
3422 5095 3510 5165 ja-

1921 5183 2096 5230 ctatos
2120 5186 2173 5232 et
2202 5178 2544 5246 perturbatos
2563 5222 2578 5246 ,
2606 5189 2660 5236 et
2687 5181 2753 5236 iis
2782 5182 2875 5252 qui
2897 5193 3116 5241 servent
3136 5201 3272 5256 cpus
3302 5188 3508 5242 haben-

1922 5277 2040 5336 tes,
2070 5270 2456 5340 cupientesque
2491 5273 2540 5326 in
2584 5273 2679 5328 illo
2715 5289 2838 5330 esse
2883 5286 3059 5342 statu,
3105 5277 3158 5333 in
3205 5295 3313 5349 quo
3355 5290 3511 5336 erant

1921 5362 2233 5432 priusquam
2262 5364 2750 5436 disrumperentur.
2782 5366 3077 5440 Tamquam
3099 5373 3243 5428 enim
3267 5375 3510 5444 gravidae

1919 5455 2174 5510 mulieres
2193 5498 2208 5523 ,
2240 5457 2310 5511 ita
2332 5461 2536 5528 gravati
2567 5470 2783 5518 ventres
2809 5461 3213 5533 circumferunt,
3236 5475 3292 5520 et
3309 5467 3397 5521 vix
3424 5467 3510 5521 iu—

1919 5547 2268 5617 grediuntur,
2327 5554 2414 5606 vix
2464 5553 2764 5623 aspiciunt,
2797 5556 2886 5611 vix
2938 5557 3260 5628 loquuntur,
3313 5569 3368 5612 et
3411 5560 3504 5613 vix

1919 5641 2123 5694 omnia.
2153 5641 2309 5709 Quod
2337 5643 2382 5699 si
2413 5654 2700 5716 contigerit
2740 5661 2834 5704 eos
2874 5663 3062 5720 parum
3103 5649 3370 5712 dormire,
3404 5648 3503 5704 ab-

1919 5732 2084 5787 surda
2115 5749 2306 5789 rursus
2335 5736 2516 5790 vident
2534 5740 2739 5793 somnia
2759 5780 2774 5806 ,
2801 5749 2856 5794 ct
2881 5741 3076 5796 referta
3096 5741 3224 5796 visis
3253 5741 3502 5796 innume-

1919 5822 2199 5880 rabilibus.
2224 5825 2363 5893 Quid
2389 5839 2576 5884 rursus
2592 5827 2795 5886 dixeris
2817 5831 2884 5887 de
2913 5833 3015 5888 alia
3037 5833 3248 5889 illorum
3269 5832 3497 5900 insania,
