3998 6412
433 341 566 403 3N;

437 459 507 514 de
535 474 628 527 re,
676 459 924 530 inquam,
971 459 1240 515 venerea?
1289 458 1419 513 Nam
1449 474 1510 513 ea
1556 472 1768 529 quoque
1810 473 1874 512 ex
1921 456 2024 512 hoc

444 551 594 608 fonte
621 562 833 606 manat:
857 562 912 606 et
940 553 1075 607 sicut
1103 550 1227 619 equi
1258 551 1312 604 in
1343 549 1570 604 feminas
1597 548 1779 604 furore
1804 548 2024 619 perciti,

442 643 517 696 ita
546 643 822 699 ebrietatis
851 652 1019 699 (nstro
1059 640 1347 707 stimulati,
1377 655 1566 696 omnes
1610 641 1884 706 insiliunt,
1911 649 2026 695 sto-

444 735 605 790 lidius
643 744 698 790 et
747 735 999 789 furiosius
1047 748 1206 804 quam
1240 732 1316 786 illi
1363 732 1732 797 exsultantes,
1764 741 1818 786 et
1861 731 2028 785 multa

441 827 546 880 alia
574 826 824 882 indecore
853 826 1127 890 facientes,
1151 841 1270 896 qute
1294 824 1446 880 nefas
1473 823 1689 894 quidem
1720 832 1799 878 est
1827 823 2027 878 dicere.

447 918 629 988 Neque
658 918 802 972 enim
847 919 1026 972 sciunt
1053 933 1113 972 ea
1137 958 1152 982 ,
1184 932 1305 985 quae
1337 917 1616 986 patiuntur
1637 957 1651 980 ,
1699 929 1872 983 neque
1913 929 2032 983 quae

444 1017 632 1078 agunt.
659 1008 764 1064 Sed
794 1023 901 1064 non
927 1004 1009 1064 est
1049 1008 1313 1078 ejusmodi
1343 1009 1388 1062 is
1426 1007 1514 1076 qui
1548 1021 1655 1060 non
1688 1005 1782 1058 dat
1811 1019 2031 1071 operam

446 1102 688 1165 deliciis;
715 1102 812 1157 sed
849 1103 1004 1157 sedet
1032 1103 1084 1156 in
1115 1112 1269 1170 portu
1291 1142 1304 1164 ,
1338 1100 1568 1154 aliorum
1594 1097 1784 1152 videns
1815 1095 2038 1150 naufra-

445 1193 558 1262 gia,
587 1201 643 1248 et
665 1208 796 1263 pura
829 1202 1194 1264 perpetuaque
1221 1192 1413 1248 fruitur
1439 1192 1744 1259 voluptate,
1772 1204 1890 1245 eam
1917 1205 2038 1259 qua:

1193 345 1250 402 Β.
1279 345 1554 403 ,ΙΟΑΝΝΙΞ
1587 334 2058 400 CHRYSOSTOMI
2097 332 2412 400 ARCH'IEP.
2440 304 2971 403 CONSTANTINOP.

2133 459 2304 515 libero
2331 458 2533 515 homini
2558 460 2811 516 convenit
2838 461 3000 514 vitam
3031 473 3214 529 agens.
3241 457 3368 514 Haec
3387 473 3513 531 ergo
3532 462 3697 518 scien-

2132 561 2213 606 tes
2233 594 2248 617 ,
2277 552 2540 623 fugiamus
2584 554 2721 606 mala
2763 553 3008 608 convivia
3036 551 3348 606 deliciarum
3376 562 3430 608 et
3470 567 3702 610 mensam

2133 655 2414 701 teneamus
2444 653 2702 701 tenuem:
2734 656 2792 700 ut
2829 656 2884 702 et
2911 647 3088 701 anima
3128 656 3184 701 et
3210 661 3435 717 corpore
3472 647 3606 702 bene
3632 647 3706 701 af-

2133 737 2280 804 fecti,
2308 751 2524 792 omnem
2552 751 2842 806 operemur
2868 739 3150 801 virtutem,
3183 745 3238 792 et
3262 737 3400 792 bona
3431 737 3598 792 futura
3626 752 3710 792 as-

2135 841 2457 897 sequamur,
2488 827 2656 898 gratia
2687 837 2743 882 et
2773 829 3101 898 benignitate
3132 827 3340 882 Domini
3382 828 3548 883 nostri
3587 827 3707 883 Jesu

2135 917 2372 984 Christi,
2403 917 2618 988 quicum
2649 919 2793 973 Patri
2823 934 3038 989 unaque
3055 919 3278 988 Spiritui
3309 926 3495 974 sancto
3515 919 3706 989 gloria,

2139 1009 2455 1078 imperium,
2489 1013 2697 1076 honor,
2746 1027 2892 1066 nunc
2939 1023 2994 1067 et
3041 1026 3295 1082 semper,
3344 1020 3400 1066 et
3442 1011 3495 1066 in
3526 1011 3710 1066 sarcula

2141 1101 2482 1157 szcculorum.
2511 1101 2708 1158 Amen.

449 1291 3716 1320 ____________________________._________.______________.

1838 1376 2187 1438 HOMILIA
2231 1377 2368 1437 XL.

448 1522 575 1576 CAP.
623 1521 711 1577 15.
752 1539 805 1577 v.
835 1522 926 1578 29.
969 1523 1170 1593 Alioqui
1199 1522 1321 1592 quid
1365 1521 1549 1592 facient
1588 1519 1673 1586 qui
1718 1518 2040 1587 baptizantur

522 1631 616 1686 pro
645 1617 886 1683 mortuis,
921 1617 965 1672 si
994 1616 1198 1669 omnino
1229 1616 1415 1668 mortui
1444 1631 1545 1668 non
1571 1613 1881 1684 resurgunt?
1918 1611 2039 1682 quid

521 1717 570 1760 et
598 1707 920 1776 baptizantur
946 1723 1037 1776 pro
1064 1707 1166 1760 illis
1187 1707 1212 1759 .9

526 1801 578 1852 l.
623 1797 1071 1852 Marcionistarum
1115 1799 1262 1852 ritus.
1309 1827 1382 1838 ——
1426 1796 1586 1851 Aliud
1629 1809 1839 1850 rursum
1885 1804 2044 1864 caput

451 1891 758 1962 aggreditur
776 1932 788 1955 ,
818 1891 1104 1962 aliquando
1133 1891 1346 1962 quidem
1373 1907 1440 1946 ex
1469 1892 1534 1947 iis
1557 1906 1677 1960 quae
1705 1890 1847 1944 Deus
1877 1887 2002 1942 facit
2023 1927 2050 1952 ,.

452 1983 740 2055 aliquando
770 1995 948 2040 autem
978 2001 1045 2040 ex
1090 1985 1155 2039 iis
1195 1999 1314 2055 qua:
1345 1983 1445 2053 ipsi
1481 1990 1682 2053 agunt,
1721 1981 1952 2052 probans
1981 1993 2044 2033 ea

455 2092 575 2147 qua:
616 2077 886 2132 dicuntur.
929 2077 1025 2132 Est
1065 2087 1244 2132 autem
1285 2077 1387 2131 hoc
1428 2076 1493 2131 ad
1537 2075 1905 2130 defensionem
1937 2086 2046 2126 non

457 2184 680 2238 parvum
708 2179 1082 2239 argumentum
1109 2211 1122 2233 ,
1155 2168 1370 2239 quando
1393 2183 1488 2223 eos
1517 2167 1607 2238 qui
1634 2164 2044 2230 contradicunt,

456 2252 676 2307 adducit
714 2261 876 2308 testes
916 2268 1104 2307 eorum
1144 2269 1266 2322 qua:
1295 2253 1543 2307 dicuntur
1567 2292 1582 2319 ,
1613 2266 1708 2321 per
1735 2265 1798 2305 ea
1826 2264 1944 2319 quae
1969 2245 2048 2302 fa-

455 2343 626 2400 ciunt.
663 2345 801 2412 Quid
840 2353 922 2400 est
961 2361 1089 2414 ergo
1118 2345 1261 2415 quod
1303 2345 1475 2399 dicit?
1518 2359 1587 2398 an
1618 2343 1780 2398 vultis
1819 2341 2046 2413 primum

458 2437 657 2502 dicam,
689 2437 957 2507 quomodo
985 2439 1123 2493 hanc
1147 2438 1434 2493 dictionem
1463 2438 1767 2492 adulterant
1791 2437 1880 2506 qui
1907 2449 2051 2489 mor-

461 2530 532 2584 ho
574 2529 819 2584 laborant
858 2529 1184 2585 Marcionis?
1226 2531 1400 2600 Atque
1443 2531 1556 2585 scio
1595 2528 1809 2599 quidem
1851 2526 1966 2582 fore
1997 2535 2055 2581 ut

461 2623 629 2678 risum
660 2623 882 2676 multum
910 2637 1194 2688 moveam;
1225 2637 1410 2677 verum
1439 2622 1600 2677 etiam
1631 2630 1912 2690 prepterea
1943 2634 2055 2673 ma-

463 2715 608 2769 xime
636 2714 842 2782 dicam,
868 2722 928 2769 ut
957 2714 1169 2768 illorum
1199 2715 1440 2782 morbum
1466 2713 1634 2782 magis
1663 2710 1892 2782 fugiatis.
1923 2709 2055 2764 Nam

463 2817 746 2877 postquam
762 2807 1176 2862 catechumenus
1192 2806 1453 2877 quispiam
1473 2805 1612 2875 apud
1629 2820 1722 2860 eos
1737 2805 2055 2869 excesserit,

465 2900 567 2954 sub
585 2899 725 2952 lecto
745 2900 940 2953 mortui
963 2899 1228 2954 absconso
1249 2898 1428 2968 aliquo
1449 2898 1682 2963 vivente,
1711 2895 1972 2951 accedunt
1990 2893 2058 2948 ad

468 2998 737 3043 mortuum
779 2998 834 3044 et
877 2990 1218 3059 alloquuntur
1255 2997 1548 3059 rogantque
1583 2989 1782 3044 velitne
1818 2988 2062 3056 accipere

468 3082 790 3150 baptismum
821 3098 835 3136 :
865 3079 1059 3135 deinde
1104 3080 1197 3134 illo
1237 3079 1368 3134 nihil
1411 3079 1809 3150 reSpondente,
1851 3080 1941 3148 qui
1980 3087 2064 3132 est

470 3175 768 3228 absconsus
797 3173 1005 3229 inferne
1027 3214 1044 3240 ,
1088 3188 1184 3242 pro
1225 3173 1319 3226 illo
1348 3171 1477 3226 dicit
1506 3187 1566 3226 se
1597 3171 1733 3226 velle
1767 3169 2020 3238 baptizari
2045 3185 2060 3233 ;

471 3276 528 3322 et
556 3268 634 3321 sic
662 3282 782 3322 eum
814 3266 1089 3336 baptizaut
1121 3281 1216 3335 pro
1242 3281 1308 3320 eo
1337 3265 1425 3335 qui
1453 3263 1723 3326 excessit,
1753 3263 1973 3332 perinde
2003 3277 2066 3316 ac

471 3359 518 3412 si
547 3360 605 3413 in
631 3374 791 3412 scena
821 3358 1066 3414 luderent
1097 3375 1109 3412 :
1138 3367 1342 3411 tantum
1371 3357 1535 3411 valuit
1562 3355 1812 3410 diabolus
1839 3354 1892 3408 in
1919 3355 2068 3425 igna-

471 3468 660 3507 vorum
687 3451 900 3506 animis.
930 3450 1130 3506 Deinde
1154 3465 1276 3506 cum
1304 3459 1647 3514 accusantur,
1671 3449 1944 3504 adducunt
1967 3448 2069 3503 hoc

472 3544 697 3599 verbmn
719 3585 733 3609 ,
761 3544 1003 3599 dicentes
1023 3545 1336 3614 Apostolum
1364 3542 1588 3608 dixisse,
1625 3541 1723 3608 Qui
1750 3540 2070 3610 baptizautur

475 3655 570 3708 pro
593 3638 826 3693 mortuis.
855 3637 1097 3692 Vidistin’
1117 3651 1362 3706 magnam
1385 3634 1728 3690 irrisionem?
1749 3633 2070 3690 convenitne

475 3729 734 3784 adversus
766 3745 826 3784 ea
864 3729 1204 3798 disceptare?
1245 3727 1358 3798 Ego
1397 3726 1612 3798 quidem
1651 3741 1759 3781 non
1797 3726 2067 3781 arbitror:

478 3824 580 3878 nisi
607 3823 874 3878 disserere
897 3830 1144 3892 oporteat
1165 3836 1286 3876 cum
1315 3820 1616 3875 furentibus
1638 3835 1741 3891 pro
1761 3819 1824 3873 iis
1843 3834 1962 3889 qua:
1989 3819 2069 3871 lo-

479 3925 715 3986 quuntur
738 3916 1051 3971 delirantes.
1094 3914 1164 3969 Ut
1194 3929 1352 3970 nemo
1377 3923 1556 3970 autem
1587 3916 1828 3983 capiatur
1851 3928 1918 3967 ex
1946 3911 2073 3966 sim-

481 4011 817 4082 plicioribus,
837 4025 1058 4066 necesse
1075 4018 1157 4064 est
1176 4019 1232 4064 ut
1247 4008 1384 4064 hanc
1401 4022 1615 4078 quoque
1631 4006 2072 4075 disceptationem

484 4103 745 4159 adversus
765 4117 860 4157 eos
885 4101 1248 4156 instituamus.
1276 4100 1410 4154 Nam
1432 4100 1475 4154 si
1504 4099 1607 4153 hoc
1632 4098 1835 4154 diceret
1856 4097 2075 4162 Paulus,

486 4211 584 4250 cur
613 4196 846 4250 minatus
874 4204 958 4249 est
984 4194 1124 4248 Deus
1150 4194 1198 4248 ei
1226 4193 1316 4263 qui
1349 4208 1453 4246 non
1484 4191 1822 4260 baptizatur?
1850 4205 1953 4246 non
1981 4205 2077 4259 po-

488 4295 594 4342 test
623 4287 765 4341 enim
797 4287 908 4339 fieri
942 4295 1000 4339 ut
1029 4287 1291 4354 quispiam
1323 4285 1576 4353 deinceps
1605 4299 1710 4337 nou
1739 4283 2035 4352 baptizetur
2057 4323 2077 4349 ,

485 4381 588 4433 hoc
613 4378 937 4448 excogitato.
984 4377 1194 4445 Alioqui
1227 4391 1355 4430 vero
1393 4391 1497 4430 non
1539 4385 1620 4429 est
1657 4374 1809 4444 culpa
1841 4375 1956 4443 ejus
1985 4373 2077 4443 qui

487 4473 740 4538 excessit,
769 4471 863 4526 sed
889 4472 1006 4542 ejus
1033 4471 1122 4541 qui
1152 4471 1304 4525 vivit.
1337 4469 1668 4537 Quibusnam
1695 4478 1872 4523 autem
1903 4467 2035 4522 dixit
2060 4509 2076 4534 ,

489 4563 609 4617 Nisi
638 4563 951 4617 comederitis
977 4579 1182 4615 carnem
1209 4578 1401 4626 meum,
1433 4572 1479 4616 et
1509 4561 1731 4615 biberitis
1761 4577 1927 4613 meum
1955 4576 2079 4612 san-

487 4655 687 4726 guinem
711 4695 725 4719 ,
757 4669 861 4708 non
900 4652 1140 4706 habebitis
1170 4653 1322 4706 vitam
1363 4653 1413 4705 in
1440 4651 1577 4706 vobis
1607 4651 1624 4723 (
1649 4651 1807 4705 .loau.
1837 4650 1889 4705 6.
1921 4651 1989 4706 54
2017 4649 2081 4722 )?

491 4749 698 4801 vivisne
727 4761 793 4800 an
825 4745 1051 4800 mortuis
1072 4787 1086 4810 ,
1120 4743 1206 4799 dic
1233 4744 1453 4814 quzeso?
1484 4753 1537 4799 et
1565 4758 1752 4798 rursus
1776 4784 1791 4808 ,
1827 4741 1943 4796 Nisi
1970 4743 2081 4811 quis

486 4849 810 4909 regeneratus
837 4839 987 4907 fuerit
1018 4853 1080 4890 ea:
1105 4853 1236 4906 aqua
1265 4847 1310 4889 et
1343 4837 1578 4905 Spiritu,
1605 4852 1705 4887 non
1735 4843 1892 4904 potest
1918 4836 2084 4889 videre

488 4949 699 5001 regnum
733 4931 824 4984 Dei
855 4931 872 4997 (
903 4929 990 4985 Id.
1019 4931 1072 4984 5.
1103 4930 1223 5000 5)?
1251 4930 1305 4984 Si
1363 4929 1504 4983 enim
1559 4929 1661 4983 hoc
1717 4929 2040 4997 permittitur
2062 4967 2078 4993 ,

491 5039 591 5078 nec
617 5037 755 5092 Opus
790 5033 873 5077 est
902 5022 1179 5077 voluntate
1208 5031 1264 5076 et
1306 5021 1548 5074 instituto
1573 5019 1690 5088 ejus
1717 5020 1804 5087 qui
1845 5021 2078 5088 accipit,

497 5131 597 5170 nec
623 5130 849 5169 assensu
875 5115 992 5185 ejus
1017 5115 1108 5183 qui
1135 5124 1218 5169 est
1242 5114 1294 5167 in
1319 5113 1424 5166 vita
1447 5128 1462 5176 ;
1491 5111 1615 5181 quid
1641 5118 1782 5166 vetat
1801 5113 2084 5181 quominus

493 5217 547 5259 ιιι
577 5204 774 5260 ethnici
803 5214 857 5260 et
883 5205 1052 5261 Judazi
1081 5205 1158 5259 sic
1183 5205 1312 5258 fiant
1339 5202 1552 5265 ﬁdeles,
1582 5201 1700 5256 aliis
1728 5211 1847 5271 post
1872 5202 2084 5257 illorum

493 5300 773 5353 decessum
801 5313 895 5367 pro
919 5298 1023 5351 illis
1046 5297 1162 5351 lucc
1185 5294 1534 5350 facientibus?
1553 5293 1658 5350 Sed
1682 5309 1748 5349 ne
1767 5309 2083 5350 aranearum

497 5393 632 5444 telas
656 5390 885 5459 amplius
909 5388 1340 5452 conscindenlcs,
1370 5388 1598 5441 inaniter
1624 5386 1927 5443 laboremus
1945 5429 1960 5453 ,
1988 5403 2087 5458 age

497 5482 656 5546 hujus
679 5481 931 5536 dietionis
958 5481 1064 5534 vim
1089 5481 1435 5548 explicemus.
1465 5480 1601 5546 Quid
1631 5494 1758 5550 ergo
1788 5480 1917 5534 dicit
1945 5479 2086 5534 Pau-

487 5572 578 5628 ‘lus
597 5574 623 5627 τ
652 5573 816 5630 Vobis
846 5575 1100 5642 primum,
1131 5573 1218 5642 qui
1250 5573 1518 5644 mysteriis
1545 5573 1675 5628 estis
1705 5573 1931 5640 initiati,
1964 5573 2086 5628 volo

497 5666 552 5718 in
585 5667 896 5721 memoriam
929 5679 1188 5719 revocare
1212 5679 1329 5718 eam
1361 5665 1650 5720 dictionem
1677 5706 1692 5729 ,
1724 5680 1882 5734 quzun
1913 5665 1964 5718 in
1996 5665 2085 5720 illa

496 5771 717 5830 vespera
751 5759 941 5828 jubent
973 5771 1071 5811 vos
1111 5757 1288 5812 dicere
1327 5761 1418 5830 qui
1461 5761 1717 5829 mysterio
1757 5743 2000 5825 init-iant,
2033 5767 2087 5814 et

2151 1527 2276 1573 tunc
2300 1518 2426 1590 quid
2450 1519 2593 1575 dicat
2623 1520 2819 1578 Paulus
2845 1525 3123 1593 explicabo
3153 1545 3166 1581 :
3193 1529 3272 1585 sic
3301 1532 3442 1588 enim
3473 1535 3572 1592 hoc
3597 1552 3718 1608 quo-

2148 1623 2254 1678 que
2282 1611 2435 1665 vobis
2461 1611 2565 1664 erit
2606 1611 2912 1669 dilucidius.
2946 1615 3077 1670 Nam
3126 1630 3246 1687 post
3284 1624 3385 1677 alia
3415 1629 3586 1682 omnia
3626 1630 3720 1684 hoc

2149 1703 2393 1758 addimus
2420 1745 2434 1769 ,
2462 1705 2604 1774 quod
2649 1722 2792 1762 nunc
2831 1709 2962 1764 dicit
3005 1711 3220 1768 Paulus.
3263 1716 3334 1771 Et
3368 1720 3492 1773 volo
3519 1722 3719 1792 quidem

2149 1807 2334 1866 aperte
2366 1796 2466 1851 hoc
2489 1797 2668 1854 dicere
2697 1817 2710 1853 :
2741 1817 2846 1855 non
2877 1803 3047 1858 audeo
3075 1815 3252 1863 autem
3285 1821 3504 1880 propter
3527 1829 3614 1868 eos
3641 1815 3720 1882 qui

2151 1903 2258 1941 non
2287 1897 2411 1943 sunt
2439 1889 2630 1945 initiati
2663 1910 2676 1946 :
2705 1893 2740 1946 ii
2768 1895 2910 1948 enim
2941 1899 3330 1966 expositionem
3362 1905 3514 1959 nobis
3540 1905 3726 1960 faciunt

2152 1977 2530 2046 difficiliorem,
2555 1990 2613 2035 ut
2637 1982 2726 2052 qui
2753 1999 2851 2038 nos
2875 1997 3067 2056 cogant
3088 1989 3171 2044 vel
3197 2007 3302 2045 non
3331 2004 3516 2062 aperte
3538 1996 3724 2059 dicere,

2154 2081 2247 2125 aut
2284 2071 2362 2126 eis
2406 2087 2598 2127 arcana
2639 2077 2940 2134 enuntiare.
2983 2079 3087 2135 Sed
3120 2091 3294 2138 tamen
3327 2085 3499 2140 dicam
3523 2128 3539 2154 ,
3567 2088 3726 2158 quoad

2155 2163 2273 2233 ejus
2298 2178 2327 2216 a
2355 2179 2443 2219 me
2469 2163 2582 2218 ﬁeri
2614 2167 2826 2235 poterit,
2857 2178 2997 2226 tecte
3022 2184 3078 2227 et
3101 2173 3437 2232 adumbrate.
3467 2178 3594 2233 Nam
3623 2189 3730 2248 post

2156 2257 2503 2328 mysticorum
2533 2259 2745 2314 illorum
2772 2269 2828 2317 et
2854 2265 3170 2321 terribilium
3193 2268 3480 2325 verborum
3505 2273 3731 2328 enuntia-

2159 2351 2380 2418 tionem,
2409 2361 2463 2405 et
2491 2352 2789 2409 horrendas
2819 2358 3030 2427 regulas
3058 2359 3395 2430 dogmatum,
3420 2381 3538 2435 quae
3559 2381 3590 2421 e
3611 2367 3732 2420 caelo

2159 2453 2283 2496 sunt
2311 2442 2566 2506 demissa,
2611 2445 2716 2500 hoc
2752 2461 2964 2518 quoque
3003 2449 3056 2505 in
3086 2450 3194 2508 ﬁne
3216 2452 3466 2511 addimus
3488 2495 3504 2520 ,
3536 2457 3734 2526 quando

2159 2548 2346 2590 sumus
2386 2536 2684 2607 baptizandi
2710 2580 2726 2604 ,
2750 2539 3002 2608 jubentes
3031 2541 3211 2600 dicere
3234 2587 3249 2612 ,
3277 2547 3458 2603 Credo
3487 2551 3538 2602 in
3568 2563 3734 2602 resur-

2161 2628 2454 2682 rectionem
2503 2639 2836 2686 mortuorum
2867 2648 2880 2684 :
2909 2643 2963 2687 et
3007 2634 3058 2688 in
3106 2635 3207 2692 hac
3255 2636 3363 2693 fide
3403 2641 3734 2710 baptizamur.

2165 2719 2449 2790 Postquam
2480 2722 2622 2776 enim
2655 2721 2756 2778 hoc
2781 2725 3011 2780 confessi
3054 2742 3240 2783 sumus
3275 2745 3400 2786 cum
3442 2732 3556 2786 aliis
3577 2773 3596 2797 ,
3625 2742 3740 2785 tunc

2163 2809 2497 2867 demittimur
2527 2813 2578 2866 in
2609 2814 2810 2870 fontem
2846 2830 3122 2872 sacrorum
3155 2819 3373 2876 illorum
3413 2822 3737 2877 fluentorum.

2166 2901 2279 2956 lloc
2307 2918 2434 2974 ergo
2465 2904 2517 2957 in
2547 2907 2860 2960 memoriam
2896 2923 3158 2964 revocans
3187 2909 3405 2966 dicebat
3434 2913 3657 2977 Paulus,
3687 2911 3742 2965 Si

2166 3009 2270 3047 non
2298 3004 2370 3049 est
2395 2997 2717 3062 resurrectio,
2747 3014 2837 3052 cur
2864 2998 3138 3070 baptizaris
3168 3018 3260 3071 pro
3289 3005 3546 3059 mortuis?
3572 3005 3620 3058 id
3647 3013 3741 3067 est,

2171 3100 2270 3156 pro
2294 3089 2629 3157 corporibus.
2663 3089 2892 3160 Propter
2919 3091 3021 3147 hoc
3046 3093 3188 3147 enim
3217 3095 3538 3164 baptizaris,
3567 3095 3744 3151 mortui

2171 3179 2414 3248 corporis
2455 3179 2681 3234 credens
2727 3183 3173 3239 resurrectionem
3198 3226 3214 3251 ,
3246 3202 3448 3258 nempe
3474 3187 3611 3258 quod
3652 3201 3748 3241 non

2171 3280 2386 3325 maneat
2412 3280 2702 3325 mortuum.
2733 3273 2798 3326 Et
2826 3282 2881 3328 tu
2907 3275 3120 3344 quidem
3149 3291 3246 3345 per
3271 3280 3439 3334 verba
3467 3279 3596 3334 dicis
3620 3292 3750 3331 mor-

2175 3371 2386 3418 tuorum
2415 3364 2861 3419 resurrectionem
2891 3383 2904 3419 :
2933 3367 3186 3423 sacerdos
3210 3379 3395 3424 autem
3424 3382 3679 3440 tamquam
3702 3369 3752 3421 in

2175 3453 2402 3521 quadam
2434 3453 2684 3524 imagine,
2714 3471 2834 3524 quae
2863 3457 3135 3512 credidisti
3165 3468 3220 3513 et
3248 3475 3348 3528 per
3377 3462 3533 3517 verba
3560 3475 3616 3515 es
3639 3473 3754 3514 con-

2177 3544 2352 3599 fessus
2375 3585 2389 3610 ,
2425 3545 2584 3600 etiam
2617 3561 2712 3615 per
2743 3561 2830 3601 res
2861 3547 3003 3616 ipsas
3031 3549 3287 3604 ostendit.
3321 3553 3544 3620 Quando
3569 3553 3751 3620 absque

2177 3635 2329 3706 signo
2353 3636 2558 3701 credis,
2588 3646 2715 3692 tunc
2743 3639 2837 3693 tibi
2865 3640 3025 3694 etiam
3055 3641 3257 3709 praebet
3285 3644 3496 3714 signum
3523 3661 3536 3700 :
3559 3642 3754 3714 quando

2177 3745 2298 3798 qua:
2344 3738 2430 3783 tua
2474 3738 2602 3784 sunt
2642 3730 2834 3786 feceris
2859 3773 2874 3797 ,
2916 3741 3042 3788 tunc
3086 3735 3228 3790 Deus
3265 3751 3482 3808 quoque
3512 3747 3561 3793 te
3595 3734 3754 3791 reddit

2179 3819 2490 3875 certiorem.
2537 3821 2862 3886 Quomodo?
2911 3823 3014 3878 Per
3056 3839 3270 3894 aquam.
3325 3828 3582 3898 Baptizari
3625 3827 3755 3882 enim

2181 3921 2236 3967 et
2259 3912 2518 3984 demergi,
2551 3914 2744 3968 deinde
2773 3931 2986 3970 sursum
3019 3933 3261 3974 remeare
3292 3931 3343 3975 et
3374 3934 3658 3991 emergere,
3682 3925 3757 3972 est

2181 4005 2482 4076 symbolum
2519 4022 2614 4061 seu
2652 4008 2860 4077 signant
2893 4009 3184 4065 descensus
3228 4011 3296 4066 ad
3342 4013 3540 4068 inferos
3567 4020 3620 4067 et
3647 4009 3756 4064 inde

2182 4113 2456 4154 ascensus.
2487 4098 2846 4165 Quamobrem
2879 4100 3073 4156 Paulus
3099 4117 3313 4172 quoque
3342 4105 3656 4174 baptismum
3681 4115 3756 4154 se-

2185 4191 2426 4259 pulcrum
2462 4199 2651 4255 vocat,
2690 4190 2878 4247 dicens
2907 4209 2919 4246 :
2949 4192 3242 4264 Consepulti
3279 4197 3415 4249 enim
3453 4212 3621 4250 sumus
3656 4207 3757 4246 cum

2182 4283 2275 4336 illo
2295 4301 2385 4352 per
2402 4283 2706 4354 baptismum
2725 4287 2779 4339 in
2799 4295 3009 4340 mortem
3025 4287 3203 4357 (Rom.
3226 4290 3280 4344 6.
3305 4291 3387 4360 4).
3412 4291 3490 4345 Ex
3514 4305 3580 4346 eo
3596 4297 3758 4342 autem

2187 4390 2299 4428 rem
2329 4373 2562 4429 futuram
2591 4391 2804 4446 quoque
2833 4377 2960 4431 facit
2987 4378 3298 4446 credibilem
3316 4421 3333 4448 ,
3363 4395 3662 4450 corporum,
3688 4379 3760 4432 in-

2186 4482 2368 4537 quam,
2394 4469 2865 4524 resurrectionem.
2895 4469 2989 4524 Est
3015 4472 3156 4526 enim
3184 4472 3345 4543 longe
3368 4472 3538 4543 majus
3563 4478 3758 4541 peccata

2187 4559 2410 4626 delere,
2446 4575 2614 4638 quam
2663 4575 2858 4629 corpus
2907 4562 3189 4617 suscitare.
3237 4563 3308 4618 Et
3349 4563 3456 4619 hoc
3496 4561 3760 4618 enuntians

2187 4651 2432 4707 Christus
2454 4653 2664 4708 dicebat
2689 4670 2702 4705 :
2730 4653 2866 4720 Quid
2886 4655 3026 4708 enim
3051 4665 3121 4708 est
3151 4656 3356 4726 facilius
3381 4656 3566 4721 dicere,
3591 4651 3762 4708 Remit-

2190 4753 2367 4798 tuntur
2395 4744 2482 4797 tibi
2510 4753 2736 4814 peccata,
2763 4761 2828 4799 an
2853 4744 3039 4808 dicere,
3075 4745 3218 4800 Tolle
3241 4746 3541 4816 grabbatum
3565 4755 3694 4798 tuum
3721 4748 3762 4792 et

2189 4837 2392 4889 ambula
2440 4836 2670 4907 (Matth.
2700 4835 2754 4892 9.
2782 4837 2835 4891 5.
2861 4837 2894 4891 6
2918 4837 2976 4907 )?
3016 4836 3148 4891 lllud
3180 4837 3396 4906 quidem
3418 4879 3434 4903 ,
3463 4836 3663 4906 inquit,
3691 4839 3764 4886 est

2189 4927 2462 4984 difficilius
2488 4945 2501 4981 :
2529 4930 2780 4998 quoniam
2807 4938 2982 4982 autem
3014 4929 3064 4982 id
3094 4931 3269 4984 minus
3293 4931 3535 4995 creditis,
3563 4937 3616 4982 ut
3637 4922 3761 4996 quod

2193 5037 2300 5075 non
2327 5021 2396 5074 sit
2424 5020 2644 5074 evidens
2668 5060 2686 5086 ,
2716 5030 2771 5076 et
2795 5019 2937 5089 quod
2977 5029 3062 5074 est
3094 5021 3299 5098 facilius
3328 5037 3427 5089 pro
3451 5020 3646 5076 difficili
3676 5016 3762 5067 ha-

2191 5113 2366 5177 betis,
2411 5127 2602 5182 nempe
2646 5121 2927 5182 potestatis
2971 5128 3105 5165 mea:
3144 5113 3544 5172 ostensioncm;
3584 5124 3649 5162 ne
3676 5107 3765 5159 hoc

2192 5205 2408 5274 quidem
2433 5204 2686 5258 indicium
2715 5203 2974 5258 recusnbo
3003 5204 3155 5257 vobis
3184 5203 3463 5258 exhibere.
3496 5201 3633 5255 Tum:
3657 5194 3764 5249 dicit

2195 5297 2497 5367 paralytico,
2525 5297 2711 5367 Surge,
2741 5295 2862 5350 tolle
2886 5296 3068 5350 lectum
3095 5306 3256 5361 tuum,
3279 5305 3325 5348 et
3350 5294 3477 5348 vade
3500 5295 3552 5346 in
3577 5291 3763 5345 domum

2195 5401 2356 5443 tuam.

2264 5480 2318 5534 2.
2365 5479 2430 5533 Et
2466 5479 2738 5549 quomodo
2775 5487 2853 5534 est
2880 5520 2896 5543 ,
2937 5479 3183 5547 inquies,
3225 5476 3442 5532 difficile
3465 5518 3479 5543 ,
3512 5489 3628 5529 cum
3671 5469 3763 5524 hoc

2194 5573 2402 5642 possint
2423 5570 2597 5625 facere
2619 5580 2672 5625 et
2695 5585 2849 5640 reges
2871 5578 2927 5626 et
2950 5570 3250 5640 principes?
3275 5568 3546 5622 adulteros
3565 5563 3697 5618 enim
3715 5565 3764 5611 et

2197 5663 2492 5720 homicidas
2518 5663 2592 5717 illi
2621 5663 2916 5717 dimittunt.
2945 5663 3130 5730 Ludis,
3154 5679 3188 5716 ο
3213 5662 3393 5724 homo,
3423 5658 3537 5713 lucc
3561 5656 3758 5710 dicens:

2197 5774 2318 5812 nam
2369 5772 2516 5813 sorus
2561 5756 2777 5829 quidem
2817 5757 2961 5814 Deus
2999 5765 3174 5827 potest
3214 5761 3428 5836 peccata
3466 5747 3763 5806 remittere;
