3998 6440
207 266 308 325 ﬂ?
747 255 794 310 ’ἶ

211 377 592 445 διασωζόντων
628 380 936 452 δεομενους,
973 379 1070 435 καὶ
1104 380 1510 452 ἐπιθυμοῦντας
1539 383 1638 453 τῆς
1687 397 1790 435 κα-

216 471 533 536 ταστάσεως
564 472 800 543 ἐκείνης,
847 473 906 526 ἐν
1007 472 1137 545 πρὶν
1172 473 1205 545 ἢ
1237 473 1599 544 διαρῥαγῆναι
1627 469 1789 544 ἦσαν.

217 563 487 635 Καθάπερ
507 563 618 635 γὰρ
644 564 699 617 αί
725 565 952 618 κύουσαι
976 563 1086 617 τῶν
1112 563 1410 634 γυναικῶν,
1433 564 1577 618 οὕτω
1601 561 1794 634 βαρού-

220 671 373 726 μενοι
409 653 512 716 τάς
546 654 822 726 γαστέρας
873 653 1280 725 περιφέρονται,
1333 654 1426 707 καὶ
1469 654 1622 724 μόλις
1671 655 1793 706 ἐπι-

216 747 485 810 ϐαίνουσι,
511 747 606 800 καὶ
638 744 792 816 μόλις
819 744 1097 815 βλέπουσι,
1133 745 1227 800 καὶ
1259 745 1410 816 μόλις
1441 744 1792 815 φθέγγονται,

215 842 313 893 καὶ
347 837 527 892 πάντα
577 837 748 908 μόλις.
790 839 888 889 Ἂν
915 836 974 890 δὲ
1014 835 1210 908 μικρὸν
1238 837 1434 898 αὐτοὺς
1459 836 1600 906 τύχῃ
1625 851 1794 890 καταο

212 929 459 1002 δαρθεῖν,
490 929 746 1000 ὀνείρατα
775 928 940 984 πάλιν
981 929 1159 982 ἄτοπα
1187 929 1283 982 καὶ
1313 927 1524 1000 μυρίων
1556 929 1794 998 γέμοντα

212 1019 532 1090 φαντασιῶν
563 1019 753 1090 ὁρῶσι.
778 1019 844 1073 Τί
877 1020 944 1074 ἀν
965 1036 1051 1083 τις
1072 1019 1215 1073 εἴποι
1241 1018 1342 1090 τὴν
1371 1018 1563 1090 ἑτέραν
1587 1017 1795 1072 τούτων

218 1109 443 1181 μανίαν,
464 1110 562 1180 τὴν
581 1108 689 1162 τῶν
709 1108 1038 1179 ἀφροδισίων
1063 1107 1240 1177 λέγω;
1264 1108 1374 1162 Καὶ
1397 1108 1508 1179 γὰρ
1534 1108 1630 1162 καὶ
1654 1105 1795 1178 αῦτη

213 1202 316 1266 τάς
347 1201 530 1271 πηγάς
566 1199 819 1255 ἐντεῦθεν
863 1200 977 1273 ἔχει
996 1217 1013 1234 ο
1047 1200 1143 1254 καὶ
1169 1199 1420 1272 καθάπερ
1448 1201 1604 1254 ἵπποι
1632 1199 1796 1269 θηλυ-

215 1295 433 1362 μανείς,
478 1291 622 1346 οὕτω
677 1290 756 1364 τῷ
797 1292 1000 1364 οἴστρῳ
1046 1290 1150 1361 τῆς
1207 1289 1380 1362 μέθης
1427 1288 1798 1360 κεντούμενοι,

214 1385 389 1437 πᾶσιν
445 1383 802 1455 ἐπιπηδῶσιν,
861 1381 1203 1454 ἀλογώτερον
1264 1382 1362 1436 καὶ
1429 1380 1802 1454 μανικώτερον

210 1473 444 1529 ἐκείνων
465 1474 818 1548 σκιρτῶντες,
845 1474 1132 1529 καὶπολλὰ
1154 1473 1318 1546 ἕτερα
1341 1470 1797 1544 ἀσχημονοῦντες,

1307 263 1373 321 ΙΝ
1411 263 1632 322 EPIST.
1673 263 1694 319 1
1765 254 1858 318 A15
1895 262 2056 320 COB.
2095 259 2333 317 HOMIL.
2372 257 2488 312 XL.

3374 248 3490 306 548

1897 379 1932 434 ἀ
1964 377 2098 451 μηδέ
2136 378 2310 430 εἰπεῖν
2357 375 2538 442 θέμις.
2571 369 2704 426 Οὐδὲ
2735 371 2844 442 γὰρ
2879 371 3028 423 ἴσασι
3057 363 3247 420 λοιπὸν
3276 362 3399 417 οῦτε
3444 362 3486 417 ἃ

1899 472 2225 541 πάσχουσιν,
2258 465 2382 520 οὔτε
2416 466 2452 520 ἃ
2479 465 2832 538 πράττουσιν.
2880 461 3022 515 Ἀλλ’
3053 460 3152 530 οὐχ
3179 461 3208 512 6
3250 457 3324 528 μὴ
3349 473 3482 527 τρυ-

1899 562 2038 632 φῶν,
2059 559 2318 622 τοιοῦτος·
2348 557 2462 611 ἀλλ’
2487 559 2544 610 ὲν
2567 556 2746 627 λιμένι
2767 554 3003 625 κάθηται
3021 551 3091 605 τὰ
3117 551 3320 620 ἐτέρων
3341 546 3485 618 ὁρῶν

1899 655 2155 722 ναυάγια,
2180 651 2274 706 καὶ
2295 650 2489 720 ἡδονῆς
2515 648 2779 703 ἀπολαύει
2805 646 3052 716 καθαρᾶς
3081 642 3178 700 καὶ
3202 638 3480 711 διαρκοῦς,

1898 746 1999 816 τὴν
2027 745 2296 815 ἐλευθέρῳ
2326 742 2714 813 προσήκουσαν
2747 739 2891 809 ζωὴν
2927 733 3147 808 μετιών.
3175 733 3343 787 Ταῦτ’
3388 728 3491 785 οὖν

1903 834 2058 909 [578]
2081 833 2304 900 εἰδότες,
2344 830 2608 901 φύγωμεν
2636 830 2704 884 τὰ
2732 831 2947 900 πονηρά
2972 827 3072 891 τῆς
3103 824 3318 896 τρυφῆς
3341 838 3490 891 συμ-

1902 925 2085 991 πόσια,
2123 926 2221 980 καὶ
2246 924 2401 994 λιτῆς
2427 920 2783 993 ἀντεχώμεθα
2808 918 3112 991 τραπέζης,
3147 916 3235 967 ἵνα
3261 913 3356 966 καλ⁸
3382 911 3489 982 τὴν

1900 1016 2077 1088 ψυχὴν
2106 1014 2202 1070 καὶ
2231 1012 2294 1067 τὸ
2325 1012 2484 1083 σῶμα
2510 1006 2568 1064 εὖ
2611 1009 2967 1079 διακείμενοι,
3002 1003 3185 1059 πᾶσάν
3216 1019 3276 1054 τε
3315 1003 3483 1070 ἐργα-

1905 1106 2129 1178 σώμεθα
2193 1105 2414 1178 ἀρετὴν,
2459 1103 2555 1157 καὶ
2600 1101 2710 1155 τῶν
2773 1099 3079 1172 μελλόντων
3133 1093 3502 1163 ἐπιτύχωμεν

1901 1197 2142 1268 ἀγαθῶν,
2172 1197 2355 1269 χάριτι
2397 1195 2491 1249 καὶ
2521 1191 2905 1265 φιλανθρωπίᾳ
2937 1189 3032 1244 τοῦ
3075 1186 3282 1258 Κυρίου
3321 1180 3486 1254 ήμῶν

1914 1289 2089 1360 Ἰησοῦ
2136 1287 2398 1360 Χριστοῦ,
2445 1285 2565 1358 μεθ’
2618 1278 2680 1339 οὗ
2734 1283 2812 1353 τῷ
2857 1281 3037 1354 Πατρὶ
3069 1280 3186 1350 ἀμα
3235 1275 3315 1347 τῷ
3342 1271 3518 1350 ἁγίῳ.

1903 1381 2183 1452 Πνεύματι
2227 1380 2374 1445 δόξα,
2405 1378 2628 1449 κράτος,
2681 1376 2834 1447 τιμὴ,
2865 1375 2960 1428 νῦν
2993 1374 3090 1428 καὶ
3124 1372 3231 1439 ἀεὶ,
3273 1366 3370 1422 καὶ
3403 1365 3487 1428 τίς

1903 1471 2031 1535 τοὺς
2058 1471 2260 1535 αἰῶνας
2291 1469 2399 1523 τῶν
2437 1469 2669 1523 αἰώνων.
2718 1467 2910 1538 Ἀμήν.

237 1598 3461 1627 MM

1711 1706 1956 1762 OMIAIA
1993 1707 2084 1761 M'.

223 1822 390 1880 Ἐπεί
428 1823 488 1878 τί
522 1823 892 1891 ποιήσουσιν
936 1825 994 1879 οι
1019 1820 1442 1892 βαπτιζόμενοι
1488 1821 1641 1889 ὑπὲρ
1664 1820 1796 1892 ,τῶν

279 1892 537 1962 νεκρῶν,
567 1897 620 1948 εὶ
653 1895 806 1961 ὅλως
836 1893 1039 1963 νεκροί
1075 1895 1187 1948 οὐκ
1213 1893 1576 1962 ἐγείρονται;
1612 1891 1671 1944 τί
1696 1891 1796 1946 καί

275 1963 672 2028 βαπτίζονται
695 1967 851 2034 ὑπὲρ
874 1965 995 2019 τῶν
1019 1963 1282 2032 νεκρῶν;

282 2082 352 2128 α’.
387 2077 593 2148 Ἐτέρῳ
622 2078 784 2133 πάλιν
815 2079 1084 2150 ἐπιχειρεῖ
1118 2076 1420 2148 κεφαλαίῳ,
1443 2077 1573 2132 ποτέ
1604 2077 1702 2149 μέν
1729 2076 1791 2145 ἐξ

208 2154 289 2214 ὧν
315 2163 346 2214 6
372 2162 502 2226 Θεὸς
531 2167 696 2229 ποιεῖ,
731 2164 861 2217 ποτέ
889 2165 946 2216 δὲ
977 2164 1038 2229 ἐξ
1074 2163 1252 2217 αὐτῶν
1271 2157 1346 2218 ὧν
1365 2164 1688 2235 πράττουσι,
1721 2163 1790 2217 τά

208 2242 488 2313 λεγόμενα
516 2247 961 2309 κατασκευάζων.
994 2246 1069 2300 Οὐ
1101 2245 1296 2317 μικρὸν
1329 2245 1385 2300 δὲ
1415 2246 1690 2300 καὶτοῦτο
1717 2249 1798 2310 είς

212 2327 550 2398 συνηγορίαν
570 2328 864 2400 δικαίωμα,
887 2326 1016 2383 ὅταν
1036 2329 1163 2393 τοὺς
1193 2329 1576 2398 ἀντιλέγοντας
1601 2329 1798 2393 αὐτοὺς

214 2411 510 2481 μάρτυρας
538 2411 856 2485 παραγάγῃ,
891 2412 958 2465 δι’
979 2405 1054 2465 ὧν
1082 2412 1317 2476 ποιοῦσι,
1340 2413 1449 2465 τῶν
1469 2412 1796 2484 λεγομένων.

212 2494 284 2546 Τί
315 2490 412 2548 οὖν
441 2497 590 2548 ἐστιν
617 2496 646 2548 6
676 2511 877 2563 φησιν;
910 2494 942 2564 ἢ
969 2493 1219 2564 βούλεσθε
1250 2494 1466 2566 πρῶτον
1499 2497 1656 2563 εἴπω,
1682 2495 1802 2559 πῶς

211 2576 589 2646 παραποιοῦσι
618 2577 718 2649 τὴν
750 2577 910 2646 ῥῆσιν
942 2578 1148 2647 ταύτην
1176 2577 1226 2630 οί
1247 2576 1318 2631 τά
1357 2578 1682 2650 Μαρκίωνος
1709 2594 1800 2630 νο-

214 2658 476 2726 σοῦντεςς
527 2661 637 2714 Καὶ
688 2655 807 2713 οἶδα
844 2659 944 2730 μὲν
969 2661 1053 2714 ὅτι
1102 2660 1270 2716 πολὺν
1316 2663 1524 2733 κινήσω
1566 2661 1800 2729 γέλωτα,

212 2740 364 2812 πλὴν
393 2740 530 2795 ἀλλά
556 2741 650 2795 καὶ
682 2741 770 2795 διά
795 2741 954 2796 τοῦτο
985 2740 1222 2813 μάλιστα
1250 2741 1382 2813 ἐρῶ,
1420 2744 1506 2797 ἵνα
1540 2741 1802 2814 μειζόνως

212 2823 402 2876 αὐτῶν
431 2822 639 2894 φύγητε
669 2825 768 2894 τὴν
789 2826 965 2880 νόσον.
1009 2825 1262 2880 Ἐπειδὰν
1293 2825 1402 2895 γάρ
1426 2843 1508 2890 τις
1531 2826 1801 2897 κατηχού-

217 2922 386 2974 μενος
412 2906 624 2980 ἀπέλθῃ
654 2908 786 2979 παρ’
807 2909 1012 2973 αὐτοῖς,
1039 2908 1131 2962 τὸν
1167 2907 1343 2973 ζῶντα
1371 2909 1475 2961 ὑπὸ
1495 2907 1592 2978 τὴν
1613 2908 1803 2979 κλίνην

211 2988 315 3041 τοῦ
357 2989 807 3060 τετελευτηκότος
850 2990 1178 3061 κρύψαντες,
1217 2991 1474 3063 προσίασι
1507 2990 1585 3062 τῷ
1625 2991 1803 3062 νεκρῷ

216 3068 314 3120 καί
337 3066 680 3136 διαλέγονται
722 3071 813 3123 καὶ
847 3069 1232 3134 πυνθάνονται,
1270 3073 1319 3123 εί
1354 3070 1596 3140 βούλοιτο
1617 3070 1802 3124 λαϐεῖν

213 3151 282 3203 τὸ
315 3149 602 3222 βάπτισμα
622 3169 635 3180 ·
669 3147 788 3206 εἶτα
822 3152 1035 3208 ἐκείνου
1083 3153 1252 3224 μηδὲν
1293 3153 1747 3226 ἀποκρινομένου,
1775 3154 1804 3205 6

215 3236 604 3307 κεκρυμμένος
643 3235 890 3292 κάτωθεν
944 3237 1062 3292 ἀντ’
1113 3238 1322 3291 ἐκείνου
1380 3239 1564 3310 φησὶν,
1619 3239 1699 3292 ὅτι
1739 3237 1804 3309 δὴ

217 3318 470 3388 βούλοιτο
503 3319 896 3392 βαπτισθῆναι·
931 3323 1026 3374 καὶ
1069 3320 1212 3375 οὕτω
1246 3321 1607 3392 βαπτίζουσιν-
1642 3322 1804 3376 αὐτὸν

214 3402 345 3456 ἀντὶ
376 3401 469 3455 τοῦ
519 3403 868 3468 ἀπελθόντος,
904 3403 1156 3475 καθάπερ
1185 3405 1278 3458 ἐπὶ
1302 3403 1401 3474 τῆς
1429 3404 1636 3475 σκηνῆς
1675 3403 1803 3457 παί-

217 3482 409 3547 ζοντες
431 3501 444 3514 ·
476 3484 728 3538 τοσοῦτον
761 3485 953 3556 ἴσχυσε
993 3489 1113 3551 ταῖς
1136 3487 1243 3541 τῶν
1275 3486 1534 3558 ῥᾳθύμων
1559 3486 1758 3557 ψυχαῖς
1777 3487 1806 3539 6

215 3566 490 3630 διάϐολος.
547 3565 682 3623 Εἶτα
731 3570 1140 3642 ἐγκαλούμενοι,
1182 3572 1332 3625 τουτὶ
1388 3571 1697 3642 παράγουσι
1744 3570 1805 3623 τὸ

222 3650 382 3720 ῥῆμα
408 3651 682 3718 λέγοντες,
737 3653 819 3706 ὅτι
875 3654 967 3708 καὶ
1011 3656 1040 3706 6
1083 3653 1407 3715 Ἀπόστολος
1454 3654 1697 3725 εἴρηκενσ
1740 3654 1805 3707 Ol

213 3733 643 3804 ,ϐαπτιζόμενοι
675 3736 826 3802 ὑπὲρ
853 3736 972 3790 τῶν
990 3736 1239 3806 νεκρῶν.
1273 3733 1424 3801 Εἶδες
1446 3737 1540 3791 τὸν
1565 3737 1804 3805 καταγέ-

219 3816 372 3870 λωτα
400 3817 491 3870 τὸν
513 3817 678 3872 πολύν
696 3837 710 3886 ;
729 3817 818 3890 ἆρ’
838 3816 930 3874 οὖν
955 3821 1092 3892 πρὸς
1115 3820 1288 3873 ταῦτα
1319 3823 1595 3874 ἀντειπεῖν
1618 3818 1802 3888 ἀξιονς

221 3903 340 3955 Οὐκ
379 3902 554 3971 ἔγωγε
592 3898 780 3974 οἶμαιο
813 3905 954 3976 πλὴν
986 3906 1034 3958 εί
1067 3904 1142 3975 μὴ
1176 3905 1404 3968 καὶτοῖς
1439 3905 1803 3975 μαινομένοις,

221 3985 368 4056 ὑπὲρ
397 3979 471 4038 ὧν
509 3987 916 4056 παραπαίοντες
954 3987 1304 4057 φθέγγονται,
1328 3988 1671 4057 διαλέγεσθαι
1703 3989 1801 4044 δεῖ.

222 4069 346 4123 Ἵνα
379 4070 436 4122 δὲ
474 4071 662 4141 μηδεὶς
683 4071 792 4125 τῶν
818 4071 1023 4142 σφόδρα
1043 4072 1422 4144 ἀφελεστέρων
1460 4072 1592 4144 ἁλῷ,
1635 4075 1804 4145 ἀναγ-

221 4155 383 4206 καῖον
424 4153 715 4222 ὑπομεῖναι
761 4155 856 4208 καὶ
899 4155 998 4226 τὴν
1028 4155 1165 4224 πρὸς
1194 4154 1417 4219 τούτους
1461 4156 1802 4229 ἀντίρῥησιν.

221 4235 289 4287 El
321 4235 433 4306 γάρ
457 4234 616 4288 τοῦτο
658 4235 811 4304 ἐλεγε
854 4237 1088 4302 Παῦλος,
1125 4235 1268 4302 τίνος
1295 4237 1482 4292 ’ένεκεν
1509 4240 1805 4312 ἠπείλησεν

219 4319 252 4369 6
290 4317 427 4380 Θεὸς
465 4317 544 4388 τῷ
595 4318 670 4389 μὴ
726 4319 1127 4391 βαπτιζομένῳ.
1172 4321 1248 4375 Οὐ
1275 4319 1382 4392 γὰρ
1431 4319 1546 4374 ἔστι
1583 4322 1706 4376 τινὰ
1728 4321 1803 4394 μὴ

221 4399 593 4470 βαπτισθῆναι
626 4401 809 4456 λοιπὸν
844 4403 1221 4473 ἐπινοηθέντος
1277 4403 1494 4458 τούτουο
1527 4404 1704 4469 ἄλλως
1749 4406 1808 4459 δὲ

218 4484 284 4537 τὸ
307 4483 480 4553 έγκλη
489 4501 565 4553 μα
586 4484 768 4538 οὐκέτι
798 4487 949 4556 παρά
976 4486 1065 4540 τὸν
1085 4487 1390 4542 ἀπελθόντα
1413 4490 1643 4557 γίνεται,
1673 4488 1808 4542 ἀλλά

218 4566 378 4637 παρά
419 4565 510 4618 τὸν
557 4566 757 4630 ζῶντα.
790 4568 913 4622 Τίσι
963 4569 1019 4622 δέ
1052 4569 1257 4638 ἔλεγεν,
1307 4571 1444 4624 Ἐὰν
1459 4572 1546 4640 μὴ
1579 4570 1810 4642 φάγητέ

215 4667 340 4719 μου
365 4647 483 4716 τὴν
509 4650 728 4718 σάρκα,
748 4651 849 4707 καί
877 4652 1053 4720 πίητέ
1071 4671 1188 4722 μου
1217 4653 1285 4706 τὸ
1313 4649 1477 4722 αἷμα,
1503 4657 1612 4708 οὐκ
1640 4655 1809 4724 ἔχετε

221 4731 382 4801 ζωὴν
403 4733 474 4786 ἐν
492 4733 766 4801 ἐαυτοῐς;
792 4737 905 4800 τοῖς
932 4736 1120 4802 ζῶσιν,
1147 4736 1179 4807 ἢ
1201 4739 1316 4800 τοῖς
1342 4737 1805 4810 τετελευτηκόσιν,

223 4817 349 4870 είπέ
389 4834 514 4884 μοι,
565 4819 661 4871 καὶ
703 4818 889 4884 πάλιν,
932 4822 1032 4874 Ἂν
1071 4819 1158 4888 μή
1202 4837 1293 4886 τις
1337 4821 1720 4890 ἀναγεννηθῇ
1740 4822 1811 4887 ἐξ

225 4900 450 4964 ὕδατος
469 4899 566 4954 καί
600 4901 965 4970 Πνεύματος,
992 4905 1064 4956 οὺ
1091 4903 1343 4958 δύναται
1376 4904 1527 4959 ἰδεῖν
1549 4904 1666 4973 τὴν
1690 4907 1809 4970 ,ϐα-

221 4984 471 5039 σιλείαν
505 4983 612 5038 τοῦ
648 4983 836 5048 Θεοῦ;
875 4984 940 5038 Εἰ
979 4985 1089 5055 γὰρ
1121 4984 1280 5039 τοῦτο
1331 4988 1563 5056 ἐφεῖται,
1611 4990 1707 5042 καὶ
1743 4989 1806 5041 ού

219 5070 387 5136 χρεία
423 5065 650 5137 γνώμης
670 5066 788 5136 -τῆς
812 5066 906 5119 τοῦ
938 5066 1325 5138 λαμῦάνοντος,
1375 5071 1496 5124 ούδέ
1527 5087 1806 5140 συγκατα-

225 5151 434 5214 θέσεως
467 5150 566 5221 τῆς
604 5153 664 5203 ἐν
697 5149 774 5221 τῷ
810 5149 932 5222 ζῇν,
964 5151 1018 5204 τί
1051 5153 1249 5207 κωλύει
1282 5155 1377 5208 καὶ
1411 5155 1679 5226 ’Έλληνας
1707 5156 1805 5210 καὶ¹

237 5232 530 5296 Ἰουδαίους
555 5233 699 5286 οὕτω
727 5233 982 5301 γενέσθαι
1016 5237 1261 5300 πιστοὺς,
1299 5237 1500 5308 ἐτέρων
1543 5239 1681 5310 μετά
1711 5239 1808 5312 τὴν

226 5316 485 5386 τελευτήν
535 5316 758 5370 ἐκείνων
809 5317 950 5390 ὑπὲρ
995 5318 1222 5374 ἐκείνων
1267 5320 1439 5374 ταῦτα
1474 5321 1808 5390 ποιούντων;

241 5399 382 5453 Ἀλλ’
432 5399 520 5451 ἴνα
559 5398 634 5470 μὴ
679 5401 937 5454 ἐπιπλέον
985 5401 1055 5456 τά
1099 5402 1387 5473 ἀραχνίδια
1420 5405 1808 5469 διακόπτοντες

231 5484 704 5554 ματαιοπονῶμεν,
760 5482 893 5554 φέρε
939 5483 1039 5553 τῆς
1076 5485 1289 5557 ρήσεως
1324 5486 1530 5556 ταύτης
1562 5489 1662 5558 τὴν
1711 5487 1807 5541 δύ-

228 5583 397 5636 ναμιν
437 5564 593 5639 [579]
649 5563 782 5636 ὑμῖν
828 5565 1252 5637 ἀναπτύξωμεν.
1313 5566 1379 5620 Τί
1429 5563 1525 5620 οὖν
1581 5586 1750 5641 φησιν
1787 5571 1817 5624 6

231 5657 476 5723 Παῦλος;
501 5659 728 5728 Πρῶτον
747 5658 803 5712 δὲ
823 5660 1140 5730 ἀναμνῆσαι
1166 5659 1432 5732 βούλομαι
1452 5663 1580 5726 τοὺς
1604 5679 1671 5732 με
1679 5680 1818 5734 μνη-

1901 1820 1950 1873 οί
1990 1818 2479 1891 μυσταγωγοῦντες
2515 1816 2662 1888 ὑμᾶς
2702 1815 2883 1885 λέγειν
2909 1814 3216 1881 κελεύουσι,
3245 1812 3340 1867 καὶ
3363 1811 3488 1864 τότε

1901 1903 2013 1974 ἐρῶ
2050 1903 2146 1957 καὶ
2183 1901 2245 1956 τὸ
2285 1901 2381 1955 τοῦ
2423 1899 2674 1954 Παύλου·
2711 1898 2856 1953 οὕτω
2897 1901 3006 1969 γάρ
3041 1900 3170 1969 ὑμῖν
3200 1898 3296 1951 καὶ
3326 1893 3488 1948 τοῦτο

1903 1987 2056 2041 ἔσται
2086 1985 2440 2057 σαφέστερον.
2487 1984 2644 2038 Μετά
2692 1983 2801 2052 γὰρ
2847 1983 2916 2036 τά
2945 1983 3077 2037 ἄλλα
3111 1983 3289 2036 πάντα
3325 1978 3484 2032 τοῦτο

1902 2071 2290 2144 προστίθεμεν,
2335 2070 2365 2124 6
2396 2069 2492 2124 νῦν
2536 2070 2566 2122 6
2615 2067 2828 2130 Παῦλος
2872 2067 3043 2136 λέγει.
3077 2066 3189 2120 Καὶ
3224 2063 3485 2135 βούλομαι

1907 2157 2007 2228 μὲν
2031 2155 2222 2225 σαφῶς
2248 2155 2380 2209 αὐτὸ
2411 2157 2609 2219 εἰπεῖν,
2637 2155 2698 2208 ού
2726 2152 2910 2224 τολμῶ
2933 2152 2990 2205 δέ
3014 2150 3103 2206 διὰ
3128 2151 3252 2212 τοὺς
3307 2147 3488 2218 ἀμυή-

1905 2258 2029 2302 τους
2050 2256 2064 2269 ·
2094 2234 2238 2293 οὗτοι
2265 2239 2373 2310 γὰρ
2397 2237 2811 2309 δυσκολωτέραν
2854 2237 2986 2307 ἡμῖν
3018 2233 3232 2288 ποιοῦσι
3270 2231 3370 2301 τὴν
3399 2231 3485 2295 ἐξ·

1904 2324 2128 2395 ήγησιν,
2158 2323 2563 2390 ἀναγκάζοντες
2591 2321 2624 2392 ἢ
2654 2322 2729 2392 μὴ
2755 2319 2933 2387 λέγειν
2964 2319 3172 2387 σαφῶς,
3201 2315 3234 2386 ἢ
3272 2316 3352 2395 είς
3389 2313 3488 2367 αὒ-

1905 2393 2033 2470 τοὺς
2059 2406 2315 2477 ἐκφέρειν
2337 2405 2407 2458 τὰ
2425 2404 2736 2476 ἀπόῤῥητα.
2770 2401 2916 2473 Πλὴν
2943 2402 3057 2455 ἀλλ’
3090 2401 3165 2463 ὼς
3191 2398 3256 2452 ἂν
3276 2393 3390 2459 οἷός
3425 2411 3485 2448 τε

1906 2483 1973 2553 ὦ,
2000 2488 2481 2559 συνεσκιασμένως
2514 2487 2648 2558 ἐρῶ.
2693 2484 2850 2540 Μετά
2886 2485 2990 2556 γὰρ
3014 2486 3116 2554 τὴν
3145 2480 3491 2550 ἀπαγγελίαν

1905 2571 2015 2627 τῶν
2050 2570 2328 2643 μυστικῶν
2374 2571 2638 2642 ῥημάτων
2691 2567 2914 2622 ἐκείνων
2955 2568 3052 2620 καὶ
3089 2563 3357 2636 φοὸερῶν,
3393 2563 3492 2616 καὶ

1907 2658 2034 2721 τοῦς
2064 2658 2328 2727 φρικτοὺς
2354 2657 2588 2720 κανόνας
2613 2655 2725 2708 τῶν
2753 2655 2820 2707 ἐκ
2849 2652 2943 2706 τοῦ
2968 2649 3198 2722 ούρανοῦ
3225 2663 3487 2717 κατενεχ-

1909 2741 2110 2796 θέντων
2145 2739 2452 2810 δογμάτων,
2493 2739 2591 2793 καὶ
2627 2737 2789 2792 τοῦτο
2828 2736 2966 2808 πρὸς
2993 2735 3071 2805 τῷ
3095 2734 3239 2788 τέλει
3263 2730 3497 2804 προστίν⁸

1909 2824 2095 2894 θεμεν,
2131 2823 2256 2876 ὅταν
2286 2822 2569 2893 μέλλωμεν
2600 2821 2908 2891 βαπτίζειν,
2935 2817 3248 2880 κελεύοντες
3281 2816 3486 2882 λέγειν,

1908 2908 1991 2962 ὃτι
2018 2905 2268 2960 Πιστεύω
2298 2907 2379 2969 εἰς
2404 2904 2615 2976 νεκρῶν
2638 2903 2958 2968 ἀνάστασιν,
2983 2903 3079 2956 καὶ
3103 2901 3282 2970 ἐπὶντῇ
3310 2897 3491 2950 πίστει

1908 2991 2082 3064 ταύτῃ
2117 2989 2511 3060 βαπτιζόμεθα.
2543 2987 2697 3042 Μετά
2737 2987 2845 3058 γάρ
2873 2987 2932 3040 τὸ
2971 2985 3303 3056 ὁμολογῆσαι
3330 2982 3491 3036 τοῦτο

1915 3077 2056 3148 μετὰ
2087 3075 2196 3128 τῶν
2223 3075 2420 3137 ἄλλων,
2454 3073 2574 3127 τότε
2612 3072 2914 3142 καθιέμεθα
2934 3074 3014 3135 είς
3040 3071 3138 3142 τὴν
3173 3068 3354 3139 πηγὴν
3381 3066 3492 3120 τῶν

1914 3159 2074 3231 ἱερῶν
2100 3159 2357 3230 ναμάτων
2386 3155 2632 3210 ἐκείνων.
2665 3155 2838 3209 Τοῦτο
2856 3155 3037 3209 τοίνυν
3058 3154 3492 3225 ἀναμιμνήσκων

1910 3243 1938 3296 6
1971 3241 2184 3305 Παῦλος
2229 3241 2448 3310 ἐλεγενο
2488 3241 2558 3293 El
2583 3237 2670 3309 μὴ
2699 3239 2873 3293 ἔστιν
2899 3237 3254 3301 ἀνάστασις.
3290 3237 3348 3289 τί
3390 3234 3497 3288 καί·

1904 3325 2164 3395 ,ϐαπτίζῃ
2193 3324 2345 3393 ὑπὲρ
2363 3321 2484 3377 τῶν
2499 3323 2729 3391 νεκρῶν
2742 3339 2762 3387 ;
2777 3322 3045 3386 τουτέστι,
3069 3321 3179 3374 τῶν
3198 3320 3496 3390 σωμάτωνι

1910 3409 2022 3464 Καὶ
2068 3407 2179 3480 γὰρ
2220 3408 2314 3462 ἐπὶ
2349 3406 2525 3478 τούτῳ
2579 3404 2837 3478 βαπτίζῃ,
2872 3404 2968 3458 τοῦ
3009 3402 3204 3476 νεκροῦ
3240 3401 3494 3472 σώματος

1911 3492 2208 3546 ἀνάστασιν
2249 3489 2540 3550 πιστεύων,
2584 3489 2666 3542 δτι
2712 3489 2897 3542 οὐκέτι
2947 3489 3098 3559 μένει
3136 3485 3349 3558 νεκρόν.
3379 3485 3493 3538 Καὶ

1913 3576 1978 3628 σὺ
2015 3574 2114 3644 μὲν
2155 3573 2243 3627 διά
2267 3571 2376 3626 τῶν
2414 3571 2674 3643 ῥημάτων
2699 3570 2879 3640 λέγεις
2919 3569 3131 3639 νεκρῶν
3157 3570 3454 3623 ἀνάστασιν
3473 3582 3489 3598 ο

1911 3659 1942 3710 6
1967 3658 2025 3712 δὲ
2055 3657 2259 3728 ἱερεὺς,
2287 3655 2477 3726 ὥσπερ
2510 3657 2569 3709 ἐν
2603 3655 2772 3709 είκόνι
2807 3655 2932 3720 τινὶ,
2976 3655 3122 3726 ἀπερ
3164 3652 3493 3713 ἐπίστευσας

1911 3739 2009 3795 καὶ
2047 3739 2136 3794 διὰ
2162 3739 2273 3793 τῶν
2306 3739 2566 3811 ῥημάτων
2595 3737 2972 3808 ὡμολόγησας,
2997 3733 3237 3792 δείκνυσί
3283 3751 3367 3788 σοι
3395 3733 3494 3786 καὶ

1910 3821 2001 3876 διά
2036 3823 2146 3876 τῶν
2190 3822 2532 3893 πραγμάτων
2571 3822 2773 3876 αὐτῶν.
2827 3823 2997 3876 Ὅταν
3040 3819 3210 3892 χωρὶς
3263 3815 3491 3888 σημείου

1912 3905 2195 3976 πιστεύῃς,
2224 3905 2345 3958 τότε
2384 3922 2467 3958 σοι
2496 3905 2591 3958 καὶ
2618 3905 2680 3957 τὸ
2725 3907 2951 3976 σημεῖον
2979 3903 3233 3974 παρέχει·
3270 3902 3397 3954 ὅταν
3424 3897 3493 3952 τά

1914 3989 2113 4044 σαυτοῦ
2165 3991 2421 4062 ποιήσῃς,
2464 3989 2586 4044 τότε
2639 3989 2736 4043 καὶ
2784 3992 2812 4042 6
2845 3988 2977 4052 Θεός
3033 4004 3092 4041 σε
3132 3985 3489 4058 πληροφορεῖ.

1912 4073 2037 4137 Πῶς
2063 4073 2157 4127 καὶ
2184 4073 2291 4127 τίνι
2324 4073 2543 4143 τρόπῳ;
2567 4069 2665 4126 Διά
2689 4070 2783 4126 τοῦ
2818 4071 3026 4135 ὓδατος.
3058 4071 3132 4123 Τὸ
3158 4070 3266 4140 γάρ
3295 4066 3490 4138 βαπτί-

1914 4157 2100 4221 ζεσθαι
2147 4158 2242 4211 καὶ
2297 4155 2685 4220 καταδύεσθαι,
2739 4150 2860 4209 εἶτα
2918 4153 3222 4215 ἀνανεύειν,
3269 4151 3371 4221 τῆς
3412 4151 3492 4213 εἰς

1912 4239 2040 4310 ᾅδου
2085 4237 2443 4302 καταϐάσεώς
2500 4239 2616 4292 ἐστι
2668 4236 2940 4308 σύμϐολον
2991 4236 3085 4290 καὶ
3135 4237 3235 4306 τῆς
3283 4232 3495 4287 ἐκεῖθεν

1912 4321 2124 4375 ἀνόδου.
2171 4321 2264 4374 Διὸ
2307 4321 2404 4374 καὶ⁵
2430 4321 2601 4391 τάφον
2628 4321 2690 4374 τὸ
2724 4321 3007 4391 βάπτισμα
3033 4320 3062 4372 6
3098 4318 3308 4380 Παῦλος
3340 4317 3496 4370 καλεί

1909 4408 2106 4477 λέγων·
2151 4407 2582 4476 Συνετάφημεν
2622 4404 2736 4463 οὖν
2781 4407 2942 4472 αὐτῷ
2980 4406 3078 4461 διὰ
3120 4405 3226 4460 τοῦ
3269 4405 3494 4470 βαπτί-

1911 4507 2140 4559 σματος
2176 4493 2264 4558 είς
2291 4490 2399 4543 τὸν
2433 4491 2712 4546 θάνατον.
2754 4492 2888 4545 Ἀπὸ
2914 4490 3106 4544 τούτου
3137 4490 3232 4544 καὶ
3270 4489 3332 4542 τὸ
3363 4488 3494 4557 μέλε-

1912 4573 2002 4628 λον
2044 4574 2357 4638 ἀξιόπιστον
2402 4577 2566 4640 ποιεῖ,
2611 4573 2720 4626 τῶν
2765 4576 3036 4645 σωμάτων
3067 4573 3210 4642 λέγω
3237 4571 3336 4642 τὴν
3361 4571 3494 4624 (lvd.-

1914 4673 2121 4710 στασιν.
2172 4657 2280 4711 Τοῦ
2318 4656 2426 4729 γάρ
2462 4657 2621 4728 σῶμα
2651 4659 2954 4729 ἀναστῆσαι
3000 4656 3180 4727 πολλῷ
3216 4657 3398 4727 μεῖζον
3434 4655 3509 4707 τὸ.

1913 4742 2288 4814 ἁμαρτήματα
2315 4741 2600 4810 ἀφανίσαι.
2631 4743 2742 4796 Καὶ
2763 4741 2923 4796 τοῦτο
2941 4743 2970 4795 6
2992 4740 3228 4813 Χριστὸς
3253 4742 3496 4807 ἀποφαι-

1906 4826 2151 4896 νόμενος,
2177 4826 2362 4894 ἔλεγεν
2379 4843 2392 4858 ·
2435 4827 2496 4881 Τί
2520 4826 2632 4896 γάρ
2651 4827 2823 4881 ἐστιν
2847 4825 3258 4894 εὐκοπώτερον
3280 4823 3491 4890 εἰπεῖν,

1917 4913 2234 4983 Ἀφέωνταί
2273 4927 2376 4969 σοι
2420 4917 2480 4968 al
2528 4914 2828 4982 ἁμαρτίαι,
2855 4913 2894 4982 ἣ
2929 4912 3148 4978 εἰπεῖν,
3173 4904 3354 4979 Ἆρον
3386 4907 3496 4963 τὸν

1903 4997 2238 5066 κράόϐατόν
2285 5015 2425 5066 σου,
2473 4999 2574 5052 καί
2613 4998 2957 5067 περιπάτει;
3014 4997 3086 5050 T6
3150 4995 3251 5066 μὲν
3299 4994 3496 5048 δυσκοξ

1903 5079 2141 5153 λώτερον
2192 5082 2391 5145 ἐκεῖνο,
2452 5081 2651 5152 φησίν*
2709 5080 2898 5151 ἐπειδὴ
2949 5079 3008 5132 δέ
3065 5080 3347 5133 ἀπιστεῖτε
3395 5076 3493 5131 ἀτε

1911 5162 2090 5234 ἀδήλῳ
2110 5163 2245 5227 ὄντι,
2275 5163 2372 5217 καὶ
2404 5163 2465 5216 τὸ
2488 5163 2853 5234 εὐκολώτερον
2886 5161 3007 5216 ἀντὶ
3034 5161 3294 5216 δυσκόλου
3324 5161 3495 5214 ποιεῖ-

1914 5245 2009 5298 σθε
2052 5246 2150 5314 τῆς
2191 5247 2331 5317 ἐμῆς
2357 5246 2641 5317 δυνάμεως
2680 5245 2976 5312 ἀπόδειξιν,
3015 5246 3136 5299 οὐδὲ
3166 5243 3328 5298 τοῦτο
3353 5260 3497 5312 παρ-

1909 5329 2209 5399 αιτήσομαι
2283 5333 2588 5401 παρασχεῖν
2641 5329 2775 5400 ὑμῖν
2796 5329 2858 5382 τὸ
2887 5329 3108 5399 δεῖγμαι
3144 5330 3284 5382 Τότε
3329 5326 3504 5396 λέγει·

1909 5409 1991 5476 τῷ
2013 5412 2422 5481 παραλυτικῷ·
2465 5412 2763 5482 Ἐγερθεὶς
2789 5405 2938 5481 ἆρον
2968 5411 3324 5480 τὴνκλίνην
3350 5426 3491 5472 σου,

1905 5495 2004 5548 καὶ
2034 5495 2225 5565 ὕπαγε
2259 5497 2347 5563 είς
2373 5496 2480 5550 τὸν
2499 5492 2669 5549 οἶκόν
2687 5510 2824 5550 σου.

1987 5577 2052 5648 β’.
2078 5579 2191 5633 Καὶ
2222 5578 2338 5652 πῶς
2370 5577 2531 5632 τοῦτο
2556 5578 2834 5646 δύσκολον,
2856 5579 3041 5650 φησὶν,
3063 5579 3194 5633 ὅταν
3216 5573 3308 5630 καὶ
3334 5577 3494 5647 βασις

1911 5659 2065 5714 λεῦσι
2091 5663 2189 5715 καὶ
2225 5660 2454 5734 ἄρχουσι
2493 5661 2720 5717 δυνατὸν
2747 5657 2819 5734 ᾖς
2858 5661 2953 5716 καὶ
2997 5661 3106 5731 γάρ
3138 5659 3359 5731 μοιχοὺς
3393 5657 3492 5709 καὶ

235 5756 433 5827 μένους
470 5754 615 5824 ὑμᾶς
651 5753 889 5824 ῥήσεως,
929 5753 996 5824 ῆν
1025 5751 1166 5808 κατὰ
1191 5752 1289 5826 τὴν
1322 5755 1565 5826 ἑσπέραν
1597 5754 1819 5826 ἐκείνην
1915 5742 2271 5815 ἀνδροφόνους
2325 5747 2552 5817 ἀφιᾶσιν
2605 5745 2827 5799 ἐκεῖνοι.
2890 5742 3151 5810 ῐῑαίξειςῑ
3206 5739 3484 5810 ἄνθρωπε.
