3998 6488
452 250 566 319 ’Βιθ
1197 264 1257 319 S.
1294 262 1584 319 JOANNIS
1619 259 2118 320 CHRYSOSTOMI
2158 261 2481 323 ARCHIEP.
2521 266 3083 329 CONSTANTINOP.
3666 271 3780 327 350

456 379 636 433 ταῦτα
666 378 864 446 λέγων·
890 382 1269 453 ἁμαρτήματα
1317 380 1418 450 μὲν
1465 380 1577 452 7&9
1626 380 1844 450 ἀφεῖναι
1893 381 2040 453 μόνῳ
2145 385 2511 457 πεπείσμεθαδ
2540 387 2663 442 οὐδὲ
2723 388 2873 461 [πί]
2925 389 3037 462 7&9
3096 389 3258 461 ήρκει
3310 389 3501 444 τοῦτο
3570 391 3780 445 πεῖσαι

457 472 577 542 Θεῷ
621 472 846 527 δυνατόν
874 492 886 505 -
921 474 1181 544 ἄρχοντες
1220 472 1279 527 δὲ
1320 474 1418 527 καὶ
1455 472 1721 544 βασιλεῖς,
1766 474 1875 529 κᾶν
1923 491 2043 546 μοι·
2146 475 2329 546 μόνον’
2355 478 2491 532 ἀλλὰ
2517 480 2613 533 καὶ
2636 480 2737 551 τήν
2767 479 2859 535 διὰ
2897 479 3009 534 τῶν
3063 479 3417 551 πραγμάτων
3471 479 3787 545 ἀπόδειξιν

457 565 613 633 χοῦς,
638 564 742 618 κᾶν
771 565 1130 636 ἀνδροφόνους
1151 564 1356 633 ἀφῶσι,
1380 565 1483 635 τῆς
1508 565 1608 637 μὲν
1639 567 1912 632 κολάσεως
1942 568 2044 637 τῆς
2143 569 2465 640 παρέχεταιὲ
2491 570 2566 635 ὡς
2595 571 2661 626 ἂν
2690 573 2742 625 εί
2768 572 3197 643 ἐλεγε,⁹Ρήμασι
3225 572 3417 628 ταῦτα
3448 572 3779 644 ὁμολογεῖν

459 653 748 724 παρούσης
768 654 1452 729 ἀπα).λάττουσι,[580]τὴν
1477 657 1535 711 δὲ
1560 659 1839 729 ἁμαρτίαν
1862 659 2043 715 αὐτῶν
2143 662 2296 716 οὐδὲν
2328 662 2458 726 ῐσως
2481 664 2611 734 ύμῖν
2639 664 2789 718 δοκεῖ
2815 664 3128 736 θαυμαστὸν
3154 661 3315 720 εἶναι’
3345 667 3406 719 εί
3432 665 3503 719 δὲ
3538 667 3652 719 καὶ
3671 665 3782 737 τὴν

2145 753 2253 806 ἀπὸ
2284 754 2393 808 τῶν
2420 753 2599 826 ἔργων
2625 757 2756 827 ὑμῖν
2789 759 3169 830 παράσχωμεν
3217 757 3441 830 φωνὴν,
3502 757 3569 811 τί
3626 758 3779 829 πρὸς

2144 844 2301 899 τοῦτο
2325 845 2509 917 ἔχοιτε
2545 848 2861 915 άντειπείνς
2907 849 3204 904 Ἀκούσατε
3231 851 3456 914 τοίνυν,
3492 849 3634 914 πῶς
3669 852 3774 905 καὶ

2144 935 2233 989 διὰ
2252 936 2363 990 τῶν
2384 937 2650 992 κινδύνων
2695 938 2871 994 ταῦτα.
2910 938 3037 995 καθ’
3080 940 3320 1011 ἑκάστην
3347 939 3775 1011 ὁμολογοῦμεν

2143 1027 2245 1098 τὴν
2269 1028 2506 1099 ἡμέραν.
2539 1029 2653 1084 Καὶ
2679 1030 2781 1084 οὐκ
2807 1014 2983 1094 εἶπεν,
2997 1030 3164 1101 Ἐγὼ,
3197 1030 3339 1098 ἀλλ’,
3373 1030 3625 1101 Ἡμεῖς,
3658 1046 3775 1084 παο

2147 1119 2511 1190 ραλαμσάνων
2560 1122 2771 1187 πάντας
2827 1123 2963 1195 ὁμοῦ
3025 1124 3153 1187 τοὺς
3213 1123 3605 1189 ἀποστόλους,
3670 1122 3772 1178 καὶ

2143 1209 2320 1284 ταύτῃ
2344 1212 2655 1285 μετριάζων
2679 1230 2738 1269 τε
2772 1214 2868 1271 καὶ
2896 1216 3210 1283 ἀξιόπιστον
3232 1216 3418 1271 ποιῶν
3439 1216 3545 1270 τὸν
3573 1216 3767 1284 λόγον.

2146 1299 2213 1352 Τί
2238 1298 2349 1373 γάρ
2377 1300 2444 1355 ἂν
2469 1301 2649 1373 ἔχοιτε
2681 1305 2894 1373 είπεῖν;
2925 1307 3009 1361 ὅτι
3030 1306 3338 1379 ἀπατῶμεν
3373 1307 3546 1379 ὑμᾶς
3579 1305 3765 1362 ταῦτα

2146 1391 2531 1463 κηρύττοντες,
2567 1397 2663 1449 καὶ
2704 1397 3016 1464 κενοδοξίας
3054 1398 3242 1453 Ξνεκεν
3278 1399 3766 1470 δογματίζομεν;

2159 1484 2303 1538 Ἀλλ’
2328 1485 2431 1540 οὐκ
2474 1487 2607 1541 ἐῶσι
2657 1487 2831 1543 ταῦτα
2881 1490 3213 1560 ψηφίζεσθαι
3266 1492 3318 1546 οί
3360 1491 3647 1546 κίνδυνοι·
3679 1493 3768 1556 τίς

2148 1574 2256 1647 7&9
2281 1575 2348 1631 ἂν
2369 1577 2542 1631 ἒλοιτο
2565 1579 2898 1634 κινδυνεύειν
2933 1581 3199 1652 διηνεκῶς
3236 1582 3365 1652 είκῆ
3395 1583 3507 1637 καὶ
3540 1583 3759 1654 μάτηνς

2149 1666 2239 1719 Διὸ
2268 1668 2364 1721 καὶ
2405 1667 2580 1737 ἐλεγεο
2617 1671 2680 1724 Τί
2712 1671 2809 1725 καί
2846 1671 3018 1740 ἡμεῖς
3055 1672 3515 1742 κινδυνεύομεν
3546 1674 3764 1728 πᾶσαν

2146 1756 2342 1826 ὥραν;
2375 1759 2439 1812 El
2464 1758 2575 1830 7&9
2604 1761 2699 1813 καὶ
2732 1761 2905 1815 ἒλοιτό
2931 1779 3019 1827 τις
3064 1761 3152 1816 διὰ
3205 1760 3564 1831 κενοδοξίαν,
3609 1762 3762 1828 ἅπαξ

2148 1848 2242 1902 καὶ
2269 1847 2517 1921 δεύτερον
2541 1848 2702 1904 τοῦτο
2732 1852 3043 1924 αίρὴσεται,
3072 1855 3193 1925 οὐχ).
3238 1856 3433 1910 πάντα
3467 1856 3571 1911 τὸν
3619 1856 3759 1927 βίον,

461 748 563 801 οὐκ
576 746 985 816 ἐκκαθαίρουσι·
1006 746 1109 801 κᾶν
1124 751 1204 813 εἰς
1217 750 1391 821 ἀρχὰς
1407 751 1655 821 ἀγάγωσι
1671 753 1798 817 τοὺς
1811 753 2042 823 ἀφεθέν-

458 855 583 903 τας,
610 839 715 894 κᾶν
745 839 916 910 αὐτὴν
950 840 1290 912 περιϐάλωσι
1318 843 1418 914 τὴν
1463 844 1780 916 ἁλουργίδα,
1834 845 1940 901 κᾶν
1981 847 2044 900 τὸ
2072 893 2078 899 .

459 930 699 1001 διάδημα
745 931 1034 999 ἐπιθῶσιν,
1064 932 1204 988 ἀλλά
1233 933 1490 1005 βασιλέας
1540 935 1641 1006 μὲν
1682 936 1948 1009 ἐποίησαν
1977 937 2047 992 ἂν

458 1020 626 1083 οὕτω,
658 1020 758 1091 τῆς
787 1020 846 1074 δέ
888 1022 1170 1094 ἀμαρτίας
1212 1025 1315 1079 οὐκ
1359 1025 1426 1080 ἂν
1477 1025 1881 1099 ἠλευθέρωσαν·
1911 1028 2046 1094 Θεὸς

459 1110 570 1181 7&9
599 1112 761 1182 μόνος
789 1112 952 1167 τοῦτο
984 1117 1153 1170 ποιεί.
1184 1117 1250 1170 ’0
1274 1115 1341 1188 δή
1373 1117 1469 1172 καὶ
1506 1119 1566 1171 ἐν
1599 1118 1677 1190 τῷ
1705 1118 1915 1191 λουτρῷ
1943 1120 2045 1190 τῆς

461 1203 886 1273 παλιγγενεσίας
937 1207 1256 1278 ἐργάζεται’
1303 1210 1479 1281 αὐτῆς
1522 1212 1634 1284 7&9
1678 1211 1912 1268 ἅπτεται
1941 1212 2045 1283 τῆς

458 1294 637 1366 ψυχῆς
686 1298 720 1367 ἡ
775 1297 957 1368 χάρις,
1010 1300 1269 1354 κάκεῖθεν
1321 1300 1621 1374 πρόρριζον
1677 1305 1898 1376 ἀνασπᾷ
1942 1306 2045 1375 τήν

462 1387 758 1458 ἁμαρτίαν.
795 1391 894 1446 Διά
925 1391 989 1462 δὴ
1021 1390 1181 1445 τοῦτο
1209 1392 1301 1446 τοῦ
1342 1394 1442 1463 μὲν
1472 1393 1578 1448 ὑπὸ
1638 1395 1909 1466 βασιλέως
1938 1399 2047 1466 dep-

463 1477 676 1544 εθέντος
699 1481 960 1550 ρυπῶσαν
984 1482 1083 1553 τὴν
1103 1484 1286 1555 ψυχὴν
1332 1485 1484 1540 ἐστιν
1535 1487 1683 1555 ἰδεῖν,
1729 1488 1830 1558 τὴν
1850 1488 1908 1542 δέ
1947 1488 2051 1542 τοῦ

465 1569 856 1640 βαπτισθέντος
888 1574 1094 1639 οὐκέτι,
1127 1575 1243 1629 ἀλλ’
1270 1576 1451 1630 αὐτῶν
1485 1577 1595 1632 τῶν
1621 1578 1864 1650 ἡλιακῶν
1893 1578 2047 1633 ἀκτί-

463 1676 571 1713 νων
597 1660 1013 1734 καθαρωτέραν,
1050 1664 1145 1717 καὶ
1174 1666 1264 1719 οἵα
1294 1666 1355 1731 ἐξ
1390 1667 1568 1738 ἀρχῆς
1598 1669 1922 1739 γεννηθεῖσα
1950 1664 2043 1739 ἦν,

463 1753 670 1825 μᾶλλον
691 1753 747 1806 δὲ
772 1754 866 1808 καὶ
887 1757 1104 1825 ἐκείνης
1128 1757 1337 1829 ἀμείνω
1362 1759 1568 1831 πολλῷ·
1600 1761 1740 1815 Πνεύ
1748 1779 1917 1832 ματος
1938 1762 2050 1833 γάρ

462 1845 732 1901 ἀπολαύει
757 1847 855 1901 τοῦ
889 1848 1230 1920 πανταχόθεν
1260 1850 1431 1921 αὐτὴν
1460 1850 1762 1923 πυροῦντος
1810 1853 1907 1907 καὶ
1948 1853 2048 1925 τὴν

461 1939 777 2011 ἁγιωσύνην
844 1942 1232 2005 ἐπιτείνοντος.
1299 1943 1410 1997 Καὶ
1470 1943 1661 2016 ὥσπερ
1728 1945 1947 2017 σίδηρον
2011 1945 2045 2018 ἢ

463 2030 668 2102 χρυσὸν
713 2032 1101 2102 ἀναχωνεύων,
1157 2034 1397 2107 καθαρὸν
1447 2036 1543 2090 καὶ
1594 2038 1786 2092 καινὸν
1837 2040 2047 2093 ἀνωθεν

463 2126 659 2188 ποιεῖς·
687 2124 831 2179 οὕτω
865 2125 933 2197 δὴ
962 2126 1056 2180 καὶ
1092 2126 1157 2179 τδ
1190 2128 1417 2200 Πνεῦμα
1458 2129 1520 2183 τὸ
1563 2130 1718 2200 ἆγιον
1771 2130 1960 2202 ὥσπερ
1990 2134 2048 2185 ἐν

463 2219 821 2289 χωνευτηρίῳ
854 2218 936 2289 τῷ
980 2217 1321 2291 βαπτίσματι
1350 2221 1695 2292 ἀναχωνεῦον
1723 2223 1922 2294 αὐτὴν,
1953 2225 2049 2278 καὶ

462 2309 718 2365 δαπανῶν
746 2310 816 2365 τά
844 2312 1250 2383 ἁμαρτήματα,
1290 2314 1516 2386 χρυσίου
1564 2315 1766 2379 παντὸς
1800 2318 2045 2389 καθαροῦ

464 2399 854 2473 καθαρώτερον
891 2401 1245 2456 ἀποστίλϐειν
1296 2406 1734 2477 παρασκευάζει.
1786 2406 1899 2462 Καὶ
1947 2407 2050 2479 τήν

462 2491 573 2546 τῶν
608 2492 881 2563 σωμάτων
925 2492 986 2545 δὲ
1038 2493 1337 2549 ἀνάστασιν
1384 2495 1703 2561 ἀξιόπιστον
1749 2497 2050 2553 κάντεῦθεν

463 2599 546 2637 σοι
580 2582 746 2640 πάλιν
764 2583 1041 2639 δείκνυσιν
1069 2582 1261 2642 οὖσαν.
1301 2587 1524 2661 Ἐπειδὴ
1565 2589 1678 2662 7&9
1720 2590 1757 2661 ἡ
1803 2590 2049 2661 ἁμαρτία

460 2675 556 2729 τὸν
587 2674 818 2730 θάνατον
843 2677 1131 2747 εἰσήγαγε,
1157 2677 1260 2748 τῆς
1286 2679 1445 2750 ῥίζης
1481 2680 1862 2753 ξηρανθείσης,
1893 2682 2050 2736 οὐδὲν

460 2765 543 2819 δεῖ
593 2765 780 2819 λοιπὸν
833 2767 1205 2838 ἀμφιϐάλλειν
1236 2770 1378 2839 ὑπὲρ
1424 2770 1524 2840 τῆς
1563 2770 1659 2825 τοῦ
1689 2771 1908 2843 καρποῦ
1944 2774 2051 2827 ἀπ-

461 2857 679 2921 ωλείας.
705 2856 806 2911 Διά
835 2857 994 2913 τοῦτο
1023 2860 1293 2931 πρότερον
1321 2860 1495 2916 είπὼν
1519 2863 1808 2935 ἁμαρτιῶν
1832 2863 2048 2933 ἄφεσιν.

462 2952 586 3005 τότε
616 2950 902 3021 ὁμολογεῖς
929 2951 1029 3005 καὶ
1050 2950 1265 3025 νεκρῶν
1293 2954 1612 3021 ἀνάστασιν,
1644 2955 1905 3010 ἐντεῦθεν
1948 2957 2048 3010 καὶ

464 3043 545 3105 εἰς
578 3044 755 3096 ἐκεῖνο
780 3044 1309 3115 χειραγωγούμενος.
1358 3039 1494 3098 Εἶτα
1521 3045 1708 3117 ἐπειδὴ
1750 3046 1852 3101 οὐκ
1891 3047 2053 3119 ἀρκεῖ

462 3129 528 3187 τὺ
552 3130 727 3201 ὄνομα
755 3131 857 3202 τῆς
888 3132 1240 3195 ἀναστάσεως
1266 3131 1441 3198 δεῖξαι
1471 3133 1532 3187 τὸ
1558 3135 1668 3188 πᾶν
1706 3134 1915 3205 (πολλοὶ
1940 3135 2052 3207 γὰρ

467 3223 799 3287 ἀναστάντες
827 3223 993 3277 πάλιν
1037 3223 1304 3296 ἀπῆλθον,
1335 3225 1411 3290 ὡς
1439 3227 1489 3280 οε
1517 3228 1579 3281 ἐν
1605 3229 1672 3299 τῇ
1703 3227 1943 3301 Παλαιᾷ,
1977 3229 2053 3293 ὡς

463 3312 743 3386 Λάζαρος,
766 3314 842 3378 ὼς
875 3314 926 3368 οἱ
965 3316 1023 3368 ἐν
1050 3315 1129 3386 τῷ
1158 3313 1335 3386 καιρῷ
1372 3315 1468 3369 τοῦ
1513 3317 1809 3389 σταυροῦ),
1837 3318 2056 3372 κελεύει

467 3405 674 3476 λέγειν,
708 3407 822 3463 Καὶ
853 3408 933 3471 είς
962 3405 1109 3476 ζωὴν
1142 3403 1383 3472 αίώνιον,
1434 3406 1524 3462 ἵνα
1571 3411 1776 3480 μηκέτι
1819 3411 2054 3466 θάνατον

469 3499 793 3571 ὑποπτεύσῃ
816 3516 904 3563 τις
932 3498 1071 3569 μετά
1099 3498 1201 3569 τὴν
1234 3497 1534 3553 ἀνάστασιν
1565 3500 1807 3571 ἐκείνην.
1833 3501 2056 3556 Τούτων

467 3593 655 3647 τοίνυν
682 3591 796 3646 τῶν
820 3589 1083 3662 ῥημάτιον
1115 3589 1549 3660 ἀναμιμνήσκων
1582 3588 1612 3642 6
1645 3589 1859 3655 Παῦλός
1897 3608 2051 3662 φησιο

474 3686 539 3741 Τί
561 3684 934 3751 ποιήσουσιν
950 3683 1007 3736 oi
1029 3679 1452 3750 βαπτιζόμενοι
1480 3681 1635 3750 ὑπὲρ
1652 3681 1772 3736 τῶν
1792 3683 2057 3753 νεκρό’›ν;

470 3777 536 3831 El
563 3775 675 3848 7&9
703 3774 779 3846 μὴ
811 3774 963 3827 ἐστιν
988 3772 1306 3835 ἀνάστασις,
1342 3771 1497 3843 φησὶ,
1532 3773 1707 3845 σκηνὴ
1737 3773 1808 3827 τά
1832 3775 2057 3846 ῥήματα

469 3868 666 3923 ταῦτα·
695 3869 743 3922 εί
779 3866 855 3938 μὴ
884 3866 1032 3920 ἐστιν
1057 3863 1381 3929 ἀνάστασις,
1413 3864 1532 3929 πῶς
1565 3867 1766 3932 αὐτοὺς
1796 3866 2058 3939 πείθομεν

471 3960 772 4024 πιστεύειν,
840 3959 987 4030 άπερ
1052 3959 1115 4012 ού
1183 3958 1475 4029 διδόαμεν;
1530 3958 1722 4031 ὥσπερ
1770 3959 1838 4012 ἂν
1877 3959 1933 4013 εῐ
1973 3976 2059 4023 τις

473 4051 714 4107 κελεύων
744 4051 1129 4124 γραμματεῖον
1160 4049 1418 4104 ἐκθέσθαι
1448 4049 1531 4104 ὅτι
1558 4049 1621 4103 τὸ
1651 4050 1746 4104 καὶ
1777 4050 1839 4104 τὸ
1873 4049 2057 4117 ἔλαϐε,

476 4143 680 4213 μηκέτι
704 4142 815 4214 δῴη
847 4141 917 4195 τά
939 4141 1312 4212 ἐγγραφέντα,
1350 4137 1470 4196 εἶτα
1507 4141 1648 4212 μετά
1684 4141 1784 4209 τὴν
1817 4142 2062 4213 ὑπογρα-

474 4237 583 4308 φὴν
615 4236 874 4309 ἀπαιτοίη
927 4235 996 4290 τὰ
1045 4235 1503 4308 ἐγγεγραμμένα.
1554 4234 1621 4288 Τί
1673 4236 1784 4305 γάρ
1840 4237 2062 4306 ποιήσει

474 4329 664 4384 λοιπὸν
691 4330 722 4381 δ
753 4328 1099 4400 ὑπογράψας,
1126 4327 1431 4384 ὑπεύθυνον
1461 4328 1564 4398 μὲν
1588 4326 1781 4382 ἑαυτὸν
1805 4326 2059 4399 ποιήσας,

475 4423 538 4476 ού
572 4420 753 4477 λαϐὼν
784 4421 842 4475 δὲ
863 4422 1009 4493 άπερ
1037 4420 1393 4493 ὡμολόγησεν
1414 4420 1727 4489 είληφέναι;
1754 4418 1931 4472 Τοῦτο
1950 4418 2065 4490 γὰρ

476 4514 572 4568 καὶ
601 4512 837 4568 ἐνταῦθα
862 4512 1013 4582 λέγει
1042 4512 1172 4584 περὶ
1195 4511 1303 4566 τῶν
1333 4509 1778 4582 βαπτιζομένων.
1806 4509 1874 4562 Τί
1906 4513 2064 4580 ποιή-

479 4622 664 4659 σουσιν
713 4607 764 4659 οι
812 4604 1227 4677 βαπτιζόμενα,
1275 4605 1464 4677 φησὶν,
1513 4601 1934 4674 ύπογράψαντες
1964 4603 2064 4673 μὲν

476 4696 773 4750 ἀνάστασιν
830 4696 1105 4766 σωμάτων
1155 4694 1389 4767 νεκρῶν,
1444 4695 1507 4749 ού
1558 4693 1933 4764 λαμϐάνοντες
1982 4693 2060 4757 δὲ,

477 4786 594 4841 ἀλλ’
622 4784 1006 4858 ἀπατώμενοι;
1036 4786 1091 4839 τί
1120 4785 1179 4840 δὲ
1207 4786 1346 4850 ὅλως
1369 4787 1466 4841 καὶ
1491 4786 1593 4857 τῆς
1615 4785 1910 4856 ὁμολογίας
1936 4785 2065 4840 ταύ-

478 4894 583 4949 της
609 4877 737 4943 ἔδει,
763 4880 812 4931 εί
831 4878 893 4932 τὸ
916 4878 1079 4950 ἔργον
1106 4878 1183 4951 μὴ
1211 4880 1425 4946 εἴπετο;
1454 4880 1517 4934 Τί
1539 4879 1637 4933 καὶ
1660 4877 1835 4948 ἡμεῖς
1858 4878 2063 4933 κινδυ-

480 4970 737 5040 νεύομεν
768 4969 976 5025 πᾶσαν
1007 4970 1204 5039 ὧραν;
1238 4970 1379 5026 Καθ’
1407 4971 1640 5041 ἡμέραν
1668 4969 2061 5039 ἀποθνήσκω,

485 5060 560 5132 νὴ
619 5060 736 5131 τὴν
771 5062 1065 5132 ὑμετέραν
1097 5064 1423 5135 καύχησιν,
1457 5060 1539 5130 ἣν
1567 5062 1688 5133 ἔχω
1729 5062 1801 5118 ἐν
1832 5063 2067 5133 Χριστῷ

495 5151 726 5222 Ἰησοῦ.
760 5153 907 5225 Ὅρα
933 5154 1096 5210 πάλιν
1130 5156 1294 5210 πόθεν
1338 5157 1609 5227 ἐπιχειρεῖ
1651 5156 2064 5211 κατασκευάσαι

485 5244 547 5298 τὸ
575 5244 771 5316 δόγμα,
818 5246 926 5301 ἀπὸ
968 5247 1066 5317 τῆς
1092 5246 1303 5310 οἰκείας
1328 5247 1535 5318 ψήφου,
1569 5244 1771 5317 μᾶλλον
1800 5246 1857 5299 δὲ
1880 5247 1941 5300 οὐ
1967 5249 2069 5318 τῆς

487 5336 656 5392 αὐτοῦ
691 5338 874 5409 μόνον,
921 5336 1058 5392 ἀλλά
1106 5339 1201 5392 καὶ
1227 5338 1328 5408 τῆς
1368 5337 1475 5392 τῶν
1499 5338 1704 5392 λοιπῶν
1730 5339 2067 5393 ἀποστόλων.

437 5463 445 5468 -
490 5430 567 5484 Οὐ
602 5432 795 5503 μικρὸν
821 5431 881 5486 δὲ
908 5432 1007 5485 καὶ
1034 5430 1192 5485 τοῦτο
1220 5431 1286 5485 τὸ
1303 5432 1429 5496 τοὺς
1449 5430 1804 5496 διδασκάλους
1827 5432 2071 5500 εἰσάγειν

495 5521 704 5594 σφόδρα
734 5521 1348 5594 πεπληροφορημένους,
1398 5523 1493 5577 καὶ
1540 5522 1702 5578 τοῦτο
1752 5522 2070 5588 δεικνύντας

492 5611 554 5663 οὐ
586 5611 677 5665 διὰ
708 5612 883 5682 λόγων
915 5614 1097 5682 μόνον,
1129 5613 1269 5669 ἀλλά
1299 5614 1393 5668 καὶ
1427 5614 1497 5667 δι’
1528 5614 1712 5669 αὐτῶν
1764 5615 1875 5669 τῶν
1929 5632 2071 5685 πρα-

492 5704 736 5770 γμάτων.
759 5706 856 5761 Διά
880 5704 1124 5778 δήτοῦτο
1157 5707 1218 5760 οὐ
1251 5705 1399 5776 λέγει
1429 5705 1635 5776 ἁπλῶς,
1666 5707 1881 5763 ὃτιᾼΚαὶ
1910 5707 2072 5779 ἡμεῖς

2149 1941 2402 2012 καθάπερ
2451 1943 2634 2013 ἡμεῖς’
2665 1945 2830 2013 ἡμεῖς
2880 1944 2991 2015 γὰρ
3039 1946 3136 2017 τὴν
3194 1946 3345 2017 ζωὴν
3402 1946 3640 2003 ἃπασαν
3676 1950 3757 2013 είς

2147 2031 2308 2087 τοῦτο
2355 2032 2835 2104 κατεστησάμεθα.
2893 2037 3033 2090 Καθ’
3058 2033 3290 2104 ἡμέραν
3344 2037 3760 2104 ἀποθνήσκω,

2146 2124 2227 2195 νὴ
2258 2124 2375 2194 τὴν
2399 2123 2694 2194 ὑμετέραν
2741 2126 3068 2195 καύχησιν,
3099 2125 3180 2195 ἣν
3211 2127 3334 2196 ἔχω
3384 2129 3465 2183 ἐν
3517 2129 3755 2198 Χριστῷ

2160 2216 2389 2286 Ἰησοῦ·
2424 2219 2695 2289 καύχησιν
2726 2218 2961 2272 ἐνταῦθα
2989 2219 3088 2290 τὴν
3111 2217 3295 2273 αὐτῶν
3318 2220 3632 2290 προκοπὴν
3665 2219 3755 2272 λέ-

2147 2323 2282 2376 γων.
2322 2306 2543 2380 Ἐπειδὴ
2575 2308 2685 2379 7&9
2738 2307 2971 2372 πολλοὺς
3031 2308 3202 2373 ἔδειξε
3255 2309 3396 2373 τοὺς
3457 2309 3751 2373 κινδύνους

2147 2399 2328 2462 ὄντας,
2354 2397 2443 2452 ἶνα
2473 2398 2551 2470 μὴ
2583 2396 2712 2471 δόξῃ
2739 2397 2815 2462 ὡς
2843 2399 3251 2470 ἀποδυρόμενος
3291 2398 3485 2455 ταῦτα
3541 2401 3753 2470 λέγειν,

2149 2491 2225 2545 Οὐ
2252 2490 2417 2563 μόνον
2440 2491 2542 2545 οὐκ
2566 2490 2739 2560 ἀλγῶ,
2764 2491 2951 2562 φησιν,
2982 2490 3120 2545 ἀλλὰ
3167 2492 3263 2544 και
3312 2477 3626 2564 καυχῶμαι
3671 2492 3750 2563 τῷ

2147 2581 2325 2636 ταῦτα
2347 2583 2582 2653 πάσχειν
2606 2581 2751 2653 ὑπὲρ
2781 2581 2960 2652 ὑμῶν.
3013 2582 3186 2653 Διπλῆ
3232 2582 3293 2636 δέ
3341 2583 3751 2654 ἐναδρύνεσθαί

2150 2690 2305 2745 φησι,
2339 2676 2436 2728 καὶ
2487 2672 2572 2745 τῷ
2602 2674 2671 2727 δι’
2696 2675 2897 2739 αὐτοὺς
2947 2674 3306 2743 κινδυνεύειν,
3373 2675 3479 2729 καὶ
3504 2675 3588 2749 τῷ
3615 2675 3748 2747 δρᾷν

2148 2767 2348 2830 αὐτοὺς
2396 2765 2751 2830 ἐπιδιδόντας.
2785 2761 2920 2820 Εἶτα
2972 2766 3034 2820 τὸ
3067 2767 3215 2837 αύτῷ
3272 2767 3519 2840 σύνηθες
3553 2768 3747 2830 ποιῶν,

2150 2856 2341 2929 ἐπειδὴ
2378 2857 2592 2928 μεγάλα
2616 2857 2943 2927 ἐφθέγξατο,
2976 2858 3265 2929 ἀμφότερα
3320 2858 3621 2928 ἀνατίθησι
3671 2856 3746 2926 τῷ

2151 2949 2392 3021 Χριστῷ.
2411 2948 2539 3011 Πῶς
2559 2949 2617 3003 δὲ
2632 2948 2971 3019 ἀποθνήσκει
2995 2948 3119 3003 καθ’
3137 2949 3384 3018 ἑκάστην
3402 2949 3648 3022 ἡμέρανς
3667 2948 3744 3018 Τῇ

2152 3039 2432 3111 προθυμίᾳ
2448 3036 2635 3109 καὶτῷ
2654 3035 3096 3109 παρεσκευάσθαι
3115 3037 3250 3107 πρὸς
3264 3037 3455 3091 τοῦτο.
3476 3035 3590 3090 Καὶ
3607 3034 3746 3097 τίνος

2152 3135 2338 3188 ἕνεκεν
2366 3131 2541 3187 ταῦτα
2573 3132 2753 3202 λέγει;
2788 3130 2959 3186 Πάλιν
2979 3129 3073 3185 τὸν
3107 3129 3236 3201 περὶ
3261 3130 3371 3200 τῆς
3396 3127 3744 3189 ἀναστάσεως

2153 3230 2250 3283 καὶ
2279 3227 2369 3282 διά
2401 3225 2609 3281 τούτων
2657 3220 3089 3287 κατασκευάζων
3140 3221 3324 3290 λόγον.
3376 3222 3481 3305 ΙῙξίς
3524 3219 3634 3290 7&9
3679 3215 3746 3271 ἀν

2154 3321 2350 3385 ἕλοιτο,
2375 3319 2531 3390 φησὶ,
2561 3317 2851 3380 τοσούτους
2880 3314 3175 3386 ὑπομένειν
3199 3311 3497 3375 θανάτους,
3518 3307 3744 3363 ἀναστά-

2157 3432 2295 3477 σεως
2345 3413 2447 3467 οὐκ
2477 3411 2646 3482 οὔσης
2691 3408 2814 3464 οὐδὲ
2870 3406 3018 3479 ζωῆς
3053 3406 3194 3478 μετά
3220 3405 3438 3474 ταῦτα;
3468 3406 3534 3459 Εἰ
3564 3403 3671 3472 γὰρ
3694 3400 3741 3452 ot

2155 3506 2508 3570 πιστεύοντες
2534 3508 2602 3576 τῇ
2625 3501 2949 3562 ἀναστάσει.
2987 3500 3142 3571 μόλις
3169 3498 3235 3554 ἂν
3255 3499 3406 3570 ὑπὲρ
3433 3497 3606 3567 αὐτῆς
3635 3510 3741 3549 κιν-

2155 3598 2491 3662 δυνεύσαιεν,
2521 3598 2571 3650 εί
2608 3594 2691 3667 μὴ
2720 3594 2927 3665 σφόδρα
2963 3588 3076 3647 εἷεν
3099 3592 3366 3661 γενναῖοι·
3394 3587 3578 3659 πολλῷ
3613 3584 3739 3654 μᾶλ-

2156 3690 2247 3744 λον
2290 3691 2320 3744 6
2364 3689 2440 3762 μὴ
2470 3686 2765 3750 πιστεύων,
2801 3685 2988 3756 φησὶν,
3018 3684 3119 3739 οὐκ
3150 3683 3219 3739 ἂν
3246 3681 3429 3736 ἕλοιτο
3458 3676 3737 3737 τοσούτους

2157 3779 2452 3851 ὑπομένειν
2494 3776 2780 3842 θανάτους,
2833 3774 2929 3828 καὶ
2977 3773 3122 3827 οῦτω
3162 3771 3465 3843 χαλεπούς.
3496 3766 3606 3823 Καὶ
3636 3764 3737 3835 γάρ

2157 3871 2300 3928 κατά
2326 3870 2519 3942 μικρὸν
2549 3870 2652 3940 δρα
2683 3867 2857 3937 πόσην
2879 3868 3114 3919 ποιεῖται
3136 3864 3236 3934 τὴν
3264 3862 3524 3934 αὔξησιν.
3560 3854 3735 3921 Εἶπεν,

2158 3966 2243 4019 ὅτι
2268 3962 2735 4032 Κινδυνεύομεν,
2781 3957 3144 4029 προσέθηκεν,
3177 3956 3261 4010 ὅτι
3300 3952 3527 4009 Πᾶσαν
3562 3947 3733 4016 ὥραν,

2160 4051 2302 4122 εἶτα,
2328 4056 2412 4110 ὅτι
2435 4053 2577 4110 Καθ’
2632 4051 2885 4122 ἡμέραν,
2938 4044 3079 4114 εἶτα,
3134 4049 3218 4102 ὅτι
3263 4048 3358 4115 οὐ,
3412 4035 3730 4101 Κινδυνεύων

2163 4148 2346 4221 μόνον,
2388 4145 2577 4217 φησὶν,
2623 4141 2760 4196 ἀλλά
2802 4140 2921 4205 καὶ,
2957 4139 3343 4211 ’Δποθνήσκω.
3391 4134 3638 4190 Δείκνυσι
3671 4124 3731 4221 δή

2158 4217 2346 4292 λοιπὸν
2370 4237 2463 4292 καὶ
2491 4234 2771 4298 ποταποὺς
2799 4232 3086 4296 θανάτους,
3108 4229 3253 4284 οὕτω
3274 4229 3476 4298 λέγων’
3499 4226 3565 4277 El
3592 4217 3729 4275 κατά

2160 4331 2478 4399 ἅνθρωτον
2525 4324 2977 4396 ἐθηριομάχησα
3025 4323 3098 4379 ἐν
3145 4322 3401 4392 Ἐφέσῳ,
3432 4317 3492 4373 τί
3529 4331 3627 4387 μοι
3668 4308 3728 4364 τὸ

2162 4426 2384 4495 ὄφελος
2399 4437 2421 4486 ;

2231 4524 2303 4587 7'.
2346 4516 2413 4570 Τί
2443 4517 2613 4582 ἐστιν,
2655 4514 2728 4568 El
2762 4510 2917 4566 κατὰ
2959 4509 3313 4577 ἇνθρωπον;
3350 4506 3516 4562 ὀσον
3548 4498 3607 4554 τὸ
3654 4494 3726 4587 είς

2163 4585 2488 4681 ἀνθρώπους
2512 4602 2669 4681 ἧκον,
2711 4602 3148 4676 ἐθηριομάχησα.
3178 4599 3245 4653 Τί
3283 4599 3414 4670 γάρ,
3449 4596 3498 4648 εί
3538 4593 3566 4645 ὁ

2164 4676 2443 4772 ἐξήρπασέ
2476 4676 2548 4769 με
2573 4696 2684 4749 τῶν
2710 4694 3007 4759 κινδύνων;
3047 4692 3211 4745 Ὥστε
3246 4692 3276 4744 ό
3325 4687 3558 4760 μάλιστα
3596 4676 3724 4772 ύπὲρ

2164 4770 2368 4844 τούτων
2413 4787 2644 4859 ὀφείλων
2694 4785 2990 4858 μεριμνᾷν,
3040 4780 3152 4852 ἐγώ
3208 4783 3324 4853 είμι
3375 4781 3404 4833 6
3457 4770 3720 4859 τοσούτυξις

2166 4854 2782 4949 κινδύνουςνὺπομένων,
2981 4873 3256 4947 μηδεμίαν
3307 4868 3529 4942 μηδέπω
3557 4854 3720 4915 λαϐὼν

2166 4972 2425 5044 ἀμοιϐήν.
2457 4971 2523 5024 El
2557 4969 2667 5041 7&9
2702 4968 2781 5040 μὴ
2819 4966 3182 5038 παραγίνεται
3213 4966 3244 5019 6
3283 4963 3385 5032 τῆς
3421 4952 3718 5044 ἀντιδόσεαξς

2168 5036 2379 5136 καιρὸς,
2404 5062 2542 5118 ἀλλά
2763 5036 2860 5115 τοῦ
2890 5036 3163 5131 παρόντος
3187 5056 3258 5111 τὰ
3276 5053 3518 5125 ἡμέτερα
3542 5036 3718 5136 συγκί-

2168 5127 2435 5220 κλείσται,
2461 5127 2623 5226 ἡμείς
2735 5150 2945 5224 μείζονι
2975 5127 3153 5223 ζημίᾳ
3179 5146 3365 5220 ἐσμ-ἐν’
3413 5137 3594 5226 Ὑμεῖῖ
3628 5127 3715 5200 μὲν

2168 5248 2278 5318 7&9
2306 5224 2604 5310 ἀκινδύνως
2653 5243 3034 5307 ἐπιστεύσατε,
3067 5242 3229 5313 ἡμεῖς
3267 5239 3325 5294 δὲ
3364 5232 3484 5290 καθ’
3502 5224 3715 5287 ἑκάστην

2171 5338 2521 5410 σφαττόμεθα
2550 5336 2651 5410 τὴν
2692 5335 2929 5408 ἡμέραν.
2971 5333 3160 5389 Ταῦτα
3188 5331 3246 5386 δὲ
3277 5330 3488 5386 ἅπαντα
3526 5318 3707 5410 ιλετενο

2169 5433 2269 5488 οὐκ
2301 5409 2488 5502 ἐπειδὴ
2512 5409 2614 5483 οὐκ
2638 5425 2783 5499 εῖχεν
2805 5427 2998 5496 ὄφελος
3024 5425 3119 5479 καὶ
3139 5425 3198 5479 ἐν
3220 5420 3368 5491 αὐτῷ
3392 5413 3464 5485 τῷ
3487 5409 3709 5505 πάσχεξντ

2170 5522 2305 5576 ἀλλά
2328 5520 2417 5576 διὰ
2441 5498 2541 5591 τήν
2570 5498 2920 5575 τῶνπολλῶν
2949 5517 3255 5582 ἀσθένειαν,
3280 5511 3369 5570 καὶ
3389 5507 3520 5561 ὥστε
3536 5498 3709 5591 αύτούς

2172 5616 2252 5679 είς
2287 5613 2380 5667 τὸν
2408 5590 2535 5683 περὶ
2569 5611 2669 5683 τῆς
2718 5610 3071 5676 ἀναστάσεως
3102 5607 3255 5683 [582]
3287 5598 3523 5673 στηρίξαι
3547 5590 3703 5688 {67?

2176 5707 2275 5762 οὐκ
2294 5681 2493 5779 ἐπειδη
2508 5681 2668 5769 αύτδς
2690 5704 2781 5758 ἐπὶ
2804 5703 2982 5777 μισθῷ
3015 5681 3250 5777 ἔτρεχεν·
3274 5693 3501 5772 ἀρκοῦσα
3529 5681 3624 5753 γὰρ
3645 5681 3705 5742 ἠν
