  <div class='ocr_page' id='page_1' title='image "/cluster/home/n/w/nwhite01/storage/ocr_20150623/61:no.10/coo.31924054869619/356.png"; bbox 0 0 3998 6440; ppageno 0'>
   <div class='ocr_carea' id='block_1_1' title="bbox 251 332 356 390">
    <p class='ocr_par' dir='ltr' id='par_1_1' title="bbox 251 332 356 390">
     <span class='ocr_line' id='line_1_1' title="bbox 251 332 356 390; baseline -0.038 1"><span class='ocrx_word' id='word_1_1' title='bbox 251 332 356 390; x_wconf 68' lang='grc'>549</span> 
     </span>
    </p>
   </div>
   <div class='ocr_carea' id='block_1_2' title="bbox 254 433 1837 520">
    <p class='ocr_par' dir='ltr' id='par_1_2' title="bbox 254 433 1837 520">
     <span class='ocr_line' id='line_1_2' title="bbox 254 433 1837 520; baseline -0.01 -17"><span class='ocrx_word' id='word_1_2' title='bbox 254 445 520 520; x_wconf 86' lang='lat' dir='ltr'><strong>principes</strong></span> <span class='ocrx_word' id='word_1_3' title='bbox 547 449 724 498; x_wconf 87' lang='lat' dir='ltr'><strong>autem</strong></span> <span class='ocrx_word' id='word_1_4' title='bbox 754 448 810 496; x_wconf 87' lang='lat' dir='ltr'><strong>et</strong></span> <span class='ocrx_word' id='word_1_5' title='bbox 837 450 1013 508; x_wconf 85' lang='lat' dir='ltr'><strong>reges,</strong></span> <span class='ocrx_word' id='word_1_6' title='bbox 1039 433 1251 491; x_wconf 90' lang='lat' dir='ltr'><strong>etiamsi</strong></span> <span class='ocrx_word' id='word_1_7' title='bbox 1277 433 1549 489; x_wconf 74' lang='lat' dir='ltr'><strong>dimittant</strong></span> <span class='ocrx_word' id='word_1_8' title='bbox 1575 442 1630 488; x_wconf 91' lang='lat' dir='ltr'><strong>et</strong></span> <span class='ocrx_word' id='word_1_9' title='bbox 1653 433 1837 488; x_wconf 88' lang='lat' dir='ltr'><strong>absol-</strong></span> 
     </span>
    </p>
   </div>
   <div class='ocr_carea' id='block_1_3' title="bbox 253 524 1840 596">
    <p class='ocr_par' dir='ltr' id='par_1_3' title="bbox 253 524 1840 596">
     <span class='ocr_line' id='line_1_3' title="bbox 253 524 1840 596; baseline -0.009 -3"><span class='ocrx_word' id='word_1_10' title='bbox 253 549 376 593; x_wconf 81' lang='lat' dir='ltr'><strong>vant</strong></span> <span class='ocrx_word' id='word_1_11' title='bbox 397 536 672 592; x_wconf 87' lang='lat' dir='ltr'><strong>adulteros</strong></span> <span class='ocrx_word' id='word_1_12' title='bbox 695 541 751 588; x_wconf 89' lang='lat' dir='ltr'><strong>et</strong></span> <span class='ocrx_word' id='word_1_13' title='bbox 775 528 1073 585; x_wconf 82' lang='lat' dir='ltr'><strong>homicidas</strong></span> <span class='ocrx_word' id='word_1_14' title='bbox 1093 567 1109 593; x_wconf 89' lang='lat'><strong>,</strong></span> <span class='ocrx_word' id='word_1_15' title='bbox 1136 541 1165 580; x_wconf 88' lang='lat' dir='ltr'><strong>a</strong></span> <span class='ocrx_word' id='word_1_16' title='bbox 1191 525 1440 596; x_wconf 71' lang='lat' dir='ltr'><strong>prtesenti</strong></span> <span class='ocrx_word' id='word_1_17' title='bbox 1464 524 1678 594; x_wconf 82' lang='lat' dir='ltr'><strong>quidem</strong></span> <span class='ocrx_word' id='word_1_18' title='bbox 1706 525 1840 579; x_wconf 86' lang='lat' dir='ltr'><strong>libe-</strong></span> 
     </span>
    </p>
   </div>
   <div class='ocr_carea' id='block_1_4' title="bbox 250 617 1839 698">
    <p class='ocr_par' dir='ltr' id='par_1_4' title="bbox 250 617 1839 698">
     <span class='ocr_line' id='line_1_4' title="bbox 250 617 1839 698; baseline -0.011 -12"><span class='ocrx_word' id='word_1_19' title='bbox 250 639 371 686; x_wconf 83' lang='lat' dir='ltr'><strong>rant</strong></span> <span class='ocrx_word' id='word_1_20' title='bbox 395 627 680 698; x_wconf 88' lang='lat' dir='ltr'><strong>supplicio,</strong></span> <span class='ocrx_word' id='word_1_21' title='bbox 703 639 890 680; x_wconf 90' lang='lat' dir='ltr'><strong>eorum</strong></span> <span class='ocrx_word' id='word_1_22' title='bbox 912 629 1090 676; x_wconf 89' lang='lat' dir='ltr'><strong>autem</strong></span> <span class='ocrx_word' id='word_1_23' title='bbox 1118 626 1393 690; x_wconf 87' lang='lat' dir='ltr'><strong>peccatum</strong></span> <span class='ocrx_word' id='word_1_24' title='bbox 1417 632 1522 672; x_wconf 93' lang='lat' dir='ltr'><strong>non</strong></span> <span class='ocrx_word' id='word_1_25' title='bbox 1545 617 1839 672; x_wconf 75' lang='lat' dir='ltr'><strong>emundant</strong></span> 
     </span>
    </p>
   </div>
   <div class='ocr_carea' id='block_1_5' title="bbox 247 706 1836 789">
    <p class='ocr_par' dir='ltr' id='par_1_5' title="bbox 247 706 1836 789">
     <span class='ocr_line' id='line_1_5' title="bbox 247 706 1836 789; baseline -0.011 -13"><span class='ocrx_word' id='word_1_26' title='bbox 247 733 304 777; x_wconf 91' lang='lat' dir='ltr'><strong>et</strong></span> <span class='ocrx_word' id='word_1_27' title='bbox 348 721 598 789; x_wconf 82' lang='lat' dir='ltr'><strong>expiant;</strong></span> <span class='ocrx_word' id='word_1_28' title='bbox 647 724 703 771; x_wconf 86' lang='lat' dir='ltr'><strong>et</strong></span> <span class='ocrx_word' id='word_1_29' title='bbox 744 716 790 770; x_wconf 92' lang='lat' dir='ltr'><strong>si</strong></span> <span class='ocrx_word' id='word_1_30' title='bbox 834 714 1085 768; x_wconf 82' lang='lat' dir='ltr'><strong>dimissos</strong></span> <span class='ocrx_word' id='word_1_31' title='bbox 1127 710 1341 781; x_wconf 86' lang='lat' dir='ltr'><strong>quidem</strong></span> <span class='ocrx_word' id='word_1_32' title='bbox 1386 709 1728 778; x_wconf 81' lang='lat' dir='ltr'><strong>provexerint</strong></span> <span class='ocrx_word' id='word_1_33' title='bbox 1769 706 1836 760; x_wconf 90' lang='lat' dir='ltr'><strong>ad</strong></span> 
     </span>
    </p>
   </div>
   <div class='ocr_carea' id='block_1_6' title="bbox 249 801 1839 884">
    <p class='ocr_par' dir='ltr' id='par_1_6' title="bbox 249 801 1839 884">
     <span class='ocr_line' id='line_1_6' title="bbox 249 801 1839 884; baseline -0.011 -15"><span class='ocrx_word' id='word_1_34' title='bbox 249 815 622 884; x_wconf 84' lang='lat' dir='ltr'><strong>magistratus,</strong></span> <span class='ocrx_word' id='word_1_35' title='bbox 655 819 709 864; x_wconf 91' lang='lat' dir='ltr'><strong>et</strong></span> <span class='ocrx_word' id='word_1_36' title='bbox 733 807 817 862; x_wconf 93' lang='lat' dir='ltr'><strong>vel</strong></span> <span class='ocrx_word' id='word_1_37' title='bbox 846 807 958 876; x_wconf 88' lang='lat' dir='ltr'><strong>ipsa</strong></span> <span class='ocrx_word' id='word_1_38' title='bbox 991 803 1262 858; x_wconf 75' lang='lat' dir='ltr'><strong>induerint</strong></span> <span class='ocrx_word' id='word_1_39' title='bbox 1291 815 1521 871; x_wconf 81' lang='lat' dir='ltr'><strong>purpura</strong></span> <span class='ocrx_word' id='word_1_40' title='bbox 1546 840 1561 864; x_wconf 94' lang='lat'><strong>,</strong></span> <span class='ocrx_word' id='word_1_41' title='bbox 1590 809 1643 854; x_wconf 94' lang='lat' dir='ltr'><strong>et</strong></span> <span class='ocrx_word' id='word_1_42' title='bbox 1670 801 1839 868; x_wconf 86' lang='lat' dir='ltr'><strong>impo-</strong></span> 
     </span>
    </p>
   </div>
   <div class='ocr_carea' id='block_1_7' title="bbox 244 891 1837 966">
    <p class='ocr_par' dir='ltr' id='par_1_7' title="bbox 244 891 1837 966">
     <span class='ocr_line' id='line_1_7' title="bbox 244 891 1837 966; baseline -0.011 -5"><span class='ocrx_word' id='word_1_43' title='bbox 244 905 458 962; x_wconf 75' lang='lat' dir='ltr'><strong>suerint</strong></span> <span class='ocrx_word' id='word_1_44' title='bbox 492 903 572 958; x_wconf 92' lang='lat' dir='ltr'><strong>eis</strong></span> <span class='ocrx_word' id='word_1_45' title='bbox 607 900 887 961; x_wconf 79' lang='lat' dir='ltr'><strong>diadema;</strong></span> <span class='ocrx_word' id='word_1_46' title='bbox 932 910 1087 966; x_wconf 86' lang='lat' dir='ltr'><strong>reges</strong></span> <span class='ocrx_word' id='word_1_47' title='bbox 1125 894 1340 964; x_wconf 89' lang='lat' dir='ltr'><strong>quidem</strong></span> <span class='ocrx_word' id='word_1_48' title='bbox 1380 893 1458 948; x_wconf 89' lang='lat' dir='ltr'><strong>sic</strong></span> <span class='ocrx_word' id='word_1_49' title='bbox 1497 891 1775 955; x_wconf 90' lang='lat' dir='ltr'><strong>fecerunt,</strong></span> <span class='ocrx_word' id='word_1_50' title='bbox 1805 906 1837 944; x_wconf 88' lang='lat' dir='ltr'><strong>a</strong></span> 
     </span>
    </p>
   </div>
   <div class='ocr_carea' id='block_1_8' title="bbox 247 982 1838 1068">
    <p class='ocr_par' dir='ltr' id='par_1_8' title="bbox 247 982 1838 1068">
     <span class='ocr_line' id='line_1_8' title="bbox 247 982 1838 1068; baseline -0.011 -16"><span class='ocrx_word' id='word_1_51' title='bbox 247 995 486 1068; x_wconf 80' lang='lat' dir='ltr'><strong>peccatis</strong></span> <span class='ocrx_word' id='word_1_52' title='bbox 512 1002 688 1049; x_wconf 89' lang='lat' dir='ltr'><strong>autem</strong></span> <span class='ocrx_word' id='word_1_53' title='bbox 717 1005 822 1046; x_wconf 90' lang='lat' dir='ltr'><strong>non</strong></span> <span class='ocrx_word' id='word_1_54' title='bbox 853 989 1147 1044; x_wconf 84' lang='lat' dir='ltr'><strong>liberarunt</strong></span> <span class='ocrx_word' id='word_1_55' title='bbox 1177 1007 1190 1042; x_wconf 91' lang='lat'><strong>:</strong></span> <span class='ocrx_word' id='word_1_56' title='bbox 1221 985 1368 1040; x_wconf 87' lang='lat' dir='ltr'><strong>solus</strong></span> <span class='ocrx_word' id='word_1_57' title='bbox 1394 985 1537 1040; x_wconf 91' lang='lat' dir='ltr'><strong>enim</strong></span> <span class='ocrx_word' id='word_1_58' title='bbox 1569 985 1705 1037; x_wconf 87' lang='lat' dir='ltr'><strong>Deus</strong></span> <span class='ocrx_word' id='word_1_59' title='bbox 1736 982 1838 1036; x_wconf 85' lang='lat' dir='ltr'><strong>hoc</strong></span> 
     </span>
    </p>
   </div>
   <div class='ocr_carea' id='block_1_9' title="bbox 246 1074 1839 1153">
    <p class='ocr_par' dir='ltr' id='par_1_9' title="bbox 246 1074 1839 1153">
     <span class='ocr_line' id='line_1_9' title="bbox 246 1074 1839 1153; baseline -0.01 -10"><span class='ocrx_word' id='word_1_60' title='bbox 246 1089 395 1143; x_wconf 87' lang='lat' dir='ltr'><strong>facit.</strong></span> <span class='ocrx_word' id='word_1_61' title='bbox 428 1084 577 1152; x_wconf 86' lang='lat' dir='ltr'><strong>Quod</strong></span> <span class='ocrx_word' id='word_1_62' title='bbox 613 1082 828 1153; x_wconf 88' lang='lat' dir='ltr'><strong>quidem</strong></span> <span class='ocrx_word' id='word_1_63' title='bbox 863 1087 1116 1148; x_wconf 90' lang='lat' dir='ltr'><strong>operatur</strong></span> <span class='ocrx_word' id='word_1_64' title='bbox 1149 1077 1202 1132; x_wconf 91' lang='lat' dir='ltr'><strong>in</strong></span> <span class='ocrx_word' id='word_1_65' title='bbox 1244 1076 1454 1130; x_wconf 82' lang='lat' dir='ltr'><strong>lavacro</strong></span> <span class='ocrx_word' id='word_1_66' title='bbox 1478 1074 1839 1143; x_wconf 82' lang='lat' dir='ltr'><strong>regeneratio-</strong></span> 
     </span>
    </p>
   </div>
   <div class='ocr_carea' id='block_1_10' title="bbox 246 1167 1838 1248">
    <p class='ocr_par' dir='ltr' id='par_1_10' title="bbox 246 1167 1838 1248">
     <span class='ocr_line' id='line_1_10' title="bbox 246 1167 1838 1248; baseline -0.009 -13"><span class='ocrx_word' id='word_1_67' title='bbox 246 1181 334 1236; x_wconf 83' lang='lat' dir='ltr'><strong>nis</strong></span> <span class='ocrx_word' id='word_1_68' title='bbox 359 1197 374 1233; x_wconf 87' lang='lat'><strong>:</strong></span> <span class='ocrx_word' id='word_1_69' title='bbox 400 1179 571 1248; x_wconf 85' lang='lat' dir='ltr'><strong>ipsam</strong></span> <span class='ocrx_word' id='word_1_70' title='bbox 600 1177 742 1230; x_wconf 88' lang='lat' dir='ltr'><strong>enim</strong></span> <span class='ocrx_word' id='word_1_71' title='bbox 771 1173 1005 1228; x_wconf 90' lang='lat' dir='ltr'><strong>animam</strong></span> <span class='ocrx_word' id='word_1_72' title='bbox 1036 1169 1200 1239; x_wconf 83' lang='lat' dir='ltr'><strong>tangit</strong></span> <span class='ocrx_word' id='word_1_73' title='bbox 1229 1169 1396 1238; x_wconf 87' lang='lat' dir='ltr'><strong>gratia</strong></span> <span class='ocrx_word' id='word_1_74' title='bbox 1415 1208 1433 1234; x_wconf 94' lang='lat'><strong>,</strong></span> <span class='ocrx_word' id='word_1_75' title='bbox 1462 1178 1516 1222; x_wconf 90' lang='lat' dir='ltr'><strong>et</strong></span> <span class='ocrx_word' id='word_1_76' title='bbox 1540 1167 1684 1221; x_wconf 87' lang='lat' dir='ltr'><strong>illinc</strong></span> <span class='ocrx_word' id='word_1_77' title='bbox 1709 1179 1838 1236; x_wconf 89' lang='lat' dir='ltr'><strong>pee-</strong></span> 
     </span>
    </p>
   </div>
   <div class='ocr_carea' id='block_1_11' title="bbox 244 1260 1836 1333">
    <p class='ocr_par' dir='ltr' id='par_1_11' title="bbox 244 1260 1836 1333">
     <span class='ocr_line' id='line_1_11' title="bbox 244 1260 1836 1333; baseline -0.009 -5"><span class='ocrx_word' id='word_1_78' title='bbox 244 1287 429 1328; x_wconf 88' lang='lat' dir='ltr'><strong>catum</strong></span> <span class='ocrx_word' id='word_1_79' title='bbox 459 1270 646 1327; x_wconf 83' lang='lat' dir='ltr'><strong>evellit</strong></span> <span class='ocrx_word' id='word_1_80' title='bbox 681 1268 956 1323; x_wconf 85' lang='lat' dir='ltr'><strong>radicitus.</strong></span> <span class='ocrx_word' id='word_1_81' title='bbox 999 1265 1286 1333; x_wconf 82' lang='lat' dir='ltr'><strong>Propterea</strong></span> <span class='ocrx_word' id='word_1_82' title='bbox 1317 1262 1434 1331; x_wconf 84' lang='lat' dir='ltr'><strong>ejus</strong></span> <span class='ocrx_word' id='word_1_83' title='bbox 1463 1260 1676 1330; x_wconf 89' lang='lat' dir='ltr'><strong>quidem</strong></span> <span class='ocrx_word' id='word_1_84' title='bbox 1701 1303 1716 1328; x_wconf 94' lang='lat'><strong>,</strong></span> <span class='ocrx_word' id='word_1_85' title='bbox 1746 1260 1836 1330; x_wconf 91' lang='lat' dir='ltr'><strong>qui</strong></span> 
     </span>
    </p>
   </div>
   <div class='ocr_carea' id='block_1_12' title="bbox 242 1353 1833 1431">
    <p class='ocr_par' dir='ltr' id='par_1_12' title="bbox 242 1353 1833 1431">
     <span class='ocr_line' id='line_1_12' title="bbox 242 1353 1833 1431; baseline -0.009 -10"><span class='ocrx_word' id='word_1_86' title='bbox 242 1377 329 1421; x_wconf 88' lang='lat' dir='ltr'><strong>est</strong></span> <span class='ocrx_word' id='word_1_87' title='bbox 359 1366 614 1420; x_wconf 85' lang='lat' dir='ltr'><strong>dimissus</strong></span> <span class='ocrx_word' id='word_1_88' title='bbox 640 1376 670 1415; x_wconf 88' lang='lat' dir='ltr'><strong>a</strong></span> <span class='ocrx_word' id='word_1_89' title='bbox 702 1375 830 1431; x_wconf 85' lang='lat' dir='ltr'><strong>rege</strong></span> <span class='ocrx_word' id='word_1_90' title='bbox 853 1401 868 1426; x_wconf 93' lang='lat'><strong>,</strong></span> <span class='ocrx_word' id='word_1_91' title='bbox 897 1357 1168 1413; x_wconf 86' lang='lat' dir='ltr'><strong>sordidam</strong></span> <span class='ocrx_word' id='word_1_92' title='bbox 1198 1354 1380 1410; x_wconf 90' lang='lat' dir='ltr'><strong>videre</strong></span> <span class='ocrx_word' id='word_1_93' title='bbox 1411 1354 1534 1409; x_wconf 88' lang='lat' dir='ltr'><strong>licet</strong></span> <span class='ocrx_word' id='word_1_94' title='bbox 1562 1353 1793 1407; x_wconf 88' lang='lat' dir='ltr'><strong>animam</strong></span> <span class='ocrx_word' id='word_1_95' title='bbox 1819 1368 1833 1406; x_wconf 91' lang='lat'>:</span> 
     </span>
    </p>
   </div>
   <div class='ocr_carea' id='block_1_13' title="bbox 243 1446 1836 1530">
    <p class='ocr_par' dir='ltr' id='par_1_13' title="bbox 243 1446 1836 1530">
     <span class='ocr_line' id='line_1_13' title="bbox 243 1446 1836 1530; baseline -0.01 -16"><span class='ocrx_word' id='word_1_96' title='bbox 243 1460 366 1530; x_wconf 87' lang='lat' dir='ltr'><strong>ejus</strong></span> <span class='ocrx_word' id='word_1_97' title='bbox 405 1465 583 1512; x_wconf 89' lang='lat' dir='ltr'><strong>autem</strong></span> <span class='ocrx_word' id='word_1_98' title='bbox 621 1454 711 1524; x_wconf 91' lang='lat' dir='ltr'><strong>qui</strong></span> <span class='ocrx_word' id='word_1_99' title='bbox 755 1463 836 1507; x_wconf 90' lang='lat' dir='ltr'><strong>est</strong></span> <span class='ocrx_word' id='word_1_100' title='bbox 876 1451 1172 1520; x_wconf 84' lang='lat' dir='ltr'><strong>baptizatus</strong></span> <span class='ocrx_word' id='word_1_101' title='bbox 1196 1489 1211 1512; x_wconf 92' lang='lat'><strong>,</strong></span> <span class='ocrx_word' id='word_1_102' title='bbox 1241 1447 1498 1513; x_wconf 91' lang='lat' dir='ltr'><strong>minime,</strong></span> <span class='ocrx_word' id='word_1_103' title='bbox 1529 1446 1622 1501; x_wconf 92' lang='lat' dir='ltr'><strong>sed</strong></span> <span class='ocrx_word' id='word_1_104' title='bbox 1663 1446 1836 1514; x_wconf 89' lang='lat' dir='ltr'><strong>ipsum</strong></span> 
     </span>
    </p>
   </div>
   <div class='ocr_carea' id='block_1_14' title="bbox 241 1538 1834 1614">
    <p class='ocr_par' dir='ltr' id='par_1_14' title="bbox 241 1538 1834 1614">
     <span class='ocr_line' id='line_1_14' title="bbox 241 1538 1834 1614; baseline -0.009 -9"><span class='ocrx_word' id='word_1_105' title='bbox 241 1551 378 1606; x_wconf 85' lang='lat' dir='ltr'><strong>solis</strong></span> <span class='ocrx_word' id='word_1_106' title='bbox 403 1547 568 1604; x_wconf 90' lang='lat' dir='ltr'><strong>radiis</strong></span> <span class='ocrx_word' id='word_1_107' title='bbox 594 1547 883 1614; x_wconf 82' lang='lat' dir='ltr'><strong>puriorem,</strong></span> <span class='ocrx_word' id='word_1_108' title='bbox 907 1551 962 1598; x_wconf 89' lang='lat' dir='ltr'><strong>et</strong></span> <span class='ocrx_word' id='word_1_109' title='bbox 983 1543 1151 1612; x_wconf 89' lang='lat' dir='ltr'><strong>qualis</strong></span> <span class='ocrx_word' id='word_1_110' title='bbox 1174 1541 1272 1595; x_wconf 91' lang='lat' dir='ltr'><strong>fuit</strong></span> <span class='ocrx_word' id='word_1_111' title='bbox 1292 1549 1544 1610; x_wconf 87' lang='lat' dir='ltr'><strong>generata</strong></span> <span class='ocrx_word' id='word_1_112' title='bbox 1565 1540 1634 1594; x_wconf 91' lang='lat' dir='ltr'><strong>ab</strong></span> <span class='ocrx_word' id='word_1_113' title='bbox 1654 1538 1834 1604; x_wconf 91' lang='lat' dir='ltr'><strong>initio;</strong></span> 
     </span>
    </p>
   </div>
   <div class='ocr_carea' id='block_1_15' title="bbox 241 1628 1835 1706">
    <p class='ocr_par' dir='ltr' id='par_1_15' title="bbox 241 1628 1835 1706">
     <span class='ocr_line' id='line_1_15' title="bbox 241 1628 1835 1706; baseline -0.009 -10"><span class='ocrx_word' id='word_1_114' title='bbox 241 1643 357 1696; x_wconf 91' lang='lat' dir='ltr'><strong>imo</strong></span> <span class='ocrx_word' id='word_1_115' title='bbox 387 1654 524 1695; x_wconf 82' lang='lat' dir='ltr'><strong>vero</strong></span> <span class='ocrx_word' id='word_1_116' title='bbox 551 1637 640 1692; x_wconf 88' lang='lat' dir='ltr'><strong>illa</strong></span> <span class='ocrx_word' id='word_1_117' title='bbox 679 1649 889 1706; x_wconf 90' lang='lat' dir='ltr'><strong>quoque</strong></span> <span class='ocrx_word' id='word_1_118' title='bbox 929 1634 1086 1703; x_wconf 90' lang='lat' dir='ltr'><strong>longe</strong></span> <span class='ocrx_word' id='word_1_119' title='bbox 1126 1631 1401 1686; x_wconf 89' lang='lat' dir='ltr'><strong>meliorem</strong></span> <span class='ocrx_word' id='word_1_120' title='bbox 1431 1647 1446 1682; x_wconf 87' lang='lat'><strong>:</strong></span> <span class='ocrx_word' id='word_1_121' title='bbox 1475 1628 1668 1684; x_wconf 83' lang='lat' dir='ltr'><strong>fruitur</strong></span> <span class='ocrx_word' id='word_1_122' title='bbox 1694 1629 1835 1683; x_wconf 90' lang='lat' dir='ltr'><strong>enim</strong></span> 
     </span>
    </p>
   </div>
   <div class='ocr_carea' id='block_1_16' title="bbox 242 1721 1839 1803">
    <p class='ocr_par' dir='ltr' id='par_1_16' title="bbox 242 1721 1839 1803">
     <span class='ocr_line' id='line_1_16' title="bbox 242 1721 1839 1803; baseline -0.008 -14"><span class='ocrx_word' id='word_1_123' title='bbox 242 1734 452 1803; x_wconf 88' lang='lat' dir='ltr'><strong>Spiritu</strong></span> <span class='ocrx_word' id='word_1_124' title='bbox 490 1730 579 1800; x_wconf 90' lang='lat' dir='ltr'><strong>qui</strong></span> <span class='ocrx_word' id='word_1_125' title='bbox 621 1744 738 1784; x_wconf 87' lang='lat' dir='ltr'><strong>eam</strong></span> <span class='ocrx_word' id='word_1_126' title='bbox 765 1726 911 1781; x_wconf 92' lang='lat' dir='ltr'><strong>omni</strong></span> <span class='ocrx_word' id='word_1_127' title='bbox 943 1741 1010 1780; x_wconf 84' lang='lat' dir='ltr'><strong>ex</strong></span> <span class='ocrx_word' id='word_1_128' title='bbox 1049 1732 1200 1795; x_wconf 89' lang='lat' dir='ltr'><strong>parte</strong></span> <span class='ocrx_word' id='word_1_129' title='bbox 1240 1721 1569 1786; x_wconf 89' lang='lat' dir='ltr'><strong>inflammat,</strong></span> <span class='ocrx_word' id='word_1_130' title='bbox 1598 1729 1652 1775; x_wconf 90' lang='lat' dir='ltr'><strong>et</strong></span> <span class='ocrx_word' id='word_1_131' title='bbox 1679 1730 1839 1791; x_wconf 87' lang='lat' dir='ltr'><strong>auget</strong></span> 
     </span>
    </p>
   </div>
   <div class='ocr_carea' id='block_1_17' title="bbox 241 1814 1836 1887">
    <p class='ocr_par' dir='ltr' id='par_1_17' title="bbox 241 1814 1836 1887">
     <span class='ocr_line' id='line_1_17' title="bbox 241 1814 1836 1887; baseline -0.008 -6"><span class='ocrx_word' id='word_1_132' title='bbox 241 1825 610 1882; x_wconf 84' lang='lat' dir='ltr'><strong>sanctitatem.</strong></span> <span class='ocrx_word' id='word_1_133' title='bbox 638 1822 705 1876; x_wconf 84' lang='lat' dir='ltr'><strong>Et</strong></span> <span class='ocrx_word' id='word_1_134' title='bbox 728 1822 867 1876; x_wconf 91' lang='lat' dir='ltr'><strong>sicut</strong></span> <span class='ocrx_word' id='word_1_135' title='bbox 891 1834 1079 1873; x_wconf 89' lang='lat' dir='ltr'><strong>aurum</strong></span> <span class='ocrx_word' id='word_1_136' title='bbox 1106 1825 1199 1871; x_wconf 87' lang='lat' dir='ltr'><strong>aut</strong></span> <span class='ocrx_word' id='word_1_137' title='bbox 1221 1827 1498 1887; x_wconf 83' lang='lat' dir='ltr'><strong>argentum</strong></span> <span class='ocrx_word' id='word_1_138' title='bbox 1523 1814 1836 1880; x_wconf 89' lang='lat' dir='ltr'><strong>refundens,</strong></span> 
     </span>
    </p>
   </div>
   <div class='ocr_carea' id='block_1_18' title="bbox 241 1907 1840 1991">
    <p class='ocr_par' dir='ltr' id='par_1_18' title="bbox 241 1907 1840 1991">
     <span class='ocr_line' id='line_1_18' title="bbox 241 1907 1840 1991; baseline -0.009 -17"><span class='ocrx_word' id='word_1_139' title='bbox 241 1934 443 1991; x_wconf 88' lang='lat' dir='ltr'><strong>purum</strong></span> <span class='ocrx_word' id='word_1_140' title='bbox 471 1926 527 1973; x_wconf 89' lang='lat' dir='ltr'><strong>et</strong></span> <span class='ocrx_word' id='word_1_141' title='bbox 550 1930 745 1970; x_wconf 90' lang='lat' dir='ltr'><strong>novum</strong></span> <span class='ocrx_word' id='word_1_142' title='bbox 775 1912 904 1967; x_wconf 90' lang='lat' dir='ltr'><strong>facis</strong></span> <span class='ocrx_word' id='word_1_143' title='bbox 929 1912 1105 1966; x_wconf 91' lang='lat' dir='ltr'><strong>denuo</strong></span> <span class='ocrx_word' id='word_1_144' title='bbox 1133 1926 1148 1963; x_wconf 90' lang='lat'>:</span> <span class='ocrx_word' id='word_1_145' title='bbox 1178 1909 1248 1963; x_wconf 88' lang='lat' dir='ltr'><strong>ita</strong></span> <span class='ocrx_word' id='word_1_146' title='bbox 1273 1908 1432 1963; x_wconf 89' lang='lat' dir='ltr'><strong>etiam</strong></span> <span class='ocrx_word' id='word_1_147' title='bbox 1459 1907 1689 1977; x_wconf 87' lang='lat' dir='ltr'><strong>Spiritus</strong></span> <span class='ocrx_word' id='word_1_148' title='bbox 1714 1921 1840 1962; x_wconf 89' lang='lat' dir='ltr'><strong>san-</strong></span> 
     </span>
    </p>
   </div>
   <div class='ocr_carea' id='block_1_19' title="bbox 239 1997 1836 2078">
    <p class='ocr_par' dir='ltr' id='par_1_19' title="bbox 239 1997 1836 2078">
     <span class='ocr_line' id='line_1_19' title="bbox 239 1997 1836 2078; baseline -0.011 -10"><span class='ocrx_word' id='word_1_149' title='bbox 239 2022 364 2067; x_wconf 89' lang='lat' dir='ltr'><strong>ctus</strong></span> <span class='ocrx_word' id='word_1_150' title='bbox 388 2013 443 2065; x_wconf 91' lang='lat' dir='ltr'><strong>in</strong></span> <span class='ocrx_word' id='word_1_151' title='bbox 471 2008 735 2078; x_wconf 88' lang='lat' dir='ltr'><strong>baptismo</strong></span> <span class='ocrx_word' id='word_1_152' title='bbox 763 2015 1028 2073; x_wconf 88' lang='lat' dir='ltr'><strong>tamquam</strong></span> <span class='ocrx_word' id='word_1_153' title='bbox 1057 2003 1110 2056; x_wconf 90' lang='lat' dir='ltr'><strong>in</strong></span> <span class='ocrx_word' id='word_1_154' title='bbox 1138 2000 1353 2055; x_wconf 80' lang='lat' dir='ltr'><strong>fornace</strong></span> <span class='ocrx_word' id='word_1_155' title='bbox 1377 2014 1496 2053; x_wconf 88' lang='lat' dir='ltr'><strong>eam</strong></span> <span class='ocrx_word' id='word_1_156' title='bbox 1523 1997 1836 2064; x_wconf 77' lang='lat' dir='ltr'><strong>refundens,</strong></span> 
     </span>
    </p>
   </div>
   <div class='ocr_carea' id='block_1_20' title="bbox 239 2092 1839 2175">
    <p class='ocr_par' dir='ltr' id='par_1_20' title="bbox 239 2092 1839 2175">
     <span class='ocr_line' id='line_1_20' title="bbox 239 2092 1839 2175; baseline -0.011 -14"><span class='ocrx_word' id='word_1_157' title='bbox 239 2119 297 2161; x_wconf 89' lang='lat' dir='ltr'><strong>et</strong></span> <span class='ocrx_word' id='word_1_158' title='bbox 339 2112 560 2175; x_wconf 87' lang='lat' dir='ltr'><strong>peccata</strong></span> <span class='ocrx_word' id='word_1_159' title='bbox 600 2113 924 2156; x_wconf 89' lang='lat' dir='ltr'><strong>consumens</strong></span> <span class='ocrx_word' id='word_1_160' title='bbox 948 2137 963 2163; x_wconf 94' lang='lat'><strong>,</strong></span> <span class='ocrx_word' id='word_1_161' title='bbox 1006 2094 1168 2151; x_wconf 88' lang='lat' dir='ltr'><strong>efficit</strong></span> <span class='ocrx_word' id='word_1_162' title='bbox 1207 2103 1268 2148; x_wconf 88' lang='lat' dir='ltr'><strong>ut</strong></span> <span class='ocrx_word' id='word_1_163' title='bbox 1305 2092 1498 2164; x_wconf 89' lang='lat' dir='ltr'><strong>quovis</strong></span> <span class='ocrx_word' id='word_1_164' title='bbox 1533 2105 1667 2146; x_wconf 89' lang='lat' dir='ltr'><strong>auro</strong></span> <span class='ocrx_word' id='word_1_165' title='bbox 1706 2105 1839 2160; x_wconf 90' lang='lat' dir='ltr'><strong>puro</strong></span> 
     </span>
    </p>
   </div>
   <div class='ocr_carea' id='block_1_21' title="bbox 238 2182 1838 2268">
    <p class='ocr_par' dir='ltr' id='par_1_21' title="bbox 238 2182 1838 2268">
     <span class='ocr_line' id='line_1_21' title="bbox 238 2182 1838 2268; baseline -0.008 -20"><span class='ocrx_word' id='word_1_166' title='bbox 238 2198 436 2268; x_wconf 88' lang='lat' dir='ltr'><strong>purius</strong></span> <span class='ocrx_word' id='word_1_167' title='bbox 487 2193 705 2262; x_wconf 79' lang='lat' dir='ltr'><strong>fulgeat.</strong></span> <span class='ocrx_word' id='word_1_168' title='bbox 761 2190 1001 2258; x_wconf 83' lang='lat' dir='ltr'><strong>Itemque</strong></span> <span class='ocrx_word' id='word_1_169' title='bbox 1046 2200 1336 2256; x_wconf 89' lang='lat' dir='ltr'><strong>corporum</strong></span> <span class='ocrx_word' id='word_1_170' title='bbox 1385 2182 1838 2238; x_wconf 88' lang='lat' dir='ltr'><strong>resurrectionem</strong></span> 
     </span>
    </p>
   </div>
   <div class='ocr_carea' id='block_1_22' title="bbox 242 2273 1838 2356">
    <p class='ocr_par' dir='ltr' id='par_1_22' title="bbox 242 2273 1838 2356">
     <span class='ocr_line' id='line_1_22' title="bbox 242 2273 1838 2356; baseline -0.01 -15"><span class='ocrx_word' id='word_1_171' title='bbox 242 2289 374 2342; x_wconf 84' lang='lat' dir='ltr'><strong>hinc</strong></span> <span class='ocrx_word' id='word_1_172' title='bbox 402 2299 616 2356; x_wconf 90' lang='lat' dir='ltr'><strong>quoque</strong></span> <span class='ocrx_word' id='word_1_173' title='bbox 657 2296 842 2337; x_wconf 87' lang='lat' dir='ltr'><strong>rursus</strong></span> <span class='ocrx_word' id='word_1_174' title='bbox 889 2280 983 2334; x_wconf 87' lang='lat' dir='ltr'><strong>tibi</strong></span> <span class='ocrx_word' id='word_1_175' title='bbox 1029 2278 1154 2333; x_wconf 80' lang='lat' dir='ltr'><strong>facit</strong></span> <span class='ocrx_word' id='word_1_176' title='bbox 1193 2291 1314 2332; x_wconf 90' lang='lat' dir='ltr'><strong>esse</strong></span> <span class='ocrx_word' id='word_1_177' title='bbox 1342 2275 1675 2330; x_wconf 86' lang='lat' dir='ltr'><strong>credibilem.</strong></span> <span class='ocrx_word' id='word_1_178' title='bbox 1704 2273 1838 2327; x_wconf 85' lang='lat' dir='ltr'><strong>Nam</strong></span> 
     </span>
    </p>
   </div>
   <div class='ocr_carea' id='block_1_23' title="bbox 239 2367 1841 2448">
    <p class='ocr_par' dir='ltr' id='par_1_23' title="bbox 239 2367 1841 2448">
     <span class='ocr_line' id='line_1_23' title="bbox 239 2367 1841 2448; baseline -0.007 -16"><span class='ocrx_word' id='word_1_179' title='bbox 239 2380 500 2448; x_wconf 86' lang='lat' dir='ltr'><strong>quoniam</strong></span> <span class='ocrx_word' id='word_1_180' title='bbox 546 2386 819 2445; x_wconf 88' lang='lat' dir='ltr'><strong>peccatum</strong></span> <span class='ocrx_word' id='word_1_181' title='bbox 861 2380 1086 2426; x_wconf 90' lang='lat' dir='ltr'><strong>mortem</strong></span> <span class='ocrx_word' id='word_1_182' title='bbox 1117 2370 1336 2434; x_wconf 90' lang='lat' dir='ltr'><strong>intulit,</strong></span> <span class='ocrx_word' id='word_1_183' title='bbox 1367 2367 1630 2422; x_wconf 79' lang='lat' dir='ltr'><strong>exsiccata</strong></span> <span class='ocrx_word' id='word_1_184' title='bbox 1659 2367 1841 2421; x_wconf 85' lang='lat' dir='ltr'><strong>radice</strong></span> 
     </span>
    </p>
   </div>
   <div class='ocr_carea' id='block_1_24' title="bbox 244 2457 1842 2536">
    <p class='ocr_par' dir='ltr' id='par_1_24' title="bbox 244 2457 1842 2536">
     <span class='ocr_line' id='line_1_24' title="bbox 244 2457 1842 2536; baseline -0.008 -12"><span class='ocrx_word' id='word_1_185' title='bbox 244 2487 356 2525; x_wconf 88' lang='lat' dir='ltr'><strong>non</strong></span> <span class='ocrx_word' id='word_1_186' title='bbox 383 2479 469 2523; x_wconf 89' lang='lat' dir='ltr'><strong>est</strong></span> <span class='ocrx_word' id='word_1_187' title='bbox 493 2467 722 2536; x_wconf 89' lang='lat' dir='ltr'><strong>amplius</strong></span> <span class='ocrx_word' id='word_1_188' title='bbox 743 2462 1092 2518; x_wconf 88' lang='lat' dir='ltr'><strong>dubitandum</strong></span> <span class='ocrx_word' id='word_1_189' title='bbox 1120 2461 1188 2516; x_wconf 91' lang='lat' dir='ltr'><strong>de</strong></span> <span class='ocrx_word' id='word_1_190' title='bbox 1212 2459 1416 2514; x_wconf 90' lang='lat' dir='ltr'><strong>fructus</strong></span> <span class='ocrx_word' id='word_1_191' title='bbox 1441 2457 1679 2513; x_wconf 91' lang='lat' dir='ltr'><strong>interitu.</strong></span> <span class='ocrx_word' id='word_1_192' title='bbox 1707 2457 1842 2512; x_wconf 84' lang='lat' dir='ltr'><strong>Pro-</strong></span> 
     </span>
    </p>
   </div>
   <div class='ocr_carea' id='block_1_25' title="bbox 240 2546 1838 2632">
    <p class='ocr_par' dir='ltr' id='par_1_25' title="bbox 240 2546 1838 2632">
     <span class='ocr_line' id='line_1_25' title="bbox 240 2546 1838 2632; baseline -0.009 -17"><span class='ocrx_word' id='word_1_193' title='bbox 240 2572 430 2632; x_wconf 87' lang='lat' dir='ltr'><strong>pterea</strong></span> <span class='ocrx_word' id='word_1_194' title='bbox 459 2573 581 2612; x_wconf 92' lang='lat' dir='ltr'><strong>cum</strong></span> <span class='ocrx_word' id='word_1_195' title='bbox 611 2556 758 2626; x_wconf 90' lang='lat' dir='ltr'><strong>prius</strong></span> <span class='ocrx_word' id='word_1_196' title='bbox 787 2554 1018 2609; x_wconf 82' lang='lat' dir='ltr'><strong>dixisses</strong></span> <span class='ocrx_word' id='word_1_197' title='bbox 1048 2546 1420 2606; x_wconf 85' lang='lat' dir='ltr'><strong>remissionem</strong></span> <span class='ocrx_word' id='word_1_198' title='bbox 1455 2557 1795 2618; x_wconf 86' lang='lat' dir='ltr'><strong>peccatorum</strong></span> <span class='ocrx_word' id='word_1_199' title='bbox 1821 2589 1838 2614; x_wconf 95' lang='lat'><strong>,</strong></span> 
     </span>
    </p>
   </div>
   <div class='ocr_carea' id='block_1_26' title="bbox 242 2638 1843 2706">
    <p class='ocr_par' dir='ltr' id='par_1_26' title="bbox 242 2638 1843 2706">
     <span class='ocr_line' id='line_1_26' title="bbox 242 2638 1843 2706; baseline -0.01 0"><span class='ocrx_word' id='word_1_200' title='bbox 242 2663 378 2706; x_wconf 91' lang='lat' dir='ltr'><strong>tunc</strong></span> <span class='ocrx_word' id='word_1_201' title='bbox 399 2647 675 2704; x_wconf 87' lang='lat' dir='ltr'><strong>confiteris</strong></span> <span class='ocrx_word' id='word_1_202' title='bbox 695 2645 854 2700; x_wconf 90' lang='lat' dir='ltr'><strong>etiam</strong></span> <span class='ocrx_word' id='word_1_203' title='bbox 878 2654 1211 2698; x_wconf 87' lang='lat' dir='ltr'><strong>mortuorum</strong></span> <span class='ocrx_word' id='word_1_204' title='bbox 1232 2640 1698 2703; x_wconf 87' lang='lat' dir='ltr'><strong>resurrectionem,</strong></span> <span class='ocrx_word' id='word_1_205' title='bbox 1720 2638 1843 2691; x_wconf 88' lang='lat' dir='ltr'><strong>hinc</strong></span> 
     </span>
    </p>
   </div>
   <div class='ocr_carea' id='block_1_27' title="bbox 242 2731 1841 2804">
    <p class='ocr_par' dir='ltr' id='par_1_27' title="bbox 242 2731 1841 2804">
     <span class='ocr_line' id='line_1_27' title="bbox 242 2731 1841 2804; baseline -0.009 -6"><span class='ocrx_word' id='word_1_206' title='bbox 242 2746 314 2798; x_wconf 83' lang='lat' dir='ltr'><strong>ad</strong></span> <span class='ocrx_word' id='word_1_207' title='bbox 344 2741 474 2798; x_wconf 91' lang='lat' dir='ltr'><strong>illud</strong></span> <span class='ocrx_word' id='word_1_208' title='bbox 496 2739 776 2795; x_wconf 89' lang='lat' dir='ltr'><strong>deductus.</strong></span> <span class='ocrx_word' id='word_1_209' title='bbox 803 2735 1002 2791; x_wconf 89' lang='lat' dir='ltr'><strong>Deinde</strong></span> <span class='ocrx_word' id='word_1_210' title='bbox 1022 2734 1273 2804; x_wconf 91' lang='lat' dir='ltr'><strong>quoniam</strong></span> <span class='ocrx_word' id='word_1_211' title='bbox 1299 2748 1406 2786; x_wconf 88' lang='lat' dir='ltr'><strong>non</strong></span> <span class='ocrx_word' id='word_1_212' title='bbox 1428 2731 1624 2785; x_wconf 87' lang='lat' dir='ltr'><strong>sufficit</strong></span> <span class='ocrx_word' id='word_1_213' title='bbox 1644 2744 1841 2784; x_wconf 90' lang='lat' dir='ltr'><strong>nomen</strong></span> 
     </span>
    </p>
   </div>
   <div class='ocr_carea' id='block_1_28' title="bbox 243 2823 1842 2895">
    <p class='ocr_par' dir='ltr' id='par_1_28' title="bbox 243 2823 1842 2895">
     <span class='ocr_line' id='line_1_28' title="bbox 243 2823 1842 2895; baseline -0.011 -2"><span class='ocrx_word' id='word_1_214' title='bbox 243 2831 663 2893; x_wconf 81' lang='lat' dir='ltr'><strong>resurrectionis</strong></span> <span class='ocrx_word' id='word_1_215' title='bbox 682 2830 749 2884; x_wconf 87' lang='lat' dir='ltr'><strong>ad</strong></span> <span class='ocrx_word' id='word_1_216' title='bbox 768 2829 1078 2884; x_wconf 89' lang='lat' dir='ltr'><strong>universum</strong></span> <span class='ocrx_word' id='word_1_217' title='bbox 1095 2825 1484 2881; x_wconf 89' lang='lat' dir='ltr'><strong>ostendendum</strong></span> <span class='ocrx_word' id='word_1_218' title='bbox 1503 2824 1674 2895; x_wconf 89' lang='lat' dir='ltr'><strong>(multi</strong></span> <span class='ocrx_word' id='word_1_219' title='bbox 1695 2823 1842 2878; x_wconf 90' lang='lat' dir='ltr'><strong>enim</strong></span> 
     </span>
    </p>
   </div>
   <div class='ocr_carea' id='block_1_29' title="bbox 242 2916 1843 2997">
    <p class='ocr_par' dir='ltr' id='par_1_29' title="bbox 242 2916 1843 2997">
     <span class='ocr_line' id='line_1_29' title="bbox 242 2916 1843 2997; baseline -0.006 -16"><span class='ocrx_word' id='word_1_220' title='bbox 242 2929 339 2997; x_wconf 89' lang='lat' dir='ltr'><strong>qui</strong></span> <span class='ocrx_word' id='word_1_221' title='bbox 371 2931 776 2980; x_wconf 84' lang='lat' dir='ltr'><strong>resurrexerant</strong></span> <span class='ocrx_word' id='word_1_222' title='bbox 801 2934 989 2976; x_wconf 85' lang='lat' dir='ltr'><strong>rursus</strong></span> <span class='ocrx_word' id='word_1_223' title='bbox 1013 2926 1382 2979; x_wconf 81' lang='lat' dir='ltr'><strong>excesserunt,</strong></span> <span class='ocrx_word' id='word_1_224' title='bbox 1409 2926 1465 2971; x_wconf 92' lang='lat' dir='ltr'><strong>ut</strong></span> <span class='ocrx_word' id='word_1_225' title='bbox 1490 2916 1577 2986; x_wconf 93' lang='lat' dir='ltr'><strong>qui</strong></span> <span class='ocrx_word' id='word_1_226' title='bbox 1607 2931 1843 2971; x_wconf 89' lang='lat' dir='ltr'><strong>resurre-</strong></span> 
     </span>
    </p>
   </div>
   <div class='ocr_carea' id='block_1_30' title="bbox 244 3007 1839 3079">
    <p class='ocr_par' dir='ltr' id='par_1_30' title="bbox 244 3007 1839 3079">
     <span class='ocr_line' id='line_1_30' title="bbox 244 3007 1839 3079; baseline -0.009 -5"><span class='ocrx_word' id='word_1_227' title='bbox 244 3028 448 3074; x_wconf 77' lang='lat' dir='ltr'><strong>xerunt</strong></span> <span class='ocrx_word' id='word_1_228' title='bbox 478 3017 531 3070; x_wconf 90' lang='lat' dir='ltr'><strong>in</strong></span> <span class='ocrx_word' id='word_1_229' title='bbox 557 3015 758 3078; x_wconf 80' lang='lat' dir='ltr'><strong>Veteri,</strong></span> <span class='ocrx_word' id='word_1_230' title='bbox 785 3022 844 3068; x_wconf 92' lang='lat' dir='ltr'><strong>ut</strong></span> <span class='ocrx_word' id='word_1_231' title='bbox 869 3013 1123 3076; x_wconf 80' lang='lat' dir='ltr'><strong>Lazarus,</strong></span> <span class='ocrx_word' id='word_1_232' title='bbox 1153 3018 1212 3064; x_wconf 89' lang='lat' dir='ltr'><strong>ut</strong></span> <span class='ocrx_word' id='word_1_233' title='bbox 1235 3009 1324 3079; x_wconf 88' lang='lat' dir='ltr'><strong>qui</strong></span> <span class='ocrx_word' id='word_1_234' title='bbox 1357 3018 1597 3078; x_wconf 88' lang='lat' dir='ltr'><strong>tempore</strong></span> <span class='ocrx_word' id='word_1_235' title='bbox 1621 3007 1839 3079; x_wconf 89' lang='lat' dir='ltr'><strong>erucis),</strong></span> 
     </span>
    </p>
   </div>
   <div class='ocr_carea' id='block_1_31' title="bbox 244 3101 1845 3181">
    <p class='ocr_par' dir='ltr' id='par_1_31' title="bbox 244 3101 1845 3181">
     <span class='ocr_line' id='line_1_31' title="bbox 244 3101 1845 3181; baseline -0.007 -15"><span class='ocrx_word' id='word_1_236' title='bbox 244 3111 401 3181; x_wconf 83' lang='lat' dir='ltr'><strong>jubet</strong></span> <span class='ocrx_word' id='word_1_237' title='bbox 425 3109 606 3164; x_wconf 88' lang='lat' dir='ltr'><strong>dicere</strong></span> <span class='ocrx_word' id='word_1_238' title='bbox 630 3148 646 3173; x_wconf 94' lang='lat'><strong>,</strong></span> <span class='ocrx_word' id='word_1_239' title='bbox 675 3107 741 3161; x_wconf 88' lang='lat' dir='ltr'><strong>Et</strong></span> <span class='ocrx_word' id='word_1_240' title='bbox 768 3106 822 3159; x_wconf 89' lang='lat' dir='ltr'><strong>in</strong></span> <span class='ocrx_word' id='word_1_241' title='bbox 849 3105 1012 3158; x_wconf 88' lang='lat' dir='ltr'><strong>vitam</strong></span> <span class='ocrx_word' id='word_1_242' title='bbox 1043 3113 1299 3159; x_wconf 81' lang='lat' dir='ltr'><strong>aeternam</strong></span> <span class='ocrx_word' id='word_1_243' title='bbox 1325 3143 1340 3166; x_wconf 95' lang='lat'><strong>,</strong></span> <span class='ocrx_word' id='word_1_244' title='bbox 1373 3116 1440 3155; x_wconf 90' lang='lat' dir='ltr'><strong>ne</strong></span> <span class='ocrx_word' id='word_1_245' title='bbox 1468 3103 1588 3172; x_wconf 88' lang='lat' dir='ltr'><strong>quis</strong></span> <span class='ocrx_word' id='word_1_246' title='bbox 1616 3101 1845 3170; x_wconf 86' lang='lat' dir='ltr'><strong>amplius</strong></span> 
     </span>
    </p>
   </div>
   <div class='ocr_carea' id='block_1_32' title="bbox 247 3195 1846 3272">
    <p class='ocr_par' dir='ltr' id='par_1_32' title="bbox 247 3195 1846 3272">
     <span class='ocr_line' id='line_1_32' title="bbox 247 3195 1846 3272; baseline -0.006 -14"><span class='ocrx_word' id='word_1_247' title='bbox 247 3205 556 3272; x_wconf 87' lang='lat' dir='ltr'><strong>suspicetur</strong></span> <span class='ocrx_word' id='word_1_248' title='bbox 598 3204 824 3255; x_wconf 89' lang='lat' dir='ltr'><strong>mortem</strong></span> <span class='ocrx_word' id='word_1_249' title='bbox 872 3207 994 3268; x_wconf 89' lang='lat' dir='ltr'><strong>post</strong></span> <span class='ocrx_word' id='word_1_250' title='bbox 1039 3195 1508 3251; x_wconf 83' lang='lat' dir='ltr'><strong>resurrectionem.</strong></span> <span class='ocrx_word' id='word_1_251' title='bbox 1551 3195 1678 3249; x_wconf 65' lang='lat' dir='ltr'><strong>llaec</strong></span> <span class='ocrx_word' id='word_1_252' title='bbox 1716 3210 1846 3264; x_wconf 89' lang='lat' dir='ltr'><strong>ergo</strong></span> 
     </span>
    </p>
   </div>
   <div class='ocr_carea' id='block_1_33' title="bbox 247 3289 1846 3358">
    <p class='ocr_par' dir='ltr' id='par_1_33' title="bbox 247 3289 1846 3358">
     <span class='ocr_line' id='line_1_33' title="bbox 247 3289 1846 3358; baseline -0.005 -8"><span class='ocrx_word' id='word_1_253' title='bbox 247 3296 417 3350; x_wconf 89' lang='lat' dir='ltr'><strong>verba</strong></span> <span class='ocrx_word' id='word_1_254' title='bbox 448 3295 502 3348; x_wconf 92' lang='lat' dir='ltr'><strong>in</strong></span> <span class='ocrx_word' id='word_1_255' title='bbox 531 3293 844 3348; x_wconf 89' lang='lat' dir='ltr'><strong>memoriam</strong></span> <span class='ocrx_word' id='word_1_256' title='bbox 875 3304 1135 3345; x_wconf 88' lang='lat' dir='ltr'><strong>revocans</strong></span> <span class='ocrx_word' id='word_1_257' title='bbox 1166 3289 1361 3343; x_wconf 86' lang='lat' dir='ltr'><strong>Paulus</strong></span> <span class='ocrx_word' id='word_1_258' title='bbox 1389 3289 1520 3343; x_wconf 93' lang='lat' dir='ltr'><strong>dicit</strong></span> <span class='ocrx_word' id='word_1_259' title='bbox 1552 3306 1565 3341; x_wconf 93' lang='lat'>:</span> <span class='ocrx_word' id='word_1_260' title='bbox 1597 3289 1734 3356; x_wconf 82' lang='lat' dir='ltr'><strong>Quid</strong></span> <span class='ocrx_word' id='word_1_261' title='bbox 1765 3293 1846 3358; x_wconf 76' lang='lat' dir='ltr'><strong>[a-</strong></span> 
     </span>
    </p>
   </div>
   <div class='ocr_carea' id='block_1_34' title="bbox 251 3379 1844 3456">
    <p class='ocr_par' dir='ltr' id='par_1_34' title="bbox 251 3379 1844 3456">
     <span class='ocr_line' id='line_1_34' title="bbox 251 3379 1844 3456; baseline -0.004 -15"><span class='ocrx_word' id='word_1_262' title='bbox 251 3391 388 3442; x_wconf 80' lang='lat' dir='ltr'><strong>ciem</strong></span> <span class='ocrx_word' id='word_1_263' title='bbox 422 3387 509 3456; x_wconf 85' lang='lat' dir='ltr'><strong>qui</strong></span> <span class='ocrx_word' id='word_1_264' title='bbox 546 3385 868 3453; x_wconf 78' lang='lat' dir='ltr'><strong>baptizantur</strong></span> <span class='ocrx_word' id='word_1_265' title='bbox 902 3398 994 3450; x_wconf 86' lang='lat' dir='ltr'><strong>pro</strong></span> <span class='ocrx_word' id='word_1_266' title='bbox 1034 3381 1280 3435; x_wconf 77' lang='lat' dir='ltr'><strong>mortuis?</strong></span> <span class='ocrx_word' id='word_1_267' title='bbox 1317 3380 1451 3434; x_wconf 79' lang='lat' dir='ltr'><strong>Nam</strong></span> <span class='ocrx_word' id='word_1_268' title='bbox 1489 3379 1535 3435; x_wconf 90' lang='lat' dir='ltr'><strong>si</strong></span> <span class='ocrx_word' id='word_1_269' title='bbox 1574 3396 1680 3434; x_wconf 89' lang='lat' dir='ltr'><strong>non</strong></span> <span class='ocrx_word' id='word_1_270' title='bbox 1720 3389 1803 3436; x_wconf 88' lang='lat' dir='ltr'><strong>est</strong></span> <span class='ocrx_word' id='word_1_271' title='bbox 1827 3421 1844 3448; x_wconf 91' lang='lat'><strong>,</strong></span> 
     </span>
    </p>
   </div>
   <div class='ocr_carea' id='block_1_35' title="bbox 249 3471 1846 3549">
    <p class='ocr_par' dir='ltr' id='par_1_35' title="bbox 249 3471 1846 3549">
     <span class='ocr_line' id='line_1_35' title="bbox 249 3471 1846 3549; baseline -0.003 -16"><span class='ocrx_word' id='word_1_272' title='bbox 249 3479 464 3549; x_wconf 87' lang='lat' dir='ltr'><strong>inquit,</strong></span> <span class='ocrx_word' id='word_1_273' title='bbox 494 3474 836 3538; x_wconf 84' lang='lat' dir='ltr'><strong>resurrectio,</strong></span> <span class='ocrx_word' id='word_1_274' title='bbox 868 3473 982 3527; x_wconf 68' lang='lat' dir='ltr'><strong>hate</strong></span> <span class='ocrx_word' id='word_1_275' title='bbox 1008 3473 1170 3528; x_wconf 88' lang='lat' dir='ltr'><strong>verba</strong></span> <span class='ocrx_word' id='word_1_276' title='bbox 1201 3473 1358 3541; x_wconf 88' lang='lat' dir='ltr'><strong>plane</strong></span> <span class='ocrx_word' id='word_1_277' title='bbox 1387 3481 1512 3526; x_wconf 92' lang='lat' dir='ltr'><strong>sunt</strong></span> <span class='ocrx_word' id='word_1_278' title='bbox 1539 3471 1698 3528; x_wconf 90' lang='lat' dir='ltr'><strong>ludus</strong></span> <span class='ocrx_word' id='word_1_279' title='bbox 1723 3487 1846 3528; x_wconf 88' lang='lat' dir='ltr'><strong>sce-</strong></span> 
     </span>
    </p>
   </div>
   <div class='ocr_carea' id='block_1_36' title="bbox 253 3564 1847 3643">
    <p class='ocr_par' dir='ltr' id='par_1_36' title="bbox 253 3564 1847 3643">
     <span class='ocr_line' id='line_1_36' title="bbox 253 3564 1847 3643; baseline -0.006 -15"><span class='ocrx_word' id='word_1_280' title='bbox 253 3577 426 3628; x_wconf 80' lang='lat' dir='ltr'><strong>nicus.</strong></span> <span class='ocrx_word' id='word_1_281' title='bbox 458 3571 513 3628; x_wconf 90' lang='lat' dir='ltr'><strong>Si</strong></span> <span class='ocrx_word' id='word_1_282' title='bbox 543 3586 648 3624; x_wconf 92' lang='lat' dir='ltr'><strong>non</strong></span> <span class='ocrx_word' id='word_1_283' title='bbox 672 3577 756 3624; x_wconf 89' lang='lat' dir='ltr'><strong>est</strong></span> <span class='ocrx_word' id='word_1_284' title='bbox 779 3566 1134 3643; x_wconf 88' lang='lat' dir='ltr'><strong>resurrectio,</strong></span> <span class='ocrx_word' id='word_1_285' title='bbox 1159 3565 1430 3635; x_wconf 91' lang='lat' dir='ltr'><strong>quomodo</strong></span> <span class='ocrx_word' id='word_1_286' title='bbox 1455 3565 1533 3619; x_wconf 89' lang='lat' dir='ltr'><strong>eis</strong></span> <span class='ocrx_word' id='word_1_287' title='bbox 1560 3564 1847 3620; x_wconf 85' lang='lat' dir='ltr'><strong>suademus</strong></span> 
     </span>
    </p>
   </div>
   <div class='ocr_carea' id='block_1_37' title="bbox 253 3656 1848 3731">
    <p class='ocr_par' dir='ltr' id='par_1_37' title="bbox 253 3656 1848 3731">
     <span class='ocr_line' id='line_1_37' title="bbox 253 3656 1848 3731; baseline -0.006 -12"><span class='ocrx_word' id='word_1_288' title='bbox 253 3675 317 3719; x_wconf 90' lang='lat' dir='ltr'><strong>ut</strong></span> <span class='ocrx_word' id='word_1_289' title='bbox 344 3662 570 3718; x_wconf 87' lang='lat' dir='ltr'><strong>credant</strong></span> <span class='ocrx_word' id='word_1_290' title='bbox 596 3673 715 3731; x_wconf 69' lang='lat' dir='ltr'><strong>quae</strong></span> <span class='ocrx_word' id='word_1_291' title='bbox 746 3673 852 3714; x_wconf 89' lang='lat' dir='ltr'><strong>non</strong></span> <span class='ocrx_word' id='word_1_292' title='bbox 882 3656 1109 3712; x_wconf 86' lang='lat' dir='ltr'><strong>damus?</strong></span> <span class='ocrx_word' id='word_1_293' title='bbox 1137 3665 1197 3710; x_wconf 91' lang='lat' dir='ltr'><strong>ut</strong></span> <span class='ocrx_word' id='word_1_294' title='bbox 1225 3657 1269 3710; x_wconf 91' lang='lat' dir='ltr'><strong>si</strong></span> <span class='ocrx_word' id='word_1_295' title='bbox 1305 3656 1428 3726; x_wconf 88' lang='lat' dir='ltr'><strong>quis</strong></span> <span class='ocrx_word' id='word_1_296' title='bbox 1459 3656 1655 3725; x_wconf 89' lang='lat' dir='ltr'><strong>jubens</strong></span> <span class='ocrx_word' id='word_1_297' title='bbox 1684 3656 1848 3712; x_wconf 91' lang='lat' dir='ltr'><strong>edere</strong></span> 
     </span>
    </p>
   </div>
   <div class='ocr_carea' id='block_1_38' title="bbox 259 3747 1850 3822">
    <p class='ocr_par' dir='ltr' id='par_1_38' title="bbox 259 3747 1850 3822">
     <span class='ocr_line' id='line_1_38' title="bbox 259 3747 1850 3822; baseline -0.006 -10"><span class='ocrx_word' id='word_1_298' title='bbox 259 3754 571 3812; x_wconf 89' lang='lat' dir='ltr'><strong>scbcdulam</strong></span> <span class='ocrx_word' id='word_1_299' title='bbox 627 3750 770 3822; x_wconf 92' lang='lat' dir='ltr'><strong>quod</strong></span> <span class='ocrx_word' id='word_1_300' title='bbox 823 3749 927 3806; x_wconf 89' lang='lat' dir='ltr'><strong>boe</strong></span> <span class='ocrx_word' id='word_1_301' title='bbox 979 3758 1035 3804; x_wconf 92' lang='lat' dir='ltr'><strong>et</strong></span> <span class='ocrx_word' id='word_1_302' title='bbox 1087 3747 1219 3804; x_wconf 91' lang='lat' dir='ltr'><strong>illud</strong></span> <span class='ocrx_word' id='word_1_303' title='bbox 1273 3747 1578 3816; x_wconf 89' lang='lat' dir='ltr'><strong>acceperit,</strong></span> <span class='ocrx_word' id='word_1_304' title='bbox 1630 3748 1850 3802; x_wconf 89' lang='lat' dir='ltr'><strong>minime</strong></span> 
     </span>
    </p>
   </div>
   <div class='ocr_carea' id='block_1_39' title="bbox 255 3840 1848 3917">
    <p class='ocr_par' dir='ltr' id='par_1_39' title="bbox 255 3840 1848 3917">
     <span class='ocr_line' id='line_1_39' title="bbox 255 3840 1848 3917; baseline -0.007 -13"><span class='ocrx_word' id='word_1_305' title='bbox 255 3847 470 3904; x_wconf 82' lang='lat' dir='ltr'><strong>dederit</strong></span> <span class='ocrx_word' id='word_1_306' title='bbox 509 3862 630 3917; x_wconf 72' lang='lat' dir='ltr'><strong>qua:</strong></span> <span class='ocrx_word' id='word_1_307' title='bbox 675 3845 732 3899; x_wconf 90' lang='lat' dir='ltr'><strong>in</strong></span> <span class='ocrx_word' id='word_1_308' title='bbox 777 3859 840 3898; x_wconf 85' lang='lat' dir='ltr'><strong>ea</strong></span> <span class='ocrx_word' id='word_1_309' title='bbox 884 3843 1081 3912; x_wconf 89' lang='lat' dir='ltr'><strong>scripta</strong></span> <span class='ocrx_word' id='word_1_310' title='bbox 1121 3850 1284 3907; x_wconf 89' lang='lat' dir='ltr'><strong>sunt;</strong></span> <span class='ocrx_word' id='word_1_311' title='bbox 1330 3840 1523 3895; x_wconf 90' lang='lat' dir='ltr'><strong>deinde</strong></span> <span class='ocrx_word' id='word_1_312' title='bbox 1570 3849 1848 3910; x_wconf 87' lang='lat' dir='ltr'><strong>postquam</strong></span> 
     </span>
    </p>
   </div>
   <div class='ocr_carea' id='block_1_40' title="bbox 256 3931 1853 4008">
    <p class='ocr_par' dir='ltr' id='par_1_40' title="bbox 256 3931 1853 4008">
     <span class='ocr_line' id='line_1_40' title="bbox 256 3931 1853 4008; baseline -0.006 -13"><span class='ocrx_word' id='word_1_313' title='bbox 256 3940 563 4008; x_wconf 80' lang='lat' dir='ltr'><strong>subscripta</strong></span> <span class='ocrx_word' id='word_1_314' title='bbox 607 3937 767 3992; x_wconf 89' lang='lat' dir='ltr'><strong>fuerit</strong></span> <span class='ocrx_word' id='word_1_315' title='bbox 807 3934 1102 3999; x_wconf 87' lang='lat' dir='ltr'><strong>schedula,</strong></span> <span class='ocrx_word' id='word_1_316' title='bbox 1145 3933 1330 4002; x_wconf 83' lang='lat' dir='ltr'><strong>exigat</strong></span> <span class='ocrx_word' id='word_1_317' title='bbox 1371 3947 1491 4002; x_wconf 86' lang='lat' dir='ltr'><strong>quae</strong></span> <span class='ocrx_word' id='word_1_318' title='bbox 1533 3931 1584 3984; x_wconf 93' lang='lat' dir='ltr'><strong>iu</strong></span> <span class='ocrx_word' id='word_1_319' title='bbox 1623 3945 1685 3984; x_wconf 90' lang='lat' dir='ltr'><strong>ea</strong></span> <span class='ocrx_word' id='word_1_320' title='bbox 1726 3939 1853 3985; x_wconf 87' lang='lat' dir='ltr'><strong>sunt</strong></span> 
     </span>
    </p>
   </div>
   <div class='ocr_carea' id='block_1_41' title="bbox 257 4022 1848 4101">
    <p class='ocr_par' dir='ltr' id='par_1_41' title="bbox 257 4022 1848 4101">
     <span class='ocr_line' id='line_1_41' title="bbox 257 4022 1848 4101; baseline -0.008 -13"><span class='ocrx_word' id='word_1_321' title='bbox 257 4032 481 4101; x_wconf 87' lang='lat' dir='ltr'><strong>scripta.</strong></span> <span class='ocrx_word' id='word_1_322' title='bbox 507 4028 644 4096; x_wconf 86' lang='lat' dir='ltr'><strong>Quid</strong></span> <span class='ocrx_word' id='word_1_323' title='bbox 667 4029 810 4082; x_wconf 87' lang='lat' dir='ltr'><strong>enim</strong></span> <span class='ocrx_word' id='word_1_324' title='bbox 830 4027 899 4082; x_wconf 89' lang='lat' dir='ltr'><strong>de</strong></span> <span class='ocrx_word' id='word_1_325' title='bbox 919 4033 1116 4080; x_wconf 72' lang='lat' dir='ltr'><strong>caetero</strong></span> <span class='ocrx_word' id='word_1_326' title='bbox 1143 4024 1302 4080; x_wconf 80' lang='lat' dir='ltr'><strong>faciet</strong></span> <span class='ocrx_word' id='word_1_327' title='bbox 1325 4023 1370 4077; x_wconf 92' lang='lat' dir='ltr'><strong>is</strong></span> <span class='ocrx_word' id='word_1_328' title='bbox 1389 4023 1480 4093; x_wconf 89' lang='lat' dir='ltr'><strong>qui</strong></span> <span class='ocrx_word' id='word_1_329' title='bbox 1502 4022 1848 4091; x_wconf 88' lang='lat' dir='ltr'><strong>subscripsit,</strong></span> 
     </span>
    </p>
   </div>
   <div class='ocr_carea' id='block_1_42' title="bbox 257 4115 1854 4192">
    <p class='ocr_par' dir='ltr' id='par_1_42' title="bbox 257 4115 1854 4192">
     <span class='ocr_line' id='line_1_42' title="bbox 257 4115 1854 4192; baseline -0.006 -12"><span class='ocrx_word' id='word_1_330' title='bbox 257 4141 384 4180; x_wconf 91' lang='lat' dir='ltr'><strong>cum</strong></span> <span class='ocrx_word' id='word_1_331' title='bbox 411 4138 473 4178; x_wconf 90' lang='lat' dir='ltr'><strong>se</strong></span> <span class='ocrx_word' id='word_1_332' title='bbox 497 4121 713 4192; x_wconf 87' lang='lat' dir='ltr'><strong>quidem</strong></span> <span class='ocrx_word' id='word_1_333' title='bbox 739 4119 1038 4174; x_wconf 88' lang='lat' dir='ltr'><strong>debitorem</strong></span> <span class='ocrx_word' id='word_1_334' title='bbox 1065 4117 1426 4181; x_wconf 87' lang='lat' dir='ltr'><strong>constituerit,</strong></span> <span class='ocrx_word' id='word_1_335' title='bbox 1453 4132 1561 4170; x_wconf 86' lang='lat' dir='ltr'><strong>non</strong></span> <span class='ocrx_word' id='word_1_336' title='bbox 1587 4115 1854 4185; x_wconf 88' lang='lat' dir='ltr'><strong>acceperit</strong></span> 
     </span>
    </p>
   </div>
   <div class='ocr_carea' id='block_1_43' title="bbox 259 4206 1850 4283">
    <p class='ocr_par' dir='ltr' id='par_1_43' title="bbox 259 4206 1850 4283">
     <span class='ocr_line' id='line_1_43' title="bbox 259 4206 1850 4283; baseline -0.007 -13"><span class='ocrx_word' id='word_1_337' title='bbox 259 4226 439 4271; x_wconf 88' lang='lat' dir='ltr'><strong>autem</strong></span> <span class='ocrx_word' id='word_1_338' title='bbox 469 4229 532 4268; x_wconf 88' lang='lat' dir='ltr'><strong>ea</strong></span> <span class='ocrx_word' id='word_1_339' title='bbox 558 4229 677 4283; x_wconf 80' lang='lat' dir='ltr'><strong>qua:</strong></span> <span class='ocrx_word' id='word_1_340' title='bbox 706 4209 986 4266; x_wconf 87' lang='lat' dir='ltr'><strong>confessus</strong></span> <span class='ocrx_word' id='word_1_341' title='bbox 1014 4217 1098 4264; x_wconf 90' lang='lat' dir='ltr'><strong>est</strong></span> <span class='ocrx_word' id='word_1_342' title='bbox 1125 4224 1187 4262; x_wconf 85' lang='lat' dir='ltr'><strong>se</strong></span> <span class='ocrx_word' id='word_1_343' title='bbox 1211 4207 1524 4278; x_wconf 88' lang='lat' dir='ltr'><strong>accepisse?</strong></span> <span class='ocrx_word' id='word_1_344' title='bbox 1568 4207 1681 4261; x_wconf 86' lang='lat' dir='ltr'><strong>lloc</strong></span> <span class='ocrx_word' id='word_1_345' title='bbox 1709 4206 1850 4261; x_wconf 91' lang='lat' dir='ltr'><strong>enim</strong></span> 
     </span>
    </p>
   </div>
   <div class='ocr_carea' id='block_1_44' title="bbox 263 4299 1850 4377">
    <p class='ocr_par' dir='ltr' id='par_1_44' title="bbox 263 4299 1850 4377">
     <span class='ocr_line' id='line_1_44' title="bbox 263 4299 1850 4377; baseline -0.006 -16"><span class='ocrx_word' id='word_1_346' title='bbox 263 4309 350 4364; x_wconf 89' lang='lat' dir='ltr'><strong>bic</strong></span> <span class='ocrx_word' id='word_1_347' title='bbox 375 4321 588 4377; x_wconf 87' lang='lat' dir='ltr'><strong>quoque</strong></span> <span class='ocrx_word' id='word_1_348' title='bbox 613 4303 744 4359; x_wconf 90' lang='lat' dir='ltr'><strong>dicit</strong></span> <span class='ocrx_word' id='word_1_349' title='bbox 763 4303 832 4357; x_wconf 91' lang='lat' dir='ltr'><strong>de</strong></span> <span class='ocrx_word' id='word_1_350' title='bbox 855 4303 921 4356; x_wconf 88' lang='lat' dir='ltr'><strong>iis</strong></span> <span class='ocrx_word' id='word_1_351' title='bbox 944 4302 1032 4372; x_wconf 89' lang='lat' dir='ltr'><strong>qui</strong></span> <span class='ocrx_word' id='word_1_352' title='bbox 1057 4302 1396 4371; x_wconf 83' lang='lat' dir='ltr'><strong>baptizantur</strong></span> <span class='ocrx_word' id='word_1_353' title='bbox 1419 4316 1434 4354; x_wconf 90' lang='lat'><strong>:</strong></span> <span class='ocrx_word' id='word_1_354' title='bbox 1457 4299 1593 4367; x_wconf 84' lang='lat' dir='ltr'><strong>Quid</strong></span> <span class='ocrx_word' id='word_1_355' title='bbox 1622 4299 1850 4365; x_wconf 85' lang='lat' dir='ltr'><strong>facient,</strong></span> 
     </span>
    </p>
   </div>
   <div class='ocr_carea' id='block_1_45' title="bbox 263 4391 1852 4471">
    <p class='ocr_par' dir='ltr' id='par_1_45' title="bbox 263 4391 1852 4471">
     <span class='ocr_line' id='line_1_45' title="bbox 263 4391 1852 4471; baseline -0.006 -16"><span class='ocrx_word' id='word_1_356' title='bbox 263 4401 476 4471; x_wconf 87' lang='lat' dir='ltr'><strong>inquies</strong></span> <span class='ocrx_word' id='word_1_357' title='bbox 495 4439 510 4465; x_wconf 93' lang='lat'><strong>,</strong></span> <span class='ocrx_word' id='word_1_358' title='bbox 538 4398 628 4468; x_wconf 90' lang='lat' dir='ltr'><strong>qui</strong></span> <span class='ocrx_word' id='word_1_359' title='bbox 659 4397 1030 4466; x_wconf 85' lang='lat' dir='ltr'><strong>baptizautur,</strong></span> <span class='ocrx_word' id='word_1_360' title='bbox 1058 4394 1148 4464; x_wconf 91' lang='lat' dir='ltr'><strong>qui</strong></span> <span class='ocrx_word' id='word_1_361' title='bbox 1178 4393 1610 4461; x_wconf 88' lang='lat' dir='ltr'><strong>subscripserunt</strong></span> <span class='ocrx_word' id='word_1_362' title='bbox 1638 4391 1852 4460; x_wconf 86' lang='lat' dir='ltr'><strong>quidem</strong></span> 
     </span>
    </p>
   </div>
   <div class='ocr_carea' id='block_1_46' title="bbox 264 4485 1858 4555">
    <p class='ocr_par' dir='ltr' id='par_1_46' title="bbox 264 4485 1858 4555">
     <span class='ocr_line' id='line_1_46' title="bbox 264 4485 1858 4555; baseline -0.005 -7"><span class='ocrx_word' id='word_1_363' title='bbox 264 4493 715 4548; x_wconf 85' lang='lat' dir='ltr'><strong>resurrectionem</strong></span> <span class='ocrx_word' id='word_1_364' title='bbox 747 4499 1077 4543; x_wconf 88' lang='lat' dir='ltr'><strong>mortuorum</strong></span> <span class='ocrx_word' id='word_1_365' title='bbox 1104 4500 1390 4554; x_wconf 87' lang='lat' dir='ltr'><strong>corporum</strong></span> <span class='ocrx_word' id='word_1_366' title='bbox 1412 4525 1428 4550; x_wconf 93' lang='lat'><strong>,</strong></span> <span class='ocrx_word' id='word_1_367' title='bbox 1456 4499 1563 4540; x_wconf 86' lang='lat' dir='ltr'><strong>non</strong></span> <span class='ocrx_word' id='word_1_368' title='bbox 1594 4485 1858 4555; x_wconf 90' lang='lat' dir='ltr'><strong>recipiunt</strong></span> 
     </span>
    </p>
   </div>
   <div class='ocr_carea' id='block_1_47' title="bbox 265 4576 1856 4653">
    <p class='ocr_par' dir='ltr' id='par_1_47' title="bbox 265 4576 1856 4653">
     <span class='ocr_line' id='line_1_47' title="bbox 265 4576 1856 4653; baseline -0.006 -11"><span class='ocrx_word' id='word_1_369' title='bbox 265 4597 446 4642; x_wconf 88' lang='lat' dir='ltr'><strong>autem</strong></span> <span class='ocrx_word' id='word_1_370' title='bbox 467 4626 483 4651; x_wconf 96' lang='lat'><strong>,</strong></span> <span class='ocrx_word' id='word_1_371' title='bbox 515 4583 610 4640; x_wconf 88' lang='lat' dir='ltr'><strong>sed</strong></span> <span class='ocrx_word' id='word_1_372' title='bbox 639 4581 1014 4653; x_wconf 83' lang='lat' dir='ltr'><strong>decipiuntur?</strong></span> <span class='ocrx_word' id='word_1_373' title='bbox 1045 4578 1172 4649; x_wconf 90' lang='lat' dir='ltr'><strong>quid</strong></span> <span class='ocrx_word' id='word_1_374' title='bbox 1200 4578 1420 4632; x_wconf 91' lang='lat' dir='ltr'><strong>omnino</strong></span> <span class='ocrx_word' id='word_1_375' title='bbox 1448 4587 1564 4632; x_wconf 91' lang='lat' dir='ltr'><strong>erat</strong></span> <span class='ocrx_word' id='word_1_376' title='bbox 1592 4593 1728 4647; x_wconf 89' lang='lat' dir='ltr'><strong>optts</strong></span> <span class='ocrx_word' id='word_1_377' title='bbox 1756 4576 1856 4632; x_wconf 90' lang='lat' dir='ltr'><strong>hac</strong></span> 
     </span>
    </p>
   </div>
   <div class='ocr_carea' id='block_1_48' title="bbox 266 4669 1859 4743">
    <p class='ocr_par' dir='ltr' id='par_1_48' title="bbox 266 4669 1859 4743">
     <span class='ocr_line' id='line_1_48' title="bbox 266 4669 1859 4743; baseline -0.008 -7"><span class='ocrx_word' id='word_1_378' title='bbox 266 4679 606 4736; x_wconf 87' lang='lat' dir='ltr'><strong>confessione</strong></span> <span class='ocrx_word' id='word_1_379' title='bbox 626 4717 642 4743; x_wconf 91' lang='lat'><strong>,</strong></span> <span class='ocrx_word' id='word_1_380' title='bbox 673 4676 719 4731; x_wconf 91' lang='lat' dir='ltr'><strong>si</strong></span> <span class='ocrx_word' id='word_1_381' title='bbox 761 4691 852 4730; x_wconf 87' lang='lat' dir='ltr'><strong>res</strong></span> <span class='ocrx_word' id='word_1_382' title='bbox 878 4689 985 4728; x_wconf 89' lang='lat' dir='ltr'><strong>non</strong></span> <span class='ocrx_word' id='word_1_383' title='bbox 1015 4670 1376 4742; x_wconf 88' lang='lat' dir='ltr'><strong>sequebatur?</strong></span> <span class='ocrx_word' id='word_1_384' title='bbox 1405 4669 1495 4725; x_wconf 77' lang='lat'><strong>50.</strong></span> <span class='ocrx_word' id='word_1_385' title='bbox 1532 4670 1664 4736; x_wconf 84' lang='lat' dir='ltr'><strong>Quid</strong></span> <span class='ocrx_word' id='word_1_386' title='bbox 1693 4678 1740 4723; x_wconf 85' lang='lat' dir='ltr'><strong>et</strong></span> <span class='ocrx_word' id='word_1_387' title='bbox 1764 4685 1859 4723; x_wconf 80' lang='lat' dir='ltr'><strong>nos</strong></span> 
     </span>
    </p>
   </div>
   <div class='ocr_carea' id='block_1_49' title="bbox 269 4762 1859 4842">
    <p class='ocr_par' dir='ltr' id='par_1_49' title="bbox 269 4762 1859 4842">
     <span class='ocr_line' id='line_1_49' title="bbox 269 4762 1859 4842; baseline -0.008 -17"><span class='ocrx_word' id='word_1_388' title='bbox 269 4771 617 4842; x_wconf 80' lang='lat' dir='ltr'><strong>periclitamur</strong></span> <span class='ocrx_word' id='word_1_389' title='bbox 645 4768 782 4823; x_wconf 77' lang='lat' dir='ltr'><strong>omni</strong></span> <span class='ocrx_word' id='word_1_390' title='bbox 822 4766 989 4821; x_wconf 83' lang='lat' dir='ltr'><strong>hora?</strong></span> <span class='ocrx_word' id='word_1_391' title='bbox 1030 4765 1122 4820; x_wconf 73' lang='lat' dir='ltr'><strong>3t.</strong></span> <span class='ocrx_word' id='word_1_392' title='bbox 1155 4762 1392 4828; x_wconf 78' lang='lat' dir='ltr'><strong>Quotidie</strong></span> <span class='ocrx_word' id='word_1_393' title='bbox 1429 4762 1620 4814; x_wconf 83' lang='lat' dir='ltr'><strong>morior</strong></span> <span class='ocrx_word' id='word_1_394' title='bbox 1655 4770 1859 4830; x_wconf 84' lang='lat' dir='ltr'><strong>propter</strong></span> 
     </span>
    </p>
   </div>
   <div class='ocr_carea' id='block_1_50' title="bbox 269 4851 1860 4931">
    <p class='ocr_par' dir='ltr' id='par_1_50' title="bbox 269 4851 1860 4931">
     <span class='ocr_line' id='line_1_50' title="bbox 269 4851 1860 4931; baseline -0.008 -14"><span class='ocrx_word' id='word_1_395' title='bbox 269 4878 486 4918; x_wconf 77' lang='lat' dir='ltr'><strong>vestram</strong></span> <span class='ocrx_word' id='word_1_396' title='bbox 527 4861 780 4931; x_wconf 80' lang='lat' dir='ltr'><strong>gloriam,</strong></span> <span class='ocrx_word' id='word_1_397' title='bbox 808 4873 961 4928; x_wconf 81' lang='lat' dir='ltr'><strong>quam</strong></span> <span class='ocrx_word' id='word_1_398' title='bbox 1005 4856 1162 4910; x_wconf 82' lang='lat' dir='ltr'><strong>habeo</strong></span> <span class='ocrx_word' id='word_1_399' title='bbox 1203 4855 1257 4908; x_wconf 85' lang='lat' dir='ltr'><strong>in</strong></span> <span class='ocrx_word' id='word_1_400' title='bbox 1299 4853 1502 4907; x_wconf 75' lang='lat' dir='ltr'><strong>Clu-isto</strong></span> <span class='ocrx_word' id='word_1_401' title='bbox 1537 4851 1684 4907; x_wconf 80' lang='lat' dir='ltr'><strong>Jesu.</strong></span> <span class='ocrx_word' id='word_1_402' title='bbox 1731 4851 1860 4906; x_wconf 83' lang='lat' dir='ltr'><strong>Vide</strong></span> 
     </span>
    </p>
   </div>
   <div class='ocr_carea' id='block_1_51' title="bbox 270 4945 1860 5020">
    <p class='ocr_par' dir='ltr' id='par_1_51' title="bbox 270 4945 1860 5020">
     <span class='ocr_line' id='line_1_51' title="bbox 270 4945 1860 5020; baseline -0.006 -10"><span class='ocrx_word' id='word_1_403' title='bbox 270 4969 461 5010; x_wconf 87' lang='lat' dir='ltr'><strong>rursus</strong></span> <span class='ocrx_word' id='word_1_404' title='bbox 491 4953 758 5008; x_wconf 87' lang='lat' dir='ltr'><strong>undenam</strong></span> <span class='ocrx_word' id='word_1_405' title='bbox 786 4951 981 5019; x_wconf 83' lang='lat' dir='ltr'><strong>dogma</strong></span> <span class='ocrx_word' id='word_1_406' title='bbox 1022 4946 1361 5020; x_wconf 75' lang='lat' dir='ltr'><strong>aggrediatur</strong></span> <span class='ocrx_word' id='word_1_407' title='bbox 1402 4945 1630 5014; x_wconf 85' lang='lat' dir='ltr'><strong>probare</strong></span> <span class='ocrx_word' id='word_1_408' title='bbox 1653 4985 1668 5009; x_wconf 91' lang='lat'><strong>,</strong></span> <span class='ocrx_word' id='word_1_409' title='bbox 1700 4961 1730 4999; x_wconf 91' lang='lat' dir='ltr'><strong>a</strong></span> <span class='ocrx_word' id='word_1_410' title='bbox 1761 4958 1860 5000; x_wconf 90' lang='lat' dir='ltr'><strong>suo</strong></span> 
     </span>
    </p>
   </div>
   <div class='ocr_carea' id='block_1_52' title="bbox 273 5040 1863 5117">
    <p class='ocr_par' dir='ltr' id='par_1_52' title="bbox 273 5040 1863 5117">
     <span class='ocr_line' id='line_1_52' title="bbox 273 5040 1863 5117; baseline -0.005 -15"><span class='ocrx_word' id='word_1_411' title='bbox 273 5047 558 5117; x_wconf 77' lang='lat' dir='ltr'><strong>suffragio;</strong></span> <span class='ocrx_word' id='word_1_412' title='bbox 583 5046 693 5100; x_wconf 90' lang='lat' dir='ltr'><strong>imo</strong></span> <span class='ocrx_word' id='word_1_413' title='bbox 717 5059 844 5099; x_wconf 90' lang='lat' dir='ltr'><strong>vero</strong></span> <span class='ocrx_word' id='word_1_414' title='bbox 867 5057 971 5097; x_wconf 92' lang='lat' dir='ltr'><strong>nou</strong></span> <span class='ocrx_word' id='word_1_415' title='bbox 997 5043 1170 5099; x_wconf 88' lang='lat' dir='ltr'><strong>solum</strong></span> <span class='ocrx_word' id='word_1_416' title='bbox 1195 5055 1313 5108; x_wconf 89' lang='lat' dir='ltr'><strong>suo,</strong></span> <span class='ocrx_word' id='word_1_417' title='bbox 1336 5040 1429 5095; x_wconf 85' lang='lat' dir='ltr'><strong>sed</strong></span> <span class='ocrx_word' id='word_1_418' title='bbox 1450 5041 1611 5095; x_wconf 87' lang='lat' dir='ltr'><strong>etiam</strong></span> <span class='ocrx_word' id='word_1_419' title='bbox 1635 5047 1863 5094; x_wconf 66' lang='lat' dir='ltr'><strong>caetero-</strong></span> 
     </span>
    </p>
   </div>
   <div class='ocr_carea' id='block_1_53' title="bbox 276 5134 1860 5210">
    <p class='ocr_par' dir='ltr' id='par_1_53' title="bbox 276 5134 1860 5210">
     <span class='ocr_line' id='line_1_53' title="bbox 276 5134 1860 5210; baseline -0.008 -14"><span class='ocrx_word' id='word_1_420' title='bbox 276 5157 394 5197; x_wconf 90' lang='lat' dir='ltr'><strong>rum</strong></span> <span class='ocrx_word' id='word_1_421' title='bbox 415 5138 799 5210; x_wconf 87' lang='lat' dir='ltr'><strong>apostolorum.</strong></span> <span class='ocrx_word' id='word_1_422' title='bbox 825 5136 921 5191; x_wconf 80' lang='lat' dir='ltr'><strong>Est</strong></span> <span class='ocrx_word' id='word_1_423' title='bbox 937 5143 1116 5190; x_wconf 89' lang='lat' dir='ltr'><strong>autem</strong></span> <span class='ocrx_word' id='word_1_424' title='bbox 1137 5134 1237 5188; x_wconf 89' lang='lat' dir='ltr'><strong>hoc</strong></span> <span class='ocrx_word' id='word_1_425' title='bbox 1257 5148 1468 5204; x_wconf 90' lang='lat' dir='ltr'><strong>quoque</strong></span> <span class='ocrx_word' id='word_1_426' title='bbox 1489 5146 1592 5186; x_wconf 89' lang='lat' dir='ltr'><strong>non</strong></span> <span class='ocrx_word' id='word_1_427' title='bbox 1617 5147 1860 5201; x_wconf 88' lang='lat' dir='ltr'><strong>parvum,</strong></span> 
     </span>
    </p>
   </div>
   <div class='ocr_carea' id='block_1_54' title="bbox 279 5223 1866 5299">
    <p class='ocr_par' dir='ltr' id='par_1_54' title="bbox 279 5223 1866 5299">
     <span class='ocr_line' id='line_1_54' title="bbox 279 5223 1866 5299; baseline -0.008 -11"><span class='ocrx_word' id='word_1_428' title='bbox 279 5233 545 5289; x_wconf 88' lang='lat' dir='ltr'><strong>adducere</strong></span> <span class='ocrx_word' id='word_1_429' title='bbox 585 5231 833 5286; x_wconf 90' lang='lat' dir='ltr'><strong>doctores</strong></span> <span class='ocrx_word' id='word_1_430' title='bbox 876 5229 967 5299; x_wconf 90' lang='lat' dir='ltr'><strong>qui</strong></span> <span class='ocrx_word' id='word_1_431' title='bbox 1005 5227 1072 5282; x_wconf 90' lang='lat' dir='ltr'><strong>de</strong></span> <span class='ocrx_word' id='word_1_432' title='bbox 1107 5241 1176 5281; x_wconf 89' lang='lat' dir='ltr'><strong>eo</strong></span> <span class='ocrx_word' id='word_1_433' title='bbox 1203 5225 1358 5280; x_wconf 85' lang='lat' dir='ltr'><strong>valde</strong></span> <span class='ocrx_word' id='word_1_434' title='bbox 1387 5235 1590 5280; x_wconf 90' lang='lat' dir='ltr'><strong>certam</strong></span> <span class='ocrx_word' id='word_1_435' title='bbox 1633 5223 1866 5278; x_wconf 84' lang='lat' dir='ltr'><strong>habeant</strong></span> 
     </span>
    </p>
   </div>
   <div class='ocr_carea' id='block_1_55' title="bbox 228 5315 1864 5395">
    <p class='ocr_par' dir='ltr' id='par_1_55' title="bbox 228 5315 1864 5395">
     <span class='ocr_line' id='line_1_55' title="bbox 228 5315 1864 5395; baseline -0.007 -16"><span class='ocrx_word' id='word_1_436' title='bbox 228 5316 231 5317; x_wconf 11' lang='lat'><em>7</em></span> <span class='ocrx_word' id='word_1_437' title='bbox 281 5324 681 5395; x_wconf 85' lang='lat' dir='ltr'><strong>persuasionem</strong></span> <span class='ocrx_word' id='word_1_438' title='bbox 706 5362 722 5389; x_wconf 94' lang='lat'><strong>,</strong></span> <span class='ocrx_word' id='word_1_439' title='bbox 754 5329 810 5377; x_wconf 88' lang='lat' dir='ltr'><strong>et</strong></span> <span class='ocrx_word' id='word_1_440' title='bbox 843 5319 943 5375; x_wconf 84' lang='lat' dir='ltr'><strong>hoc</strong></span> <span class='ocrx_word' id='word_1_441' title='bbox 980 5333 1092 5374; x_wconf 91' lang='lat' dir='ltr'><strong>non</strong></span> <span class='ocrx_word' id='word_1_442' title='bbox 1129 5318 1304 5372; x_wconf 90' lang='lat' dir='ltr'><strong>solum</strong></span> <span class='ocrx_word' id='word_1_443' title='bbox 1336 5316 1514 5371; x_wconf 86' lang='lat' dir='ltr'><strong>verbis</strong></span> <span class='ocrx_word' id='word_1_444' title='bbox 1538 5356 1554 5382; x_wconf 93' lang='lat'><strong>,</strong></span> <span class='ocrx_word' id='word_1_445' title='bbox 1583 5315 1678 5369; x_wconf 89' lang='lat' dir='ltr'><strong>sed</strong></span> <span class='ocrx_word' id='word_1_446' title='bbox 1704 5315 1864 5370; x_wconf 87' lang='lat' dir='ltr'><strong>etiam</strong></span> 
     </span>
    </p>
   </div>
   <div class='ocr_carea' id='block_1_56' title="bbox 283 5407 1868 5483">
    <p class='ocr_par' dir='ltr' id='par_1_56' title="bbox 283 5407 1868 5483">
     <span class='ocr_line' id='line_1_56' title="bbox 283 5407 1868 5483; baseline -0.007 -11"><span class='ocrx_word' id='word_1_447' title='bbox 283 5417 442 5472; x_wconf 80' lang='lat' dir='ltr'><strong>rebus</strong></span> <span class='ocrx_word' id='word_1_448' title='bbox 477 5415 784 5471; x_wconf 87' lang='lat' dir='ltr'><strong>ostendant.</strong></span> <span class='ocrx_word' id='word_1_449' title='bbox 827 5414 1114 5483; x_wconf 86' lang='lat' dir='ltr'><strong>Propterea</strong></span> <span class='ocrx_word' id='word_1_450' title='bbox 1145 5426 1251 5466; x_wconf 89' lang='lat' dir='ltr'><strong>non</strong></span> <span class='ocrx_word' id='word_1_451' title='bbox 1285 5409 1418 5464; x_wconf 87' lang='lat' dir='ltr'><strong>dicit</strong></span> <span class='ocrx_word' id='word_1_452' title='bbox 1449 5409 1694 5464; x_wconf 88' lang='lat' dir='ltr'><strong>absolute</strong></span> <span class='ocrx_word' id='word_1_453' title='bbox 1716 5448 1731 5472; x_wconf 94' lang='lat'><strong>,</strong></span> <span class='ocrx_word' id='word_1_454' title='bbox 1760 5407 1868 5462; x_wconf 83' lang='lat' dir='ltr'><strong>Nos</strong></span> 
     </span>
    </p>
   </div>
   <div class='ocr_carea' id='block_1_57' title="bbox 282 5499 1870 5580">
    <p class='ocr_par' dir='ltr' id='par_1_57' title="bbox 282 5499 1870 5580">
     <span class='ocr_line' id='line_1_57' title="bbox 282 5499 1870 5580; baseline -0.006 -17"><span class='ocrx_word' id='word_1_455' title='bbox 282 5521 496 5580; x_wconf 88' lang='lat' dir='ltr'><strong>quoque</strong></span> <span class='ocrx_word' id='word_1_456' title='bbox 538 5507 592 5563; x_wconf 91' lang='lat' dir='ltr'><strong>id</strong></span> <span class='ocrx_word' id='word_1_457' title='bbox 641 5506 900 5562; x_wconf 84' lang='lat' dir='ltr'><strong>habemus</strong></span> <span class='ocrx_word' id='word_1_458' title='bbox 941 5518 1285 5574; x_wconf 87' lang='lat' dir='ltr'><strong>persuasum;</strong></span> <span class='ocrx_word' id='word_1_459' title='bbox 1334 5516 1507 5573; x_wconf 83' lang='lat' dir='ltr'><strong>neque</strong></span> <span class='ocrx_word' id='word_1_460' title='bbox 1552 5502 1698 5555; x_wconf 91' lang='lat' dir='ltr'><strong>enim</strong></span> <span class='ocrx_word' id='word_1_461' title='bbox 1740 5499 1870 5555; x_wconf 87' lang='lat' dir='ltr'><strong>satis</strong></span> 
     </span>
    </p>
   </div>
   <div class='ocr_carea' id='block_1_58' title="bbox 282 5597 1872 5672">
    <p class='ocr_par' dir='ltr' id='par_1_58' title="bbox 282 5597 1872 5672">
     <span class='ocr_line' id='line_1_58' title="bbox 282 5597 1872 5672; baseline -0.006 -14"><span class='ocrx_word' id='word_1_462' title='bbox 282 5612 398 5658; x_wconf 86' lang='lat' dir='ltr'><strong>erat</strong></span> <span class='ocrx_word' id='word_1_463' title='bbox 436 5602 540 5658; x_wconf 91' lang='lat' dir='ltr'><strong>hoc</strong></span> <span class='ocrx_word' id='word_1_464' title='bbox 567 5601 740 5657; x_wconf 90' lang='lat' dir='ltr'><strong>solum</strong></span> <span class='ocrx_word' id='word_1_465' title='bbox 771 5598 1125 5672; x_wconf 84' lang='lat' dir='ltr'><strong>persuadere;</strong></span> <span class='ocrx_word' id='word_1_466' title='bbox 1169 5597 1264 5653; x_wconf 86' lang='lat' dir='ltr'><strong>sed</strong></span> <span class='ocrx_word' id='word_1_467' title='bbox 1295 5597 1455 5652; x_wconf 86' lang='lat' dir='ltr'><strong>etiam</strong></span> <span class='ocrx_word' id='word_1_468' title='bbox 1483 5611 1580 5666; x_wconf 86' lang='lat' dir='ltr'><strong>per</strong></span> <span class='ocrx_word' id='word_1_469' title='bbox 1609 5610 1699 5650; x_wconf 89' lang='lat' dir='ltr'><strong>res</strong></span> <span class='ocrx_word' id='word_1_470' title='bbox 1727 5597 1872 5663; x_wconf 88' lang='lat' dir='ltr'><strong>ipsas</strong></span> 
     </span>
    </p>
   </div>
   <div class='ocr_carea' id='block_1_59' title="bbox 283 5687 1870 5760">
    <p class='ocr_par' dir='ltr' id='par_1_59' title="bbox 283 5687 1870 5760">
     <span class='ocr_line' id='line_1_59' title="bbox 283 5687 1870 5760; baseline -0.006 -10"><span class='ocrx_word' id='word_1_471' title='bbox 283 5691 1024 5751; x_wconf 79' lang='lat' dir='ltr'><strong>exbibetdemonstrationem</strong></span> <span class='ocrx_word' id='word_1_472' title='bbox 1047 5708 1060 5744; x_wconf 92' lang='lat'><strong>:</strong></span> <span class='ocrx_word' id='word_1_473' title='bbox 1086 5689 1310 5760; x_wconf 88' lang='lat' dir='ltr'><strong>perinde</strong></span> <span class='ocrx_word' id='word_1_474' title='bbox 1333 5705 1396 5744; x_wconf 88' lang='lat' dir='ltr'><strong>ac</strong></span> <span class='ocrx_word' id='word_1_475' title='bbox 1412 5689 1458 5743; x_wconf 91' lang='lat' dir='ltr'><strong>si</strong></span> <span class='ocrx_word' id='word_1_476' title='bbox 1484 5688 1712 5743; x_wconf 90' lang='lat' dir='ltr'><strong>diceret:</strong></span> <span class='ocrx_word' id='word_1_477' title='bbox 1733 5687 1870 5741; x_wconf 78' lang='lat' dir='ltr'><strong>Ver-</strong></span> 
     </span>
    </p>
   </div>
   <div class='ocr_carea' id='block_1_60' title="bbox 285 5782 1866 5845">
    <p class='ocr_par' dir='ltr' id='par_1_60' title="bbox 285 5782 1866 5845">
     <span class='ocr_line' id='line_1_60' title="bbox 285 5782 1866 5845; baseline -0.004 0"><span class='ocrx_word' id='word_1_478' title='bbox 285 5789 368 5845; x_wconf 86' lang='lat' dir='ltr'><strong>bis</strong></span> <span class='ocrx_word' id='word_1_479' title='bbox 406 5787 522 5845; x_wconf 79' lang='lat' dir='ltr'><strong>baec</strong></span> <span class='ocrx_word' id='word_1_480' title='bbox 559 5785 805 5844; x_wconf 85' lang='lat' dir='ltr'><strong>confiteri</strong></span> <span class='ocrx_word' id='word_1_481' title='bbox 841 5783 972 5841; x_wconf 90' lang='lat' dir='ltr'><strong>nihil</strong></span> <span class='ocrx_word' id='word_1_482' title='bbox 1004 5783 1156 5840; x_wconf 89' lang='lat' dir='ltr'><strong>vobis</strong></span> <span class='ocrx_word' id='word_1_483' title='bbox 1195 5783 1333 5840; x_wconf 88' lang='lat' dir='ltr'><strong>forte</strong></span> <span class='ocrx_word' id='word_1_484' title='bbox 1368 5782 1576 5839; x_wconf 90' lang='lat' dir='ltr'><strong>videtur</strong></span> <span class='ocrx_word' id='word_1_485' title='bbox 1609 5797 1728 5838; x_wconf 83' lang='lat' dir='ltr'><strong>csse</strong></span> <span class='ocrx_word' id='word_1_486' title='bbox 1764 5783 1866 5838; x_wconf 81' lang='lat' dir='ltr'><strong>ini-</strong></span> 
     </span>
    </p>
   </div>
   <div class='ocr_carea' id='block_1_61' title="bbox 1307 313 2474 376">
    <p class='ocr_par' dir='ltr' id='par_1_61' title="bbox 1307 313 2474 376">
     <span class='ocr_line' id='line_1_61' title="bbox 1307 313 2474 376; baseline -0.002 0"><span class='ocrx_word' id='word_1_487' title='bbox 1307 318 1374 376; x_wconf 72' lang='lat' dir='ltr'><strong>IN</strong></span> <span class='ocrx_word' id='word_1_488' title='bbox 1413 318 1626 375; x_wconf 80' lang='lat' dir='ltr'><strong>EPIST.</strong></span> <span class='ocrx_word' id='word_1_489' title='bbox 1666 317 1688 373; x_wconf 80' lang='grc' dir='ltr'></span> <span class='ocrx_word' id='word_1_490' title='bbox 1749 316 1843 372; x_wconf 82' lang='lat' dir='ltr'><strong>AD</strong></span> <span class='ocrx_word' id='word_1_491' title='bbox 1878 313 2036 372; x_wconf 69' lang='grc' dir='ltr'><strong>(.</strong></span> <span class='ocrx_word' id='word_1_492' title='bbox 2078 313 2311 372; x_wconf 82' lang='lat' dir='ltr'><strong>HOMIL.</strong></span> <span class='ocrx_word' id='word_1_493' title='bbox 2357 315 2474 374; x_wconf 80' lang='lat' dir='ltr'><strong>XL.</strong></span> 
     </span>
    </p>
   </div>
   <div class='ocr_carea' id='block_1_62' title="bbox 1941 421 3536 505">
    <p class='ocr_par' dir='ltr' id='par_1_62' title="bbox 1941 421 3536 505">
     <span class='ocr_line' id='line_1_62' title="bbox 1941 421 3536 505; baseline 0.009 -21"><span class='ocrx_word' id='word_1_494' title='bbox 1941 431 2201 498; x_wconf 89' lang='lat' dir='ltr'><strong>randum;</strong></span> <span class='ocrx_word' id='word_1_495' title='bbox 2242 433 2290 489; x_wconf 89' lang='lat' dir='ltr'><strong>si</strong></span> <span class='ocrx_word' id='word_1_496' title='bbox 2328 445 2506 489; x_wconf 89' lang='lat' dir='ltr'><strong>autem</strong></span> <span class='ocrx_word' id='word_1_497' title='bbox 2547 433 2708 490; x_wconf 87' lang='lat' dir='ltr'><strong>etiam</strong></span> <span class='ocrx_word' id='word_1_498' title='bbox 2743 448 2772 489; x_wconf 83' lang='lat' dir='ltr'><strong>a</strong></span> <span class='ocrx_word' id='word_1_499' title='bbox 2809 421 2978 492; x_wconf 87' lang='lat' dir='ltr'><strong>rebus</strong></span> <span class='ocrx_word' id='word_1_500' title='bbox 3011 425 3142 505; x_wconf 80' lang='lat' dir='ltr'><strong>ipsis</strong></span> <span class='ocrx_word' id='word_1_501' title='bbox 3166 453 3352 496; x_wconf 79' lang='lat' dir='ltr'><strong>vocem</strong></span> <span class='ocrx_word' id='word_1_502' title='bbox 3381 443 3536 498; x_wconf 83' lang='lat' dir='ltr'><strong>vobis</strong></span> 
     </span>
    </p>
   </div>
   <div class='ocr_carea' id='block_1_63' title="bbox 1941 523 3535 596">
    <p class='ocr_par' dir='ltr' id='par_1_63' title="bbox 1941 523 3535 596">
     <span class='ocr_line' id='line_1_63' title="bbox 1941 523 3535 596; baseline 0.007 -20"><span class='ocrx_word' id='word_1_503' title='bbox 1941 523 2329 591; x_wconf 82' lang='lat' dir='ltr'><strong>exhibeamus,</strong></span> <span class='ocrx_word' id='word_1_504' title='bbox 2371 525 2499 595; x_wconf 90' lang='lat' dir='ltr'><strong>quid</strong></span> <span class='ocrx_word' id='word_1_505' title='bbox 2547 525 2613 580; x_wconf 83' lang='lat' dir='ltr'><strong>ad</strong></span> <span class='ocrx_word' id='word_1_506' title='bbox 2661 527 2778 582; x_wconf 76' lang='lat' dir='ltr'><strong>btec</strong></span> <span class='ocrx_word' id='word_1_507' title='bbox 2824 528 3072 596; x_wconf 90' lang='lat' dir='ltr'><strong>poteritis</strong></span> <span class='ocrx_word' id='word_1_508' title='bbox 3123 530 3535 587; x_wconf 83' lang='lat' dir='ltr'><strong>contradicere?</strong></span> 
     </span>
    </p>
   </div>
   <div class='ocr_carea' id='block_1_64' title="bbox 1941 613 3535 691">
    <p class='ocr_par' dir='ltr' id='par_1_64' title="bbox 1941 613 3535 691">
     <span class='ocr_line' id='line_1_64' title="bbox 1941 613 3535 691; baseline 0.007 -24"><span class='ocrx_word' id='word_1_509' title='bbox 1941 613 2136 668; x_wconf 86' lang='lat' dir='ltr'><strong>Audite</strong></span> <span class='ocrx_word' id='word_1_510' title='bbox 2157 629 2287 684; x_wconf 85' lang='lat' dir='ltr'><strong>ergo</strong></span> <span class='ocrx_word' id='word_1_511' title='bbox 2307 615 2576 686; x_wconf 88' lang='lat' dir='ltr'><strong>quomodo</strong></span> <span class='ocrx_word' id='word_1_512' title='bbox 2595 616 2756 671; x_wconf 90' lang='lat' dir='ltr'><strong>etiam</strong></span> <span class='ocrx_word' id='word_1_513' title='bbox 2782 633 2877 686; x_wconf 89' lang='lat' dir='ltr'><strong>per</strong></span> <span class='ocrx_word' id='word_1_514' title='bbox 2902 619 3138 689; x_wconf 89' lang='lat' dir='ltr'><strong>pericula</strong></span> <span class='ocrx_word' id='word_1_515' title='bbox 3161 620 3275 676; x_wconf 85' lang='lat' dir='ltr'><strong>haec</strong></span> <span class='ocrx_word' id='word_1_516' title='bbox 3295 623 3535 691; x_wconf 88' lang='lat' dir='ltr'><strong>quotidie</strong></span> 
     </span>
    </p>
   </div>
   <div class='ocr_carea' id='block_1_65' title="bbox 1941 704 3535 781">
    <p class='ocr_par' dir='ltr' id='par_1_65' title="bbox 1941 704 3535 781">
     <span class='ocr_line' id='line_1_65' title="bbox 1941 704 3535 781; baseline 0.008 -24"><span class='ocrx_word' id='word_1_517' title='bbox 1941 704 2314 760; x_wconf 80' lang='lat' dir='ltr'><strong>confiteamur.</strong></span> <span class='ocrx_word' id='word_1_518' title='bbox 2343 708 2408 760; x_wconf 84' lang='lat' dir='ltr'><strong>Et</strong></span> <span class='ocrx_word' id='word_1_519' title='bbox 2435 723 2543 762; x_wconf 91' lang='lat' dir='ltr'><strong>non</strong></span> <span class='ocrx_word' id='word_1_520' title='bbox 2570 707 2739 774; x_wconf 81' lang='lat' dir='ltr'><strong>dixit,</strong></span> <span class='ocrx_word' id='word_1_521' title='bbox 2773 709 2908 781; x_wconf 86' lang='lat' dir='ltr'><strong>Ego,</strong></span> <span class='ocrx_word' id='word_1_522' title='bbox 2941 711 3067 776; x_wconf 91' lang='lat' dir='ltr'><strong>sed,</strong></span> <span class='ocrx_word' id='word_1_523' title='bbox 3095 712 3226 778; x_wconf 90' lang='lat' dir='ltr'><strong>Nos,</strong></span> <span class='ocrx_word' id='word_1_524' title='bbox 3256 729 3535 771; x_wconf 89' lang='lat' dir='ltr'><strong>assumens</strong></span> 
     </span>
    </p>
   </div>
   <div class='ocr_carea' id='block_1_66' title="bbox 1942 797 3537 876">
    <p class='ocr_par' dir='ltr' id='par_1_66' title="bbox 1942 797 3537 876">
     <span class='ocr_line' id='line_1_66' title="bbox 1942 797 3537 876; baseline 0.009 -28"><span class='ocrx_word' id='word_1_525' title='bbox 1942 811 2130 851; x_wconf 88' lang='lat' dir='ltr'><strong>omnes</strong></span> <span class='ocrx_word' id='word_1_526' title='bbox 2159 797 2315 852; x_wconf 90' lang='lat' dir='ltr'><strong>simul</strong></span> <span class='ocrx_word' id='word_1_527' title='bbox 2343 801 2638 868; x_wconf 89' lang='lat' dir='ltr'><strong>apostolos,</strong></span> <span class='ocrx_word' id='word_1_528' title='bbox 2670 810 2724 856; x_wconf 91' lang='lat' dir='ltr'><strong>et</strong></span> <span class='ocrx_word' id='word_1_529' title='bbox 2752 816 2814 856; x_wconf 91' lang='lat' dir='ltr'><strong>ea</strong></span> <span class='ocrx_word' id='word_1_530' title='bbox 2846 805 3052 857; x_wconf 87' lang='lat' dir='ltr'><strong>ratione</strong></span> <span class='ocrx_word' id='word_1_531' title='bbox 3079 805 3321 860; x_wconf 88' lang='lat' dir='ltr'><strong>modeste</strong></span> <span class='ocrx_word' id='word_1_532' title='bbox 3349 821 3410 861; x_wconf 92' lang='lat' dir='ltr'><strong>se</strong></span> <span class='ocrx_word' id='word_1_533' title='bbox 3437 822 3537 876; x_wconf 86' lang='lat' dir='ltr'><strong>ge-</strong></span> 
     </span>
    </p>
   </div>
   <div class='ocr_carea' id='block_1_67' title="bbox 1942 889 3535 962">
    <p class='ocr_par' dir='ltr' id='par_1_67' title="bbox 1942 889 3535 962">
     <span class='ocr_line' id='line_1_67' title="bbox 1942 889 3535 962; baseline 0.009 -22"><span class='ocrx_word' id='word_1_534' title='bbox 1942 903 2068 942; x_wconf 90' lang='lat' dir='ltr'><strong>rens</strong></span> <span class='ocrx_word' id='word_1_535' title='bbox 2091 929 2107 955; x_wconf 92' lang='lat'><strong>,</strong></span> <span class='ocrx_word' id='word_1_536' title='bbox 2139 904 2202 944; x_wconf 89' lang='lat' dir='ltr'><strong>ac</strong></span> <span class='ocrx_word' id='word_1_537' title='bbox 2231 889 2335 945; x_wconf 91' lang='lat' dir='ltr'><strong>fide</strong></span> <span class='ocrx_word' id='word_1_538' title='bbox 2365 891 2582 962; x_wconf 87' lang='lat' dir='ltr'><strong>dignam</strong></span> <span class='ocrx_word' id='word_1_539' title='bbox 2625 894 2823 948; x_wconf 89' lang='lat' dir='ltr'><strong>faciens</strong></span> <span class='ocrx_word' id='word_1_540' title='bbox 2861 896 3182 950; x_wconf 86' lang='lat' dir='ltr'><strong>orationem.</strong></span> <span class='ocrx_word' id='word_1_541' title='bbox 3221 898 3358 962; x_wconf 87' lang='lat' dir='ltr'><strong>Quid</strong></span> <span class='ocrx_word' id='word_1_542' title='bbox 3390 901 3535 954; x_wconf 91' lang='lat' dir='ltr'><strong>enim</strong></span> 
     </span>
    </p>
   </div>
   <div class='ocr_carea' id='block_1_68' title="bbox 1941 979 3532 1059">
    <p class='ocr_par' dir='ltr' id='par_1_68' title="bbox 1941 979 3532 1059">
     <span class='ocr_line' id='line_1_68' title="bbox 1941 979 3532 1059; baseline 0.006 -24"><span class='ocrx_word' id='word_1_543' title='bbox 1941 979 2123 1036; x_wconf 89' lang='lat' dir='ltr'><strong>dicere</strong></span> <span class='ocrx_word' id='word_1_544' title='bbox 2162 984 2487 1052; x_wconf 87' lang='lat' dir='ltr'><strong>potueritis?</strong></span> <span class='ocrx_word' id='word_1_545' title='bbox 2514 985 2654 1054; x_wconf 91' lang='lat' dir='ltr'><strong>quod</strong></span> <span class='ocrx_word' id='word_1_546' title='bbox 2690 1000 2787 1041; x_wconf 88' lang='lat' dir='ltr'><strong>vos</strong></span> <span class='ocrx_word' id='word_1_547' title='bbox 2825 985 3155 1057; x_wconf 68' lang='lat' dir='ltr'><strong>decipiemus</strong></span> <span class='ocrx_word' id='word_1_548' title='bbox 3193 988 3308 1044; x_wconf 69' lang='lat' dir='ltr'><strong>hmc</strong></span> <span class='ocrx_word' id='word_1_549' title='bbox 3335 991 3532 1059; x_wconf 59' lang='lat' dir='ltr'><strong>prsidi-</strong></span> 
     </span>
    </p>
   </div>
   <div class='ocr_carea' id='block_1_69' title="bbox 1941 1076 3533 1150">
    <p class='ocr_par' dir='ltr' id='par_1_69' title="bbox 1941 1076 3533 1150">
     <span class='ocr_line' id='line_1_69' title="bbox 1941 1076 3533 1150; baseline 0.006 -25"><span class='ocrx_word' id='word_1_550' title='bbox 1941 1083 2162 1140; x_wconf 90' lang='lat' dir='ltr'><strong>cantes,</strong></span> <span class='ocrx_word' id='word_1_551' title='bbox 2209 1084 2263 1129; x_wconf 92' lang='lat' dir='ltr'><strong>et</strong></span> <span class='ocrx_word' id='word_1_552' title='bbox 2316 1083 2536 1146; x_wconf 89' lang='lat' dir='ltr'><strong>propter</strong></span> <span class='ocrx_word' id='word_1_553' title='bbox 2589 1076 2803 1130; x_wconf 89' lang='lat' dir='ltr'><strong>inanem</strong></span> <span class='ocrx_word' id='word_1_554' title='bbox 2845 1078 3068 1148; x_wconf 84' lang='lat' dir='ltr'><strong>gloriam</strong></span> <span class='ocrx_word' id='word_1_555' title='bbox 3124 1078 3242 1134; x_wconf 71' lang='lat' dir='ltr'><strong>haec</strong></span> <span class='ocrx_word' id='word_1_556' title='bbox 3281 1080 3533 1150; x_wconf 85' lang='lat' dir='ltr'><strong>dogmata</strong></span> 
     </span>
    </p>
   </div>
   <div class='ocr_carea' id='block_1_70' title="bbox 1940 1167 3535 1228">
    <p class='ocr_par' dir='ltr' id='par_1_70' title="bbox 1940 1167 3535 1228">
     <span class='ocr_line' id='line_1_70' title="bbox 1940 1167 3535 1228; baseline 0.006 -10"><span class='ocrx_word' id='word_1_557' title='bbox 1940 1167 2277 1223; x_wconf 88' lang='lat' dir='ltr'><strong>statuamus?</strong></span> <span class='ocrx_word' id='word_1_558' title='bbox 2324 1168 2430 1224; x_wconf 93' lang='lat' dir='ltr'><strong>Sed</strong></span> <span class='ocrx_word' id='word_1_559' title='bbox 2474 1169 2610 1224; x_wconf 85' lang='lat' dir='ltr'><strong>hanc</strong></span> <span class='ocrx_word' id='word_1_560' title='bbox 2651 1171 2970 1224; x_wconf 88' lang='lat' dir='ltr'><strong>sententiam</strong></span> <span class='ocrx_word' id='word_1_561' title='bbox 3010 1169 3155 1226; x_wconf 86' lang='lat' dir='ltr'><strong>ferre</strong></span> <span class='ocrx_word' id='word_1_562' title='bbox 3199 1186 3305 1226; x_wconf 86' lang='lat' dir='ltr'><strong>non</strong></span> <span class='ocrx_word' id='word_1_563' title='bbox 3350 1175 3535 1228; x_wconf 91' lang='lat' dir='ltr'><strong>sinunt</strong></span> 
     </span>
    </p>
   </div>
   <div class='ocr_carea' id='block_1_71' title="bbox 1940 1259 3533 1332">
    <p class='ocr_par' dir='ltr' id='par_1_71' title="bbox 1940 1259 3533 1332">
     <span class='ocr_line' id='line_1_71' title="bbox 1940 1259 3533 1332; baseline 0.005 -20"><span class='ocrx_word' id='word_1_564' title='bbox 1940 1259 2177 1327; x_wconf 88' lang='lat' dir='ltr'><strong>pericula</strong></span> <span class='ocrx_word' id='word_1_565' title='bbox 2207 1277 2221 1312; x_wconf 88' lang='lat'><strong>:</strong></span> <span class='ocrx_word' id='word_1_566' title='bbox 2253 1261 2373 1331; x_wconf 90' lang='lat' dir='ltr'><strong>quis</strong></span> <span class='ocrx_word' id='word_1_567' title='bbox 2411 1261 2553 1315; x_wconf 90' lang='lat' dir='ltr'><strong>enim</strong></span> <span class='ocrx_word' id='word_1_568' title='bbox 2594 1277 2688 1316; x_wconf 88' lang='lat' dir='ltr'><strong>sua</strong></span> <span class='ocrx_word' id='word_1_569' title='bbox 2733 1272 2926 1332; x_wconf 87' lang='lat' dir='ltr'><strong>sponte</strong></span> <span class='ocrx_word' id='word_1_570' title='bbox 2964 1264 3196 1319; x_wconf 88' lang='lat' dir='ltr'><strong>voluerit</strong></span> <span class='ocrx_word' id='word_1_571' title='bbox 3239 1265 3436 1320; x_wconf 88' lang='lat' dir='ltr'><strong>frustra</strong></span> <span class='ocrx_word' id='word_1_572' title='bbox 3474 1278 3533 1322; x_wconf 86' lang='lat' dir='ltr'><strong>et</strong></span> 
     </span>
    </p>
   </div>
   <div class='ocr_carea' id='block_1_72' title="bbox 1942 1351 3534 1424">
    <p class='ocr_par' dir='ltr' id='par_1_72' title="bbox 1942 1351 3534 1424">
     <span class='ocr_line' id='line_1_72' title="bbox 1942 1351 3534 1424; baseline 0.006 -21"><span class='ocrx_word' id='word_1_573' title='bbox 1942 1359 2146 1405; x_wconf 89' lang='lat' dir='ltr'><strong>temere</strong></span> <span class='ocrx_word' id='word_1_574' title='bbox 2173 1351 2321 1406; x_wconf 90' lang='lat' dir='ltr'><strong>adire</strong></span> <span class='ocrx_word' id='word_1_575' title='bbox 2349 1353 2628 1420; x_wconf 87' lang='lat' dir='ltr'><strong>pericula?</strong></span> <span class='ocrx_word' id='word_1_576' title='bbox 2658 1353 2727 1408; x_wconf 89' lang='lat' dir='ltr'><strong>Et</strong></span> <span class='ocrx_word' id='word_1_577' title='bbox 2766 1353 2888 1410; x_wconf 90' lang='lat' dir='ltr'><strong>ideo</strong></span> <span class='ocrx_word' id='word_1_578' title='bbox 2914 1355 3125 1411; x_wconf 90' lang='lat' dir='ltr'><strong>dicebat</strong></span> <span class='ocrx_word' id='word_1_579' title='bbox 3147 1397 3164 1421; x_wconf 93' lang='lat'><strong>,</strong></span> <span class='ocrx_word' id='word_1_580' title='bbox 3200 1357 3338 1424; x_wconf 89' lang='lat' dir='ltr'><strong>Quid</strong></span> <span class='ocrx_word' id='word_1_581' title='bbox 3362 1368 3412 1413; x_wconf 80' lang='lat' dir='ltr'><strong>et</strong></span> <span class='ocrx_word' id='word_1_582' title='bbox 3439 1375 3534 1414; x_wconf 82' lang='lat' dir='ltr'><strong>nos</strong></span> 
     </span>
    </p>
   </div>
   <div class='ocr_carea' id='block_1_73' title="bbox 1941 1443 3533 1520">
    <p class='ocr_par' dir='ltr' id='par_1_73' title="bbox 1941 1443 3533 1520">
     <span class='ocr_line' id='line_1_73' title="bbox 1941 1443 3533 1520; baseline 0.008 -26"><span class='ocrx_word' id='word_1_583' title='bbox 1941 1443 2288 1512; x_wconf 75' lang='lat' dir='ltr'><strong>periclitamur</strong></span> <span class='ocrx_word' id='word_1_584' title='bbox 2315 1446 2452 1499; x_wconf 88' lang='lat' dir='ltr'><strong>omni</strong></span> <span class='ocrx_word' id='word_1_585' title='bbox 2483 1445 2649 1501; x_wconf 84' lang='lat' dir='ltr'><strong>hora?</strong></span> <span class='ocrx_word' id='word_1_586' title='bbox 2691 1446 2822 1502; x_wconf 86' lang='lat' dir='ltr'><strong>Nam</strong></span> <span class='ocrx_word' id='word_1_587' title='bbox 2851 1457 2906 1503; x_wconf 91' lang='lat' dir='ltr'><strong>et</strong></span> <span class='ocrx_word' id='word_1_588' title='bbox 2947 1450 2991 1502; x_wconf 91' lang='lat' dir='ltr'><strong>si</strong></span> <span class='ocrx_word' id='word_1_589' title='bbox 3019 1450 3139 1520; x_wconf 91' lang='lat' dir='ltr'><strong>quis</strong></span> <span class='ocrx_word' id='word_1_590' title='bbox 3170 1459 3388 1519; x_wconf 85' lang='lat' dir='ltr'><strong>prepter</strong></span> <span class='ocrx_word' id='word_1_591' title='bbox 3414 1453 3533 1507; x_wconf 89' lang='lat' dir='ltr'><strong>ina-</strong></span> 
     </span>
    </p>
   </div>
   <div class='ocr_carea' id='block_1_74' title="bbox 1941 1536 3532 1609">
    <p class='ocr_par' dir='ltr' id='par_1_74' title="bbox 1941 1536 3532 1609">
     <span class='ocr_line' id='line_1_74' title="bbox 1941 1536 3532 1609; baseline 0.007 -21"><span class='ocrx_word' id='word_1_592' title='bbox 1941 1551 2062 1590; x_wconf 90' lang='lat' dir='ltr'><strong>nem</strong></span> <span class='ocrx_word' id='word_1_593' title='bbox 2088 1536 2310 1606; x_wconf 86' lang='lat' dir='ltr'><strong>gloriam</strong></span> <span class='ocrx_word' id='word_1_594' title='bbox 2337 1537 2441 1592; x_wconf 81' lang='lat' dir='ltr'><strong>ltoc</strong></span> <span class='ocrx_word' id='word_1_595' title='bbox 2462 1553 2556 1592; x_wconf 88' lang='lat' dir='ltr'><strong>sua</strong></span> <span class='ocrx_word' id='word_1_596' title='bbox 2584 1549 2776 1608; x_wconf 87' lang='lat' dir='ltr'><strong>sponte</strong></span> <span class='ocrx_word' id='word_1_597' title='bbox 2801 1540 3043 1609; x_wconf 88' lang='lat' dir='ltr'><strong>elegerit,</strong></span> <span class='ocrx_word' id='word_1_598' title='bbox 3070 1543 3236 1596; x_wconf 88' lang='lat' dir='ltr'><strong>semel</strong></span> <span class='ocrx_word' id='word_1_599' title='bbox 3258 1553 3312 1598; x_wconf 92' lang='lat' dir='ltr'><strong>et</strong></span> <span class='ocrx_word' id='word_1_600' title='bbox 3338 1544 3532 1600; x_wconf 89' lang='lat' dir='ltr'><strong>iterum</strong></span> 
     </span>
    </p>
   </div>
   <div class='ocr_carea' id='block_1_75' title="bbox 1941 1628 3530 1702">
    <p class='ocr_par' dir='ltr' id='par_1_75' title="bbox 1941 1628 3530 1702">
     <span class='ocr_line' id='line_1_75' title="bbox 1941 1628 3530 1702; baseline 0.005 -18"><span class='ocrx_word' id='word_1_601' title='bbox 1941 1628 2043 1684; x_wconf 87' lang='lat' dir='ltr'><strong>hoc</strong></span> <span class='ocrx_word' id='word_1_602' title='bbox 2081 1628 2273 1696; x_wconf 86' lang='lat' dir='ltr'><strong>faciet,</strong></span> <span class='ocrx_word' id='word_1_603' title='bbox 2307 1645 2415 1685; x_wconf 92' lang='lat' dir='ltr'><strong>non</strong></span> <span class='ocrx_word' id='word_1_604' title='bbox 2458 1634 2602 1686; x_wconf 90' lang='lat' dir='ltr'><strong>omni</strong></span> <span class='ocrx_word' id='word_1_605' title='bbox 2645 1640 2887 1702; x_wconf 89' lang='lat' dir='ltr'><strong>tempore</strong></span> <span class='ocrx_word' id='word_1_606' title='bbox 2921 1635 3060 1688; x_wconf 88' lang='lat' dir='ltr'><strong>sicut</strong></span> <span class='ocrx_word' id='word_1_607' title='bbox 3089 1649 3188 1690; x_wconf 91' lang='lat' dir='ltr'><strong>nos</strong></span> <span class='ocrx_word' id='word_1_608' title='bbox 3217 1652 3230 1688; x_wconf 90' lang='lat'><strong>:</strong></span> <span class='ocrx_word' id='word_1_609' title='bbox 3259 1652 3358 1692; x_wconf 90' lang='lat' dir='ltr'><strong>nos</strong></span> <span class='ocrx_word' id='word_1_610' title='bbox 3387 1639 3530 1693; x_wconf 90' lang='lat' dir='ltr'><strong>enim</strong></span> 
     </span>
    </p>
   </div>
   <div class='ocr_carea' id='block_1_76' title="bbox 1941 1721 3536 1800">
    <p class='ocr_par' dir='ltr' id='par_1_76' title="bbox 1941 1721 3536 1800">
     <span class='ocr_line' id='line_1_76' title="bbox 1941 1721 3536 1800; baseline 0.008 -28"><span class='ocrx_word' id='word_1_611' title='bbox 1941 1727 2107 1774; x_wconf 88' lang='lat' dir='ltr'><strong>totam</strong></span> <span class='ocrx_word' id='word_1_612' title='bbox 2137 1721 2298 1775; x_wconf 89' lang='lat' dir='ltr'><strong>vitam</strong></span> <span class='ocrx_word' id='word_1_613' title='bbox 2340 1721 2464 1777; x_wconf 90' lang='lat' dir='ltr'><strong>huic</strong></span> <span class='ocrx_word' id='word_1_614' title='bbox 2504 1723 2580 1777; x_wconf 91' lang='lat' dir='ltr'><strong>rei</strong></span> <span class='ocrx_word' id='word_1_615' title='bbox 2611 1723 2929 1778; x_wconf 90' lang='lat' dir='ltr'><strong>addicimus.</strong></span> <span class='ocrx_word' id='word_1_616' title='bbox 2964 1725 3202 1792; x_wconf 86' lang='lat' dir='ltr'><strong>Quotidie</strong></span> <span class='ocrx_word' id='word_1_617' title='bbox 3229 1729 3418 1782; x_wconf 88' lang='lat' dir='ltr'><strong>moriar</strong></span> <span class='ocrx_word' id='word_1_618' title='bbox 3444 1746 3536 1800; x_wconf 87' lang='lat' dir='ltr'><strong>per</strong></span> 
     </span>
    </p>
   </div>
   <div class='ocr_carea' id='block_1_77' title="bbox 1940 1814 3532 1888">
    <p class='ocr_par' dir='ltr' id='par_1_77' title="bbox 1940 1814 3532 1888">
     <span class='ocr_line' id='line_1_77' title="bbox 1940 1814 3532 1888; baseline 0.008 -24"><span class='ocrx_word' id='word_1_619' title='bbox 1940 1821 2153 1865; x_wconf 83' lang='lat' dir='ltr'><strong>vestram</strong></span> <span class='ocrx_word' id='word_1_620' title='bbox 2194 1814 2546 1882; x_wconf 84' lang='lat' dir='ltr'><strong>gloriationem</strong></span> <span class='ocrx_word' id='word_1_621' title='bbox 2569 1855 2583 1879; x_wconf 94' lang='lat'><strong>,</strong></span> <span class='ocrx_word' id='word_1_622' title='bbox 2624 1832 2775 1886; x_wconf 80' lang='lat' dir='ltr'><strong>quam</strong></span> <span class='ocrx_word' id='word_1_623' title='bbox 2820 1817 2978 1872; x_wconf 82' lang='lat' dir='ltr'><strong>habeo</strong></span> <span class='ocrx_word' id='word_1_624' title='bbox 3021 1819 3075 1873; x_wconf 82' lang='lat' dir='ltr'><strong>in</strong></span> <span class='ocrx_word' id='word_1_625' title='bbox 3119 1818 3320 1874; x_wconf 80' lang='lat' dir='ltr'><strong>Christo</strong></span> <span class='ocrx_word' id='word_1_626' title='bbox 3361 1820 3532 1888; x_wconf 80' lang='lat' dir='ltr'><strong>Jesu;</strong></span> 
     </span>
    </p>
   </div>
   <div class='ocr_carea' id='block_1_78' title="bbox 1940 1904 3533 1984">
    <p class='ocr_par' dir='ltr' id='par_1_78' title="bbox 1940 1904 3533 1984">
     <span class='ocr_line' id='line_1_78' title="bbox 1940 1904 3533 1984; baseline 0.006 -26"><span class='ocrx_word' id='word_1_627' title='bbox 1940 1904 2310 1974; x_wconf 85' lang='lat' dir='ltr'><strong>gloriationeut</strong></span> <span class='ocrx_word' id='word_1_628' title='bbox 2345 1907 2430 1960; x_wconf 85' lang='lat' dir='ltr'><strong>hic</strong></span> <span class='ocrx_word' id='word_1_629' title='bbox 2455 1905 2640 1962; x_wconf 90' lang='lat' dir='ltr'><strong>dicens</strong></span> <span class='ocrx_word' id='word_1_630' title='bbox 2666 1923 2854 1962; x_wconf 90' lang='lat' dir='ltr'><strong>eorum</strong></span> <span class='ocrx_word' id='word_1_631' title='bbox 2886 1909 3204 1979; x_wconf 91' lang='lat' dir='ltr'><strong>profectum.</strong></span> <span class='ocrx_word' id='word_1_632' title='bbox 3233 1912 3366 1967; x_wconf 89' lang='lat' dir='ltr'><strong>Nam</strong></span> <span class='ocrx_word' id='word_1_633' title='bbox 3392 1929 3533 1984; x_wconf 87' lang='lat' dir='ltr'><strong>quo-</strong></span> 
     </span>
    </p>
   </div>
   <div class='ocr_carea' id='block_1_79' title="bbox 1941 1996 3533 2071">
    <p class='ocr_par' dir='ltr' id='par_1_79' title="bbox 1941 1996 3533 2071">
     <span class='ocr_line' id='line_1_79' title="bbox 1941 1996 3533 2071; baseline 0.008 -21"><span class='ocrx_word' id='word_1_634' title='bbox 1941 1996 2082 2051; x_wconf 90' lang='lat' dir='ltr'><strong>niam</strong></span> <span class='ocrx_word' id='word_1_635' title='bbox 2111 1998 2274 2053; x_wconf 90' lang='lat' dir='ltr'><strong>multa</strong></span> <span class='ocrx_word' id='word_1_636' title='bbox 2301 1999 2536 2055; x_wconf 89' lang='lat' dir='ltr'><strong>ostendit</strong></span> <span class='ocrx_word' id='word_1_637' title='bbox 2563 2015 2683 2056; x_wconf 90' lang='lat' dir='ltr'><strong>esse</strong></span> <span class='ocrx_word' id='word_1_638' title='bbox 2708 2003 2977 2071; x_wconf 88' lang='lat' dir='ltr'><strong>pericula;</strong></span> <span class='ocrx_word' id='word_1_639' title='bbox 3006 2020 3074 2060; x_wconf 90' lang='lat' dir='ltr'><strong>ne</strong></span> <span class='ocrx_word' id='word_1_640' title='bbox 3096 2005 3367 2061; x_wconf 89' lang='lat' dir='ltr'><strong>videretur</strong></span> <span class='ocrx_word' id='word_1_641' title='bbox 3393 2017 3533 2062; x_wconf 88' lang='lat' dir='ltr'><strong>tam-</strong></span> 
     </span>
    </p>
   </div>
   <div class='ocr_carea' id='block_1_80' title="bbox 1940 2088 3535 2169">
    <p class='ocr_par' dir='ltr' id='par_1_80' title="bbox 1940 2088 3535 2169">
     <span class='ocr_line' id='line_1_80' title="bbox 1940 2088 3535 2169; baseline 0.008 -28"><span class='ocrx_word' id='word_1_642' title='bbox 1940 2103 2100 2156; x_wconf 90' lang='lat' dir='ltr'><strong>quam</strong></span> <span class='ocrx_word' id='word_1_643' title='bbox 2142 2088 2348 2145; x_wconf 87' lang='lat' dir='ltr'><strong>deens</strong></span> <span class='ocrx_word' id='word_1_644' title='bbox 2388 2091 2503 2147; x_wconf 66' lang='lat' dir='ltr'><strong>haec</strong></span> <span class='ocrx_word' id='word_1_645' title='bbox 2539 2091 2719 2149; x_wconf 91' lang='lat' dir='ltr'><strong>dicere</strong></span> <span class='ocrx_word' id='word_1_646' title='bbox 2742 2134 2758 2160; x_wconf 93' lang='lat'><strong>,</strong></span> <span class='ocrx_word' id='word_1_647' title='bbox 2788 2094 2903 2150; x_wconf 88' lang='lat' dir='ltr'><strong>Non</strong></span> <span class='ocrx_word' id='word_1_648' title='bbox 2943 2096 3114 2150; x_wconf 91' lang='lat' dir='ltr'><strong>solum</strong></span> <span class='ocrx_word' id='word_1_649' title='bbox 3136 2138 3150 2161; x_wconf 93' lang='lat'><strong>,</strong></span> <span class='ocrx_word' id='word_1_650' title='bbox 3185 2098 3394 2169; x_wconf 90' lang='lat' dir='ltr'><strong>inquit,</strong></span> <span class='ocrx_word' id='word_1_651' title='bbox 3426 2115 3535 2155; x_wconf 93' lang='lat' dir='ltr'><strong>non</strong></span> 
     </span>
    </p>
   </div>
   <div class='ocr_carea' id='block_1_81' title="bbox 1941 2177 3534 2258">
    <p class='ocr_par' dir='ltr' id='par_1_81' title="bbox 1941 2177 3534 2258">
     <span class='ocr_line' id='line_1_81' title="bbox 1941 2177 3534 2258; baseline 0.009 -27"><span class='ocrx_word' id='word_1_652' title='bbox 1941 2177 2100 2233; x_wconf 89' lang='lat' dir='ltr'><strong>doleo</strong></span> <span class='ocrx_word' id='word_1_653' title='bbox 2117 2220 2133 2244; x_wconf 93' lang='lat'><strong>,</strong></span> <span class='ocrx_word' id='word_1_654' title='bbox 2168 2179 2265 2234; x_wconf 90' lang='lat' dir='ltr'><strong>sed</strong></span> <span class='ocrx_word' id='word_1_655' title='bbox 2295 2181 2456 2235; x_wconf 89' lang='lat' dir='ltr'><strong>etiam</strong></span> <span class='ocrx_word' id='word_1_656' title='bbox 2483 2181 2684 2251; x_wconf 82' lang='lat' dir='ltr'><strong>glorior</strong></span> <span class='ocrx_word' id='word_1_657' title='bbox 2709 2184 2849 2254; x_wconf 89' lang='lat' dir='ltr'><strong>quod</strong></span> <span class='ocrx_word' id='word_1_658' title='bbox 2889 2200 2988 2254; x_wconf 89' lang='lat' dir='ltr'><strong>pro</strong></span> <span class='ocrx_word' id='word_1_659' title='bbox 3013 2187 3163 2242; x_wconf 87' lang='lat' dir='ltr'><strong>vobis</strong></span> <span class='ocrx_word' id='word_1_660' title='bbox 3198 2187 3314 2243; x_wconf 80' lang='lat' dir='ltr'><strong>haec</strong></span> <span class='ocrx_word' id='word_1_661' title='bbox 3339 2189 3534 2258; x_wconf 90' lang='lat' dir='ltr'><strong>patiar.</strong></span> 
     </span>
    </p>
   </div>
   <div class='ocr_carea' id='block_1_82' title="bbox 1942 2271 3536 2354">
    <p class='ocr_par' dir='ltr' id='par_1_82' title="bbox 1942 2271 3536 2354">
     <span class='ocr_line' id='line_1_82' title="bbox 1942 2271 3536 2354; baseline 0.01 -30"><span class='ocrx_word' id='word_1_662' title='bbox 1942 2271 2148 2339; x_wconf 84' lang='lat' dir='ltr'><strong>Duplici</strong></span> <span class='ocrx_word' id='word_1_663' title='bbox 2179 2280 2357 2327; x_wconf 90' lang='lat' dir='ltr'><strong>autem</strong></span> <span class='ocrx_word' id='word_1_664' title='bbox 2387 2275 2595 2329; x_wconf 89' lang='lat' dir='ltr'><strong>ratione</strong></span> <span class='ocrx_word' id='word_1_665' title='bbox 2624 2291 2683 2331; x_wconf 92' lang='lat' dir='ltr'><strong>se</strong></span> <span class='ocrx_word' id='word_1_666' title='bbox 2710 2277 2840 2332; x_wconf 91' lang='lat' dir='ltr'><strong>dicit</strong></span> <span class='ocrx_word' id='word_1_667' title='bbox 2865 2279 3115 2348; x_wconf 88' lang='lat' dir='ltr'><strong>gloriari,</strong></span> <span class='ocrx_word' id='word_1_668' title='bbox 3149 2290 3203 2337; x_wconf 90' lang='lat' dir='ltr'><strong>et</strong></span> <span class='ocrx_word' id='word_1_669' title='bbox 3233 2283 3374 2352; x_wconf 91' lang='lat' dir='ltr'><strong>quod</strong></span> <span class='ocrx_word' id='word_1_670' title='bbox 3405 2300 3536 2354; x_wconf 86' lang='lat' dir='ltr'><strong>pro-</strong></span> 
     </span>
    </p>
   </div>
   <div class='ocr_carea' id='block_1_83' title="bbox 1942 2364 3538 2442">
    <p class='ocr_par' dir='ltr' id='par_1_83' title="bbox 1942 2364 3538 2442">
     <span class='ocr_line' id='line_1_83' title="bbox 1942 2364 3538 2442; baseline 0.01 -26"><span class='ocrx_word' id='word_1_671' title='bbox 1942 2373 2061 2432; x_wconf 87' lang='lat' dir='ltr'><strong>pter</strong></span> <span class='ocrx_word' id='word_1_672' title='bbox 2091 2364 2234 2432; x_wconf 86' lang='lat' dir='ltr'><strong>ipsos</strong></span> <span class='ocrx_word' id='word_1_673' title='bbox 2259 2367 2490 2434; x_wconf 88' lang='lat' dir='ltr'><strong>pericula</strong></span> <span class='ocrx_word' id='word_1_674' title='bbox 2520 2368 2696 2430; x_wconf 86' lang='lat' dir='ltr'><strong>adeat,</strong></span> <span class='ocrx_word' id='word_1_675' title='bbox 2727 2379 2780 2424; x_wconf 92' lang='lat' dir='ltr'><strong>et</strong></span> <span class='ocrx_word' id='word_1_676' title='bbox 2804 2371 2945 2440; x_wconf 92' lang='lat' dir='ltr'><strong>quod</strong></span> <span class='ocrx_word' id='word_1_677' title='bbox 2976 2373 3123 2442; x_wconf 86' lang='lat' dir='ltr'><strong>ipsos</strong></span> <span class='ocrx_word' id='word_1_678' title='bbox 3153 2375 3330 2430; x_wconf 83' lang='lat' dir='ltr'><strong>videat</strong></span> <span class='ocrx_word' id='word_1_679' title='bbox 3360 2377 3538 2433; x_wconf 83' lang='lat' dir='ltr'><strong>iocre-</strong></span> 
     </span>
    </p>
   </div>
   <div class='ocr_carea' id='block_1_84' title="bbox 1942 2457 3535 2535">
    <p class='ocr_par' dir='ltr' id='par_1_84' title="bbox 1942 2457 3535 2535">
     <span class='ocr_line' id='line_1_84' title="bbox 1942 2457 3535 2535; baseline 0.009 -27"><span class='ocrx_word' id='word_1_680' title='bbox 1942 2464 2182 2509; x_wconf 89' lang='lat' dir='ltr'><strong>mentum</strong></span> <span class='ocrx_word' id='word_1_681' title='bbox 2222 2457 2518 2526; x_wconf 85' lang='lat' dir='ltr'><strong>suscipere.</strong></span> <span class='ocrx_word' id='word_1_682' title='bbox 2562 2459 2765 2515; x_wconf 88' lang='lat' dir='ltr'><strong>Deinde</strong></span> <span class='ocrx_word' id='word_1_683' title='bbox 2802 2461 3004 2518; x_wconf 89' lang='lat' dir='ltr'><strong>faciens</strong></span> <span class='ocrx_word' id='word_1_684' title='bbox 3047 2465 3098 2519; x_wconf 91' lang='lat' dir='ltr'><strong>id</strong></span> <span class='ocrx_word' id='word_1_685' title='bbox 3139 2467 3282 2535; x_wconf 90' lang='lat' dir='ltr'><strong>quod</strong></span> <span class='ocrx_word' id='word_1_686' title='bbox 3322 2478 3404 2523; x_wconf 89' lang='lat' dir='ltr'><strong>est</strong></span> <span class='ocrx_word' id='word_1_687' title='bbox 3433 2469 3535 2522; x_wconf 88' lang='lat' dir='ltr'><strong>sibi</strong></span> 
     </span>
    </p>
   </div>
   <div class='ocr_carea' id='block_1_85' title="bbox 1942 2546 3540 2628">
    <p class='ocr_par' dir='ltr' id='par_1_85' title="bbox 1942 2546 3540 2628">
     <span class='ocr_line' id='line_1_85' title="bbox 1942 2546 3540 2628; baseline 0.009 -28"><span class='ocrx_word' id='word_1_688' title='bbox 1942 2546 2179 2613; x_wconf 88' lang='lat' dir='ltr'><strong>solitum,</strong></span> <span class='ocrx_word' id='word_1_689' title='bbox 2199 2547 2450 2615; x_wconf 91' lang='lat' dir='ltr'><strong>quoniam</strong></span> <span class='ocrx_word' id='word_1_690' title='bbox 2474 2564 2663 2619; x_wconf 86' lang='lat' dir='ltr'><strong>magna</strong></span> <span class='ocrx_word' id='word_1_691' title='bbox 2685 2561 2769 2605; x_wconf 90' lang='lat' dir='ltr'><strong>est</strong></span> <span class='ocrx_word' id='word_1_692' title='bbox 2788 2552 3055 2621; x_wconf 88' lang='lat' dir='ltr'><strong>loquutus,</strong></span> <span class='ocrx_word' id='word_1_693' title='bbox 3080 2566 3302 2628; x_wconf 87' lang='lat' dir='ltr'><strong>utraque</strong></span> <span class='ocrx_word' id='word_1_694' title='bbox 3322 2559 3540 2614; x_wconf 85' lang='lat' dir='ltr'><strong>Christo</strong></span> 
     </span>
    </p>
   </div>
   <div class='ocr_carea' id='block_1_86' title="bbox 1944 2637 3540 2715">
    <p class='ocr_par' dir='ltr' id='par_1_86' title="bbox 1944 2637 3540 2715">
     <span class='ocr_line' id='line_1_86' title="bbox 1944 2637 3540 2715; baseline 0.01 -25"><span class='ocrx_word' id='word_1_695' title='bbox 1944 2638 2147 2691; x_wconf 87' lang='lat' dir='ltr'><strong>tribuit.</strong></span> <span class='ocrx_word' id='word_1_696' title='bbox 2177 2637 2456 2705; x_wconf 90' lang='lat' dir='ltr'><strong>Quomodo</strong></span> <span class='ocrx_word' id='word_1_697' title='bbox 2479 2651 2658 2694; x_wconf 89' lang='lat' dir='ltr'><strong>autem</strong></span> <span class='ocrx_word' id='word_1_698' title='bbox 2682 2645 2908 2697; x_wconf 92' lang='lat' dir='ltr'><strong>moritur</strong></span> <span class='ocrx_word' id='word_1_699' title='bbox 2928 2647 3202 2715; x_wconf 87' lang='lat' dir='ltr'><strong>quotidie?</strong></span> <span class='ocrx_word' id='word_1_700' title='bbox 3227 2651 3401 2705; x_wconf 87' lang='lat' dir='ltr'><strong>Animi</strong></span> <span class='ocrx_word' id='word_1_701' title='bbox 3424 2652 3540 2706; x_wconf 85' lang='lat' dir='ltr'><strong>ala-</strong></span> 
     </span>
    </p>
   </div>
   <div class='ocr_carea' id='block_1_87' title="bbox 1942 2729 3539 2803">
    <p class='ocr_par' dir='ltr' id='par_1_87' title="bbox 1942 2729 3539 2803">
     <span class='ocr_line' id='line_1_87' title="bbox 1942 2729 3539 2803; baseline 0.009 -21"><span class='ocrx_word' id='word_1_702' title='bbox 1942 2729 2152 2795; x_wconf 87' lang='lat' dir='ltr'><strong>critate,</strong></span> <span class='ocrx_word' id='word_1_703' title='bbox 2183 2737 2238 2784; x_wconf 88' lang='lat' dir='ltr'><strong>et</strong></span> <span class='ocrx_word' id='word_1_704' title='bbox 2263 2729 2403 2799; x_wconf 90' lang='lat' dir='ltr'><strong>quod</strong></span> <span class='ocrx_word' id='word_1_705' title='bbox 2432 2730 2499 2784; x_wconf 90' lang='lat' dir='ltr'><strong>ad</strong></span> <span class='ocrx_word' id='word_1_706' title='bbox 2528 2731 2628 2786; x_wconf 86' lang='lat' dir='ltr'><strong>hoc</strong></span> <span class='ocrx_word' id='word_1_707' title='bbox 2651 2733 2720 2787; x_wconf 87' lang='lat' dir='ltr'><strong>sit</strong></span> <span class='ocrx_word' id='word_1_708' title='bbox 2745 2743 2980 2803; x_wconf 89' lang='lat' dir='ltr'><strong>paratus.</strong></span> <span class='ocrx_word' id='word_1_709' title='bbox 3015 2737 3084 2791; x_wconf 92' lang='lat' dir='ltr'><strong>Et</strong></span> <span class='ocrx_word' id='word_1_710' title='bbox 3107 2754 3205 2794; x_wconf 92' lang='lat' dir='ltr'><strong>cur</strong></span> <span class='ocrx_word' id='word_1_711' title='bbox 3231 2740 3348 2796; x_wconf 67' lang='lat' dir='ltr'><strong>haec</strong></span> <span class='ocrx_word' id='word_1_712' title='bbox 3376 2740 3539 2796; x_wconf 80' lang='lat' dir='ltr'><strong>dicit?</strong></span> 
     </span>
    </p>
   </div>
   <div class='ocr_carea' id='block_1_88' title="bbox 1941 2822 3540 2900">
    <p class='ocr_par' dir='ltr' id='par_1_88' title="bbox 1941 2822 3540 2900">
     <span class='ocr_line' id='line_1_88' title="bbox 1941 2822 3540 2900; baseline 0.006 -22"><span class='ocrx_word' id='word_1_713' title='bbox 1941 2823 2151 2878; x_wconf 84' lang='lat' dir='ltr'><strong>Rursus</strong></span> <span class='ocrx_word' id='word_1_714' title='bbox 2188 2837 2286 2892; x_wconf 89' lang='lat' dir='ltr'><strong>per</strong></span> <span class='ocrx_word' id='word_1_715' title='bbox 2327 2822 2440 2877; x_wconf 75' lang='lat' dir='ltr'><strong>btec</strong></span> <span class='ocrx_word' id='word_1_716' title='bbox 2470 2838 2686 2894; x_wconf 89' lang='lat' dir='ltr'><strong>quoque</strong></span> <span class='ocrx_word' id='word_1_717' title='bbox 2726 2826 3050 2883; x_wconf 83' lang='lat' dir='ltr'><strong>confirmans</strong></span> <span class='ocrx_word' id='word_1_718' title='bbox 3079 2831 3222 2900; x_wconf 90' lang='lat' dir='ltr'><strong>quod</strong></span> <span class='ocrx_word' id='word_1_719' title='bbox 3248 2833 3444 2888; x_wconf 91' lang='lat' dir='ltr'><strong>dicitur</strong></span> <span class='ocrx_word' id='word_1_720' title='bbox 3471 2832 3540 2888; x_wconf 89' lang='lat' dir='ltr'><strong>de</strong></span> 
     </span>
    </p>
   </div>
   <div class='ocr_carea' id='block_1_89' title="bbox 1945 2914 3541 2992">
    <p class='ocr_par' dir='ltr' id='par_1_89' title="bbox 1945 2914 3541 2992">
     <span class='ocr_line' id='line_1_89' title="bbox 1945 2914 3541 2992; baseline 0.005 -22"><span class='ocrx_word' id='word_1_721' title='bbox 1945 2914 2361 2970; x_wconf 81' lang='lat' dir='ltr'><strong>resurrectione.</strong></span> <span class='ocrx_word' id='word_1_722' title='bbox 2391 2914 2521 2980; x_wconf 90' lang='lat' dir='ltr'><strong>Quis</strong></span> <span class='ocrx_word' id='word_1_723' title='bbox 2545 2916 2710 2984; x_wconf 90' lang='lat' dir='ltr'><strong>enim,</strong></span> <span class='ocrx_word' id='word_1_724' title='bbox 2743 2918 2930 2989; x_wconf 90' lang='lat' dir='ltr'><strong>inquit,</strong></span> <span class='ocrx_word' id='word_1_725' title='bbox 2960 2924 3181 2992; x_wconf 83' lang='lat' dir='ltr'><strong>elegerit</strong></span> <span class='ocrx_word' id='word_1_726' title='bbox 3210 2934 3315 2980; x_wconf 90' lang='lat' dir='ltr'><strong>tam</strong></span> <span class='ocrx_word' id='word_1_727' title='bbox 3345 2927 3541 2980; x_wconf 87' lang='lat' dir='ltr'><strong>multas</strong></span> 
     </span>
    </p>
   </div>
   <div class='ocr_carea' id='block_1_90' title="bbox 1944 3008 3542 3085">
    <p class='ocr_par' dir='ltr' id='par_1_90' title="bbox 1944 3008 3542 3085">
     <span class='ocr_line' id='line_1_90' title="bbox 1944 3008 3542 3085; baseline 0.006 -22"><span class='ocrx_word' id='word_1_728' title='bbox 1944 3008 2128 3063; x_wconf 88' lang='lat' dir='ltr'><strong>subire</strong></span> <span class='ocrx_word' id='word_1_729' title='bbox 2171 3016 2410 3076; x_wconf 88' lang='lat' dir='ltr'><strong>mortes,</strong></span> <span class='ocrx_word' id='word_1_730' title='bbox 2441 3009 2488 3063; x_wconf 89' lang='lat' dir='ltr'><strong>si</strong></span> <span class='ocrx_word' id='word_1_731' title='bbox 2525 3025 2596 3065; x_wconf 92' lang='lat' dir='ltr'><strong>ne</strong></span> <span class='ocrx_word' id='word_1_732' title='bbox 2632 3011 2703 3065; x_wconf 91' lang='lat' dir='ltr'><strong>sit</strong></span> <span class='ocrx_word' id='word_1_733' title='bbox 2736 3013 2950 3082; x_wconf 91' lang='lat' dir='ltr'><strong>quidem</strong></span> <span class='ocrx_word' id='word_1_734' title='bbox 2994 3027 3176 3085; x_wconf 89' lang='lat' dir='ltr'><strong>postea</strong></span> <span class='ocrx_word' id='word_1_735' title='bbox 3218 3021 3542 3076; x_wconf 87' lang='lat' dir='ltr'><strong>resurrectio</strong></span> 
     </span>
    </p>
   </div>
   <div class='ocr_carea' id='block_1_91' title="bbox 1946 3101 3538 3179">
    <p class='ocr_par' dir='ltr' id='par_1_91' title="bbox 1946 3101 3538 3179">
     <span class='ocr_line' id='line_1_91' title="bbox 1946 3101 3538 3179; baseline 0.009 -26"><span class='ocrx_word' id='word_1_736' title='bbox 1946 3115 2121 3169; x_wconf 90' lang='lat' dir='ltr'><strong>neque</strong></span> <span class='ocrx_word' id='word_1_737' title='bbox 2147 3101 2296 3155; x_wconf 90' lang='lat' dir='ltr'><strong>vita?</strong></span> <span class='ocrx_word' id='word_1_738' title='bbox 2337 3101 2468 3156; x_wconf 84' lang='lat' dir='ltr'><strong>Nam</strong></span> <span class='ocrx_word' id='word_1_739' title='bbox 2508 3103 2553 3157; x_wconf 90' lang='lat' dir='ltr'><strong>si</strong></span> <span class='ocrx_word' id='word_1_740' title='bbox 2599 3103 2690 3173; x_wconf 92' lang='lat' dir='ltr'><strong>qui</strong></span> <span class='ocrx_word' id='word_1_741' title='bbox 2734 3106 2963 3162; x_wconf 89' lang='lat' dir='ltr'><strong>credunt</strong></span> <span class='ocrx_word' id='word_1_742' title='bbox 2999 3113 3378 3167; x_wconf 82' lang='lat' dir='ltr'><strong>resurrectioni</strong></span> <span class='ocrx_word' id='word_1_743' title='bbox 3407 3155 3420 3179; x_wconf 93' lang='lat'><strong>,</strong></span> <span class='ocrx_word' id='word_1_744' title='bbox 3448 3113 3538 3167; x_wconf 80' lang='lat' dir='ltr'><strong>vix</strong></span> 
     </span>
    </p>
   </div>
   <div class='ocr_carea' id='block_1_92' title="bbox 1947 3192 3536 3274">
    <p class='ocr_par' dir='ltr' id='par_1_92' title="bbox 1947 3192 3536 3274">
     <span class='ocr_line' id='line_1_92' title="bbox 1947 3192 3536 3274; baseline 0.006 -27"><span class='ocrx_word' id='word_1_745' title='bbox 1947 3207 2046 3263; x_wconf 89' lang='lat' dir='ltr'><strong>pro</strong></span> <span class='ocrx_word' id='word_1_746' title='bbox 2074 3206 2136 3248; x_wconf 89' lang='lat' dir='ltr'><strong>ea</strong></span> <span class='ocrx_word' id='word_1_747' title='bbox 2169 3192 2404 3262; x_wconf 88' lang='lat' dir='ltr'><strong>pericula</strong></span> <span class='ocrx_word' id='word_1_748' title='bbox 2433 3193 2664 3249; x_wconf 89' lang='lat' dir='ltr'><strong>adierint</strong></span> <span class='ocrx_word' id='word_1_749' title='bbox 2693 3194 2793 3250; x_wconf 91' lang='lat' dir='ltr'><strong>nisi</strong></span> <span class='ocrx_word' id='word_1_750' title='bbox 2824 3198 2931 3252; x_wconf 92' lang='lat' dir='ltr'><strong>sint</strong></span> <span class='ocrx_word' id='word_1_751' title='bbox 2959 3199 3127 3256; x_wconf 86' lang='lat' dir='ltr'><strong>fortes</strong></span> <span class='ocrx_word' id='word_1_752' title='bbox 3159 3218 3222 3259; x_wconf 89' lang='lat' dir='ltr'><strong>ac</strong></span> <span class='ocrx_word' id='word_1_753' title='bbox 3249 3204 3495 3274; x_wconf 90' lang='lat' dir='ltr'><strong>generosi</strong></span> <span class='ocrx_word' id='word_1_754' title='bbox 3523 3221 3536 3258; x_wconf 94' lang='lat'>:</span> 
     </span>
    </p>
   </div>
   <div class='ocr_carea' id='block_1_93' title="bbox 1947 3286 3540 3356">
    <p class='ocr_par' dir='ltr' id='par_1_93' title="bbox 1947 3286 3540 3356">
     <span class='ocr_line' id='line_1_93' title="bbox 1947 3286 3540 3356; baseline 0.007 -17"><span class='ocrx_word' id='word_1_755' title='bbox 1947 3286 2116 3340; x_wconf 89' lang='lat' dir='ltr'><strong>multo</strong></span> <span class='ocrx_word' id='word_1_756' title='bbox 2142 3286 2310 3356; x_wconf 89' lang='lat' dir='ltr'><strong>magis</strong></span> <span class='ocrx_word' id='word_1_757' title='bbox 2335 3287 2381 3341; x_wconf 93' lang='lat' dir='ltr'><strong>is</strong></span> <span class='ocrx_word' id='word_1_758' title='bbox 2405 3289 2494 3356; x_wconf 90' lang='lat' dir='ltr'><strong>qui</strong></span> <span class='ocrx_word' id='word_1_759' title='bbox 2520 3303 2626 3342; x_wconf 90' lang='lat' dir='ltr'><strong>non</strong></span> <span class='ocrx_word' id='word_1_760' title='bbox 2649 3289 2839 3354; x_wconf 89' lang='lat' dir='ltr'><strong>credit,</strong></span> <span class='ocrx_word' id='word_1_761' title='bbox 2865 3306 2969 3346; x_wconf 90' lang='lat' dir='ltr'><strong>non</strong></span> <span class='ocrx_word' id='word_1_762' title='bbox 3000 3302 3106 3348; x_wconf 91' lang='lat' dir='ltr'><strong>tam</strong></span> <span class='ocrx_word' id='word_1_763' title='bbox 3134 3296 3330 3352; x_wconf 86' lang='lat' dir='ltr'><strong>multas</strong></span> <span class='ocrx_word' id='word_1_764' title='bbox 3355 3305 3409 3351; x_wconf 90' lang='lat' dir='ltr'><strong>et</strong></span> <span class='ocrx_word' id='word_1_765' title='bbox 3432 3307 3540 3350; x_wconf 89' lang='lat' dir='ltr'><strong>tam</strong></span> 
     </span>
    </p>
   </div>
   <div class='ocr_carea' id='block_1_94' title="bbox 1947 3377 3545 3456">
    <p class='ocr_par' dir='ltr' id='par_1_94' title="bbox 1947 3377 3545 3456">
     <span class='ocr_line' id='line_1_94' title="bbox 1947 3377 3545 3456; baseline 0.005 -24"><span class='ocrx_word' id='word_1_766' title='bbox 1947 3393 2137 3448; x_wconf 84' lang='lat' dir='ltr'><strong>graves</strong></span> <span class='ocrx_word' id='word_1_767' title='bbox 2161 3394 2224 3433; x_wconf 90' lang='lat' dir='ltr'><strong>ac</strong></span> <span class='ocrx_word' id='word_1_768' title='bbox 2247 3377 2493 3434; x_wconf 87' lang='lat' dir='ltr'><strong>difficiles</strong></span> <span class='ocrx_word' id='word_1_769' title='bbox 2517 3391 2718 3436; x_wconf 90' lang='lat' dir='ltr'><strong>mortes</strong></span> <span class='ocrx_word' id='word_1_770' title='bbox 2738 3381 2978 3452; x_wconf 88' lang='lat' dir='ltr'><strong>elegerit.</strong></span> <span class='ocrx_word' id='word_1_771' title='bbox 3007 3384 3216 3441; x_wconf 84' lang='lat' dir='ltr'><strong>Etenim</strong></span> <span class='ocrx_word' id='word_1_772' title='bbox 3238 3387 3360 3441; x_wconf 83' lang='lat' dir='ltr'><strong>vide</strong></span> <span class='ocrx_word' id='word_1_773' title='bbox 3379 3402 3545 3456; x_wconf 90' lang='lat' dir='ltr'><strong>quan-</strong></span> 
     </span>
    </p>
   </div>
   <div class='ocr_carea' id='block_1_95' title="bbox 1951 3473 3542 3547">
    <p class='ocr_par' dir='ltr' id='par_1_95' title="bbox 1951 3473 3542 3547">
     <span class='ocr_line' id='line_1_95' title="bbox 1951 3473 3542 3547; baseline 0.004 -19"><span class='ocrx_word' id='word_1_774' title='bbox 1951 3485 2059 3528; x_wconf 90' lang='lat' dir='ltr'><strong>tum</strong></span> <span class='ocrx_word' id='word_1_775' title='bbox 2083 3475 2333 3543; x_wconf 89' lang='lat' dir='ltr'><strong>paulatim</strong></span> <span class='ocrx_word' id='word_1_776' title='bbox 2353 3473 2510 3528; x_wconf 89' lang='lat' dir='ltr'><strong>faciat</strong></span> <span class='ocrx_word' id='word_1_777' title='bbox 2526 3476 2932 3531; x_wconf 89' lang='lat' dir='ltr'><strong>incrementum.</strong></span> <span class='ocrx_word' id='word_1_778' title='bbox 2955 3477 3121 3542; x_wconf 81' lang='lat' dir='ltr'><strong>Dixit,</strong></span> <span class='ocrx_word' id='word_1_779' title='bbox 3144 3477 3542 3547; x_wconf 79' lang='lat' dir='ltr'><strong>Periclitemur;</strong></span> 
     </span>
    </p>
   </div>
   <div class='ocr_carea' id='block_1_96' title="bbox 1948 3566 3542 3643">
    <p class='ocr_par' dir='ltr' id='par_1_96' title="bbox 1948 3566 3542 3643">
     <span class='ocr_line' id='line_1_96' title="bbox 1948 3566 3542 3643; baseline 0.007 -22"><span class='ocrx_word' id='word_1_780' title='bbox 1948 3567 2190 3634; x_wconf 85' lang='lat' dir='ltr'><strong>addidit,</strong></span> <span class='ocrx_word' id='word_1_781' title='bbox 2236 3566 2389 3621; x_wconf 83' lang='lat' dir='ltr'><strong>Omni</strong></span> <span class='ocrx_word' id='word_1_782' title='bbox 2429 3568 2594 3630; x_wconf 84' lang='lat' dir='ltr'><strong>hora;</strong></span> <span class='ocrx_word' id='word_1_783' title='bbox 2627 3567 2822 3623; x_wconf 83' lang='lat' dir='ltr'><strong>deinde</strong></span> <span class='ocrx_word' id='word_1_784' title='bbox 2845 3609 2861 3634; x_wconf 91' lang='lat'><strong>,</strong></span> <span class='ocrx_word' id='word_1_785' title='bbox 2899 3569 3179 3638; x_wconf 81' lang='lat' dir='ltr'><strong>Quotidie;</strong></span> <span class='ocrx_word' id='word_1_786' title='bbox 3217 3585 3399 3643; x_wconf 85' lang='lat' dir='ltr'><strong>postea</strong></span> <span class='ocrx_word' id='word_1_787' title='bbox 3435 3591 3542 3632; x_wconf 91' lang='lat' dir='ltr'><strong>non</strong></span> 
     </span>
    </p>
   </div>
   <div class='ocr_carea' id='block_1_97' title="bbox 1949 3660 3545 3732">
    <p class='ocr_par' dir='ltr' id='par_1_97' title="bbox 1949 3660 3545 3732">
     <span class='ocr_line' id='line_1_97' title="bbox 1949 3660 3545 3732; baseline 0.006 -17"><span class='ocrx_word' id='word_1_788' title='bbox 1949 3661 2121 3716; x_wconf 88' lang='lat' dir='ltr'><strong>solum</strong></span> <span class='ocrx_word' id='word_1_789' title='bbox 2162 3660 2330 3726; x_wconf 91' lang='lat' dir='ltr'><strong>dicit,</strong></span> <span class='ocrx_word' id='word_1_790' title='bbox 2378 3661 2695 3727; x_wconf 89' lang='lat' dir='ltr'><strong>Periclitor,</strong></span> <span class='ocrx_word' id='word_1_791' title='bbox 2741 3661 2835 3716; x_wconf 90' lang='lat' dir='ltr'><strong>sed</strong></span> <span class='ocrx_word' id='word_1_792' title='bbox 2879 3663 3304 3732; x_wconf 88' lang='lat' dir='ltr'><strong>etiam,Morior.</strong></span> <span class='ocrx_word' id='word_1_793' title='bbox 3343 3668 3545 3724; x_wconf 86' lang='lat' dir='ltr'><strong>Deinde</strong></span> 
     </span>
    </p>
   </div>
   <div class='ocr_carea' id='block_1_98' title="bbox 1949 3751 3544 3820">
    <p class='ocr_par' dir='ltr' id='par_1_98' title="bbox 1949 3751 3544 3820">
     <span class='ocr_line' id='line_1_98' title="bbox 1949 3751 3544 3820; baseline 0.004 -15"><span class='ocrx_word' id='word_1_794' title='bbox 1949 3751 2185 3806; x_wconf 88' lang='lat' dir='ltr'><strong>ostendit</strong></span> <span class='ocrx_word' id='word_1_795' title='bbox 2208 3760 2262 3804; x_wconf 88' lang='lat' dir='ltr'><strong>et</strong></span> <span class='ocrx_word' id='word_1_796' title='bbox 2289 3760 2416 3820; x_wconf 92' lang='lat' dir='ltr'><strong>quot</strong></span> <span class='ocrx_word' id='word_1_797' title='bbox 2443 3764 2664 3813; x_wconf 88' lang='lat' dir='ltr'><strong>mortes,</strong></span> <span class='ocrx_word' id='word_1_798' title='bbox 2692 3751 2771 3806; x_wconf 91' lang='lat' dir='ltr'><strong>sic</strong></span> <span class='ocrx_word' id='word_1_799' title='bbox 2794 3753 2980 3808; x_wconf 90' lang='lat' dir='ltr'><strong>dicens</strong></span> <span class='ocrx_word' id='word_1_800' title='bbox 3010 3773 3023 3810; x_wconf 89' lang='lat'><strong>:</strong></span> <span class='ocrx_word' id='word_1_801' title='bbox 3053 3755 3142 3811; x_wconf 73' lang='grc'><strong>52.</strong></span> <span class='ocrx_word' id='word_1_802' title='bbox 3177 3757 3238 3811; x_wconf 90' lang='lat' dir='ltr'><strong>Si</strong></span> <span class='ocrx_word' id='word_1_803' title='bbox 3266 3760 3544 3812; x_wconf 86' lang='lat' dir='ltr'><strong>secundum</strong></span> 
     </span>
    </p>
   </div>
   <div class='ocr_carea' id='block_1_99' title="bbox 1952 3843 3547 3919">
    <p class='ocr_par' dir='ltr' id='par_1_99' title="bbox 1952 3843 3547 3919">
     <span class='ocr_line' id='line_1_99' title="bbox 1952 3843 3547 3919; baseline 0.004 -22"><span class='ocrx_word' id='word_1_804' title='bbox 1952 3845 2204 3897; x_wconf 82' lang='lat' dir='ltr'><strong>hominem</strong></span> <span class='ocrx_word' id='word_1_805' title='bbox 2227 3844 2296 3896; x_wconf 86' lang='lat' dir='ltr'><strong>ad</strong></span> <span class='ocrx_word' id='word_1_806' title='bbox 2323 3844 2505 3896; x_wconf 75' lang='lat' dir='ltr'><strong>bestias</strong></span> <span class='ocrx_word' id='word_1_807' title='bbox 2527 3843 2748 3913; x_wconf 82' lang='lat' dir='ltr'><strong>pugnavi</strong></span> <span class='ocrx_word' id='word_1_808' title='bbox 2775 3843 2984 3914; x_wconf 87' lang='lat' dir='ltr'><strong>Ephesi,</strong></span> <span class='ocrx_word' id='word_1_809' title='bbox 3007 3848 3132 3916; x_wconf 87' lang='lat' dir='ltr'><strong>quid</strong></span> <span class='ocrx_word' id='word_1_810' title='bbox 3155 3848 3282 3902; x_wconf 87' lang='lat' dir='ltr'><strong>mihi</strong></span> <span class='ocrx_word' id='word_1_811' title='bbox 3305 3849 3547 3919; x_wconf 74' lang='lat' dir='ltr'><strong>prodest!</strong></span> 
     </span>
    </p>
   </div>
   <div class='ocr_carea' id='block_1_100' title="bbox 2023 3935 3534 4007">
    <p class='ocr_par' dir='ltr' id='par_1_100' title="bbox 2023 3935 3534 4007">
     <span class='ocr_line' id='line_1_100' title="bbox 2023 3935 3534 4007; baseline 0.004 -17"><span class='ocrx_word' id='word_1_812' title='bbox 2023 3936 2076 3990; x_wconf 77' lang='lat'><strong>3.</strong></span> <span class='ocrx_word' id='word_1_813' title='bbox 2115 3936 2253 4003; x_wconf 84' lang='lat' dir='ltr'><strong>Quid</strong></span> <span class='ocrx_word' id='word_1_814' title='bbox 2282 3945 2398 4001; x_wconf 89' lang='lat' dir='ltr'><strong>est,</strong></span> <span class='ocrx_word' id='word_1_815' title='bbox 2429 3935 2492 3990; x_wconf 88' lang='lat' dir='ltr'><strong>Si</strong></span> <span class='ocrx_word' id='word_1_816' title='bbox 2516 3935 2793 3990; x_wconf 83' lang='lat' dir='ltr'><strong>secundum</strong></span> <span class='ocrx_word' id='word_1_817' title='bbox 2832 3937 3129 3992; x_wconf 85' lang='lat' dir='ltr'><strong>hominem?</strong></span> <span class='ocrx_word' id='word_1_818' title='bbox 3156 3939 3311 4007; x_wconf 84' lang='lat' dir='ltr'><strong>Quod</strong></span> <span class='ocrx_word' id='word_1_819' title='bbox 3337 3942 3405 3996; x_wconf 84' lang='lat' dir='ltr'><strong>ad</strong></span> <span class='ocrx_word' id='word_1_820' title='bbox 3436 3943 3534 3996; x_wconf 82' lang='lat' dir='ltr'><strong>lto-</strong></span> 
     </span>
    </p>
   </div>
   <div class='ocr_carea' id='block_1_101' title="bbox 1952 4027 3549 4099">
    <p class='ocr_par' dir='ltr' id='par_1_101' title="bbox 1952 4027 3549 4099">
     <span class='ocr_line' id='line_1_101' title="bbox 1952 4027 3549 4099; baseline 0.004 -15"><span class='ocrx_word' id='word_1_821' title='bbox 1952 4030 2127 4084; x_wconf 87' lang='lat' dir='ltr'><strong>mines</strong></span> <span class='ocrx_word' id='word_1_822' title='bbox 2153 4029 2366 4091; x_wconf 86' lang='lat' dir='ltr'><strong>attinet,</strong></span> <span class='ocrx_word' id='word_1_823' title='bbox 2413 4027 2642 4099; x_wconf 85' lang='lat' dir='ltr'><strong>pugnavi</strong></span> <span class='ocrx_word' id='word_1_824' title='bbox 2686 4043 2807 4083; x_wconf 92' lang='lat' dir='ltr'><strong>cum</strong></span> <span class='ocrx_word' id='word_1_825' title='bbox 2850 4030 3059 4085; x_wconf 90' lang='lat' dir='ltr'><strong>bestiis.</strong></span> <span class='ocrx_word' id='word_1_826' title='bbox 3113 4031 3253 4098; x_wconf 89' lang='lat' dir='ltr'><strong>Quid</strong></span> <span class='ocrx_word' id='word_1_827' title='bbox 3307 4035 3450 4089; x_wconf 88' lang='lat' dir='ltr'><strong>enim</strong></span> <span class='ocrx_word' id='word_1_828' title='bbox 3501 4036 3549 4091; x_wconf 89' lang='lat' dir='ltr'><strong>si</strong></span> 
     </span>
    </p>
   </div>
   <div class='ocr_carea' id='block_1_102' title="bbox 1952 4120 3544 4194">
    <p class='ocr_par' dir='ltr' id='par_1_102' title="bbox 1952 4120 3544 4194">
     <span class='ocr_line' id='line_1_102' title="bbox 1952 4120 3544 4194; baseline 0.003 -17"><span class='ocrx_word' id='word_1_829' title='bbox 1952 4137 2042 4177; x_wconf 89' lang='lat' dir='ltr'><strong>me</strong></span> <span class='ocrx_word' id='word_1_830' title='bbox 2074 4122 2213 4175; x_wconf 90' lang='lat' dir='ltr'><strong>Deus</strong></span> <span class='ocrx_word' id='word_1_831' title='bbox 2242 4121 2440 4190; x_wconf 88' lang='lat' dir='ltr'><strong>eripuit</strong></span> <span class='ocrx_word' id='word_1_832' title='bbox 2476 4137 2505 4173; x_wconf 90' lang='lat' dir='ltr'><strong>a</strong></span> <span class='ocrx_word' id='word_1_833' title='bbox 2533 4121 2828 4189; x_wconf 81' lang='lat' dir='ltr'><strong>periculis?</strong></span> <span class='ocrx_word' id='word_1_834' title='bbox 2865 4120 3044 4187; x_wconf 89' lang='lat' dir='ltr'><strong>Quare</strong></span> <span class='ocrx_word' id='word_1_835' title='bbox 3071 4125 3159 4194; x_wconf 90' lang='lat' dir='ltr'><strong>qui</strong></span> <span class='ocrx_word' id='word_1_836' title='bbox 3188 4139 3286 4193; x_wconf 89' lang='lat' dir='ltr'><strong>pro</strong></span> <span class='ocrx_word' id='word_1_837' title='bbox 3314 4124 3396 4179; x_wconf 89' lang='lat' dir='ltr'><strong>his</strong></span> <span class='ocrx_word' id='word_1_838' title='bbox 3426 4143 3544 4181; x_wconf 88' lang='lat' dir='ltr'><strong>ma-</strong></span> 
     </span>
    </p>
   </div>
   <div class='ocr_carea' id='block_1_103' title="bbox 1953 4212 3548 4285">
    <p class='ocr_par' dir='ltr' id='par_1_103' title="bbox 1953 4212 3548 4285">
     <span class='ocr_line' id='line_1_103' title="bbox 1953 4212 3548 4285; baseline 0.003 -17"><span class='ocrx_word' id='word_1_839' title='bbox 1953 4215 2099 4269; x_wconf 81' lang='lat' dir='ltr'><strong>xime</strong></span> <span class='ocrx_word' id='word_1_840' title='bbox 2127 4213 2299 4268; x_wconf 91' lang='lat' dir='ltr'><strong>debeo</strong></span> <span class='ocrx_word' id='word_1_841' title='bbox 2326 4227 2448 4268; x_wconf 92' lang='lat' dir='ltr'><strong>esse</strong></span> <span class='ocrx_word' id='word_1_842' title='bbox 2474 4212 2755 4277; x_wconf 90' lang='lat' dir='ltr'><strong>sollicitus,</strong></span> <span class='ocrx_word' id='word_1_843' title='bbox 2802 4227 2903 4283; x_wconf 88' lang='lat' dir='ltr'><strong>ego</strong></span> <span class='ocrx_word' id='word_1_844' title='bbox 2933 4227 3073 4279; x_wconf 82' lang='lat' dir='ltr'><strong>sunt,</strong></span> <span class='ocrx_word' id='word_1_845' title='bbox 3108 4215 3200 4285; x_wconf 90' lang='lat' dir='ltr'><strong>qui</strong></span> <span class='ocrx_word' id='word_1_846' title='bbox 3234 4223 3340 4270; x_wconf 87' lang='lat' dir='ltr'><strong>tam</strong></span> <span class='ocrx_word' id='word_1_847' title='bbox 3380 4218 3548 4273; x_wconf 83' lang='lat' dir='ltr'><strong>multa</strong></span> 
     </span>
    </p>
   </div>
   <div class='ocr_carea' id='block_1_104' title="bbox 1956 4305 3546 4378">
    <p class='ocr_par' dir='ltr' id='par_1_104' title="bbox 1956 4305 3546 4378">
     <span class='ocr_line' id='line_1_104' title="bbox 1956 4305 3546 4378; baseline 0.004 -16"><span class='ocrx_word' id='word_1_848' title='bbox 1956 4307 2197 4362; x_wconf 90' lang='lat' dir='ltr'><strong>sustineo</strong></span> <span class='ocrx_word' id='word_1_849' title='bbox 2242 4306 2498 4375; x_wconf 88' lang='lat' dir='ltr'><strong>pericula,</strong></span> <span class='ocrx_word' id='word_1_850' title='bbox 2543 4314 2600 4360; x_wconf 91' lang='lat' dir='ltr'><strong>et</strong></span> <span class='ocrx_word' id='word_1_851' title='bbox 2637 4305 2812 4360; x_wconf 87' lang='lat' dir='ltr'><strong>adhuc</strong></span> <span class='ocrx_word' id='word_1_852' title='bbox 2841 4306 3038 4360; x_wconf 91' lang='lat' dir='ltr'><strong>nullam</strong></span> <span class='ocrx_word' id='word_1_853' title='bbox 3067 4309 3252 4378; x_wconf 89' lang='lat' dir='ltr'><strong>accepi</strong></span> <span class='ocrx_word' id='word_1_854' title='bbox 3288 4324 3546 4368; x_wconf 87' lang='lat' dir='ltr'><strong>remune-</strong></span> 
     </span>
    </p>
   </div>
   <div class='ocr_carea' id='block_1_105' title="bbox 1956 4395 3549 4467">
    <p class='ocr_par' dir='ltr' id='par_1_105' title="bbox 1956 4395 3549 4467">
     <span class='ocr_line' id='line_1_105' title="bbox 1956 4395 3549 4467; baseline 0.003 -15"><span class='ocrx_word' id='word_1_855' title='bbox 1956 4398 2241 4452; x_wconf 86' lang='lat' dir='ltr'><strong>rationem.</strong></span> <span class='ocrx_word' id='word_1_856' title='bbox 2285 4395 2418 4450; x_wconf 86' lang='lat' dir='ltr'><strong>Nam</strong></span> <span class='ocrx_word' id='word_1_857' title='bbox 2448 4397 2493 4450; x_wconf 91' lang='lat' dir='ltr'><strong>si</strong></span> <span class='ocrx_word' id='word_1_858' title='bbox 2519 4411 2624 4449; x_wconf 91' lang='lat' dir='ltr'><strong>non</strong></span> <span class='ocrx_word' id='word_1_859' title='bbox 2657 4395 2878 4450; x_wconf 88' lang='lat' dir='ltr'><strong>advenit</strong></span> <span class='ocrx_word' id='word_1_860' title='bbox 2913 4408 3122 4467; x_wconf 84' lang='lat' dir='ltr'><strong>tempus</strong></span> <span class='ocrx_word' id='word_1_861' title='bbox 3151 4403 3549 4456; x_wconf 85' lang='lat' dir='ltr'><strong>remuneratio-</strong></span> 
     </span>
    </p>
   </div>
   <div class='ocr_carea' id='block_1_106' title="bbox 1957 4489 3553 4559">
    <p class='ocr_par' dir='ltr' id='par_1_106' title="bbox 1957 4489 3553 4559">
     <span class='ocr_line' id='line_1_106' title="bbox 1957 4489 3553 4559; baseline 0.001 -14"><span class='ocrx_word' id='word_1_862' title='bbox 1957 4491 2064 4556; x_wconf 89' lang='lat' dir='ltr'><strong>nis,</strong></span> <span class='ocrx_word' id='word_1_863' title='bbox 2093 4489 2186 4545; x_wconf 91' lang='lat' dir='ltr'><strong>sed</strong></span> <span class='ocrx_word' id='word_1_864' title='bbox 2216 4489 2354 4543; x_wconf 90' lang='lat' dir='ltr'><strong>intra</strong></span> <span class='ocrx_word' id='word_1_865' title='bbox 2399 4503 2637 4559; x_wconf 61' lang='lat' dir='ltr'><strong>praesens</strong></span> <span class='ocrx_word' id='word_1_866' title='bbox 2666 4498 2876 4557; x_wconf 87' lang='lat' dir='ltr'><strong>tempus</strong></span> <span class='ocrx_word' id='word_1_867' title='bbox 2907 4503 2996 4543; x_wconf 91' lang='lat' dir='ltr'><strong>res</strong></span> <span class='ocrx_word' id='word_1_868' title='bbox 3039 4497 3238 4544; x_wconf 60' lang='lat' dir='ltr'><strong>nostrm</strong></span> <span class='ocrx_word' id='word_1_869' title='bbox 3269 4502 3394 4546; x_wconf 92' lang='lat' dir='ltr'><strong>sunt</strong></span> <span class='ocrx_word' id='word_1_870' title='bbox 3421 4509 3553 4548; x_wconf 89' lang='lat' dir='ltr'><strong>con-</strong></span> 
     </span>
    </p>
   </div>
   <div class='ocr_carea' id='block_1_107' title="bbox 1957 4581 3551 4656">
    <p class='ocr_par' dir='ltr' id='par_1_107' title="bbox 1957 4581 3551 4656">
     <span class='ocr_line' id='line_1_107' title="bbox 1957 4581 3551 4656; baseline 0.004 -19"><span class='ocrx_word' id='word_1_871' title='bbox 1957 4585 2141 4646; x_wconf 65' lang='lat' dir='ltr'><strong>clusae,</strong></span> <span class='ocrx_word' id='word_1_872' title='bbox 2171 4597 2270 4636; x_wconf 90' lang='lat' dir='ltr'><strong>nos</strong></span> <span class='ocrx_word' id='word_1_873' title='bbox 2292 4581 2462 4651; x_wconf 86' lang='lat' dir='ltr'><strong>majus</strong></span> <span class='ocrx_word' id='word_1_874' title='bbox 2492 4581 2748 4636; x_wconf 85' lang='lat' dir='ltr'><strong>damnum</strong></span> <span class='ocrx_word' id='word_1_875' title='bbox 2775 4583 3024 4650; x_wconf 86' lang='lat' dir='ltr'><strong>patimur.</strong></span> <span class='ocrx_word' id='word_1_876' title='bbox 3053 4583 3188 4638; x_wconf 89' lang='lat' dir='ltr'><strong>Nam</strong></span> <span class='ocrx_word' id='word_1_877' title='bbox 3211 4600 3308 4639; x_wconf 89' lang='lat' dir='ltr'><strong>vos</strong></span> <span class='ocrx_word' id='word_1_878' title='bbox 3335 4587 3551 4656; x_wconf 89' lang='lat' dir='ltr'><strong>quidem</strong></span> 
     </span>
    </p>
   </div>
   <div class='ocr_carea' id='block_1_108' title="bbox 1958 4672 3552 4743">
    <p class='ocr_par' dir='ltr' id='par_1_108' title="bbox 1958 4672 3552 4743">
     <span class='ocr_line' id='line_1_108' title="bbox 1958 4672 3552 4743; baseline 0.002 -13"><span class='ocrx_word' id='word_1_879' title='bbox 1958 4675 2091 4730; x_wconf 88' lang='lat' dir='ltr'><strong>citra</strong></span> <span class='ocrx_word' id='word_1_880' title='bbox 2137 4673 2432 4743; x_wconf 90' lang='lat' dir='ltr'><strong>perieulum</strong></span> <span class='ocrx_word' id='word_1_881' title='bbox 2474 4672 2780 4728; x_wconf 88' lang='lat' dir='ltr'><strong>credidistis</strong></span> <span class='ocrx_word' id='word_1_882' title='bbox 2825 4691 2837 4726; x_wconf 93' lang='lat'>:</span> <span class='ocrx_word' id='word_1_883' title='bbox 2883 4689 2982 4728; x_wconf 91' lang='lat' dir='ltr'><strong>nos</strong></span> <span class='ocrx_word' id='word_1_884' title='bbox 3023 4684 3201 4730; x_wconf 89' lang='lat' dir='ltr'><strong>autem</strong></span> <span class='ocrx_word' id='word_1_885' title='bbox 3255 4688 3552 4734; x_wconf 82' lang='lat' dir='ltr'><strong>mactantur</strong></span> 
     </span>
    </p>
   </div>
   <div class='ocr_carea' id='block_1_109' title="bbox 1961 4763 3550 4837">
    <p class='ocr_par' dir='ltr' id='par_1_109' title="bbox 1961 4763 3550 4837">
     <span class='ocr_line' id='line_1_109' title="bbox 1961 4763 3550 4837; baseline 0.003 -19"><span class='ocrx_word' id='word_1_886' title='bbox 1961 4765 2217 4835; x_wconf 91' lang='lat' dir='ltr'><strong>quotidie.</strong></span> <span class='ocrx_word' id='word_1_887' title='bbox 2252 4764 2379 4819; x_wconf 65' lang='lat' dir='ltr'><strong>Haec</strong></span> <span class='ocrx_word' id='word_1_888' title='bbox 2399 4772 2577 4818; x_wconf 87' lang='lat' dir='ltr'><strong>autem</strong></span> <span class='ocrx_word' id='word_1_889' title='bbox 2606 4765 2784 4818; x_wconf 90' lang='lat' dir='ltr'><strong>omnia</strong></span> <span class='ocrx_word' id='word_1_890' title='bbox 2812 4763 3044 4831; x_wconf 82' lang='lat' dir='ltr'><strong>dicebat,</strong></span> <span class='ocrx_word' id='word_1_891' title='bbox 3079 4782 3183 4819; x_wconf 87' lang='lat' dir='ltr'><strong>non</strong></span> <span class='ocrx_word' id='word_1_892' title='bbox 3215 4769 3465 4837; x_wconf 87' lang='lat' dir='ltr'><strong>quoniam</strong></span> <span class='ocrx_word' id='word_1_893' title='bbox 3495 4772 3550 4828; x_wconf 88' lang='lat' dir='ltr'><strong>in</strong></span> 
     </span>
    </p>
   </div>
   <div class='ocr_carea' id='block_1_110' title="bbox 1963 4856 3554 4930">
    <p class='ocr_par' dir='ltr' id='par_1_110' title="bbox 1963 4856 3554 4930">
     <span class='ocr_line' id='line_1_110' title="bbox 1963 4856 3554 4930; baseline 0 -15"><span class='ocrx_word' id='word_1_894' title='bbox 1963 4859 2215 4929; x_wconf 88' lang='lat' dir='ltr'><strong>patiendo</strong></span> <span class='ocrx_word' id='word_1_895' title='bbox 2242 4858 2445 4914; x_wconf 90' lang='lat' dir='ltr'><strong>nullam</strong></span> <span class='ocrx_word' id='word_1_896' title='bbox 2475 4857 2698 4911; x_wconf 89' lang='lat' dir='ltr'><strong>haberet</strong></span> <span class='ocrx_word' id='word_1_897' title='bbox 2724 4856 3029 4923; x_wconf 85' lang='lat' dir='ltr'><strong>utilitatem,</strong></span> <span class='ocrx_word' id='word_1_898' title='bbox 3061 4858 3155 4912; x_wconf 90' lang='lat' dir='ltr'><strong>sed</strong></span> <span class='ocrx_word' id='word_1_899' title='bbox 3179 4870 3398 4930; x_wconf 88' lang='lat' dir='ltr'><strong>propter</strong></span> <span class='ocrx_word' id='word_1_900' title='bbox 3426 4862 3554 4915; x_wconf 89' lang='lat' dir='ltr'><strong>mul-</strong></span> 
     </span>
    </p>
   </div>
   <div class='ocr_carea' id='block_1_111' title="bbox 1965 4949 3555 5018">
    <p class='ocr_par' dir='ltr' id='par_1_111' title="bbox 1965 4949 3555 5018">
     <span class='ocr_line' id='line_1_111' title="bbox 1965 4949 3555 5018; baseline 0 -11"><span class='ocrx_word' id='word_1_901' title='bbox 1965 4964 2140 5008; x_wconf 88' lang='lat' dir='ltr'><strong>torum</strong></span> <span class='ocrx_word' id='word_1_902' title='bbox 2178 4949 2626 5011; x_wconf 88' lang='lat' dir='ltr'><strong>imbecillitatem,</strong></span> <span class='ocrx_word' id='word_1_903' title='bbox 2655 4956 2712 5001; x_wconf 91' lang='lat' dir='ltr'><strong>et</strong></span> <span class='ocrx_word' id='word_1_904' title='bbox 2737 4955 2797 5002; x_wconf 93' lang='lat' dir='ltr'><strong>ut</strong></span> <span class='ocrx_word' id='word_1_905' title='bbox 2825 4949 2972 5018; x_wconf 90' lang='lat' dir='ltr'><strong>ipsos</strong></span> <span class='ocrx_word' id='word_1_906' title='bbox 3009 4950 3359 5006; x_wconf 88' lang='lat' dir='ltr'><strong>confirmaret</strong></span> <span class='ocrx_word' id='word_1_907' title='bbox 3390 4953 3441 5006; x_wconf 88' lang='lat' dir='ltr'><strong>itt</strong></span> <span class='ocrx_word' id='word_1_908' title='bbox 3466 4971 3555 5008; x_wconf 88' lang='lat' dir='ltr'><strong>ra-</strong></span> 
     </span>
    </p>
   </div>
   <div class='ocr_carea' id='block_1_112' title="bbox 1965 5039 3560 5116">
    <p class='ocr_par' dir='ltr' id='par_1_112' title="bbox 1965 5039 3560 5116">
     <span class='ocr_line' id='line_1_112' title="bbox 1965 5039 3560 5116; baseline 0.001 -17"><span class='ocrx_word' id='word_1_909' title='bbox 1965 5045 2112 5099; x_wconf 87' lang='lat' dir='ltr'><strong>tione</strong></span> <span class='ocrx_word' id='word_1_910' title='bbox 2139 5041 2550 5098; x_wconf 83' lang='lat' dir='ltr'><strong>resurrectimtis</strong></span> <span class='ocrx_word' id='word_1_911' title='bbox 2584 5059 2596 5092; x_wconf 91' lang='lat'><strong>:</strong></span> <span class='ocrx_word' id='word_1_912' title='bbox 2630 5055 2741 5093; x_wconf 87' lang='lat' dir='ltr'><strong>non</strong></span> <span class='ocrx_word' id='word_1_913' title='bbox 2769 5039 2914 5108; x_wconf 90' lang='lat' dir='ltr'><strong>quod</strong></span> <span class='ocrx_word' id='word_1_914' title='bbox 2941 5041 3056 5110; x_wconf 86' lang='lat' dir='ltr'><strong>ipse</strong></span> <span class='ocrx_word' id='word_1_915' title='bbox 3076 5053 3319 5098; x_wconf 85' lang='lat' dir='ltr'><strong>curreret</strong></span> <span class='ocrx_word' id='word_1_916' title='bbox 3341 5057 3560 5116; x_wconf 88' lang='lat' dir='ltr'><strong>propter</strong></span> 
     </span>
    </p>
   </div>
   <div class='ocr_carea' id='block_1_113' title="bbox 1967 5131 3558 5204">
    <p class='ocr_par' dir='ltr' id='par_1_113' title="bbox 1967 5131 3558 5204">
     <span class='ocr_line' id='line_1_113' title="bbox 1967 5131 3558 5204; baseline 0.001 -13"><span class='ocrx_word' id='word_1_917' title='bbox 1967 5135 2270 5192; x_wconf 88' lang='lat' dir='ltr'><strong>mercedem</strong></span> <span class='ocrx_word' id='word_1_918' title='bbox 2301 5152 2314 5188; x_wconf 91' lang='lat'>:</span> <span class='ocrx_word' id='word_1_919' title='bbox 2340 5141 2458 5187; x_wconf 88' lang='lat' dir='ltr'><strong>erat</strong></span> <span class='ocrx_word' id='word_1_920' title='bbox 2499 5131 2642 5186; x_wconf 91' lang='lat' dir='ltr'><strong>enim</strong></span> <span class='ocrx_word' id='word_1_921' title='bbox 2678 5131 2951 5186; x_wconf 87' lang='lat' dir='ltr'><strong>sufficiens</strong></span> <span class='ocrx_word' id='word_1_922' title='bbox 2976 5131 3025 5186; x_wconf 92' lang='lat' dir='ltr'><strong>ei</strong></span> <span class='ocrx_word' id='word_1_923' title='bbox 3059 5137 3455 5204; x_wconf 89' lang='lat' dir='ltr'><strong>remuneratio,</strong></span> <span class='ocrx_word' id='word_1_924' title='bbox 3504 5138 3558 5193; x_wconf 90' lang='lat' dir='ltr'><strong>id</strong></span> 
     </span>
    </p>
   </div>
   <div class='ocr_carea' id='block_1_114' title="bbox 1969 5207 3561 5298">
    <p class='ocr_par' dir='ltr' id='par_1_114' title="bbox 1969 5207 3561 5298">
     <span class='ocr_line' id='line_1_114' title="bbox 1969 5207 3561 5298; baseline 0 -15"><span class='ocrx_word' id='word_1_925' title='bbox 1969 5228 2145 5284; x_wconf 89' lang='lat' dir='ltr'><strong>facere</strong></span> <span class='ocrx_word' id='word_1_926' title='bbox 2172 5224 2314 5298; x_wconf 92' lang='lat' dir='ltr'><strong>quod</strong></span> <span class='ocrx_word' id='word_1_927' title='bbox 2340 5225 2450 5279; x_wconf 88' lang='lat' dir='ltr'><strong>Deo</strong></span> <span class='ocrx_word' id='word_1_928' title='bbox 2475 5224 2729 5293; x_wconf 89' lang='lat' dir='ltr'><strong>placeret.</strong></span> <span class='ocrx_word' id='word_1_929' title='bbox 2775 5224 3132 5290; x_wconf 89' lang='lat' dir='ltr'><strong>Quamobrem</strong></span> <span class='ocrx_word' id='word_1_930' title='bbox 3160 5226 3318 5280; x_wconf 89' lang='lat' dir='ltr'><strong>etiam</strong></span> <span class='ocrx_word' id='word_1_931' title='bbox 3345 5207 3561 5298; x_wconf 85' lang='lat' dir='ltr'><strong>quando</strong></span> 
     </span>
    </p>
   </div>
   <div class='ocr_carea' id='block_1_115' title="bbox 1970 5314 3561 5386">
    <p class='ocr_par' dir='ltr' id='par_1_115' title="bbox 1970 5314 3561 5386">
     <span class='ocr_line' id='line_1_115' title="bbox 1970 5314 3561 5386; baseline -0.001 -11"><span class='ocrx_word' id='word_1_932' title='bbox 1970 5320 2119 5386; x_wconf 86' lang='lat' dir='ltr'><strong>dtcit,</strong></span> <span class='ocrx_word' id='word_1_933' title='bbox 2153 5319 2214 5372; x_wconf 86' lang='lat' dir='ltr'><strong>Si</strong></span> <span class='ocrx_word' id='word_1_934' title='bbox 2233 5321 2287 5371; x_wconf 83' lang='lat' dir='ltr'><strong>in</strong></span> <span class='ocrx_word' id='word_1_935' title='bbox 2312 5317 2408 5370; x_wconf 88' lang='lat' dir='ltr'><strong>hac</strong></span> <span class='ocrx_word' id='word_1_936' title='bbox 2433 5319 2535 5369; x_wconf 85' lang='lat' dir='ltr'><strong>vita</strong></span> <span class='ocrx_word' id='word_1_937' title='bbox 2562 5330 2825 5384; x_wconf 86' lang='lat' dir='ltr'><strong>speramus</strong></span> <span class='ocrx_word' id='word_1_938' title='bbox 2849 5317 2903 5368; x_wconf 86' lang='lat' dir='ltr'><strong>in</strong></span> <span class='ocrx_word' id='word_1_939' title='bbox 2932 5314 3131 5370; x_wconf 85' lang='lat' dir='ltr'><strong>Christo</strong></span> <span class='ocrx_word' id='word_1_940' title='bbox 3161 5327 3378 5384; x_wconf 86' lang='lat' dir='ltr'><strong>tantum,</strong></span> <span class='ocrx_word' id='word_1_941' title='bbox 3410 5321 3561 5374; x_wconf 83' lang='lat' dir='ltr'><strong>mise-</strong></span> 
     </span>
    </p>
   </div>
   <div class='ocr_carea' id='block_1_116' title="bbox 1969 5407 3568 5466">
    <p class='ocr_par' dir='ltr' id='par_1_116' title="bbox 1969 5407 3568 5466">
     <span class='ocr_line' id='line_1_116' title="bbox 1969 5407 3568 5466; baseline 0 0"><span class='ocrx_word' id='word_1_942' title='bbox 1969 5411 2235 5466; x_wconf 79' lang='lat' dir='ltr'><strong>rabiliores</strong></span> <span class='ocrx_word' id='word_1_943' title='bbox 2273 5409 2505 5463; x_wconf 82' lang='lat' dir='ltr'><strong>omnibus</strong></span> <span class='ocrx_word' id='word_1_944' title='bbox 2533 5407 2820 5460; x_wconf 86' lang='lat' dir='ltr'><strong>hominibus</strong></span> <span class='ocrx_word' id='word_1_945' title='bbox 2847 5423 3044 5460; x_wconf 84' lang='lat' dir='ltr'><strong>sumus.</strong></span> <span class='ocrx_word' id='word_1_946' title='bbox 3083 5408 3258 5463; x_wconf 86' lang='lat' dir='ltr'><strong>Etiam</strong></span> <span class='ocrx_word' id='word_1_947' title='bbox 3297 5411 3407 5465; x_wconf 91' lang='lat' dir='ltr'><strong>illic</strong></span> <span class='ocrx_word' id='word_1_948' title='bbox 3447 5428 3568 5466; x_wconf 81' lang='lat' dir='ltr'><strong>rur</strong></span> 
     </span>
    </p>
   </div>
   <div class='ocr_carea' id='block_1_117' title="bbox 1973 5497 3565 5572">
    <p class='ocr_par' dir='ltr' id='par_1_117' title="bbox 1973 5497 3565 5572">
     <span class='ocr_line' id='line_1_117' title="bbox 1973 5497 3565 5572; baseline -0.002 -15"><span class='ocrx_word' id='word_1_949' title='bbox 1973 5517 2068 5557; x_wconf 85' lang='lat' dir='ltr'><strong>sus</strong></span> <span class='ocrx_word' id='word_1_950' title='bbox 2093 5509 2312 5572; x_wconf 89' lang='lat' dir='ltr'><strong>propter</strong></span> <span class='ocrx_word' id='word_1_951' title='bbox 2337 5499 2480 5563; x_wconf 87' lang='lat' dir='ltr'><strong>illos,</strong></span> <span class='ocrx_word' id='word_1_952' title='bbox 2529 5506 2589 5552; x_wconf 91' lang='lat' dir='ltr'><strong>ut</strong></span> <span class='ocrx_word' id='word_1_953' title='bbox 2630 5508 2776 5552; x_wconf 91' lang='lat' dir='ltr'><strong>metu</strong></span> <span class='ocrx_word' id='word_1_954' title='bbox 2813 5497 2972 5568; x_wconf 87' lang='lat' dir='ltr'><strong>hujus</strong></span> <span class='ocrx_word' id='word_1_955' title='bbox 3002 5498 3234 5554; x_wconf 75' lang='lat' dir='ltr'><strong>miseria:</strong></span> <span class='ocrx_word' id='word_1_956' title='bbox 3264 5516 3452 5556; x_wconf 88' lang='lat' dir='ltr'><strong>eorum</strong></span> <span class='ocrx_word' id='word_1_957' title='bbox 3494 5501 3565 5555; x_wconf 89' lang='lat' dir='ltr'><strong>de</strong></span> 
     </span>
    </p>
   </div>
   <div class='ocr_carea' id='block_1_118' title="bbox 1973 5590 3566 5662">
    <p class='ocr_par' dir='ltr' id='par_1_118' title="bbox 1973 5590 3566 5662">
     <span class='ocr_line' id='line_1_118' title="bbox 1973 5590 3566 5662; baseline -0.004 -9"><span class='ocrx_word' id='word_1_958' title='bbox 1973 5597 2372 5653; x_wconf 86' lang='lat' dir='ltr'><strong>resurrectione</strong></span> <span class='ocrx_word' id='word_1_959' title='bbox 2414 5592 2649 5662; x_wconf 82' lang='lat' dir='ltr'><strong>exagitet</strong></span> <span class='ocrx_word' id='word_1_960' title='bbox 2693 5590 3156 5658; x_wconf 89' lang='lat' dir='ltr'><strong>incredulitatem,</strong></span> <span class='ocrx_word' id='word_1_961' title='bbox 3189 5601 3245 5647; x_wconf 92' lang='lat' dir='ltr'><strong>et</strong></span> <span class='ocrx_word' id='word_1_962' title='bbox 3281 5594 3347 5647; x_wconf 88' lang='lat' dir='ltr'><strong>ad</strong></span> <span class='ocrx_word' id='word_1_963' title='bbox 3379 5609 3566 5647; x_wconf 85' lang='lat' dir='ltr'><strong>eorum</strong></span> 
     </span>
    </p>
   </div>
   <div class='ocr_carea' id='block_1_119' title="bbox 1975 5682 3564 5753">
    <p class='ocr_par' dir='ltr' id='par_1_119' title="bbox 1975 5682 3564 5753">
     <span class='ocr_line' id='line_1_119' title="bbox 1975 5682 3564 5753; baseline -0.004 -8"><span class='ocrx_word' id='word_1_964' title='bbox 1975 5688 2392 5746; x_wconf 87' lang='lat' dir='ltr'><strong>imbecillitatem</strong></span> <span class='ocrx_word' id='word_1_965' title='bbox 2417 5700 2477 5740; x_wconf 92' lang='lat' dir='ltr'><strong>se</strong></span> <span class='ocrx_word' id='word_1_966' title='bbox 2503 5683 2828 5748; x_wconf 90' lang='lat' dir='ltr'><strong>demittens,</strong></span> <span class='ocrx_word' id='word_1_967' title='bbox 2858 5682 2937 5738; x_wconf 90' lang='lat' dir='ltr'><strong>sic</strong></span> <span class='ocrx_word' id='word_1_968' title='bbox 2959 5684 3196 5753; x_wconf 92' lang='lat' dir='ltr'><strong>loquitur</strong></span> <span class='ocrx_word' id='word_1_969' title='bbox 3225 5699 3240 5735; x_wconf 89' lang='lat'><strong>:</strong></span> <span class='ocrx_word' id='word_1_970' title='bbox 3276 5683 3374 5737; x_wconf 80' lang='lat' dir='ltr'><strong>Est</strong></span> <span class='ocrx_word' id='word_1_971' title='bbox 3419 5684 3564 5738; x_wconf 84' lang='lat' dir='ltr'><strong>enim</strong></span> 
     </span>
    </p>
   </div>
   <div class='ocr_carea' id='block_1_120' title="bbox 1975 5771 3567 5853">
    <p class='ocr_par' dir='ltr' id='par_1_120' title="bbox 1975 5771 3567 5853">
     <span class='ocr_line' id='line_1_120' title="bbox 1975 5771 3567 5853; baseline -0.006 -16"><span class='ocrx_word' id='word_1_972' title='bbox 1975 5796 2162 5853; x_wconf 87' lang='lat' dir='ltr'><strong>magna</strong></span> <span class='ocrx_word' id='word_1_973' title='bbox 2203 5791 2411 5836; x_wconf 86' lang='lat' dir='ltr'><strong>merces</strong></span> <span class='ocrx_word' id='word_1_974' title='bbox 2432 5817 2446 5845; x_wconf 92' lang='lat'><strong>,</strong></span> <span class='ocrx_word' id='word_1_975' title='bbox 2493 5775 2710 5831; x_wconf 78' lang='lat' dir='ltr'><strong>Christo</strong></span> <span class='ocrx_word' id='word_1_976' title='bbox 2741 5772 2957 5845; x_wconf 87' lang='lat' dir='ltr'><strong>placere</strong></span> <span class='ocrx_word' id='word_1_977' title='bbox 2997 5774 3050 5829; x_wconf 93' lang='lat' dir='ltr'><strong>in</strong></span> <span class='ocrx_word' id='word_1_978' title='bbox 3079 5773 3330 5829; x_wconf 89' lang='lat' dir='ltr'><strong>omnibus</strong></span> <span class='ocrx_word' id='word_1_979' title='bbox 3364 5771 3567 5830; x_wconf 80' lang='lat' dir='ltr'><strong>:etiam</strong></span> 
     </span>
    </p>
   </div>
  </div>
