3998 6426
531 271 630 329 351

530 392 735 464 absque
779 389 1248 452 remuneratione,
1291 401 1482 457 magna
1526 395 1610 440 est
1650 401 1858 441 merces
1898 395 2122 457 propter

532 486 706 552 ipsum
739 483 887 540 adire
915 483 1171 554 pericula.
1212 479 1274 535 Si
1299 480 1488 533 mortui
1513 495 1615 533 non
1639 490 1944 551 resurgunt,
1974 499 2121 537 man-

531 580 776 633 ducemus
813 589 859 632 et
896 579 1126 632 bibamus
1161 587 1184 628 :
1220 589 1335 628 cras
1361 574 1495 627 enim
1525 574 1815 628 moriemur.
1856 573 1970 630 lloc
2006 575 2117 646 jam

529 671 751 725 verbum
779 677 862 724 est
889 666 1179 722 irridentis.
1207 663 1566 732 Quamobrem
1589 678 1697 717 non
1724 664 1829 720 hoc
1847 680 1913 720 ex
1933 680 1993 721 se
2016 666 2116 720 ad-

531 761 704 828 duxit,
735 759 826 814 sed
856 755 1500 828 magniloquentissimum
1533 754 1846 824 prophetam
1869 755 2118 827 produxit

531 852 744 915 Isaiam,
771 850 858 920 qui
886 849 956 904 de
1001 849 1066 902 iis
1087 889 1101 912 ,
1130 847 1218 917 qui
1244 861 1458 901 omnem
1481 861 1698 902 sensum
1723 846 1925 903 doloris
1952 863 2118 905 exue-

533 953 660 998 runt
684 951 740 997 et
767 948 893 995 sunt
920 938 1205 1009 deplorati,
1229 937 1442 992 dicebat
1477 937 1592 993 haec
1627 938 1790 994 verba
1823 955 1837 992 :
1872 939 1972 1006 Qui
1999 957 2113 993 ma-

529 1044 667 1090 ctant
695 1033 880 1088 vitulos
902 1041 951 1086 et
974 1032 1267 1099 sacriﬁcant
1301 1046 1438 1097 oves,
1482 1040 1538 1084 ut
1567 1047 1744 1085 carnes
1770 1032 2036 1087 comedunt
2067 1043 2114 1088 et

527 1131 696 1182 uinum
719 1127 888 1182 bibant
917 1143 937 1183 :
961 1126 1046 1197 qui
1065 1126 1259 1192 dicunt,
1285 1124 1621 1181 Comedamus
1645 1135 1692 1180 et
1715 1126 1975 1192 bibamus;
2000 1144 2113 1183 cras

526 1221 662 1275 enim
689 1219 984 1272 moriemur.
1021 1216 1148 1271 llaec
1186 1226 1305 1271 sunt
1339 1227 1516 1286 aperta
1553 1218 1609 1271 in
1653 1219 1864 1273 auribus
1903 1219 2111 1274 Domini

525 1310 758 1366 Sabaoth
787 1325 806 1364 :
839 1318 886 1364 et
911 1325 1013 1362 non
1043 1309 1325 1362 remittetur
1353 1307 1491 1360 vobis
1519 1307 1613 1361 hoc
1642 1319 1920 1379 peccatum,
1950 1309 2112 1364 donec

523 1401 724 1472 fueritis
771 1401 958 1454 mortui
996 1397 1171 1469 (Isai.
1195 1398 1287 1452 22.
1318 1400 1406 1453 i5.
1441 1399 1510 1453 Η
1533 1400 1574 1468 ).
1632 1397 1691 1454 Si
1727 1408 1907 1454 autem
1950 1401 2106 1455 venia

521 1504 649 1548 tunc
673 1491 887 1547 fuerunt
916 1491 1106 1562 privati
1131 1491 1220 1560 qui
1260 1491 1375 1544 haec
1412 1490 1697 1556 dicebant,
1729 1493 1900 1546 multo
1932 1493 2107 1563 magis

520 1586 576 1640 in
605 1586 798 1655 gratia.
833 1583 1033 1638 Deinde
1053 1598 1122 1638 ne
1141 1583 1470 1652 asperiorem
1502 1582 1751 1639 redderet
1779 1586 2103 1654 orationem,

521 1692 628 1732 non
651 1675 882 1745 amplius
914 1675 1231 1728 immoratur
1253 1674 1304 1727 in
1326 1672 1649 1730 adductione
1674 1674 1741 1729 ad
1771 1675 2102 1745 absurdum;

518 1769 617 1824 sed
661 1771 960 1823 orationem
1002 1781 1191 1822 rursus
1228 1768 1495 1822 convertit
1538 1765 1606 1822 ad
1650 1765 2100 1838 exhortationem,

516 1862 741 1916 dicens:
776 1861 864 1918 55.
915 1859 1091 1914 Nolite
1113 1859 1290 1914 seduci
1318 1875 1336 1914 :
1363 1871 1699 1931 corrumpunt
1737 1861 1895 1918 bonos
1938 1880 2103 1919 more:

516 1953 772 2022 colloquia
810 1967 990 2022 prava.
1038 1950 1164 2005 Haec
1211 1959 1390 2006 autem
1430 1951 1664 2018 dicebat,
1697 1953 1854 2008 simul
1883 1954 2098 2024 quidem

515 2057 611 2098 eos
636 2044 913 2098 insectans
933 2049 1204 2111 tamquam
1231 2041 1572 2111 insipientes;
1605 2043 1774 2098 bonos
1795 2043 1939 2098 enim
1958 2044 2102 2100 beni-

511 2148 616 2205 gna
659 2147 724 2188 ac
766 2133 882 2187 miti
921 2132 1280 2204 appellatione
1325 2132 1413 2186 hic
1435 2131 1776 2202 significavit,
1822 2135 1916 2204 qui
1943 2135 2099 2192 facile

514 2233 742 2295 possunt
766 2224 943 2294 decipi
969 2240 985 2290 ;
1012 2225 1300 2294 simulque,
1323 2232 1582 2294 quantum
1613 2225 1803 2294 potuit,
1835 2241 1932 2297 pro
1958 2241 2101 2296 prae-

512 2317 828 2374 cedentibus
890 2318 1020 2386 ipsis
1061 2315 1274 2370 veniam
1323 2317 1664 2384 concedens,
1709 2326 1764 2373 et
1809 2319 2096 2374 maximam

513 2421 717 2478 partem
745 2409 1030 2464 criminum
1056 2408 1124 2462 ab
1147 2408 1228 2463 eis
1255 2408 1570 2478 propulsans
1593 2417 1650 2462 et
1673 2410 1724 2464 in
1755 2410 1890 2464 alios
1923 2421 2097 2466 trans-

509 2500 714 2567 ferens,
767 2508 825 2554 ut
853 2499 952 2555 hac
973 2514 1188 2570 quoque
1214 2500 1425 2553 ratione
1449 2513 1544 2554 eos
1567 2500 1864 2555 attraheret
1886 2502 1952 2557 ad
1975 2518 2093 2573 pae-

509 2592 808 2647 nitentiam.
837 2591 988 2658 Quod
1031 2592 1194 2647 etiam
1223 2591 1277 2645 in
1319 2591 1557 2661 Epistola
1585 2591 1653 2646 ad
1682 2593 1898 2648 Galatas
1929 2594 2093 2664 facit,

504 2685 694 2739 dicens
728 2701 742 2738 :
775 2682 874 2748 Qui
907 2693 1075 2736 autem
1103 2697 1188 2735 vos
1217 2682 1504 2744 conturbat,
1547 2684 1764 2754 portabit
1795 2685 2090 2756 judicium,

505 2775 734 2846 quisquis
761 2774 849 2828 ille
867 2774 931 2827 sit
951 2771 1096 2842 (Gal.
1119 2772 1308 2842 5.10).
1341 2773 1430 2828 54.
1461 2771 1714 2844 Evigilate
1729 2776 1893 2845 juste,
1924 2787 1973 2831 et
1999 2795 2094 2833 uo-

504 2869 595 2922 lite
621 2883 848 2936 peccare.
865 2866 1159 2936 Tamquam
1187 2866 1353 2922 ebriis
1381 2865 1511 2920 dicit
1539 2875 1594 2922 et
1621 2866 1942 2924 furentibus.
1958 2869 2091 2927 Nam

505 2960 686 3013 omnia
717 2957 874 3012 simul
920 2965 975 3012 et
1019 2964 1240 3024 repente
1282 2972 1312 3012 e
1354 2957 1603 3013 manibus
1642 2959 1861 3028 ejicere,
1908 2961 2090 3018 ebrio-

502 3065 623 3106 rum
666 3057 783 3105 erat
821 3055 876 3103 et
908 3048 1220 3116 furentium,
1267 3063 1335 3102 eo
1387 3050 1530 3119 quod
1575 3065 1683 3106 non
1724 3054 1954 3123 amplius
2002 3055 2088 3110 vi-

503 3143 668 3197 deant
701 3156 821 3212 qua:
860 3141 1145 3204 viderunt,
1177 3153 1352 3210 neque
1396 3141 1620 3196 credant
1666 3143 1733 3198 iis
1770 3159 1891 3214 quae
1939 3147 2088 3216 prius

500 3233 734 3288 confessi
765 3240 910 3288 sunt.
962 3231 1101 3300 Quid
1149 3241 1232 3288 est
1277 3242 1482 3292 autem.
1515 3234 1663 3289 Juste
1684 3236 1710 3289 ?
1743 3238 1822 3292 Ad
1860 3239 1912 3293 id
1942 3242 2086 3311 quod

497 3325 753 3381 conducit
788 3333 843 3380 et
886 3332 966 3379 est
1001 3324 1150 3380 utile.
1199 3325 1295 3380 Est
1323 3326 1466 3380 enim
1498 3327 1697 3396 injuste
1734 3329 1988 3400 evigilare
2031 3342 2087 3388 et

498 3417 820 3488 expergisci,
865 3415 1078 3486 quando
1116 3416 1381 3486 quispiam
1410 3417 1569 3472 fuerit
1594 3421 1858 3475 excitatus
1883 3423 1949 3476 ad
1993 3425 2086 3479 de-

498 3511 809 3564 trimentum
838 3524 951 3563 sua:
977 3507 1192 3563 anima).
1243 3509 1410 3564 Recte
1447 3521 1626 3565 autem
1667 3513 1872 3569 addidit
1911 3517 2038 3572 illud
2063 3559 2080 3586 ,

498 3601 676 3655 Nolite
708 3615 951 3670 peccare,
995 3597 1288 3654 ostendens
1332 3600 1476 3669 quod
1509 3601 1636 3657 hinc
1681 3603 1790 3658 sint
1834 3604 1964 3675 ipsis
1991 3622 2082 3662 se-

495 3693 637 3746 mina
670 3688 1076 3744 incredulitatis.
1112 3689 1223 3744 Hoc
1255 3705 1470 3759 quoque
1508 3691 1632 3747 alibi
1674 3694 1834 3750 tacite
1871 3696 2080 3767 signifi-

493 3792 618 3848 cat,
657 3780 800 3850 quod
844 3783 950 3834 vita
987 3791 1238 3850 corrupta
1285 3781 1422 3835 mala
1470 3783 1652 3853 gignat
1695 3785 1945 3858 dogmata
1979 3807 1994 3845 :
2025 3799 2081 3846 ut

491 3872 707 3943 quando
749 3872 913 3939 dicit,
965 3871 1138 3926 Radix
1178 3873 1405 3927 omnium
1431 3876 1680 3930 malorum
1709 3889 1782 3933 est
1815 3882 2031 3936 auaritia
2057 3899 2077 3938 :

490 3982 642 4035 quam
667 3965 874 4035 quidam
903 3952 1191 4035 appetentes
1216 3967 1569 4024 aberraverunt
1603 3988 1635 4024 a
1663 3972 1765 4040 [ide
1809 3975 1828 4044 (
1853 3976 1904 4029 1.
1941 3974 2071 4031 Tim.

489 4057 546 4112 6.
584 4057 710 4130 10).
758 4057 906 4112 Multi
954 4059 1097 4113 enim
1149 4059 1289 4114 male
1327 4061 1426 4115 sibi
1457 4063 1679 4127 conscii,
1709 4081 1808 4121 nec
1833 4069 2077 4126 volentes

489 4148 622 4204 dare
651 4163 858 4218 poenas,
890 4149 958 4204 ab
999 4148 1100 4204 hoc
1133 4160 1277 4206 metu
1310 4151 1574 4208 laeduntur
1603 4155 1657 4210 in
1697 4156 1800 4213 ﬁde
1826 4173 2075 4217 resurre-

488 4240 721 4306 ctionis;
753 4241 891 4295 sicut
931 4240 967 4295 ii
1004 4241 1216 4310 quidem
1246 4252 1394 4299 certe
1422 4245 1514 4315 qui
1542 4247 1707 4302 multa
1735 4258 1789 4304 et
1816 4255 2074 4319 praeclara

486 4341 636 4389 recte
661 4341 963 4402 gesserunt,
994 4333 1231 4402 quotidie
1256 4335 1481 4405 cupiunt
1517 4339 1700 4394 videre
1728 4342 1874 4398 illum
1905 4344 2071 4401 diem.

487 4421 845 4493 Ignorantiam
872 4423 1005 4477 enim
1041 4422 1139 4477 Dei
1163 4425 1372 4492 quidam
1402 4428 1618 4494 habent;
1654 4432 1724 4485 ad
1749 4434 1996 4502 pudorem
2019 4440 2074 4493 id

483 4515 623 4568 vobis
649 4514 781 4568 dico.
812 4514 944 4570 Vide
973 4517 1240 4585 quomodo
1274 4534 1461 4574 rursus
1485 4522 1708 4578 crimina
1738 4527 1990 4585 transfert
2018 4533 2073 4589 in

483 4605 639 4659 alios.
689 4605 804 4658 Non
851 4607 993 4661 enim
1041 4606 1210 4672 dixit,
1260 4607 1478 4665 Habetis
1526 4612 1906 4688 ignorantiam,
1949 4624 2068 4690 sed,

484 4693 842 4764 Iguorantiam
869 4696 1077 4764 quidam
1103 4696 1306 4750 habent.
1357 4698 1486 4754 Nam
1515 4718 1620 4758 non
1649 4705 1870 4765 credere
1891 4727 2072 4769 resur-

485 4783 714 4840 rectioni
733 4825 750 4851 ,
776 4793 859 4839 est
883 4785 1000 4856 ejus
1023 4787 1115 4856 qui
1156 4802 1264 4843 non
1294 4789 1449 4846 valde
1473 4793 1576 4848 scit
1603 4795 2068 4870 inexpugnabilem

484 4878 581 4933 Ι)θί
615 4878 862 4932 virtutem
895 4889 950 4934 et
986 4879 1052 4934 ad
1092 4881 1272 4936 omnia
1302 4883 1680 4944 sufficientem.
1714 4890 1843 4948 Nam
1874 4896 1919 4950 si
1948 4913 2069 4968 quas

482 4979 608 5026 sunt
643 4969 770 5026 fecit
793 4987 859 5026 ex
886 4973 950 5028 iis
979 4989 1099 5044 quae
1128 4990 1232 5030 non
1265 4988 1437 5044 erant,
1479 4983 1653 5036 multo
1681 4988 1851 5056 magis
1871 4992 2068 5058 poterit

479 5062 718 5118 excitare
742 5071 797 5116 et
823 5064 1104 5121 restituere
1130 5081 1192 5122 ea
1215 5083 1334 5137 quae
1373 5080 1500 5125 sunt
1526 5071 1806 5131 dissoluta.
1838 5079 1904 5135 Et
1927 5097 2067 5152 quo-

480 5154 625 5206 niam
655 5167 752 5208 eos
772 5154 1119 5211 vehementer
1157 5159 1330 5230 tetigit
1353 5170 1408 5217 et
1434 5178 1778 5236 summopere
1812 5185 1908 5228 eos
1941 5188 2066 5229 car-

478 5245 607 5314 psit,
634 5247 1037 5316 reprehendens
1064 5265 1160 5306 eos
1198 5251 1266 5308 de
1301 5254 1553 5325 ingluvie,
1581 5259 1649 5315 de
1673 5263 1972 5332 ignorantia
2010 5279 2066 5326 et

475 5347 699 5408 stupore
724 5355 740 5400 ;
785 5340 1034 5412 mitigans
1064 5358 1127 5399 ea
1161 5360 1282 5415 quae
1307 5347 1446 5404 dicta
1475 5362 1620 5418 sunt,
1645 5355 1777 5411 dicit
1805 5375 1818 5412 :
1851 5359 1932 5412 Ad
1958 5378 2074 5429 pu-

475 5430 816 5486 doremuobis
844 5433 1056 5505 loquor;
1101 5435 1206 5492 hoc
1234 5449 1338 5506 est,
1389 5450 1446 5495 ut
1473 5445 1764 5516 corrigam,
1815 5458 1874 5504 ut
1902 5451 2065 5506 redu-

473 5536 615 5588 cam,
645 5536 704 5578 ut
732 5538 829 5605 vos
869 5526 1069 5596 pudore
1113 5529 1289 5586 affecti
1338 5534 1641 5592 reddamini
1671 5540 1939 5596 meliores.
1971 5543 2063 5599 Ti-

475 5614 609 5665 muit
635 5615 776 5670 enim
817 5633 884 5674 ne
907 5661 920 5688 ,
948 5618 996 5674 si
1023 5620 1140 5690 plus
1162 5635 1322 5692 quam
1350 5639 1446 5694 par
1474 5637 1619 5684 esset
1643 5643 1734 5685 eos
1759 5633 2024 5690 accuissct
2044 5676 2059 5702 ,

471 5703 761 5761 rcsilireut.

1208 263 1268 321 S.
1303 263 1580 323 JOANNIS
1605 265 2084 324 CHRYSOSTOMI
2119 269 2433 331 AilCﬂlEP.
2473 277 3002 370 CONSTANTINQP.
3673 313 3763 374 περ

2295 392 2350 448 ι.
2394 394 2534 462 Quos
2573 398 2772 458 Paulus
2811 404 3076 476 increpare
3104 409 3390 471 intenderit.
3415 415 3557 476 Dives
3573 440 3634 480 ea:
3647 430 3760 486 alio-

2219 499 2337 537 rum
2353 487 2562 556 jactura
2593 491 2729 547 dioes
2749 494 2978 564 efﬁcitur.
2995 499 3204 558 —Ha:c
3231 515 3408 562 autem
3433 513 3762 581 existimemus

2219 592 2330 634 non
2361 580 2467 637 illis
2488 584 2642 652 solis,
2669 586 2764 642 sed
2793 604 2934 645 nunc
2957 607 3172 663 quoque
3199 596 3340 653 dicta
3370 615 3489 660 esse
3512 587 3781 684 omnibus]

2217 670 2308 738 qui
2337 672 2527 727 eodem
2570 675 2760 731 morbo
2786 677 3065 748 laborant,
3095 693 3149 740 et
3187 703 3412 758 quorum
3443 697 3539 751 vita
3566 711 3641 756 est
3660 670 3764 761 cor:

2217 771 2392 831 rupta.
2431 762 2546 819 Non
2577 768 2719 822 enim
2764 770 2798 824 ii
2829 772 3001 827 solum
3035 775 3124 844 qui
3166 779 3302 834 mala
3339 782 3531 842 habent
3563 790 3762 864 dogma.

2218 857 2302 915 ta,
2333 852 2427 908 sed
2461 854 2498 908 ii
2523 857 2685 912 etiam
2715 861 2804 929 qui
2828 864 3078 932 gravibus
3106 877 3358 927 tenentur
3370 852 3762 948 peccatisrsant

2214 943 2347 999 ebrii
2397 954 2450 1001 et
2493 947 2782 1018 desipiunt.
2812 952 3168 1022 Quamobrem
3197 961 3302 1018 illis
3345 943 3551 1039 quoque
3583 943 3759 1034 dictum

2214 1033 2374 1090 fuerit
2401 1037 2554 1104 illud,
2586 1039 2846 1113 Evigilate
2870 1060 2966 1101 seu
2992 1033 3420 1122 expergiscimini
3439 1033 3535 1124 {et
3557 1033 3758 1126 maxime

2213 1125 2279 1182 iis
2306 1129 2394 1199 qui
2422 1141 2549 1186 sunt
2571 1136 2776 1204 gravati
2801 1147 3024 1196 veterno
3045 1145 3305 1213 avaritize,
3335 1148 3399 1202 iis
3423 1153 3510 1220 qui
3542 1155 3759 1225 improbe

2212 1219 2449 1287 rapiunt.
2481 1221 2574 1278 Est
2607 1225 2748 1280 enim
2777 1226 2916 1284 bona
2944 1232 3151 1301 rapina,
3184 1251 3378 1308 nempe
3415 1219 3592 1312 rapina
3616 1219 3758 1303 caelo-

2210 1324 2329 1364 rum
2359 1327 2477 1381 quae
2500 1314 2630 1369 nihil
2661 1316 2824 1373 laedit.
2853 1319 2986 1375 Nam
3013 1323 3066 1377 in
3096 1328 3336 1394 pecuniis
3358 1332 3567 1396 quidem
3598 1341 3758 1409 nequit

2209 1400 2323 1456 fieri
2351 1413 2408 1456 ut
2435 1405 2697 1475 quispiam
2725 1409 2918 1466 evadat
2940 1413 3090 1468 dives
3110 1457 3123 1480 ,
3155 1417 3258 1473 nisi
3285 1419 3424 1477 alius
3445 1425 3586 1492 prius
3609 1400 3756 1485 factus

2208 1490 2278 1545 sit
2308 1507 2540 1563 panper;
2593 1497 2644 1550 in
2687 1500 3052 1570 spiritualibus
3097 1517 3278 1564 autem
3323 1490 3528 1570 non—ita
3554 1528 3650 1584 est,
3676 1522 3754 1576 scd

2207 1588 2378 1637 totum
2408 1587 2739 1642 contrarium
2769 1607 2782 1642 :
2817 1590 2931 1646 fieri
2964 1609 3070 1650 non
3098 1607 3277 1667 potest
3307 1611 3364 1657 ut
3401 1606 3653 1677 quispiam
3679 1611 3758 1668 fiat

2205 1671 2356 1729 dives
2379 1715 2396 1740 ,
2441 1676 2545 1732 nisi
2585 1678 2814 1735 alterum
2858 1681 3048 1740 fecerit
3085 1689 3397 1758 opulentum
3420 1671 3461 1751 ἐ
3507 1671 3694 1756 etenim
3717 1703 3755 1758 si

2203 1765 2400 1818 nemini
2443 1768 2705 1836 profueris
2723 1811 2739 1838 ,
2781 1788 2888 1828 non
2916 1778 3117 1845 poteris
3140 1779 3280 1837 effici
3309 1786 3609 1853 opulentus.
3640 1791 3754 1847 Nam

2201 1853 2256 1909 in
2284 1859 2652 1927 corporalibus
2671 1863 2884 1932 quidem
2911 1873 3149 1940 erogatio
3167 1873 3330 1930 efficit
3349 1876 3753 1952 diminutionem;

2201 1947 2256 2002 in
2286 1951 2656 2018 spiritualibus
2694 1966 2872 2012 autem
2914 1963 3154 2032 erogatio
3197 1979 3458 2036 operatur
3501 1947 3755 2029 abundant;

2203 2039 2328 2094 tiam
2351 2083 2367 2109 ,
2396 2051 2452 2098 et
2479 2059 2587 2100 non
2619 2045 2943 2117 impertiisse
2962 2092 2978 2118 ,
3031 2053 3134 2109 hoc
3159 2057 3382 2114 multam
3411 2064 3615 2130 conficit
3644 2081 3759 2135 pau-

2201 2140 2461 2200 pertatem
2501 2145 2557 2191 et
2592 2135 2754 2193 infert
2795 2140 3036 2198 ultimum
3071 2149 3413 2217 supplicium.
3461 2154 3568 2211 Hoc
3596 2168 3754 2213 autent

2197 2225 2433 2279 ostendit
2457 2225 2502 2280 is
2526 2228 2615 2298 qui
2645 2228 2833 2287 infodit
2861 2235 3139 2294 talentum.
3163 2239 3376 2298 Etenim
3404 2248 3492 2316 qui
3518 2251 3753 2305 rationem

2196 2312 2361 2371 habet
2399 2321 2693 2390 sapientiae,
2723 2333 2779 2380 et
2815 2326 2907 2381 alii
2940 2329 3218 2400 impertiit,
3265 2312 3435 2407 auget
3452 2341 3660 2410 copias,
3706 2353 3755 2398 ut

2197 2407 2287 2475 qui
2317 2409 2510 2466 multos
2537 2411 2724 2470 fecerit
2748 2419 3054 2487 sapientes:
3081 2424 3166 2494 qui
3192 2437 3372 2484 autem
3399 2407 3540 2486 domi
3560 2407 3750 2490 abscon-

2193 2499 2292 2566 dit,
2316 2505 2550 2573 seipsum
2580 2509 2807 2576 privavit
2834 2514 3026 2584 copiis,
3063 2525 3120 2570 ut
3145 2520 3236 2588 qui
3271 2536 3380 2576 non
3409 2526 3603 2593 pararit
3631 2531 3755 2583 mul-

2195 2600 2370 2649 torum
2421 2598 2728 2655 utilitatem.
2774 2602 2983 2660 Rursus
3030 2609 3119 2678 qui
3165 2611 3265 2664 alia
3313 2612 3478 2670 habet
3525 2617 3675 2685 dona,
3715 2621 3754 2674 si

2191 2687 2389 2743 multos
2428 2694 2724 2760 curaverit,
2778 2697 3122 2768 amplificavit
3168 2701 3513 2764 donationem
3543 2728 3557 2765 :
3583 2721 3634 2766 et
3671 2727 3758 2767 nec

2193 2782 2503 2851 erogatione
2545 2784 2644 2839 fuit
2687 2786 2802 2856 ipse
2847 2790 3178 2858 exinanitus,
3225 2804 3281 2851 et
3311 2799 3514 2857 multos
3543 2802 3756 2871 implevit

2191 2873 2454 2940 spirituali
2485 2875 2798 2936 donatione.
2829 2879 2897 2935 Et
2924 2883 2976 2938 in
3009 2885 3260 2942 omnibus
3286 2891 3651 2959 spiritualibus
3675 2893 3756 2948 lir-

2190 2978 2277 3018 ma
2306 2975 2358 3019 et
2385 2966 2594 3022 stabilis
2623 2981 2901 3038 permanet
2927 2972 3044 3030 haec
3065 2977 3270 3048 regula.
3303 2979 3383 3038 ita
3419 2983 3576 3039 etiam
3603 2985 3653 3040 in
3676 3001 3754 3041 re-

2189 3071 2317 3127 gno,
2346 3058 2438 3128 qui
2468 3059 2551 3114 sui
2578 3063 2726 3132 regni
2757 3064 2955 3121 multos
2980 3067 3156 3124 reddit
3181 3074 3470 3147 participes
3489 3117 3505 3144 ,
3536 3077 3632 3132 hac
3651 3093 3756 3133 rur-

2188 3162 2281 3204 sus
2303 3151 2508 3206 ratione
2534 3166 2602 3207 eo
2632 3153 2750 3224 ipse
2764 3156 2945 3227 magis
2964 3155 3173 3215 fruetur
3199 3180 3212 3215 :
3241 3166 3334 3236 qui
3361 3179 3537 3224 autem
3564 3169 3752 3224 nullum

2187 3243 2366 3298 studet
2395 3243 2596 3302 habere
2617 3249 2821 3303 socium
2843 3263 2906 3304 ac
2931 3252 3265 3324 participem,
3301 3257 3421 3328 ipse
3447 3276 3651 3332 quoque
3673 3277 3755 3315 ex-

2186 3333 2330 3390 cidet
2355 3349 2386 3390 a
2411 3339 2620 3406 magnis
2649 3338 2757 3394 illis
2780 3339 2956 3397 bonis.
3011 3343 3067 3398 Si
3098 3346 3239 3401 enim
3266 3351 3528 3420 sapientia
3557 3352 3750 3410 sensilis

2186 3438 2292 3479 non
2315 3428 2654 3482 consumitur
2679 3430 3158 3491 innumerabilibus
3180 3438 3552 3509 rapientibus,
3595 3458 3754 3514 neque

2184 3514 2376 3570 artifex
2405 3518 2605 3572 multos
2628 3518 2871 3598 efficiens
2896 3523 3130 3582 artifices
3158 3530 3336 3598 perdit
3360 3542 3530 3590 artem
3562 3553 3575 3588 :
3600 3538 3751 3590 multo

2183 3607 2355 3677 magis
2397 3610 2487 3678 qui
2541 3588 2762 3681 regnum
2810 3615 2985 3684 rapit,
3034 3588 3213 3675 minus
3239 3622 3375 3680 illud
3402 3588 3507 3681 non
3534 3588 3749 3692 efficiet,

2181 3698 2276 3753 sed
2308 3710 2434 3754 tunc
2458 3702 2613 3758 nobis
2639 3704 2874 3776 majores
2891 3718 3053 3765 erunt
3073 3711 3296 3783 divitiae,
3330 3719 3546 3789 quando
3569 3719 3750 3774 multos

2181 3790 2248 3844 ad
2280 3790 2333 3845 id
2375 3795 2763 3852 vocaverimus.
2789 3798 3080 3870 Rapiamus
3105 3819 3236 3877 ergo
3259 3823 3333 3867 ea
3352 3826 3473 3881 quae
3500 3826 3602 3866 non
3629 3825 3749 3867 con-

2179 3891 2464 3938 sumuntur
2483 3926 2498 3952 ,
2539 3885 2633 3940 sed
2661 3887 2787 3942 dum
2817 3892 3098 3960 rapiuntur
3122 3899 3291 3968 magis
3319 3901 3597 3956 abundant
3621 3918 3634 3958 :
3663 3915 3746 3956 ra-

2181 3971 2391 4040 piamus
2413 3989 2477 4029 ea
2504 3991 2624 4045 quae
2650 3978 2852 4034 nullum
2881 3980 3083 4040 habent
3118 3988 3562 4048 calumniatorem
3580 4033 3596 4059 ,
3638 3991 3749 4048 nul-

2179 4065 2290 4121 lum
2329 4067 2418 4136 qui
2457 4068 2715 4125 invideat.
2747 4069 2961 4128 Etenim
3002 4076 3048 4130 si
3095 4080 3216 4133 auri
3263 4081 3421 4138 locus
3469 4091 3610 4138 esset
3635 4097 3748 4152 per-

2176 4173 2373 4214 ennem
2417 4159 2624 4216 habens
2673 4161 2875 4219 fontem
2924 4169 3330 4235 scaturientem,
3385 4180 3443 4228 et
3488 4187 3554 4228 eo
3595 4171 3747 4243 magis

2177 4250 2444 4319 afflueret,
2473 4268 2581 4323 quo
2610 4256 2777 4326 magis
2795 4257 3205 4328 exhauriretur;
3243 4264 3387 4320 alius
3414 4275 3590 4322 autem
3619 4271 3745 4321 esset

2177 4346 2326 4403 locus
2348 4347 2551 4404 habens
2579 4349 2887 4405 thesaurum
2918 4353 3177 4410 infossum
3204 4374 3218 4408 :
3245 4373 3314 4415 ex
3344 4369 3466 4415 utro
3491 4359 3649 4416 velles
3669 4357 3744 4412 di-

2177 4441 2428 4493 tescere‘!
2451 4454 2520 4493 an
2549 4456 2656 4495 non
2686 4455 2752 4496 ex
2778 4441 2908 4497 illo?
2942 4444 3042 4500 Est
3067 4457 3215 4504 certe
3243 4452 3606 4522 perspicuum.
3648 4447 3745 4505 Sed

2175 4545 2245 4585 ne
2270 4530 2448 4586 verbis
2477 4530 2578 4587 hoc
2602 4533 2776 4588 solum
2802 4533 3138 4606 effingamus,
3161 4541 3310 4616 quod
3333 4542 3537 4598 dictum
3567 4549 3645 4599 est
3663 4553 3747 4597 co-

2174 4624 2338 4694 gitate
2376 4625 2430 4680 in
2469 4640 2595 4681 aere
2618 4635 2675 4683 et
2694 4627 2750 4681 in
2779 4628 2895 4685 sole
2927 4647 2941 4683 :
2973 4644 3036 4685 ea
3065 4633 3209 4687 enim
3233 4635 3520 4705 rapiuntur
3544 4636 3612 4691 ab
3637 4648 3744 4690 om-

2173 4718 2354 4782 nibus,
2395 4726 2451 4774 et
2478 4733 2668 4774 omnes
2697 4720 2924 4792 implent
2951 4739 2965 4776 :
2997 4723 3094 4779 sed
3130 4723 3247 4782 haec
3286 4728 3504 4798 quidem
3543 4730 3746 4783 manent

2173 4809 2390 4876 similia,
2417 4824 2448 4864 a
2475 4809 2776 4868 fruentibus
2801 4821 2856 4867 et
2876 4827 2980 4869 non
3008 4815 3308 4875 {ruentibus
3341 4835 3452 4876 non
3480 4820 3744 4875 diminuta.

2173 4902 2326 4972 Quod
2352 4911 2531 4959 autem
2554 4903 2663 4958 dixi
2691 4913 2773 4960 est
2801 4905 2971 4961 multo
2995 4907 3191 4978 majus.
3228 4909 3347 4965 Non
3386 4911 3530 4967 enim
3579 4913 3746 4966 manet

2171 4994 2366 5051 similis
2413 4996 2708 5066 spiritualis
2753 4998 3052 5068 sapientia,
3103 5001 3150 5056 si
3189 5001 3543 5059 distribuatur
3570 5012 3623 5059 et
3648 5015 3744 5057 non

2171 5085 2543 5154 distribuatur,
2589 5087 2684 5144 sed
2732 5091 2904 5161 magis
2933 5100 3156 5163 augetur
3188 5095 3236 5148 si
3274 5093 3642 5153 distribuatur.
3694 5091 3746 5147 Si

2170 5179 2292 5249 quis
2315 5188 2494 5234 autem
2525 5194 2636 5234 non
2663 5178 2802 5235 ferat
2831 5196 2894 5236 ea
2924 5198 3045 5252 quae
3073 5183 3215 5240 dicta
3256 5195 3426 5252 sunt,
3453 5187 3548 5242 sed
3584 5183 3746 5240 adhuc

2168 5287 2350 5329 rerum
2378 5271 2445 5328 ad
2474 5275 2677 5329 victum
2704 5275 3086 5345 pertinentium
3113 5276 3307 5333 afﬁxus
3333 5279 3408 5333 sit
3433 5279 3643 5350 inopite,
3687 5288 3742 5329 ea

2169 5378 2290 5434 quae
2314 5362 2576 5419 diminuta
2605 5374 2729 5420 sunt
2755 5365 3007 5436 rapiens;
3038 5367 3092 5422 in
3120 5367 3224 5423 hoc
3251 5381 3471 5439 quoque
3496 5380 3674 5425 rursus
3694 5364 3742 5417 in

2169 5458 2484 5512 memoriam
2532 5465 2750 5514 revocet
2798 5473 3009 5514 manna:
3057 5460 3409 5527 alimentum,
3477 5469 3532 5516 et
3574 5459 3744 5513 timeat

2170 5548 2476 5620 exemplum
2505 5547 2774 5619 supplicii.
2794 5549 2948 5617 Quod
2976 5551 3118 5606 enim
3144 5551 3196 5606 in
3217 5551 3310 5606 illo
3335 5551 3629 5617 accidebat,
3651 5547 3743 5602 hoc

2170 5642 2332 5697 etiam
2379 5641 2558 5699 videre
2605 5642 2728 5699 licet
2773 5642 2825 5699 in
2869 5644 2934 5700 iis
2977 5644 3066 5717 qui
3107 5660 3247 5702 nunc
3294 5642 3738 5717 superabundant.
