3998 6466
226 411 237 417 -
250 353 350 416 351

253 470 403 544 αὐτῷ
430 472 707 539 ἀντίδοσις
731 474 794 529 τὺ
822 476 1044 547 ποιῆσαι
1072 476 1135 531 τὸ
1166 476 1358 534 δοκοῦν
1379 479 1457 551 τῷ
1492 479 1634 552 Θεῷ.
1670 482 1833 537 Ὥστε

254 567 350 620 καὶ
371 567 501 620 ὅταν
540 565 701 640 λέγῃ,
728 569 796 622 Et
854 569 925 623 ἐν
977 567 1053 637 τῇ
1113 568 1226 638 ζωῇ
1277 572 1462 641 ταύτῃ
1515 573 1837 642 ἠλπικότες

249 658 443 726 ἐσμὲν
494 657 569 710 ἐν
603 657 835 726 Χριστῷ
882 660 1096 730 μόνον,
1149 662 1537 732 ἐλεεινότεροι
1594 663 1839 718 πάντων

251 747 583 818 ἀνθρώπων
626 749 816 820 ἐσμέν
835 767 850 782 ·
889 752 1053 805 κάκεῖ
1102 752 1264 817 πάλιν
1305 753 1374 807 δι’
1398 755 1658 819 ἐκείνους,
1694 753 1834 809 ὥστε

247 840 333 910 τῷ
364 841 516 912 φόϐῳ
541 840 644 911 τῆς
685 842 1002 913 ἀθλιότητος
1033 842 1238 915 ταύτης
1286 847 1606 899 κατασεῖσαι
1652 845 1835 900 αὐτῶν

247 931 348 1002 τὴν
386 931 642 986 ἀπιστίαν
670 931 769 1003 τὴν
815 934 943 1005 περὶ
964 933 1069 1005 τῆς
1123 935 1490 1003 ἀναστάσεως,
1546 936 1641 990 καὶ
1698 936 1835 1008 πρὸς

251 1022 349 1093 τὴν
371 1023 658 1077 ἀσθένειαν
679 1022 858 1079 αὐτῶν
885 1025 1353 1095 συγκαταϐαίνων,
1377 1025 1519 1080 οὕτω
1539 1027 1695 1096 φησί.
1724 1028 1836 1081 Καὶ

252 1113 363 1183 7&9
394 1113 425 1166 6
454 1113 630 1184 μέγας
656 1113 869 1184 μισθὸς,
898 1114 961 1167 τὸ
980 1115 1237 1188 ἀρέσκειν
1257 1117 1550 1182 διαπαντὸς
1582 1115 1661 1187 τῷ
1698 1117 1834 1188 Χρι-

254 1205 387 1275 στῷ·
422 1205 518 1265 καὶ
555 1205 724 1277 χωρὶς
747 1207 847 1277 τῆς
873 1205 1215 1270 ἀντιδόσεως,
1261 1206 1492 1279 μεγίστη
1539 1192 1741 1278 ἀμοιϐὴ
1768 1208 1831 1262 τὸ

251 1296 314 1350 δι’
336 1296 505 1351 αὐτὸν
529 1295 878 1352 κινδυνεύειν.
943 1299 1013 1352 El
1062 1298 1263 1367 νεκροὶ
1317 1300 1431 1353 οὐκ
1479 1298 1830 1368 ἐγείρονται,

251 1386 535 1458 φάγωμεν
570 1387 668 1441 καὶ
698 1388 944 1458 πίωμεν·
975 1389 1184 1458 αὔριον
1210 1391 1321 1460 γὰρ
1342 1389 1824 1462 ἀποθνήσκομεν.

249 1480 424 1533 Τοῦτο
451 1479 638 1533 λοιπὸν
665 1479 726 1534 τὸ
772 1481 924 1552 ῥῆμα
960 1482 1055 1535 καὶ
1100 1480 1490 1554 κωμῳδοῦντός
1543 1483 1681 1538 ἐστι.
1739 1483 1831 1537 Διὸ

246 1571 372 1625 οὐδὲ
430 1571 641 1625 οἴκοθεν
696 1572 828 1626 αὐτὸ
876 1573 1219 1643 παρήγαγεν,
1256 1573 1391 1627 ἀλλά
1419 1575 1509 1628 τὸν
1544 1576 1831 1647 προφήτην

248 1663 523 1733 ἐπέστησε
575 1662 668 1717 τδν
724 1664 1241 1734 μεγαλοφωνότατον
1287 1665 1535 1732 Ἡσαΐαν,
1585 1665 1646 1730 ὃς
1700 1668 1830 1740 περί

245 1772 416 1808 τινων
457 1754 860 1826 ἀπηλγηκότων
889 1756 1274 1827 διαλεγόμενος
1327 1758 1422 1811 καὶ
1474 1759 1831 1830 ἀπεγνωσμέ-

245 1863 374 1907 νων,
396 1846 552 1915 ἔλεγε
570 1848 726 1900 ταυτὶ
745 1847 816 1901 τὰ
841 1849 1082 1920 ῥήματα·
1104 1852 1167 1904 Ol
1187 1848 1513 1918 σφάζοντες
1527 1852 1825 1921 μόσχους,

214 1996 217 1999 λ
242 1936 347 1990 καὶ
371 1937 618 2004 θύοντες
649 1939 933 2007 πρόϐατα,
956 1938 1114 1993 ὥστε
1134 1939 1349 2010 φαγεῖν
1378 1939 1526 2010 κρέα
1542 1944 1641 1996 καί
1670 1943 1829 1997 πιεῖν

240 2024 439 2082 οἶνον·
469 2031 525 2083 οἱ
552 2029 854 2099 λέγοντες·
889 2029 1172 2101 Φάγωμεν
1197 2031 1298 2086 καί
1329 2031 1576 2101 πίωμεν·
1614 2033 1828 2103 αὔριον

240 2119 358 2189 γὰρ
433 2120 921 2192 ἀποθνήσκομεν.
1006 2122 1566 2192 Ἀνακεκαλυμμένα
1638 2125 1829 2179 ταῦτά

234 2212 418 2265 ἐστιν
475 2213 565 2278 είς
626 2213 700 2266 τὰ
759 2208 881 2266 ὦτα
945 2212 1169 2280 Κυρίου
1207 2213 1483 2269 Σαϐαὼθ·
1548 2214 1654 2269 καί
1712 2218 1825 2271 οὐκ

234 2301 614 2371 ἀφεθήσεται
678 2303 821 2372 ὑμῖν
880 2304 919 2371 ἡ
985 2303 1242 2372 ἁμαρτία
1301 2302 1452 2373 αὕτη
1486 2345 1505 2371 ,
1572 2305 1685 2373 ἕως
1748 2306 1827 2361 ἂν

232 2393 607 2463 ἀποθάνητε.
643 2395 707 2448 El
729 2395 786 2449 δέ
817 2395 941 2449 τότε
987 2395 1318 2469 συγγνώμης
1347 2394 1487 2469 ἦσαν
1515 2399 1823 2471 ἀπεστερη-

236 2485 400 2555 μένοι
425 2488 474 2540 οἱ
505 2485 678 2540 ταῦτα
706 2486 975 2554 λέγοντες,
1007 2487 1187 2560 πολλῷ
1219 2489 1419 2561 μᾶλλον
1439 2489 1534 2543 ἐπὶ
1553 2493 1654 2563 τῆς
1671 2491 1825 2562 χάρι-

232 2593 355 2639 τος.
386 2572 519 2629 Εἶτα
555 2575 641 2629 ἵνα
679 2576 753 2648 μὴ
796 2577 1131 2649 τραχύτερον
1162 2580 1364 2650 ποιήσῃ
1394 2579 1486 2632 τὸν
1516 2579 1694 2649 λόγον,
1722 2581 1825 2635 οὐκ

230 2670 334 2723 ἐπὶ
367 2669 504 2722 πολὺ
528 2673 594 2741 τῇ
619 2671 699 2733 είς
724 2670 925 2724 ἄτοπον
949 2671 1221 2743 ἀπαγωγῇ
1253 2671 1520 2743 ἐπιμένει,
1549 2672 1685 2727 ἀλλὰ
1714 2674 1821 2728 πά-

233 2760 324 2813 λιν
358 2761 454 2814 ἐπὶ
509 2760 824 2833 παραίνεσιν
880 2762 1072 2833 τρέπει
1123 2763 1216 2816 τὸν
1270 2762 1450 2833 λόγον,
1500 2762 1694 2834 λέγων·
1721 2764 1822 2834 Μὴ

232 2851 579 2916 πλανᾶσθε,
602 2854 953 2921 φθεΙρουσιν
973 2855 1087 2923 ἢθη
1118 2856 1351 2924 χρηστὰ
1379 2857 1606 2925 ὁμιλίαι
1620 2856 1819 2913 κακαί.

233 2942 432 2997 Ταῦτα
461 2943 519 2997 δέ
555 2943 761 3013 ἔλεγεν,
792 2944 925 3017 ὁμοῦ
955 2947 1056 3017 μὲν
1084 2946 1263 3000 αὐτῶν
1295 2946 1711 3018 καθαπτόμενος
1745 2946 1823 3012 ὡς

231 3036 509 3105 ἀνοήτων·
540 3038 753 3106 χρηστά
779 3037 889 3109 7&9
912 3038 1148 3093 ἐνταῦθα
1169 3039 1432 3110 εὐφήμως
1454 3038 1521 3093 τά
1549 3037 1822 3105 εὐεξαπά-

230 3144 383 3195 τητα
407 3127 685 3182 ἐκάλεσεν·
715 3129 850 3199 ὁμοῦ
876 3129 933 3183 δὲ
963 3129 1039 3194 ὠς
1062 3124 1172 3184 οἷόν
1198 3130 1260 3184 τέ
1300 3131 1419 3183 ἐστι
1450 3131 1548 3184 καὶ
1576 3131 1822 3201 συγγνώ-

235 3236 353 3289 μης
382 3220 525 3291 ὑπὲρ
549 3221 660 3273 τῶν
683 3220 1013 3294 ἔμπροσθεν’
1037 3223 1223 3285 αὐτοῖς
1272 3222 1609 3293 μεταδιδοὺς,
1639 3226 1734 3279 καὶ
1760 3225 1822 3279 τὸ

231 3310 409 3365 πλέον
445 3312 554 3364 τῶν
588 3312 951 3385 ἐγκλημάτων
990 3313 1504 3383 ἀποσκευαζόμενος
1550 3316 1645 3370 ἀπ’
1674 3318 1817 3370 ἐκεία

228 3420 346 3458 νων
384 3405 478 3458 καὶ
503 3407 582 3469 είς
613 3407 835 3476 ἐτέρους
869 3407 1198 3477 μετατιθεὶς,
1233 3405 1372 3459 ὥστε
1402 3408 1496 3462 καὶ
1534 3408 1704 3481 ταύτῃ
1740 3410 1822 3473 είς

236 3497 537 3566 μετάνοιαν
580 3498 776 3561 αὐτοὺς
802 3498 1229 3567 ἐφελκύσασθαι.
1266 3502 1332 3553 Ὃ
1364 3501 1457 3555 καὶ
1486 3501 1545 3554 ἐν
1578 3503 1642 3573 τῇ
1685 3501 1821 3572 πρὸς

231 3587 491 3651 Γαλάτας
511 3589 801 3661 Ἐπιστολῇ
853 3591 999 3644 ποιεῖ
1049 3589 1240 3658 λέγων·
1277 3590 1340 3644 '0
1385 3590 1454 3644 δὲ
1500 3592 1822 3659 ταράσσων

229 3677 399 3747 ὑμᾶς
422 3680 725 3744 βαστάσει
755 3681 820 3735 τὸ
859 3680 1056 3750 κρῖμα,
1084 3679 1254 3747 ὅστις
1285 3681 1362 3735 ἂν
1485 3680 1821 3749 Ἐκνήψατε

231 3771 503 3837 δικαίως,
548 3772 647 3827 καί
696 3771 784 3842 μὴ
833 3773 1219 3841 ἁμαρτάνετε·
1246 3772 1324 3837 ὡς
1349 3773 1484 3845 πρὸς
1522 3773 1820 3844 μεθύοντας

234 3864 335 3916 καὶ
368 3863 750 3934 μαινομένους.
808 3863 884 3916 Τὸ
934 3862 1044 3934 γὰρ
1085 3863 1283 3934 ἀθρόον
1312 3863 1491 3916 πάντα
1548 3864 1658 3917 ἀπὸ
1710 3863 1820 3917 τῶν

232 3954 441 4027 χειρῶν
476 3955 649 4026 ῥῖψαι,
694 3956 1003 4025 μεθυόντων
1057 3957 1154 4010 καὶ
1210 3957 1550 4026 μαινομένων
1594 3952 1685 4027 ἦν,
1741 3954 1819 4026 τῷ

237 4047 444 4118 μηκέτι
476 4050 606 4119 ὁρᾷν
634 4047 671 4102 ἃ.
692 4047 900 4119 ἐώρων,
929 4048 1064 4119 μηδέ
1111 4048 1387 4102 πιστεύειν
1410 4042 1491 4111 οἷς
1512 4048 1819 4119 ἔμπροσθεν

232 4138 624 4211 ὡμολόγησαν.
653 4140 720 4192 Τί
751 4140 809 4192 δέ
839 4141 978 4202 ἐστι,
1009 4139 1255 4205 Δικαίως
1273 4155 1294 4204 ;
1338 4139 1462 4193 Ἐπὶ
1488 4139 1819 4210 συμφέροντι

235 4214 336 4281 καὶ
369 4231 644 4300 χρησίμῳ.
681 4230 839 4283 Ἐστι
879 4231 990 4304 7&9
1040 4230 1240 4293 ἀδίκως
1288 4231 1501 4300 νήφειν,
1554 4230 1685 4282 ὅταν
1726 4230 1820 4282 ἐπὶ

239 4320 418 4391 βλάϐῃ
449 4321 550 4391 τῆς
572 4321 765 4375 ἑαυτοῦ
788 4322 965 4393 ψυχῆς
985 4323 1409 4393 διεγηγερμένος
1426 4339 1512 4386 τις
1622 4320 1821 4385 Καλῶς

234 4411 296 4465 δέ
325 4413 422 4465 καὶ
448 4413 530 4473 τὸ,
566 4412 662 4480 Μὴ
694 4412 1080 4482 ἁμαρτάνετε,
1119 4413 1450 4485 προσέθηκε,
1493 4412 1708 4475 δεικνὺς
1736 4412 1821 4465 ὅτι

236 4501 491 4555 ἐντεῦθεν
519 4503 703 4566 αὐτοῖς
755 4504 825 4555 τὰ
877 4503 1171 4575 σπέρματα
1219 4503 1319 4571 τῆς
1370 4503 1649 4566 ἀπιστίας.
1708 4503 1821 4557 Καὶ

238 4592 514 4664 πολλαχοῦ
537 4593 698 4647 τοῦτο
755 4593 1079 4656 αἰνίττεται,
1125 4595 1207 4648 ὅτι
1261 4595 1371 4664 βίος
1426 4593 1822 4665 διεφθαρμένος

238 4686 456 4757 πονηρά
483 4686 657 4740 τίκτει
686 4685 951 4757 δόγματα·
979 4686 1055 4750 ὡς
1076 4688 1201 4740 ὅταν
1228 4685 1554 4757 λέγῃ,⁹Ρίζὶι
1578 4685 1822 4740 πάντων

238 4776 363 4832 τῶν
385 4778 586 4833 κακῶν
632 4781 673 4847 ἡ
718 4782 1095 4849 φιλαργυρία,
1142 4774 1221 4848 ἧς
1264 4795 1424 4845 τινες
1459 4778 1815 4847 ὀρεγόμενοι,

239 4869 767 4938 ἀπεπλανήθησαν
792 4870 902 4940 τῆς
934 4871 1210 4936 πίστεως.
1233 4869 1344 4921 Καὶ
1366 4868 1475 4939 γὰρ
1499 4867 1686 4922 πολλοὶ
1710 4868 1820 4921 τῶν

240 4959 460 5032 πονηρά
515 4962 837 5015 συνειδότων
898 4962 1133 5026 ἑαυτοῖς,
1201 4961 1299 5014 καὶ
1355 4960 1417 5013 οὐ
1481 4959 1819 5031 βουλομένων

240 5053 427 5106 δοῦναι
454 5053 633 5124 δίκην,
662 5053 773 5107 ἀπὸ
793 5052 885 5107 τοῦ
914 5055 1082 5123 φόϐου
1116 5054 1307 5107 τούτου
1333 5052 1430 5105 καὶ
1459 5053 1541 5115 εἰς
1564 5051 1663 5123 τὴν
1691 5051 1819 5122 περὶ

240 5148 342 5215 τῆς
379 5146 730 5219 ἀναστάσεως
757 5146 1243 5218 παραϐλάπτονται
1276 5145 1478 5197 πίστιν·
1508 5143 1697 5214 ὥσπερ
1725 5139 1820 5196 οὖν

241 5236 294 5287 οἱ
352 5236 560 5305 μεγάλα
617 5236 1006 5308 κατορθοῦντες
1064 5235 1160 5290 καὶ
1214 5234 1338 5289 καθ’
1367 5233 1605 5304 ἑκάστην
1648 5228 1834 5303 αὐτὴν

246 5326 569 5397 ἐπιθυμοῦσι
592 5329 696 5398 τὴν
722 5329 933 5400 ἡμέραν
963 5327 1111 5381 ἰδεῖν.
1159 5327 1487 5395 Ἀτνωσίαν
1518 5325 1630 5395 γὰρ
1668 5324 1821 5379 Θεοῦ

245 5434 403 5484 τινες
433 5418 649 5487 έχουσι
677 5436 693 5450 ·
727 5419 880 5488 πρὸς
930 5417 1232 5488 ἐντροπὴν
1281 5417 1425 5487 ὑμῖν
1464 5417 1640 5487 λέγω.
1678 5417 1819 5487 Ὅρα

250 5507 544 5570 πῶςπάλιν
578 5510 897 5581 μετατίθησι
947 5511 1018 5563 τὰ
1068 5510 1392 5582 ἐγκλήματα
1441 5509 1523 5572 είς
1572 5507 1814 5577 ἐτέρους.

250 5599 322 5653 Οὐ
382 5599 491 5672 7&9
546 5596 720 5666 εἶπεν,
767 5603 848 5655 ὅτι
889 5603 1189 5671 Ἀγνωσίαν
1249 5602 1422 5672 ἔχετε,
1473 5599 1618 5671 [585}
1679 5598 1815 5666 ἀλλ’,

262 5689 577 5761 Ἄγνωσίαν
629 5694 793 5761 τινες
837 5695 1071 5766 ἔχουσι.
1100 5695 1197 5760 Τὸ,
1230 5694 1339 5766 γὰρ
1401 5696 1466 5765 τῇ
1524 5692 1816 5748 ἀναστάσει

311 5794 338 5825 ⁸
360 5792 624 5858 Legebalur
646 5794 815 5846 ταῦτα.

1274 363 1345 419 IN
1380 362 1599 443 EPIST.
1639 364 1661 419 ι
1715 363 1808 419 AD
1844 364 2005 424 COR.
2048 366 2289 426 HOMIL.
2330 369 2449 427 XL.

3401 386 3513 447 353

1941 484 2264 550 διαπιστεῖν,
2291 487 2352 540 ού
2379 486 2586 559 σφόδρα
2611 488 2817 555 είδότος
2852 489 2969 546 ἐστὶ
2997 491 3098 567 τὴν
3127 497 3223 550 τοῦ
3254 495 3389 554 Θεοῦ
3416 501 3510 557 δύ-

1935 595 2101 650 ναμιν
2143 580 2244 649 τὴν
2267 580 2478 651 ἄμαχον
2530 581 2626 636 καὶ
2660 583 2798 655 πρὸς
2856 586 3033 642 πάντα
3057 600 3086 631 ι
3115 590 3411 663 ἀρκοῦσαν.
3443 594 3509 650 Εί

1935 671 2047 743 γὰρ
2071 672 2132 738 ἐξ
2155 674 2255 728 οὐκ
2282 674 2453 730 ὄντων
2478 674 2549 729 τά
2575 676 2704 731 ὄντα
2725 678 2970 751 ἐποίησε,
3004 680 3186 755 πολλῷ
3212 684 3412 754 μᾶλλον
3440 687 3511 742 τά

1934 762 2252 820 διαλυθέντα
2276 768 2565 838 δυνήσεται
2594 770 2921 840 ἀναστῆσαι.
2949 772 3059 826 Καὶ
3079 776 3265 848 ἐπειδὴ
3301 778 3510 850 σφόδρα

1934 856 2114 911 αὐτῶν
2153 857 2460 930 καθήψατο,
2490 861 2586 915 καὶ
2623 860 2742 933 μεθ’
2770 862 3078 936 ὑπερϐολῆς
3118 866 3506 941 ἐκωμῴδησεν,

1934 945 2017 1009 είς
2065 949 2539 1021 γαστριμαργίαν,
2594 950 2675 1013 είς
2732 951 2937 1019 ἄνοιαν,
2987 955 3065 1018 είς
3124 957 3508 1029 παραπληξίαν

1932 1033 2271 1103 διαϐάλλων,
2329 1038 2825 1119 παραμυθούμενος
2876 1044 2947 1098 τὰ
2998 1044 3290 1116 είρημένα,
3348 1049 3503 1119 φησί·

1932 1125 2090 1193 Πρὸς
2119 1126 2423 1198 ἐντροπὴν
2451 1130 2593 1199 ὑμῖν
2624 1131 2801 1201 λέγω,
2849 1134 3149 1199 τουτέστιν,
3173 1135 3316 1189 ὥστε
3361 1136 3507 1208 διορ-

1934 1213 2127 1282 θῶσαι,
2182 1216 2323 1272 ὥστε
2358 1220 2750 1290 ἐπαναγαγεῖν,
2773 1221 2914 1276 ὥστε
2946 1224 3336 1294 αἰσχυνθέντας
3361 1225 3507 1296 ὑμᾶς

1932 1303 2187 1372 γενέσθαι
2215 1305 2477 1377 βελτίους.
2508 1309 2725 1363 Δέδοικε
2758 1310 2867 1383 γὰρ
2900 1311 2978 1385 μὴ
3008 1314 3152 1384 πέρα
3171 1313 3266 1368 τοῦ
3294 1313 3507 1380 δέοντος
3576 1298 3581 1303 θ

1930 1393 2135 1466 τεμὼν,
2163 1397 2569 1472 ἀποσκιρτῆσαι
2603 1403 2825 1473 ποιήσῃ.

2000 1487 2063 1542 δ’.
2096 1488 2283 1544 Ταῦτα
2307 1491 2365 1545 δέ
2392 1493 2466 1564 μὴ
2484 1492 2621 1565 πρὸς
2646 1494 2889 1559 ἐκείνους
2915 1495 3165 1567 εἰρῆσθαι
3193 1499 3505 1573 νομίζωμεν

1933 1579 2116 1650 μόνον,
2146 1580 2283 1635 ἀλλά
2306 1583 2403 1637 καὶ
2436 1583 2531 1637 νῦν
2559 1584 2813 1655 εἰρῆσθαι
2843 1585 2982 1657 πρὸς
3007 1586 3256 1650 ἅπαντας
3281 1591 3406 1656 τοὺς
3434 1592 3504 1646 τὰ

1929 1671 2070 1725 αὑτά
2099 1672 2407 1739 νοσοῦντας,
2430 1676 2525 1730 καὶ¹
2555 1675 2681 1740 τοὺς
2702 1676 2815 1747 βίον
2845 1676 3236 1750 διεφθαρμένον
3260 1680 3499 1751 Ιἔχοντας.

1928 1763 2040 1816 Καὶ
2075 1765 2184 1838 γὰρ
2213 1766 2308 1837 οὐχ
2355 1769 2405 1820 οί
2449 1767 2518 1822 τὰ
2551 1769 2763 1841 πονηρὰ
2798 1769 3042 1841 δόγματα
3075 1770 3291 1842 ἔχοντες
3319 1774 3504 1845 μόνον,

1927 1855 2064 1910 ἀλλά
2136 1858 2230 1911 καὶ
2301 1859 2353 1911 οί
2432 1858 2726 1929 ἁμαρτίαις
2793 1862 3145 1933 κατεχόμενοι
3211 1864 3502 1935 χαλεπαῖς,

1931 1944 2189 2014 μεθύουσι
2211 1965 2271 2001 τε
2300 1948 2398 2002 καὶ
2430 1949 2830 2020 παραπαίουσι.
2877 1953 2971 2007 Διὸ
2996 1954 3091 2007 καὶ
3131 1955 3271 2027 πρὸς
3304 1958 3505 2022 αὐτοὺς

1929 2034 1996 2089 ἀν
2017 2035 2231 2110 λεχθείη
2255 2039 2476 2105 δικαίως
2490 2041 2574 2110 τὸ,
2610 2043 2962 2112 Ἐκνήιι·ατε,
2985 2046 3082 2100 καὶ
3113 2047 3347 2116 μάλιστα
3366 2051 3503 2122 πρὸς

1924 2128 2050 2192 τοὺς
2104 2129 2182 2202 τῷ
2217 2132 2371 2205 κάρῳ
2405 2133 2506 2204 τῆς
2552 2132 2861 2201 πλεονεξίας
2901 2135 3330 2209 βεϐαρημένους,
3376 2142 3505 2205 τοὺς

1926 2219 2112 2285 κακῶς
2149 2222 2515 2294 ἁρπάζοντας.
2561 2226 2718 2280 Ἔστι
2747 2226 2856 2298 7&9
2890 2227 3111 2301 ἁρπαγὴ
3150 2229 3290 2301 καλὴ
3319 2232 3354 2302 ὴ
3391 2232 3506 2286 τῶν

1925 2309 2170 2382 οὐρανῶν
2193 2312 2437 2384 ἁρπαγὴ,
2485 2316 2519 2385 ἡ
2554 2315 2722 2387 μηδὲν
2750 2316 3080 2387 βλάπτουσα.
3124 2320 3215 2377 Ἐν
3256 2322 3356 2392 μὲν
3391 2325 3503 2395 γὰρ

1921 2402 2037 2462 τοῖς
2064 2400 2341 2472 χρήμασιν
2379 2405 2479 2457 οὐκ
2514 2404 2664 2459 ἐστιν
2694 2406 2882 2477 ἕτερον
2915 2409 3170 2477 γενέσθαι
3220 2411 3498 2478 πλούσιον,

1926 2490 2000 2561 μὴ
2033 2491 2220 2563 ἐτέρου
2257 2494 2519 2566 πρότερον
2553 2497 2847 2567 γενομένου
2887 2500 3150 2570 πένητος·
3184 2502 3276 2555 ἐπὶ
3312 2503 3368 2556 δέ
3389 2504 3504 2558 τῶν

1922 2582 2310 2651 πνευματικῶν
2346 2585 2448 2638 οὐκ
2483 2585 2561 2638 ένι
2595 2586 2774 2654 τοῦτο,
2810 2588 2945 2643 ἀλλά
2983 2590 3291 2646 τούναντίον
3330 2594 3499 2661 ἅπαν,

1920 2671 2022 2724 οὐκ
2045 2669 2158 2725 ἐστι
2182 2672 2305 2727 τινά
2323 2674 2575 2742 γενέσθαι
2592 2674 2868 2741 πλούσιον,
2897 2676 2970 2749 μὴ
2989 2679 3176 2750 ἓτερον
3197 2682 3501 2752 ποιήσαντα

1921 2757 2182 2832 εὔπορον·
2214 2761 2280 2815 ἂν
2313 2762 2424 2833 7&9
2463 2763 2667 2834 μηδένα
2709 2762 3023 2839 ὠφελησῃς,
3067 2767 3129 2819 ού
3165 2766 3374 2840 δυνήσῃ
3407 2785 3504 2837 γε-

1921 2851 2105 2906 νέσθαι
2134 2850 2385 2925 εὔπορος.
2422 2854 2510 2908 Ἐν
2546 2855 2644 2926 μὲν
2671 2856 2780 2928 γὰρ
2813 2860 2926 2921 τοῖς
2957 2860 3291 2929 σωματικοῖς
3324 2862 3358 2929 ὴ
3403 2877 3505 2929 με-

1920 2945 2133 3008 τάδοσις
2173 2946 2401 3016 μείωσιν
2439 2949 2587 3000 ποιεῖ
2628 2965 2642 2979 ·
2677 2949 2737 3002 ἐν
2771 2948 2828 3002 δέ
2866 2952 2980 3013 τοῖς
3033 2953 3426 3020 πνευματικοῖς
3462 2956 3499 3023 ἡ

1923 3039 2208 3110 μετάδοσις
2251 3039 2590 3111 πλεονασμὸν
2631 3041 2955 3114 ἐργάζεται,
2996 3043 3093 3096 καὶ
3126 3043 3187 3097 τὸ
3222 3043 3296 3113 μὴ
3330 3060 3501 3114 μετα-

1918 3130 2124 3196 δοῦναι,
2150 3130 2306 3184 τοῦτο
2346 3131 2546 3203 πολλὴν
2575 3132 2768 3186 πενίαν
2816 3132 3242 3197 κατασκευάζει,
3281 3120 3379 3187 καὶ
3407 3134 3503 3188 κόι-

1920 3221 2077 3276 λασιν
2104 3222 2341 3292 ἐσχάτην
2369 3221 2585 3291 ἐπάγει.
2632 3224 2745 3278 Καὶ
2780 3223 3019 3278 δείκνυσι
3063 3224 3222 3279 τοῦτο
3250 3226 3280 3279 6
3307 3226 3369 3280 τὸ
3400 3228 3503 3282 τά-

1919 3312 2112 3368 λαντον
2135 3313 2459 3385 κατορύξας.
2488 3316 2599 3369 Καὶ
2628 3315 2737 3384 γὰρ
2759 3317 2787 3369 6
2810 3316 3134 3389 λόγονέχων
3157 3318 3372 3387 σοφίας,
3396 3337 3500 3391 με-

1919 3402 2114 3466 ταδοὺς
2176 3402 2372 3474 ἑτέρῳ,
2430 3402 2635 3476 ηὔξησε
2707 3404 2807 3475 τήν
2874 3406 3213 3476 περιουσίαν,
3270 3407 3504 3472 πολλοὺς

1920 3494 2156 3565 ποιήσας
2181 3496 2308 3558 τοὺς
2335 3495 2532 3565 σοφούς
2554 3512 2570 3527 ·
2600 3496 2736 3550 οῐκοι
2763 3497 2822 3549 δὲ
2851 3497 3231 3568 κατακρύψας,
3264 3499 3500 3571 ἀπεστέ-

1922 3600 2088 3655 ρησεν
2132 3584 2325 3638 ἑαυτὸν
2371 3584 2472 3655 τῆς
2519 3585 2861 3654 περιουσίας,
2911 3586 2973 3639 οὐ
3016 3586 3358 3657 κτησάμενος
3397 3586 3499 3659 τὴν

1919 3676 2028 3729 τῶν
2058 3674 2267 3728 πολλῶν
2287 3676 2575 3744 ὠφέλειαν.
2616 3675 2786 3730 Πάλιν
2816 3678 2844 3729 6
2869 3676 3183 3748 χαρίσματα
3210 3677 3351 3746 έχων
3381 3677 3499 3731 ἐτε-

1921 3784 2013 3838 ρα,
2066 3767 2295 3831 πολλοὺς
2344 3768 2638 3837 ἰασάμενος
2677 3767 2911 3833 ἐξέτεινε
2963 3768 3064 3840 τὴν
3108 3768 3350 3839 δωρεάν·
3401 3772 3499 3823 καλ⁸

1918 3855 2043 3911 οὔτε
2087 3858 2250 3921 αὐτὸς
2308 3858 2610 3928 ἐξεκενώθη
2654 3861 2719 3930 τῇ
2771 3858 3089 3929 μεταδόσει,
3127 3860 3221 3912 καὶ
3268 3858 3498 3922 πολλοὺς

1919 3949 2138 4020 ἐτέρους
2167 3950 2430 4020 ἐνέπλησε
2464 3950 2567 4020 τῆς
2592 3952 2972 4022 πνευματικῆς
2996 3952 3225 4022 δωρεᾶς.
3264 3952 3375 4004 Καὶ
3401 3952 3497 4005 ἐπὶ

1919 4039 2138 4093 πάντων
2193 4039 2302 4092 τῶν
2344 4040 2731 4110 πνευματικῶν
2758 4041 3013 4111 ἀκίνητος
3041 4036 3195 4104 οὗτος
3228 4042 3258 4093 6
3316 4039 3497 4095 κανὼν

1918 4131 2180 4200 διαμένει.
2218 4131 2377 4185 Οὕτω
2405 4132 2500 4185 καὶ
2527 4133 2618 4185 ἐπὶ
2646 4133 2745 4202 τῆς
2786 4132 3082 4202 βασιλείας,
3112 4135 3140 4187 6
3167 4132 3265 4204 μὲν
3299 4149 3497 4188 κοινω-

1921 4223 2043 4286 νοὺς
2086 4222 2313 4286 πολλοὺς
2353 4222 2776 4288 κατασκευάζων
2824 4224 3003 4296 ἐαυτῷ
3034 4225 3132 4295 τῆς
3182 4224 3497 4296 βασιλείας,

1919 4314 2092 4387 ταύτῃ
2133 4314 2396 4386 μειζόνως
2425 4316 2596 4387 αὐτῆς
2619 4315 2985 4370 ἀπολαύσεται
3019 4316 3182 4372 πάλιν
3201 4333 3215 4348 ·
3240 4318 3269 4371 6
3293 4317 3350 4370 δὲ
3387 4334 3496 4387 μη-

1919 4408 2044 4461 δένα
2074 4407 2387 4472 σπουδάζων
2412 4408 2597 4462 λαϐεῖν
2630 4409 2904 4475 κοινωνὸν,
2934 4409 3028 4461 καὶ
3058 4408 3222 4472 αὐτὸς
3243 4410 3501 4462 ἐκπεσεῖ-

1918 4515 2010 4554 ται
2036 4500 2145 4553 τῶν
2177 4496 2388 4555 πολλῶν
2416 4500 2640 4569 ἀγαθῶν
2683 4500 2927 4554 ἐκείνων.
2971 4501 3034 4554 Εἰ
3066 4500 3176 4571 γάρ
3201 4501 3236 4568 ή
3271 4500 3431 4568 σοφία
3464 4502 3499 4571 ή

1920 4576 2151 4664 αἰσθητὴ
2183 4594 2244 4647 οὐ
2276 4593 2603 4658 δαπανᾶται,
2637 4594 2846 4665 μυρίων
2883 4592 3257 4663 ἁρπαζόντων,
3303 4592 3426 4646 οὔτε
3471 4596 3502 4646 6

1918 4687 2170 4757 τεχνίτης
2196 4684 2426 4750 πολλοὺς
2452 4688 2579 4750 τοὺς
2612 4686 2863 4756 τεχνίτας
2902 4685 3071 4739 ποιῶν
3108 4684 3371 4740 ἀπόλλυσι
3400 4685 3504 4755 τὴν
3580 4739 3593 4753 ,

1920 4776 2136 4846 τέχνην,
2169 4775 2350 4846 πολλῷ
2370 4777 2572 4847 μᾶλλον
2600 4778 2629 4830 6
2648 4777 2746 4847 τὴν
2771 4776 3047 4845 βασιλείαν
3072 4775 3333 4848 ἁρπάζων
3353 4775 3506 4831 ἐλάτ-

1918 4883 2051 4921 τονα
2102 4868 2204 4922 οὐκ
2261 4868 2552 4938 ἐργάζεται
2579 4908 2596 4935 ,
2653 4869 2791 4921 ἀλλὰ
2843 4868 2965 4922 τότε
3018 4867 3219 4921 πλείων
3270 4866 3424 4920 ἔσται
3472 4868 3504 4921 6

1920 4960 2148 5024 πλοῦτος
2167 4962 2321 5032 ἡμῖν,
2349 4961 2479 5014 ὅταν
2501 4959 2727 5023 πολλοὺς
2746 4961 2841 5015 ἐπὶ
2870 4959 3028 5014 τοῦτο
3053 4958 3328 5028 καλῶμεν.
3371 4959 3504 5030 Ἀρ-

1920 5054 2187 5122 πάσωμεν
2216 5054 2396 5107 τοίνυν
2427 5052 2499 5106 τά
2534 5052 2609 5123 μὴ
2642 5051 3067 5123 ἀναλισκόμενα,
3097 5050 3236 5104 ἀλλά
3266 5049 3504 5104 πλεονά-

1921 5142 2082 5209 ζοντα
2104 5146 2163 5198 ἐν
2182 5144 2261 5215 τῷ
2286 5143 2651 5213 ἁρπάζεσθαι·
2676 5143 2828 5216 [584]
2849 5144 3187 5215 ἀρπάσωμεν
3207 5143 3277 5195 τά
3299 5142 3505 5213 μηδένα

1920 5236 2114 5305 ἔχοντα
2154 5235 2519 5302 συκοφάντην,
2572 5234 2777 5303 μηδένα
2817 5233 3106 5302 βάσκανον.
3150 5230 3262 5285 Καὶ
3299 5231 3410 5299 7&9
3454 5231 3506 5283 εί

1919 5320 2147 5391 χρυσίου
2175 5320 2341 5383 τόπος
2385 5316 2454 5390 ἦν
2500 5319 2687 5390 πηγὴν
2729 5318 2870 5389 έχων
2911 5318 3322 5383 ἀναϐλύζουσαν
3373 5318 3505 5371 ἀέν-

1919 5429 2066 5477 ναον,
2106 5411 2201 5466 καὶ
2227 5411 2466 5482 τοσούτῳ
2494 5410 2656 5464 πλέον
2692 5410 2937 5482 ἐπέρρει,
2978 5411 3090 5482 ὅσῳ
3131 5410 3296 5465 πλέον
3341 5408 3504 5478 ἐξην-

1922 5504 2119 5569 τλεῖτο,
2155 5505 2339 5576 ἔτερος
2384 5504 2443 5557 δὲ
2487 5504 2653 5567 τόπος
2681 5498 2751 5574 ἦν
2782 5503 3056 5575 θησαυρὸν
3091 5503 3232 5573 έχων
3260 5518 3505 5571 κατορω-

1926 5597 2213 5669 ρυγμένον,
2257 5595 2420 5649 πόθεν
2458 5595 2524 5649 ἂν
2565 5594 2836 5666 ἠθέλησας
2863 5598 3149 5661 πλουτεῖν;
3195 5592 3316 5661 οὐχὶ
3360 5592 3504 5644 ἐκεί-

1921 5689 2050 5755 θεν;
2090 5688 2279 5758 Δῆλον.
2333 5689 2493 5752 Ἀλλ’,
2543 5690 2629 5743 ῖνα
2664 5690 2737 5760 μὴ
2773 5687 2917 5757 λόγῳ
2948 5685 3108 5739 τοῦτο
3158 5683 3320 5753 μόνον
3363 5679 3496 5733 ἀνα-

1927 5782 2239 5851 πλάσωμεν,
2267 5781 2553 5850 λογίσασθε
2580 5782 2670 5836 ἐπὶ
2692 5780 2784 5835 τοῦ
2815 5780 2974 5850 ἀέρος
3004 5778 3064 5831 τὸ
3089 5773 3380 5847 εἰρημένον
3405 5771 3507 5826 καὶΓ

2802 45 3941 75 w
