3998 6460
582 342 693 396 ’555

581 455 676 506 ἐπὶ
703 451 798 507 τοῦ
825 455 1011 526 ἡλίουο
1041 451 1216 508 ταῦτα
1248 451 1357 523 γὰρ
1395 450 1701 523 ἀρπάζεται
1733 449 1887 521 παρὰ
1913 449 2155 512 πάντων,

579 559 677 599 και
704 543 913 609 πάντας
943 545 1141 615 πληροῖ
1164 560 1178 574 ·
1205 542 1346 597 άλλά
1372 542 1545 596 ταῦτα
1576 543 1696 613 μὲν,
1738 542 1832 595 καὶ
1859 540 2160 596 ἀπολαυόν-

576 654 690 691 των
720 640 814 692 καὶ
851 635 924 708 μὴ
970 635 1378 696 ἀπολαυόντων.
1410 635 1574 703 ὅμοια
1612 634 1764 704 μένει
1800 632 1874 702 μὴ
1909 630 2162 685 ἐλαττού-

581 746 740 798 μενα.
778 730 844 781 Ὃ
870 728 927 780 δὲ
954 726 1066 795 ἐγὼ
1095 721 1271 789 εἷπον,
1317 725 1498 794 πολλῷ
1533 724 1717 795 μεῖζόν
1747 726 1917 778 ἐστιν.
1946 725 2020 778 Ού
2050 724 2160 794 γάρ

576 819 737 888 ὁμοία
768 819 917 889 μένει
947 819 980 890 ἡ
1014 819 1358 888 πνευματικὴ
1392 817 1552 885 σοφία
1584 817 1924 886 διαδιδομένη
1954 817 2050 868 καὶ
2082 815 2157 886 μὴ

577 908 941 978 διαδιδομένη,
973 907 1088 961 ἀλλ’
1122 906 1346 972 αὒξεται
1376 908 1575 978 μᾶλλον
1599 907 1962 976 διαδιδομένη.
2007 904 2072 958 Εἰ
2097 905 2156 958 δέ

575 1019 664 1065 τις
695 1003 796 1054 ούκ
827 1002 1082 1071 ἀνέχεται
1133 1002 1242 1054 τῶν
1288 1001 1614 1071 εἰρημένων,
1661 1000 1778 1055 ἀλλ’
1807 1001 1888 1053 ἔτι
1935 1002 2002 1070 τῇ
2049 999 2161 1052 τῶν

577 1092 846 1162 βιωτικῶν
875 1092 1216 1162 προστέτηκε
1247 1093 1408 1163 πενίᾳ
1435 1093 1700 1163 ἁρπάξων
1729 1092 1797 1145 τὰ
1827 1091 2157 1161 ἐλαττούμε-

573 1199 661 1243 να,
696 1184 800 1236 κάν
858 1183 1035 1254 τούτῳ
1069 1183 1232 1237 πάλιν
1270 1183 1767 1254 ἀναμιμνησκέσθω
1810 1183 1913 1252 τῆς
1953 1183 2160 1252 τροφῆς

573 1273 669 1327 τοῦ
719 1273 914 1343 μάννα,
956 1276 1053 1328 καὶ
1091 1275 1362 1344 φοϐείσθω
1388 1276 1450 1327 τὸ
1481 1275 1831 1344 παράδειγμα
1867 1274 1967 1344 τῆς
2009 1274 2162 1326 κολά-

573 1379 734 1425 σεως.
772 1364 952 1434 Ὅπερ
1001 1363 1109 1432 γάρ
1152 1364 1238 1417 ἐπ’
1272 1364 1487 1433 ἐκείνης
1537 1364 1839 1430 συνέϐαινε,
1869 1364 2028 1417 τοῦτο
2065 1363 2161 1416 καὶ

573 1449 794 1502 ἐπὶτῶν
813 1451 1285 1506 πλεονεκτούντων
1299 1452 1394 1506 νῦν
1414 1452 1665 1506 ἐκϐαῖνον
1687 1453 1835 1506 ἐστιν
1855 1454 2072 1506 ἰδεῖν.Τί
2101 1454 2158 1506 δὲ

569 1532 693 1584 τότε
718 1533 998 1587 συνέϐαινε
1013 1551 1027 1600 ;
1043 1534 1334 1604 Σκώληκες
1353 1535 1547 1606 ἔϐρυον
1568 1537 1676 1589 ἀπὸ
1692 1537 1787 1607 τῆς
1821 1536 2155 1602 πλεονεξίας.

642 1643 815 1696 Τοῦτο
860 1644 956 1696 καλ⁸
994 1642 1092 1696 νῦν
1135 1643 1347 1712 γίνεται
1386 1644 1479 1696 ἐπὶ
1519 1642 1744 1697 τούτων.
1778 1643 1864 1709 ,Τὸ
1910 1645 2008 1712 μὲν
2048 1641 2157 1713 γὰρ

573 1734 774 1806 μέτρον
798 1733 899 1803 τῆς
948 1732 1157 1802 τροφῆς
1193 1733 1255 1784 τὸ
1283 1732 1416 1784 αὑτὸ
1455 1732 1660 1785 ἅπασι·
1699 1730 1829 1800 μίαν
1873 1730 1981 1798 γὰρ
2017 1729 2158 1800 πλη-

573 1826 776 1897 ροῦμεν
795 1825 1042 1894 γαστέρα
1065 1840 1079 1854 ο
1109 1826 1143 1895 ἡ
1185 1823 1242 1876 δὲ
1288 1824 1494 1894 κόπρος
1521 1823 1673 1893 παρὰ
1707 1823 1792 1876 σοὶ
1839 1823 2042 1875 πλείων
2078 1821 2157 1892 τῷ

567 1917 866 1988 τρυφῶντι.
904 1917 1016 1970 Καὶ
1065 1915 1318 1986 καθάπερ
1360 1919 1477 1969 ἐκεῖ
1516 1919 1574 1969 ἐν
1604 1919 1724 1979 ταῖς
1765 1915 1968 1978 οἰκίαις
2005 1915 2054 1967 οἰ
2095 1915 2156 1967 τὸ

569 2008 734 2060 πλέον
761 2004 854 2060 τοῦ
895 2007 1282 2078 νενομισμένου
1313 2006 1682 2074 συλλέγοντες,
1711 2007 1770 2058 ού
1814 2006 1992 2076 μάννα
2024 2022 2156 2056 συν·-

566 2098 724 2168 ἧγον,
765 2098 900 2152 ἀλλά
945 2098 1234 2168 σκώληκας
1277 2098 1496 2162 πλείους
1541 2101 1633 2151 καὶ
1671 2098 1970 2168 σηπεδόναο
2011 2096 2156 2150 οὕτω

571 2187 640 2256 δὴ
666 2187 763 2240 καὶ
784 2187 842 2238 ἐν
870 2189 935 2256 τῇ
963 2188 1143 2256 τρυφῇ
1184 2187 1278 2239 καὶ
1315 2189 1372 2239 ἐν
1417 2190 1484 2256 τῇ
1521 2185 1824 2257 πλεονεξία,
1854 2187 1915 2239 ού
1943 2185 2151 2256 τροφὴν

566 2278 810 2342 πλείονα,
836 2278 974 2331 ἀλλὰ
999 2280 1209 2351 φθορὰν
1239 2280 1458 2334 πλείονα
1489 2281 1815 2347 συνάγουσιν
1844 2279 1894 2331 οἰ
1922 2294 2154 2348 γαστρι-

567 2369 785 2439 ζόμενοι
813 2373 906 2424 καὶ
934 2372 1246 2440 μεθύοντες.
1301 2373 1440 2426 Ἀλλ’
1469 2373 1618 2443 ὅμως
1662 2371 1905 2441 τοσούτῳ
1935 2370 2153 2441 χείρους

564 2458 792 2510 ἐκείνων
817 2460 864 2510 οἰ
885 2459 1000 2525 νῦν,
1018 2461 1128 2530 ὅσῳ
1151 2463 1348 2513 ἐκεῖνοι
1382 2461 1480 2530 μὲν
1510 2459 1656 2523 ἅπαξ
1678 2459 1938 2521 παθόντες
1969 2457 2148 2522 τοῦτο,

564 2545 1081 2616 ἐσωφρονίσθησανο
1117 2544 1261 2602 οὗτοι
1289 2548 1346 2602 δὲ
1374 2545 1497 2600 καθ’
1532 2546 1772 2616 ἑκάστην
1811 2547 2023 2617 ἡμέραν
2059 2546 2151 2598 τὸν

564 2637 827 2707 σκώληκα
851 2637 1041 2691 τοῦτον
1070 2639 1280 2692 ἐκείνου
1315 2637 1496 2708 πολλῷ
1523 2639 1902 2708 χαλεπώτερον
1943 2639 2023 2700 εἰς
2050 2638 2151 2700 τὰς

561 2729 742 2790 οἰκίας
769 2728 868 2791 τὰς
888 2729 1099 2784 ἑαυτῶν
1124 2730 1458 2799 εἰσάγοντες,
1483 2731 1607 2783 οὔτε
1635 2730 2000 2794 αἰσθάνονται,
2026 2728 2150 2780 οὔτε

562 2819 936 2891 κορέννυνται.
975 2821 1098 2873 Ὅτι
1130 2821 1239 2890 γὰρ
1275 2821 1451 2874 ταῦτα
1472 2822 1702 2884 ἐκείνοις
1723 2820 1867 2873 ἔοικε
1899 2821 2041 2874 κατά
2060 2820 2150 2872 τὸν

561 2911 664 2979 τῆς
706 2911 1094 2980 ματαιοπονίας
1144 2911 1302 2979 λόγον
1382 2914 1468 2982 (τῇ
1518 2913 1629 2982 γὰρ
1677 2913 1919 2983 τιμωρίᾳ
1968 2910 2150 2982 πολλῷ

561 3003 734 3058 ταῦτα
769 3004 1169 3075 χαλεπώτερα),
1208 3006 1459 3060 ἐντεῦθεν
1492 3007 1706 3062 σκόπει.
1733 3009 1852 3059 Τίνι
1882 3007 1992 3078 γάρ
2029 3007 2148 3060 δια-

563 3095 721 3165 φέρει
755 3097 784 3148 ό
815 3095 1072 3158 πλούσιος
1116 3096 1210 3149 τοῦ
1251 3100 1509 3168 πένητος;
1555 3098 1650 3168 οὐχ
1693 3097 1752 3149 ἓν
1797 3098 1956 3168 σῶμα
1991 3115 2148 3169 περι-

561 3186 780 3251 ϐάλλει;
830 3187 889 3239 οὑ
935 3187 1066 3257 μίαν
1105 3187 1296 3257 τρέφει
1342 3189 1624 3259 γαστέρα;
1675 3190 1783 3242 τίνι
1827 3186 1920 3243 οὖν
1954 3190 2148 3243 πλεον-

561 3279 711 3330 εκτεῖ
750 3294 764 3340 ;
815 3278 946 3340 Ταῖς
995 3279 1261 3349 φροντίσι,
1317 3278 1394 3349 τῷ
1445 3279 1807 3345 δαπανᾶσθαι,
1874 3281 1952 3352 τῷ
2009 3300 2150 3354 παρ-

562 3367 782 3422 ακούειν
812 3368 967 3434 Θεοῦ,
994 3369 1071 3439 τῷ
1111 3370 1447 3442 διαφθείρειν
1479 3372 1578 3442 τὴν
1607 3374 1807 3444 σάρκα,
1840 3374 1919 3443 τῷ
1949 3375 2149 3446 λυμαί-

562 3459 750 3512 νεσθαι
775 3459 874 3529 τὴν
905 3459 1106 3530 ψυχήν.
1139 3461 1326 3514 Ταῦτα
1367 3463 1476 3535 γάρ
1517 3465 1683 3528 ἐστιν,
1719 3460 1800 3528 οἷς
1829 3465 2150 3522 πλεονεκτεῖ

558 3549 652 3602 τὸν
680 3549 888 3620 πένητα
911 3567 925 3580 ο
978 3551 1052 3615 ὡς
1086 3553 1139 3605 εί
1173 3569 1236 3621 γε
1281 3554 1510 3618 πολλοὺς
1552 3555 1794 3627 ἐπλήρου
1846 3560 2144 3630 γαστέρας,

558 3642 697 3710 τάχα
729 3659 782 3694 τι
814 3643 908 3695 καὶ
948 3642 1129 3712 λέγειν
1174 3641 1340 3714 εἶχεν,
1387 3641 1497 3698 οἷον
1525 3647 1607 3699 ὅτι
1645 3647 1845 3701 πλείων
1895 3651 1928 3720 ή
1966 3651 2143 3719 χρεία,

558 3735 655 3787 καὶ
687 3733 887 3803 μείζων
921 3737 954 3805 ἡ
993 3736 1093 3805 τῆς
1137 3737 1386 3806 δαπάνης
1423 3739 1657 3808 ἀνάγκη.
1713 3741 1877 3794 Ἀλλά
1913 3745 2005 3795 καί¹
2050 3744 2146 3797 νῦν

559 3824 764 3894 έχουσι,
793 3827 980 3896 φησὶν,
1010 3830 1204 3894 εἰπεῖν,
1242 3830 1324 3882 ὃτι
1349 3830 1552 3894 πολλὰς
1583 3831 1874 3904 πληροῦσι,
1899 3835 1999 3898 τὰς
2034 3835 2146 3889 τῶν

557 3918 806 3981 οἰκετῶν,
835 3919 933 3983 τὰς
955 3919 1063 3974 τῶν
1098 3920 1514 3991 θεραπαινίδων.
1559 3923 1700 3977 Ἀλλ’
1729 3928 1792 3978 οὑ
1822 3927 2009 3997 χρείας
2039 3928 2148 3981 ἕνε-

559 4025 674 4073 κεν,
705 4009 830 4063 οὑδὲ
875 4010 1288 4082 φιλανθρωπίας
1320 4013 1479 4067 τοῦτο
1519 4015 1725 4084 γίνεται
1752 4059 1766 4081 ,
1807 4018 1942 4071 ἀλλά
1973 4019 2144 4088 τύφου

560 4099 742 4168 μόνον.
763 4097 1011 4153 ὄθενούδ⁹
1027 4101 1093 4154 ἂν
1108 4102 1396 4173 άνάσχοιτό
1413 4121 1493 4168 τις
1508 4107 1608 4176 τῆς
1630 4107 1927 4176 ἀπολογίας
1941 4109 2141 4165 αὐτῶν.

629 4259 691 4308 ε’.
723 4253 823 4306 Διὰ
848 4254 901 4307 τί
931 4253 1040 4326 γὰρ
1064 4256 1292 4320 πολλοὺς
1314 4255 1425 4328 ἔχει
1447 4257 1663 4323 οἰκέτας
1682 4275 1697 4324 ;
1715 4260 1928 4334 ’Ὥσπερ
1949 4263 2058 4334 γὰρ
2086 4265 2144 4317 ὲν

560 4346 796 4416 ἱματίοις
820 4346 919 4417 τὴν
943 4349 1131 4418 χρείαν
1159 4346 1378 4401 διώκειν
1408 4348 1490 4402 δεῖ
1518 4351 1697 4420 μόνον,
1726 4355 1818 4406 καὶ
1849 4355 1906 4408 ἐν
1937 4357 2145 4424 τραπέ-

556 4437 648 4512 ζῃ,
679 4437 820 4491 οῦτω
850 4439 945 4492 καὶ
965 4442 1022 4492 ἐν
1050 4441 1312 4504 οἰκέταις.
1346 4443 1441 4505 Τίς
1473 4440 1565 4497 οὖν
1603 4446 1638 4514 ή
1670 4446 1866 4515 χρείας
1897 4448 2012 4501 Ούκ
2051 4447 2144 4500 ἐσ-

553 4549 641 4584 τιν
666 4531 918 4602 οὐδεμία.
951 4532 1063 4585 Καὶ
1088 4533 1196 4606 γάρ
1235 4535 1317 4588 ἐνὶ
1347 4536 1439 4589 τὸν
1473 4537 1569 4590 ἕνα
1598 4539 1840 4610 χρῆσθαι
1874 4541 2143 4612 δεσπότην

553 4624 740 4695 οἰκέτῃ
769 4624 928 4694 μόνον
959 4625 1155 4696 ἐχρῆνο
1190 4628 1390 4696 μᾶλλον
1415 4628 1470 4682 δὲ
1499 4631 1706 4685 καὶδύο
1743 4633 1840 4687 καὶ
1873 4638 2020 4705 τρεῖς
2054 4636 2144 4690 δε-

489 4708 492 4712 ’
558 4715 761 4778 σπότας
795 4716 875 4767 ἐνὶ
903 4715 1109 4787 οἰκέτῃ.
1148 4719 1212 4769 Εἰ
1243 4718 1301 4770 δὲ
1347 4719 1485 4791 βαρὺ
1520 4722 1698 4790 τοῦτο,
1730 4725 1982 4796 ἐννόησον
2014 4730 2142 4793 τοὺς

552 4805 672 4858 οὑδέ
707 4805 804 4858 ἕνα
827 4805 1071 4876 ἔχοντας,
1097 4808 1189 4862 καὶ
1225 4810 1600 4885 εύκολωτέρας
1626 4817 2002 4884 ἀπολαύοντας
2054 4822 2143 4875 θε-

554 4897 784 4968 ραπείας
821 4914 833 4928 ⁸
863 4900 958 4952 καὶ
986 4900 1094 4970 γάρ
1117 4901 1416 4973 αὐτάρκεις
1446 4909 1512 4978 τῇ
1541 4907 1789 4980 διακονίᾳ
1829 4913 1897 4982 τῇ
1927 4913 2143 4967 ἑαυτῶν

553 4988 808 5058 ἐποίησεν
849 4989 877 5042 ὁ
918 4989 1074 5055 Θεὸς,
1116 4991 1316 5062 μᾶλλον
1346 4993 1402 5046 δέ
1439 4997 1536 5049 καὶ
1559 4999 1626 5067 τῇ
1657 4999 1750 5051 τοῦ
1793 4999 2038 5071 πλησίον.
2075 5005 2139 5057 Εἰ

552 5077 610 5130 δὲ
629 5077 898 5141 ἀπιστεῖς.
933 5079 1097 5133 ἄκουε
1126 5082 1338 5136 Παύλου
1387 5084 1638 5153 λέγοντος
1677 5103 1690 5116 ·
1748 5091 1880 5155 Ταῖς
1911 5095 2139 5161 χρείαις

545 5187 688 5236 μου,
730 5170 831 5223 καὶ
861 5169 1012 5244 [385]
1053 5173 1176 5239 τοῖς
1204 5170 1347 5229 οὖσι
1379 5178 1509 5245 μετ’
1558 5178 1704 5248 ἐμοῦ
1747 5184 2142 5252 ὑπηρέτησαν

549 5263 610 5314 αἱ
639 5261 835 5330 χεῖρες
869 5261 1068 5321 αὗται.
1123 5263 1257 5322 Εἶτα
1300 5269 1327 5321 ὁ
1366 5269 1466 5338 μὲν
1495 5270 1593 5340 τῆς
1627 5273 1953 5349 οἰκουμένης
1992 5279 2138 5335 διδά-

552 5355 749 5419 σκαλος
775 5357 867 5410 καὶ
895 5357 1002 5410 τῶν
1027 5359 1272 5430 οὐρανῶν
1300 5361 1450 5428 ἄξιος
1484 5363 1584 5416 οὐκ
1634 5367 1898 5436 ᾐσχύνετο
1925 5371 2142 5441 μυρίοις

551 5448 839 5518 ὑπηρετῶν
869 5465 882 5479 ³
918 5450 983 5503 σὺ
1014 5450 1091 5514 δὲ,
1135 5453 1182 5504 εί
1221 5452 1296 5523 μὴ
1326 5453 1529 5518 πολλάς
1569 5457 1890 5528 περιφέρεις
1938 5463 2138 5533 ἀνδρα-

549 5540 726 5593 πόδων
753 5540 976 5608 ἀγέλας,
1003 5543 1227 5611 αἰσχρὸν
1259 5540 1396 5597 εἶναι
1429 5546 1690 5617 νομίζεις,
1731 5551 1832 5603 οὑκ
1868 5552 2023 5616 εἰδὼς
2053 5556 2136 5609 ὅτι

547 5630 705 5683 τοῦτο
732 5631 832 5701 μὲν
858 5626 952 5684 οὖν
977 5631 1214 5702 μάλιστά
1251 5637 1366 5688 ἐστι
1403 5637 1464 5690 τὸ
1506 5642 1866 5711 καταισχῦνόν
1893 5661 1981 5712 ca;
2026 5649 2138 5700 Καὶ

552 5721 659 5792 γάρ
681 5722 768 5776 διὰ
809 5721 968 5776 τοῦτο
1009 5723 1100 5775 καὶ
1144 5725 1335 5795 χεῖρας
1381 5729 1514 5800 ἡμῖν
1561 5730 1759 5785 ἔδωκεν
1801 5734 1830 5786 ὁ
1871 5735 2002 5800 θεὸς
2043 5740 2134 5794 καὶ

1299 337 1356 392 S.
1391 333 1678 391 JOANNIS
1712 327 2202 387 CHRYSOSTOMI
2240 328 2564 386 ABCIHEP.
2605 329 3160 392 CONSTANTINOP.

3725 345 3819 406 554

2266 446 2457 510 πόδας,
2506 447 2593 500 ἵνα
2638 447 2713 520 μὴ
2758 449 3006 520 δεώμεθα
3047 450 3290 506 οἰκετῶν.
3320 453 3456 507 Ούδέ
3501 455 3607 530 γὰρ
3651 463 3816 532 χρείας

2260 535 2446 588 ἕνεκεν
2472 537 2534 589 τὸ
2581 537 2690 590 τῶν
2733 538 2936 593 δούλων
2977 541 3276 614 ἐπεισήχθη
3330 545 3523 612 γένος,
3557 549 3674 604 ἐπεὶ
3699 556 3818 623 μετὰ

2260 627 2353 681 τοῦ
2400 628 2571 700 Ἀδὰμ
2606 631 2851 702 ἐπλάσθη
2891 631 2958 686 ἂν
2999 635 3096 687 καὶ
3131 635 3317 701 δοῦλος
3354 654 3370 667 ’
3406 638 3525 692 ἀλλ’
3564 643 3813 716 ἁμαρτίας

2261 721 2377 772 ἐστὶ
2400 721 2462 774 τὸ
2490 722 2786 792 ἐπιτίμιον,
2823 723 2920 778 καὶ
2959 726 3059 796 τῆς
3101 727 3388 798 παρακοῆς
3419 733 3453 801 ἠ
3491 732 3723 800 κόλασις.
3766 737 3817 790 ’0-

2261 812 2318 865 δέ
2347 814 2581 883 Χριστὸς
2621 817 3086 887 παραγενόμενος,
3119 818 3216 872 καὶ
3255 819 3412 873 τοῦτο
3455 821 3678 876 ἔλυσεν·
3729 826 3814 880 ’Er

2260 903 2372 972 γὰρ
2400 905 2630 972 Χριστῷ
2669 905 2874 974 Ἰησοῦ
2903 910 3015 960 οὐκ
3037 909 3171 963 ἐστι
3195 909 3416 977 δοῦλος
3447 912 3590 966 οὐδὲ
3607 914 3814 970 ἐλεύθε-

2253 1010 2386 1060 ρος.
2413 995 2573 1048 Ὥστε
2595 995 2694 1050 οὐκ
2718 998 3013 1065 ἀναγκαῖον
3042 999 3104 1052 τὸ
3131 999 3316 1054 δοῦλον
3345 1002 3491 1072 ἔχειν
3514 1021 3528 1035 ο
3569 1006 3617 1057 εἰ
3657 1007 3711 1060 δὲ
3737 1010 3814 1061 καὶ

2261 1084 2579 1151 ἀναγκαῖον,
2611 1085 2708 1140 ἐνα
2732 1104 2834 1140 που
2872 1089 3053 1158 μόνον,
3088 1089 3121 1159 ἢ
3169 1090 3230 1142 τὸ
3269 1091 3404 1144 πολὺ
3452 1091 3722 1164 δεύτερον.
3760 1097 3812 1148 Τί

2263 1173 2509 1243 βούλεται
2537 1177 2608 1229 τὰ
2651 1178 2831 1248 σμήνη
2869 1178 2980 1231 τῶν
3025 1179 3286 1244 οἰκετῶν;
3331 1179 3601 1252 Καθάπερ
3639 1184 3737 1254 γὰρ
3772 1188 3814 1238 οἰ

2263 1265 2680 1336 προϐατοπῶλαι
2719 1270 2885 1322 καὶοί
2928 1259 3408 1340 σωματοκάπηλοι,
3440 1272 3612 1338 οὕτως
3652 1277 3706 1328 ἐν
3731 1275 3812 1344 βα·-

2261 1355 2474 1426 λανείῳ,
2524 1357 2698 1420 οὕτως
2737 1361 2797 1414 ὲν
2835 1361 3013 1433 ἀγορᾷ
3047 1363 3326 1434 περιίασιν
3362 1364 3414 1414 οί
3462 1364 3810 1430 πλουτοῦντες.

2262 1445 2410 1515 Πλὴν
2436 1445 2550 1499 ἀλλ’
2571 1449 2722 1503 οὐδὲν
2761 1450 3226 1523 ἀκριϐολογοῦμαι
3253 1467 3268 1482 ⁸
3301 1453 3445 1507 ἔστω
3479 1471 3562 1508 σοι
3596 1457 3684 1510 καὶ
3719 1457 3812 1510 δεύ-

2260 1551 2416 1606 τερος
2443 1537 2660 1605 οἰκέτης
2690 1557 2703 1570 ·
2733 1540 2780 1591 εἰ
2807 1540 2864 1593 δέ
2888 1540 3114 1606 πολλοὺς
3140 1543 3418 1612 συνάγεις,
3447 1545 3508 1598 οὐ
3538 1546 3812 1618 φιλανθρω-

2261 1628 2392 1692 πίας
2417 1629 2602 1682 ’ένεκεν
2637 1630 2795 1684 τοῦτο
2835 1637 3030 1699 ποιεῖς,
3078 1635 3214 1689 ἀλλά
3249 1633 3660 1708 θρυπτόμενος⁸
3689 1641 3807 1700 ἐπεὶ,

2261 1721 2309 1773 εἰ
2346 1721 2664 1790 κηδόμενος.
2697 1723 2901 1792 μηδένα
2920 1726 2998 1788 εἰς
3025 1726 3303 1782 διακονίαν
3331 1730 3710 1802 ἀπασχολήσης
3731 1731 3810 1800 τὴν

2262 1811 2382 1879 σὴν,
2417 1809 2532 1862 ἀλλ’
2553 1811 2850 1881 ἀγοράσας,
2889 1813 2984 1866 καὶ
3003 1815 3198 1885 τέχνας
3230 1817 3455 1884 διδάξας
3479 1817 3617 1872 ὥστε
3643 1823 3809 1889 ἀρκεῖν

2260 1903 2493 1965 ἑαυτοῖς,
2521 1901 2656 1970 άφες
2693 1903 3032 1974 ἐλευθέρους.
3074 1908 3241 1960 Ὅταν
3287 1908 3344 1962 δέ
3380 1911 3663 1981 μαστίζῃς,
3702 1912 3810 1964 ὅταν

2256 1990 2548 2062 δεσμεύης,
2594 1990 2776 2044 οὐκέτι
2815 1993 3224 2065 φιλανθρωπίας
3255 1997 3314 2049 τὸ
3354 1997 3536 2069 ἔργον.
3573 2001 3674 2051 Καὶ
3714 1995 3810 2052 οἴδα

2260 2081 2357 2148 μὲν
2383 2080 2464 2133 ὅτι
2499 2082 2752 2149 φορτικός
2774 2085 2892 2152 εἰμι
2913 2087 3028 2148 τοῖς
3059 2086 3350 2140 ἀκούουσιν
3377 2105 3392 2119 ο
3416 2089 3551 2142 ἀλλὰ
3570 2089 3619 2142 τί
3643 2089 3808 2154 πάθω;

2256 2172 2350 2233 Εἰς
2377 2171 2534 2224 τοῦτο
2559 2175 2764 2242 κεῖμαι,
2806 2175 2902 2228 καὶ
2941 2175 3000 2228 ού
3030 2179 3312 2250 παύσομαι
3351 2180 3529 2234 ταῦτα
3552 2181 3728 2248 λέγων,
3757 2181 3809 2233 ἄν

2253 2281 2316 2318 τε
2341 2265 2563 2334 γένηταί
2581 2283 2633 2317 τι
2659 2264 2845 2328 πλέον,
2866 2267 2932 2320 άν
2956 2284 3016 2319 τε
3044 2269 3232 2339 μηδέν.
3261 2271 3327 2322 Τί
3348 2272 3462 2343 γάρ
3487 2288 3565 2324 σοι
3591 2271 3808 2340 βούλεται

2253 2357 2314 2420 τὸ
2353 2357 2531 2411 σοϐεῖν
2575 2358 2668 2411 ἐπὶ
2702 2359 2802 2430 τῆς
2854 2359 3094 2430 ἀγορᾶς;
3137 2362 3210 2433 μὴ
3253 2363 3366 2433 γὰρ
3403 2364 3603 2434 μεταξὺ
3631 2362 3811 2432 θηρίων

2256 2452 2599 2519 περιπατεῖς,
2629 2451 2711 2504 ὅτι
2746 2451 3073 2516 ἀπελαύνεις
3096 2456 3222 2517 τοὺς
3257 2456 3704 2526 ἐντυγχάνοντας;
3731 2453 3805 2522 Μὴ

2255 2542 2496 2613 φοϐηθῇς
2515 2558 2529 2572 ⁸
2558 2543 2735 2606 οὐδεὶς
2752 2543 2937 2597 δάκνει
2962 2545 3070 2598 τῶν
3096 2547 3460 2616 προσιόντων,
3489 2549 3580 2601 καὶ¹
3611 2545 3806 2616 πλησίον

2256 2649 2338 2686 σοι
2389 2631 2730 2703 βαδιζόντων.
2789 2635 2930 2688 Ἀλλ’
2971 2635 3128 2707 ὓϐριν
3172 2640 3280 2709 ἡγῇ
3335 2639 3398 2692 τὸ
3436 2639 3569 2708 μετὰ
3617 2638 3805 2689 πάντων

2255 2723 2639 2795 συμϐαδίζεινς
2677 2726 2790 2778 Καὶ
2824 2727 2995 2798 πόσης
3022 2728 3196 2782 ταῦτα
3233 2729 3454 2799 μανίας,
3483 2730 3644 2798 πόσης
3676 2745 3803 2798 τερα·

2251 2815 2502 2880 τωδείας,
2533 2815 2624 2869 τὸν
2673 2817 2773 2888 μὲν
2803 2819 2966 2871 ἱππον
3011 2819 3237 2890 πλησίον
3267 2823 3536 2893 ἑπόμενον
3567 2823 3637 2892 μὴ
3677 2821 3803 2890 νομίο

2253 2907 2370 2971 ζειν
2390 2907 2577 2979 φέρειν
2621 2907 2799 2981 ὓϐριν,
2831 2911 3114 2978 ἄνθρωπον
3160 2913 3241 2980 δὲ,
3278 2915 3331 2967 εἰ
3366 2916 3439 2986 μὴ
3483 2916 3584 2968 ἀπὸ
3626 2914 3800 2984 μυρίων

2253 2997 2534 3053 ἐλαύνοιτο
2561 3000 2814 3069 σταδίων,
2841 3004 3223 3075 καταισχύνειν
3249 3007 3535 3076 ήγεῖσθαις
3574 3006 3633 3058 Τί
3659 3004 3800 3058 δὲκαὶ

2252 3091 2448 3154 παῖδας
2483 3091 2814 3163 ῥαϐδούχους
2846 3094 3010 3164 ἔχεις,
3041 3096 3116 3158 ὡς
3134 3097 3346 3160 δούλοις
3372 3098 3694 3169 κεχρημένος
3708 3097 3800 3155 τοῖς

2251 3182 2580 3252 ἐλευθέροις,
2611 3185 2815 3254 μᾶλλον
2842 3184 2898 3237 δέ
2923 3186 3086 3250 αὑτὸς
3112 3187 3315 3251 παντὸς
3345 3189 3658 3260 ἀτιμότερον
3681 3186 3798 3238 οἰκέ-

2252 3293 2346 3328 του
2368 3274 2476 3338 ζῶν
2500 3292 2514 3342 ;
2545 3278 2641 3329 κοιί⁹
2656 3277 2765 3347 γὰρ
2788 3279 2987 3342 παντὸς
3005 3279 3392 3350 εὐτελέστερος
3421 3282 3623 3334 οἰκέτου
3650 3280 3675 3331 ὁ
3693 3293 3798 3330 τοσ-

2251 3367 2411 3420 οῦτον
2467 3372 2781 3442 περιφέρων
2810 3369 2998 3441 τῦφον.
3032 3373 3131 3426 Διὰ
3161 3373 3321 3426 τοῦτο
3353 3374 3473 3427 οὑδέ
3495 3374 3696 3444 ὄψονται
3720 3369 3799 3436 τὴν

2251 3457 2422 3521 ὅντως
2458 3457 2771 3527 ἐλευθερίαν
2808 3460 2858 3512 οἰ
2891 3459 2970 3530 τῷ
3015 3459 3239 3531 χαλεπῷ
3270 3463 3451 3532 τούτῳ
3500 3457 3798 3514 καταδουλώ-

2253 3565 2443 3610 σαντες
2477 3549 2704 3613 ἐαυτοὺς
2733 3550 2915 3604 πάθει.
2951 3551 3016 3602 Εἰ
3038 3551 3148 3620 γὰρ
3181 3551 3507 3606 ἀπελαύνειν
3532 3549 3694 3620 βούλει
3721 3544 3797 3599 καί

2253 3640 2452 3704 σοϐεῖν,
2499 3642 2572 3710 μὴ
2593 3643 2721 3703 τοὺς
2754 3642 3097 3713 προσιόντας,
3133 3642 3267 3696 ἀλλὰ
3291 3643 3390 3697 τὸν
3431 3643 3592 3711 τῦφον
3619 3637 3796 3693 ἀπέλα·

2252 3751 2344 3786 σον
2367 3750 2380 3765 ·
2417 3733 2491 3802 μὴ
2527 3732 2616 3785 διὰ
2657 3731 2751 3785 τοῦ
2795 3733 3006 3797 παιδὸς,
3044 3734 3180 3788 ἀλλά
3209 3735 3297 3788 διὰ
3337 3733 3560 3790 σεαυτοῦ
3589 3749 3601 3761 ’
3635 3731 3701 3802 μὴ
3739 3728 3794 3796 τῇ

2254 3824 2481 3893 μάστιγι
2510 3822 2703 3894 ταύτῃ,
2754 3823 2893 3877 ἀλλά
2922 3827 2988 3896 τῇ
3022 3829 3396 3898 πνευματικῇ.
3432 3825 3542 3880 Νῦν
3581 3825 3670 3896 μὲν
3706 3819 3796 3889 γάρ

2253 3933 2346 3969 σου
2393 3919 2422 3969 ὁ
2474 3919 2603 3979 παῖς
2653 3916 2948 3971 ἀπελαύνει
2995 3920 3120 3982 τοὺς
3166 3919 3609 3987 συμϐαδίζοντας,
3655 3917 3708 3969 σὲ
3745 3912 3791 3964 δὲ

2250 4003 2455 4058 ἄνωθεν
2496 4006 2529 4074 ή
2571 4005 2800 4058 ἀπόνοια
2831 4006 3204 4078 αἰσχρότερον,
3242 4009 3274 4078 ἢ
3317 4011 3532 4080 οἰκέτης
3567 4008 3649 4061 τὸν
3679 4003 3791 4071 πλη-

2253 4096 2388 4149 σίον.
2425 4097 2522 4149 Ἂν
2547 4097 2605 4148 δὲ
2638 4097 2746 4150 ἀπὸ
2773 4097 2866 4150 τοῦ
2902 4099 3070 4152 ἵππου
3109 4101 3376 4165 καταϐὰς,
3425 4101 3613 4171 ἐλάσῃς
3646 4094 3790 4164 αὐτὴν

2247 4186 2337 4240 διὰ
2367 4188 2466 4257 τῆς
2491 4188 3017 4259 ταπεινοφροσύνης,
3050 4190 3384 4262 ὑψηλότερον
3420 4192 3609 4261 καθεδῇ
3640 4186 3721 4241 καὶ
3741 4185 3788 4235 ἐν

2251 4277 2459 4348 μείζονι
2491 4278 2688 4331 σαυτὸν
2728 4280 3096 4349 καταστήσεις
3136 4283 3293 4351 τιμῇ,
3335 4281 3485 4334 οὐδὲν
3511 4278 3600 4332 τοῦ
3629 4273 3788 4332 παιδὸς

2248 4370 2330 4431 εἰς
2359 4369 2520 4421 τοῦτο
2549 4368 2822 4439 δεόμενος.
2855 4371 3022 4423 Ὅταν
3045 4370 3154 4441 γὰρ
3179 4371 3396 4442 μέτριος
3419 4371 3688 4440 γενόμενος
3706 4380 3788 4434 χα-

2251 4459 2351 4530 μαὶ
2387 4459 2631 4530 βαδίζῃς,
2657 4460 2748 4512 ἐπὶ
2773 4459 2868 4512 τοῦ
2901 4461 3178 4530 ὀχήματος
3212 4463 3410 4534 καθεδῇ
3435 4466 3533 4532 τῆς
3573 4469 3785 4511 ταπεινο-

2248 4550 2524 4621 φροσύνης
2548 4551 2642 4604 τοῦ
2671 4552 2833 4623 μέχρι
2862 4553 2974 4606 τῶν
3003 4555 3250 4625 οὐρανῶν
3283 4573 3343 4608 σε
3376 4557 3671 4621 ἀνάγοντος,
3707 4542 3783 4598 τοῦ

2248 4645 2484 4714 πτηνοὺς
2512 4643 2727 4714 ἔχοντος
2776 4645 3012 4711 ἵππους·
3052 4648 3118 4701 ἂν
3147 4648 3204 4702 δὲ
3247 4646 3532 4701 ἀποπεσὼν
3582 4641 3780 4698 ἐκείνου,

2245 4737 2326 4800 εἰς
2351 4736 2412 4788 τὸ
2441 4737 2539 4807 τῆς
2566 4737 2714 4810 [586]
2740 4737 3060 4804 ἀλαζονείας
3094 4740 3356 4810 μεταϐῇς,
3384 4739 3492 4792 τῶν
3513 4734 3671 4808 χαμαί
3702 4746 3782 4782 συ-

2250 4827 2492 4897 ρομένων
2522 4829 2774 4900 ἑρπετῶν
2797 4830 2950 4884 οὐδὲν
2979 4831 3202 4900 ἄμεινον
3238 4831 3525 4890 διάκεισαι,
3557 4823 3677 4878 ἀλλά
3704 4817 3784 4872 καὶ

2245 4917 2574 4990 ἀθλιώτερον
2602 4920 2782 4992 πολλῷ
2807 4921 2902 4975 καὶ
2926 4921 3305 4994 ἐλεεινότερον.
3347 4921 3484 4982 Τοὺς
3507 4918 3599 4989 μὲν
3624 4913 3718 4982 γὰρ
3753 4910 3778 4976 ἦ

2245 5010 2341 5065 τοῦ
2372 5011 2626 5081 σώματος
2652 5014 2902 5083 πήρωσις
2931 5011 3075 5066 οὕτω
3103 5011 3502 5081 καταναγκάζει
3534 5004 3776 5077 σύρεσθαι,

2245 5102 2306 5156 σὲ
2334 5102 2391 5156 δὲ
2424 5105 2456 5173 ὴ
2490 5103 2592 5172 τῆς
2614 5103 2934 5169 ἀλαζονείας
2955 5104 3127 5169 νόσος.
3156 5106 3265 5159 Καὶ
3293 5105 3399 5174 γὰρ
3432 5102 3553 5167 Πᾶς
3579 5103 3608 5154 ὀ
3631 5091 3782 5164 ὑψῶν

2241 5194 2480 5259 ἑαυτὸν,
2518 5196 2673 5265 φησὶ,
2705 5199 3237 5264 ταπεινωθήσεται.
3281 5198 3377 5250 Ἵν*
3397 5191 3489 5249 οῦν
3517 5195 3586 5264 μή
3618 5200 3778 5241 ταπει-

2242 5286 2525 5356 νωθῶμεν,
2549 5287 2686 5341 ἀλλά
2705 5288 3029 5360 ύψωθῶμεν,
3059 5292 3152 5343 ἐπὶ
3174 5291 3234 5344 τὸ
3256 5290 3382 5359 ὕψος
3413 5287 3639 5352 ἔλθωμεν
3660 5275 3776 5330 ἐκεῖ-

2241 5397 2320 5433 νο.
2349 5380 2506 5434 Οῦτω
2528 5383 2636 5451 γὰρ
2668 5383 2761 5434 καλ⁵
2807 5383 3116 5438 ἀνάπαυσιν
3143 5384 3444 5454 εὑρήσομεν
3473 5378 3585 5437 ταῖς
3607 5365 3774 5454 ψυχαῖς

2242 5472 2398 5542 ἡμῶν
2427 5473 2568 5526 κατὰ
2587 5474 2677 5525 τὸν
2705 5473 2847 5526 θεῖον
2876 5475 3145 5546 χρησμὸν,
3193 5452 3283 5528 καὶ
3310 5472 3410 5542 τῆς
3441 5460 3658 5536 ἀληθοῦς
3698 5452 3773 5505 καί

2240 5562 2583 5634 ύψηλοτάτης
2615 5562 3011 5634 ἐπιτευξόμεθα
3035 5568 3201 5634 τιμῆς
3223 5580 3235 5592 ·
3263 5557 3329 5634 ἦς
3362 5560 3558 5628 γένοιτο
3595 5549 3770 5634 πάντας

2239 5656 2388 5722 ἡμᾶς
2445 5656 2742 5728 ἐπιτυχεῖν,
2799 5656 2982 5728 χάριτι
3017 5659 3112 5712 καὶ
3166 5649 3556 5724 φιλανθρωπίᾳ,
3597 5640 3681 5696 καὶ
3715 5631 3769 5685 τὰ

2241 5745 2388 5816 ἑξῆς.
