  <div class='ocr_page' id='page_1' title='image "/cluster/home/n/w/nwhite01/storage/ocr_20150623/61:no.10/coo.31924054869619/360.png"; bbox 0 0 3998 6422; ppageno 0'>
   <div class='ocr_carea' id='block_1_1' title="bbox 178 388 2397 469">
    <p class='ocr_par' dir='ltr' id='par_1_1' title="bbox 178 388 2397 469">
     <span class='ocr_line' id='line_1_1' title="bbox 178 388 2397 469; baseline -0.002 -23"><span class='ocrx_word' id='word_1_1' title='bbox 178 409 266 469; x_wconf 52' lang='lat' dir='ltr'><strong>m</strong></span> <span class='ocrx_word' id='word_1_2' title='bbox 1221 391 1291 450; x_wconf 80' lang='lat' dir='ltr'><strong>IN</strong></span> <span class='ocrx_word' id='word_1_3' title='bbox 1327 390 1547 448; x_wconf 81' lang='lat' dir='ltr'><strong>EPIST.</strong></span> <span class='ocrx_word' id='word_1_4' title='bbox 1587 390 1609 445; x_wconf 88' lang='lat' dir='ltr'><strong>t</strong></span> <span class='ocrx_word' id='word_1_5' title='bbox 1675 390 1769 445; x_wconf 62' lang='lat' dir='ltr'><strong>an</strong></span> <span class='ocrx_word' id='word_1_6' title='bbox 1804 388 1962 447; x_wconf 82' lang='lat' dir='ltr'><strong>con.</strong></span> <span class='ocrx_word' id='word_1_7' title='bbox 2004 388 2239 447; x_wconf 67' lang='lat' dir='ltr'><strong>nosne.</strong></span> <span class='ocrx_word' id='word_1_8' title='bbox 2281 391 2397 447; x_wconf 80' lang='lat' dir='ltr'><strong>XL.</strong></span> 
     </span>
    </p>
   </div>
   <div class='ocr_carea' id='block_1_2' title="bbox 178 507 1752 591">
    <p class='ocr_par' dir='ltr' id='par_1_2' title="bbox 178 507 1752 591">
     <span class='ocr_line' id='line_1_2' title="bbox 178 507 1752 591; baseline -0.008 -17"><span class='ocrx_word' id='word_1_9' title='bbox 178 520 299 591; x_wconf 82' lang='lat' dir='ltr'><strong>Quid</strong></span> <span class='ocrx_word' id='word_1_10' title='bbox 320 525 507 583; x_wconf 72' lang='lat' dir='ltr'><strong>autem</strong></span> <span class='ocrx_word' id='word_1_11' title='bbox 540 526 666 576; x_wconf 85' lang='lat' dir='ltr'><strong>tunc</strong></span> <span class='ocrx_word' id='word_1_12' title='bbox 694 512 1005 572; x_wconf 77' lang='lat' dir='ltr'><strong>accidebat?</strong></span> <span class='ocrx_word' id='word_1_13' title='bbox 1047 511 1131 569; x_wconf 82' lang='lat' dir='ltr'><strong>Ex</strong></span> <span class='ocrx_word' id='word_1_14' title='bbox 1154 525 1221 568; x_wconf 90' lang='lat' dir='ltr'><strong>eo</strong></span> <span class='ocrx_word' id='word_1_15' title='bbox 1242 509 1387 582; x_wconf 89' lang='lat' dir='ltr'><strong>quod</strong></span> <span class='ocrx_word' id='word_1_16' title='bbox 1412 507 1752 579; x_wconf 88' lang='lat' dir='ltr'><strong>superabun-</strong></span> 
     </span>
    </p>
   </div>
   <div class='ocr_carea' id='block_1_3' title="bbox 178 612 913 678">
    <p class='ocr_par' dir='ltr' id='par_1_3' title="bbox 178 612 913 678">
     <span class='ocr_line' id='line_1_3' title="bbox 178 612 913 678; baseline -0.011 -7"><span class='ocrx_word' id='word_1_17' title='bbox 178 614 342 678; x_wconf 81' lang='lat' dir='ltr'><strong>dabat,</strong></span> <span class='ocrx_word' id='word_1_18' title='bbox 372 612 658 668; x_wconf 83' lang='lat' dir='ltr'><strong>scatebant</strong></span> <span class='ocrx_word' id='word_1_19' title='bbox 686 623 913 664; x_wconf 85' lang='lat' dir='ltr'><strong>vermes.</strong></span> 
     </span>
    </p>
   </div>
   <div class='ocr_carea' id='block_1_4' title="bbox 244 693 1757 772">
    <p class='ocr_par' dir='ltr' id='par_1_4' title="bbox 244 693 1757 772">
     <span class='ocr_line' id='line_1_4' title="bbox 244 693 1757 772; baseline -0.008 -13"><span class='ocrx_word' id='word_1_20' title='bbox 244 704 557 759; x_wconf 77' lang='lat' dir='ltr'><strong>Deliciarum</strong></span> <span class='ocrx_word' id='word_1_21' title='bbox 612 704 807 772; x_wconf 75' lang='lat' dir='ltr'><strong>fructus</strong></span> <span class='ocrx_word' id='word_1_22' title='bbox 851 699 1107 766; x_wconf 72' lang='lat' dir='ltr'><strong>corruptio</strong></span> <span class='ocrx_word' id='word_1_23' title='bbox 1159 703 1256 750; x_wconf 79' lang='lat' dir='ltr'><strong>est.</strong></span> <span class='ocrx_word' id='word_1_24' title='bbox 1284 721 1360 735; x_wconf 89' lang='lat'><strong>—</strong></span> <span class='ocrx_word' id='word_1_25' title='bbox 1385 693 1498 748; x_wconf 82' lang='lat' dir='ltr'><strong>Hoc</strong></span> <span class='ocrx_word' id='word_1_26' title='bbox 1542 707 1757 763; x_wconf 77' lang='lat' dir='ltr'><strong>quoque</strong></span> 
     </span>
    </p>
   </div>
   <div class='ocr_carea' id='block_1_5' title="bbox 172 782 1755 863">
    <p class='ocr_par' dir='ltr' id='par_1_5' title="bbox 172 782 1755 863">
     <span class='ocr_line' id='line_1_5' title="bbox 172 782 1755 863; baseline -0.01 -11"><span class='ocrx_word' id='word_1_27' title='bbox 172 811 311 852; x_wconf 84' lang='lat' dir='ltr'><strong>nunc</strong></span> <span class='ocrx_word' id='word_1_28' title='bbox 324 795 378 849; x_wconf 79' lang='lat' dir='ltr'><strong>in</strong></span> <span class='ocrx_word' id='word_1_29' title='bbox 399 794 485 849; x_wconf 97' lang='lat' dir='ltr'><strong>his</strong></span> <span class='ocrx_word' id='word_1_30' title='bbox 503 793 827 863; x_wconf 75' lang='lat' dir='ltr'><strong>experimur.</strong></span> <span class='ocrx_word' id='word_1_31' title='bbox 853 786 1107 843; x_wconf 85' lang='lat' dir='ltr'><strong>Alimenti</strong></span> <span class='ocrx_word' id='word_1_32' title='bbox 1130 789 1272 840; x_wconf 79' lang='lat' dir='ltr'><strong>enim</strong></span> <span class='ocrx_word' id='word_1_33' title='bbox 1296 798 1547 839; x_wconf 83' lang='lat' dir='ltr'><strong>mensura</strong></span> <span class='ocrx_word' id='word_1_34' title='bbox 1564 782 1755 837; x_wconf 87' lang='lat' dir='ltr'><strong>eadem</strong></span> 
     </span>
    </p>
   </div>
   <div class='ocr_carea' id='block_1_6' title="bbox 169 873 1754 950">
    <p class='ocr_par' dir='ltr' id='par_1_6' title="bbox 169 873 1754 950">
     <span class='ocr_line' id='line_1_6' title="bbox 169 873 1754 950; baseline -0.013 -3"><span class='ocrx_word' id='word_1_35' title='bbox 169 900 251 947; x_wconf 82' lang='lat' dir='ltr'><strong>est</strong></span> <span class='ocrx_word' id='word_1_36' title='bbox 277 887 566 950; x_wconf 88' lang='lat' dir='ltr'><strong>omnibus;</strong></span> <span class='ocrx_word' id='word_1_37' title='bbox 593 899 759 939; x_wconf 90' lang='lat' dir='ltr'><strong>unum</strong></span> <span class='ocrx_word' id='word_1_38' title='bbox 787 882 931 937; x_wconf 90' lang='lat' dir='ltr'><strong>enim</strong></span> <span class='ocrx_word' id='word_1_39' title='bbox 960 890 1204 933; x_wconf 77' lang='lat' dir='ltr'><strong>ventrem</strong></span> <span class='ocrx_word' id='word_1_40' title='bbox 1249 876 1535 946; x_wconf 88' lang='lat' dir='ltr'><strong>implemus</strong></span> <span class='ocrx_word' id='word_1_41' title='bbox 1568 892 1582 930; x_wconf 91' lang='lat'><strong>:</strong></span> <span class='ocrx_word' id='word_1_42' title='bbox 1614 873 1754 944; x_wconf 91' lang='lat' dir='ltr'><strong>apud</strong></span> 
     </span>
    </p>
   </div>
   <div class='ocr_carea' id='block_1_7' title="bbox 169 965 1755 1046">
    <p class='ocr_par' dir='ltr' id='par_1_7' title="bbox 169 965 1755 1046">
     <span class='ocr_line' id='line_1_7' title="bbox 169 965 1755 1046; baseline -0.011 -10"><span class='ocrx_word' id='word_1_43' title='bbox 169 990 221 1036; x_wconf 89' lang='lat' dir='ltr'><strong>te</strong></span> <span class='ocrx_word' id='word_1_44' title='bbox 248 988 454 1041; x_wconf 88' lang='lat' dir='ltr'><strong>autem,</strong></span> <span class='ocrx_word' id='word_1_45' title='bbox 482 977 573 1046; x_wconf 88' lang='lat' dir='ltr'><strong>qui</strong></span> <span class='ocrx_word' id='word_1_46' title='bbox 603 975 837 1044; x_wconf 80' lang='lat' dir='ltr'><strong>expleris</strong></span> <span class='ocrx_word' id='word_1_47' title='bbox 862 971 1091 1036; x_wconf 78' lang='lat' dir='ltr'><strong>deliciis,</strong></span> <span class='ocrx_word' id='word_1_48' title='bbox 1122 979 1203 1024; x_wconf 91' lang='lat' dir='ltr'><strong>est</strong></span> <span class='ocrx_word' id='word_1_49' title='bbox 1234 968 1353 1038; x_wconf 87' lang='lat' dir='ltr'><strong>plus</strong></span> <span class='ocrx_word' id='word_1_50' title='bbox 1372 966 1652 1022; x_wconf 74' lang='lat' dir='ltr'><strong>stercoris.</strong></span> <span class='ocrx_word' id='word_1_51' title='bbox 1686 965 1755 1019; x_wconf 84' lang='lat' dir='ltr'><strong>Et</strong></span> 
     </span>
    </p>
   </div>
   <div class='ocr_carea' id='block_1_8' title="bbox 164 1059 1758 1133">
    <p class='ocr_par' dir='ltr' id='par_1_8' title="bbox 164 1059 1758 1133">
     <span class='ocr_line' id='line_1_8' title="bbox 164 1059 1758 1133; baseline -0.009 -9"><span class='ocrx_word' id='word_1_52' title='bbox 164 1070 306 1124; x_wconf 92' lang='lat' dir='ltr'><strong>sicut</strong></span> <span class='ocrx_word' id='word_1_53' title='bbox 332 1068 443 1122; x_wconf 89' lang='lat' dir='ltr'><strong>illic</strong></span> <span class='ocrx_word' id='word_1_54' title='bbox 467 1067 520 1123; x_wconf 83' lang='lat' dir='ltr'><strong>in</strong></span> <span class='ocrx_word' id='word_1_55' title='bbox 550 1064 800 1121; x_wconf 85' lang='lat' dir='ltr'><strong>domibus</strong></span> <span class='ocrx_word' id='word_1_56' title='bbox 825 1063 915 1133; x_wconf 88' lang='lat' dir='ltr'><strong>qui</strong></span> <span class='ocrx_word' id='word_1_57' title='bbox 943 1062 1063 1132; x_wconf 87' lang='lat' dir='ltr'><strong>plus</strong></span> <span class='ocrx_word' id='word_1_58' title='bbox 1086 1059 1425 1130; x_wconf 77' lang='lat' dir='ltr'><strong>colligebant,</strong></span> <span class='ocrx_word' id='word_1_59' title='bbox 1456 1073 1613 1127; x_wconf 91' lang='lat' dir='ltr'><strong>quam</strong></span> <span class='ocrx_word' id='word_1_60' title='bbox 1641 1064 1758 1111; x_wconf 90' lang='lat' dir='ltr'><strong>erat</strong></span> 
     </span>
    </p>
   </div>
   <div class='ocr_carea' id='block_1_9' title="bbox 160 1150 1760 1226">
    <p class='ocr_par' dir='ltr' id='par_1_9' title="bbox 160 1150 1760 1226">
     <span class='ocr_line' id='line_1_9' title="bbox 160 1150 1760 1226; baseline -0.008 -10"><span class='ocrx_word' id='word_1_61' title='bbox 160 1160 546 1226; x_wconf 83' lang='lat' dir='ltr'><strong>constitutum,</strong></span> <span class='ocrx_word' id='word_1_62' title='bbox 592 1173 700 1213; x_wconf 85' lang='lat' dir='ltr'><strong>non</strong></span> <span class='ocrx_word' id='word_1_63' title='bbox 734 1170 936 1210; x_wconf 85' lang='lat' dir='ltr'><strong>manna</strong></span> <span class='ocrx_word' id='word_1_64' title='bbox 975 1151 1390 1223; x_wconf 82' lang='lat' dir='ltr'><strong>congregabant,</strong></span> <span class='ocrx_word' id='word_1_65' title='bbox 1442 1151 1537 1206; x_wconf 85' lang='lat' dir='ltr'><strong>sed</strong></span> <span class='ocrx_word' id='word_1_66' title='bbox 1580 1150 1760 1220; x_wconf 87' lang='lat' dir='ltr'><strong>plures</strong></span> 
     </span>
    </p>
   </div>
   <div class='ocr_carea' id='block_1_10' title="bbox 163 1242 1761 1321">
    <p class='ocr_par' dir='ltr' id='par_1_10' title="bbox 163 1242 1761 1321">
     <span class='ocr_line' id='line_1_10' title="bbox 163 1242 1761 1321; baseline -0.009 -12"><span class='ocrx_word' id='word_1_67' title='bbox 163 1269 388 1309; x_wconf 77' lang='lat' dir='ltr'><strong>vermes</strong></span> <span class='ocrx_word' id='word_1_68' title='bbox 413 1262 467 1307; x_wconf 92' lang='lat' dir='ltr'><strong>et</strong></span> <span class='ocrx_word' id='word_1_69' title='bbox 497 1249 832 1321; x_wconf 79' lang='lat' dir='ltr'><strong>putredinem</strong></span> <span class='ocrx_word' id='word_1_70' title='bbox 863 1265 875 1301; x_wconf 92' lang='lat'><strong>:</strong></span> <span class='ocrx_word' id='word_1_71' title='bbox 901 1248 973 1301; x_wconf 90' lang='lat' dir='ltr'><strong>ita</strong></span> <span class='ocrx_word' id='word_1_72' title='bbox 1002 1246 1165 1301; x_wconf 89' lang='lat' dir='ltr'><strong>etiam</strong></span> <span class='ocrx_word' id='word_1_73' title='bbox 1198 1245 1249 1299; x_wconf 90' lang='lat' dir='ltr'><strong>in</strong></span> <span class='ocrx_word' id='word_1_74' title='bbox 1276 1242 1483 1300; x_wconf 87' lang='lat' dir='ltr'><strong>deliciis</strong></span> <span class='ocrx_word' id='word_1_75' title='bbox 1511 1243 1639 1297; x_wconf 91' lang='lat' dir='ltr'><strong>etin</strong></span> <span class='ocrx_word' id='word_1_76' title='bbox 1669 1258 1761 1296; x_wconf 86' lang='lat' dir='ltr'><strong>su-</strong></span> 
     </span>
    </p>
   </div>
   <div class='ocr_carea' id='block_1_11' title="bbox 162 1335 1759 1414">
    <p class='ocr_par' dir='ltr' id='par_1_11' title="bbox 162 1335 1759 1414">
     <span class='ocr_line' id='line_1_11' title="bbox 162 1335 1759 1414; baseline -0.008 -14"><span class='ocrx_word' id='word_1_77' title='bbox 162 1342 600 1414; x_wconf 83' lang='lat' dir='ltr'><strong>perabundantia</strong></span> <span class='ocrx_word' id='word_1_78' title='bbox 626 1357 731 1395; x_wconf 93' lang='lat' dir='ltr'><strong>non</strong></span> <span class='ocrx_word' id='word_1_79' title='bbox 755 1340 873 1409; x_wconf 87' lang='lat' dir='ltr'><strong>plus</strong></span> <span class='ocrx_word' id='word_1_80' title='bbox 899 1338 1161 1402; x_wconf 84' lang='lat' dir='ltr'><strong>alimenti,</strong></span> <span class='ocrx_word' id='word_1_81' title='bbox 1184 1335 1280 1391; x_wconf 91' lang='lat' dir='ltr'><strong>sed</strong></span> <span class='ocrx_word' id='word_1_82' title='bbox 1309 1336 1429 1405; x_wconf 82' lang='lat' dir='ltr'><strong>plus</strong></span> <span class='ocrx_word' id='word_1_83' title='bbox 1454 1335 1759 1402; x_wconf 90' lang='lat' dir='ltr'><strong>corruptio-</strong></span> 
     </span>
    </p>
   </div>
   <div class='ocr_carea' id='block_1_12' title="bbox 156 1425 1757 1506">
    <p class='ocr_par' dir='ltr' id='par_1_12' title="bbox 156 1425 1757 1506">
     <span class='ocr_line' id='line_1_12' title="bbox 156 1425 1757 1506; baseline -0.008 -14"><span class='ocrx_word' id='word_1_84' title='bbox 156 1438 246 1492; x_wconf 88' lang='lat' dir='ltr'><strong>nis</strong></span> <span class='ocrx_word' id='word_1_85' title='bbox 276 1442 611 1506; x_wconf 78' lang='lat' dir='ltr'><strong>congregant</strong></span> <span class='ocrx_word' id='word_1_86' title='bbox 648 1433 739 1503; x_wconf 95' lang='lat' dir='ltr'><strong>qui</strong></span> <span class='ocrx_word' id='word_1_87' title='bbox 768 1430 942 1487; x_wconf 84' lang='lat' dir='ltr'><strong>ventri</strong></span> <span class='ocrx_word' id='word_1_88' title='bbox 974 1428 1252 1497; x_wconf 78' lang='lat' dir='ltr'><strong>indulgent</strong></span> <span class='ocrx_word' id='word_1_89' title='bbox 1301 1438 1355 1481; x_wconf 91' lang='lat' dir='ltr'><strong>ct</strong></span> <span class='ocrx_word' id='word_1_90' title='bbox 1402 1425 1757 1481; x_wconf 89' lang='lat' dir='ltr'><strong>inebriantur.</strong></span> 
     </span>
    </p>
   </div>
   <div class='ocr_carea' id='block_1_13' title="bbox 158 1520 1760 1597">
    <p class='ocr_par' dir='ltr' id='par_1_13' title="bbox 158 1520 1760 1597">
     <span class='ocr_line' id='line_1_13' title="bbox 158 1520 1760 1597; baseline -0.008 -11"><span class='ocrx_word' id='word_1_91' title='bbox 158 1531 274 1588; x_wconf 85' lang='lat' dir='ltr'><strong>Sed</strong></span> <span class='ocrx_word' id='word_1_92' title='bbox 302 1539 488 1585; x_wconf 88' lang='lat' dir='ltr'><strong>tamen</strong></span> <span class='ocrx_word' id='word_1_93' title='bbox 517 1528 605 1597; x_wconf 86' lang='lat' dir='ltr'><strong>qui</strong></span> <span class='ocrx_word' id='word_1_94' title='bbox 652 1541 793 1582; x_wconf 92' lang='lat' dir='ltr'><strong>nunc</strong></span> <span class='ocrx_word' id='word_1_95' title='bbox 836 1535 982 1591; x_wconf 87' lang='lat' dir='ltr'><strong>sunt,</strong></span> <span class='ocrx_word' id='word_1_96' title='bbox 1029 1532 1176 1577; x_wconf 82' lang='lat' dir='ltr'><strong>tanto</strong></span> <span class='ocrx_word' id='word_1_97' title='bbox 1219 1529 1347 1577; x_wconf 89' lang='lat' dir='ltr'><strong>sunt</strong></span> <span class='ocrx_word' id='word_1_98' title='bbox 1388 1520 1493 1575; x_wconf 90' lang='lat' dir='ltr'><strong>illis</strong></span> <span class='ocrx_word' id='word_1_99' title='bbox 1526 1520 1760 1590; x_wconf 76' lang='lat' dir='ltr'><strong>pejores,</strong></span> 
     </span>
    </p>
   </div>
   <div class='ocr_carea' id='block_1_14' title="bbox 158 1613 1761 1691">
    <p class='ocr_par' dir='ltr' id='par_1_14' title="bbox 158 1613 1761 1691">
     <span class='ocr_line' id='line_1_14' title="bbox 158 1613 1761 1691; baseline -0.007 -13"><span class='ocrx_word' id='word_1_100' title='bbox 158 1622 306 1691; x_wconf 89' lang='lat' dir='ltr'><strong>quod</strong></span> <span class='ocrx_word' id='word_1_101' title='bbox 356 1622 432 1676; x_wconf 89' lang='lat' dir='ltr'><strong>illi</strong></span> <span class='ocrx_word' id='word_1_102' title='bbox 464 1620 681 1690; x_wconf 85' lang='lat' dir='ltr'><strong>quidem</strong></span> <span class='ocrx_word' id='word_1_103' title='bbox 722 1618 825 1673; x_wconf 93' lang='lat' dir='ltr'><strong>hoc</strong></span> <span class='ocrx_word' id='word_1_104' title='bbox 863 1616 1032 1672; x_wconf 87' lang='lat' dir='ltr'><strong>semel</strong></span> <span class='ocrx_word' id='word_1_105' title='bbox 1062 1615 1227 1686; x_wconf 88' lang='lat' dir='ltr'><strong>passi,</strong></span> <span class='ocrx_word' id='word_1_106' title='bbox 1273 1614 1517 1684; x_wconf 85' lang='lat' dir='ltr'><strong>castigati</strong></span> <span class='ocrx_word' id='word_1_107' title='bbox 1560 1613 1669 1667; x_wconf 88' lang='lat' dir='ltr'><strong>sint</strong></span> <span class='ocrx_word' id='word_1_108' title='bbox 1705 1620 1761 1667; x_wconf 88' lang='lat' dir='ltr'><strong>et</strong></span> 
     </span>
    </p>
   </div>
   <div class='ocr_carea' id='block_1_15' title="bbox 157 1707 1761 1783">
    <p class='ocr_par' dir='ltr' id='par_1_15' title="bbox 157 1707 1761 1783">
     <span class='ocr_line' id='line_1_15' title="bbox 157 1707 1761 1783; baseline -0.004 -16"><span class='ocrx_word' id='word_1_109' title='bbox 157 1714 267 1769; x_wconf 75' lang='lat' dir='ltr'><strong>sibi</strong></span> <span class='ocrx_word' id='word_1_110' title='bbox 312 1713 698 1783; x_wconf 82' lang='lat' dir='ltr'><strong>temperarint;</strong></span> <span class='ocrx_word' id='word_1_111' title='bbox 737 1710 825 1765; x_wconf 88' lang='lat' dir='ltr'><strong>isti</strong></span> <span class='ocrx_word' id='word_1_112' title='bbox 852 1718 1033 1765; x_wconf 88' lang='lat' dir='ltr'><strong>autem</strong></span> <span class='ocrx_word' id='word_1_113' title='bbox 1058 1708 1297 1779; x_wconf 88' lang='lat' dir='ltr'><strong>quotidie</strong></span> <span class='ocrx_word' id='word_1_114' title='bbox 1339 1707 1481 1762; x_wconf 87' lang='lat' dir='ltr'><strong>hunc</strong></span> <span class='ocrx_word' id='word_1_115' title='bbox 1520 1722 1761 1761; x_wconf 86' lang='lat' dir='ltr'><strong>vermem</strong></span> 
     </span>
    </p>
   </div>
   <div class='ocr_carea' id='block_1_16' title="bbox 156 1798 1756 1874">
    <p class='ocr_par' dir='ltr' id='par_1_16' title="bbox 156 1798 1756 1874">
     <span class='ocr_line' id='line_1_16' title="bbox 156 1798 1756 1874; baseline -0.006 -13"><span class='ocrx_word' id='word_1_116' title='bbox 156 1808 255 1861; x_wconf 90' lang='lat' dir='ltr'><strong>illo</strong></span> <span class='ocrx_word' id='word_1_117' title='bbox 287 1806 464 1860; x_wconf 89' lang='lat' dir='ltr'><strong>multo</strong></span> <span class='ocrx_word' id='word_1_118' title='bbox 493 1803 817 1874; x_wconf 83' lang='lat' dir='ltr'><strong>graviorem,</strong></span> <span class='ocrx_word' id='word_1_119' title='bbox 863 1801 917 1855; x_wconf 92' lang='lat' dir='ltr'><strong>in</strong></span> <span class='ocrx_word' id='word_1_120' title='bbox 956 1800 1148 1856; x_wconf 86' lang='lat' dir='ltr'><strong>domos</strong></span> <span class='ocrx_word' id='word_1_121' title='bbox 1175 1814 1300 1854; x_wconf 91' lang='lat' dir='ltr'><strong>suas</strong></span> <span class='ocrx_word' id='word_1_122' title='bbox 1331 1798 1756 1864; x_wconf 88' lang='lat' dir='ltr'><strong>introducentes,</strong></span> 
     </span>
    </p>
   </div>
   <div class='ocr_carea' id='block_1_17' title="bbox 154 1890 1761 1966">
    <p class='ocr_par' dir='ltr' id='par_1_17' title="bbox 154 1890 1761 1966">
     <span class='ocr_line' id='line_1_17' title="bbox 154 1890 1761 1966; baseline -0.005 -14"><span class='ocrx_word' id='word_1_123' title='bbox 154 1911 341 1966; x_wconf 82' lang='lat' dir='ltr'><strong>neque</strong></span> <span class='ocrx_word' id='word_1_124' title='bbox 368 1895 607 1951; x_wconf 83' lang='lat' dir='ltr'><strong>sentiunt</strong></span> <span class='ocrx_word' id='word_1_125' title='bbox 631 1908 805 1963; x_wconf 87' lang='lat' dir='ltr'><strong>neque</strong></span> <span class='ocrx_word' id='word_1_126' title='bbox 833 1892 1114 1947; x_wconf 87' lang='lat' dir='ltr'><strong>satiantur.</strong></span> <span class='ocrx_word' id='word_1_127' title='bbox 1144 1890 1279 1946; x_wconf 85' lang='lat' dir='ltr'><strong>Nam</strong></span> <span class='ocrx_word' id='word_1_128' title='bbox 1307 1890 1452 1961; x_wconf 90' lang='lat' dir='ltr'><strong>quod</strong></span> <span class='ocrx_word' id='word_1_129' title='bbox 1488 1891 1602 1944; x_wconf 77' lang='lat' dir='ltr'><strong>lucc</strong></span> <span class='ocrx_word' id='word_1_130' title='bbox 1652 1890 1761 1944; x_wconf 90' lang='lat' dir='ltr'><strong>illis</strong></span> 
     </span>
    </p>
   </div>
   <div class='ocr_carea' id='block_1_18' title="bbox 151 1983 1759 2055">
    <p class='ocr_par' dir='ltr' id='par_1_18' title="bbox 151 1983 1759 2055">
     <span class='ocr_line' id='line_1_18' title="bbox 151 1983 1759 2055; baseline -0.002 -15"><span class='ocrx_word' id='word_1_131' title='bbox 151 1989 272 2041; x_wconf 86' lang='lat' dir='ltr'><strong>sint</strong></span> <span class='ocrx_word' id='word_1_132' title='bbox 297 1986 521 2053; x_wconf 80' lang='lat' dir='ltr'><strong>similia,</strong></span> <span class='ocrx_word' id='word_1_133' title='bbox 555 1984 699 2055; x_wconf 85' lang='lat' dir='ltr'><strong>quod</strong></span> <span class='ocrx_word' id='word_1_134' title='bbox 724 1984 791 2039; x_wconf 87' lang='lat' dir='ltr'><strong>ad</strong></span> <span class='ocrx_word' id='word_1_135' title='bbox 819 1983 994 2039; x_wconf 88' lang='lat' dir='ltr'><strong>inanis</strong></span> <span class='ocrx_word' id='word_1_136' title='bbox 1022 1983 1228 2038; x_wconf 82' lang='lat' dir='ltr'><strong>laboris</strong></span> <span class='ocrx_word' id='word_1_137' title='bbox 1271 1983 1463 2036; x_wconf 88' lang='lat' dir='ltr'><strong>attinet</strong></span> <span class='ocrx_word' id='word_1_138' title='bbox 1496 1983 1759 2037; x_wconf 89' lang='lat' dir='ltr'><strong>rationem</strong></span> 
     </span>
    </p>
   </div>
   <div class='ocr_carea' id='block_1_19' title="bbox 153 2073 1764 2148">
    <p class='ocr_par' dir='ltr' id='par_1_19' title="bbox 153 2073 1764 2148">
     <span class='ocr_line' id='line_1_19' title="bbox 153 2073 1764 2148; baseline -0.003 -16"><span class='ocrx_word' id='word_1_139' title='bbox 153 2078 463 2148; x_wconf 87' lang='lat' dir='ltr'><strong>(supplicio</strong></span> <span class='ocrx_word' id='word_1_140' title='bbox 490 2078 634 2132; x_wconf 90' lang='lat' dir='ltr'><strong>enim</strong></span> <span class='ocrx_word' id='word_1_141' title='bbox 658 2075 775 2131; x_wconf 74' lang='lat' dir='ltr'><strong>hzee</strong></span> <span class='ocrx_word' id='word_1_142' title='bbox 798 2085 924 2131; x_wconf 90' lang='lat' dir='ltr'><strong>sunt</strong></span> <span class='ocrx_word' id='word_1_143' title='bbox 955 2074 1127 2129; x_wconf 90' lang='lat' dir='ltr'><strong>multo</strong></span> <span class='ocrx_word' id='word_1_144' title='bbox 1154 2073 1449 2145; x_wconf 83' lang='lat' dir='ltr'><strong>graviora),</strong></span> <span class='ocrx_word' id='word_1_145' title='bbox 1481 2073 1605 2128; x_wconf 92' lang='lat' dir='ltr'><strong>hinc</strong></span> <span class='ocrx_word' id='word_1_146' title='bbox 1630 2088 1764 2128; x_wconf 89' lang='lat' dir='ltr'><strong>con-</strong></span> 
     </span>
    </p>
   </div>
   <div class='ocr_carea' id='block_1_20' title="bbox 146 2165 1761 2238">
    <p class='ocr_par' dir='ltr' id='par_1_20' title="bbox 146 2165 1761 2238">
     <span class='ocr_line' id='line_1_20' title="bbox 146 2165 1761 2238; baseline -0.003 -13"><span class='ocrx_word' id='word_1_147' title='bbox 146 2171 366 2225; x_wconf 83' lang='lat' dir='ltr'><strong>sidera.</strong></span> <span class='ocrx_word' id='word_1_148' title='bbox 399 2168 455 2222; x_wconf 92' lang='lat' dir='ltr'><strong>ln</strong></span> <span class='ocrx_word' id='word_1_149' title='bbox 487 2183 593 2238; x_wconf 91' lang='lat' dir='ltr'><strong>quo</strong></span> <span class='ocrx_word' id='word_1_150' title='bbox 636 2168 783 2223; x_wconf 88' lang='lat' dir='ltr'><strong>enim</strong></span> <span class='ocrx_word' id='word_1_151' title='bbox 811 2165 991 2221; x_wconf 75' lang='lat' dir='ltr'><strong>differt</strong></span> <span class='ocrx_word' id='word_1_152' title='bbox 1016 2165 1168 2221; x_wconf 83' lang='lat' dir='ltr'><strong>dives</strong></span> <span class='ocrx_word' id='word_1_153' title='bbox 1195 2180 1228 2221; x_wconf 85' lang='lat' dir='ltr'><strong>a</strong></span> <span class='ocrx_word' id='word_1_154' title='bbox 1258 2166 1533 2236; x_wconf 82' lang='lat' dir='ltr'><strong>paupere?</strong></span> <span class='ocrx_word' id='word_1_155' title='bbox 1579 2180 1761 2220; x_wconf 90' lang='lat' dir='ltr'><strong>nonne</strong></span> 
     </span>
    </p>
   </div>
   <div class='ocr_carea' id='block_1_21' title="bbox 152 2257 1762 2328">
    <p class='ocr_par' dir='ltr' id='par_1_21' title="bbox 152 2257 1762 2328">
     <span class='ocr_line' id='line_1_21' title="bbox 152 2257 1762 2328; baseline -0.002 -14"><span class='ocrx_word' id='word_1_156' title='bbox 152 2276 331 2314; x_wconf 87' lang='lat' dir='ltr'><strong>unum</strong></span> <span class='ocrx_word' id='word_1_157' title='bbox 362 2259 537 2314; x_wconf 90' lang='lat' dir='ltr'><strong>induit</strong></span> <span class='ocrx_word' id='word_1_158' title='bbox 565 2273 785 2328; x_wconf 88' lang='lat' dir='ltr'><strong>corpus,</strong></span> <span class='ocrx_word' id='word_1_159' title='bbox 837 2272 1019 2313; x_wconf 88' lang='lat' dir='ltr'><strong>nonne</strong></span> <span class='ocrx_word' id='word_1_160' title='bbox 1064 2274 1228 2312; x_wconf 87' lang='lat' dir='ltr'><strong>unum</strong></span> <span class='ocrx_word' id='word_1_161' title='bbox 1257 2257 1350 2312; x_wconf 88' lang='lat' dir='ltr'><strong>alit</strong></span> <span class='ocrx_word' id='word_1_162' title='bbox 1378 2257 1660 2313; x_wconf 87' lang='lat' dir='ltr'><strong>ventrem?</strong></span> <span class='ocrx_word' id='word_1_163' title='bbox 1706 2257 1762 2311; x_wconf 90' lang='lat' dir='ltr'><strong>in</strong></span> 
     </span>
    </p>
   </div>
   <div class='ocr_carea' id='block_1_22' title="bbox 153 2347 1761 2423">
    <p class='ocr_par' dir='ltr' id='par_1_22' title="bbox 153 2347 1761 2423">
     <span class='ocr_line' id='line_1_22' title="bbox 153 2347 1761 2423; baseline -0.004 -15"><span class='ocrx_word' id='word_1_164' title='bbox 153 2369 272 2423; x_wconf 90' lang='lat' dir='ltr'><strong>quo</strong></span> <span class='ocrx_word' id='word_1_165' title='bbox 300 2367 433 2423; x_wconf 84' lang='lat' dir='ltr'><strong>ergo</strong></span> <span class='ocrx_word' id='word_1_166' title='bbox 460 2352 577 2421; x_wconf 87' lang='lat' dir='ltr'><strong>plus</strong></span> <span class='ocrx_word' id='word_1_167' title='bbox 598 2350 869 2406; x_wconf 84' lang='lat' dir='ltr'><strong>abundat?</strong></span> <span class='ocrx_word' id='word_1_168' title='bbox 894 2350 950 2405; x_wconf 93' lang='lat' dir='ltr'><strong>ln</strong></span> <span class='ocrx_word' id='word_1_169' title='bbox 981 2347 1454 2412; x_wconf 85' lang='lat' dir='ltr'><strong>sollicitudinibus,</strong></span> <span class='ocrx_word' id='word_1_170' title='bbox 1477 2349 1528 2403; x_wconf 94' lang='lat' dir='ltr'><strong>in</strong></span> <span class='ocrx_word' id='word_1_171' title='bbox 1562 2363 1761 2403; x_wconf 79' lang='lat' dir='ltr'><strong>consu-</strong></span> 
     </span>
    </p>
   </div>
   <div class='ocr_carea' id='block_1_23' title="bbox 154 2440 1762 2513">
    <p class='ocr_par' dir='ltr' id='par_1_23' title="bbox 154 2440 1762 2513">
     <span class='ocr_line' id='line_1_23' title="bbox 154 2440 1762 2513; baseline -0.004 -13"><span class='ocrx_word' id='word_1_172' title='bbox 154 2446 389 2511; x_wconf 87' lang='lat' dir='ltr'><strong>mendo,</strong></span> <span class='ocrx_word' id='word_1_173' title='bbox 420 2445 473 2498; x_wconf 90' lang='lat' dir='ltr'><strong>in</strong></span> <span class='ocrx_word' id='word_1_174' title='bbox 499 2459 564 2499; x_wconf 91' lang='lat' dir='ltr'><strong>eo</strong></span> <span class='ocrx_word' id='word_1_175' title='bbox 590 2443 733 2513; x_wconf 89' lang='lat' dir='ltr'><strong>quod</strong></span> <span class='ocrx_word' id='word_1_176' title='bbox 758 2444 869 2498; x_wconf 89' lang='lat' dir='ltr'><strong>Deo</strong></span> <span class='ocrx_word' id='word_1_177' title='bbox 897 2457 1005 2498; x_wconf 93' lang='lat' dir='ltr'><strong>non</strong></span> <span class='ocrx_word' id='word_1_178' title='bbox 1038 2448 1223 2512; x_wconf 86' lang='lat' dir='ltr'><strong>pareat</strong></span> <span class='ocrx_word' id='word_1_179' title='bbox 1257 2450 1311 2497; x_wconf 90' lang='lat' dir='ltr'><strong>et</strong></span> <span class='ocrx_word' id='word_1_180' title='bbox 1336 2440 1576 2507; x_wconf 90' lang='lat' dir='ltr'><strong>obediat,</strong></span> <span class='ocrx_word' id='word_1_181' title='bbox 1612 2440 1664 2493; x_wconf 92' lang='lat' dir='ltr'><strong>in</strong></span> <span class='ocrx_word' id='word_1_182' title='bbox 1695 2453 1762 2494; x_wconf 90' lang='lat' dir='ltr'><strong>eo</strong></span> 
     </span>
    </p>
   </div>
   <div class='ocr_carea' id='block_1_24' title="bbox 154 2531 1760 2607">
    <p class='ocr_par' dir='ltr' id='par_1_24' title="bbox 154 2531 1760 2607">
     <span class='ocr_line' id='line_1_24' title="bbox 154 2531 1760 2607; baseline -0.004 -16"><span class='ocrx_word' id='word_1_183' title='bbox 154 2536 314 2607; x_wconf 86' lang='lat' dir='ltr'><strong>quod</strong></span> <span class='ocrx_word' id='word_1_184' title='bbox 341 2551 564 2591; x_wconf 88' lang='lat' dir='ltr'><strong>carnem</strong></span> <span class='ocrx_word' id='word_1_185' title='bbox 594 2542 925 2605; x_wconf 85' lang='lat' dir='ltr'><strong>corrumpat,</strong></span> <span class='ocrx_word' id='word_1_186' title='bbox 970 2534 1025 2589; x_wconf 91' lang='lat' dir='ltr'><strong>in</strong></span> <span class='ocrx_word' id='word_1_187' title='bbox 1051 2546 1119 2589; x_wconf 88' lang='lat' dir='ltr'><strong>eo</strong></span> <span class='ocrx_word' id='word_1_188' title='bbox 1144 2533 1286 2603; x_wconf 87' lang='lat' dir='ltr'><strong>quod</strong></span> <span class='ocrx_word' id='word_1_189' title='bbox 1312 2533 1506 2587; x_wconf 65' lang='lat' dir='ltr'><strong>animae</strong></span> <span class='ocrx_word' id='word_1_190' title='bbox 1535 2531 1760 2586; x_wconf 83' lang='lat' dir='ltr'><strong>exitium</strong></span> 
     </span>
    </p>
   </div>
   <div class='ocr_carea' id='block_1_25' title="bbox 153 2623 1759 2695">
    <p class='ocr_par' dir='ltr' id='par_1_25' title="bbox 153 2623 1759 2695">
     <span class='ocr_line' id='line_1_25' title="bbox 153 2623 1759 2695; baseline -0.004 -14"><span class='ocrx_word' id='word_1_191' title='bbox 153 2627 379 2683; x_wconf 70' lang='lat' dir='ltr'><strong>afferat.</strong></span> <span class='ocrx_word' id='word_1_192' title='bbox 408 2626 534 2681; x_wconf 69' lang='grc' dir='ltr'><strong>Ηωο</strong></span> <span class='ocrx_word' id='word_1_193' title='bbox 551 2628 694 2681; x_wconf 89' lang='lat' dir='ltr'><strong>enim</strong></span> <span class='ocrx_word' id='word_1_194' title='bbox 716 2634 841 2680; x_wconf 87' lang='lat' dir='ltr'><strong>sunt</strong></span> <span class='ocrx_word' id='word_1_195' title='bbox 868 2640 951 2691; x_wconf 82' lang='lat' dir='ltr'><strong>ea,</strong></span> <span class='ocrx_word' id='word_1_196' title='bbox 977 2626 1030 2678; x_wconf 90' lang='lat' dir='ltr'><strong>in</strong></span> <span class='ocrx_word' id='word_1_197' title='bbox 1057 2624 1251 2695; x_wconf 88' lang='lat' dir='ltr'><strong>quibus</strong></span> <span class='ocrx_word' id='word_1_198' title='bbox 1275 2625 1391 2693; x_wconf 90' lang='lat' dir='ltr'><strong>plus</strong></span> <span class='ocrx_word' id='word_1_199' title='bbox 1419 2623 1579 2679; x_wconf 83' lang='lat' dir='ltr'><strong>habet</strong></span> <span class='ocrx_word' id='word_1_200' title='bbox 1600 2639 1759 2693; x_wconf 84' lang='lat' dir='ltr'><strong>quam</strong></span> 
     </span>
    </p>
   </div>
   <div class='ocr_carea' id='block_1_26' title="bbox 155 2714 1764 2790">
    <p class='ocr_par' dir='ltr' id='par_1_26' title="bbox 155 2714 1764 2790">
     <span class='ocr_line' id='line_1_26' title="bbox 155 2714 1764 2790; baseline -0.002 -19"><span class='ocrx_word' id='word_1_201' title='bbox 155 2735 396 2790; x_wconf 81' lang='lat' dir='ltr'><strong>pauper.</strong></span> <span class='ocrx_word' id='word_1_202' title='bbox 432 2717 565 2773; x_wconf 77' lang='lat' dir='ltr'><strong>Nam</strong></span> <span class='ocrx_word' id='word_1_203' title='bbox 614 2717 661 2771; x_wconf 93' lang='lat' dir='ltr'><strong>si</strong></span> <span class='ocrx_word' id='word_1_204' title='bbox 712 2716 910 2770; x_wconf 89' lang='lat' dir='ltr'><strong>multos</strong></span> <span class='ocrx_word' id='word_1_205' title='bbox 952 2714 1202 2785; x_wconf 90' lang='lat' dir='ltr'><strong>impleret</strong></span> <span class='ocrx_word' id='word_1_206' title='bbox 1247 2724 1490 2778; x_wconf 89' lang='lat' dir='ltr'><strong>ventres,</strong></span> <span class='ocrx_word' id='word_1_207' title='bbox 1537 2715 1764 2768; x_wconf 85' lang='lat' dir='ltr'><strong>haberet</strong></span> 
     </span>
    </p>
   </div>
   <div class='ocr_carea' id='block_1_27' title="bbox 155 2807 1763 2880">
    <p class='ocr_par' dir='ltr' id='par_1_27' title="bbox 155 2807 1763 2880">
     <span class='ocr_line' id='line_1_27' title="bbox 155 2807 1763 2880; baseline -0.002 -14"><span class='ocrx_word' id='word_1_208' title='bbox 155 2812 405 2866; x_wconf 84' lang='lat' dir='ltr'><strong>fortasse</strong></span> <span class='ocrx_word' id='word_1_209' title='bbox 445 2809 648 2877; x_wconf 89' lang='lat' dir='ltr'><strong>aliquid</strong></span> <span class='ocrx_word' id='word_1_210' title='bbox 679 2808 821 2880; x_wconf 92' lang='lat' dir='ltr'><strong>quod</strong></span> <span class='ocrx_word' id='word_1_211' title='bbox 863 2808 1086 2876; x_wconf 87' lang='lat' dir='ltr'><strong>diceret,</strong></span> <span class='ocrx_word' id='word_1_212' title='bbox 1129 2823 1322 2877; x_wconf 90' lang='lat' dir='ltr'><strong>nempe</strong></span> <span class='ocrx_word' id='word_1_213' title='bbox 1362 2807 1607 2875; x_wconf 89' lang='lat' dir='ltr'><strong>pluribus</strong></span> <span class='ocrx_word' id='word_1_214' title='bbox 1638 2822 1763 2862; x_wconf 87' lang='lat' dir='ltr'><strong>esse</strong></span> 
     </span>
    </p>
   </div>
   <div class='ocr_carea' id='block_1_28' title="bbox 153 2901 1764 2974">
    <p class='ocr_par' dir='ltr' id='par_1_28' title="bbox 153 2901 1764 2974">
     <span class='ocr_line' id='line_1_28' title="bbox 153 2901 1764 2974; baseline -0.003 -17"><span class='ocrx_word' id='word_1_215' title='bbox 153 2919 327 2974; x_wconf 87' lang='lat' dir='ltr'><strong>opus,</strong></span> <span class='ocrx_word' id='word_1_216' title='bbox 378 2914 432 2958; x_wconf 87' lang='lat' dir='ltr'><strong>et</strong></span> <span class='ocrx_word' id='word_1_217' title='bbox 480 2912 726 2971; x_wconf 90' lang='lat' dir='ltr'><strong>sumptus</strong></span> <span class='ocrx_word' id='word_1_218' title='bbox 769 2901 1026 2971; x_wconf 80' lang='lat' dir='ltr'><strong>majorem</strong></span> <span class='ocrx_word' id='word_1_219' title='bbox 1076 2915 1200 2956; x_wconf 84' lang='lat' dir='ltr'><strong>esse</strong></span> <span class='ocrx_word' id='word_1_220' title='bbox 1238 2901 1641 2955; x_wconf 86' lang='lat' dir='ltr'><strong>necessitatem.</strong></span> <span class='ocrx_word' id='word_1_221' title='bbox 1695 2904 1764 2953; x_wconf 86' lang='lat' dir='ltr'><strong>At</strong></span> 
     </span>
    </p>
   </div>
   <div class='ocr_carea' id='block_1_29' title="bbox 154 2990 1762 3065">
    <p class='ocr_par' dir='ltr' id='par_1_29' title="bbox 154 2990 1762 3065">
     <span class='ocr_line' id='line_1_29' title="bbox 154 2990 1762 3065; baseline -0.002 -16"><span class='ocrx_word' id='word_1_222' title='bbox 154 3011 316 3049; x_wconf 84' lang='lat' dir='ltr'><strong>nunc</strong></span> <span class='ocrx_word' id='word_1_223' title='bbox 344 3010 578 3065; x_wconf 87' lang='lat' dir='ltr'><strong>quoque,</strong></span> <span class='ocrx_word' id='word_1_224' title='bbox 605 2993 797 3063; x_wconf 90' lang='lat' dir='ltr'><strong>inquit,</strong></span> <span class='ocrx_word' id='word_1_225' title='bbox 827 2992 1031 3049; x_wconf 82' lang='lat' dir='ltr'><strong>habent</strong></span> <span class='ocrx_word' id='word_1_226' title='bbox 1055 2990 1199 3063; x_wconf 88' lang='lat' dir='ltr'><strong>quod</strong></span> <span class='ocrx_word' id='word_1_227' title='bbox 1240 2991 1440 3058; x_wconf 87' lang='lat' dir='ltr'><strong>dicant,</strong></span> <span class='ocrx_word' id='word_1_228' title='bbox 1471 2992 1613 3062; x_wconf 91' lang='lat' dir='ltr'><strong>quod</strong></span> <span class='ocrx_word' id='word_1_229' title='bbox 1640 2991 1762 3060; x_wconf 88' lang='lat' dir='ltr'><strong>plu-</strong></span> 
     </span>
    </p>
   </div>
   <div class='ocr_carea' id='block_1_30' title="bbox 152 3083 1764 3156">
    <p class='ocr_par' dir='ltr' id='par_1_30' title="bbox 152 3083 1764 3156">
     <span class='ocr_line' id='line_1_30' title="bbox 152 3083 1764 3156; baseline -0.004 -14"><span class='ocrx_word' id='word_1_230' title='bbox 152 3101 255 3142; x_wconf 86' lang='lat' dir='ltr'><strong>res</strong></span> <span class='ocrx_word' id='word_1_231' title='bbox 290 3086 548 3156; x_wconf 87' lang='lat' dir='ltr'><strong>impleant</strong></span> <span class='ocrx_word' id='word_1_232' title='bbox 583 3096 823 3152; x_wconf 88' lang='lat' dir='ltr'><strong>ventres,</strong></span> <span class='ocrx_word' id='word_1_233' title='bbox 856 3099 1051 3154; x_wconf 89' lang='lat' dir='ltr'><strong>nempe</strong></span> <span class='ocrx_word' id='word_1_234' title='bbox 1076 3083 1399 3138; x_wconf 87' lang='lat' dir='ltr'><strong>famulorum</strong></span> <span class='ocrx_word' id='word_1_235' title='bbox 1444 3092 1499 3138; x_wconf 91' lang='lat' dir='ltr'><strong>et</strong></span> <span class='ocrx_word' id='word_1_236' title='bbox 1540 3084 1764 3137; x_wconf 88' lang='lat' dir='ltr'><strong>ancilla-</strong></span> 
     </span>
    </p>
   </div>
   <div class='ocr_carea' id='block_1_31' title="bbox 155 3175 1766 3247">
    <p class='ocr_par' dir='ltr' id='par_1_31' title="bbox 155 3175 1766 3247">
     <span class='ocr_line' id='line_1_31' title="bbox 155 3175 1766 3247; baseline -0.003 -14"><span class='ocrx_word' id='word_1_237' title='bbox 155 3194 315 3233; x_wconf 89' lang='lat' dir='ltr'><strong>rum.</strong></span> <span class='ocrx_word' id='word_1_238' title='bbox 344 3178 451 3234; x_wconf 91' lang='lat' dir='ltr'><strong>Sed</strong></span> <span class='ocrx_word' id='word_1_239' title='bbox 480 3194 588 3232; x_wconf 92' lang='lat' dir='ltr'><strong>non</strong></span> <span class='ocrx_word' id='word_1_240' title='bbox 615 3192 684 3232; x_wconf 82' lang='lat' dir='ltr'><strong>ex</strong></span> <span class='ocrx_word' id='word_1_241' title='bbox 714 3176 1038 3233; x_wconf 86' lang='lat' dir='ltr'><strong>necessitate</strong></span> <span class='ocrx_word' id='word_1_242' title='bbox 1063 3190 1238 3246; x_wconf 89' lang='lat' dir='ltr'><strong>neque</strong></span> <span class='ocrx_word' id='word_1_243' title='bbox 1262 3186 1484 3247; x_wconf 71' lang='lat' dir='ltr'><strong>promer</strong></span> <span class='ocrx_word' id='word_1_244' title='bbox 1520 3175 1766 3245; x_wconf 57' lang='lat' dir='ltr'><strong>benigni-</strong></span> 
     </span>
    </p>
   </div>
   <div class='ocr_carea' id='block_1_32' title="bbox 146 3267 1766 3339">
    <p class='ocr_par' dir='ltr' id='par_1_32' title="bbox 146 3267 1766 3339">
     <span class='ocr_line' id='line_1_32' title="bbox 146 3267 1766 3339; baseline -0.001 -13"><span class='ocrx_word' id='word_1_245' title='bbox 146 3272 339 3326; x_wconf 62' lang='lat' dir='ltr'><strong>tatem</strong></span> <span class='ocrx_word' id='word_1_246' title='bbox 388 3280 443 3325; x_wconf 92' lang='lat' dir='ltr'><strong>et</strong></span> <span class='ocrx_word' id='word_1_247' title='bbox 490 3270 875 3326; x_wconf 86' lang='lat' dir='ltr'><strong>humanitatem</strong></span> <span class='ocrx_word' id='word_1_248' title='bbox 924 3267 1027 3325; x_wconf 88' lang='lat' dir='ltr'><strong>hoc</strong></span> <span class='ocrx_word' id='word_1_249' title='bbox 1066 3269 1146 3335; x_wconf 89' lang='lat' dir='ltr'><strong>ﬁt,</strong></span> <span class='ocrx_word' id='word_1_250' title='bbox 1191 3270 1289 3324; x_wconf 89' lang='lat' dir='ltr'><strong>sed</strong></span> <span class='ocrx_word' id='word_1_251' title='bbox 1330 3268 1504 3323; x_wconf 87' lang='lat' dir='ltr'><strong>solum</strong></span> <span class='ocrx_word' id='word_1_252' title='bbox 1549 3279 1766 3339; x_wconf 84' lang='lat' dir='ltr'><strong>propter</strong></span> 
     </span>
    </p>
   </div>
   <div class='ocr_carea' id='block_1_33' title="bbox 154 3359 1619 3431">
    <p class='ocr_par' dir='ltr' id='par_1_33' title="bbox 154 3359 1619 3431">
     <span class='ocr_line' id='line_1_33' title="bbox 154 3359 1619 3431; baseline -0.003 -13"><span class='ocrx_word' id='word_1_253' title='bbox 154 3362 368 3418; x_wconf 81' lang='lat' dir='ltr'><strong>fastum</strong></span> <span class='ocrx_word' id='word_1_254' title='bbox 401 3371 455 3416; x_wconf 89' lang='lat' dir='ltr'><strong>et</strong></span> <span class='ocrx_word' id='word_1_255' title='bbox 479 3362 785 3431; x_wconf 86' lang='lat' dir='ltr'><strong>superbiam</strong></span> <span class='ocrx_word' id='word_1_256' title='bbox 819 3380 832 3417; x_wconf 94' lang='lat'><strong>:</strong></span> <span class='ocrx_word' id='word_1_257' title='bbox 866 3361 1010 3417; x_wconf 88' lang='lat' dir='ltr'><strong>unde</strong></span> <span class='ocrx_word' id='word_1_258' title='bbox 1039 3375 1140 3415; x_wconf 86' lang='lat' dir='ltr'><strong>nec</strong></span> <span class='ocrx_word' id='word_1_259' title='bbox 1179 3359 1389 3415; x_wconf 87' lang='lat' dir='ltr'><strong>admitti</strong></span> <span class='ocrx_word' id='word_1_260' title='bbox 1424 3370 1619 3430; x_wconf 83' lang='lat' dir='ltr'><strong>potest.</strong></span> 
     </span>
    </p>
   </div>
   <div class='ocr_carea' id='block_1_34' title="bbox 235 3453 1763 3525">
    <p class='ocr_par' dir='ltr' id='par_1_34' title="bbox 235 3453 1763 3525">
     <span class='ocr_line' id='line_1_34' title="bbox 235 3453 1763 3525; baseline -0.001 -16"><span class='ocrx_word' id='word_1_261' title='bbox 235 3456 299 3509; x_wconf 83' lang='lat'><strong>5.</strong></span> <span class='ocrx_word' id='word_1_262' title='bbox 340 3454 616 3510; x_wconf 81' lang='lat' dir='ltr'><strong>Servorum</strong></span> <span class='ocrx_word' id='word_1_263' title='bbox 658 3455 929 3508; x_wconf 79' lang='lat' dir='ltr'><strong>multitudo</strong></span> <span class='ocrx_word' id='word_1_264' title='bbox 956 3455 1285 3523; x_wconf 79' lang='lat' dir='ltr'><strong>vituperatur.</strong></span> <span class='ocrx_word' id='word_1_265' title='bbox 1331 3453 1523 3517; x_wconf 75' lang='lat' dir='ltr'><strong>Contra</strong></span> <span class='ocrx_word' id='word_1_266' title='bbox 1558 3470 1646 3508; x_wconf 75' lang='lat' dir='ltr'><strong>eos</strong></span> <span class='ocrx_word' id='word_1_267' title='bbox 1675 3455 1763 3525; x_wconf 88' lang='lat' dir='ltr'><strong>qui</strong></span> 
     </span>
    </p>
   </div>
   <div class='ocr_carea' id='block_1_35' title="bbox 149 3544 1767 3615">
    <p class='ocr_par' dir='ltr' id='par_1_35' title="bbox 149 3544 1767 3615">
     <span class='ocr_line' id='line_1_35' title="bbox 149 3544 1767 3615; baseline -0.001 -16"><span class='ocrx_word' id='word_1_268' title='bbox 149 3563 292 3599; x_wconf 76' lang='lat' dir='ltr'><strong>cum</strong></span> <span class='ocrx_word' id='word_1_269' title='bbox 311 3545 625 3615; x_wconf 76' lang='lat' dir='ltr'><strong>[catulorum</strong></span> <span class='ocrx_word' id='word_1_270' title='bbox 653 3546 855 3615; x_wconf 85' lang='lat' dir='ltr'><strong>agmine</strong></span> <span class='ocrx_word' id='word_1_271' title='bbox 879 3544 1137 3599; x_wconf 77' lang='lat' dir='ltr'><strong>incedunt.</strong></span> <span class='ocrx_word' id='word_1_272' title='bbox 1163 3572 1238 3586; x_wconf 90' lang='lat'><strong>—-</strong></span> <span class='ocrx_word' id='word_1_273' title='bbox 1262 3544 1373 3598; x_wconf 82' lang='lat' dir='ltr'><strong>Cur</strong></span> <span class='ocrx_word' id='word_1_274' title='bbox 1400 3544 1543 3598; x_wconf 87' lang='lat' dir='ltr'><strong>enim</strong></span> <span class='ocrx_word' id='word_1_275' title='bbox 1570 3547 1767 3598; x_wconf 88' lang='lat' dir='ltr'><strong>multus</strong></span> 
     </span>
    </p>
   </div>
   <div class='ocr_carea' id='block_1_36' title="bbox 152 3635 1764 3692">
    <p class='ocr_par' dir='ltr' id='par_1_36' title="bbox 152 3635 1764 3692">
     <span class='ocr_line' id='line_1_36' title="bbox 152 3635 1764 3692; baseline -0.001 -1"><span class='ocrx_word' id='word_1_276' title='bbox 152 3636 339 3691; x_wconf 83' lang='lat' dir='ltr'><strong>habet</strong></span> <span class='ocrx_word' id='word_1_277' title='bbox 362 3636 669 3691; x_wconf 82' lang='lat' dir='ltr'><strong>ministros?</strong></span> <span class='ocrx_word' id='word_1_278' title='bbox 695 3635 845 3692; x_wconf 89' lang='lat' dir='ltr'><strong>Sicut</strong></span> <span class='ocrx_word' id='word_1_279' title='bbox 869 3636 1016 3691; x_wconf 85' lang='lat' dir='ltr'><strong>enim</strong></span> <span class='ocrx_word' id='word_1_280' title='bbox 1045 3636 1104 3691; x_wconf 84' lang='lat' dir='ltr'><strong>in</strong></span> <span class='ocrx_word' id='word_1_281' title='bbox 1130 3636 1369 3691; x_wconf 76' lang='lat' dir='ltr'><strong>veStibus</strong></span> <span class='ocrx_word' id='word_1_282' title='bbox 1395 3644 1451 3690; x_wconf 90' lang='lat' dir='ltr'><strong>et</strong></span> <span class='ocrx_word' id='word_1_283' title='bbox 1477 3637 1531 3689; x_wconf 89' lang='lat' dir='ltr'><strong>in</strong></span> <span class='ocrx_word' id='word_1_284' title='bbox 1580 3651 1764 3690; x_wconf 87' lang='lat' dir='ltr'><strong>mensa</strong></span> 
     </span>
    </p>
   </div>
   <div class='ocr_carea' id='block_1_37' title="bbox 154 3726 1760 3794">
    <p class='ocr_par' dir='ltr' id='par_1_37' title="bbox 154 3726 1760 3794">
     <span class='ocr_line' id='line_1_37' title="bbox 154 3726 1760 3794; baseline -0.001 -12"><span class='ocrx_word' id='word_1_285' title='bbox 154 3732 326 3784; x_wconf 89' lang='lat' dir='ltr'><strong>solus</strong></span> <span class='ocrx_word' id='word_1_286' title='bbox 370 3743 501 3782; x_wconf 87' lang='lat' dir='ltr'><strong>usus</strong></span> <span class='ocrx_word' id='word_1_287' title='bbox 543 3737 626 3783; x_wconf 90' lang='lat' dir='ltr'><strong>est</strong></span> <span class='ocrx_word' id='word_1_288' title='bbox 651 3726 1033 3794; x_wconf 88' lang='lat' dir='ltr'><strong>attendendus,</strong></span> <span class='ocrx_word' id='word_1_289' title='bbox 1082 3728 1154 3781; x_wconf 90' lang='lat' dir='ltr'><strong>ita</strong></span> <span class='ocrx_word' id='word_1_290' title='bbox 1192 3728 1352 3781; x_wconf 88' lang='lat' dir='ltr'><strong>etiam</strong></span> <span class='ocrx_word' id='word_1_291' title='bbox 1383 3727 1437 3779; x_wconf 92' lang='lat' dir='ltr'><strong>in</strong></span> <span class='ocrx_word' id='word_1_292' title='bbox 1479 3726 1760 3781; x_wconf 84' lang='lat' dir='ltr'><strong>ministris.</strong></span> 
     </span>
    </p>
   </div>
   <div class='ocr_carea' id='block_1_38' title="bbox 153 3817 1767 3889">
    <p class='ocr_par' dir='ltr' id='par_1_38' title="bbox 153 3817 1767 3889">
     <span class='ocr_line' id='line_1_38' title="bbox 153 3817 1767 3889; baseline -0.001 -17"><span class='ocrx_word' id='word_1_293' title='bbox 153 3819 308 3887; x_wconf 83' lang='lat' dir='ltr'><strong>Quis</strong></span> <span class='ocrx_word' id='word_1_294' title='bbox 354 3827 438 3872; x_wconf 85' lang='lat' dir='ltr'><strong>est</strong></span> <span class='ocrx_word' id='word_1_295' title='bbox 475 3833 604 3889; x_wconf 87' lang='lat' dir='ltr'><strong>ergo</strong></span> <span class='ocrx_word' id='word_1_296' title='bbox 646 3818 813 3873; x_wconf 83' lang='lat' dir='ltr'><strong>usus?</strong></span> <span class='ocrx_word' id='word_1_297' title='bbox 841 3817 1029 3874; x_wconf 86' lang='lat' dir='ltr'><strong>Nullus</strong></span> <span class='ocrx_word' id='word_1_298' title='bbox 1057 3818 1312 3887; x_wconf 85' lang='lat' dir='ltr'><strong>penitus:</strong></span> <span class='ocrx_word' id='word_1_299' title='bbox 1345 3832 1451 3872; x_wconf 87' lang='lat' dir='ltr'><strong>uno</strong></span> <span class='ocrx_word' id='word_1_300' title='bbox 1496 3818 1638 3871; x_wconf 88' lang='lat' dir='ltr'><strong>enim</strong></span> <span class='ocrx_word' id='word_1_301' title='bbox 1685 3820 1767 3871; x_wconf 89' lang='lat' dir='ltr'><strong>fa-</strong></span> 
     </span>
    </p>
   </div>
   <div class='ocr_carea' id='block_1_39' title="bbox 154 3911 1767 3980">
    <p class='ocr_par' dir='ltr' id='par_1_39' title="bbox 154 3911 1767 3980">
     <span class='ocr_line' id='line_1_39' title="bbox 154 3911 1767 3980; baseline 0 -13"><span class='ocrx_word' id='word_1_302' title='bbox 154 3914 324 3967; x_wconf 90' lang='lat' dir='ltr'><strong>mulo</strong></span> <span class='ocrx_word' id='word_1_303' title='bbox 346 3928 511 3966; x_wconf 85' lang='lat' dir='ltr'><strong>unum</strong></span> <span class='ocrx_word' id='word_1_304' title='bbox 537 3911 814 3967; x_wconf 86' lang='lat' dir='ltr'><strong>dominum</strong></span> <span class='ocrx_word' id='word_1_305' title='bbox 842 3912 1019 3967; x_wconf 80' lang='lat' dir='ltr'><strong>solum</strong></span> <span class='ocrx_word' id='word_1_306' title='bbox 1049 3912 1123 3967; x_wconf 90' lang='lat' dir='ltr'><strong>uti</strong></span> <span class='ocrx_word' id='word_1_307' title='bbox 1151 3918 1449 3980; x_wconf 86' lang='lat' dir='ltr'><strong>oporteret,</strong></span> <span class='ocrx_word' id='word_1_308' title='bbox 1476 3911 1562 3965; x_wconf 85' lang='lat' dir='ltr'><strong>vel</strong></span> <span class='ocrx_word' id='word_1_309' title='bbox 1590 3911 1767 3980; x_wconf 87' lang='lat' dir='ltr'><strong>potius</strong></span> 
     </span>
    </p>
   </div>
   <div class='ocr_carea' id='block_1_40' title="bbox 152 4000 1769 4060">
    <p class='ocr_par' dir='ltr' id='par_1_40' title="bbox 152 4000 1769 4060">
     <span class='ocr_line' id='line_1_40' title="bbox 152 4000 1769 4060; baseline -0.003 0"><span class='ocrx_word' id='word_1_310' title='bbox 152 4006 316 4060; x_wconf 85' lang='lat' dir='ltr'><strong>duos</strong></span> <span class='ocrx_word' id='word_1_311' title='bbox 342 4014 400 4058; x_wconf 86' lang='lat' dir='ltr'><strong>et</strong></span> <span class='ocrx_word' id='word_1_312' title='bbox 425 4013 533 4058; x_wconf 89' lang='lat' dir='ltr'><strong>tres</strong></span> <span class='ocrx_word' id='word_1_313' title='bbox 561 4003 806 4059; x_wconf 88' lang='lat' dir='ltr'><strong>dominos</strong></span> <span class='ocrx_word' id='word_1_314' title='bbox 847 4018 954 4058; x_wconf 90' lang='lat' dir='ltr'><strong>uno</strong></span> <span class='ocrx_word' id='word_1_315' title='bbox 984 4001 1205 4057; x_wconf 88' lang='lat' dir='ltr'><strong>famulo.</strong></span> <span class='ocrx_word' id='word_1_316' title='bbox 1232 4000 1288 4057; x_wconf 91' lang='lat' dir='ltr'><strong>Si</strong></span> <span class='ocrx_word' id='word_1_317' title='bbox 1331 4010 1509 4056; x_wconf 90' lang='lat' dir='ltr'><strong>autem</strong></span> <span class='ocrx_word' id='word_1_318' title='bbox 1541 4002 1643 4056; x_wconf 88' lang='lat' dir='ltr'><strong>hoc</strong></span> <span class='ocrx_word' id='word_1_319' title='bbox 1684 4010 1769 4056; x_wconf 85' lang='lat' dir='ltr'><strong>est</strong></span> 
     </span>
    </p>
   </div>
   <div class='ocr_carea' id='block_1_41' title="bbox 151 4092 1764 4166">
    <p class='ocr_par' dir='ltr' id='par_1_41' title="bbox 151 4092 1764 4166">
     <span class='ocr_line' id='line_1_41' title="bbox 151 4092 1764 4166; baseline -0.002 -16"><span class='ocrx_word' id='word_1_320' title='bbox 151 4110 359 4166; x_wconf 83' lang='lat' dir='ltr'><strong>grave,</strong></span> <span class='ocrx_word' id='word_1_321' title='bbox 392 4096 562 4165; x_wconf 86' lang='lat' dir='ltr'><strong>cogita</strong></span> <span class='ocrx_word' id='word_1_322' title='bbox 592 4109 687 4149; x_wconf 89' lang='lat' dir='ltr'><strong>eos</strong></span> <span class='ocrx_word' id='word_1_323' title='bbox 722 4096 814 4165; x_wconf 90' lang='lat' dir='ltr'><strong>qui</strong></span> <span class='ocrx_word' id='word_1_324' title='bbox 839 4094 1048 4151; x_wconf 89' lang='lat' dir='ltr'><strong>nullum</strong></span> <span class='ocrx_word' id='word_1_325' title='bbox 1079 4093 1299 4159; x_wconf 89' lang='lat' dir='ltr'><strong>habent,</strong></span> <span class='ocrx_word' id='word_1_326' title='bbox 1332 4092 1558 4148; x_wconf 74' lang='lat' dir='ltr'><strong>faciliori</strong></span> <span class='ocrx_word' id='word_1_327' title='bbox 1580 4100 1764 4147; x_wconf 84' lang='lat' dir='ltr'><strong>autem</strong></span> 
     </span>
    </p>
   </div>
   <div class='ocr_carea' id='block_1_42' title="bbox 151 4184 1768 4256">
    <p class='ocr_par' dir='ltr' id='par_1_42' title="bbox 151 4184 1768 4256">
     <span class='ocr_line' id='line_1_42' title="bbox 151 4184 1768 4256; baseline -0.001 -14"><span class='ocrx_word' id='word_1_328' title='bbox 151 4198 222 4242; x_wconf 86' lang='lat' dir='ltr'><strong>et</strong></span> <span class='ocrx_word' id='word_1_329' title='bbox 271 4186 596 4256; x_wconf 83' lang='lat' dir='ltr'><strong>expeditiori</strong></span> <span class='ocrx_word' id='word_1_330' title='bbox 626 4185 878 4242; x_wconf 88' lang='lat' dir='ltr'><strong>fruuntur</strong></span> <span class='ocrx_word' id='word_1_331' title='bbox 904 4185 1207 4241; x_wconf 85' lang='lat' dir='ltr'><strong>ministerio</strong></span> <span class='ocrx_word' id='word_1_332' title='bbox 1235 4202 1249 4240; x_wconf 95' lang='lat'><strong>:</strong></span> <span class='ocrx_word' id='word_1_333' title='bbox 1278 4186 1421 4241; x_wconf 86' lang='lat' dir='ltr'><strong>Deus</strong></span> <span class='ocrx_word' id='word_1_334' title='bbox 1463 4186 1607 4241; x_wconf 90' lang='lat' dir='ltr'><strong>enim</strong></span> <span class='ocrx_word' id='word_1_335' title='bbox 1640 4184 1768 4241; x_wconf 88' lang='lat' dir='ltr'><strong>fecit</strong></span> 
     </span>
    </p>
   </div>
   <div class='ocr_carea' id='block_1_43' title="bbox 153 4278 1769 4351">
    <p class='ocr_par' dir='ltr' id='par_1_43' title="bbox 153 4278 1769 4351">
     <span class='ocr_line' id='line_1_43' title="bbox 153 4278 1769 4351; baseline -0.002 -15"><span class='ocrx_word' id='word_1_336' title='bbox 153 4297 274 4336; x_wconf 84' lang='lat' dir='ltr'><strong>eos</strong></span> <span class='ocrx_word' id='word_1_337' title='bbox 304 4281 397 4351; x_wconf 89' lang='lat' dir='ltr'><strong>qui</strong></span> <span class='ocrx_word' id='word_1_338' title='bbox 423 4280 729 4336; x_wconf 84' lang='lat' dir='ltr'><strong>sufﬁcerent</strong></span> <span class='ocrx_word' id='word_1_339' title='bbox 757 4294 876 4346; x_wconf 86' lang='lat' dir='ltr'><strong>suo,</strong></span> <span class='ocrx_word' id='word_1_340' title='bbox 900 4280 1009 4335; x_wconf 91' lang='lat' dir='ltr'><strong>imo</strong></span> <span class='ocrx_word' id='word_1_341' title='bbox 1031 4294 1161 4334; x_wconf 90' lang='lat' dir='ltr'><strong>vero</strong></span> <span class='ocrx_word' id='word_1_342' title='bbox 1186 4288 1240 4334; x_wconf 89' lang='lat' dir='ltr'><strong>et</strong></span> <span class='ocrx_word' id='word_1_343' title='bbox 1263 4278 1495 4348; x_wconf 79' lang='lat' dir='ltr'><strong>proximi</strong></span> <span class='ocrx_word' id='word_1_344' title='bbox 1526 4279 1769 4334; x_wconf 82' lang='lat' dir='ltr'><strong>ministe-</strong></span> 
     </span>
    </p>
   </div>
   <div class='ocr_carea' id='block_1_44' title="bbox 155 4370 1764 4437">
    <p class='ocr_par' dir='ltr' id='par_1_44' title="bbox 155 4370 1764 4437">
     <span class='ocr_line' id='line_1_44' title="bbox 155 4370 1764 4437; baseline -0.002 -8"><span class='ocrx_word' id='word_1_345' title='bbox 155 4374 281 4429; x_wconf 86' lang='lat' dir='ltr'><strong>rio.</strong></span> <span class='ocrx_word' id='word_1_346' title='bbox 324 4373 383 4428; x_wconf 92' lang='lat' dir='ltr'><strong>Si</strong></span> <span class='ocrx_word' id='word_1_347' title='bbox 425 4382 603 4431; x_wconf 88' lang='lat' dir='ltr'><strong>autem</strong></span> <span class='ocrx_word' id='word_1_348' title='bbox 642 4387 751 4427; x_wconf 89' lang='lat' dir='ltr'><strong>non</strong></span> <span class='ocrx_word' id='word_1_349' title='bbox 789 4371 987 4437; x_wconf 88' lang='lat' dir='ltr'><strong>credis,</strong></span> <span class='ocrx_word' id='word_1_350' title='bbox 1032 4371 1156 4425; x_wconf 88' lang='lat' dir='ltr'><strong>audi</strong></span> <span class='ocrx_word' id='word_1_351' title='bbox 1201 4370 1421 4425; x_wconf 86' lang='lat' dir='ltr'><strong>Paulum</strong></span> <span class='ocrx_word' id='word_1_352' title='bbox 1458 4370 1764 4426; x_wconf 88' lang='lat' dir='ltr'><strong>dicentem:</strong></span> 
     </span>
    </p>
   </div>
   <div class='ocr_carea' id='block_1_45' title="bbox 157 4462 1766 4532">
    <p class='ocr_par' dir='ltr' id='par_1_45' title="bbox 157 4462 1766 4532">
     <span class='ocr_line' id='line_1_45' title="bbox 157 4462 1766 4532; baseline -0.002 -13"><span class='ocrx_word' id='word_1_353' title='bbox 157 4463 225 4519; x_wconf 85' lang='grc' dir='ltr'><strong><em>Ν</em></strong></span> <span class='ocrx_word' id='word_1_354' title='bbox 230 4463 584 4518; x_wconf 75' lang='lat' dir='ltr'><strong>ecessitatibus</strong></span> <span class='ocrx_word' id='word_1_355' title='bbox 604 4463 748 4529; x_wconf 71' lang='lat' dir='ltr'><strong>meis,</strong></span> <span class='ocrx_word' id='word_1_356' title='bbox 772 4472 819 4517; x_wconf 80' lang='lat' dir='ltr'><strong>et</strong></span> <span class='ocrx_word' id='word_1_357' title='bbox 844 4462 907 4517; x_wconf 67' lang='lat' dir='ltr'><strong>iis</strong></span> <span class='ocrx_word' id='word_1_358' title='bbox 932 4462 1017 4532; x_wconf 86' lang='lat' dir='ltr'><strong>qui</strong></span> <span class='ocrx_word' id='word_1_359' title='bbox 1038 4477 1231 4515; x_wconf 83' lang='lat' dir='ltr'><strong>mecum</strong></span> <span class='ocrx_word' id='word_1_360' title='bbox 1252 4470 1392 4528; x_wconf 74' lang='lat' dir='ltr'><strong>sunt,</strong></span> <span class='ocrx_word' id='word_1_361' title='bbox 1414 4463 1766 4517; x_wconf 76' lang='lat' dir='ltr'><strong>ministrarum</strong></span> 
     </span>
    </p>
   </div>
   <div class='ocr_carea' id='block_1_46' title="bbox 159 4552 1768 4626">
    <p class='ocr_par' dir='ltr' id='par_1_46' title="bbox 159 4552 1768 4626">
     <span class='ocr_line' id='line_1_46' title="bbox 159 4552 1768 4626; baseline -0.001 -18"><span class='ocrx_word' id='word_1_362' title='bbox 159 4558 257 4610; x_wconf 69' lang='lat' dir='ltr'><strong>hae</strong></span> <span class='ocrx_word' id='word_1_363' title='bbox 296 4570 483 4607; x_wconf 74' lang='lat' dir='ltr'><strong>manus</strong></span> <span class='ocrx_word' id='word_1_364' title='bbox 511 4553 646 4626; x_wconf 83' lang='lat' dir='ltr'><strong>(Act.</strong></span> <span class='ocrx_word' id='word_1_365' title='bbox 675 4553 767 4609; x_wconf 74' lang='lat'><strong>20.</strong></span> <span class='ocrx_word' id='word_1_366' title='bbox 795 4554 907 4622; x_wconf 71' lang='grc'><strong>54).</strong></span> <span class='ocrx_word' id='word_1_367' title='bbox 938 4552 1152 4609; x_wconf 88' lang='lat' dir='ltr'><strong>Siccine</strong></span> <span class='ocrx_word' id='word_1_368' title='bbox 1184 4552 1347 4608; x_wconf 87' lang='lat' dir='ltr'><strong>totius</strong></span> <span class='ocrx_word' id='word_1_369' title='bbox 1375 4552 1593 4622; x_wconf 87' lang='lat' dir='ltr'><strong>quidem</strong></span> <span class='ocrx_word' id='word_1_370' title='bbox 1618 4554 1768 4607; x_wconf 87' lang='lat' dir='ltr'><strong>orbis</strong></span> 
     </span>
    </p>
   </div>
   <div class='ocr_carea' id='block_1_47' title="bbox 157 4645 1768 4715">
    <p class='ocr_par' dir='ltr' id='par_1_47' title="bbox 157 4645 1768 4715">
     <span class='ocr_line' id='line_1_47' title="bbox 157 4645 1768 4715; baseline -0.002 -12"><span class='ocrx_word' id='word_1_371' title='bbox 157 4650 376 4703; x_wconf 88' lang='lat' dir='ltr'><strong>doctor</strong></span> <span class='ocrx_word' id='word_1_372' title='bbox 415 4654 471 4701; x_wconf 90' lang='lat' dir='ltr'><strong>et</strong></span> <span class='ocrx_word' id='word_1_373' title='bbox 497 4646 687 4715; x_wconf 88' lang='lat' dir='ltr'><strong>dignus</strong></span> <span class='ocrx_word' id='word_1_374' title='bbox 722 4646 869 4701; x_wconf 72' lang='lat' dir='ltr'><strong>caelis</strong></span> <span class='ocrx_word' id='word_1_375' title='bbox 908 4660 1016 4701; x_wconf 93' lang='lat' dir='ltr'><strong>non</strong></span> <span class='ocrx_word' id='word_1_376' title='bbox 1060 4645 1415 4700; x_wconf 86' lang='lat' dir='ltr'><strong>erubescebat</strong></span> <span class='ocrx_word' id='word_1_377' title='bbox 1457 4646 1768 4699; x_wconf 87' lang='lat' dir='ltr'><strong>ministrare</strong></span> 
     </span>
    </p>
   </div>
   <div class='ocr_carea' id='block_1_48' title="bbox 161 4736 1767 4807">
    <p class='ocr_par' dir='ltr' id='par_1_48' title="bbox 161 4736 1767 4807">
     <span class='ocr_line' id='line_1_48' title="bbox 161 4736 1767 4807; baseline -0.001 -13"><span class='ocrx_word' id='word_1_378' title='bbox 161 4737 702 4803; x_wconf 85' lang='lat' dir='ltr'><strong>innumerabilibus;</strong></span> <span class='ocrx_word' id='word_1_379' title='bbox 746 4745 803 4791; x_wconf 88' lang='lat' dir='ltr'><strong>tu</strong></span> <span class='ocrx_word' id='word_1_380' title='bbox 831 4745 1011 4793; x_wconf 87' lang='lat' dir='ltr'><strong>autem</strong></span> <span class='ocrx_word' id='word_1_381' title='bbox 1037 4746 1191 4807; x_wconf 85' lang='lat' dir='ltr'><strong>turpe</strong></span> <span class='ocrx_word' id='word_1_382' title='bbox 1214 4750 1337 4792; x_wconf 86' lang='lat' dir='ltr'><strong>esse</strong></span> <span class='ocrx_word' id='word_1_383' title='bbox 1366 4736 1539 4803; x_wconf 89' lang='lat' dir='ltr'><strong>ducis,</strong></span> <span class='ocrx_word' id='word_1_384' title='bbox 1582 4738 1629 4791; x_wconf 89' lang='lat' dir='ltr'><strong>si</strong></span> <span class='ocrx_word' id='word_1_385' title='bbox 1660 4753 1767 4792; x_wconf 91' lang='lat' dir='ltr'><strong>non</strong></span> 
     </span>
    </p>
   </div>
   <div class='ocr_carea' id='block_1_49' title="bbox 160 4828 1769 4899">
    <p class='ocr_par' dir='ltr' id='par_1_49' title="bbox 160 4828 1769 4899">
     <span class='ocr_line' id='line_1_49' title="bbox 160 4828 1769 4899; baseline -0.002 -14"><span class='ocrx_word' id='word_1_386' title='bbox 160 4828 536 4885; x_wconf 79' lang='lat' dir='ltr'><strong>circumferas</strong></span> <span class='ocrx_word' id='word_1_387' title='bbox 582 4828 780 4884; x_wconf 87' lang='lat' dir='ltr'><strong>multos</strong></span> <span class='ocrx_word' id='word_1_388' title='bbox 824 4843 1016 4899; x_wconf 87' lang='lat' dir='ltr'><strong>greges</strong></span> <span class='ocrx_word' id='word_1_389' title='bbox 1062 4828 1475 4898; x_wconf 88' lang='lat' dir='ltr'><strong>mancipiorum,</strong></span> <span class='ocrx_word' id='word_1_390' title='bbox 1518 4829 1769 4883; x_wconf 85' lang='lat' dir='ltr'><strong>nesciens</strong></span> 
     </span>
    </p>
   </div>
   <div class='ocr_carea' id='block_1_50' title="bbox 163 4918 1771 4991">
    <p class='ocr_par' dir='ltr' id='par_1_50' title="bbox 163 4918 1771 4991">
     <span class='ocr_line' id='line_1_50' title="bbox 163 4918 1771 4991; baseline -0.001 -16"><span class='ocrx_word' id='word_1_391' title='bbox 163 4921 404 4991; x_wconf 86' lang='lat' dir='ltr'><strong>quidem</strong></span> <span class='ocrx_word' id='word_1_392' title='bbox 443 4921 545 4976; x_wconf 90' lang='lat' dir='ltr'><strong>hoc</strong></span> <span class='ocrx_word' id='word_1_393' title='bbox 570 4934 690 4975; x_wconf 88' lang='lat' dir='ltr'><strong>esse</strong></span> <span class='ocrx_word' id='word_1_394' title='bbox 728 4921 871 4990; x_wconf 89' lang='lat' dir='ltr'><strong>quod</strong></span> <span class='ocrx_word' id='word_1_395' title='bbox 911 4927 964 4975; x_wconf 87' lang='lat' dir='ltr'><strong>te</strong></span> <span class='ocrx_word' id='word_1_396' title='bbox 990 4922 1224 4975; x_wconf 83' lang='lat' dir='ltr'><strong>maxime</strong></span> <span class='ocrx_word' id='word_1_397' title='bbox 1266 4918 1434 4976; x_wconf 83' lang='lat' dir='ltr'><strong>afﬁcit</strong></span> <span class='ocrx_word' id='word_1_398' title='bbox 1462 4920 1771 4976; x_wconf 85' lang='lat' dir='ltr'><strong>dedecore?</strong></span> 
     </span>
    </p>
   </div>
   <div class='ocr_carea' id='block_1_51' title="bbox 167 5012 1771 5082">
    <p class='ocr_par' dir='ltr' id='par_1_51' title="bbox 167 5012 1771 5082">
     <span class='ocr_line' id='line_1_51' title="bbox 167 5012 1771 5082; baseline -0.001 -14"><span class='ocrx_word' id='word_1_399' title='bbox 167 5014 478 5082; x_wconf 82' lang='lat' dir='ltr'><strong>Propterea</strong></span> <span class='ocrx_word' id='word_1_400' title='bbox 503 5014 648 5067; x_wconf 91' lang='lat' dir='ltr'><strong>enim</strong></span> <span class='ocrx_word' id='word_1_401' title='bbox 674 5013 822 5069; x_wconf 89' lang='lat' dir='ltr'><strong>dedit</strong></span> <span class='ocrx_word' id='word_1_402' title='bbox 851 5012 1005 5066; x_wconf 89' lang='lat' dir='ltr'><strong>nobis</strong></span> <span class='ocrx_word' id='word_1_403' title='bbox 1030 5014 1169 5068; x_wconf 87' lang='lat' dir='ltr'><strong>Deus</strong></span> <span class='ocrx_word' id='word_1_404' title='bbox 1191 5020 1247 5069; x_wconf 88' lang='lat' dir='ltr'><strong>et</strong></span> <span class='ocrx_word' id='word_1_405' title='bbox 1275 5028 1464 5068; x_wconf 89' lang='lat' dir='ltr'><strong>manus</strong></span> <span class='ocrx_word' id='word_1_406' title='bbox 1504 5022 1559 5069; x_wconf 88' lang='lat' dir='ltr'><strong>et</strong></span> <span class='ocrx_word' id='word_1_407' title='bbox 1584 5013 1771 5082; x_wconf 87' lang='lat' dir='ltr'><strong>pedes,</strong></span> 
     </span>
    </p>
   </div>
   <div class='ocr_carea' id='block_1_52' title="bbox 172 5103 1769 5175">
    <p class='ocr_par' dir='ltr' id='par_1_52' title="bbox 172 5103 1769 5175">
     <span class='ocr_line' id='line_1_52' title="bbox 172 5103 1769 5175; baseline 0 -16"><span class='ocrx_word' id='word_1_408' title='bbox 172 5122 247 5159; x_wconf 88' lang='lat' dir='ltr'><strong>ne</strong></span> <span class='ocrx_word' id='word_1_409' title='bbox 280 5120 420 5175; x_wconf 87' lang='lat' dir='ltr'><strong>opus</strong></span> <span class='ocrx_word' id='word_1_410' title='bbox 448 5104 770 5159; x_wconf 85' lang='lat' dir='ltr'><strong>haberemus</strong></span> <span class='ocrx_word' id='word_1_411' title='bbox 797 5104 1029 5159; x_wconf 79' lang='lat' dir='ltr'><strong>famulis.</strong></span> <span class='ocrx_word' id='word_1_412' title='bbox 1071 5103 1256 5175; x_wconf 84' lang='lat' dir='ltr'><strong>Neque</strong></span> <span class='ocrx_word' id='word_1_413' title='bbox 1300 5105 1447 5160; x_wconf 88' lang='lat' dir='ltr'><strong>enim</strong></span> <span class='ocrx_word' id='word_1_414' title='bbox 1494 5118 1581 5169; x_wconf 90' lang='lat' dir='ltr'><strong>eo,</strong></span> <span class='ocrx_word' id='word_1_415' title='bbox 1625 5106 1769 5173; x_wconf 89' lang='lat' dir='ltr'><strong>quod</strong></span> 
     </span>
    </p>
   </div>
   <div class='ocr_carea' id='block_1_53' title="bbox 173 5196 1768 5267">
    <p class='ocr_par' dir='ltr' id='par_1_53' title="bbox 173 5196 1768 5267">
     <span class='ocr_line' id='line_1_53' title="bbox 173 5196 1768 5267; baseline -0.001 -15"><span class='ocrx_word' id='word_1_416' title='bbox 173 5207 331 5252; x_wconf 81' lang='lat' dir='ltr'><strong>esset</strong></span> <span class='ocrx_word' id='word_1_417' title='bbox 362 5212 517 5267; x_wconf 90' lang='lat' dir='ltr'><strong>opus,</strong></span> <span class='ocrx_word' id='word_1_418' title='bbox 549 5196 912 5251; x_wconf 87' lang='lat' dir='ltr'><strong>introductum</strong></span> <span class='ocrx_word' id='word_1_419' title='bbox 939 5196 1036 5251; x_wconf 86' lang='lat' dir='ltr'><strong>fuit</strong></span> <span class='ocrx_word' id='word_1_420' title='bbox 1060 5212 1227 5266; x_wconf 86' lang='lat' dir='ltr'><strong>genus</strong></span> <span class='ocrx_word' id='word_1_421' title='bbox 1250 5196 1608 5263; x_wconf 84' lang='lat' dir='ltr'><strong>famulorum;</strong></span> <span class='ocrx_word' id='word_1_422' title='bbox 1644 5212 1768 5251; x_wconf 89' lang='lat' dir='ltr'><strong>nam</strong></span> 
     </span>
    </p>
   </div>
   <div class='ocr_carea' id='block_1_54' title="bbox 177 5287 1773 5359">
    <p class='ocr_par' dir='ltr' id='par_1_54' title="bbox 177 5287 1773 5359">
     <span class='ocr_line' id='line_1_54' title="bbox 177 5287 1773 5359; baseline -0.001 -16"><span class='ocrx_word' id='word_1_423' title='bbox 177 5290 390 5359; x_wconf 85' lang='lat' dir='ltr'><strong>alioqui</strong></span> <span class='ocrx_word' id='word_1_424' title='bbox 418 5305 540 5344; x_wconf 93' lang='lat' dir='ltr'><strong>cum</strong></span> <span class='ocrx_word' id='word_1_425' title='bbox 572 5289 778 5343; x_wconf 81' lang='lat' dir='ltr'><strong>Adamo</strong></span> <span class='ocrx_word' id='word_1_426' title='bbox 806 5295 1020 5344; x_wconf 88' lang='lat' dir='ltr'><strong>creatus</strong></span> <span class='ocrx_word' id='word_1_427' title='bbox 1052 5288 1240 5343; x_wconf 88' lang='lat' dir='ltr'><strong>fuisset</strong></span> <span class='ocrx_word' id='word_1_428' title='bbox 1269 5289 1495 5343; x_wconf 85' lang='lat' dir='ltr'><strong>famulus</strong></span> <span class='ocrx_word' id='word_1_429' title='bbox 1520 5303 1536 5352; x_wconf 90' lang='lat'><strong>;</strong></span> <span class='ocrx_word' id='word_1_430' title='bbox 1568 5287 1663 5343; x_wconf 90' lang='lat' dir='ltr'><strong>sed</strong></span> <span class='ocrx_word' id='word_1_431' title='bbox 1690 5296 1773 5342; x_wconf 91' lang='lat' dir='ltr'><strong>est</strong></span> 
     </span>
    </p>
   </div>
   <div class='ocr_carea' id='block_1_55' title="bbox 180 5378 1773 5457">
    <p class='ocr_par' dir='ltr' id='par_1_55' title="bbox 180 5378 1773 5457">
     <span class='ocr_line' id='line_1_55' title="bbox 180 5378 1773 5457; baseline -0.003 -18"><span class='ocrx_word' id='word_1_432' title='bbox 180 5398 350 5457; x_wconf 66' lang='lat' dir='ltr'><strong>pinna</strong></span> <span class='ocrx_word' id='word_1_433' title='bbox 376 5382 582 5453; x_wconf 84' lang='lat' dir='ltr'><strong>peccati</strong></span> <span class='ocrx_word' id='word_1_434' title='bbox 606 5391 662 5438; x_wconf 88' lang='lat' dir='ltr'><strong>et</strong></span> <span class='ocrx_word' id='word_1_435' title='bbox 688 5381 887 5438; x_wconf 88' lang='lat' dir='ltr'><strong>mulcta</strong></span> <span class='ocrx_word' id='word_1_436' title='bbox 904 5380 1299 5438; x_wconf 77' lang='lat' dir='ltr'><strong>inobedientize.</strong></span> <span class='ocrx_word' id='word_1_437' title='bbox 1325 5378 1570 5439; x_wconf 86' lang='lat' dir='ltr'><strong>Christus</strong></span> <span class='ocrx_word' id='word_1_438' title='bbox 1594 5388 1773 5435; x_wconf 87' lang='lat' dir='ltr'><strong>autem</strong></span> 
     </span>
    </p>
   </div>
   <div class='ocr_carea' id='block_1_56' title="bbox 3340 402 3450 459">
    <p class='ocr_par' dir='ltr' id='par_1_56' title="bbox 3340 402 3450 459">
     <span class='ocr_line' id='line_1_56' title="bbox 3340 402 3450 459; baseline 0 -1"><span class='ocrx_word' id='word_1_439' title='bbox 3340 402 3450 459; x_wconf 59' lang='lat'><strong>5&#39;34</strong></span> 
     </span>
    </p>
   </div>
   <div class='ocr_carea' id='block_1_57' title="bbox 1860 506 3453 579">
    <p class='ocr_par' dir='ltr' id='par_1_57' title="bbox 1860 506 3453 579">
     <span class='ocr_line' id='line_1_57' title="bbox 1860 506 3453 579; baseline 0.008 -19"><span class='ocrx_word' id='word_1_440' title='bbox 1860 520 1983 560; x_wconf 89' lang='lat' dir='ltr'><strong>cum</strong></span> <span class='ocrx_word' id='word_1_441' title='bbox 2013 506 2338 571; x_wconf 89' lang='lat' dir='ltr'><strong>advenisset,</strong></span> <span class='ocrx_word' id='word_1_442' title='bbox 2371 508 2471 563; x_wconf 92' lang='lat' dir='ltr'><strong>hoc</strong></span> <span class='ocrx_word' id='word_1_443' title='bbox 2500 522 2715 579; x_wconf 89' lang='lat' dir='ltr'><strong>quoque</strong></span> <span class='ocrx_word' id='word_1_444' title='bbox 2750 509 2913 565; x_wconf 90' lang='lat' dir='ltr'><strong>solvit</strong></span> <span class='ocrx_word' id='word_1_445' title='bbox 2944 527 2958 565; x_wconf 88' lang='lat'><strong>:</strong></span> <span class='ocrx_word' id='word_1_446' title='bbox 2984 510 3123 566; x_wconf 87' lang='lat' dir='ltr'><strong>Nam</strong></span> <span class='ocrx_word' id='word_1_447' title='bbox 3153 513 3208 569; x_wconf 82' lang='lat' dir='ltr'><strong>in</strong></span> <span class='ocrx_word' id='word_1_448' title='bbox 3249 513 3453 572; x_wconf 65' lang='lat' dir='ltr'><strong>Christo</strong></span> 
     </span>
    </p>
   </div>
   <div class='ocr_carea' id='block_1_58' title="bbox 1860 595 3455 678">
    <p class='ocr_par' dir='ltr' id='par_1_58' title="bbox 1860 595 3455 678">
     <span class='ocr_line' id='line_1_58' title="bbox 1860 595 3455 678; baseline 0.008 -27"><span class='ocrx_word' id='word_1_449' title='bbox 1860 595 1989 651; x_wconf 71' lang='lat' dir='ltr'><strong>Iesu</strong></span> <span class='ocrx_word' id='word_1_450' title='bbox 2010 614 2110 651; x_wconf 77' lang='lat' dir='ltr'><strong>non</strong></span> <span class='ocrx_word' id='word_1_451' title='bbox 2141 609 2215 652; x_wconf 81' lang='lat' dir='ltr'><strong>est</strong></span> <span class='ocrx_word' id='word_1_452' title='bbox 2252 615 2427 653; x_wconf 77' lang='lat' dir='ltr'><strong>servus</strong></span> <span class='ocrx_word' id='word_1_453' title='bbox 2454 617 2613 669; x_wconf 83' lang='lat' dir='ltr'><strong>neque</strong></span> <span class='ocrx_word' id='word_1_454' title='bbox 2635 601 2761 655; x_wconf 85' lang='lat' dir='ltr'><strong>liber</strong></span> <span class='ocrx_word' id='word_1_455' title='bbox 2790 602 2990 673; x_wconf 83' lang='lat' dir='ltr'><strong>(Galat.</strong></span> <span class='ocrx_word' id='word_1_456' title='bbox 3021 606 3076 661; x_wconf 78' lang='lat'><strong>5.</strong></span> <span class='ocrx_word' id='word_1_457' title='bbox 3106 606 3225 678; x_wconf 78' lang='grc'><strong>28).</strong></span> <span class='ocrx_word' id='word_1_458' title='bbox 3254 608 3455 676; x_wconf 81' lang='lat' dir='ltr'><strong>Quatu-</strong></span> 
     </span>
    </p>
   </div>
   <div class='ocr_carea' id='block_1_59' title="bbox 1862 688 3454 753">
    <p class='ocr_par' dir='ltr' id='par_1_59' title="bbox 1862 688 3454 753">
     <span class='ocr_line' id='line_1_59' title="bbox 1862 688 3454 753; baseline 0.008 -12"><span class='ocrx_word' id='word_1_459' title='bbox 1862 688 2050 742; x_wconf 90' lang='lat' dir='ltr'><strong>obrem</strong></span> <span class='ocrx_word' id='word_1_460' title='bbox 2081 703 2187 743; x_wconf 91' lang='lat' dir='ltr'><strong>non</strong></span> <span class='ocrx_word' id='word_1_461' title='bbox 2215 698 2297 742; x_wconf 90' lang='lat' dir='ltr'><strong>est</strong></span> <span class='ocrx_word' id='word_1_462' title='bbox 2322 704 2542 744; x_wconf 89' lang='lat' dir='ltr'><strong>necesse</strong></span> <span class='ocrx_word' id='word_1_463' title='bbox 2568 690 2767 746; x_wconf 87' lang='lat' dir='ltr'><strong>habere</strong></span> <span class='ocrx_word' id='word_1_464' title='bbox 2790 706 3005 749; x_wconf 90' lang='lat' dir='ltr'><strong>servum</strong></span> <span class='ocrx_word' id='word_1_465' title='bbox 3032 714 3047 751; x_wconf 94' lang='lat'><strong>:</strong></span> <span class='ocrx_word' id='word_1_466' title='bbox 3074 698 3119 752; x_wconf 88' lang='lat' dir='ltr'><strong>si</strong></span> <span class='ocrx_word' id='word_1_467' title='bbox 3150 708 3327 753; x_wconf 86' lang='lat' dir='ltr'><strong>autem</strong></span> <span class='ocrx_word' id='word_1_468' title='bbox 3352 714 3454 753; x_wconf 85' lang='lat' dir='ltr'><strong>ne-</strong></span> 
     </span>
    </p>
   </div>
   <div class='ocr_carea' id='block_1_60' title="bbox 1861 782 3450 855">
    <p class='ocr_par' dir='ltr' id='par_1_60' title="bbox 1861 782 3450 855">
     <span class='ocr_line' id='line_1_60' title="bbox 1861 782 3450 855; baseline 0.008 -21"><span class='ocrx_word' id='word_1_469' title='bbox 1861 793 2016 834; x_wconf 83' lang='lat' dir='ltr'><strong>cesse</strong></span> <span class='ocrx_word' id='word_1_470' title='bbox 2032 788 2133 845; x_wconf 89' lang='lat' dir='ltr'><strong>est,</strong></span> <span class='ocrx_word' id='word_1_471' title='bbox 2158 796 2344 845; x_wconf 91' lang='lat' dir='ltr'><strong>unum,</strong></span> <span class='ocrx_word' id='word_1_472' title='bbox 2374 791 2467 835; x_wconf 88' lang='lat' dir='ltr'><strong>aut</strong></span> <span class='ocrx_word' id='word_1_473' title='bbox 2491 782 2778 850; x_wconf 91' lang='lat' dir='ltr'><strong>plurimum</strong></span> <span class='ocrx_word' id='word_1_474' title='bbox 2796 784 2952 842; x_wconf 89' lang='lat' dir='ltr'><strong>duos.</strong></span> <span class='ocrx_word' id='word_1_475' title='bbox 2975 787 3113 855; x_wconf 83' lang='lat' dir='ltr'><strong>Quid</strong></span> <span class='ocrx_word' id='word_1_476' title='bbox 3140 788 3242 845; x_wconf 92' lang='lat' dir='ltr'><strong>sibi</strong></span> <span class='ocrx_word' id='word_1_477' title='bbox 3263 790 3450 847; x_wconf 91' lang='lat' dir='ltr'><strong>volunt</strong></span> 
     </span>
    </p>
   </div>
   <div class='ocr_carea' id='block_1_61' title="bbox 1863 873 3453 947">
    <p class='ocr_par' dir='ltr' id='par_1_61' title="bbox 1863 873 3453 947">
     <span class='ocr_line' id='line_1_61' title="bbox 1863 873 3453 947; baseline 0.009 -23"><span class='ocrx_word' id='word_1_478' title='bbox 1863 873 2107 925; x_wconf 89' lang='lat' dir='ltr'><strong>examina</strong></span> <span class='ocrx_word' id='word_1_479' title='bbox 2130 873 2533 928; x_wconf 88' lang='lat' dir='ltr'><strong>ministrorum?</strong></span> <span class='ocrx_word' id='word_1_480' title='bbox 2553 873 2686 928; x_wconf 88' lang='lat' dir='ltr'><strong>Nam</strong></span> <span class='ocrx_word' id='word_1_481' title='bbox 2712 876 2852 930; x_wconf 90' lang='lat' dir='ltr'><strong>sicut</strong></span> <span class='ocrx_word' id='word_1_482' title='bbox 2876 879 2964 947; x_wconf 91' lang='lat' dir='ltr'><strong>qui</strong></span> <span class='ocrx_word' id='word_1_483' title='bbox 2986 880 3224 935; x_wconf 88' lang='lat' dir='ltr'><strong>vendunt</strong></span> <span class='ocrx_word' id='word_1_484' title='bbox 3244 895 3372 937; x_wconf 90' lang='lat' dir='ltr'><strong>oves</strong></span> <span class='ocrx_word' id='word_1_485' title='bbox 3395 890 3453 938; x_wconf 80' lang='lat' dir='ltr'><strong>et</strong></span> 
     </span>
    </p>
   </div>
   <div class='ocr_carea' id='block_1_62' title="bbox 1863 964 3452 1037">
    <p class='ocr_par' dir='ltr' id='par_1_62' title="bbox 1863 964 3452 1037">
     <span class='ocr_line' id='line_1_62' title="bbox 1863 964 3452 1037; baseline 0.009 -22"><span class='ocrx_word' id='word_1_486' title='bbox 1863 964 1951 1031; x_wconf 90' lang='lat' dir='ltr'><strong>qui</strong></span> <span class='ocrx_word' id='word_1_487' title='bbox 1978 977 2202 1032; x_wconf 90' lang='lat' dir='ltr'><strong>corpora</strong></span> <span class='ocrx_word' id='word_1_488' title='bbox 2247 975 2647 1034; x_wconf 85' lang='lat' dir='ltr'><strong>cauponantur;</strong></span> <span class='ocrx_word' id='word_1_489' title='bbox 2680 967 2750 1026; x_wconf 85' lang='lat' dir='ltr'><strong>ita</strong></span> <span class='ocrx_word' id='word_1_490' title='bbox 2793 968 2848 1023; x_wconf 92' lang='lat' dir='ltr'><strong>in</strong></span> <span class='ocrx_word' id='word_1_491' title='bbox 2892 970 3109 1037; x_wconf 88' lang='lat' dir='ltr'><strong>balneo,</strong></span> <span class='ocrx_word' id='word_1_492' title='bbox 3142 972 3213 1026; x_wconf 88' lang='lat' dir='ltr'><strong>ita</strong></span> <span class='ocrx_word' id='word_1_493' title='bbox 3246 973 3302 1028; x_wconf 92' lang='lat' dir='ltr'><strong>in</strong></span> <span class='ocrx_word' id='word_1_494' title='bbox 3329 974 3452 1030; x_wconf 91' lang='lat' dir='ltr'><strong>foro</strong></span> 
     </span>
    </p>
   </div>
   <div class='ocr_carea' id='block_1_63' title="bbox 1862 1056 3451 1134">
    <p class='ocr_par' dir='ltr' id='par_1_63' title="bbox 1862 1056 3451 1134">
     <span class='ocr_line' id='line_1_63' title="bbox 1862 1056 3451 1134; baseline 0.008 -25"><span class='ocrx_word' id='word_1_495' title='bbox 1862 1056 2160 1124; x_wconf 89' lang='lat' dir='ltr'><strong>procedunt</strong></span> <span class='ocrx_word' id='word_1_496' title='bbox 2204 1066 2257 1111; x_wconf 88' lang='lat' dir='ltr'><strong>et</strong></span> <span class='ocrx_word' id='word_1_497' title='bbox 2302 1058 2503 1113; x_wconf 92' lang='lat' dir='ltr'><strong>obeunt</strong></span> <span class='ocrx_word' id='word_1_498' title='bbox 2531 1059 2746 1115; x_wconf 89' lang='lat' dir='ltr'><strong>divites.</strong></span> <span class='ocrx_word' id='word_1_499' title='bbox 2789 1061 2897 1117; x_wconf 89' lang='lat' dir='ltr'><strong>Sed</strong></span> <span class='ocrx_word' id='word_1_500' title='bbox 2938 1079 3149 1118; x_wconf 90' lang='lat' dir='ltr'><strong>summo</strong></span> <span class='ocrx_word' id='word_1_501' title='bbox 3172 1065 3294 1134; x_wconf 87' lang='lat' dir='ltr'><strong>jure</strong></span> <span class='ocrx_word' id='word_1_502' title='bbox 3341 1083 3451 1122; x_wconf 91' lang='lat' dir='ltr'><strong>non</strong></span> 
     </span>
    </p>
   </div>
   <div class='ocr_carea' id='block_1_64' title="bbox 1862 1148 3447 1216">
    <p class='ocr_par' dir='ltr' id='par_1_64' title="bbox 1862 1148 3447 1216">
     <span class='ocr_line' id='line_1_64' title="bbox 1862 1148 3447 1216; baseline 0.008 -17"><span class='ocrx_word' id='word_1_503' title='bbox 1862 1160 1963 1216; x_wconf 88' lang='lat' dir='ltr'><strong>ago</strong></span> <span class='ocrx_word' id='word_1_504' title='bbox 1990 1164 2005 1203; x_wconf 92' lang='lat'><strong>:</strong></span> <span class='ocrx_word' id='word_1_505' title='bbox 2034 1148 2105 1202; x_wconf 91' lang='lat' dir='ltr'><strong>sit</strong></span> <span class='ocrx_word' id='word_1_506' title='bbox 2129 1148 2221 1203; x_wconf 91' lang='lat' dir='ltr'><strong>tibi</strong></span> <span class='ocrx_word' id='word_1_507' title='bbox 2241 1149 2399 1203; x_wconf 91' lang='lat' dir='ltr'><strong>etiam</strong></span> <span class='ocrx_word' id='word_1_508' title='bbox 2422 1150 2693 1207; x_wconf 87' lang='lat' dir='ltr'><strong>secundus</strong></span> <span class='ocrx_word' id='word_1_509' title='bbox 2720 1152 2999 1209; x_wconf 88' lang='lat' dir='ltr'><strong>minister:</strong></span> <span class='ocrx_word' id='word_1_510' title='bbox 3029 1154 3075 1209; x_wconf 90' lang='lat' dir='ltr'><strong>si</strong></span> <span class='ocrx_word' id='word_1_511' title='bbox 3099 1165 3278 1212; x_wconf 91' lang='lat' dir='ltr'><strong>autem</strong></span> <span class='ocrx_word' id='word_1_512' title='bbox 3301 1157 3447 1212; x_wconf 91' lang='lat' dir='ltr'><strong>mul-</strong></span> 
     </span>
    </p>
   </div>
   <div class='ocr_carea' id='block_1_65' title="bbox 1865 1242 3448 1316">
    <p class='ocr_par' dir='ltr' id='par_1_65' title="bbox 1865 1242 3448 1316">
     <span class='ocr_line' id='line_1_65' title="bbox 1865 1242 3448 1316; baseline 0.006 -21"><span class='ocrx_word' id='word_1_513' title='bbox 1865 1250 1950 1295; x_wconf 91' lang='lat' dir='ltr'><strong>tos</strong></span> <span class='ocrx_word' id='word_1_514' title='bbox 1976 1254 2293 1312; x_wconf 86' lang='lat' dir='ltr'><strong>congregas,</strong></span> <span class='ocrx_word' id='word_1_515' title='bbox 2326 1258 2431 1297; x_wconf 91' lang='lat' dir='ltr'><strong>non</strong></span> <span class='ocrx_word' id='word_1_516' title='bbox 2460 1243 2562 1297; x_wconf 89' lang='lat' dir='ltr'><strong>hoc</strong></span> <span class='ocrx_word' id='word_1_517' title='bbox 2582 1242 2714 1299; x_wconf 90' lang='lat' dir='ltr'><strong>facis</strong></span> <span class='ocrx_word' id='word_1_518' title='bbox 2739 1245 3080 1316; x_wconf 85' lang='lat' dir='ltr'><strong>benignitatis</strong></span> <span class='ocrx_word' id='word_1_519' title='bbox 3111 1257 3166 1303; x_wconf 92' lang='lat' dir='ltr'><strong>et</strong></span> <span class='ocrx_word' id='word_1_520' title='bbox 3194 1247 3448 1304; x_wconf 91' lang='lat' dir='ltr'><strong>humani-</strong></span> 
     </span>
    </p>
   </div>
   <div class='ocr_carea' id='block_1_66' title="bbox 1865 1335 3450 1401">
    <p class='ocr_par' dir='ltr' id='par_1_66' title="bbox 1865 1335 3450 1401">
     <span class='ocr_line' id='line_1_66' title="bbox 1865 1335 3450 1401; baseline 0.005 -12"><span class='ocrx_word' id='word_1_521' title='bbox 1865 1336 1988 1389; x_wconf 87' lang='lat' dir='ltr'><strong>tatis</strong></span> <span class='ocrx_word' id='word_1_522' title='bbox 2025 1350 2208 1401; x_wconf 84' lang='lat' dir='ltr'><strong>causa,</strong></span> <span class='ocrx_word' id='word_1_523' title='bbox 2253 1335 2349 1391; x_wconf 90' lang='lat' dir='ltr'><strong>sed</strong></span> <span class='ocrx_word' id='word_1_524' title='bbox 2391 1337 2497 1392; x_wconf 90' lang='lat' dir='ltr'><strong>tuis</strong></span> <span class='ocrx_word' id='word_1_525' title='bbox 2538 1340 2781 1393; x_wconf 88' lang='lat' dir='ltr'><strong>serviens</strong></span> <span class='ocrx_word' id='word_1_526' title='bbox 2822 1339 3048 1394; x_wconf 86' lang='lat' dir='ltr'><strong>deliciis.</strong></span> <span class='ocrx_word' id='word_1_527' title='bbox 3080 1341 3214 1395; x_wconf 83' lang='lat' dir='ltr'><strong>Nam</strong></span> <span class='ocrx_word' id='word_1_528' title='bbox 3259 1342 3304 1396; x_wconf 90' lang='lat' dir='ltr'><strong>si</strong></span> <span class='ocrx_word' id='word_1_529' title='bbox 3345 1341 3450 1398; x_wconf 94' lang='lat' dir='ltr'><strong>hoc</strong></span> 
     </span>
    </p>
   </div>
   <div class='ocr_carea' id='block_1_67' title="bbox 1864 1426 3452 1500">
    <p class='ocr_par' dir='ltr' id='par_1_67' title="bbox 1864 1426 3452 1500">
     <span class='ocr_line' id='line_1_67' title="bbox 1864 1426 3452 1500; baseline 0.005 -19"><span class='ocrx_word' id='word_1_530' title='bbox 1864 1426 1994 1483; x_wconf 89' lang='lat' dir='ltr'><strong>facis</strong></span> <span class='ocrx_word' id='word_1_531' title='bbox 2016 1442 2201 1482; x_wconf 89' lang='lat' dir='ltr'><strong>eorum</strong></span> <span class='ocrx_word' id='word_1_532' title='bbox 2222 1442 2406 1483; x_wconf 89' lang='lat' dir='ltr'><strong>curam</strong></span> <span class='ocrx_word' id='word_1_533' title='bbox 2429 1444 2643 1500; x_wconf 81' lang='lat' dir='ltr'><strong>gerens,</strong></span> <span class='ocrx_word' id='word_1_534' title='bbox 2668 1431 2721 1485; x_wconf 90' lang='lat' dir='ltr'><strong>in</strong></span> <span class='ocrx_word' id='word_1_535' title='bbox 2746 1440 2837 1486; x_wconf 89' lang='lat' dir='ltr'><strong>tuo</strong></span> <span class='ocrx_word' id='word_1_536' title='bbox 2862 1430 3161 1487; x_wconf 90' lang='lat' dir='ltr'><strong>ministerio</strong></span> <span class='ocrx_word' id='word_1_537' title='bbox 3184 1434 3452 1489; x_wconf 87' lang='lat' dir='ltr'><strong>neminem</strong></span> 
     </span>
    </p>
   </div>
   <div class='ocr_carea' id='block_1_68' title="bbox 1864 1524 3456 1592">
    <p class='ocr_par' dir='ltr' id='par_1_68' title="bbox 1864 1524 3456 1592">
     <span class='ocr_line' id='line_1_68' title="bbox 1864 1524 3456 1592; baseline 0.006 -18"><span class='ocrx_word' id='word_1_538' title='bbox 1864 1535 2117 1592; x_wconf 89' lang='lat' dir='ltr'><strong>occupes,</strong></span> <span class='ocrx_word' id='word_1_539' title='bbox 2148 1524 2243 1579; x_wconf 85' lang='lat' dir='ltr'><strong>sed</strong></span> <span class='ocrx_word' id='word_1_540' title='bbox 2292 1540 2415 1580; x_wconf 92' lang='lat' dir='ltr'><strong>cum</strong></span> <span class='ocrx_word' id='word_1_541' title='bbox 2462 1525 2661 1580; x_wconf 91' lang='lat' dir='ltr'><strong>emeris</strong></span> <span class='ocrx_word' id='word_1_542' title='bbox 2699 1534 2753 1580; x_wconf 92' lang='lat' dir='ltr'><strong>et</strong></span> <span class='ocrx_word' id='word_1_543' title='bbox 2794 1534 2938 1581; x_wconf 88' lang='lat' dir='ltr'><strong>artes</strong></span> <span class='ocrx_word' id='word_1_544' title='bbox 2969 1526 3218 1581; x_wconf 90' lang='lat' dir='ltr'><strong>docueris</strong></span> <span class='ocrx_word' id='word_1_545' title='bbox 3248 1536 3306 1582; x_wconf 93' lang='lat' dir='ltr'><strong>ut</strong></span> <span class='ocrx_word' id='word_1_546' title='bbox 3350 1528 3456 1584; x_wconf 89' lang='lat' dir='ltr'><strong>sibi</strong></span> 
     </span>
    </p>
   </div>
   <div class='ocr_carea' id='block_1_69' title="bbox 1864 1613 3453 1687">
    <p class='ocr_par' dir='ltr' id='par_1_69' title="bbox 1864 1613 3453 1687">
     <span class='ocr_line' id='line_1_69' title="bbox 1864 1613 3453 1687; baseline 0.004 -20"><span class='ocrx_word' id='word_1_547' title='bbox 1864 1613 2134 1669; x_wconf 80' lang='lat' dir='ltr'><strong>sufﬁciant</strong></span> <span class='ocrx_word' id='word_1_548' title='bbox 2163 1615 2230 1671; x_wconf 90' lang='lat' dir='ltr'><strong>ad</strong></span> <span class='ocrx_word' id='word_1_549' title='bbox 2259 1616 2456 1671; x_wconf 90' lang='lat' dir='ltr'><strong>victum</strong></span> <span class='ocrx_word' id='word_1_550' title='bbox 2489 1615 2806 1687; x_wconf 87' lang='lat' dir='ltr'><strong>parandum,</strong></span> <span class='ocrx_word' id='word_1_551' title='bbox 2836 1632 2930 1672; x_wconf 92' lang='lat' dir='ltr'><strong>eos</strong></span> <span class='ocrx_word' id='word_1_552' title='bbox 2954 1618 3292 1674; x_wconf 88' lang='lat' dir='ltr'><strong>manumitte.</strong></span> <span class='ocrx_word' id='word_1_553' title='bbox 3320 1617 3453 1674; x_wconf 89' lang='lat' dir='ltr'><strong>Cum</strong></span> 
     </span>
    </p>
   </div>
   <div class='ocr_carea' id='block_1_70' title="bbox 1862 1705 3454 1780">
    <p class='ocr_par' dir='ltr' id='par_1_70' title="bbox 1862 1705 3454 1780">
     <span class='ocr_line' id='line_1_70' title="bbox 1862 1705 3454 1780; baseline 0.004 -20"><span class='ocrx_word' id='word_1_554' title='bbox 1862 1715 2042 1762; x_wconf 86' lang='lat' dir='ltr'><strong>autem</strong></span> <span class='ocrx_word' id='word_1_555' title='bbox 2072 1705 2252 1780; x_wconf 82' lang='lat' dir='ltr'><strong>flagris</strong></span> <span class='ocrx_word' id='word_1_556' title='bbox 2293 1708 2492 1775; x_wconf 71' lang='lat' dir='ltr'><strong>credas,</strong></span> <span class='ocrx_word' id='word_1_557' title='bbox 2541 1724 2663 1763; x_wconf 92' lang='lat' dir='ltr'><strong>cum</strong></span> <span class='ocrx_word' id='word_1_558' title='bbox 2711 1710 2763 1763; x_wconf 92' lang='lat' dir='ltr'><strong>in</strong></span> <span class='ocrx_word' id='word_1_559' title='bbox 2792 1709 3003 1764; x_wconf 88' lang='lat' dir='ltr'><strong>vincula</strong></span> <span class='ocrx_word' id='word_1_560' title='bbox 3035 1710 3312 1780; x_wconf 73' lang='lat' dir='ltr'><strong>coniicias,</strong></span> <span class='ocrx_word' id='word_1_561' title='bbox 3345 1727 3454 1766; x_wconf 92' lang='lat' dir='ltr'><strong>non</strong></span> 
     </span>
    </p>
   </div>
   <div class='ocr_carea' id='block_1_71' title="bbox 1863 1799 3458 1872">
    <p class='ocr_par' dir='ltr' id='par_1_71' title="bbox 1863 1799 3458 1872">
     <span class='ocr_line' id='line_1_71' title="bbox 1863 1799 3458 1872; baseline 0.002 -17"><span class='ocrx_word' id='word_1_562' title='bbox 1863 1809 1947 1855; x_wconf 89' lang='lat' dir='ltr'><strong>est</strong></span> <span class='ocrx_word' id='word_1_563' title='bbox 1976 1801 2159 1870; x_wconf 85' lang='lat' dir='ltr'><strong>utique</strong></span> <span class='ocrx_word' id='word_1_564' title='bbox 2185 1816 2319 1871; x_wconf 88' lang='lat' dir='ltr'><strong>opus</strong></span> <span class='ocrx_word' id='word_1_565' title='bbox 2344 1799 2446 1856; x_wconf 92' lang='lat' dir='ltr'><strong>hoc</strong></span> <span class='ocrx_word' id='word_1_566' title='bbox 2486 1800 2854 1857; x_wconf 87' lang='lat' dir='ltr'><strong>humanitatis.</strong></span> <span class='ocrx_word' id='word_1_567' title='bbox 2887 1802 2956 1857; x_wconf 85' lang='lat' dir='ltr'><strong>Et</strong></span> <span class='ocrx_word' id='word_1_568' title='bbox 2984 1802 3096 1857; x_wconf 93' lang='lat' dir='ltr'><strong>scio</strong></span> <span class='ocrx_word' id='word_1_569' title='bbox 3124 1802 3340 1872; x_wconf 90' lang='lat' dir='ltr'><strong>quidem</strong></span> <span class='ocrx_word' id='word_1_570' title='bbox 3369 1818 3458 1859; x_wconf 87' lang='lat' dir='ltr'><strong>me</strong></span> 
     </span>
    </p>
   </div>
   <div class='ocr_carea' id='block_1_72' title="bbox 1863 1893 3459 1965">
    <p class='ocr_par' dir='ltr' id='par_1_72' title="bbox 1863 1893 3459 1965">
     <span class='ocr_line' id='line_1_72' title="bbox 1863 1893 3459 1965; baseline 0.004 -19"><span class='ocrx_word' id='word_1_571' title='bbox 1863 1907 1985 1947; x_wconf 89' lang='lat' dir='ltr'><strong>esse</strong></span> <span class='ocrx_word' id='word_1_572' title='bbox 2010 1893 2295 1949; x_wconf 89' lang='lat' dir='ltr'><strong>molestum</strong></span> <span class='ocrx_word' id='word_1_573' title='bbox 2332 1894 2666 1949; x_wconf 90' lang='lat' dir='ltr'><strong>auditoribus</strong></span> <span class='ocrx_word' id='word_1_574' title='bbox 2701 1913 2715 1949; x_wconf 93' lang='lat'><strong>:</strong></span> <span class='ocrx_word' id='word_1_575' title='bbox 2743 1894 2835 1950; x_wconf 90' lang='lat' dir='ltr'><strong>sed</strong></span> <span class='ocrx_word' id='word_1_576' title='bbox 2866 1894 2995 1965; x_wconf 86' lang='lat' dir='ltr'><strong>quid</strong></span> <span class='ocrx_word' id='word_1_577' title='bbox 3039 1896 3232 1965; x_wconf 88' lang='lat' dir='ltr'><strong>agam?</strong></span> <span class='ocrx_word' id='word_1_578' title='bbox 3266 1896 3319 1951; x_wconf 93' lang='lat' dir='ltr'><strong>In</strong></span> <span class='ocrx_word' id='word_1_579' title='bbox 3353 1897 3459 1954; x_wconf 91' lang='lat' dir='ltr'><strong>hoc</strong></span> 
     </span>
    </p>
   </div>
   <div class='ocr_carea' id='block_1_73' title="bbox 1844 1980 3455 2061">
    <p class='ocr_par' dir='ltr' id='par_1_73' title="bbox 1844 1980 3455 2061">
     <span class='ocr_line' id='line_1_73' title="bbox 1844 1980 3455 2061; baseline 0.004 -22"><span class='ocrx_word' id='word_1_580' title='bbox 1844 1980 2067 2054; x_wconf 46' lang='lat' dir='ltr'><strong>“positus</strong></span> <span class='ocrx_word' id='word_1_581' title='bbox 2108 2001 2251 2053; x_wconf 92' lang='lat' dir='ltr'><strong>sum,</strong></span> <span class='ocrx_word' id='word_1_582' title='bbox 2297 2002 2474 2057; x_wconf 90' lang='lat' dir='ltr'><strong>neque</strong></span> <span class='ocrx_word' id='word_1_583' title='bbox 2520 1988 2746 2043; x_wconf 89' lang='lat' dir='ltr'><strong>cessabo</strong></span> <span class='ocrx_word' id='word_1_584' title='bbox 2775 1987 2891 2043; x_wconf 63' lang='lat' dir='ltr'><strong>hare</strong></span> <span class='ocrx_word' id='word_1_585' title='bbox 2929 1988 3134 2056; x_wconf 90' lang='lat' dir='ltr'><strong>dicere,</strong></span> <span class='ocrx_word' id='word_1_586' title='bbox 3181 1991 3296 2046; x_wconf 86' lang='lat' dir='ltr'><strong>sive</strong></span> <span class='ocrx_word' id='word_1_587' title='bbox 3325 1992 3455 2061; x_wconf 91' lang='lat' dir='ltr'><strong>quid</strong></span> 
     </span>
    </p>
   </div>
   <div class='ocr_carea' id='block_1_74' title="bbox 1867 2079 3457 2148">
    <p class='ocr_par' dir='ltr' id='par_1_74' title="bbox 1867 2079 3457 2148">
     <span class='ocr_line' id='line_1_74' title="bbox 1867 2079 3457 2148; baseline 0.003 -15"><span class='ocrx_word' id='word_1_588' title='bbox 1867 2079 2151 2148; x_wconf 88' lang='lat' dir='ltr'><strong>profecero</strong></span> <span class='ocrx_word' id='word_1_589' title='bbox 2195 2081 2311 2136; x_wconf 86' lang='lat' dir='ltr'><strong>sive</strong></span> <span class='ocrx_word' id='word_1_590' title='bbox 2342 2097 2471 2135; x_wconf 90' lang='lat' dir='ltr'><strong>non.</strong></span> <span class='ocrx_word' id='word_1_591' title='bbox 2502 2081 2642 2148; x_wconf 86' lang='lat' dir='ltr'><strong>Quid</strong></span> <span class='ocrx_word' id='word_1_592' title='bbox 2671 2082 2814 2137; x_wconf 90' lang='lat' dir='ltr'><strong>enim</strong></span> <span class='ocrx_word' id='word_1_593' title='bbox 2846 2082 2949 2137; x_wconf 89' lang='lat' dir='ltr'><strong>sibi</strong></span> <span class='ocrx_word' id='word_1_594' title='bbox 2981 2083 3092 2136; x_wconf 90' lang='lat' dir='ltr'><strong>vult</strong></span> <span class='ocrx_word' id='word_1_595' title='bbox 3122 2084 3172 2137; x_wconf 92' lang='lat' dir='ltr'><strong>in</strong></span> <span class='ocrx_word' id='word_1_596' title='bbox 3206 2084 3321 2138; x_wconf 88' lang='lat' dir='ltr'><strong>foro</strong></span> <span class='ocrx_word' id='word_1_597' title='bbox 3362 2100 3457 2138; x_wconf 91' lang='lat' dir='ltr'><strong>sn-</strong></span> 
     </span>
    </p>
   </div>
   <div class='ocr_carea' id='block_1_75' title="bbox 1864 2173 3459 2245">
    <p class='ocr_par' dir='ltr' id='par_1_75' title="bbox 1864 2173 3459 2245">
     <span class='ocr_line' id='line_1_75' title="bbox 1864 2173 3459 2245; baseline 0.001 -17"><span class='ocrx_word' id='word_1_598' title='bbox 1864 2173 2031 2244; x_wconf 87' lang='lat' dir='ltr'><strong>perbe</strong></span> <span class='ocrx_word' id='word_1_599' title='bbox 2059 2173 2346 2230; x_wconf 86' lang='lat' dir='ltr'><strong>incedere?</strong></span> <span class='ocrx_word' id='word_1_600' title='bbox 2370 2190 2497 2228; x_wconf 93' lang='lat' dir='ltr'><strong>num</strong></span> <span class='ocrx_word' id='word_1_601' title='bbox 2527 2175 2665 2228; x_wconf 85' lang='lat' dir='ltr'><strong>inter</strong></span> <span class='ocrx_word' id='word_1_602' title='bbox 2692 2174 2834 2229; x_wconf 86' lang='lat' dir='ltr'><strong>feras</strong></span> <span class='ocrx_word' id='word_1_603' title='bbox 2877 2175 3142 2240; x_wconf 90' lang='lat' dir='ltr'><strong>ambulas,</strong></span> <span class='ocrx_word' id='word_1_604' title='bbox 3174 2176 3317 2245; x_wconf 91' lang='lat' dir='ltr'><strong>quod</strong></span> <span class='ocrx_word' id='word_1_605' title='bbox 3357 2177 3459 2230; x_wconf 83' lang='lat' dir='ltr'><strong>ob-</strong></span> 
     </span>
    </p>
   </div>
   <div class='ocr_carea' id='block_1_76' title="bbox 1864 2268 3460 2336">
    <p class='ocr_par' dir='ltr' id='par_1_76' title="bbox 1864 2268 3460 2336">
     <span class='ocr_line' id='line_1_76' title="bbox 1864 2268 3460 2336; baseline 0.003 -15"><span class='ocrx_word' id='word_1_606' title='bbox 1864 2268 1984 2322; x_wconf 88' lang='lat' dir='ltr'><strong>vios</strong></span> <span class='ocrx_word' id='word_1_607' title='bbox 2011 2268 2289 2336; x_wconf 76' lang='lat' dir='ltr'><strong>expelles?</strong></span> <span class='ocrx_word' id='word_1_608' title='bbox 2331 2268 2409 2323; x_wconf 86' lang='lat' dir='ltr'><strong>Ne</strong></span> <span class='ocrx_word' id='word_1_609' title='bbox 2455 2269 2677 2333; x_wconf 89' lang='lat' dir='ltr'><strong>timeas;</strong></span> <span class='ocrx_word' id='word_1_610' title='bbox 2726 2268 2904 2321; x_wconf 91' lang='lat' dir='ltr'><strong>nullus</strong></span> <span class='ocrx_word' id='word_1_611' title='bbox 2940 2277 2989 2321; x_wconf 91' lang='lat' dir='ltr'><strong>te</strong></span> <span class='ocrx_word' id='word_1_612' title='bbox 3020 2268 3230 2323; x_wconf 82' lang='lat' dir='ltr'><strong>mordet</strong></span> <span class='ocrx_word' id='word_1_613' title='bbox 3271 2285 3460 2325; x_wconf 90' lang='lat' dir='ltr'><strong>eorum</strong></span> 
     </span>
    </p>
   </div>
   <div class='ocr_carea' id='block_1_77' title="bbox 1865 2359 3460 2430">
    <p class='ocr_par' dir='ltr' id='par_1_77' title="bbox 1865 2359 3460 2430">
     <span class='ocr_line' id='line_1_77' title="bbox 1865 2359 3460 2430; baseline 0.001 -16"><span class='ocrx_word' id='word_1_614' title='bbox 1865 2360 1955 2430; x_wconf 92' lang='lat' dir='ltr'><strong>qui</strong></span> <span class='ocrx_word' id='word_1_615' title='bbox 1993 2359 2275 2423; x_wconf 89' lang='lat' dir='ltr'><strong>accedunt,</strong></span> <span class='ocrx_word' id='word_1_616' title='bbox 2319 2370 2374 2415; x_wconf 91' lang='lat' dir='ltr'><strong>et</strong></span> <span class='ocrx_word' id='word_1_617' title='bbox 2402 2374 2571 2429; x_wconf 89' lang='lat' dir='ltr'><strong>prope</strong></span> <span class='ocrx_word' id='word_1_618' title='bbox 2613 2369 2663 2413; x_wconf 91' lang='lat' dir='ltr'><strong>te</strong></span> <span class='ocrx_word' id='word_1_619' title='bbox 2705 2359 3046 2429; x_wconf 90' lang='lat' dir='ltr'><strong>gradiuntur.</strong></span> <span class='ocrx_word' id='word_1_620' title='bbox 3092 2362 3163 2414; x_wconf 85' lang='lat' dir='ltr'><strong>At</strong></span> <span class='ocrx_word' id='word_1_621' title='bbox 3209 2362 3460 2430; x_wconf 89' lang='lat' dir='ltr'><strong>injuriam</strong></span> 
     </span>
    </p>
   </div>
   <div class='ocr_carea' id='block_1_78' title="bbox 1866 2450 3462 2523">
    <p class='ocr_par' dir='ltr' id='par_1_78' title="bbox 1866 2450 3462 2523">
     <span class='ocr_line' id='line_1_78' title="bbox 1866 2450 3462 2523; baseline 0.003 -18"><span class='ocrx_word' id='word_1_622' title='bbox 1866 2451 2143 2505; x_wconf 80' lang='lat' dir='ltr'><strong>existimas</strong></span> <span class='ocrx_word' id='word_1_623' title='bbox 2169 2451 2330 2505; x_wconf 89' lang='lat' dir='ltr'><strong>simul</strong></span> <span class='ocrx_word' id='word_1_624' title='bbox 2356 2450 2610 2505; x_wconf 89' lang='lat' dir='ltr'><strong>incedere</strong></span> <span class='ocrx_word' id='word_1_625' title='bbox 2632 2466 2753 2505; x_wconf 91' lang='lat' dir='ltr'><strong>cum</strong></span> <span class='ocrx_word' id='word_1_626' title='bbox 2783 2452 3071 2506; x_wconf 87' lang='lat' dir='ltr'><strong>omnibus?</strong></span> <span class='ocrx_word' id='word_1_627' title='bbox 3100 2451 3167 2507; x_wconf 89' lang='lat' dir='ltr'><strong>Et</strong></span> <span class='ocrx_word' id='word_1_628' title='bbox 3193 2468 3351 2523; x_wconf 91' lang='lat' dir='ltr'><strong>quam</strong></span> <span class='ocrx_word' id='word_1_629' title='bbox 3380 2463 3462 2509; x_wconf 89' lang='lat' dir='ltr'><strong>est</strong></span> 
     </span>
    </p>
   </div>
   <div class='ocr_carea' id='block_1_79' title="bbox 1866 2547 3457 2618">
    <p class='ocr_par' dir='ltr' id='par_1_79' title="bbox 1866 2547 3457 2618">
     <span class='ocr_line' id='line_1_79' title="bbox 1866 2547 3457 2618; baseline 0.001 -18"><span class='ocrx_word' id='word_1_630' title='bbox 1866 2547 1969 2601; x_wconf 91' lang='lat' dir='ltr'><strong>hoc</strong></span> <span class='ocrx_word' id='word_1_631' title='bbox 2028 2548 2298 2613; x_wconf 82' lang='lat' dir='ltr'><strong>insanum,</strong></span> <span class='ocrx_word' id='word_1_632' title='bbox 2354 2563 2513 2618; x_wconf 88' lang='lat' dir='ltr'><strong>quam</strong></span> <span class='ocrx_word' id='word_1_633' title='bbox 2561 2548 2949 2617; x_wconf 85' lang='lat' dir='ltr'><strong>prodigiosum,</strong></span> <span class='ocrx_word' id='word_1_634' title='bbox 2992 2564 3188 2618; x_wconf 87' lang='lat' dir='ltr'><strong>equum</strong></span> <span class='ocrx_word' id='word_1_635' title='bbox 3238 2548 3457 2618; x_wconf 89' lang='lat' dir='ltr'><strong>quidem</strong></span> 
     </span>
    </p>
   </div>
   <div class='ocr_carea' id='block_1_80' title="bbox 1866 2638 3456 2709">
    <p class='ocr_par' dir='ltr' id='par_1_80' title="bbox 1866 2638 3456 2709">
     <span class='ocr_line' id='line_1_80' title="bbox 1866 2638 3456 2709; baseline 0.003 -19"><span class='ocrx_word' id='word_1_636' title='bbox 1866 2653 2033 2708; x_wconf 87' lang='lat' dir='ltr'><strong>prope</strong></span> <span class='ocrx_word' id='word_1_637' title='bbox 2075 2647 2392 2708; x_wconf 87' lang='lat' dir='ltr'><strong>sequentem</strong></span> <span class='ocrx_word' id='word_1_638' title='bbox 2422 2654 2528 2692; x_wconf 90' lang='lat' dir='ltr'><strong>non</strong></span> <span class='ocrx_word' id='word_1_639' title='bbox 2557 2639 2871 2694; x_wconf 81' lang='lat' dir='ltr'><strong>existimare</strong></span> <span class='ocrx_word' id='word_1_640' title='bbox 2917 2638 3110 2694; x_wconf 77' lang='lat' dir='ltr'><strong>afferre</strong></span> <span class='ocrx_word' id='word_1_641' title='bbox 3160 2640 3456 2709; x_wconf 89' lang='lat' dir='ltr'><strong>injuriam;</strong></span> 
     </span>
    </p>
   </div>
   <div class='ocr_carea' id='block_1_81' title="bbox 1867 2727 3456 2799">
    <p class='ocr_par' dir='ltr' id='par_1_81' title="bbox 1867 2727 3456 2799">
     <span class='ocr_line' id='line_1_81' title="bbox 1867 2727 3456 2799; baseline 0.003 -19"><span class='ocrx_word' id='word_1_642' title='bbox 1867 2727 2139 2783; x_wconf 89' lang='lat' dir='ltr'><strong>hominem</strong></span> <span class='ocrx_word' id='word_1_643' title='bbox 2170 2739 2369 2791; x_wconf 89' lang='lat' dir='ltr'><strong>autem,</strong></span> <span class='ocrx_word' id='word_1_644' title='bbox 2401 2728 2505 2782; x_wconf 87' lang='lat' dir='ltr'><strong>nisi</strong></span> <span class='ocrx_word' id='word_1_645' title='bbox 2535 2729 2715 2782; x_wconf 88' lang='lat' dir='ltr'><strong>multis</strong></span> <span class='ocrx_word' id='word_1_646' title='bbox 2746 2729 2991 2798; x_wconf 88' lang='lat' dir='ltr'><strong>abigatur</strong></span> <span class='ocrx_word' id='word_1_647' title='bbox 3020 2729 3228 2794; x_wconf 88' lang='lat' dir='ltr'><strong>stadiis,</strong></span> <span class='ocrx_word' id='word_1_648' title='bbox 3264 2741 3456 2799; x_wconf 88' lang='lat' dir='ltr'><strong>putare</strong></span> 
     </span>
    </p>
   </div>
   <div class='ocr_carea' id='block_1_82' title="bbox 1868 2820 3457 2889">
    <p class='ocr_par' dir='ltr' id='par_1_82' title="bbox 1868 2820 3457 2889">
     <span class='ocr_line' id='line_1_82' title="bbox 1868 2820 3457 2889; baseline 0.001 -14"><span class='ocrx_word' id='word_1_649' title='bbox 1868 2821 2135 2876; x_wconf 85' lang='lat' dir='ltr'><strong>dedecore</strong></span> <span class='ocrx_word' id='word_1_650' title='bbox 2160 2821 2412 2877; x_wconf 88' lang='lat' dir='ltr'><strong>afﬁcere?</strong></span> <span class='ocrx_word' id='word_1_651' title='bbox 2438 2820 2575 2888; x_wconf 85' lang='lat' dir='ltr'><strong>Quid</strong></span> <span class='ocrx_word' id='word_1_652' title='bbox 2605 2836 2733 2876; x_wconf 90' lang='lat' dir='ltr'><strong>vero</strong></span> <span class='ocrx_word' id='word_1_653' title='bbox 2761 2821 2989 2877; x_wconf 90' lang='lat' dir='ltr'><strong>famulos</strong></span> <span class='ocrx_word' id='word_1_654' title='bbox 3019 2822 3185 2877; x_wconf 88' lang='lat' dir='ltr'><strong>habes</strong></span> <span class='ocrx_word' id='word_1_655' title='bbox 3215 2823 3457 2889; x_wconf 89' lang='lat' dir='ltr'><strong>lictores,</strong></span> 
     </span>
    </p>
   </div>
   <div class='ocr_carea' id='block_1_83' title="bbox 1869 2911 3463 2983">
    <p class='ocr_par' dir='ltr' id='par_1_83' title="bbox 1869 2911 3463 2983">
     <span class='ocr_line' id='line_1_83' title="bbox 1869 2911 3463 2983; baseline 0.001 -18"><span class='ocrx_word' id='word_1_656' title='bbox 1869 2911 2052 2965; x_wconf 89' lang='lat' dir='ltr'><strong>liberis</strong></span> <span class='ocrx_word' id='word_1_657' title='bbox 2084 2922 2239 2966; x_wconf 90' lang='lat' dir='ltr'><strong>utens</strong></span> <span class='ocrx_word' id='word_1_658' title='bbox 2286 2920 2564 2980; x_wconf 83' lang='lat' dir='ltr'><strong>tamquam</strong></span> <span class='ocrx_word' id='word_1_659' title='bbox 2596 2913 2803 2976; x_wconf 90' lang='lat' dir='ltr'><strong>servis;</strong></span> <span class='ocrx_word' id='word_1_660' title='bbox 2836 2914 2944 2967; x_wconf 89' lang='lat' dir='ltr'><strong>imo</strong></span> <span class='ocrx_word' id='word_1_661' title='bbox 2968 2927 3098 2967; x_wconf 92' lang='lat' dir='ltr'><strong>vero</strong></span> <span class='ocrx_word' id='word_1_662' title='bbox 3128 2914 3241 2982; x_wconf 89' lang='lat' dir='ltr'><strong>ipse</strong></span> <span class='ocrx_word' id='word_1_663' title='bbox 3272 2913 3463 2983; x_wconf 84' lang='lat' dir='ltr'><strong>quovis</strong></span> 
     </span>
    </p>
   </div>
   <div class='ocr_carea' id='block_1_84' title="bbox 1867 3002 3464 3073">
    <p class='ocr_par' dir='ltr' id='par_1_84' title="bbox 1867 3002 3464 3073">
     <span class='ocr_line' id='line_1_84' title="bbox 1867 3002 3464 3073; baseline 0 -16"><span class='ocrx_word' id='word_1_664' title='bbox 1867 3018 2027 3058; x_wconf 84' lang='lat' dir='ltr'><strong>servo</strong></span> <span class='ocrx_word' id='word_1_665' title='bbox 2054 3004 2239 3057; x_wconf 87' lang='lat' dir='ltr'><strong>vivens</strong></span> <span class='ocrx_word' id='word_1_666' title='bbox 2282 3002 2729 3072; x_wconf 86' lang='lat' dir='ltr'><strong>ignominiosius?</strong></span> <span class='ocrx_word' id='word_1_667' title='bbox 2773 3014 2856 3057; x_wconf 90' lang='lat' dir='ltr'><strong>est</strong></span> <span class='ocrx_word' id='word_1_668' title='bbox 2898 3005 3040 3059; x_wconf 90' lang='lat' dir='ltr'><strong>enim</strong></span> <span class='ocrx_word' id='word_1_669' title='bbox 3071 3004 3262 3073; x_wconf 86' lang='lat' dir='ltr'><strong>quovis</strong></span> <span class='ocrx_word' id='word_1_670' title='bbox 3302 3019 3464 3059; x_wconf 89' lang='lat' dir='ltr'><strong>servo</strong></span> 
     </span>
    </p>
   </div>
   <div class='ocr_carea' id='block_1_85' title="bbox 1868 3094 3459 3163">
    <p class='ocr_par' dir='ltr' id='par_1_85' title="bbox 1868 3094 3459 3163">
     <span class='ocr_line' id='line_1_85' title="bbox 1868 3094 3459 3163; baseline 0.001 -16"><span class='ocrx_word' id='word_1_671' title='bbox 1868 3094 2026 3148; x_wconf 88' lang='lat' dir='ltr'><strong>vilior</strong></span> <span class='ocrx_word' id='word_1_672' title='bbox 2065 3101 2121 3149; x_wconf 90' lang='lat' dir='ltr'><strong>et</strong></span> <span class='ocrx_word' id='word_1_673' title='bbox 2172 3094 2580 3162; x_wconf 87' lang='lat' dir='ltr'><strong>ignominiosior</strong></span> <span class='ocrx_word' id='word_1_674' title='bbox 2632 3096 2721 3163; x_wconf 91' lang='lat' dir='ltr'><strong>qui</strong></span> <span class='ocrx_word' id='word_1_675' title='bbox 2774 3104 2977 3149; x_wconf 85' lang='lat' dir='ltr'><strong>tantum</strong></span> <span class='ocrx_word' id='word_1_676' title='bbox 3027 3094 3337 3149; x_wconf 84' lang='lat' dir='ltr'><strong>circumfert</strong></span> <span class='ocrx_word' id='word_1_677' title='bbox 3375 3096 3459 3149; x_wconf 78' lang='lat' dir='ltr'><strong>fa-</strong></span> 
     </span>
    </p>
   </div>
   <div class='ocr_carea' id='block_1_86' title="bbox 1868 3186 3459 3258">
    <p class='ocr_par' dir='ltr' id='par_1_86' title="bbox 1868 3186 3459 3258">
     <span class='ocr_line' id='line_1_86' title="bbox 1868 3186 3459 3258; baseline 0.003 -19"><span class='ocrx_word' id='word_1_678' title='bbox 1868 3196 2032 3239; x_wconf 89' lang='lat' dir='ltr'><strong>stum.</strong></span> <span class='ocrx_word' id='word_1_679' title='bbox 2060 3186 2355 3255; x_wconf 88' lang='lat' dir='ltr'><strong>Propterea</strong></span> <span class='ocrx_word' id='word_1_680' title='bbox 2383 3201 2485 3242; x_wconf 89' lang='lat' dir='ltr'><strong>nec</strong></span> <span class='ocrx_word' id='word_1_681' title='bbox 2512 3201 2693 3240; x_wconf 90' lang='lat' dir='ltr'><strong>veram</strong></span> <span class='ocrx_word' id='word_1_682' title='bbox 2717 3187 2975 3258; x_wconf 76' lang='lat' dir='ltr'><strong>videbunt</strong></span> <span class='ocrx_word' id='word_1_683' title='bbox 3010 3187 3335 3252; x_wconf 88' lang='lat' dir='ltr'><strong>libertatem,</strong></span> <span class='ocrx_word' id='word_1_684' title='bbox 3366 3190 3459 3258; x_wconf 88' lang='lat' dir='ltr'><strong>qui</strong></span> 
     </span>
    </p>
   </div>
   <div class='ocr_carea' id='block_1_87' title="bbox 1868 3278 3463 3348">
    <p class='ocr_par' dir='ltr' id='par_1_87' title="bbox 1868 3278 3463 3348">
     <span class='ocr_line' id='line_1_87' title="bbox 1868 3278 3463 3348; baseline 0.002 -15"><span class='ocrx_word' id='word_1_685' title='bbox 1868 3292 1928 3333; x_wconf 89' lang='lat' dir='ltr'><strong>se</strong></span> <span class='ocrx_word' id='word_1_686' title='bbox 1971 3278 2094 3333; x_wconf 91' lang='lat' dir='ltr'><strong>huic</strong></span> <span class='ocrx_word' id='word_1_687' title='bbox 2131 3279 2281 3347; x_wconf 87' lang='lat' dir='ltr'><strong>gravi</strong></span> <span class='ocrx_word' id='word_1_688' title='bbox 2328 3278 2491 3332; x_wconf 90' lang='lat' dir='ltr'><strong>animi</strong></span> <span class='ocrx_word' id='word_1_689' title='bbox 2522 3279 2653 3333; x_wconf 90' lang='lat' dir='ltr'><strong>vitio</strong></span> <span class='ocrx_word' id='word_1_690' title='bbox 2683 3280 3072 3348; x_wconf 89' lang='lat' dir='ltr'><strong>manciparum.</strong></span> <span class='ocrx_word' id='word_1_691' title='bbox 3118 3280 3174 3335; x_wconf 89' lang='lat' dir='ltr'><strong>Si</strong></span> <span class='ocrx_word' id='word_1_692' title='bbox 3204 3281 3346 3334; x_wconf 90' lang='lat' dir='ltr'><strong>enim</strong></span> <span class='ocrx_word' id='word_1_693' title='bbox 3381 3282 3463 3336; x_wconf 91' lang='lat' dir='ltr'><strong>vis</strong></span> 
     </span>
    </p>
   </div>
   <div class='ocr_carea' id='block_1_88' title="bbox 1868 3370 3455 3441">
    <p class='ocr_par' dir='ltr' id='par_1_88' title="bbox 1868 3370 3455 3441">
     <span class='ocr_line' id='line_1_88' title="bbox 1868 3370 3455 3441; baseline -0.001 -16"><span class='ocrx_word' id='word_1_694' title='bbox 1868 3372 2161 3441; x_wconf 82' lang='lat' dir='ltr'><strong>expellere,</strong></span> <span class='ocrx_word' id='word_1_695' title='bbox 2204 3370 2547 3440; x_wconf 88' lang='lat' dir='ltr'><strong>superbeque</strong></span> <span class='ocrx_word' id='word_1_696' title='bbox 2585 3376 2640 3424; x_wconf 92' lang='lat' dir='ltr'><strong>et</strong></span> <span class='ocrx_word' id='word_1_697' title='bbox 2680 3370 2960 3437; x_wconf 84' lang='lat' dir='ltr'><strong>magniﬁce</strong></span> <span class='ocrx_word' id='word_1_698' title='bbox 3012 3370 3283 3435; x_wconf 88' lang='lat' dir='ltr'><strong>incedere,</strong></span> <span class='ocrx_word' id='word_1_699' title='bbox 3346 3387 3455 3424; x_wconf 90' lang='lat' dir='ltr'><strong>non</strong></span> 
     </span>
    </p>
   </div>
   <div class='ocr_carea' id='block_1_89' title="bbox 1869 3460 3455 3530">
    <p class='ocr_par' dir='ltr' id='par_1_89' title="bbox 1869 3460 3455 3530">
     <span class='ocr_line' id='line_1_89' title="bbox 1869 3460 3455 3530; baseline -0.001 -15"><span class='ocrx_word' id='word_1_700' title='bbox 1869 3462 2210 3529; x_wconf 87' lang='lat' dir='ltr'><strong>accedentes,</strong></span> <span class='ocrx_word' id='word_1_701' title='bbox 2253 3460 2349 3516; x_wconf 90' lang='lat' dir='ltr'><strong>sed</strong></span> <span class='ocrx_word' id='word_1_702' title='bbox 2384 3460 2578 3515; x_wconf 86' lang='lat' dir='ltr'><strong>fastum</strong></span> <span class='ocrx_word' id='word_1_703' title='bbox 2623 3462 2866 3529; x_wconf 89' lang='lat' dir='ltr'><strong>expelle;</strong></span> <span class='ocrx_word' id='word_1_704' title='bbox 2906 3476 3011 3514; x_wconf 89' lang='lat' dir='ltr'><strong>non</strong></span> <span class='ocrx_word' id='word_1_705' title='bbox 3041 3477 3136 3530; x_wconf 91' lang='lat' dir='ltr'><strong>per</strong></span> <span class='ocrx_word' id='word_1_706' title='bbox 3176 3461 3455 3529; x_wconf 82' lang='lat' dir='ltr'><strong>famulum,</strong></span> 
     </span>
    </p>
   </div>
   <div class='ocr_carea' id='block_1_90' title="bbox 1869 3550 3462 3623">
    <p class='ocr_par' dir='ltr' id='par_1_90' title="bbox 1869 3550 3462 3623">
     <span class='ocr_line' id='line_1_90' title="bbox 1869 3550 3462 3623; baseline 0 -16"><span class='ocrx_word' id='word_1_707' title='bbox 1869 3553 1963 3607; x_wconf 88' lang='lat' dir='ltr'><strong>sed</strong></span> <span class='ocrx_word' id='word_1_708' title='bbox 1986 3568 2084 3622; x_wconf 91' lang='lat' dir='ltr'><strong>per</strong></span> <span class='ocrx_word' id='word_1_709' title='bbox 2105 3554 2362 3623; x_wconf 88' lang='lat' dir='ltr'><strong>teipsum;</strong></span> <span class='ocrx_word' id='word_1_710' title='bbox 2390 3567 2493 3605; x_wconf 91' lang='lat' dir='ltr'><strong>non</strong></span> <span class='ocrx_word' id='word_1_711' title='bbox 2513 3551 2615 3605; x_wconf 89' lang='lat' dir='ltr'><strong>hoc</strong></span> <span class='ocrx_word' id='word_1_712' title='bbox 2636 3551 2868 3619; x_wconf 84' lang='lat' dir='ltr'><strong>ﬂagello.</strong></span> <span class='ocrx_word' id='word_1_713' title='bbox 2903 3550 2997 3605; x_wconf 90' lang='lat' dir='ltr'><strong>sed</strong></span> <span class='ocrx_word' id='word_1_714' title='bbox 3020 3553 3305 3619; x_wconf 80' lang='lat' dir='ltr'><strong>Spirituali.</strong></span> <span class='ocrx_word' id='word_1_715' title='bbox 3330 3552 3462 3607; x_wconf 84' lang='lat' dir='ltr'><strong>Nam</strong></span> 
     </span>
    </p>
   </div>
   <div class='ocr_carea' id='block_1_91' title="bbox 1871 3641 3460 3713">
    <p class='ocr_par' dir='ltr' id='par_1_91' title="bbox 1871 3641 3460 3713">
     <span class='ocr_line' id='line_1_91' title="bbox 1871 3641 3460 3713; baseline 0.001 -16"><span class='ocrx_word' id='word_1_716' title='bbox 1871 3659 2016 3698; x_wconf 90' lang='lat' dir='ltr'><strong>nunc</strong></span> <span class='ocrx_word' id='word_1_717' title='bbox 2046 3643 2263 3712; x_wconf 88' lang='lat' dir='ltr'><strong>quidem</strong></span> <span class='ocrx_word' id='word_1_718' title='bbox 2293 3641 2524 3698; x_wconf 88' lang='lat' dir='ltr'><strong>famulus</strong></span> <span class='ocrx_word' id='word_1_719' title='bbox 2568 3650 2693 3696; x_wconf 86' lang='lat' dir='ltr'><strong>tuus</strong></span> <span class='ocrx_word' id='word_1_720' title='bbox 2734 3642 2962 3711; x_wconf 85' lang='lat' dir='ltr'><strong>expellit</strong></span> <span class='ocrx_word' id='word_1_721' title='bbox 3010 3657 3104 3695; x_wconf 89' lang='lat' dir='ltr'><strong>eos</strong></span> <span class='ocrx_word' id='word_1_722' title='bbox 3149 3643 3241 3713; x_wconf 91' lang='lat' dir='ltr'><strong>qui</strong></span> <span class='ocrx_word' id='word_1_723' title='bbox 3284 3652 3460 3699; x_wconf 88' lang='lat' dir='ltr'><strong>tecum</strong></span> 
     </span>
    </p>
   </div>
   <div class='ocr_carea' id='block_1_92' title="bbox 1869 3733 3460 3805">
    <p class='ocr_par' dir='ltr' id='par_1_92' title="bbox 1869 3733 3460 3805">
     <span class='ocr_line' id='line_1_92' title="bbox 1869 3733 3460 3805; baseline -0.001 -15"><span class='ocrx_word' id='word_1_724' title='bbox 1869 3738 2167 3800; x_wconf 90' lang='lat' dir='ltr'><strong>incedunt;</strong></span> <span class='ocrx_word' id='word_1_725' title='bbox 2202 3744 2256 3789; x_wconf 90' lang='lat' dir='ltr'><strong>te</strong></span> <span class='ocrx_word' id='word_1_726' title='bbox 2282 3744 2460 3790; x_wconf 89' lang='lat' dir='ltr'><strong>autem</strong></span> <span class='ocrx_word' id='word_1_727' title='bbox 2490 3734 2558 3787; x_wconf 91' lang='lat' dir='ltr'><strong>ab</strong></span> <span class='ocrx_word' id='word_1_728' title='bbox 2586 3733 2697 3787; x_wconf 92' lang='lat' dir='ltr'><strong>alto</strong></span> <span class='ocrx_word' id='word_1_729' title='bbox 2722 3734 3024 3804; x_wconf 86' lang='lat' dir='ltr'><strong>arrogantia</strong></span> <span class='ocrx_word' id='word_1_730' title='bbox 3055 3734 3207 3804; x_wconf 89' lang='lat' dir='ltr'><strong>pellit</strong></span> <span class='ocrx_word' id='word_1_731' title='bbox 3236 3737 3460 3805; x_wconf 82' lang='lat' dir='ltr'><strong>turpius,</strong></span> 
     </span>
    </p>
   </div>
   <div class='ocr_carea' id='block_1_93' title="bbox 1869 3826 3460 3899">
    <p class='ocr_par' dir='ltr' id='par_1_93' title="bbox 1869 3826 3460 3899">
     <span class='ocr_line' id='line_1_93' title="bbox 1869 3826 3460 3899; baseline 0 -17"><span class='ocrx_word' id='word_1_732' title='bbox 1869 3843 2028 3899; x_wconf 88' lang='lat' dir='ltr'><strong>quam</strong></span> <span class='ocrx_word' id='word_1_733' title='bbox 2060 3827 2290 3882; x_wconf 89' lang='lat' dir='ltr'><strong>famulus</strong></span> <span class='ocrx_word' id='word_1_734' title='bbox 2316 3828 2643 3896; x_wconf 85' lang='lat' dir='ltr'><strong>proximum.</strong></span> <span class='ocrx_word' id='word_1_735' title='bbox 2673 3826 2732 3879; x_wconf 89' lang='lat' dir='ltr'><strong>Si</strong></span> <span class='ocrx_word' id='word_1_736' title='bbox 2760 3836 2941 3879; x_wconf 87' lang='lat' dir='ltr'><strong>autem</strong></span> <span class='ocrx_word' id='word_1_737' title='bbox 2969 3828 3036 3881; x_wconf 88' lang='lat' dir='ltr'><strong>ab</strong></span> <span class='ocrx_word' id='word_1_738' title='bbox 3066 3843 3205 3897; x_wconf 91' lang='lat' dir='ltr'><strong>equo</strong></span> <span class='ocrx_word' id='word_1_739' title='bbox 3234 3828 3460 3882; x_wconf 79' lang='lat' dir='ltr'><strong>descen-</strong></span> 
     </span>
    </p>
   </div>
   <div class='ocr_carea' id='block_1_94' title="bbox 1870 3918 3461 3988">
    <p class='ocr_par' dir='ltr' id='par_1_94' title="bbox 1870 3918 3461 3988">
     <span class='ocr_line' id='line_1_94' title="bbox 1870 3918 3461 3988; baseline 0.003 -15"><span class='ocrx_word' id='word_1_740' title='bbox 1870 3919 2005 3975; x_wconf 89' lang='lat' dir='ltr'><strong>dens</strong></span> <span class='ocrx_word' id='word_1_741' title='bbox 2029 3934 2147 3973; x_wconf 91' lang='lat' dir='ltr'><strong>eam</strong></span> <span class='ocrx_word' id='word_1_742' title='bbox 2169 3918 2414 3987; x_wconf 88' lang='lat' dir='ltr'><strong>abegeris</strong></span> <span class='ocrx_word' id='word_1_743' title='bbox 2442 3932 2540 3988; x_wconf 91' lang='lat' dir='ltr'><strong>per</strong></span> <span class='ocrx_word' id='word_1_744' title='bbox 2570 3918 2949 3983; x_wconf 88' lang='lat' dir='ltr'><strong>humilitatem,</strong></span> <span class='ocrx_word' id='word_1_745' title='bbox 2982 3920 3142 3973; x_wconf 90' lang='lat' dir='ltr'><strong>altius</strong></span> <span class='ocrx_word' id='word_1_746' title='bbox 3167 3921 3379 3975; x_wconf 88' lang='lat' dir='ltr'><strong>sedebis</strong></span> <span class='ocrx_word' id='word_1_747' title='bbox 3406 3932 3461 3977; x_wconf 90' lang='lat' dir='ltr'><strong>et</strong></span> 
     </span>
    </p>
   </div>
   <div class='ocr_carea' id='block_1_95' title="bbox 1872 4010 3461 4081">
    <p class='ocr_par' dir='ltr' id='par_1_95' title="bbox 1872 4010 3461 4081">
     <span class='ocr_line' id='line_1_95' title="bbox 1872 4010 3461 4081; baseline 0.001 -14"><span class='ocrx_word' id='word_1_748' title='bbox 1872 4013 1925 4067; x_wconf 90' lang='lat' dir='ltr'><strong>in</strong></span> <span class='ocrx_word' id='word_1_749' title='bbox 1972 4012 2163 4081; x_wconf 88' lang='lat' dir='ltr'><strong>majori</strong></span> <span class='ocrx_word' id='word_1_750' title='bbox 2208 4010 2414 4067; x_wconf 89' lang='lat' dir='ltr'><strong>honore</strong></span> <span class='ocrx_word' id='word_1_751' title='bbox 2459 4010 2687 4078; x_wconf 92' lang='lat' dir='ltr'><strong>teipsum</strong></span> <span class='ocrx_word' id='word_1_752' title='bbox 2735 4010 3051 4074; x_wconf 89' lang='lat' dir='ltr'><strong>constitues,</strong></span> <span class='ocrx_word' id='word_1_753' title='bbox 3104 4011 3169 4065; x_wconf 90' lang='lat' dir='ltr'><strong>ad</strong></span> <span class='ocrx_word' id='word_1_754' title='bbox 3212 4012 3312 4066; x_wconf 92' lang='lat' dir='ltr'><strong>hoc</strong></span> <span class='ocrx_word' id='word_1_755' title='bbox 3355 4029 3461 4070; x_wconf 90' lang='lat' dir='ltr'><strong>non</strong></span> 
     </span>
    </p>
   </div>
   <div class='ocr_carea' id='block_1_96' title="bbox 1869 4099 3458 4173">
    <p class='ocr_par' dir='ltr' id='par_1_96' title="bbox 1869 4099 3458 4173">
     <span class='ocr_line' id='line_1_96' title="bbox 1869 4099 3458 4173; baseline -0.001 -14"><span class='ocrx_word' id='word_1_756' title='bbox 1869 4118 2007 4173; x_wconf 90' lang='lat' dir='ltr'><strong>opus</strong></span> <span class='ocrx_word' id='word_1_757' title='bbox 2049 4104 2253 4158; x_wconf 88' lang='lat' dir='ltr'><strong>habens</strong></span> <span class='ocrx_word' id='word_1_758' title='bbox 2289 4101 2509 4158; x_wconf 88' lang='lat' dir='ltr'><strong>famulo.</strong></span> <span class='ocrx_word' id='word_1_759' title='bbox 2541 4099 2767 4168; x_wconf 90' lang='lat' dir='ltr'><strong>Quando</strong></span> <span class='ocrx_word' id='word_1_760' title='bbox 2811 4102 2952 4155; x_wconf 92' lang='lat' dir='ltr'><strong>enim</strong></span> <span class='ocrx_word' id='word_1_761' title='bbox 2996 4103 3271 4157; x_wconf 83' lang='lat' dir='ltr'><strong>modestus</strong></span> <span class='ocrx_word' id='word_1_762' title='bbox 3312 4104 3458 4159; x_wconf 92' lang='lat' dir='ltr'><strong>humi</strong></span> 
     </span>
    </p>
   </div>
   <div class='ocr_carea' id='block_1_97' title="bbox 1872 4192 3461 4263">
    <p class='ocr_par' dir='ltr' id='par_1_97' title="bbox 1872 4192 3461 4263">
     <span class='ocr_line' id='line_1_97' title="bbox 1872 4192 3461 4263; baseline 0.001 -13"><span class='ocrx_word' id='word_1_763' title='bbox 1872 4195 2112 4261; x_wconf 88' lang='lat' dir='ltr'><strong>iucedes,</strong></span> <span class='ocrx_word' id='word_1_764' title='bbox 2137 4193 2352 4249; x_wconf 88' lang='lat' dir='ltr'><strong>sedebis</strong></span> <span class='ocrx_word' id='word_1_765' title='bbox 2372 4194 2424 4248; x_wconf 91' lang='lat' dir='ltr'><strong>in</strong></span> <span class='ocrx_word' id='word_1_766' title='bbox 2452 4207 2615 4249; x_wconf 90' lang='lat' dir='ltr'><strong>curru</strong></span> <span class='ocrx_word' id='word_1_767' title='bbox 2642 4192 2977 4257; x_wconf 87' lang='lat' dir='ltr'><strong>humilitatis,</strong></span> <span class='ocrx_word' id='word_1_768' title='bbox 2998 4195 3089 4263; x_wconf 90' lang='lat' dir='ltr'><strong>qui</strong></span> <span class='ocrx_word' id='word_1_769' title='bbox 3118 4203 3169 4249; x_wconf 93' lang='lat' dir='ltr'><strong>te</strong></span> <span class='ocrx_word' id='word_1_770' title='bbox 3199 4196 3250 4249; x_wconf 92' lang='lat' dir='ltr'><strong>in</strong></span> <span class='ocrx_word' id='word_1_771' title='bbox 3273 4197 3461 4252; x_wconf 66' lang='lat' dir='ltr'><strong>crelum</strong></span> 
     </span>
    </p>
   </div>
   <div class='ocr_carea' id='block_1_98' title="bbox 1872 4284 3458 4357">
    <p class='ocr_par' dir='ltr' id='par_1_98' title="bbox 1872 4284 3458 4357">
     <span class='ocr_line' id='line_1_98' title="bbox 1872 4284 3458 4357; baseline 0.001 -15"><span class='ocrx_word' id='word_1_772' title='bbox 1872 4288 2034 4352; x_wconf 89' lang='lat' dir='ltr'><strong>tollit,</strong></span> <span class='ocrx_word' id='word_1_773' title='bbox 2062 4287 2149 4357; x_wconf 92' lang='lat' dir='ltr'><strong>qui</strong></span> <span class='ocrx_word' id='word_1_774' title='bbox 2181 4299 2349 4355; x_wconf 89' lang='lat' dir='ltr'><strong>equos</strong></span> <span class='ocrx_word' id='word_1_775' title='bbox 2379 4284 2541 4339; x_wconf 88' lang='lat' dir='ltr'><strong>habet</strong></span> <span class='ocrx_word' id='word_1_776' title='bbox 2566 4284 2739 4338; x_wconf 87' lang='lat' dir='ltr'><strong>alatos</strong></span> <span class='ocrx_word' id='word_1_777' title='bbox 2774 4301 2787 4337; x_wconf 91' lang='lat'><strong>:</strong></span> <span class='ocrx_word' id='word_1_778' title='bbox 2820 4284 2902 4338; x_wconf 90' lang='lat' dir='ltr'><strong>sin</strong></span> <span class='ocrx_word' id='word_1_779' title='bbox 2934 4297 3114 4339; x_wconf 90' lang='lat' dir='ltr'><strong>autem</strong></span> <span class='ocrx_word' id='word_1_780' title='bbox 3157 4287 3225 4341; x_wconf 91' lang='lat' dir='ltr'><strong>ab</strong></span> <span class='ocrx_word' id='word_1_781' title='bbox 3251 4287 3342 4341; x_wconf 89' lang='lat' dir='ltr'><strong>illo</strong></span> <span class='ocrx_word' id='word_1_782' title='bbox 3368 4304 3458 4343; x_wconf 89' lang='lat' dir='ltr'><strong>ce-</strong></span> 
     </span>
    </p>
   </div>
   <div class='ocr_carea' id='block_1_99' title="bbox 1872 4378 3464 4447">
    <p class='ocr_par' dir='ltr' id='par_1_99' title="bbox 1872 4378 3464 4447">
     <span class='ocr_line' id='line_1_99' title="bbox 1872 4378 3464 4447; baseline 0 -12"><span class='ocrx_word' id='word_1_783' title='bbox 1872 4381 2088 4446; x_wconf 88' lang='lat' dir='ltr'><strong>cideris,</strong></span> <span class='ocrx_word' id='word_1_784' title='bbox 2131 4387 2187 4434; x_wconf 92' lang='lat' dir='ltr'><strong>et</strong></span> <span class='ocrx_word' id='word_1_785' title='bbox 2229 4380 2281 4433; x_wconf 89' lang='lat' dir='ltr'><strong>in</strong></span> <span class='ocrx_word' id='word_1_786' title='bbox 2322 4378 2643 4447; x_wconf 75' lang='lat' dir='ltr'><strong>arrogantia:</strong></span> <span class='ocrx_word' id='word_1_787' title='bbox 2685 4392 2902 4431; x_wconf 89' lang='lat' dir='ltr'><strong>currum</strong></span> <span class='ocrx_word' id='word_1_788' title='bbox 2947 4379 3244 4444; x_wconf 86' lang='lat' dir='ltr'><strong>transieris,</strong></span> <span class='ocrx_word' id='word_1_789' title='bbox 3292 4381 3464 4435; x_wconf 90' lang='lat' dir='ltr'><strong>nihilo</strong></span> 
     </span>
    </p>
   </div>
   <div class='ocr_carea' id='block_1_100' title="bbox 1873 4467 3465 4539">
    <p class='ocr_par' dir='ltr' id='par_1_100' title="bbox 1873 4467 3465 4539">
     <span class='ocr_line' id='line_1_100' title="bbox 1873 4467 3465 4539; baseline -0.001 -13"><span class='ocrx_word' id='word_1_790' title='bbox 1873 4472 2065 4527; x_wconf 89' lang='lat' dir='ltr'><strong>melius</strong></span> <span class='ocrx_word' id='word_1_791' title='bbox 2092 4469 2342 4525; x_wconf 88' lang='lat' dir='ltr'><strong>afﬁcieris</strong></span> <span class='ocrx_word' id='word_1_792' title='bbox 2368 4484 2529 4539; x_wconf 91' lang='lat' dir='ltr'><strong>quam</strong></span> <span class='ocrx_word' id='word_1_793' title='bbox 2557 4477 2835 4537; x_wconf 88' lang='lat' dir='ltr'><strong>serpentes</strong></span> <span class='ocrx_word' id='word_1_794' title='bbox 2869 4467 3015 4522; x_wconf 90' lang='lat' dir='ltr'><strong>humi</strong></span> <span class='ocrx_word' id='word_1_795' title='bbox 3049 4480 3319 4538; x_wconf 83' lang='lat' dir='ltr'><strong>repentes,</strong></span> <span class='ocrx_word' id='word_1_796' title='bbox 3356 4471 3465 4525; x_wconf 90' lang='lat' dir='ltr'><strong>imo</strong></span> 
     </span>
    </p>
   </div>
   <div class='ocr_carea' id='block_1_101' title="bbox 1874 4559 3460 4631">
    <p class='ocr_par' dir='ltr' id='par_1_101' title="bbox 1874 4559 3460 4631">
     <span class='ocr_line' id='line_1_101' title="bbox 1874 4559 3460 4631; baseline -0.003 -13"><span class='ocrx_word' id='word_1_797' title='bbox 1874 4578 2005 4620; x_wconf 92' lang='lat' dir='ltr'><strong>vero</strong></span> <span class='ocrx_word' id='word_1_798' title='bbox 2051 4564 2223 4618; x_wconf 88' lang='lat' dir='ltr'><strong>multo</strong></span> <span class='ocrx_word' id='word_1_799' title='bbox 2250 4563 2410 4617; x_wconf 89' lang='lat' dir='ltr'><strong>vilius</strong></span> <span class='ocrx_word' id='word_1_800' title='bbox 2436 4568 2492 4616; x_wconf 90' lang='lat' dir='ltr'><strong>et</strong></span> <span class='ocrx_word' id='word_1_801' title='bbox 2520 4560 2900 4615; x_wconf 88' lang='lat' dir='ltr'><strong>miserabilius.</strong></span> <span class='ocrx_word' id='word_1_802' title='bbox 2929 4559 3060 4614; x_wconf 88' lang='lat' dir='ltr'><strong>Nam</strong></span> <span class='ocrx_word' id='word_1_803' title='bbox 3100 4560 3219 4614; x_wconf 85' lang='lat' dir='ltr'><strong>illos</strong></span> <span class='ocrx_word' id='word_1_804' title='bbox 3249 4563 3460 4631; x_wconf 87' lang='lat' dir='ltr'><strong>quidem</strong></span> 
     </span>
    </p>
   </div>
   <div class='ocr_carea' id='block_1_102' title="bbox 1874 4654 3466 4729">
    <p class='ocr_par' dir='ltr' id='par_1_102' title="bbox 1874 4654 3466 4729">
     <span class='ocr_line' id='line_1_102' title="bbox 1874 4654 3466 4729; baseline -0.003 -16"><span class='ocrx_word' id='word_1_805' title='bbox 1874 4661 1951 4714; x_wconf 90' lang='lat' dir='ltr'><strong>sic</strong></span> <span class='ocrx_word' id='word_1_806' title='bbox 1980 4667 2193 4729; x_wconf 83' lang='lat' dir='ltr'><strong>reptare</strong></span> <span class='ocrx_word' id='word_1_807' title='bbox 2222 4656 2364 4726; x_wconf 82' lang='lat' dir='ltr'><strong>cogit</strong></span> <span class='ocrx_word' id='word_1_808' title='bbox 2383 4654 2651 4709; x_wconf 88' lang='lat' dir='ltr'><strong>mutilatio</strong></span> <span class='ocrx_word' id='word_1_809' title='bbox 2672 4654 2936 4721; x_wconf 87' lang='lat' dir='ltr'><strong>corporis,</strong></span> <span class='ocrx_word' id='word_1_810' title='bbox 2962 4660 3013 4706; x_wconf 88' lang='lat' dir='ltr'><strong>te</strong></span> <span class='ocrx_word' id='word_1_811' title='bbox 3040 4661 3215 4706; x_wconf 88' lang='lat' dir='ltr'><strong>autem</strong></span> <span class='ocrx_word' id='word_1_812' title='bbox 3246 4655 3466 4709; x_wconf 85' lang='lat' dir='ltr'><strong>morbus</strong></span> 
     </span>
    </p>
   </div>
   <div class='ocr_carea' id='block_1_103' title="bbox 1876 4744 3465 4818">
    <p class='ocr_par' dir='ltr' id='par_1_103' title="bbox 1876 4744 3465 4818">
     <span class='ocr_line' id='line_1_103' title="bbox 1876 4744 3465 4818; baseline -0.004 -13"><span class='ocrx_word' id='word_1_813' title='bbox 1876 4751 2214 4818; x_wconf 82' lang='lat' dir='ltr'><strong>arrogantiae.</strong></span> <span class='ocrx_word' id='word_1_814' title='bbox 2251 4745 2433 4801; x_wconf 77' lang='lat' dir='ltr'><strong>Omnis</strong></span> <span class='ocrx_word' id='word_1_815' title='bbox 2457 4747 2599 4801; x_wconf 82' lang='lat' dir='ltr'><strong>enim</strong></span> <span class='ocrx_word' id='word_1_816' title='bbox 2630 4746 2715 4816; x_wconf 86' lang='lat' dir='ltr'><strong>qui</strong></span> <span class='ocrx_word' id='word_1_817' title='bbox 2744 4762 2797 4799; x_wconf 84' lang='lat' dir='ltr'><strong>se</strong></span> <span class='ocrx_word' id='word_1_818' title='bbox 2821 4744 3037 4810; x_wconf 70' lang='lat' dir='ltr'><strong>extollit,</strong></span> <span class='ocrx_word' id='word_1_819' title='bbox 3072 4746 3262 4815; x_wconf 91' lang='lat' dir='ltr'><strong>inquit,</strong></span> <span class='ocrx_word' id='word_1_820' title='bbox 3297 4747 3465 4798; x_wconf 83' lang='lat' dir='ltr'><strong>humi-</strong></span> 
     </span>
    </p>
   </div>
   <div class='ocr_carea' id='block_1_104' title="bbox 1876 4835 3461 4908">
    <p class='ocr_par' dir='ltr' id='par_1_104' title="bbox 1876 4835 3461 4908">
     <span class='ocr_line' id='line_1_104' title="bbox 1876 4835 3461 4908; baseline -0.002 -14"><span class='ocrx_word' id='word_1_821' title='bbox 1876 4841 2081 4894; x_wconf 84' lang='lat' dir='ltr'><strong>liabitur</strong></span> <span class='ocrx_word' id='word_1_822' title='bbox 2126 4838 2342 4908; x_wconf 85' lang='lat' dir='ltr'><strong>(Matth.</strong></span> <span class='ocrx_word' id='word_1_823' title='bbox 2370 4837 2459 4892; x_wconf 70' lang='lat'><strong>25.</strong></span> <span class='ocrx_word' id='word_1_824' title='bbox 2495 4837 2611 4907; x_wconf 70' lang='lat'><strong>19.).</strong></span> <span class='ocrx_word' id='word_1_825' title='bbox 2660 4836 2739 4892; x_wconf 88' lang='lat' dir='ltr'><strong>Ne</strong></span> <span class='ocrx_word' id='word_1_826' title='bbox 2787 4852 2916 4906; x_wconf 83' lang='lat' dir='ltr'><strong>ergo</strong></span> <span class='ocrx_word' id='word_1_827' title='bbox 2956 4835 3322 4903; x_wconf 86' lang='lat' dir='ltr'><strong>hutniliemur,</strong></span> <span class='ocrx_word' id='word_1_828' title='bbox 3366 4838 3461 4891; x_wconf 88' lang='lat' dir='ltr'><strong>sed</strong></span> 
     </span>
    </p>
   </div>
   <div class='ocr_carea' id='block_1_105' title="bbox 1878 4931 3461 5001">
    <p class='ocr_par' dir='ltr' id='par_1_105' title="bbox 1878 4931 3461 5001">
     <span class='ocr_line' id='line_1_105' title="bbox 1878 4931 3461 5001; baseline -0.003 -12"><span class='ocrx_word' id='word_1_829' title='bbox 1878 4934 2219 5001; x_wconf 81' lang='lat' dir='ltr'><strong>extollamur,</strong></span> <span class='ocrx_word' id='word_1_830' title='bbox 2248 4932 2526 4986; x_wconf 85' lang='lat' dir='ltr'><strong>veniamus</strong></span> <span class='ocrx_word' id='word_1_831' title='bbox 2550 4931 2617 4984; x_wconf 88' lang='lat' dir='ltr'><strong>ad</strong></span> <span class='ocrx_word' id='word_1_832' title='bbox 2645 4932 2789 4984; x_wconf 89' lang='lat' dir='ltr'><strong>illam</strong></span> <span class='ocrx_word' id='word_1_833' title='bbox 2815 4931 3171 4985; x_wconf 89' lang='lat' dir='ltr'><strong>altitudinem.</strong></span> <span class='ocrx_word' id='word_1_834' title='bbox 3202 4932 3288 4985; x_wconf 89' lang='lat' dir='ltr'><strong>Sic</strong></span> <span class='ocrx_word' id='word_1_835' title='bbox 3318 4932 3461 4985; x_wconf 88' lang='lat' dir='ltr'><strong>enim</strong></span> 
     </span>
    </p>
   </div>
   <div class='ocr_carea' id='block_1_106' title="bbox 1879 5023 3471 5092">
    <p class='ocr_par' dir='ltr' id='par_1_106' title="bbox 1879 5023 3471 5092">
     <span class='ocr_line' id='line_1_106' title="bbox 1879 5023 3471 5092; baseline -0.002 -12"><span class='ocrx_word' id='word_1_836' title='bbox 1879 5026 2211 5081; x_wconf 88' lang='lat' dir='ltr'><strong>inveniemus</strong></span> <span class='ocrx_word' id='word_1_837' title='bbox 2265 5024 2462 5079; x_wconf 88' lang='lat' dir='ltr'><strong>nostris</strong></span> <span class='ocrx_word' id='word_1_838' title='bbox 2518 5023 2711 5078; x_wconf 90' lang='lat' dir='ltr'><strong>animis</strong></span> <span class='ocrx_word' id='word_1_839' title='bbox 2772 5025 3027 5092; x_wconf 89' lang='lat' dir='ltr'><strong>quietem,</strong></span> <span class='ocrx_word' id='word_1_840' title='bbox 3079 5026 3471 5078; x_wconf 88' lang='lat' dir='ltr'><strong>convenienter</strong></span> 
     </span>
    </p>
   </div>
   <div class='ocr_carea' id='block_1_107' title="bbox 1880 5115 3468 5186">
    <p class='ocr_par' dir='ltr' id='par_1_107' title="bbox 1880 5115 3468 5186">
     <span class='ocr_line' id='line_1_107' title="bbox 1880 5115 3468 5186; baseline -0.001 -13"><span class='ocrx_word' id='word_1_841' title='bbox 1880 5119 2061 5173; x_wconf 90' lang='lat' dir='ltr'><strong>divino</strong></span> <span class='ocrx_word' id='word_1_842' title='bbox 2100 5118 2339 5184; x_wconf 90' lang='lat' dir='ltr'><strong>oraculo,</strong></span> <span class='ocrx_word' id='word_1_843' title='bbox 2388 5131 2684 5186; x_wconf 89' lang='lat' dir='ltr'><strong>verumque</strong></span> <span class='ocrx_word' id='word_1_844' title='bbox 2735 5124 2791 5170; x_wconf 89' lang='lat' dir='ltr'><strong>et</strong></span> <span class='ocrx_word' id='word_1_845' title='bbox 2838 5115 3157 5170; x_wconf 87' lang='lat' dir='ltr'><strong>altissimum</strong></span> <span class='ocrx_word' id='word_1_846' title='bbox 3205 5117 3468 5171; x_wconf 84' lang='lat' dir='ltr'><strong>honorem</strong></span> 
     </span>
    </p>
   </div>
   <div class='ocr_carea' id='block_1_108' title="bbox 1880 5207 3468 5280">
    <p class='ocr_par' dir='ltr' id='par_1_108' title="bbox 1880 5207 3468 5280">
     <span class='ocr_line' id='line_1_108' title="bbox 1880 5207 3468 5280; baseline -0.002 -14"><span class='ocrx_word' id='word_1_847' title='bbox 1880 5226 2311 5280; x_wconf 88' lang='lat' dir='ltr'><strong>consequemur:</strong></span> <span class='ocrx_word' id='word_1_848' title='bbox 2342 5224 2503 5279; x_wconf 91' lang='lat' dir='ltr'><strong>quem</strong></span> <span class='ocrx_word' id='word_1_849' title='bbox 2548 5208 2704 5263; x_wconf 89' lang='lat' dir='ltr'><strong>detur</strong></span> <span class='ocrx_word' id='word_1_850' title='bbox 2745 5207 2903 5263; x_wconf 85' lang='lat' dir='ltr'><strong>nobis</strong></span> <span class='ocrx_word' id='word_1_851' title='bbox 2944 5209 3192 5264; x_wconf 88' lang='lat' dir='ltr'><strong>omnibus</strong></span> <span class='ocrx_word' id='word_1_852' title='bbox 3231 5212 3468 5279; x_wconf 87' lang='lat' dir='ltr'><strong>assequi,</strong></span> 
     </span>
    </p>
   </div>
   <div class='ocr_carea' id='block_1_109' title="bbox 1880 5302 2638 5375">
    <p class='ocr_par' dir='ltr' id='par_1_109' title="bbox 1880 5302 2638 5375">
     <span class='ocr_line' id='line_1_109' title="bbox 1880 5302 2638 5375; baseline -0.003 -18"><span class='ocrx_word' id='word_1_853' title='bbox 1880 5305 2049 5375; x_wconf 86' lang='lat' dir='ltr'><strong>gratia</strong></span> <span class='ocrx_word' id='word_1_854' title='bbox 2075 5312 2130 5359; x_wconf 91' lang='lat' dir='ltr'><strong>et</strong></span> <span class='ocrx_word' id='word_1_855' title='bbox 2154 5302 2502 5373; x_wconf 85' lang='lat' dir='ltr'><strong>benignitate,</strong></span> <span class='ocrx_word' id='word_1_856' title='bbox 2531 5308 2638 5356; x_wconf 91' lang='lat' dir='ltr'><strong>etc.</strong></span> 
     </span>
    </p>
   </div>
  </div>
