3998 6472
578 415 716 472 '355

1311 402 1374 459 S.
1413 395 1692 458 JOANNIS
1722 390 2198 452 CIIRVSOSTOMI
2234 387 2552 446 ARCIIIEP.
2591 387 3127 447 CONSTANTINOP.

3769 405 3852 462 558

607 544 3850 586 MM

1926 619 2276 683 HOMlLIA
2318 616 2481 678 XLI.

612 792 740 848 Car.
771 790 858 846 15.
889 804 942 842 v.
967 787 1059 842 ‘55.
1084 781 1192 841 Sed
1213 780 1345 837 dicet
1381 777 1566 849 aliquis
1592 791 1613 831 :
1633 773 1903 844 Quomodo
1927 776 2197 842 resurgunt

681 881 911 938 mortui?
933 878 1072 949 quali
1099 884 1268 931 autem
1293 887 1506 941 corpore
1529 870 1731 924 ueniunt
1747 867 1774 921 2
1797 866 1885 922 56.
1921 864 1946 920 Ι
1953 865 2197 934 nsipiens,

683 983 739 1028 tu
765 972 902 1043 quod
925 970 1166 1035 seminus,
1192 983 1294 1022 non
1314 965 1617 1032 viviﬁcatur,
1642 959 1740 1015 nisi
1764 959 1904 1027 prius
1932 957 2199 1011 moriatur.

687 1065 741 1121 1.
783 1065 916 1119 Cum
944 1063 1138 1133 ubique
1178 1060 1321 1115 mitis
1345 1068 1400 1114 et
1427 1056 1644 1111 humilis
1679 1053 1751 1110 sit
1774 1051 2084 1123 Apostolus,
2113 1049 2200 1104 hic

613 1156 809 1212 acriori
839 1155 1003 1209 utitur
1028 1153 1292 1216 oratione,
1322 1157 1540 1220 propter
1588 1143 1973 1200 absurditatem
2005 1155 2197 1197 eorum

614 1247 704 1318 qui
731 1243 1192 1301 contradieebant.
1219 1240 1406 1311 Neque
1433 1248 1610 1293 tamen
1652 1244 1736 1291 est
1760 1233 1862 1288 hoc
1890 1241 2202 1298 contentus,

616 1337 712 1394 sed
732 1345 789 1392 et
823 1339 1061 1391 rationes
1086 1332 1304 1389 adducit
1327 1338 1382 1386 et
1411 1327 1677 1398 exempla,
1705 1341 1769 1382 ea
1802 1325 2011 1380 ratione
2039 1324 2202 1380 etiam

615 1443 882 1499 quemque
907 1425 1064 1481 valde
1089 1422 1480 1479 contentiosum
1510 1419 1832 1488 reprimens.
1858 1415 1929 1470 Et
1956 1413 2204 1484 superius

617 1520 836 1590 quidem
865 1518 993 1573 dicit
1024 1535 1039 1571 :
1073 1515 1327 1584 Quoniam
1353 1528 1441 1582 per
1464 1511 1719 1566 hominem
1739 1523 1895 1572 mors,
1923 1516 1968 1561 et
2000 1522 2090 1575 per
2115 1504 2207 1560 Ito-

617 1611 808 1663 minem
843 1608 1144 1663 resurrectio
1170 1621 1190 1660 :
1219 1605 1304 1658 hic
1331 1617 1460 1658 vero
1505 1600 1668 1656 solvit
1694 1598 2056 1669 objectionem
2083 1611 2206 1667 qua:

620 1703 781 1757 ﬁebat
807 1717 836 1755 a
859 1699 1127 1772 gentibus.
1162 1696 1293 1752 Vide
1317 1703 1498 1749 autem
1526 1706 1715 1748 rursus
1745 1688 2018 1760 quomodo
2046 1687 2207 1744 dimi-

619 1803 752 1849 nuat
777 1789 1170 1848 vehementiam
1221 1783 1682 1857 reprehensionis.
1713 1781 1827 1837 Non
1854 1779 1990 1835 dixit
2036 1779 2202 1845 enim,

626 1885 734 1941 Sed
764 1883 994 1938 fortasse
1031 1880 1254 1945 dicetis;
1287 1877 1383 1934 sed
1409 1892 1530 1932 eum
1552 1874 1646 1948 qui
1677 1870 2000 1928 contradicit
2029 1869 2209 1940 posuit

625 1977 924 2044 indeﬁnite,
956 1990 1022 2029 ne
1052 1975 1223 2029 libere
1247 1979 1301 2027 et
1328 1971 1536 2025 acriore
1564 1977 1722 2022 utens
1747 1965 2012 2029 oratione,
2046 1961 2204 2018 audi-

628 2077 774 2125 tores
805 2066 962 2123 valde
986 2065 1328 2137 percel-leret.
1362 2061 1520 2118 Ponit
1539 2069 1723 2115 autem
1745 2057 1880 2114 duas
1905 2055 2202 2112 dubitatio-

622 2175 743 2228 nes,
775 2159 919 2215 modi
957 2155 1371 2214 resurrectionis
1413 2161 1470 2208 et
1496 2151 1768 2222 qualitatis
1790 2163 2103 2218 corporum.
2134 2147 2211 2202 De

622 2254 870 2321 utrisque
891 2249 1038 2305 enim
1074 2247 1388 2304 dubitabant
1415 2245 1658 2300 dicentes
1683 2257 1702 2299 :
1733 2240 2014 2308 Quomodo
2039 2239 2212 2295 susci-

624 2352 767 2399 tatur
789 2341 840 2397 id
858 2340 1000 2412 quod
1017 2348 1100 2396 est
1125 2337 1482 2394 dissolutum?
1508 2344 1586 2403 et,
1613 2334 1726 2402 Quo
1745 2349 1956 2404 corpore
1971 2332 2173 2386 veniunt
2187 2331 2214 2385 .9

623 2436 762 2507 Quid
786 2445 868 2490 est
896 2442 1098 2500 autem,
1132 2431 1246 2500 Quo
1275 2429 1525 2501 corpore?
1545 2427 1748 2496 Nempe
1778 2425 1882 2480 hoc
1904 2423 2045 2496 quod
2076 2423 2215 2478 inte-

623 2529 736 2594 riit,
763 2524 905 2597 quod
933 2523 1110 2595 periit,
1152 2537 1222 2577 an
1263 2521 1446 2592 aliquo
1481 2519 1632 2574 alio?
1663 2518 1871 2572 Deinde
1915 2514 2212 2571 ostendens

625 2618 770 2691 quod
808 2631 917 2672 non
947 2620 1193 2686 quaerant
1219 2627 1303 2677 ea,
1337 2610 1407 2666 de
1436 2609 1628 2681 quibus
1666 2608 1959 2673 dubitatur,
2007 2605 2104 2662 sed
2147 2619 2213 2660 ea

625 2725 746 2782 quae
775 2709 828 2762 in
867 2707 1118 2762 confesso
1146 2711 1292 2771 sunt,
1337 2701 1515 2756 acrius
1542 2697 1780 2754 occurrit
1807 2696 1994 2753 dicens
2027 2714 2044 2750 :
2072 2694 2215 2750 Insi-

627 2803 792 2872 piens,
818 2809 876 2853 tu
902 2797 1039 2869 quod
1065 2796 1310 2863 seminas,
1351 2810 1454 2848 non
1481 2792 1786 2860 vioiﬁcatur,
1816 2789 1916 2844 nisi
1956 2795 2216 2842 mortuum

630 2894 805 2965 fuerit.
835 2890 990 2958 Quod
1021 2905 1118 2944 nos
1144 2901 1358 2959 quoque
1382 2885 1618 2940 solemus
1647 2883 1824 2939 facere
1848 2896 1976 2952 erga
2002 2896 2100 2937 eos
2125 2880 2217 2952 qui

631 2983 1009 3040 contradicunt
1035 2983 1104 3037 iis
1127 2981 1194 3036 de
1221 2979 1415 3049 quibus
1459 2985 1692 3032 constat.
1725 2975 1792 3030 Et
1829 2990 1926 3030 cur
1965 2989 2073 3029 non
2105 2982 2219 3029 sta-

634 3078 734 3132 tim
783 3075 1023 3146 confugit
1067 3073 1136 3129 ad
1179 3072 1273 3128 Dei
1315 3069 1670 3142 potestatem?
1713 3067 1977 3137 Quoniam
2005 3065 2223 3124 disserit

634 3183 760 3224 cum
790 3165 1097 3222 inlidelibus
1127 3183 1140 3219 :
1171 3178 1293 3220 nam
1324 3161 1538 3234 quando
1565 3161 1728 3217 verba
1755 3160 1884 3215 facit
1909 3159 2052 3230 apud
2082 3157 2219 3216 fide-

635 3263 737 3329 les,
788 3275 897 3316 non
936 3256 1230 3314 admodum
1278 3269 1414 3326 Opus
1461 3254 1624 3310 habet
1666 3253 1982 3309 ratiociniis.
2027 3252 2223 3320 Quam-

635 3355 822 3410 obrem
842 3367 966 3408 cum
993 3351 1116 3406 alibi
1137 3348 1384 3415 dixisset,
1410 3345 1816 3418 Transﬁgurabit
1841 3361 2028 3416 corpus
2053 3345 2224 3400 humi-

636 3449 796 3504 litatis
832 3455 1030 3512 vestrm,
1059 3454 1116 3498 ut
1140 3443 1206 3498 sit
1232 3442 1555 3512 conﬁgurata
1591 3438 1794 3509 corpori
1837 3437 2084 3492 claritatis
2117 3453 2227 3492 suae

636 3540 902 3609 (Philipp.
933 3539 990 3594 5.
1018 3533 1135 3607 21),
1157 3543 1216 3590 ει
1232 3533 1559 3589 ostendisset
1587 3531 1790 3601 aliquid
1812 3530 2044 3600 amplius
2063 3545 2225 3601 quam

635 3631 708 3686 sit
752 3627 1114 3692 resurrectio;
1147 3639 1254 3680 non
1284 3624 1464 3696 posuit
1489 3621 1759 3692 exempla,
1805 3620 1904 3678 sed
1931 3636 2029 3692 pro
2073 3621 2223 3677 omni

635 3721 1096 3780 demonstratione
1119 3718 1215 3774 Dei
1239 3725 1562 3788 potestatem
1612 3713 1840 3770 adduxit
1866 3714 1920 3768 in
1965 3713 2224 3779 medium,

640 3815 849 3870 addens
891 3821 948 3869 et
991 3811 1221 3867 dicens:
1250 3809 1546 3865 Secundum
1593 3807 1942 3876 operationem
1985 3808 2096 3880 ejus
2140 3807 2229 3878 qui

640 3907 800 3978 possit
823 3903 1069 3976 subjicere
1089 3901 1185 3956 sibi
1210 3900 1404 3956 omnia.
1427 3898 1524 3954 llic
1545 3907 1724 3954 autem
1752 3897 2031 3953 ratiocinia
2055 3899 2228 3968 ponit.

637 3998 774 4054 Nam
819 3995 1072 4066 quoniam
1123 3992 1225 4047 hoc
1263 3989 1598 4047 conﬁrmavit
1643 4005 1710 4045 ex
1759 3988 2070 4059 Scripturis,
2111 3989 2230 4045 hinc

643 4105 857 4162 quoque
880 4087 1031 4143 addit
1056 4101 1120 4141 ex
1148 4083 1476 4140 abundantia
1502 4098 1629 4154 erga
1659 4099 1754 4139 eos
1779 4084 1870 4154 qui
1903 4100 2008 4138 non
2035 4093 2231 4154 parent

645 4180 957 4253 Scripturis,
1005 4189 1058 4233 et
1079 4177 1210 4232 dicit
1239 4195 1254 4231 :
1291 4174 1563 4246 lnsipiens,
1587 4184 1640 4230 tu
1668 4176 1805 4246 quod
1847 4176 2088 4230 seminus.
2118 4175 2234 4231 Hoc

644 4283 747 4338 est,
777 4271 930 4342 Apud
955 4271 1183 4340 teipsum
1211 4268 1400 4322 horum
1429 4267 1596 4323 habes
1623 4267 2015 4337 probationem,
2046 4283 2143 4337 per
2169 4283 2232 4323 ea

648 4384 772 4440 qua:
805 4367 937 4422 facis
961 4363 1222 4435 quatidie,
1263 4371 1318 4416 et
1346 4360 1525 4415 adhuc
1568 4360 1832 4431 ambigis?
1859 4361 2152 4432 Propterea
2183 4371 2235 4417 te

650 4474 785 4516 voco
831 4457 1196 4526 insipientem,
1228 4451 1370 4522 quod
1417 4453 1632 4522 ignores
1681 4467 1745 4507 ca
1784 4467 1906 4523 quae
1949 4461 2065 4507 ate
2103 4452 2238 4506 ﬁunt

651 4549 925 4624 quotidie;
971 4555 1173 4604 etcum
1219 4543 1337 4616 ipse
1373 4544 1448 4599 sis
1476 4543 1656 4613 opifex
1698 4542 2138 4610 resurrectionis,
2167 4542 2236 4598 de

652 4644 766 4698 Deo
802 4641 1036 4697 dubitas.
1072 4637 1364 4707 Propterea
1409 4649 1531 4690 cum
1561 4649 1752 4706 magna
1781 4634 1919 4689 dixit
1965 4634 2234 4705 emphasi,

655 4733 735 4788 Tu
756 4731 891 4803 quod
918 4729 1135 4782 seminus
1162 4743 1180 4782 :
1206 4737 1262 4781 tu
1293 4727 1382 4796 qui
1410 4741 1470 4782 es
1497 4727 1740 4782 mortalis
1767 4735 1821 4782 et
1841 4727 2004 4796 peris.
2029 4727 2096 4782 Et
2118 4728 2240 4784 vide
2276 4762 2281 4767 ι

656 4821 928 4896 quomodo
959 4829 1138 4874 utatur
1163 4818 1493 4893 dictionibus.
1509 4819 1749 4890 subjecto
1775 4829 2090 4890 argumento
2111 4835 2242 4875 con-

657 4913 995 4987 gruentibus.
1037 4909 1159 4964 Non
1198 4911 1482 4980 viviﬁcatur
1527 4910 1694 4976 enim,
1728 4910 1918 4981 inquit,
1963 4911 2062 4965 nisi
2099 4928 2241 4966 mor-

658 5018 802 5061 tuum
829 5005 1003 5077 fuerit.
1037 5003 1274 5073 Propriis
1323 5004 1466 5058 enim
1497 5003 1761 5058 seminum
1809 5004 2014 5061 relictis
2045 5006 2241 5061 dictio-

659 5100 839 5162 nibus,
871 5110 1062 5165 nempe
1083 5095 1370 5166 germinat,
1399 5095 1639 5164 pullulat,
1672 5098 1935 5165 putrescit
1961 5106 2016 5152 et
2043 5097 2243 5153 dissol-

665 5193 846 5259 vitur;
891 5190 1161 5260 adaptavit
1189 5204 1282 5245 eas
1309 5205 1429 5259 qua:
1457 5189 1604 5243 carni
1654 5201 1851 5244 nostra:
1896 5193 2240 5258 conveniunt,

662 5296 858 5351 nempe
892 5278 1191 5350 Viviﬁcatur
1239 5278 1603 5336 eLMortuum
1631 5280 1803 5350 fuerit,
1841 5281 1984 5351 quod
2027 5282 2246 5350 quidem

665 5390 772 5429 non
803 5380 886 5427 est
911 5374 1182 5442 proprium
1223 5372 1510 5437 seminum,
1556 5371 1650 5426 sed
1689 5387 1998 5443 corporum.
2032 5374 2099 5428 Et
2140 5389 2247 5429 non

663 5465 846 5520 dixit:
881 5464 1170 5533 Postquam
1212 5472 1482 5517 mortuum
1531 5463 1711 5526 fuerit,
1745 5465 1908 5529 vivit;
1944 5466 2058 5532 sed,
2105 5465 2247 5535 quod

663 5566 748 5612 cst
789 5556 985 5626 majus,
1014 5564 1298 5626 propterea
1325 5555 1473 5622 vivit,
1506 5557 1758 5626 quoniam
1805 5559 2051 5612 moritur.
2085 5557 2252 5614 Vides

663 5651 829 5720 quod,
869 5651 1008 5704 sicut
1051 5650 1360 5718 frequenter
1388 5649 1528 5716 dico,
1563 5651 1859 5705 orationem
1891 5666 2106 5720 semper
2130 5669 2253 5708 ver-

667 5753 745 5797 tat
790 5745 840 5796 in
891 5743 1240 5796 contrarium.
1290 5742 1442 5811 Quod
1471 5745 1614 5799 enim
1662 5745 1739 5799 illi
1787 5761 1893 5800 non
1935 5746 2255 5817 resurgendi

671 5833 976 5888 statuebant
1002 5846 1122 5890 esse
1160 5833 1441 5907 indicium,
1488 5835 1590 5893 hoc
1617 5836 1744 5894 facit
1784 5851 1904 5895 esse
1935 5847 2135 5896 certam
2168 5854 2256 5895 re-

2309 766 2560 838 surgendi
2586 768 3098 828 demonstrationem
3127 789 3143 828 :
3176 773 3427 830 dicebant
3472 774 3618 831 enim
3650 791 3749 836 non
3782 795 3847 837 re-

2307 871 2550 929 surgere,
2581 861 2836 930 quoniam
2862 873 2948 919 est
2975 874 3268 920 mortuum.
3296 865 3436 934 Quid
3463 876 3644 923 autem
3669 873 3845 940 opponit

2307 948 2442 1004 ille?
2464 951 2624 1021 Atqui
2647 952 2694 1007 si
2712 967 2820 1008 non
2840 964 2985 1011 esset
3006 965 3300 1023 mortuum,
3331 973 3440 1013 non
3471 961 3844 1018 resurrexisset:

2307 1050 2364 1096 et
2390 1052 2671 1112 propterea
2701 1047 2950 1118 resurgit,
2997 1049 3250 1118 quoniam
3293 1057 3377 1104 est
3419 1063 3706 1106 mortuum.
3734 1053 3849 1110 Sicut

2309 1136 2453 1190 enim
2492 1136 2741 1194 Christus
2785 1141 3024 1210 apertius
3071 1142 3124 1197 id
3168 1143 3342 1212 ipsum
3388 1146 3646 1210 ostendit,
3677 1147 3846 1218 dicens,

2311 1223 2542 1282 Granum
2569 1231 2833 1300 frumenti,
2871 1233 2915 1286 si
2954 1234 3141 1288 cadens
3177 1235 3232 1288 in
3264 1243 3452 1288 terram
3493 1253 3596 1290 non
3637 1249 3849 1293 mortuum

2311 1319 2484 1389 fuerit,
2510 1321 2678 1390 ipsum
2707 1323 2871 1378 solum
2891 1335 3058 1380 manet
3085 1339 3106 1379 :
3134 1326 3213 1380 sin
3234 1336 3404 1380 autem
3430 1337 3681 1382 mortuum
3706 1332 3848 1398 fuerit.

2309 1411 2526 1465 multum
2565 1412 2788 1484 fructum
2827 1414 2977 1482 alfert
3024 1414 3204 1486 (loan.
3250 1416 3339 1472 12.
3369 1417 3468 1484 24)
3498 1418 3681 1474 :illinc
3719 1421 3848 1475 etiam

2311 1501 2509 1558 Paulus
2556 1505 2778 1562 trahens
2821 1509 3166 1578 exemplum,
3214 1525 3320 1564 non
3370 1509 3688 1567 dixit:Non
3727 1512 3848 1576 vivit,

2310 1596 2428 1662 sed,
2459 1596 2581 1651 Non
2623 1600 2946 1668 oiviﬁcatur;
2990 1615 3179 1655 rursus
3208 1601 3303 1656 Dei
3350 1616 3630 1658 assumens
3655 1612 3848 1673 potesta-

2312 1696 2442 1752 tem,
2471 1696 2528 1743 et
2553 1690 2846 1747 ostendens
2870 1691 3016 1762 quod
3056 1707 3166 1747 non
3213 1701 3406 1748 natura
3439 1702 3615 1759 terrae,
3648 1695 3734 1751 sed
3759 1696 3849 1765 ipse

2313 1779 2624 1837 universum
2654 1791 2930 1852 operatur.
2961 1783 3029 1839 Et
3065 1800 3164 1839 cur
3189 1801 3294 1840 non
3323 1785 3547 1841 adduxit
3579 1786 3630 1840 in
3655 1786 3848 1842 medium

2313 1869 2368 1926 id
2391 1871 2532 1940 quod
2562 1881 2677 1928 erat
2705 1875 3114 1930 convenientius
3154 1885 3212 1933 et
3256 1878 3429 1946 magis
3459 1878 3738 1948 proprium,
3779 1894 3848 1933 se—

2313 1977 2457 2029 men,
2500 1963 2738 2034 inquam,
2772 1965 3104 2022 humanum?
3134 1983 3256 2022 nam
3287 1977 3442 2024 ortus
3467 1984 3674 2040 quoque
3706 1978 3851 2024 noster

2315 2052 2504 2124 incipit
2526 2069 2556 2108 a
2586 2058 2934 2127 corruptione
2954 2060 3091 2114 sicut
3114 2069 3168 2115 et
3195 2059 3472 2116 frumenti.
3501 2061 3747 2130 Quoniam
3765 2077 3847 2116 non

2314 2153 2441 2200 sunt
2462 2145 2579 2202 hzec
2607 2150 2779 2218 paria,
2818 2151 2915 2206 sed
2942 2151 3046 2207 hoc
3069 2162 3154 2207 est
3177 2153 3375 2224 majus.
3405 2154 3607 2221 Quaerit
3629 2156 3754 2210 enim
3775 2155 3852 2208 ali-

2313 2237 2444 2307 quid
2475 2239 2759 2310 iutegrum,
2794 2243 2936 2312 quod
2962 2255 3375 2316 corrumpatur;
3407 2247 3538 2304 illud
3564 2257 3726 2303 autem
3751 2261 3845 2316 pars

2316 2336 2435 2383 erat
2466 2347 2479 2383 :
2506 2332 2855 2400 quamobrem
2898 2334 3001 2390 hoc
3049 2336 3202 2392 affert
3247 2338 3304 2392 in
3351 2338 3609 2395 medium.
3649 2338 3850 2407 Alioquin

2315 2429 2495 2476 autem
2537 2421 2666 2478 illud
2703 2423 2918 2494 quidem
2946 2427 3191 2496 procedit
3233 2443 3264 2481 a
3296 2429 3537 2496 vivente,
3581 2438 3634 2486 et
3680 2430 3726 2484 in
3750 2443 3850 2484 veno

2319 2521 2455 2569 trem
2477 2514 2662 2571 incidit
2685 2519 2984 2574 viventem:
3013 2520 3101 2575 hic
3128 2529 3309 2578 autem
3333 2538 3439 2579 non
3467 2523 3522 2578 iu
3541 2537 3756 2589 carnem,
3780 2522 3850 2576 sed

2319 2607 2374 2663 in
2404 2615 2602 2664 terram
2627 2613 2887 2667 sementis
2913 2612 3180 2682 dejicitur,
3225 2623 3282 2670 et
3330 2616 3385 2672 in
3428 2631 3548 2672 eam
3573 2615 3850 2678 dissolvitur,

2319 2697 2461 2755 sicut
2487 2715 2682 2772 corpus
2711 2713 3005 2759 mortuum.
3046 2705 3414 2772 Quamobrem
3454 2707 3551 2763 hac
3577 2722 3764 2778 quoque
3787 2722 3850 2761 ra-

2321 2793 2468 2849 tione
2492 2802 2610 2849 erat
2631 2797 2937 2867 exemplum
2973 2799 3406 2856 convenientius.
3435 2801 3522 2856 37.
3553 2800 3616 2855 Et
3637 2801 3713 2870 qui
3732 2799 3849 2853 semi-

2323 2895 2432 2953 nat,
2461 2903 2564 2941 non
2599 2903 2786 2958 corpus
2823 2887 2961 2960 quod
2987 2892 3217 2960 futurum
3245 2901 3324 2945 est
3366 2893 3591 2947 seminat.
3621 2891 3738 2946 Nam
3761 2902 3850 2959 quae

2326 2977 2474 3047 prius
2504 2977 2724 3048 quidem
2750 2979 2893 3034 dicta
2923 2988 3068 3048 sunt,
3099 2990 3350 3052 spectant
3372 2982 3438 3037 ad
3465 2982 3728 3038 dicendum
3747 2993 3850 3049 quo-

2325 3069 2487 3125 modo
2538 3079 2861 3141 resurgant;
2909 3071 3013 3128 hoc
3051 3081 3231 3128 autem
3271 3074 3346 3130 ad
3386 3073 3714 3130 dubitandum
3757 3084 3847 3124 cum

2325 3162 2467 3231 quali
2493 3177 2720 3234 corpore
2742 3165 2982 3221 veniant.
3011 3165 3151 3233 Quid
3194 3175 3279 3222 est
3328 3177 3526 3233 autem,
3557 3166 3670 3221 Non
3706 3177 3847 3232 corpus

2325 3253 2460 3320 quod
2479 3254 2708 3321 futurum
2733 3264 2806 3310 est
2824 3257 3079 3312 seminus?
3106 3257 3222 3313 Non
3247 3259 3458 3330 spicam
3486 3260 3744 3330 integram,
3771 3265 3848 3306 non

2328 3343 2654 3402 frumentum
2683 3362 2896 3404 recens.
2924 3347 3024 3404 Hic
3061 3350 3205 3405 enim
3236 3366 3350 3406 non
3375 3351 3599 3421 amplius
3632 3347 3693 3403 ad
3715 3357 3852 3400 resur-

2329 3436 2628 3492 rectionem
2653 3448 2862 3508 spectat
2888 3440 3081 3508 oratio,
3105 3441 3202 3498 sed
3229 3441 3297 3498 ad
3325 3443 3535 3498 modum
3562 3435 3853 3496 resurrectio-

2330 3529 2435 3595 nis,
2461 3529 2762 3600 cujusmodi
2804 3541 2889 3587 est
2915 3546 3112 3602 corpus
3139 3533 3284 3604 quod
3325 3542 3410 3591 est
3447 3536 3848 3589 resurrecturum:

2331 3636 2526 3693 nempe
2563 3637 2634 3677 an
2661 3623 2789 3692 tale,
2827 3638 2897 3679 an
2925 3624 3120 3680 melius
3167 3633 3221 3680 et
3249 3625 3487 3692 clarius;
3533 3621 3669 3677 etab
3701 3616 3850 3674 eodem

2331 3714 2579 3784 exemplo
2610 3715 2775 3770 sumit
2802 3723 3110 3785 utrumque,
3139 3717 3434 3773 ostendens
3461 3713 3597 3787 quod
3633 3711 3681 3767 id
3704 3709 3762 3764 sit
3782 3719 3852 3761 re-

2331 3816 2696 3861 surrecturum
2723 3806 2892 3862 multo
2917 3807 3128 3862 melius.

2401 3900 2460 3953 2.
2491 3898 2682 3952 Contra
2709 3899 2969 3953 hiereticos
2990 3901 3078 3970 qui
3104 3900 3340 3956 dicebant
3372 3900 3514 3955 aliud
3537 3909 3702 3964 corpus
3722 3901 3853 3945 resur-

2333 4006 2471 4062 gere.
2495 4021 2568 4033 -——
2592 3991 2700 4047 Sed
2727 3991 2965 4047 haeretici
2985 3991 3120 4046 nihil
3146 3992 3340 4047 horum
3367 3991 3702 4060 iutelligentes
3724 3977 3852 4037 insul-

2335 4091 2482 4148 tant,
2530 4091 2586 4137 et
2627 4083 2812 4138 dicunt
2849 4097 2866 4135 :
2903 4084 3148 4138 Alterum
3175 4099 3373 4155 corpus
3398 4083 3570 4147 cadit,
3596 4087 3646 4133 et
3669 4075 3849 4130 alterum

2336 4173 2590 4244 resurgit.
2621 4173 2906 4242 Quomodo
2931 4189 3060 4245 ergo
3087 4176 3451 4231 resurrectio?
3471 4173 3581 4243 ejus
3602 4167 3726 4224 enim
3743 4155 3850 4230 «ιυοά

2338 4266 2532 4322 cecidit
2559 4274 2668 4331 ,est
2704 4267 3050 4322 resurrectio.
3097 4265 3198 4322 Ubi
3245 4277 3330 4324 est
3371 4274 3542 4321 autem
3582 4248 3851 4314 admirabilis

2338 4359 2431 4416 illa
2451 4368 2506 4416 ει
2529 4375 2648 4429 qua:
2677 4359 2990 4428 opinionem
3015 4368 3234 4430 superat
3279 4359 3535 4415 adversus
3572 4358 3766 4408 mortem
3796 4341 3853 4392 vi-

2341 4453 2508 4508 ctoria
2535 4491 2552 4519 ,
2581 4453 2625 4506 si
2659 4451 2802 4508 aliud
2831 4451 2976 4506 cadit
3015 4461 3070 4509 et
3110 4452 3254 4507 aliud
3285 4447 3547 4520 resurgit?
3571 4453 3722 4510 neque
3745 4431 3851 4489 enim

2341 4543 2433 4600 illa
2454 4545 2634 4615 utique
2653 4552 2905 4600 cernetur
2923 4543 3222 4600 reddidisse
3241 4543 3502 4614 captivum
3525 4533 3653 4608 quod
3676 4522 3849 4590 accep"-

2343 4635 2622 4703 Quomodo
2647 4645 2828 4692 autem
2857 4637 2924 4693 iis
2945 4652 3066 4706 qua:
3089 4635 3230 4692 dicta
3257 4642 3382 4691 sunt
3405 4623 3848 4688 conveneritexem-

2349 4737 2537 4809 plum?
2565 4752 2671 4792 non
2695 4735 2840 4792 enim
2861 4736 2962 4792 alia
2983 4735 3201 4806 quidem
3231 4733 3521 4791 seminatur
3536 4708 3850 4809 essential-alia

2347 4839 2524 4885 autem
2555 4830 2806 4899 resurgit,
2838 4827 2934 4884 sed
2975 4801 3161 4883 eadem
3189 4827 3391 4883 melior.
3435 4819 3536 4877 Sed
3562 4823 3714 4882 neque
3734 4801 3850 4856 Clll‘i'

2347 4930 2463 4976 stus
2491 4919 2633 4976 idem
2663 4935 2856 4990 corpus
2885 4919 3199 4987 susceperit,
3226 4918 3316 4988 qui
3344 4915 3438 4970 fuit
3472 4903 3850 4990 primitiaeteﬂll'

2345 5014 2587 5084 gentium
2613 5029 2628 5079 ;
2657 4988 2789 5079 sed,
2817 5012 3108 5068 secundum
3135 5027 3231 5068 vos
3254 5053 3270 5079 ,
3301 5007 3429 5065 illud
3453 5000 3647 5074 quidem
3671 4988 3847 5084 abigat:

2350 5107 2561 5161 etiamsi
2591 5106 2724 5160 nihil
2751 5114 3067 5175 peccasset,
3100 5067 3307 5175 accepit
3350 5107 3519 5155 autem
3554 5084 3700 5175 aliud.

2352 5212 2480 5267 ergo
2505 5197 2686 5252 aliud?
2714 5212 2837 5251 nam
2868 5196 2968 5250 hoc
2992 5195 3205 5266 quidem
3230 5167 3300 5249 ex
3338 5188 3552 5258 virgine,
3583 5171 3694 5267 illud
3715 5167 3846 5267 autalt:

2353 5287 2529 5344 unde?
2561 5287 2743 5342 Viden’
2767 5287 2832 5341 ad
2869 5250 3118 5355 (maniam
3149 5282 3519 5340 absurditalem
3553 5261 3762 5355 devoluti
3791 5250 3850 5355 ei“

2355 5379 2567 5435 oratio?
2595 5379 2704 5435 Cur
2727 5379 2872 5433 enim
2913 5377 3148 5432 ostendit
3176 5378 3368 5448 ﬁguras
3391 5379 3443 5425 et
3481 5355 3678 5427 vestigia

2357 5471 2516 5526 rum?
2545 5485 2722 5525 annon
2764 5470 2866 5524 hoc
2887 5470 3071 5524 volens
3097 5467 3379 5523 ostendere
3400 5501 3415 5524 ν
3446 5451 3564 5512 “Md
3592 5449 3736 5536 ipsi"?

2361 5564 2503 5634 quod
2531 5565 2673 5619 cruci
2701 5563 2800 5618 fuit
2823 5563 3069 5627 affixam,
3097 5570 3156 5618 et
3179 5563 3350 5633 ipsum
3375 5531 3729 5610 resurrexisse?

2362 5660 2460 5713 sibi
2490 5659 2603 5712 vult
2623 5673 2836 5727 quoque
2863 5657 3029 5726 ﬁgura
3053 5614 3239 5711 Jonmr?
3266 5666 3368 5708 non
3393 5644 3524 5702 enim
3545 5634 3663 5690 alius

2365 5751 2463 5805 fuit
2494 5751 2778 5818 absorptus
2799 5791 2815 5817 ,
2843 5750 2981 5804 alius
3015 5758 3195 5804 autem
3225 5749 3274 5802 in
3306 5748 3487 5797 terram
3508 5729 3686 5818 ejectus

2363 5841 2499 5909 Quid
2530 5790 2689 5898 etiam
2716 5791 2962 5908 diccbat,
2991 5837 3184 5898 Soluite
3213 5831 3445 5905 templum
3473 5824 3574 5883 hoc,
3608 5821 3648 5867 et
3671 5808 3713 5861 in
3729 5790 3851 5854 tribus
