3998 6420
250 462 359 522 555

1296 437 1366 494 IN
1406 431 1630 493 EPIST.
1671 429 1692 487 Ι
1754 426 1847 486 AD
1887 421 2046 480 COR.
2093 417 2333 474 IIOMIL.
2373 414 2517 471 XLI.

3397 405 3511 466 556

256 542 3500 614 _____________________________.__.___________

1696 645 1946 702 ΟΜΙΔΙΑ
1986 639 2123 693 MA'.

269 767 430 824 Ἀλλ’
456 765 584 836 ἐρεῖ
595 782 706 831 τις,
740 760 870 826 Πῶς
903 755 1228 836 ἐγείρονται
1255 741 1740 836 οἰινεκροί-ςιπρξῳ

325 809 954 909 δῖῦμλτδτῖιῒέρχάῆτᾶι
980 809 1228 909 ’Ᾰερρῳα
1258 819 1340 875 σὺ
1374 818 1404 872 ὃ
1433 809 1720 884 σπείρεις,
1765 809 1838 861 οὐ

339 893 719 974 ζωοποιεῖτὶύξ
740 903 848 956 ἐὰν
867 897 954 969 μὴ
983 893 1280 960 ἀποθάνῃ.

209 973 263 1080 ιῖί
333 973 407 1068 α’.
437 1011 683 1080 Ἥμερος
713 1001 791 1056 ὢν
816 998 1020 1069 σφόδρα
1050 995 1148 1049 καὶ
1180 986 1436 1050 ταπεινὸς
1463 988 1491 1039 0
1516 977 1841 1080 Ἀπόστολος

244 1069 562 1171 Ῐπανταχοῦ,
579 1069 811 1150 ἐνταῦθα
830 1087 923 1142 καὶ
943 1080 1379 1157 πληκτικώτερον
1395 1075 1473 1146 τῷ
1486 1074 1631 1142 λόγῳ
1641 1069 1844 1171 ’κέχρη-

245 1147 599 1260 {1:1-
622 1147 853 1239 ἀτοπίαν
901 1176 1010 1231 τῶν
1037 1147 1451 1241 ἀντιλεγόντων.
1485 1165 1560 1218 Οὐ
1595 1163 1702 1233 μὴν
1735 1162 1842 1230 ἀρ-

301 1288 445 1339 εἷται
471 1254 668 1347 τούτῳ,
693 1271 826 1328 ἀλλά
868 1268 965 1324 καὶ
989 1265 1284 1335 λογισμοὺς
1311 1260 1406 1314 καὶ
1424 1254 1845 1347 παραδείγματα

263 1377 472 1446 τίθησι,
505 1370 600 1425 καὶ
620 1343 734 1419 *τὸν
760 1362 968 1434 σφόδρα
1009 1357 1312 1430 φιλόνεικον
1343 1350 1523 1446 ταύτῃ
1549 1343 1847 1446 χειρούμεο

265 1432 392 1528 νος..
413 1432 523 1514 Kal
544 1432 816 1524 ἀνωτέρω
837 1450 935 1522 μέν
964 1460 1150 1518 φησιν’
1168 1439 1408 1507 Ἐπειδὴ
1431 1438 1503 1492 δι’
1529 1432 1846 1528 ἀνθρώπου

265 1559 303 1611 δ
319 1521 600 1614 δάνατος,
627 1521 820 1599 καί-δι’
835 1521 1152 1607 ἀνθρώπου
1176 1534 1216 1601 ἠ
1239 1531 1595 1594 ἀνάστασιςο
1613 1521 1848 1580 ἐνταῦθα

268 1647 328 1700 δὲ
357 1642 631 1698 ἀντίθεσιν
659 1637 779 1690 λύει
807 1635 939 1704 παρ’
989 1628 1260 1699 Ἐλλήνων
1286 1621 1675 1692 εἰσαγομένην.
1737 1614 1850 1668 Kal

271 1738 375 1810 ὅρα
399 1732 519 1796 πῶς
538 1729 701 1785 πάλιν
730 1723 1100 1792 ὑποτέμνεται
1118 1717 1180 1770 τὸ
1211 1713 1438 1785 σφοδρὸν
1457 1713 1557 1781 τῆς
1572 1706 1848 1775 διαϐολῆς.

274 1801 351 1882 ὀύ
383 1828 495 1897 γὰρ
546 1817 721 1886 εἶπεν,
785 1815 923 1870 Ἀλλ’
957 1812 1087 1874 ἴσως
1135 1809 1331 1879 ἐρεῖτε,
1401 1803 1514 1857 ἀλλ’
1549 1801 1852 1868 ἀδιόριστον

271 1893 491 1972 τέθεικε
531 1914 624 1966 τὸν
652 1907 1018 1977 ἀντιλέγοντα,
1079 1901 1166 1954 ἵνα
1220 1897 1362 1968 μετά
1396 1893 1582 1956 ἀδείας
1611 1905 1853 1956 καταφο-

274 2008 419 2082 ρικῷ
439 2005 726 2078 χρώμενος
765 1998 844 2070 τῷ
889 1997 1056 2064 λόγῳ,
1105 1990 1186 2060 μὴ
1241 1987 1451 2082 σφόδρα.
1504 1983 1712 2082 πλήξῃ.
1727 1981 1854 2082 τοὺς

279 2073 599 2161 ἀκούονταςο
633 2095 726 2149 καὶ
748 2092 931 2162 τίθησι
956 2088 1050 2142 δύο
1080 2083 1180 2145 τὰς
1209 2079 1604 2151 ὲπαπορήσεις,
1622 2073 1715 2128 τοῦ
1733 2073 1858 2143 τρό-

280 2211 386 2250 που
442 2191 543 2260 τῆς
573 2186 955 2248 ἀναστάσεως,
985 2179 1082 2234 καὶ
1109 2180 1212 2249 τῆς
1238 2175 1521 2242 ποιότητος
1546 2168 1656 2221 τῶν
1679 2166 1860 2236 σωμά-

279 2300 414 2338 των.
470 2258 584 2334 Kal
633 2277 743 2347 γὰρ
787 2272 919 2345 ἐἰερί⁸
954 2269 1284 2341 ἀμφοτέρων
1311 2263 1553 2335 ἠπόρουν
1587 2258 1856 2347 λέγοντες·

279 2373 409 2437 Πῶς
443 2345 725 2440 ἐγείρεται
753 2366 814 2419 τὸ
845 2361 1127 2427 διαλυθέν;
1157 2359 1276 2422 καὶ,
1309 2350 1736 2440 Ποίῳήσώματι
1764 2345 1860 2440 ἕρξ-

281 2433 496 2534 χωὶταὶ
518 2475 537 2524 ;
565 2433 641 2511 *Τί
658 2456 716 2510 δέ
747 2457 884 2518 ἐστι,
911 2452 1070 2518 Ποίφ
1104 2448 1371 2518 σώματι;
1432 2439 1556 2496 Οἷον
1583 2439 1760 2508 τούτῳ
1785 2433 1864 2506 τῷ

286 2528 570 2626 ἓρθαρέντι,
601 2547 680 2620 τῷ
709 2543 1032 2608 ἀπολωλότι,
1062 2541 1097 2613 ἢ
1127 2539 1299 2610 ἑτέρῳ
1318 2535 1464 2603 τινί;
1492 2531 1624 2587 Εἶτα
1651 2528 1866 2592 δεικνὺς

284 2621 372 2702 δτι
391 2621 453 2699 οὐ
486 2641 558 2696 τὰ
586 2635 1035 2711 ἀμφιϐαλλόμενα
1081 2629 1358 2702 ζητοῦσιν,
1403 2624 1543 2681 ἀλλά
1567 2623 1636 2678 τά
1661 2621 1868 2691 ὡμολο-

287 2735 544 2806 γημένα,
622 2728 826 2791 εὐθέως
877 2723 1324 2795 πληκτικώτερον
1384 2717 1603 2787 ἀπαντᾷ
1669 2714 1865 2782 λέγων’

295 2801 551 2894 ng)“,
614 2818 697 2872 σὺ
745 2815 778 2871 ὃ
833 2814 1104 2883 σπείρεις
1150 2813 1223 2865 οὐ
1245 2807 1622 2871 ζωοποιεῖται,
1657 2803 1766 2857 ἐὰν
1781 2801 1870 2870 μὴ

286 2891 588 2978 ἀποθάνῃ.
619 2907 795 2978 Ὅπερ
824 2905 916 2959 καὶ
937 2905 1101 2975 ἡμεῖς
1133 2899 1406 2970 εἰώθαμεν
1447 2897 1623 2950 ποιεῖν
1647 2891 1872 2947 ἐπὶτῶν

292 3007 408 3067 τοῖς
436 2998 877 3072 ὡμολογημένοις
908 2993 1316 3062 ἀντιλεγόντων.
1357 2989 1468 3043 Kal
1495 2986 1641 3049 τίνος
1686 2984 1874 3038 ἕνεκεν

294 3095 398 3149 οὑκ
430 3092 634 3155 εὐθέως
688 3089 780 3143 ἐπὶ
811 3087 911 3158 τὴν
949 3085 1180 3154 δύναμιν
1215 3079 1310 3136 τοῦ
1343 3077 1479 3132 Θεοῦ
1517 3076 1828 3145 κατέφυγεν
1856 3091 1873 3141 ;

298 3188 424 3240 Ὅτι
455 3183 704 3246 ἀπίστοις
734 3178 1061 3246 διαλέγεται.
1100 3176 1268 3228 Ὅταν
1299 3171 1401 3243 μὲν
1449 3168 1559 3240 γὰρ
1592 3167 1727 3238 πρὸς
1783 3183 1876 3218 πι-

298 3276 462 3339 στοὺς
493 3272 644 3344 αὑτῷ
673 3273 702 3326 0
724 3271 884 3339 λόγος
908 3265 967 3342 ᾗ,
1013 3267 1075 3320 οὐ
1100 3265 1306 3336 σφόδρα
1355 3262 1529 3315 δεῖται
1575 3256 1876 3328 λογισμῶν.

294 3368 503 3437 Διόπερ
562 3361 733 3418 εἰπὼν
791 3357 1052 3430 ἀλλαχοῦ,
1108 3358 1189 3411 ὅτι
1242 3351 1769 3422 Μετασχηματίσει
1813 3349 1881 3402 τὸ

299 3458 476 3529 σῶμα
493 3454 602 3525 τῆς
623 3452 1035 3516 ταπεινώσεως
1055 3447 1223 3517 ὑμῶν
1242 3448 1329 3513 εἰς
1350 3444 1417 3499 τὸ
1437 3442 1716 3515 γενέσθαι
1731 3440 1884 3508 σύμ-

295 3567 535 3624 μορφον
553 3550 636 3614 τῷ
658 3547 892 3616 σώματι
913 3542 1025 3612 τῆς
1048 3540 1237 3609 δόξης
1260 3537 1469 3599 αὑτοῦ,
1513 3536 1609 3590 καὶ
1643 3532 1805 3586 πλέον
1830 3549 1884 3584 τι

303 3649 404 3715 τῆς
427 3640 778 3702 ἀναστάσεως
809 3634 1205 3704 ἐνδειξάμενος.
1240 3631 1322 3684 06‘
1354 3628 1568 3683 τέθεικε
1622 3624 1885 3697 παραδεί-

305 3713 516 3804 γματα,
547 3727 663 3784 ἀλλ’
686 3726 809 3781 ἀντὶ
857 3723 1038 3794 πάσης
1076 3718 1408 3784 ἀποδείξεως
1461 3715 1556 3770 τοῦ
1611 3715 1747 3768 Θεοῦ
1787 3713 1886 3782 τὴν

303 3822 540 3894 δύναμιν
564 3821 645 3883 εἰς
694 3815 858 3888 μέσον
884 3815 1061 3886 ἦγαγε
1088 3809 1350 3882 προσθεὶς
1377 3809 1474 3861 καὶ
1504 3804 1698 3870 εἰπὼν,
1728 3804 1889 3858 Κατὰ

307 3912 428 3981 τὴν
444 3911 757 3980 ἐνέργειαν
780 3907 887 3960 τοῦ
913 3905 1212 3958 δύνασθαι
1245 3897 1434 3954 αὑτὸν
1461 3895 1561 3950 καὶ
1589 3893 1890 3958 ὑποτάξαι

311 4002 476 4069 αὐτῷ
507 4004 579 4056 τὰ
600 3999 817 4053 πάντα.
864 3993 1131 4051 Ἐνταῦθα
1175 3992 1233 4045 δὲ
1267 3991 1361 4044 καὶ
1379 3987 1672 4058 λογισμοὺς
1729 3987 1888 4040 κινεῖ.

328 4095 552 4166 Ἐπειδὴ
578 4093 692 4165 γὰρ
733 4091 844 4146 ἀπὸ
889 4089 998 4142 τῶν
1051 4084 1289 4158 Γραφῶν
1326 4083 1459 4137 αὐτὸ
1496 4078 1892 4141 κατεσκεύασε,

314 4189 414 4244 καὶ
436 4186 610 4242 ταῦτα
647 4180 1006 4253 προστίθησιν
1058 4181 1126 4234 ὲκ
1170 4173 1496 4247 περιουσίας
1525 4169 1716 4223 λοιπὸν
1754 4167 1894 4239 πρὸς

316 4276 530 4341 τοὺςκού
551 4271 905 4342 πειθομένους
941 4265 1092 4340 [587]
1129 4267 1251 4328 ταῖς
1281 4264 1549 4334 Γραφαῖς,
1582 4258 1674 4312 καί
1707 4272 1890 4328 φησιν’

323 4370 573 4438 Ἃφρον,
604 4362 686 4420 σὺ
725 4361 757 4415 ὃ
803 4360 1090 4427 σπείρεις.
1141 4353 1423 4418 Τουτέστι,
1480 4351 1638 4420 Παρά
1692 4346 1894 4402 σαυτοῦ

321 4459 422 4530 τὴν
482 4455 758 4520 ἀπόδειξιν
805 4452 949 4522 ἔχεις
985 4449 1214 4512 τούτων,
1248 4447 1317 4500 δι’
1361 4439 1436 4498 ὧν
1465 4442 1726 4516 πράττεις
1775 4439 1894 4495 καθ’

323 4549 564 4618 ἑκάστην
613 4545 848 4617 ἡμέραν,
906 4541 1003 4595 καὶ
1035 4536 1398 4610 ἀμφιϐάλλεις
1434 4534 1550 4600 ἐτι;
1589 4534 1688 4587 Διά
1725 4531 1900 4586 ταῦτά

327 4660 391 4696 σε
415 4643 624 4712 ἄφρονα
665 4635 837 4702 καλῶ,
865 4635 946 4688 ὅτι
979 4633 1048 4686 τὰ
1077 4631 1199 4685 καθ’
1230 4629 1447 4700 ἡμέραν
1503 4627 1607 4680 ὑπὸ
1637 4625 1731 4678 σοῦ
1753 4625 1899 4694 γινό-

331 4749 470 4805 μενα
494 4731 728 4798 ἀγνοεῖς,
748 4727 841 4780 καὶ
865 4725 1025 4786 αὐτὸς
1062 4721 1398 4792 δημιουργὸς
1450 4717 1801 4780 ἀναστάσεως
1823 4714 1901 4770 ὢν

329 4824 459 4895 περί
470 4820 606 4876 Θεοῦ
636 4817 1015 4890 ἀμφιϐάλλεις.
1051 4813 1143 4866 Διὸ
1167 4813 1372 4884 σφόδρα
1395 4809 1741 4883 ἐμφαντικῶς
1765 4805 1907 4872 εἷπε,

332 4914 418 4969 Σὺ
447 4913 479 4966 ὃ
499 4912 791 4978 σπείρεις,
822 4909 886 4961 σὺ
925 4909 953 4959 0
984 4905 1176 4975 θνητὸς
1236 4904 1332 4956 καὶ
1358 4901 1752 4972 ἀπολλύμενος.
1797 4900 1912 4952 Kal

332 5007 436 5076 ὅρα
466 5003 581 5066 πῶς
611 5004 731 5064 ταῖς
761 4999 968 5065 λέξεσιν
1000 4996 1216 5058 οἰκείως
1245 4997 1311 5064 τῇ
1345 4993 1682 5065 ὑποκειμένῃ
1713 4991 1914 5062 κέχρη-

332 5113 426 5150 ται
447 5092 722 5148 ὑποθέσει.
744 5091 827 5142 Οὐ
855 5085 1216 5148 ζωοποιεῖται
1275 5085 1406 5154 γὰρ,
1435 5084 1622 5153 φησιν,
1673 5083 1783 5135 ἐὰν
1823 5081 1912 5150 μὴ

335 5185 633 5252 ἀποθάνῃ.
669 5183 783 5245 Τὰς
837 5180 945 5251 γάρ
973 5178 1179 5242 οἰκείας
1212 5174 1390 5242 λέξεις
1420 5175 1530 5228 τῶν
1584 5174 1916 5244 σπερμάτων

339 5280 522 5349 ἀφεὶς,
549 5273 660 5330 οἷον
693 5273 754 5326 τὸ
794 5270 1104 5343 βλαστάνει,
1144 5270 1240 5322 καὶ
1273 5268 1492 5337 φύεται,
1525 5267 1620 5319 καὶ
1657 5267 1916 5336 σήπεται,

343 5374 438 5426 καὶ
461 5369 757 5430 διαλύεται,
784 5365 884 5428 τὰς
915 5363 1280 5433 καταλλήλους
1312 5361 1522 5432 ἥρμοσε
1581 5363 1644 5428 τῇ
1667 5359 1831 5428 σαρκὶ,
1851 5360 1917 5427 τῇ

345 5465 613 5538 ἡμετέρᾳ,
649 5461 710 5514 τὸ
739 5455 1114 5512 Ζωοποιεῐται
1177 5456 1269 5508 καὶ
1307 5451 1626 5520 Ἀποθάνῃ,
1662 5451 1799 5520 ὅπερ
1859 5450 1920 5501 οὑ

346 5557 678 5629 σπερμάτων
707 5550 909 5622 κυρίως
934 5547 1102 5609 ἐστὶν,
1132 5545 1269 5598 ἀλλά
1315 5543 1605 5613 σωμάτων.
1661 5541 1772 5592 Kal
1824 5539 1924 5592 οὐκ

349 5645 525 5713 εἶπεν,
541 5648 622 5698 ὅτι
651 5642 808 5698 Μετά
824 5641 883 5694 τὺ
899 5638 1192 5692 ἀποθανεῖν
1214 5636 1306 5706 ζῇ,
1328 5634 1464 5699 ἀλλ’,
1494 5633 1522 5685 ὃ
1547 5633 1730 5703 μεῖζόν
1756 5633 1925 5697 ἐστιν,

349 5741 432 5794 ὅτι
458 5738 557 5791 Διά
587 5736 746 5789 τοῦτο
797 5732 862 5804 ζῇ
892 5772 907 5797 ,
965 5729 1154 5799 ἐπειδὴ
1209 5726 1567 5796 ἀποθνήσκει.
1606 5725 1768 5795 Ὁρᾷς
1821 5724 1927 5789 ὅτι,

350 5832 489 5899 ὅπερ
528 5825 616 5880 ἀεὶ
645 5824 806 5894 λέγω,
851 5823 930 5884 εἰς
963 5817 1274 5875 τούναντίον
1321 5816 1409 5871 ἀεὶ⁵
1440 5816 1761 5889 περιτρέπει
1786 5825 1812 5855 α
1837 5814 1929 5868 τὸν

417 5936 446 5967 ⁸
472 5930 733 5996 Lrgebatur
749 5927 1018 5991 προτρέπει.

1937 730 2119 797 λόγον.
2154 725 2224 781 Ὀ
2257 724 2368 796 γὰρ
2427 719 2706 776 ἐποιοῦντο
2739 719 2936 772 ἐκεῖνοι
2971 716 3276 788 τεκμήριον
3306 714 3402 771 τοῦ
3443 716 3520 786 μὴ

1937 818 2280 880 ἀνίστασθαι,
2313 814 2469 868 τοῦτο
2493 811 2587 866 τοῦ
2619 810 2940 865 ἀνίστασθαι
2958 811 3193 862 ποιεῖται
3220 807 3518 870 ἀπόδειξιν·

1939 913 2036 967 καὶ
2061 910 2170 982 γὰρ
2201 909 2387 976 έλεγον
2415 906 2515 960 οὐκ
2553 903 2892 967 ἀνίστασθαι,
2925 899 3114 969 ἐπειδὴ
3146 897 3409 951 ἀπέθανε.
3458 895 3525 948 Τί

1939 998 2032 1058 οὖν
2066 1002 2229 1066 αὐτὸς
2259 997 2622 1070 ἀντιστρέψας
2678 993 2848 1066 φησί;
2891 991 3004 1046 Kal
3049 990 3154 1060 μὴν
3183 990 3232 1041 εἰ
3272 986 3347 1058 μὴ
3414 988 3526 1040 ἀπ-

1943 1093 2155 1158 έθανεν,
2207 1091 2309 1144 οὐκ
2353 1088 2419 1144 ἂν
2450 1089 2690 1157 ἀνέστη·
2741 1083 2837 1137 καὶ
2893 1081 2982 1135 διὰ
3013 1078 3172 1134 τοῦτο
3220 1077 3527 1137 ἀνίσταται,

1943 1185 2132 1256 ἐπειδὴ
2161 1181 2420 1237 ἀπέθανε.
2457 1175 2846 1248 Καθάπεργάρ
2865 1176 2894 1227 ὁ
2925 1171 3158 1243 Χριστὸς
3189 1169 3529 1238 σαφέστερον

1945 1276 2076 1329 αὐτὸ
2117 1275 2272 1328 τοῦτο
2305 1271 2638 1326 ἐνδείκνυται
2667 1268 2862 1338 λέγων·
2909 1265 2974 1317 '0
3032 1263 3254 1326 κόκκος
3284 1259 3392 1314 τοῦ
3433 1258 3532 1311 σί-

1956 1384 2087 1434 του,
2121 1365 2229 1419 ἐὰν
2253 1363 2458 1418 πεσὼν
2486 1364 2573 1427 εἰς
2597 1359 2712 1425 τὴν
2733 1357 2852 1429 γῆν
2889 1354 2975 1426 μὴ
3025 1350 3319 1420 ἀποθάνῃ,
3349 1349 3533 1415 αὐτὸς

1949 1457 2134 1524 μόνος
2156 1453 2344 1522 μένει·
2380 1450 2490 1504 ἐὰν
2535 1449 2603 1502 δὲ
2622 1443 3134 1513 dicaam-11,310.le
3176 1439 3410 1509 καρπόν
3429 1437 3534 1506 φέ-

1952 1559 2076 1614 ρει*
2130 1544 2340 1598 ἐκεῖθεν
2391 1542 2538 1596 καὶὸ
2579 1537 2790 1601 Παῦλος
2845 1536 2910 1589 τδ
2964 1534 3318 1606 παράδειγμα
3372 1529 3535 1583 τοῦτο

1950 1637 2202 1702 ἑλκύσας,
2232 1636 2332 1690 οὑκ
2356 1631 2531 1699 εἶπεν,
2561 1632 2643 1685 ὅτι
2668 1631 2742 1683 υύ
2766 1628 2854 1700 ζῇ,
2887 1627 3025 1690 ἀλλ’,
3044 1628 3126 1679 Οὐ
3152 1622 3533 1686 ζωοποιεῖται,

1951 1728 2116 1783 πάλιν
2150 1726 2244 1780 τοῦ
2299 1724 2434 1778 Θεοῦ
2475 1723 2574 1794 τὴν
2632 1720 2861 1790 δύναμιν
2910 1715 3381 1789 παραλαμϐάνων,
3439 1712 3536 1766 καὶ

1950 1821 2162 1881 δεικνὺς
2191 1819 2272 1871 ὅτι
2306 1817 2405 1885 οὑχ
2425 1817 2458 1885 ὴ
2482 1815 2576 1884 τῆς
2599 1813 2701 1883 γῆς
2730 1810 2914 1880 φύσις,
2969 1807 3085 1860 ἀλλ’
3119 1805 3282 1869 αὐτὸ,
3314 1805 3374 1858 τὸ
3431 1805 3540 1857 πᾶν

1953 1907 2270 1979 ἐργάζεται.
2314 1903 2426 1958 Kal
2455 1901 2508 1953 τί
2538 1900 2738 1970 δήποτε
2788 1900 2886 1968 οὑχ
2913 1899 3049 1966 ὅπερ
3089 1894 3415 1964 οἰκειότερον
3450 1889 3540 1964 ἦν.

1960 1998 2120 2052 τοῦτο
2170 1997 2379 2066 ἢγαγεν
2409 1993 2488 2056 εἰς
2515 1991 2700 2061 μέσον,
2731 1989 2792 2042 τὸ
2821 1990 3041 2058 σπέρμα
3065 1985 3209 2053 λέγω
3241 1984 3302 2037 τὺ
3329 1983 3544 2054 ἀνθρώ-

1963 2105 2152 2153 πινον;
2181 2087 2291 2140 Kal
2319 2086 2425 2155 γάρ
2452 2085 2548 2137 καὶ
2569 2084 2601 2153 ἡ
2621 2081 2868 2152 ἡμετέρα
2899 2081 3154 2148 γέννησις
3191 2078 3299 2131 ἀπὸ
3339 2076 3544 2146 φθορᾶς

1965 2182 2211 2252 ἄρχεται,
2231 2176 2421 2246 ὥσπερ
2458 2177 2491 2244 ἡ
2524 2173 2616 2226 τοῦ
2645 2173 2814 2227 σίτου.
2852 2173 2973 2223 Ὅτι
3007 2170 3106 2221 οὐκ
3136 2164 3209 2239 ἦν
3242 2168 3376 2231 ἴσον,
3407 2167 3546 2220 ἀλλά

1964 2271 2124 2325 τοῦτο
2147 2269 2331 2322 πλέον,
2374 2264 2702 2336 Ὀλόκληρον
2756 2263 2865 2334 γάρ
2896 2281 2946 2316 τι
2977 2260 3132 2332 ζητεῖ
3164 2260 3545 2330 φθειρόμενον,

1967 2361 2145 2413 έκεῖνο
2176 2358 2233 2410 δὲ
2259 2356 2424 2428 μέρος
2445 2351 2536 2427 ἦν’
2554 2354 2743 2424 διόπερ
2761 2353 2921 2406 τοῦτο
2942 2353 3022 2415 εἰς
3051 2351 3214 2421 μέσον
3243 2350 3388 2418 ἄγει.
3423 2350 3550 2402 Ἀλ-

1969 2451 2077 2514 λως
2103 2451 2182 2513 δὲ,
2223 2451 2402 2502 ἐκεῖνο
2435 2447 2536 2517 μὲν
2565 2449 2657 2499 καὶ
2686 2446 2792 2498 ἀπὸ
2820 2444 3021 2508 ζῶντος
3047 2443 3283 2514 πρόεισι,
3337 2443 3432 2496 καὶ
3468 2445 3550 2504 εἰς

1972 2541 2152 2606 ζῶσαν
2175 2539 2437 2610 ἐμπίπτει
2463 2537 2730 2606 γαστέρα’
2757 2535 2992 2590 ἐνταῦθα
3024 2535 3081 2588 δὲ
3115 2536 3214 2587 οὐκ
3241 2536 3321 2597 εἰς
3347 2533 3551 2602 σάρκα,

1973 2630 2090 2684 ἀλλ’
2122 2632 2202 2692 εἰς
2228 2628 2326 2699 τὴν
2355 2628 2458 2697 γῆν
2480 2630 2508 2680 0
2531 2627 2732 2697 σπόρος
2758 2625 3180 2690 καταϐάλλεται,
3221 2625 3317 2678 καὶ
3343 2625 3424 2686 εἰς
3449 2625 3552 2677 αὑ-

1974 2723 2075 2791 τὴν
2102 2720 2394 2782 διαλύεται,
2425 2718 2677 2789 καθάπερ
2730 2717 2792 2770 τὸ
2821 2717 2980 2788 σῶμα
3009 2717 3071 2770 τὸ
3119 2717 3401 2788 τεθνηκός.
3463 2716 3558 2768 Διὸ

1975 2813 2072 2866 κοιί⁹
2099 2811 2270 2883 ταύτῃ
2303 2809 2626 2880 οἰκειότερον
2657 2804 2726 2878 ἦν
2755 2807 2817 2860 τὸ
2841 2807 3166 2876 ὑπόδειγμα.
3200 2807 3354 2860 Καίό
3385 2805 3559 2859 σπεί-

1972 2921 2120 2974 ρων,
2147 2905 2220 2957 οὐ
2247 2902 2314 2956 τὸ
2333 2901 2506 2971 σῶμα
2537 2899 2604 2953 τὸ
2636 2899 3048 2969 γενησόμενον
3071 2898 3325 2966 σπείρει.
3349 2896 3434 2949 Τὰ
3459 2897 3558 2967 μὲν

1979 2997 2089 3066 γὰρ
2127 2993 2434 3065 ἔμπροσθεν
2461 2992 2748 3062 εἰρημένα,
2809 2991 2944 3061 πρὸς
2978 2989 3040 3041 10
3060 2988 3240 3058 λέγειν
3265 2989 3382 3051 πῶς
3413 2987 3561 3056 ἐγεί-

1987 3104 2190 3160 ρονται·
2218 3085 2378 3139 τοῦτο
2412 3085 2492 3148 δὲ,
2549 3083 2687 3154 πρὸς
2733 3083 2796 3136 τὸ
2850 3082 3131 3152 διαπορεῖν
3156 3080 3294 3151 ποίῳ
3347 3080 3562 3150 σώματι

1984 3178 2254 3252 ἔρχονται.
2287 3178 2352 3230 Τί
2381 3177 2438 3229 δέ
2471 3178 2640 3241 ἐστιν,
2687 3176 2770 3228 Οὐ
2817 3174 2886 3227 τὸ
2914 3172 3086 3241 σῶμα
3124 3173 3190 3225 τὸ
3241 3172 3567 3240 γενησόμε-

1986 3287 2101 3324 νον
2137 3269 2441 3336 σπείρεις;
2493 3267 2567 3320 Οὐ
2629 3265 2830 3335 στάχυν
2877 3264 3192 3333 ὁλόκληρον,
3247 3263 3367 3316 οὑδὲ
3419 3264 3568 3314 σῖτον

1988 3361 2129 3414 νέον.
2174 3359 2438 3412 Ἐνταῦθα
2461 3359 2570 3428 γὰρ
2599 3358 2783 3411 οὐκέτι
2814 3356 2948 3426 πρὸς
2971 3356 3072 3426 τὴν
3111 3356 3410 3408 ἀνάστασιν
3432 3355 3461 3406 ό
3484 3351 3572 3406 λό-

1987 3470 2104 3524 γος,
2133 3451 2270 3506 ἀλλά
2304 3451 2442 3522 πρὸς
2468 3451 2560 3503 τὸν
2591 3451 2791 3520 τρόπον
2816 3448 2916 3517 τῆς
2929 3447 3302 3512 ἀναστάσεως,
3319 3445 3568 3499 ποταπὸν

1989 3545 2051 3596 τὸ
2083 3543 2241 3613 σῶμα
2263 3542 2322 3595 τὸ
2356 3541 2546 3612 μέλλον
2572 3539 2914 3604 ἀνίστασθαι,
2981 3533 3092 3590 οἷον
3123 3541 3172 3590 εἰ
3222 3535 3483 3599 τοιοῦτον,
3535 3536 3572 3607 ἢ

1996 3636 2206 3707 βέλτιον
2260 3634 2353 3688 καὶ
2377 3633 2777 3704 λαμπρότερονο
2828 3630 2925 3684 καὶ
2982 3629 3272 3700 ἀμφότερα
3317 3628 3430 3681 ἀπὸ
3473 3627 3572 3680 τοῦ

1995 3724 2160 3780 αὑτοῦ
2219 3724 2616 3795 ὑποδείγματος
2658 3720 2946 3793 λαμϐάνει,
3002 3719 3218 3782 δεικνὺς
3259 3719 3344 3770 ὅτι
3390 3717 3575 3790 πολλῷ

1997 3816 2229 3888 βέλτιον.

2068 3906 2134 3976 β’.
2152 3905 2291 3959 Ἀλλ’
2317 3905 2366 3958 οἰ
2389 3903 2658 3975 αἰρετικοὶ
2681 3903 2846 3974 μηδὲν
2860 3900 3067 3954 τούτων
3083 3900 3356 3963 συνιέντες
3377 3901 3580 3968 ἐπιπη-

1994 3999 2147 4066 δῶσι,
2180 3999 2274 4052 καὶ
2300 3997 2574 4066 λέγουσιν,
2622 3995 2706 4048 ὃτι
2734 3995 2965 4064 Ἕτερον
3012 3992 3170 4063 σῶμα
3209 3991 3436 4057 πίπτει,
3481 3992 3577 4042 καὶ

1997 4092 2184 4162 ἕτερον
2211 4090 2370 4160 σῶμα
2399 4089 2704 4142 ἀνίσταται.
2750 4086 2875 4148 Πῶς
2928 4080 3024 4137 οὖν
3081 4085 3417 4148 ἀνάστασις;
3481 4080 3577 4134 τοῦ

1997 4183 2109 4252 γὰρ
2140 4179 2289 4253 [588]
2329 4180 2606 4240 ’πεσόντος
2666 4177 2814 4230 ἐστὶν
2837 4179 2872 4247 ἡ
2905 4176 3221 4238 ἀνάστασις.
3274 4174 3384 4228 Ποῦ
3415 4173 3472 4226 δὲ
3515 4174 3576 4225 τὸ

2001 4274 2311 4345 θαυμαστὸν
2332 4275 2428 4326 καὶ
2460 4255 2764 4344 παράδοξον
2798 4269 2941 4324 κατά
2965 4269 3059 4322 τοῦ
3086 4267 3318 4322 θανάτου
3345 4266 3577 4336 νικητή-

2005 4367 2200 4438 ριον,εἰ
2236 4365 2364 4419 ἄλλο
2389 4363 2600 4426 πίπτει,
2631 4363 2725 4416 καὶ
2755 4361 2884 4416 ἀλλο
2916 4361 3230 4423 ἀνίσταταις
3267 4357 3449 4410 οὐκέτι
3474 4355 3584 4425 γάρ

2006 4459 2305 4528 φανήσεται
2331 4457 2536 4516 ἐκεῖνος
2564 4452 2798 4514 ἀποδοὺς
2824 4453 2961 4522 ὅπερ
2987 4449 3180 4502 ἔλαϐεν
3208 4445 3580 4518 αἰχμάλωτον.

2005 4549 2132 4612 Πῶς
2161 4549 2217 4602 δὲ
2247 4549 2310 4600 τὸ
2335 4547 2636 4616 ὑπόδειγμα
2655 4544 2947 4614 ἀρμόσειεν
2979 4541 3046 4595 ἂν
3067 4542 3178 4603 τοῖς
3232 4536 3546 4610 εἰρημένοις
3570 4553 3584 4600 ;

2004 4643 2067 4695 οὐ
2096 4642 2206 4712 γὰρ
2231 4639 2368 4709 άλλη
2407 4638 2504 4709 μὲν
2526 4637 2684 4691 οὐσία
2716 4637 3020 4704 σπείρεται,
3043 4631 3178 4702 άλλη
3204 4629 3261 4684 δὲ
3283 4629 3588 4712 ἐγείρεται,

2005 4724 2120 4778 ἀλλ’
2161 4711 2363 4793 ήαύτὴ
2394 4721 2638 4791 βελτίων.
2702 4718 2896 4772 Ἔσται
2942 4717 3000 4769 δὲ
3029 4715 3150 4768 οὐδὲ
3190 4713 3218 4765 0
3244 4711 3479 4783 Χριστὸς
3531 4711 3594 4762 τὸ

2008 4807 2140 4861 αὑτὸ
2163 4805 2324 4876 σῶμα
2349 4801 2680 4874 ἀνειληφὼς,
2719 4799 2941 4872 ἀπαρχὴ
2961 4799 3070 4852 τῶν
3094 4795 3471 4864 ἀνισταμένων
3502 4810 3597 4860 γε.

2008 4899 2255 4964 νόμενος·
2285 4896 2421 4950 ἀλλά
2440 4895 2562 4948 καθ’
2595 4895 2740 4964 ὑμᾶς
2762 4895 2939 4945 ἐκεῖνο
2971 4891 3069 4960 μὲν
3093 4889 3308 4961 ἔρριψε,
3333 4887 3509 4941 καίτοι
3531 4901 3596 4952 γε

2010 4990 2164 5043 οὐδὲν
2201 4989 2551 5060 ήμαρτηκὸς,
2593 4987 2779 5056 ἕτερον
2815 4985 2872 5038 δὲ
2922 4983 3134 5036 ἐλαϐεν.
3191 4981 3362 5034 Πόθεν
3399 4981 3508 5049 ἀρα
3536 4979 3598 5032 τὸ

2013 5083 2198 5150 ἕτερον
2224 5099 2237 5147 ;
2269 5080 2428 5133 τοῦτο
2459 5078 2558 5148 μὲν
2591 5078 2699 5165 γὰρ
2725 5079 2790 5130 ὲκ
2814 5075 3297 5146 παρθένου,ὲκεῖνο
3314 5072 3373 5124 δὲ
3405 5071 3598 5134 πόθεν;

2025 5171 2190 5243 Ὁρᾷς
2220 5172 2300 5232 εἰς
2325 5171 2458 5240 ὅσην
2491 5161 2724 5224 ἀτοπίαν
2751 5170 2780 5221 0
2810 5167 2968 5235 λόγος
2997 5164 3316 5234 ἐξεκυλίσθη
3345 5180 3359 5228 ;
3413 5165 3513 5216 Διὰ
3547 5161 3600 5214 τί

2016 5263 2127 5334 γὰρ
2158 5263 2251 5315 καὶ
2278 5261 2408 5323 τοὺς
2437 5259 2639 5321 τύπους
2682 5259 2925 5312 δείκνυσι
2955 5258 3064 5309 τῶν
3095 5257 3276 5327 ἥλων;
3306 5253 3428 5323 οὐχὶ
3443 5252 3602 5305 τοῦτο

2019 5355 2296 5419 ἀποδεῖξαι
2324 5353 2492 5407 θέλων
2514 5394 2528 5418 ,
2558 5354 2639 5405 ὅτι
2666 5350 2797 5405 αὐτὸ
2827 5350 3002 5404 ἐκεῖνό
3030 5351 3146 5402 ἐστι
3199 5350 3260 5401 τὸ
3308 5345 3602 5400 ἀνασκολο-

2024 5449 2234 5516 πισθὲν,
2269 5447 2360 5499 καὶ
2391 5445 2522 5498 αὐτὸ
2573 5445 2737 5497 πάλιν
2793 5442 3027 5514 ἀνέστης
3086 5441 3151 5494 Τί
3182 5441 3238 5493 δὲ
3269 5439 3362 5492 καὶ
3387 5438 3606 5497 ότύπος

2027 5543 2274 5614 βούλεται
2307 5537 2454 5607 αὐτῷ
2483 5540 2511 5590 0
2533 5536 2627 5589 106
2672 5537 2826 5589 Ἰωνᾶ
2847 5553 2862 5602 ;
2886 5537 2945 5588 οὐ
2978 5536 3088 5606 γὰρ
3114 5534 3285 5604 δήπου
3318 5530 3478 5590 ἄλλος
3506 5526 3606 5598 μὲν

2027 5630 2324 5700 κατεπόθη,
2357 5628 2513 5691 ἄλλος
2550 5628 2607 5680 δὲ
2637 5629 2717 5691 εἰς
2749 5628 2850 5698 τὴν
2883 5628 2988 5697 γῆν
3013 5623 3272 5695 ἐξηνέχθη
3310 5621 3516 5681 Ἰωνᾶς.
3539 5618 3606 5670 Τί

2029 5728 2086 5781 δὲ
2107 5726 2200 5779 καὶ
2230 5722 2404 5789 ἔλεγε.
2441 5720 2680 5774 Λύσατε
2708 5721 2816 5774 τὸν
2832 5719 2983 5773 ναὸν
3008 5717 3244 5776 τοῦτον,
3275 5711 3372 5764 καὶ
3399 5712 3468 5763 ἐν
3491 5725 3611 5774 τρι-

2032 5819 2138 5890 σὶν
2159 5816 2406 5885 ἡμέραις
2435 5813 2614 5885 ἐγερῶ
2632 5812 2853 5875 αὑτόν;
2873 5810 2963 5863 τὸν
2991 5808 3098 5877 γὰρ
3126 5805 3386 5875 λυόμεινον
3416 5801 3608 5867 δηλον-

2035 5911 2117 5962 ότι
2149 5907 2337 5961 τοῦτον
2371 5909 2467 5962 καὶ
2500 5905 2714 5973 ἀνίστη.
2762 5902 2854 5954 Διὸ
2885 5901 2980 5954 καὶ
3019 5897 3358 5970 προσέθηκεν
3378 5893 3406 5945 ὁ
3442 5890 3608 5961 εὐαγ-
