3998 6454
480 418 588 477 357

478 536 759 609 γελιστὴς,
797 534 881 589 ὅτι
921 530 1178 596 Ἐκεῖνος
1198 528 1270 583 δὲ
1296 528 1471 599 ἔλεγε
1491 526 1626 598 περὶ
1642 527 1754 583 τοῦ
1778 526 1931 582 ναοῦ
1950 523 2058 579 τοῦ

478 628 759 699 σώματος
815 624 1028 680 αὑτοῦ.
1085 622 1152 674 Τί
1195 616 1290 675 οὖν
1329 638 1516 693 φησιν,
1573 622 1656 675 Οὐ
1691 620 1762 675 τὸ
1792 618 1965 688 σῶμα
1992 617 2060 673 τὸ

476 719 894 790 γενησόμενον
912 713 1213 782 σπείρεις;
1240 712 1558 779 Τουτέστιν,
1583 712 1646 765 οὐ
1673 710 1766 765 τὸν
1794 710 2056 781 ἀσταχυν·

478 811 576 865 καὶ
604 810 714 879 1&9
747 808 911 871 αὐτός
930 807 1070 871 ἐστι,
1097 804 1194 859 καὶ
1222 805 1325 859 οὐκ
1377 803 1561 867 αὐτός·
1586 801 1750 865 αὐτὸς
1799 802 1921 872 μὲν,
1977 800 2059 854 ὅτι

475 900 617 971 αὐτὴ
644 902 679 970 ἡ
705 898 884 952 οὐσία·
918 897 1021 951 οὐκ
1047 896 1209 960 αὐτὸς
1236 895 1319 960 δὲ,
1354 894 1435 948 ὅτι
1462 893 1687 965 βελτίων
1724 885 1903 956 οὗτος,
1962 891 2060 962 τῆς

479 994 580 1066 μὲν
607 991 780 1059 αὐτῆς
815 990 1005 1054 οὐσίας
1041 988 1333 1059 μενούσης,
1359 987 1608 1059 μείζονος
1635 985 1693 1040 δὲ
1730 985 1829 1055 τῆς
1866 984 2061 1055 εὐπρε·

476 1082 639 1147 πείας
669 1080 987 1152 γινομένης,
1012 1081 1108 1134 καὶ
1137 1078 1326 1134 καινοῦ
1349 1078 1444 1133 τοῦ
1469 1077 1638 1132 αὐτοῦ
1666 1076 2049 1147 ἀνισταμένου·

475 1174 666 1244 ἐπειδὴ
687 1175 739 1227 εἰ
766 1173 843 1244 μὴ
867 1172 1027 1226 τοῦτο
1046 1168 1135 1243 ἦν,
1171 1172 1293 1227 οὐδὲ
1320 1170 1675 1234 ἀναστάσεως
1722 1169 1851 1234 ἔδει,
1884 1168 1935 1221 εί
1982 1168 2058 1239 μὴ

478 1265 687 1337 βέλτιον
724 1265 1050 1319 ἀνίστασθαι
1076 1263 1291 1335 ἔμελλε.
1333 1263 1398 1316 Τί
1423 1262 1531 1334 γὰρ
1556 1263 1652 1316 καὶ
1677 1262 1905 1333 καθῄρει
1958 1258 2058 1330 τὴν

474 1355 674 1421 οἰκίαν,
702 1358 751 1408 εἰ
794 1356 868 1428 μὴ
890 1354 1281 1427 λαμπροτέραν
1309 1352 1502 1425 ἔμελλε
1528 1351 1864 1421 οἰκοδομείνς
1889 1348 2060 1402 Τοῦτο

473 1447 657 1502 τοίνυν
684 1447 823 1519 πρὸς
848 1448 976 1511 τοὺς
1005 1446 1324 1517 νομίζοντας
1348 1445 1451 1515 τὴν
1470 1444 1639 1514 αὐτὴν
1680 1439 1818 1496 εἶναι
1853 1440 2059 1511 φθορὰν

477 1535 652 1594 εἷπεν.
678 1537 834 1604 Εἶτα,
861 1539 948 1593 ἵνα
976 1539 1051 1612 μὴ
1079 1538 1207 1593 ἀλλο
1237 1555 1322 1603 τις
1356 1538 1521 1593 πάλιν
1545 1534 1866 1607 ὑποπτεύσῃ
1896 1533 2058 1603 σῶμα

475 1630 725 1685 ἐντεῦθεν
741 1630 1016 1704 εἰρῆσθαι.
1038 1628 1447 1702 παραμυθεῖται
1470 1628 1533 1682 τὺ
1560 1628 1811 1699 αἴνιγμα,
1835 1626 1929 1681 καὶ
1957 1625 2058 1680 αὐ-

473 1723 568 1786 τὸς
582 1721 876 1793 ὲρμηνεύει
898 1722 960 1775 τδ
981 1721 1292 1793 εἰρημένον,
1312 1721 1386 1791 μὴ
1405 1719 1704 1790 συγχωρῶν
1725 1717 1803 1789 τῷ
1815 1717 2056 1787 ἀκροατῇ

473 1810 714 1885 ἀλλαχοῦ
743 1812 1029 1884 περιάγειν
1064 1812 1165 1884 τὴν
1195 1811 1409 1867 ἔννοιαν
1438 1810 1538 1881 τὴν
1561 1808 1830 1863 ἐντεῦθεν.
1856 1807 1923 1861 Τί
1950 1806 2060 1860 τοί-

475 1917 575 1957 νυν
591 1900 675 1954 δεῖ
694 1899 804 1955 τῶν
830 1901 1114 1971 ἡμετέρων
1144 1900 1358 1969 λόγων;
1436 1900 1702 1953 Ἄκουσον
1743 1897 1910 1952 αὐτοῦ
1968 1896 2060 1950 λέ-

475 2007 667 2062 γοντος
690 1992 787 2046 καὶ
809 1991 1209 2063 ἑρμηνεύοντος
1253 1990 1308 2045 τί
1356 1991 1521 2045 ἐστιν·
1553 1991 1639 2044 οὐ
1666 1989 1737 2044 τὸ
1768 1988 1941 2058 σῶμα
1990 1987 2059 2042 τὸ

474 2083 890 2154 γενησόμενον
951 2083 1243 2151 σπείρεις.
1303 2081 1521 2145 Εὐθέως
1578 2081 1690 2153 γὰρ
1756 2081 2057 2152 ἐπήγαγεν,

491 2174 671 2230 Ἀλλὰ
685 2173 918 2245 γυμνὸν
945 2175 1175 2228 κόκκον
1191 2176 1244 2229 εί
1276 2174 1448 2243 τύχοι
1465 2172 1664 2238 σίτου,
1697 2170 1737 2240 ἦ
1759 2189 1923 2237 τινος
1941 2168 2061 2224 τῶν

477 2267 766 2322 τοιούτων
791 2265 1167 2334 σπερμάτων.
1203 2264 1519 2330 Τουτέστιν,
1554 2263 1630 2315 Οὐ
1687 2262 1750 2315 τὸ
1794 2261 1956 2331 σῶμα
1997 2258 2061 2312 τὸ

477 2354 865 2427 γενησόμενον·
895 2351 1007 2409 οἷον
1026 2355 1124 2426 οὐχ
1152 2354 1298 2408 οὕτω
1314 2352 1797 2425 περιϐεϐλημένον,
1819 2351 1940 2406 οὐδὲ
1960 2368 2061 2404 κα-

477 2447 662 2518 λάμην
704 2446 897 2518 ἔχοντα
934 2446 1028 2500 καὶ
1057 2445 1373 2517 ἀνθέρικας,
1418 2443 1594 2499 Ἀλλὰ
1640 2442 1874 2513 γυμνὸν
1922 2441 2061 2496 κόκ-

478 2555 613 2605 κον,
640 2539 694 2592 εί
722 2540 897 2609 τύχοι
928 2538 1125 2603 σίτου,
1156 2536 1196 2607 ᾗ
1245 2554 1411 2603 τινος
1464 2535 1585 2591 τῶν
1612 2536 1919 2591 τοιούτων.
1948 2533 2061 2589 Kal

479 2633 515 2685 ό
546 2630 691 2697 Θεὸς
722 2630 884 2696 αὐτῷ
913 2629 1124 2685 δίδωσι
1154 2629 1348 2698 σῶμα,
1367 2627 1566 2694 καθὼς
1593 2627 1883 2696 ἠθέλησε.
1927 2627 2058 2689 Ναὶ,

478 2723 665 2795 φησὶν,
698 2722 812 2778 ἀλλ’
846 2724 964 2777 ἐκεῖ
990 2724 1090 2794 τῆς
1120 2721 1337 2791 φύσεως
1382 2720 1446 2773 τὸ
1497 2719 1659 2790 ἔργον
1693 2720 1829 2775 ἐστί.
1891 2718 2060 2782 Ποίας

479 2815 696 2886 φύσεως
715 2855 730 2881 ,
765 2814 887 2869 εἰπέ
913 2831 1037 2885 μοις
1089 2814 1319 2885 καὶγὰρ
1351 2816 1447 2869 καὶ
1471 2817 1589 2869 ἐκεῖ
1623 2813 1685 2866 τὸ
1737 2813 1846 2866 πᾶν
1871 2812 1900 2865 ὁ
1928 2810 2062 2875 Θεὸς

481 2904 796 2977 ἐργάζεται,
830 2903 929 2974 οὐχ
975 2905 1009 2974 ὴ
1040 2903 1202 2973 φύσις
1228 2905 1351 2959 οὐδὲ
1373 2906 1408 2976 ἡ
1436 2905 1507 2977 γῆ
1535 2904 1656 2959 οὐδὲ
1677 2905 1707 2957 ὁ
1738 2903 1913 2966 ὐετός.
1944 2901 2065 2955 Διό·

481 3014 589 3068 περ
624 2996 722 3050 καὶ
745 2995 909 3059 αὐτὸς
933 2994 1106 3049 ταῦτα
1131 2995 1329 3065 δηλῶν,
1362 2996 1459 3050 καὶ
1491 2994 1599 3066 γῆν
1638 2984 1733 3050 καί
1756 2994 1912 3049 ὑετὸν
1965 2993 2064 3056 καὶ

482 3088 622 3161 ἀέρα
643 3089 737 3143 καὶ
764 3088 916 3159 ἥλιον
945 3089 1039 3142 καί
1072 3092 1261 3159 χεῖρας
1310 3089 1623 3158 γεωργικὰς
1641 3088 1822 3157 ἀφεὶς,
1853 3088 2065 3158 ἐπήγα-

481 3196 600 3248 γεν,
614 3179 697 3232 ὅτι
718 3178 781 3232 '0
794 3177 941 3244 Θεὸς
956 3177 1117 3243 αὐτῷ
1132 3178 1338 3233 δίδωσι
1356 3177 1549 3248 σῶμα,
1566 3178 1760 3245 καθὼς
1774 3177 2061 3246 ἠθέλησε.

482 3266 578 3339 Μὴ
626 3266 805 3321 τοίνυν
861 3264 1230 3337 περιεργάζου
1263 3265 1399 3337 μηδὲ
1446 3266 1920 3337 πολυπραγμόνει,
1945 3265 2065 3329 πῶς

485 3360 584 3412 καὶ
601 3356 710 3410 τίνι
729 3355 937 3429 τρόπῳ,
961 3356 1092 3409 ὅταν
1110 3354 1246 3409 Θεοῦ
1273 3356 1510 3427 δύναμιν
1537 3357 1634 3411 καὶ
1665 3356 1877 3428 θέλημα
1896 3356 2065 3410 ἀκού-

488 3467 607 3526 σῃς.
641 3451 749 3506 Καί
778 3449 1015 3516 ἑκάστῳ
1033 3448 1155 3504 τῶν
1174 3449 1532 3520 σπερμάτων
1571 3450 1641 3503 τὸ
1667 3449 1823 3503 tam
1870 3448 2061 3519 σῶμα.

484 3542 601 3599 Ποῦ
638 3540 818 3596 τοίνυν
837 3540 900 3593 τὸ
923 3540 1240 3611 ἀλλότριον;
1277 3542 1337 3595 τὸ
1363 3540 1472 3613 1&9
1497 3540 1628 3596 ἴδιον
1656 3540 2066 3597 δίδωσιν.⁶Ὠστε

485 3634 614 3686 ὅταν
637 3631 897 3704 λέγῃ,οῠ
928 3630 999 3686 τὸ
1030 3634 1442 3701 γενησόμενον
1485 3632 1777 3702 σπείρεις,
1816 3632 1878 3685 οὐ
1907 3630 2067 3686 τοῦτο

485 3720 660 3790 λέγει,
695 3722 776 3774 ὃτι
801 3719 936 3792 άλλη
958 3723 1080 3776 ἀντὶ
1102 3722 1268 3793 ἀλλης
1284 3723 1473 3787 οὐσίας
1500 3723 1808 3786 ἀνίσταται,
1845 3722 1960 3776 ἀλλ’
1982 3722 2066 3776 ὅτι

489 3812 638 3884 [589]
656 3812 902 3883 βελτίων,
925 3813 1007 3867 ὅτι
1032 3812 1413 3885 λαμπροτέρα.
1448 3812 1721 3881 Ἑκάστῳ
1750 3813 1881 3883 γὰρ,
1904 3812 2063 3884 φησὶ,

483 3903 607 3960 τῶν
628 3903 985 3974 σπερμάτων
1002 3905 1070 3959 τὸ
1095 3904 1251 3959 ῑδιον
1267 3903 1456 3975 σῶμα.
1474 3903 1753 3959 Ἐντεῦθεν
1767 3904 1954 3958 λοιπὸν
1970 3905 2065 3958 καὶ

483 3997 584 4068 τὴν
610 3996 874 4071 διαφορὰν
898 3999 1110 4068 εἰσάγει
1135 3997 1236 4067 τῆς
1258 3998 1381 4052 τότε
1401 3997 1667 4069 ἐσομένης
1689 3998 2060 4062 ἀναστάσεως.

483 4086 579 4158 Μὴ
610 4087 739 4158 γὰρ,
771 4088 958 4159 ἐπειδὴ
990 4090 1139 4151 σῖτος
1161 4088 1446 4159 σπείρεται
1479 4089 1577 4143 καὶ
1607 4088 1808 4153 πάντες
1824 4088 2063 4159 στάχυες

484 4177 827 4251 ἀνέρχονται,
858 4178 949 4234 διὰ
977 4179 1137 4234 τοῦτο
1189 4180 1418 4254 νομίσῃς
1446 4180 1544 4234 καὶ
1567 4181 1629 4235 ὲν
1652 4183 1718 4253 τῇ
1767 4181 2062 4235 ἀναστάσει

488 4270 758 4340 ἰσοτιμίαν
780 4268 940 4326 εἶναι.
966 4273 1215 4327 Μάλιστα
1241 4272 1340 4344 μὲν
1368 4256 1485 4344 γὰρ
1504 4273 1629 4327 οὐδὲ
1658 4276 1717 4328 ὲν
1745 4275 1861 4337 τοῖς
1895 4273 2063 4344 σπέρ-

487 4378 624 4432 μασι
642 4363 743 4433 μία
764 4362 940 4431 τάξις,
969 4364 1107 4420 άλλά
1131 4365 1201 4418 τά
1231 4367 1330 4436 μὲν
1358 4365 1683 4439 τιμιώτερα,
1709 4369 1778 4422 τά
1807 4368 1865 4423 δὲ
1895 4385 2065 4423 κατα-

481 4449 760 4523 δεέστερα.
786 4453 878 4506 Διὸ
897 4454 993 4508 καὶ
1025 4454 1330 4525 ἐπήγαγεν,
1369 4455 1638 4523 Ἐκὰστφ
1661 4456 1728 4511 τὸ
1768 4457 1926 4513 ῑδιον
1944 4457 2064 4513 σῶ-

478 4558 585 4610 μα.
609 4543 756 4614 Πλὴν
779 4544 897 4599 ἀλλ’
921 4546 1023 4599 οὐκ
1052 4547 1306 4615 ἀρκεῖται
1333 4546 1530 4619 τούτῳ,
1580 4547 1698 4603 ἀλλ’
1727 4549 1921 4621 ἑτέραν
1959 4549 2061 4621 ζη-

482 4632 845 4706 τείδιαφοράν
882 4635 1106 4705 μείζονα
1158 4637 1254 4691 καὶ
1297 4640 1659 4712 σαφεστέραν.
1685 4640 1805 4694 Ἵνα
1850 4641 1961 4713 γὰρ
1987 4641 2061 4713 μὴ

483 4721 743 4787 ἀκούσας,
776 4725 913 4794 ὅπερ
949 4724 1109 4795 ἔφην,
1140 4726 1225 4779 ὅτι
1249 4727 1448 4793 πάντες
1483 4730 1820 4796 ἀνίστανται,
1850 4732 2061 4797 πάντας

482 4812 593 4865 τῶν
611 4814 792 4867 αὐτῶν
839 4815 1133 4872 ἀπολαύειν
1170 4819 1418 4891 νομίσῃς,
1463 4822 1903 4892 προκατεϐάλετο
1959 4824 2060 4894 μὲν

485 4902 582 4957 καὶ
616 4904 676 4958 ὲν
703 4906 817 4968 τοῖς
835 4906 1147 4979 ἔμπροσθεν
1171 4910 1272 4978 τῆς
1304 4913 1514 4977 ἑννοίας
1538 4913 1742 4984 ταύτης
1775 4914 1845 4968 τά
1896 4915 2061 4986 σπέρ-

489 5010 656 5065 ματα,
692 4994 882 5049 εἰπών·
906 4997 1206 5067 Ἕκαστος
1230 4999 1301 5054 δὲ
1316 5001 1387 5055 ἐν
1402 4999 1482 5067 τῷ
1508 5002 1636 5068 ἰδίῳ
1657 5003 1927 5073 τάγματι.
1945 5003 2063 5076 Ἐρο

485 5083 712 5154 γάζεται
731 5085 789 5139 δὲ
811 5089 942 5143 αὐτὸ
969 5093 1299 5164 σαφέστερον
1328 5096 1422 5148 καὶ
1436 5094 1670 5149 ἐνταῦθα
1688 5096 1848 5150 πάλιν
1863 5096 2060 5166 λέγων·

479 5178 565 5230 Οὐ
596 5175 767 5232 πᾶσα
793 5180 952 5248 σὰρξ
982 5182 1022 5251 ἠ
1050 5185 1206 5250 αὐτὴ
1234 5185 1412 5254 σάρξ.
1440 5186 1507 5239 Τί
1527 5186 1672 5256 λέγω
1702 5187 1832 5259 γὰρ,
1872 5191 2057 5260 φησὶν,

484 5267 706 5324 ἐπὶτῶν
737 5274 1100 5344 σπερμάτωνς
1135 5276 1356 5330 ἐπὶτῶν
1393 5279 1662 5349 σωμάτων
1693 5282 2062 5352 γυμνάσωμεν

483 5358 618 5414 αὐτὸ
647 5362 826 5427 τοῦτο,
846 5367 976 5435 περί
1004 5358 1081 5420 ὧν
1107 5367 1137 5418 ὁ
1163 5366 1320 5434 λόγος
1341 5369 1472 5437 ἡμῖν
1492 5369 1609 5422 νῦν.
1640 5371 1728 5423 Διὸ
1747 5372 1840 5425 καὶ
1868 5372 2062 5441 ἐπάγει

482 5447 684 5517 λέγων·
714 5453 908 5521 Ἄλλη
930 5455 1049 5523 μὲν
1071 5453 1231 5524 σὰρξ
1263 5456 1608 5525 ἀνθρώπων,
1632 5457 1791 5528 ἄλλη
1825 5460 1894 5514 δὲ
1922 5479 2062 5529 κτη-

482 5536 628 5601 νῶν,
675 5539 773 5593 καί
808 5539 967 5607 άλλη
1001 5541 1279 5608 πτηνῶν,
1337 5543 1439 5595 καὶ
1489 5542 1650 5610 άλλη
1679 5547 1920 5613 ίχθύων.
1948 5548 2061 5601 Καὶ

483 5623 729 5694 σώματα
776 5627 1123 5697 ἐπουράνια,
1173 5630 1272 5683 καὶ
1321 5630 1567 5700 σώματα
1611 5633 1860 5702 ἐπίγεια·
1920 5639 2060 5692 ἀλλ’

483 5711 654 5779 ἑτέρα
674 5714 790 5783 μὲν
805 5718 843 5785 ἡ
869 5717 988 5770 τῶν
1005 5716 1382 5786 ἐπουρανίων
1411 5720 1581 5788 δόξα,
1609 5722 1778 5792 ἑτέρα
1798 5725 1867 5778 δὲ
1886 5726 1925 5793 ἡ
1944 5727 2064 5782 τῶν

485 5800 778 5874 ἐπιγείων·
806 5806 967 5876 ἄλλη
992 5806 1140 5872 δόξα
1160 5812 1473 5881 ἡλίου,καὶ
1510 5815 1669 5886 ἄλλη
1696 5817 1847 5884 δόξα
1872 5820 2058 5889 σελή-

1145 410 1207 466 S.
1242 408 1534 467 JOANNIS
1567 401 2058 465 CHRYSOS'I‘OM!
2096 400 2419 461 ARCHIEP.
2461 406 3015 468 CONSTANTINOP.

3640 420 3744 475 358

2162 539 2300 593 νης,
2332 527 2434 582 καί
2487 528 2648 597 άλλη
2683 530 2835 597 δόξα
2866 532 3156 602 ἀστέρων·
3196 533 3393 604 ἀστὴρ
3421 536 3538 607 τὰρ
3566 538 3745 595 ἀστέ-

2153 630 2267 681 ρος
2280 614 2549 688 διαφέρει
2569 619 2639 674 ἐν
2662 619 2832 691 δόξῃ.

2231 711 2300 773 γ’.
2319 706 2430 760 Καὶ
2442 707 2497 760 τί
2510 706 2758 778 βούλεται
2781 710 2930 780 αὐτῷ
2945 711 3103 766 ταυτὶ⁸
3116 712 3183 767 τὰ
3201 714 3425 787 ῥήματα
3440 733 3459 783 ;
3472 717 3623 783 τίνος
3633 719 3749 774 ῑνεο

2160 811 2256 850 κεν
2270 797 2336 849 ἐκ
2357 797 2461 869 τῆς
2482 799 2833 866 ἀναστάσεως
2853 803 2957 873 τῆς
2983 800 3091 859 τῶν
3121 806 3388 876 σωμάτων
3407 811 3493 873 εἰς
3503 809 3599 864 τὸν
3622 812 3749 884 περί

2159 886 2404 959 ἀστέρων
2458 890 2553 943 καὶ
2583 891 2739 962 ήλίου
2781 892 2939 960 λόγον
2986 893 3278 963 ὲξέπεσεν;
3307 898 3425 952 Οὐκ
3460 900 3744 968 ἐξέπεσεν,

2158 976 2282 1031 οὐδὲ
2309 980 2600 1053 ἀπερράγη
2621 982 2722 1053 τῆς
2747 983 3075 1050 ὑποθέσεως,
3093 988 3293 1057 ἀπαγε,
3319 990 3440 1045 ἀλλ’
3464 989 3551 1045 ἔτι
3582 991 3746 1065 αὐτῆς

2159 1070 2363 1141 ἔχεται.
2411 1075 2629 1145 Ἐπειδὴ
2650 1076 2761 1148 1&9
2789 1076 2878 1130 τὸν
2910 1079 3160 1150 περὶτῆς
3196 1083 3559 1149 ἀναστάσεως
3615 1102 3748 1139 κατ-

2159 1165 2425 1219 εσκεύασε
2448 1167 2623 1235 λόγον,
2653 1167 2893 1223 δείκνυσι
2925 1170 3110 1225 λοιπὸν
3131 1173 3213 1227 ὅτι
3241 1173 3412 1247 πολλὴ
3437 1176 3544 1246 τῆς
3592 1175 3744 1247 δόξης

2157 1256 2281 1309 τότε
2302 1257 2336 1327 ὴ
2354 1257 2604 1328 διαφορά,
2624 1262 2671 1313 εἰ
2685 1260 2825 1332 καἰὴ
2854 1262 3149 1328 ἀνάστασις
3173 1265 3293 1335 μία·
3328 1267 3428 1320 καὶ
3446 1267 3655 1338 διαιρεῖ
3669 1272 3745 1335 εἰς

2157 1347 2256 1402 δύο
2280 1348 2342 1401 τὸ
2363 1350 2473 1403 πᾶν
2497 1350 2660 1414 τέως,
2683 1353 2765 1416 είς
2784 1353 2854 1407 τά
2901 1355 3204 1428 ἐπουράνια
3261 1357 3358 1411 καὶ
3398 1357 3472 1412 τά
3502 1360 3739 1429 ἐπίγεια.

2161 1439 2283 1494 Ὅτι
2311 1440 2410 1511 μὲν
2446 1442 2556 1514 1&9
2579 1444 2648 1497 τὰ
2683 1443 2914 1515 σώματα
2951 1448 3259 1513 ἀνίσταται,
3302 1448 3477 1514 ἔδειξε
3527 1450 3618 1505 διὰ
3651 1451 3741 1505 τοῦ

2161 1531 2330 1585 σίτου·
2356 1533 2441 1587 ὅτι
2471 1534 2527 1587 δὲ
2551 1535 2653 1589 οὐκ
2686 1537 2744 1590 ὲν
2775 1540 2843 1609 τῇ
2875 1538 3011 1611 αὐτῇ
3053 1539 3177 1610 δόξῃ
3206 1539 3389 1594 πάντα
3410 1580 3427 1606 ,
3474 1541 3740 1596 δείκνυσιν

2160 1622 2431 1678 ἐντεῦθεν.
2479 1626 2689 1698 Ὥσπερ
2741 1627 2851 1699 γάρ
2900 1629 2964 1683 τὸ
3017 1632 3267 1685 ἀπιστεῖν
3306 1634 3374 1704 τῇ
3447 1633 3741 1687 ἀναστάσει

2160 1713 2386 1779 ὑπτίους
2409 1718 2572 1783 ποιεῖ,
2592 1717 2735 1773 οὕτω
2756 1720 2919 1774 πάλιν
2941 1720 3222 1792 ῥᾳθύμους
3239 1724 3301 1777 τὸ
3328 1724 3581 1796 νομίζειν
3615 1727 3739 1780 πάν-

2159 1821 2261 1870 τας
2284 1806 2394 1860 τῶν
2422 1808 2603 1862 αὐτῶν
2618 1809 2919 1875 ἀξιοῦσθαι.
2953 1813 3153 1885 Διόπερ
3188 1816 3482 1888 ἀμφότερα
3499 1818 3739 1890 διορθοῦ-

2160 1913 2271 1951 ται·
2301 1898 2396 1951 καὶ
2414 1897 2482 1952 τά
2510 1900 2611 1970 μὲν
2631 1902 2691 1954 έν
2703 1903 2818 1966 τοῖς
2849 1902 3159 1976 ἔμπροσθεν
3197 1908 3499 1980 ἀπήρτισε,
3554 1910 3735 1964 τούτου

2158 1988 2217 2043 δὲ
2233 1990 2457 2061 ἄρχεται
2485 1992 2600 2045 νῦν·
2630 1994 2724 2048 καὶ
2752 1997 2989 2069 ποιήσας
3006 1998 3100 2051 δύο
3128 2000 3390 2071 τάγματα
3431 2000 3658 2056 δικαίων
3680 2019 3737 2055 τε

2158 2081 2257 2135 καὶ
2282 2082 2643 2154 ἁμαρτωλῶν,
2681 2086 2821 2142 αὐτά
2846 2088 2919 2142 τὰ
2939 2088 3034 2143 δύο
3066 2089 3241 2144 ταῦτα
3271 2092 3353 2156 εἰς
3388 2092 3562 2146 πολλὰ
3584 2093 3737 2148 πάλιν

2159 2174 2489 2244 κατατέμνει
2509 2178 2672 2250 μέρη,
2705 2178 2917 2245 δεικνὺς
2953 2181 3178 2238 ὅτιούτε
3197 2184 3401 2239 δίκαιοι
3436 2188 3533 2239 καὶ
3565 2187 3737 2254 ἀμαρ-

2158 2266 2318 2320 τωλοὶ
2343 2266 2454 2321 τῶν
2475 2268 2655 2324 αὐτῶν
2674 2270 2979 2339 τεύξονται,
3013 2273 3142 2328 οὐτε
3196 2274 3401 2331 δίκαιοι
3438 2278 3639 2341 πάντες
3663 2277 3734 2330 δι-

2160 2357 2336 2422 καίοις
2363 2360 2582 2429 ὁμοίως,
2626 2359 2750 2415 οὔτε
2790 2364 3101 2437 ἁμαρτωλοὶ
3162 2368 3538 2439 ἁμαρτωλοῖς.
3594 2369 3735 2423 Ποιεί

2158 2447 2339 2502 τοίνυν
2366 2449 2588 2520 πρώτην
2611 2452 2740 2524 μίαν
2781 2454 2953 2527 τομὴν
2970 2457 3199 2512 δικαίων
3248 2459 3349 2513 καὶ
3399 2459 3733 2533 ἁμαρτωλῶν

2158 2538 2354 2608 λέγων·
2378 2539 2627 2610 Σώματα
2671 2543 3017 2614 ἐπουράνια,
3062 2549 3162 2603 καί
3204 2548 3460 2619 σώματα
3490 2551 3728 2620 ἐπίγεια·

2160 2630 2249 2684 διά
2277 2631 2377 2701 μὲν
2395 2631 2506 2686 τῶν
2532 2634 2790 2704 ἐπιγείων
2803 2636 3028 2703 τούτους
3043 2641 3438 2713 αἰνιττόμενος,
3453 2641 3542 2697 διὰ
3558 2642 3615 2698 δὲ
3634 2642 3733 2696 τῶν

2162 2720 2503 2794 ἐπουρανίων
2532 2724 2792 2789 ἐκείνους.
2831 2724 2964 2781 Εἶτα
3007 2728 3191 2784 λοιπὸν
3235 2731 3347 2786 τῶν
3404 2732 3730 2805 ἁμαρτωλῶν

2159 2811 2428 2884 διαφορὰν
2460 2815 2595 2886 πρὸς
2625 2817 2980 2890 ἁμαρτωλοὺς
3000 2820 3229 2889 εἰσάγει,
3245 2819 3451 2891 λέγων·
3480 2827 3561 2878 Οὐ
3580 2822 3733 2878 πᾶσα

2161 2904 2320 2974 σὰρξ
2334 2908 2372 2975 ἡ
2402 2908 2556 2977 αὐτὴ
2586 2908 2766 2979 σάρξ·
2793 2912 2952 2967 ἀλλὰ
2973 2912 3133 2982 άλλη
3162 2912 3279 2983 μὲν
3314 2918 3564 2986 ίχθύων,
3583 2917 3729 2982 άλλη

2162 2994 2233 3049 δὲ
2262 2997 2511 3065 πτηνῶν
2541 3000 2641 3054 καί
2686 3000 2946 3071 κτηνῶν.
2990 3004 3185 3059 Καίτοι
3250 3007 3435 3062 πάντα
3492 3007 3725 3078 σώματα,

2164 3088 2302 3142 ἀλλά
2326 3090 2395 3142 τὰ
2431 3089 2531 3160 μὲν
2556 3093 2614 3145 ὲν
2647 3092 2873 3161 πλείονι,
2902 3095 2971 3149 τὰ
2996 3095 3055 3149 δὲ
3088 3095 3147 3149 ἐν
3184 3096 3431 3153 ἐλάττονι
3477 3095 3722 3167 εὐτελείᾳ.

2165 3180 2277 3233 Καὶ
2314 3182 2373 3234 ὲν
2394 3180 2507 3254 ζωῇ
2529 3180 2587 3235 δὲ
2633 3183 2851 3255 ὁμοίως,
2893 3186 2990 3240 καὶ
3038 3187 3097 3240 ἐν
3120 3188 3256 3260 αὐτῇ
3291 3178 3367 3263 τῇ
3410 3188 3723 3255 κατασκευῇ.

2166 3272 2277 3326 Καὶ
2295 3271 2466 3328 είπὼν
2484 3274 2661 3341 τοῦτο,
2711 3276 2993 3331 ἀναϐαίνει
3039 3280 3201 3334 πάλιν
3252 3283 3338 3346 εἰς
3386 3282 3480 3337 τδν
3514 3277 3726 3351 οὐρανὸν

2166 3355 2359 3425 λέγων·
2386 3359 2578 3427 Ἄλλη
2605 3356 2753 3432 [590]
2791 3359 2944 3425 δόξα
2990 3363 3193 3431 ἡλίου,
3245 3366 3352 3419 καί
3396 3364 3556 3432 άλλη
3590 3360 3725 3424 δόξα

2166 3447 2457 3515 σελήνης.
2484 3449 2695 3521 Ὠσπερ
2713 3450 2822 3520 γὰρ
2845 3453 2903 3504 ὲν
2932 3454 3046 3518 τοῖς
3080 3455 3354 3523 ἐπιγείοις
3391 3454 3602 3526 σώμασι
3621 3452 3723 3504 δια-

2168 3531 2331 3601 φορὰ,
2360 3530 2504 3584 οὕτω
2526 3533 2622 3586 καὶ
2641 3535 2700 3587 ἐν
2727 3536 2838 3598 τοῖς
2866 3535 3228 3606 ἐπουρανίοις,
3249 3540 3349 3591 καὶ
3370 3537 3616 3608 διαφορά..
3638 3534 3724 3601 οὐχ

2167 3622 2202 3692 ή
2232 3621 2492 3693 τυχοῦσα,
2540 3623 2677 3679 ἀλλά
2702 3612 2798 3676 ’ἱιαὶ
2832 3624 2993 3696 μέχρι
3046 3626 3157 3680 τῶν
3192 3628 3462 3699 ἐσχάτων.
3511 3626 3586 3680 Οὐ
3627 3624 3723 3692 γὰρ

2168 3714 2307 3786 ἡλίῳ
2331 3714 2467 3786 πρὸς
2493 3714 2765 3787 σελήνην,
2801 3718 2923 3771 οὐδὲ
2962 3717 3157 3790 σελήνῃ
3182 3720 3322 3790 πρὸς
3365 3721 3593 3789 ἀστέρας
3621 3716 3724 3768 δια·

2167 3802 2312 3878 φορά
2336 3804 2517 3876 μόνον,
2547 3805 2684 3860 ἀλλά
2702 3807 2796 3859 καὶ
2816 3807 3050 3878 ἀστρασι
3088 3808 3229 3877 πρὸς
3264 3808 3525 3879 ἀστέρας.
3547 3806 3606 3858 El
3625 3803 3719 3872 γὰρ

2166 3895 2261 3950 καὶ
2287 3895 2464 3949 πάντα
2492 3897 2550 3950 ὲν
2572 3896 2808 3967 οὐρανῷ,
2843 3897 2981 3952 ἀλλὰ
3002 3897 3074 3952 τὰ
3108 3899 3211 3970 μὲν
3261 3900 3526 3963 πλείονος,
3561 3897 3626 3950 τά
3670 3894 3720 3946 δὲ

2164 3987 2446 4052 ἐλάττονος
2464 3989 2680 4059 μετέχει
2694 3988 2875 4061 δόξης.
2896 3991 2962 4044 Τί
2975 3991 3157 4045 τοίνυν
3182 3993 3439 4047 ἐντεῦθεν
3459 4004 3720 4059 καταμαν-

2166 4081 2399 4151 θάνομεν
2425 4097 2441 4147 ;
2469 4080 2591 4135 Ὅτι
2628 4084 2677 4136 εἰ
2703 4082 2800 4136 καὶ
2824 4083 2884 4137 έν
2912 4082 3160 4155 βασιλείᾳ
3192 4085 3419 4148 πάντες,
3453 4084 3513 4136 οὐ
3535 4081 3719 4140 πάντες

2163 4173 2275 4227 τῶν
2294 4171 2474 4226 αὐτῶν
2505 4173 2923 4228 ἀπολαύσονται·
2950 4175 3047 4228 καὶ
3071 4176 3123 4228 εἰ
3143 4175 3349 4240 πάντες
3386 4177 3445 4229 ἐν
3468 4166 3648 4242 γεέννῃ
3673 4167 3715 4219 οἱ

2165 4264 2503 4338 ἁμαρτωλοὶ,
2531 4266 2595 4320 οὐ
2621 4266 2821 4330 πάντες
2850 4266 2922 4320 τά
2951 4267 3092 4321 αὐτὰ
3116 4266 3469 4337 ὑπομενοῦσι.
3501 4262 3588 4318 Διὸ
3633 4259 3716 4313 καὶ

2114 4358 2120 4363 ’
2164 4359 2467 4429 ἐπήγαγεν
2504 4356 2666 4412 οὕτω
2711 4358 2811 4412 καί
2852 4357 2893 4425 ἠ
2934 4357 3274 4427 ἀνάστασις
3310 4360 3433 4415 τῶν
3478 4349 3711 4422 νεκρῶν.

2167 4447 2353 4512 οὕτω,
2382 4446 2531 4513 πῶς;
2587 4447 2678 4501 Ἐν
2698 4447 2935 4519 διαφορᾷ
2972 4447 3164 4520 πολλῇ.
3200 4446 3337 4503 Είτα
3360 4446 3517 4516 ἀφεὶς
3544 4440 3712 4496 τοῦτον

2161 4539 2256 4592 τὸν
2280 4537 2437 4606 λόγον
2460 4538 2537 4602 ὡς
2561 4538 2870 4609 ἀρκούντως
2900 4538 3307 4609 ἀποδειχθέντα,
3335 4537 3494 4592 πάλιν
3521 4532 3605 4588 ἐπ’
3624 4529 3712 4582 αὺ-

2162 4630 2263 4703 τὴν
2294 4632 2391 4701 τῆς
2439 4631 2789 4693 ἀναστάσεως
2825 4629 2925 4700 τὴν
2955 4630 3231 4695 ἀπόδειξιν
3269 4629 3483 4684 καὶτὸν
3529 4621 3710 4694 τρόπον

2163 4725 2403 4799 ἔρχεται,
2429 4725 2621 4795 λέγων·
2641 4725 2949 4794 Σπείρεται
2975 4724 3048 4776 ἐν
3088 4720 3299 4791 φθορᾷ,
3339 4719 3609 4790 ὲγειζοεται
3648 4709 3710 4761 ἐν

2164 4818 2491 4887 ἀφθαρσίᾳ.
2507 4818 2619 4871 Καὶ
2631 4817 2727 4871 θέα
2744 4816 2983 4871 σύνεσιν·
3000 4814 3123 4868 Ἐπὶ
3146 4814 3247 4883 μὲν
3267 4812 3377 4867 τῶν
3405 4803 3707 4878 σπερμάτων

2163 4908 2242 4981 τῷ
2264 4909 2371 4963 τῶν
2401 4909 2668 4978 σωμάτων
2696 4909 2966 4980 ἐχρήσατο
2995 4908 3217 4977 ὀνόματι
3244 4905 3433 4973 λέγων·
3479 4900 3556 4952 Οὐ
3588 4892 3708 4954 ζωο-

2163 5001 2436 5069 ποιεῖται,
2466 5000 2576 5055 ἐὰν
2601 5001 2688 5071 μὴ
2717 5000 3013 5069 ἀποθάνῃ·
3041 4999 3134 5054 ἐπὶ
3171 4999 3347 5054 δὲτῶν
3374 4992 3624 5064 σωμάτων
3645 4984 3702 5050 τῇ

2161 5095 2271 5149 τῶν
2299 5095 2628 5167 σπερμάτων
2658 5095 3030 5166 προσηγορία,
3076 5093 3251 5162 λέγων
3272 5108 3288 5123 ·
3320 5088 3613 5155 Σπείρεται
3645 5077 3706 5129 ἐν

2163 5185 2374 5256 φθορᾷ,
2404 5186 2688 5255 ἐγείρεται
2717 5185 2786 5239 ἐν
2809 5186 3135 5255 ἀφθαρσίᾳ.
3182 5185 3294 5239 Οὐκ
3342 5176 3482 5243 εἷπε,
3507 5172 3702 5227 Φύεται,

2165 5279 2253 5332 ἶνα
2290 5277 2364 5348 μὴ
2413 5276 2512 5346 τῆς
2556 5277 2658 5347 γῆς
2690 5275 2848 5347 ἔργον
2898 5276 3157 5350 νομίσῃς,
3198 5276 3333 5339 ἀλλ’,
3393 5266 3698 5350 Ἔγειρετιξι·

2163 5344 2383 5437 Σποράν
2411 5344 2477 5421 δὲ-
2489 5344 2744 5431 ἐνταῦθα,
2766 5344 2838 5421 οὐ
2867 5344 2977 5437 τὴν.
3022 5344 3234 5437 γένεσιν
3264 5363 3414 5438 ἡμῶν
3445 5358 3582 5424 λέγει
3614 5344 3697 5414 τὴν

2164 5461 2222 5513 ὲν
2247 5461 2448 5531 μήτρᾳ,
2473 5459 2610 5514 ἀλλά
2629 5460 2729 5530 τὴν
2750 5460 2927 5533 ταφὴν
2952 5458 3050 5531 τὴν
3079 5460 3137 5512 ὲν
3163 5462 3231 5531 τῇ
3252 5460 3320 5528 γῇ
3350 5453 3454 5508 τῶν
3480 5442 3699 5533 τετελευς

2162 5521 2415 5622 τηιίότων.
2445 5521 2737 5620 σωμάτων,
2933 5521 3339 5619 διάλυσιν,“την
3365 5544 3574 5611 τέφραν.
3620 5521 3697 5579 Διδ

2164 5641 2352 5707 εἰπὼν,
2390 5642 2698 5709 Σπείρεται
2732 5642 2802 5695 ἐν
2826 5639 3037 5713 φθορᾷ,
3084 5642 3369 5711 ἐγείρεται
3414 5633 3480 5685 ἐν
3502 5622 3697 5713 ἀφθαξ

2162 5733 2289 5800 σίςι,
2319 5701 2589 5803 έπήγαγε·
2620 5701 3034 5800 Σπείρεταίέν
3060 5701 3279 5800 ἀτιμίᾳ.
3300 5726 3360 5780 Τί
3387 5720 3487 5808 γὰρ
3501 5701 3693 5808 εἶξειζρέ

2168 5794 2356 5897 στερον
2636 5794 3016 5896 διαρξδυέντοῃ
3075 5794 3382 5895 Ἐγείρεται
3425 5794 3490 5864 ἐν
3539 5794 3689 5858 δόξης
