3998 6416
186 595 342 651 diebus
373 591 616 652 excitabo
654 593 820 665 ipsum
851 587 1048 662 (Joan.
1072 585 1128 640 2.
1163 585 1246 639 lit.
1275 581 1340 638 2|
1370 581 1390 651 )
1415 581 1438 632 ?
1467 594 1586 634 nam
1635 573 1775 645 quod

189 685 604 751 dissolvebatur,
630 685 681 740 id
707 683 915 738 scilicet
937 678 1210 736 excitarit.
1239 671 1604 742 Quamobrem
1633 665 1779 722 addi-

191 780 262 835 dit
294 778 630 848 evangelista
649 818 666 842 ,
697 775 797 831 Ille
823 783 988 828 autem
1023 769 1218 824 dicebat
1247 768 1312 821 de
1339 763 1525 833 templo
1553 761 1632 818 sui
1660 775 1780 815 cor-

191 871 341 944 poris.
371 869 512 938 Quid
549 885 678 938 ergo
703 869 864 932 dicit,
902 865 1023 920 Non
1051 877 1236 932 corpus
1264 857 1400 931 quod
1435 861 1663 928 futm'um
1706 861 1780 906 est

191 962 441 1020 seminus?
473 959 586 1016 lloc
625 968 746 1024 est,
789 957 1127 1026 non-spicam
1157 969 1172 1006 :
1201 960 1284 1006 est
1323 949 1466 1004 enim
1491 945 1678 1000 eadem
1726 953 1781 998 et

195 1068 292 1108 non
321 1051 514 1107 eadem
547 1073 561 1108 :
588 1050 776 1106 eadem
799 1047 1038 1120 quidem,
1066 1043 1320 1116 quoniam
1351 1039 1540 1095 eadem
1569 1043 1653 1092 est
1689 1049 1751 1088 es

194 1143 390 1207 scotia;
420 1156 528 1196 non
551 1141 765 1203 eadem.
807 1137 1058 1210 quoniam
1088 1135 1202 1190 ιιι-(ε
1227 1142 1309 1186 cst
1346 1130 1556 1188 melior.
1585 1125 1778 1182 eadem

191 1235 403 1306 quidem
429 1243 684 1290 manente
705 1233 975 1298 essentia,
1004 1229 1194 1297 majori
1223 1232 1403 1280 autem
1435 1221 1569 1276 facta
1601 1217 1783 1288 specie

192 1344 249 1385 ac
271 1327 499 1390 decore.
529 1343 654 1383 cum
683 1341 818 1381 nova
845 1325 916 1379 sit
951 1321 1240 1394 :quoniam
1266 1319 1366 1372 uisi
1393 1315 1497 1370 hoc
1523 1319 1686 1373 esset,
1715 1323 1782 1364 ne

189 1431 330 1480 esset
355 1423 574 1494 quidem
598 1420 944 1485 resurrectio,
974 1417 1077 1472 nisi
1108 1424 1253 1470 esset
1282 1410 1477 1466 melius
1505 1416 1782 1460 resurrec-

191 1524 330 1569 tura.
381 1516 489 1570 Cur
521 1513 670 1568 enim
701 1511 917 1567 dunuuu
947 1517 1092 1563 esset
1118 1506 1426 1566 diruturus,
1460 1497 1558 1552 nisi
1589 1495 1786 1566 Splend-

188 1606 456 1661 didionem
486 1614 632 1660 esset
671 1598 1079 1658 :cdiiicaturus?
1117 1598 1227 1652 lloc
1265 1597 1427 1665 igitur
1465 1591 1602 1646 dixit
1640 1588 1786 1653 illis,

188 1701 278 1769 qui
305 1697 691 1753 existimabant
719 1695 969 1750 eumdem
1000 1705 1122 1747 esse
1151 1687 1429 1742 interitum
1479 1697 1543 1738 ac
1581 1695 1786 1734 corru—

189 1792 454 1861 ptionem.
482 1787 686 1845 Deinde
715 1803 782 1842 ue
808 1785 1070 1857 quispiam
1097 1795 1281 1837 rursus
1297 1777 1632 1833 existimaret
1662 1771 1787 1825 hinc

185 1882 396 1938 dictum
421 1895 546 1936 esse
587 1877 732 1934 aliud
775 1890 970 1945 corpus
995 1915 1010 1940 ,
1041 1873 1227 1929 datum
1268 1869 1496 1938 arnigma
1537 1865 1704 1929 lenit,
1733 1869 1788 1916 et

183 1977 586 2045 interpretatur
611 1970 755 2044 quod
787 1971 989 2026 dictum
1027 1976 1133 2028 est,
1165 1977 1275 2018 non
1307 1958 1612 2016 concedens
1636 1953 1790 2008 audi-

179 2071 293 2124 tori
337 2079 404 2124 ut
447 2075 682 2122 mentem
727 2064 832 2119 alio
859 2059 1174 2118 transferat.
1221 2054 1360 2124 Quid
1415 2065 1546 2121 ergo
1589 2046 1790 2102 nostris

177 2174 329 2232 opus
360 2167 449 2214 est
473 2157 686 2213 verbis?
709 2154 844 2210 Audi
870 2155 1064 2224 ipsum,
1087 2150 1176 2220 qui
1201 2147 1352 2212 divit,
1373 2143 1500 2213 quid
1529 2142 1598 2197 sit
1626 2139 1792 2244 inter-

182 2263 500 2322 pretantem
539 2266 554 2304 :
590 2249 712 2305 Non
765 2263 950 2318 corpus
993 2244 1128 2314 quod
1160 2243 1388 2312 futurum
1433 2247 1506 2294 est
1549 2243 1785 2290 semimts.

179 2347 389 2402 Statim
415 2347 558 2400 enim
586 2343 863 2413 subiunxit
896 2358 910 2394 :
937 2338 1042 2395 Sed
1078 2335 1275 2391 uadum
1305 2347 1560 2403 granum,
1591 2337 1643 2381 ut
1665 2341 1788 2396 puta

179 2439 375 2505 tritici,
402 2447 492 2491 aut
518 2437 739 2503 alicuius
777 2431 1073 2504 Imjusmodi
1111 2427 1360 2483 seminum
1412 2423 1522 2477 lluc
1549 2428 1654 2484 cst,
1683 2431 1790 2472 non

175 2543 396 2599 corpus
423 2525 568 2599 quod
597 2533 683 2582 est
719 2523 957 2579 futurum
977 2563 992 2586 ,
1024 2533 1216 2588 netupe
1257 2533 1362 2571 nou
1390 2515 1468 2568 sic
1498 2513 1745 2566 vestitum
1769 2545 1787 2573 ,

178 2636 371 2692 neque
428 2621 664 2675 culmum
703 2615 909 2672 habens
943 2621 1000 2667 et
1027 2612 1219 2666 aristas
1253 2625 1266 2662 :
1313 2607 1420 2662 Sed
1453 2603 1642 2658 nudum
1671 2608 1794 2671 gra-

177 2732 335 2781 num,
356 2724 416 2768 ut
433 2723 560 2786 puta
582 2713 774 2779 tritici,
802 2720 889 2764 aut
916 2707 1138 2778 alicujus
1162 2720 1226 2758 cm
1241 2703 1307 2761 iis
1330 2715 1446 2773 qua:
1465 2708 1580 2754 sunt
1605 2696 1790 2765 hujus-

177 2808 354 2863 modi.
407 2806 498 2864 58.
545 2805 682 2860 Deus
729 2813 901 2858 autem
944 2799 1036 2854 ttat
1083 2798 1162 2852 illi
1193 2811 1382 2866 corpus
1439 2793 1568 2846 sicut
1610 2787 1789 2842 voluit.

174 2898 354 2955 Certe
375 2939 395 2966 ,
427 2897 634 2969 inquit;
667 2895 763 2952 sed
793 2894 901 2949 illic
924 2903 1009 2948 est
1043 2905 1180 2960 opus
1210 2899 1436 2943 naturae.
1467 2882 1635 2952 Cujus
1659 2921 1674 2946 ,
1706 2879 1814 2937 die.

176 3005 406 3066 quasso,
437 2989 682 3046 naturae?
727 3003 848 3044 nam
888 2987 1001 3042 illic
1039 2996 1255 3055 qumpte
1302 2981 1441 3034 Dens
1502 2975 1794 3066 labrieautr

179 3063 512 3141 universum
539 3122 555 3148 ,
597 3095 706 3136 non
745 3088 936 3133 natura
979 3089 1152 3145 neque
1193 3083 1336 3128 terra
1373 3082 1552 3138 neque
1589 3063 1786 3136 pluvia.

179 3175 560 3244 Quamobrem
609 3172 725 3242 ipse
755 3171 870 3226 lure
915 3169 1227 3240 signiﬁcans
1251 3205 1266 3229 ,
1297 3163 1519 3219 dimissa
1547 3169 1688 3216 terra
1739 3168 1790 3214 et

181 3283 322 3325 aere
352 3279 411 3324 et
451 3267 632 3338 pluvia
658 3275 714 3320 et
737 3262 1093 3335 agricolarum
1133 3258 1378 3314 manibus
1406 3299 1422 3320 ,
1453 3253 1728 3325 subiunxit
1775 3269 1790 3306 :

181 3358 336 3417 Deus
363 3361 454 3414 dat
487 3359 567 3414 illi
597 3373 784 3429 corpus
814 3357 942 3412 sicut
976 3353 1155 3410 voluit.
1193 3351 1312 3407 Noli
1354 3365 1486 3420 ergo
1521 3349 1795 3419 inquirere

181 3463 246 3508 et
283 3453 542 3524 indagare
567 3449 835 3522 quomodo
859 3459 916 3506 et
935 3463 1163 3518 quanam
1191 3447 1420 3510 ratione,
1451 3459 1574 3498 eum
1607 3441 1796 3496 audie-

187 3545 270 3600 ris
311 3543 410 3598 Dei
443 3541 734 3614 potentiam
778 3548 833 3597 et
857 3541 1208 3594 voluntatem.
1242 3535 1309 3590 Et
1351 3535 1622 3605 unicuique
1645 3534 1796 3589 semi-

185 3654 318 3690 imm
367 3637 632 3706 proprium
673 3647 882 3704 corpus.
910 3632 1012 3690 Ubi
1058 3643 1187 3701 ergo
1217 3630 1488 3685 alienum?
1515 3629 1606 3682 dat
1649 3627 1794 3682 enim

190 3729 499 3800 proprium.
530 3729 890 3796 thtnobrem
919 3725 1134 3796 qttaiido
1159 3724 1309 3790 dicit,
1345 3721 1462 3776 Non
1491 3720 1626 3792 quod
1651 3721 1794 3791 futu-

189 3839 314 3876 rum
359 3832 431 3876 est
459 3823 712 3884 seminus,
743 3836 848 3874 non
896 3819 998 3873 hoc
1025 3817 1189 3882 dicit,
1218 3814 1360 3886 quod
1399 3814 1502 3868 alia
1549 3827 1645 3880 pro
1689 3813 1796 3866 alia

193 3924 454 3984 resurgat
475 3915 734 3976 essentia,
757 3909 1016 3980 sedquod
1041 3908 1248 3970 melior,
1279 3905 1421 3977 quod
1445 3903 1795 3972 splendidior.

199 4006 494 4074 Unicuique
529 4007 664 4061 enim
699 4007 949 4059 seminum
987 4002 1250 4072 proprium
1284 4015 1488 4069 corpus.
1526 3997 1662 4052 llinc
1685 3997 1798 4066 jam

197 4099 502 4154 introducit
529 4101 689 4154 etiam
719 4098 1076 4153 differentiam
1107 4093 1522 4150 resurrectiOnis
1561 4101 1690 4147 tunc
1719 4089 1802 4146 iu-

204 4207 365 4246 turtc.
397 4190 476 4246 Ne
500 4191 643 4246 enim
665 4229 681 4256 ,
710 4191 963 4261 quoniam
993 4189 1292 4244 seminatur
1313 4200 1497 4241 semen
1523 4195 1580 4240 et
1613 4196 1803 4238 omnes

203 4284 508 4342 ascendunt
548 4285 712 4354 Spicze
735 4322 752 4350 ,
787 4291 1068 4353 propterea
1098 4282 1376 4337 existimes
1406 4292 1588 4350 parem
1638 4279 1801 4334 etiam

205 4379 474 4433 honorem
502 4377 693 4432 essein
716 4375 1132 4432 resurrectione.
1159 4367 1374 4428 Etenim
1407 4387 1475 4428 ne
1502 4373 1554 4428 in
1579 4371 1802 4428 semini-

208 4472 313 4525 bus
331 4469 548 4540 quidem
567 4481 704 4524 unus
726 4475 808 4523 est
830 4467 994 4522 ordo:
1017 4466 1148 4520 Nam
1169 4467 1270 4520 alia
1287 4464 1502 4535 quidem
1523 4475 1647 4519 aunt
1669 4475 1806 4534 prae-

206 4564 470 4618 stantiora
485 4569 539 4616 et
554 4561 880 4624 honestiora,
893 4558 997 4614 alia
1011 4572 1138 4614 vero
1153 4558 1420 4613 deteriora
1441 4575 1454 4612 :
1469 4571 1634 4626 quare
1645 4554 1805 4612 etiam

209 4655 536 4725 subjunxit:
570 4655 637 4708 Et
677 4653 948 4718 unicuique
987 4653 1256 4723 prapriunt
1299 4663 1505 4721 corpus.
1539 4647 1804 4705 C:eterum

211 4764 320 4804 non
343 4758 428 4804 est
451 4747 555 4802 hoc
579 4755 887 4812 contentus,
911 4743 1006 4800 sed
1027 4743 1186 4799 aliam
1209 4743 1402 4813 qumrit
1425 4741 1804 4806 ditior-entiam,

212 4841 475 4912 majorem
505 4851 561 4896 et
590 4838 1034 4894 manilestiorem.
1063 4834 1196 4892 Nam
1226 4851 1294 4891 ne
1321 4843 1442 4890 cum
1471 4833 1769 4890 audivisses
1789 4871 1806 4898 ,

212 4932 359 4986 sicut
377 4931 508 4997 dixi,
537 4930 678 5000 quod
703 4943 893 4984 omnes
918 4935 1218 4998 resurgant,
1251 4925 1592 4980 existimares
1619 4939 1808 4980 Olllllcs

213 5023 406 5080 eadem
438 5021 692 5092 censequi
723 5030 777 5076 et
803 5019 990 5074 iisdem
1028 5018 1159 5085 frui,
1191 5017 1336 5088 prius
1355 5016 1570 5086 quidem
1598 5015 1728 5087 jecit
1758 5016 1812 5069 in

217 5115 648 5186 praecedentibus
701 5113 908 5169 semina
963 5111 1122 5180 hujus
1173 5111 1496 5175 sententite,
1550 5109 1739 5164 dicens
1793 5125 1810 5162 :

223 5211 578 5280 Unusquisque
605 5217 774 5262 autem
797 5207 849 5260 iu
871 5205 1080 5278 proprio
1104 5203 1299 5258 Ordine.
1325 5197 1474 5257 Facit
1499 5209 1678 5257 autem
1711 5197 1809 5256 hoc

219 5301 460 5372 apertius
485 5301 571 5354 liic
600 5313 816 5369 quoque
860 5309 1071 5364 rursus,
1097 5291 1323 5349 dicens:
1355 5292 1445 5348 '59.
1489 5293 1610 5347 Non
1650 5295 1812 5349 onmis

223 5412 344 5450 caro
367 5393 542 5448 eadem
569 5405 710 5447 caro.
738 5389 874 5458 Quid
902 5389 1044 5444 enim
1067 5429 1083 5454 ,
1127 5386 1334 5458 inquit,
1355 5387 1481 5442 dico
1505 5386 1558 5441 in
1590 5387 1798 5442 semini-

226 5491 362 5542 bus?
389 5489 492 5541 hoc
533 5487 706 5556 ipsum
750 5483 1014 5554 agitemus
1056 5481 1218 5536 etiam
1262 5481 1314 5534 in
1356 5479 1708 5547 corporibus,
1751 5479 1816 5531 de

223 5579 414 5650 quibus
456 5592 484 5630 a
523 5577 679 5629 nobis
715 5588 858 5628 nunc
885 5574 1074 5642 agitur.
1110 5569 1470 5638 Quamobrem
1495 5568 1767 5639 subjungit
1795 5608 1811 5633 ,

225 5673 409 5726 dicens
438 5685 453 5722 :
487 5669 594 5724 Sed
622 5667 727 5720 alia
749 5665 949 5736 quidem
977 5679 1095 5717 caro
1121 5671 1192 5717 est
1219 5661 1498 5726 hominum,
1526 5657 1630 5714 alia
1649 5670 1816 5716 autem

227 5777 483 5833 pecorum,
524 5761 634 5814 alia
663 5758 959 5819 volucrum,
991 5753 1097 5808 alia
1123 5763 1293 5806 autem
1331 5751 1565 5823 piscium.
1614 5752 1702 5807 40.
1751 5751 1817 5806 Et

225 5867 443 5922 corpora
469 5849 728 5913 cerialia,
756 5855 802 5902 ct
825 5862 1040 5912 corpora
1060 5844 1315 5897 terrestria
1343 5859 1360 5896 :
1388 5843 1476 5896 sed
1498 5843 1600 5894 alia
1622 5843 1819 5911 quidc.tt

228 5944 498 6002 cwlestium
535 5940 698 6011 gloria
723 5981 739 6002 ,
783 5939 886 5992 alia
926 5945 1092 5990 autem
1120 5936 1430 5989 terrestrium
1459 5949 1476 5989 :
1503 5935 1590 5990 41.
1619 5933 1722 5988 alia
1747 5945 1820 5989 est

569 6035 838 6092 PATROL.
886 6031 1002 6094 Gn.
1053 6030 1219 6090 LXI-

1217 467 1284 527 IN
1322 458 1536 525 EPiST.
1580 463 1600 520 ι
1645 459 1756 524 ,ΑΒ
1792 458 1945 518 COR.
1993 456 2226 518 IIOMIL.
2268 456 2408 517 ιιι.

3367 459 3475 518 52"»8

1885 574 2050 644 gloria
2075 575 2220 640 solis,
2248 583 2296 628 et
2333 574 2438 628 alia
2461 581 2536 630 est
2562 571 2729 646 gloria
2761 571 2896 628 laute
2915 615 2930 642 ,
2959 583 3006 628 ct
3034 573 3140 629 alia
3168 574 3329 648 gloria
3361 581 3478 632 stel-

1887 665 2054 720 larum
2082 679 2100 720 :
2127 665 2276 720 stella
2304 665 2441 720 enim
2478 681 2510 718 a
2534 664 2681 720 stella
2709 664 2882 734 diﬂ'crt
2910 668 2964 719 in
2991 663 3179 738 gloria.

1956 757 2012 811 5.
2055 756 2123 812 Et
2181 755 2308 826 quid
2338 755 2438 812 sibi
2489 756 2674 812 volunt
2713 755 2828 812 lucc
2871 757 3080 814 verba?
3125 773 3359 829 quanam
3410 761 3478 818 de

1885 859 2045 902 causa
2071 861 2102 901 a
2132 848 2527 903 resurrectione
2553 861 2842 919 corporum
2868 848 3068 904 excidit
3094 849 3146 905 in
3174 851 3474 910 orationem

1887 940 1956 994 de
1983 939 2156 995 steiiis
2182 951 2236 996 et
2279 940 2432 997 sole?
2461 941 2577 996 Non
2606 941 2842 1009 excidit,
2875 953 3048 1013 neque
3083 943 3345 1001 abductus
3383 948 3481 1004 fuit

1886 1033 1954 1088 ab
1993 1043 2309 1104 argumento
2329 1073 2346 1101 ,
2375 1035 2544 1102 absit,
2571 1035 2666 1090 sed
2711 1035 2762 1090 iu
2791 1050 2857 1092 eo
2885 1036 3061 1092 adhuc
3101 1037 3288 1095 lueret.
3343 1039 3476 1096 Nam

1887 1125 2140 1192 quoniam
2168 1125 2416 1194 probarit
2443 1125 2586 1196 quod
2610 1126 2811 1182 dictum
2838 1136 2922 1183 est
2949 1127 3018 1184 de
3043 1131 3442 1188 resurrectione
3462 1175 3477 1196 .

1888 1215 2121 1271 ostendit
2156 1217 2302 1285 jam,
2349 1217 2491 1288 quod
2543 1226 2668 1273 tunc
2707 1217 2901 1274 futura:
2943 1218 3130 1290 glorise
3173 1236 3365 1292 magna
3411 1225 3482 1278 sit

1887 1306 2188 1362 dill‘erentia
2212 1350 2228 1374 ,
2257 1308 2358 1364 etsi
2387 1323 2490 1364 una
2519 1317 2604 1365 cst
2629 1311 2955 1366 resurrcCtio
2989 1329 3002 1366 :
3035 1320 3091 1367 et
3119 1313 3171 1366 in
3201 1315 3308 1370 duo
3337 1315 3478 1372 inte-

1889 1397 1989 1452 rim
2025 1399 2214 1454 dividit
2242 1400 2582 1468 universum,
2615 1417 2810 1472 nempe
2839 1403 2891 1458 iu
2933 1403 3170 1460 ca‘lcstia
3201 1415 3256 1461 et
3283 1416 3481 1464 terres-

1893 1489 2016 1543 tria.
2045 1488 2178 1544 Nam
2207 1491 2351 1561 quod
2397 1506 2623 1562 corpora
2651 1493 2869 1568 quidem
2901 1505 3217 1566 resurgant,
3248 1500 3483 1554 ostendit

1893 1595 1988 1650 per
2022 1581 2344 1639 frumentum
2397 1601 2412 1640 :
2455 1584 2596 1654 quod
2637 1595 2816 1641 autem
2858 1603 2964 1642 non
2995 1590 3174 1644 onmia
3213 1590 3263 1644 in
3293 1593 3481 1647 eadem

1892 1673 2080 1743 gloria.
2101 1673 2225 1729 hinc
2245 1676 2499 1731 ostendit.
2514 1675 2662 1732 Sicut
2678 1679 2820 1732 enim
2846 1693 2952 1733 non
2973 1679 3196 1735 credere
3215 1695 3484 1737 resurrec-

1895 1766 2046 1833 tioai,
2075 1768 2294 1837 supinos
2314 1768 2478 1824 facit:
2507 1769 2579 1825 ita
2600 1770 2760 1824 etiam
2785 1771 3114 1842 negligentes
3137 1775 3307 1828 reddit
3329 1785 3378 1828 et
3399 1791 3486 1830 so-

1893 1859 2120 1926 cordes,
2147 1860 2456 1916 existimare
2493 1873 2682 1916 omnes
2707 1862 2896 1917 eadem
2931 1865 3270 1936 conscqui‘et
3295 1866 3483 1922 iisdem

1895 1947 2018 2004 frui.
2045 1949 2405 2018 Quamobrem
2441 1961 2725 2022 utrmuque
2757 1953 2982 2025 corrigit
3007 1971 3020 2008 :
3045 1965 3099 2010 et
3134 1955 3237 2010 alia
3267 1957 3484 2027 quidem

1894 2040 2122 2097 absolvit
2144 2041 2194 2096 in
2219 2042 2664 2112 praecedentibus,
2686 2044 2755 2099 ab
2780 2045 2880 2100 hoc
2899 2055 3076 2102 autem
3099 2063 3240 2102 nunc
3261 2049 3445 2119 incipit
3469 2069 3482 2104 :

1895 2145 2088 2192 etcum
2111 2139 2248 2194 duos
2270 2137 2488 2196 fecisset
2508 2141 2725 2197 ordines
2742 2140 3008 2211 iustorum
3027 2150 3080 2198 et
3099 2153 3444 2213 peccatorum
3468 2185 3485 2211 ,

1896 2227 1994 2282 bos
2012 2229 2156 2299 ipsos
2176 2241 2363 2286 rursus
2382 2241 2531 2287 secat
2545 2231 2595 2286 in
2611 2232 2796 2302 plures
2813 2243 3018 2302 partes:
3038 2234 3330 2290 ostendens
3344 2237 3484 2311 quod

1896 2334 2073 2392 neque
2090 2321 2242 2392 justi.
2263 2337 2436 2393 neque
2455 2333 2762 2392 peccatores
2779 2325 2967 2382 eadem
2989 2337 3364 2398 assequentur;
3393 2345 3488 2384 ne-

1893 2426 2000 2481 que
2021 2411 2144 2482 justi
2170 2427 2360 2470 eiuues
2380 2415 2567 2471 eadem
2587 2431 2705 2486 qua:
2715 2416 2846 2488 justi
2869 2419 3161 2489 alii,ucque
3177 2431 3488 2490 peccatores

1891 2502 2087 2558 eadem
2105 2518 2224 2574 qua:
2235 2515 2572 2574 peccatores.
2597 2505 2889 2579 Facitergo
2907 2509 3138 2578 primum
3175 2521 3335 2566 unam
3361 2526 3483 2566 sec-

1894 2594 2094 2650 tionem
2105 2595 2372 2665 justorum
2385 2606 2436 2652 et
2449 2600 3256 2673 peccatorum,dicens:Corpora
3267 2603 3488 2658 calestia

1894 2697 1941 2740 et
1957 2698 2175 2756 corpora
2189 2691 2472 2756 terrestria;
2487 2701 2584 2762 per
2607 2693 2880 2748 terrestria
2899 2692 3118 2764 quidem
3137 2693 3236 2752 bos
3248 2695 3488 2752 subindi-

1891 2791 2148 2848 cans,per
2161 2779 2398 2836 caelestia
2415 2790 2595 2838 autem
2615 2783 2756 2840 illos.
2777 2784 2982 2842 Deinde
3001 2785 3072 2843 de
3090 2795 3291 2844 caetero
3317 2789 3486 2846 intro-

1892 2870 2043 2926 ducit
2067 2871 2425 2929 dill‘erentiam
2451 2883 2796 2946 peccatorum
2808 2891 2837 2932 a
2851 2879 3243 2947 peccatoribus,
3260 2879 3448 2937 dicens
3468 2900 3483 2936 :

1899 2961 2022 3018 Non
2047 2965 2211 3018 omnis
2234 2981 2356 3020 caro
2378 2967 2554 3020 eadem
2579 2978 2699 3022 caro
2713 3007 2730 3034 ,
2753 2967 2844 3024 sed
2863 2969 2970 3024 alia
2999 2970 3202 3040 quidem
3229 2972 3442 3043 piscium
3469 3016 3485 3039 ,

1865 3058 1872 3063 ’
1895 3055 2000 3110 alia
2023 3065 2192 3111 autem
2209 3057 2471 3112 volucrum
2492 3067 2538 3113 et
2561 3073 2822 3130 pecorum.
2844 3061 3004 3132 Atqui
3024 3073 3150 3119 sunt
3167 3064 3489 3121 omttiacor-

1898 3165 2050 3220 pora,
2072 3151 2167 3206 sed
2189 3151 2292 3207 alia
2320 3151 2537 3223 quidem
2579 3153 2766 3210 viliora
2787 3162 2844 3210 et
2878 3154 3193 3226 abiectiore,
3231 3155 3338 3212 alia
3362 3173 3491 3214 vero

1896 3243 2094 3297 minus.
2124 3241 2179 3298 lu
2203 3242 2309 3298 vita
2333 3257 2552 3316 quoque
2571 3245 2820 3302 similiter
2839 3246 2964 3302 etin
2992 3246 3182 3302 eadem
3212 3249 3494 3304 constitu-

1898 3339 2061 3392 tione.
2090 3337 2152 3392 Et
2173 3351 2296 3392 cum
2324 3337 2428 3392 hoc
2446 3336 2692 3403 dixisset,
2716 3337 2962 3394 ascendit
2981 3353 3170 3394 rursus
3196 3339 3248 3394 in
3269 3340 3487 3406 escium,

1897 3429 2080 3484 dicens
2101 3446 2115 3484 :
2141 3429 2258 3484 Alia
2281 3429 2444 3500 gloria
2457 3430 2609 3498 solis,
2627 3440 2674 3486 ct
2696 3431 2803 3486 alia
2815 3431 2982 3502 gloria
3003 3432 3158 3488 (ante.
3180 3429 3332 3488 Sicut
3347 3435 3491 3490 enim

1899 3523 1949 3577 in
1968 3521 2314 3578 terrestribus
2346 3522 2663 3593 corporibus
2687 3533 2772 3578 est
2794 3521 3122 3592 dill'erentia,
3153 3523 3222 3580 ita
3249 3525 3490 3580 etiamin

1897 3615 2198 3670 ett-testibus
2211 3623 2299 3670 est
2312 3613 2635 3684 dilfcrentia,
2648 3629 2817 3686 eaque
2830 3630 2935 3670 non
2949 3616 3202 3687 vulgaris,
3217 3617 3311 3674 sed
3330 3619 3492 3675 etiam

1899 3721 2067 3776 usque
2083 3706 2148 3762 ad
2169 3715 2432 3764 extrema.
2450 3706 2565 3762 Non
2583 3708 2756 3762 solum
2772 3707 2916 3764 enim
2933 3718 3016 3764 est
3033 3707 3332 3766 diil'erentia
3363 3713 3494 3769 solis

1898 3812 1928 3850 a
1945 3798 2088 3864 luna,
2109 3809 2284 3868 neque
2301 3798 2439 3853 inme
2455 3799 2690 3864 astellis,
2708 3799 2802 3854 sed
2819 3799 2980 3855 etiam
3009 3800 3283 3857 stellarum
3307 3818 3336 3858 a
3363 3805 3496 3860 stel-

1901 3890 1984 3944 lis.
2005 3887 2136 3944 Nam
2153 3889 2364 3946 etiamsi
2385 3891 2564 3945 omnia
2589 3891 2696 3945 sint
2726 3894 2779 3946 in
2805 3891 2958 3958 caelo,
2981 3891 3085 3948 alia
3117 3903 3294 3949 tamen
3323 3897 3494 3966 majo-

1900 3996 2036 4048 rem,
2051 3980 2154 4035 alia
2174 3995 2300 4036 vero
2317 3981 2578 4037 minorem
2596 3980 2795 4038 habent
2811 3982 3055 4054 gloriam.
3070 3980 3204 4053 Quid
3225 4002 3352 4059 ergo
3371 3989 3496 4044 hine

1901 4073 2196 4130 discimus?
2215 4074 2366 4140 Quod
2385 4075 2593 4130 etiamsi
2615 4089 2803 4131 omnes
2825 4075 2934 4130 sint
2963 4075 3013 4130 in
3046 4091 3230 4148 regno,
3250 4093 3357 4134 non
3379 4094 3496 4135 om-

1905 4183 2000 4222 nes
2025 4177 2202 4222 tamen
2237 4167 2427 4222 eadem
2457 4177 2860 4238 consequentur
2889 4177 2943 4222 et
2967 4163 3156 4224 iisdem
3209 4169 3492 4228 fruentur:

1905 4259 2114 4314 etiamsi
2157 4273 2350 4314 omnes
2395 4269 2706 4330 peccatores
2743 4260 2796 4314 in
2841 4258 3082 4332 gcltenna
3107 4302 3124 4328 ,
3175 4274 3281 4318 non
3307 4280 3499 4322 omnes

1906 4351 2094 4408 eadem
2140 4349 2500 4406 sustinebunt.
2533 4351 2602 4407 Et
2660 4351 2782 4408 ideo
2837 4350 3113 4424 subjunxit
3159 4355 3294 4410 τη.
3325 4355 3416 4412 Sic
3450 4369 3498 4413 et

1906 4443 2207 4498 resurrectio
2261 4449 2617 4500 mortuorum.
2675 4443 2796 4514 Sic,
2851 4441 3164 4520 quomodo?
3221 4452 3276 4507 in
3336 4449 3499 4504 umlta

1907 4535 2234 4591 dill‘erentia.
2283 4535 2486 4592 Deinde
2537 4533 2638 4591 hac
2689 4545 2960 4606 tamquam
3008 4537 3228 4606 probata
3277 4538 3498 4595 dimissa

1909 4627 2172 4692 oratione,
2195 4643 2382 4684 rursus
2403 4629 2548 4684 venit
2572 4622 2639 4683 ad
2667 4627 3180 4685 demonstrationem
3202 4639 3257 4686 et
3281 4631 3500 4687 modum

1913 4723 2080 4791 ipsius
2133 4718 2575 4787 resurrectionis,
2609 4715 2839 4775 dicens:
2875 4720 3175 4776 Seminatur
3217 4723 3271 4777 in
3321 4740 3498 4778 corru-

1910 4813 2106 4884 ptione,
2141 4821 2309 4884 surget
2337 4814 2390 4866 in
2418 4813 2816 4881 incorruptione.
2866 4809 2998 4866 Vide
3036 4822 3212 4867 autem
3259 4815 3501 4884 pruden-

1913 4905 2041 4960 tiam
2073 4921 2088 4957 :
2122 4905 2174 4958 in
2207 4903 2506 4958 seminibus
2533 4903 2750 4972 quidem
2787 4917 2916 4958 usus
2941 4912 3026 4957 est
3057 4905 3280 4961 nomine
3307 4921 3504 4978 corpo-

1912 5011 2055 5059 rum,
2085 4995 2271 5051 dicens
2319 5011 2332 5048 :
2385 4988 2506 5048 Non
2535 4990 2819 5061 viviﬁcatur
2839 5034 2854 5057 ,
2887 4985 2988 5047 nisi
3026 4995 3180 5066 fuerit
3214 5007 3510 5066 mortuum;

1916 5086 1968 5142 in
1995 5087 2314 5156 corporibus
2336 5095 2516 5140 autem
2542 5085 2906 5156 appellatione
2929 5087 3194 5141 seminum
3221 5128 3238 5154 ,
3268 5089 3460 5145 dicens
3491 5109 3506 5145 :

1921 5180 2211 5236 Sentinatur
2236 5179 2289 5232 in
2313 5179 2668 5245 corruptione,
2695 5179 2855 5250 surgit
2880 5179 2934 5233 iu
2961 5181 3360 5250 incorruptione.
3390 5183 3507 5241 Non

1917 5273 2078 5339 .llcit,
2107 5269 2375 5335 Nascitur,
2403 5288 2472 5328 ne
2499 5272 2776 5326 existimes
2817 5287 2938 5327 esse
2978 5288 3114 5341 optts
3147 5281 3340 5339 terrae,
3385 5277 3506 5340 sed.

1925 5365 2120 5436 Surgit.
2150 5358 2574 5420 Semiuationem
2596 5373 2778 5418 autem
2817 5362 2902 5418 hic
2928 5363 3093 5430 dicit,
3124 5381 3230 5422 non
3271 5379 3510 5424 nostram

1917 5458 1968 5510 iu
2012 5457 2232 5510 matrice
2261 5455 2696 5525 generationem,
2735 5453 2828 5509 sed
2856 5454 3233 5512 defunctorum
3278 5459 3329 5512 in
3367 5469 3512 5513 terra

1917 5550 2270 5620 sepultorum,
2313 5545 2760 5611 dissolutionem,
2819 5546 3079 5602 cinerem.
3149 5548 3510 5616 Quamobrem

1919 5659 2040 5699 cum
2067 5644 2326 5710 dixisset,
2360 5641 2654 5698 Seminamr
2683 5641 2736 5695 in
2775 5641 3134 5710 corruptione,
3163 5641 3324 5710 surgit
3353 5641 3406 5693 in
3433 5641 3512 5694 in.

1921 5735 2264 5806 corruptione,
2295 5730 2578 5803 subiunxit
2607 5749 2622 5786 ε
2653 5728 2746 5788 45.
2775 5731 3072 5786 Seminatur
3098 5733 3149 5785 in
3176 5729 3510 5801 ignobilitate.

1923 5831 2060 5900 Quid
2087 5832 2230 5886 enim
2257 5837 2342 5886 est
2371 5828 2486 5882 risu
2511 5827 2716 5897 turpius
2740 5840 2900 5896 quam
2925 5839 3124 5894 corpus
3153 5824 3292 5895 quod
3327 5825 3504 5881 disse.

1929 5931 2093 5981 lutum
2119 5927 2236 5984 est?
2271 5927 2446 5998 Surgit
2478 5917 2536 5971 in
2561 5919 2728 5988 gloria
2756 5935 2773 5971 :
2807 5915 3088 5969 seminatur
3113 5917 3165 5970 in
3201 5916 3504 5984 inﬁrmitate.

3064 6007 3143 6068 23

2139 6117 2144 6121 .
2159 6119 2194 6127 ᾗ
