3998 6496
536 481 639 537 559

538 595 781 650 Nondum
803 591 1088 645 enimsunt
1110 584 1322 651 triginta
1345 580 1482 640 dies,
1503 587 1555 630 et
1583 576 1738 644 periit
1759 573 2062 625 universum
2091 585 2103 620 :

541 702 639 742 nec
687 692 859 754 potest
895 691 1020 733 caro
1063 691 1122 728 se
1147 673 1476 733 continere,
1536 681 1708 734 neque
1763 675 1924 716 unum
1967 659 2106 713 diem

530 753 751 834 durare.
784 771 959 842 Surgit
982 769 1037 822 in
1063 768 1257 820 virtute.
1290 763 1440 816 Tunc
1483 760 1628 813 enim
1677 755 1792 825 ejus
1839 753 1967 807 nihil
2024 765 2111 802 su-

539 871 741 942 pcrerit
796 864 1080 934 reliquum.
1148 859 1438 926 Propterea
1483 862 1538 907 et
1587 851 1692 904 illis
1742 862 1878 917 epos
1927 844 2111 898 habuit

538 935 821 1030 exemplis,
854 971 920 1010 ne
949 952 1101 1007 multi
1135 951 1249 1003 hmc
1277 946 1578 1007 audientes,
1607 954 1800 1007 nempe
1828 935 1967 1006 quod
1999 950 2116 985 sur-

539 1060 672 1122 gunt
703 1052 755 1104 in
783 1044 1180 1114 incorruptione
1227 1046 1282 1093 et
1306 1037 1474 1107 gloria
1516 1044 1570 1088 et
1611 1033 1804 1085 virtute
1825 1070 1839 1092 ,
1869 1035 2117 1095 putarent

543 1119 929 1210 resurgentium
962 1133 1156 1188 nullam
1186 1144 1307 1183 esse
1337 1123 1709 1182 differentiam.
1758 1119 1888 1174 Nam
1931 1131 2118 1169 omnes

543 1232 755 1300 quidem
785 1235 1087 1297 resurgunt,
1115 1236 1168 1277 et
1195 1223 1245 1275 in
1275 1222 1466 1274 virtute
1487 1226 1539 1269 et
1568 1217 1619 1268 in
1647 1211 2043 1280 incorruptione
2067 1217 2120 1260 ct

547 1298 597 1376 in
630 1319 798 1390 gloria
830 1320 927 1372 hac
953 1311 1365 1380 incorruptitmis
1387 1349 1400 1373 ,
1429 1322 1536 1360 non
1562 1315 1736 1358 tamen
1769 1314 1955 1353 omnes
1977 1298 2120 1364 ejus-

543 1389 668 1467 dem
693 1408 912 1463 honoris
937 1416 991 1460 et
1011 1402 1330 1459 securitatis.
1359 1400 1451 1454 M.
1487 1396 1782 1450 Seminatur
1808 1406 1991 1458 corpus
2011 1389 2123 1439 ani-

547 1502 696 1565 male,
724 1499 884 1570 surgit
915 1513 1099 1560 corpus
1129 1491 1410 1562 spirituale.
1443 1487 1534 1540 Est
1561 1501 1742 1552 corpus
1779 1481 1996 1534 animale
2016 1520 2031 1541 ,
2076 1486 2123 1530 et

546 1603 619 1649 est
644 1606 827 1662 corpus
865 1586 1147 1657 δρῦν-11111118.
1193 1582 1331 1651 Quid
1365 1579 1537 1633 dicis?
1569 1577 1668 1629 hoc
1710 1583 1896 1626 alitem
1949 1582 2126 1622 nonne

551 1695 635 1741 est
661 1681 979 1753 Spirituale?
1022 1676 1310 1747 Spiritualc
1353 1673 1601 1742 quidem,
1645 1666 1738 1721 scd
1780 1663 1906 1717 ill-ml
1957 1662 2122 1716 multo

556 1749 742 1845 magis.
776 1771 903 1827 Nam
933 1765 1309 1836 nunc-quidem
1336 1777 1479 1830 sa'pe
1509 1759 1682 1812 avolat
1709 1756 1933 1823 Spiritus
1955 1749 2124 1805 sancti

555 1866 716 1920 multa
762 1862 927 1932 gratia
964 1859 1228 1928 aliquibus
1261 1867 1451 1922 magna
1473 1847 1874 1920 peccantibus,
1899 1853 1954 1897 et
1987 1856 2127 1910 prte-

539 1964 707 2011 ‘sente
735 1966 944 2023 quoque
972 1949 1161 2019 spiritu
1192 1946 1404 2004 aninue,
1444 1940 1621 1993 avolat
1663 1938 1768 1990 vita
1811 1934 2023 1996 carnis;
2071 1939 2127 1984 et

549 2045 697 2114 quod
740 2051 821 2097 est
857 2037 1193 2109 huiusmodi,
1237 2035 1438 2102 absque
1478 2031 1578 2082 hoc
1622 2036 1705 2082 est
1753 2027 1911 2078 inane
1958 2032 2129 2075 :tuuc

557 2113 734 2190 autem
769 2148 873 2187 non
905 2133 1008 2193 sic,
1033 2128 1125 2183 sed
1171 2132 1428 2195 perpetuo
1477 2126 1752 2190 permanet
1783 2117 1836 2168 i-n
1863 2129 2023 2167 carne
2044 2113 2132 2180 jn-

564 2239 791 2289 storum,
824 2233 877 2277 et
916 2221 1032 2291 ejus
1057 2220 1160 2274 erit
1190 2225 1425 2287 potestas
1451 2222 1504 2266 ct
1543 2211 1822 2279 imperium
1875 2213 2137 2275 prtescute

559 2332 770 2388 quoque
799 2315 994 2368 anima.
1026 2315 1130 2366 Aut
1157 2309 1299 2364 enim
1343 2307 1445 2360 tale
1470 2303 1596 2374 quid
1631 2299 2019 2362 subiudicavit,
2058 2297 2137 2350 di-

569 2425 697 2464 cens
727 2407 1040 2477 Spirituale;
1065 2410 1156 2456 aut
1191 2398 1332 2470 quod
1369 2397 1603 2451 futurum
1633 2393 1702 2446 sit
1730 2393 1897 2447 levius
1925 2400 1978 2444 ct
2009 2389 2137 2443 sub-

561 2502 726 2564 tilius,
749 2507 804 2551 et
831 2495 972 2566 quod
1005 2494 1168 2563 possit
1205 2492 1365 2546 etiam
1398 2488 1516 2541 vehi
1550 2486 1603 2540 in
1635 2499 1794 2548 aere;
1829 2483 1912 2536 vel
1959 2482 2137 2550 potius

559 2604 864 2659 utrumque.
899 2587 952 2641 Si
984 2598 1160 2640 autem
1191 2597 1296 2637 non
1323 2581 1498 2636 credis
1524 2579 1570 2633 ei
1602 2577 1742 2648 quod
1770 2577 1986 2636 dicitur,
2020 2572 2141 2626 vide

561 2695 788 2753 corpora
819 2677 1052 2734 erlcstia
1095 2689 1214 2744 qua:
1243 2683 1366 2726 sunt
1389 2682 1493 2725 tam
1525 2667 1804 2738 splendida
1847 2677 1896 2720 et
1927 2665 2144 2718 durabi-

562 2776 654 2837 lia,
695 2781 750 2827 et
779 2777 1089 2840 permanent
1140 2769 1191 2819 in
1230 2763 1535 2819 conditione
1573 2777 1676 2814 non
1706 2759 2052 2819 senesceudi;
2095 2766 2149 2809 et

565 2865 690 2920 hinc
719 2860 842 2917 cred
857 2876 907 2922 c,
941 2857 1078 2928 quod
1109 2858 1246 2910 Deus
1270 2864 1444 2924 potest
1466 2854 1636 2906 facere
1664 2850 1775 2904 lure
1800 2865 2009 2918 quoque
2030 2863 2150 2902 cor-

551 2953 837 3024 .ruptibilia
885 2947 1303 3018 incorruptiltilia
1359 2946 1514 3007 ﬁeri,
1585 2952 1639 2996 et
1714 2942 1881 2994 multo
1930 2940 2148 2992 meliora

569 3049 634 3101 iis
661 3062 776 3115 qum
804 3051 1114 3098 cernuntur.
1147 3040 1240 3094 45.
1274 3039 1419 3091 Sicut
1445 3035 1688 3105 scriptum
1717 3045 1786 3087 est
1814 3048 1832 3086 :
1867 3033 2058 3085 Factus
2079 3042 2152 3084 est

567 3136 760 3205 primus
783 3133 930 3186 homo
955 3135 1004 3184 in
1031 3131 1252 3182 animam
1280 3127 1519 3181 viventem
1542 3143 1560 3190 ;
1587 3125 1885 3179 novissimus
1919 3123 2076 3175 Adam
2102 3123 2154 3174 in

575 3225 807 3294 spiritum
849 3222 1201 3289 viviﬁcantem.
1242 3219 1400 3284 Atqui
1455 3214 1584 3269 illud
1629 3213 1841 3283 quidem
1898 3214 2152 3280 scriptum

573 3327 654 3373 est
687 3314 837 3387 (Gen.
863 3312 918 3367 2.
948 3313 1036 3381 7),
1068 3311 1170 3364 hoc
1193 3317 1372 3362 autem
1402 3323 1507 3360 non
1531 3315 1613 3360 est
1665 3305 1917 3372 scriptum
1965 3321 1978 3356 :
2021 3317 2153 3371 quo-

566 3407 742 3461 =modo
764 3418 892 3475 ergo
917 3401 1050 3458 dixit
1070 3441 1087 3468 ,
1114 3397 1374 3470 Scriptum
1403 3408 1470 3452 est
1489 3399 1514 3451 ?
1539 3399 1581 3451 A
1611 3412 1790 3450 rerum
1836 3406 2027 3448 eventu
2060 3395 2159 3447 hoc

581 3501 958 3567 interpretatus
990 3513 1001 3546 :
1029 3491 1167 3562 quod
1203 3490 1339 3544 solet
1375 3487 1591 3542 assidue
1648 3485 1844 3540 facere.
1877 3486 1968 3538 Est
2016 3487 2156 3538 enim

581 3590 668 3643 hic
695 3602 811 3642 mos
841 3585 1114 3656 propheta:
1143 3597 1156 3634 :
1186 3580 1384 3636 ctenim
1424 3577 1720 3636 Jerusalem
1765 3576 2030 3630 civitatem
2069 3577 2156 3642 ju-

560 3673 566 3691 ²
588 3681 748 3736 stitia:
783 3678 1077 3733 Vol-audam
1103 3675 1219 3730 fore
1249 3674 1380 3728 dixit
1412 3675 1667 3742 propheta
1702 3670 1883 3740 (Zuch.
1915 3671 1968 3724 8.
1995 3670 2075 3740 5),
2108 3679 2161 3724 et

570 3787 688 3828 non
717 3781 798 3826 est
823 3777 1031 3824 VOCala.
1060 3765 1196 3834 Quid
1216 3764 1384 3835 ergo?
1409 3763 1671 3816 falsumne
1700 3763 1832 3815 dixit
1867 3759 2163 3830 propheta?

505 3928 514 3937 .
583 3864 926 3933 Nequaquam
958 3875 973 3913 :
1003 3874 1123 3912 nam
1152 3857 1293 3910 illam
1325 3854 1538 3925 quidem
1570 3854 1647 3908 sic
1682 3853 1979 3906 vocandam
2029 3851 2162 3904 dixit

588 3970 681 4025 per
711 3964 887 4007 rerum
928 3957 1198 4006 eventum.
1229 3946 1498 4001 Christum
1539 3961 1752 4014 quoque
1790 3945 1923 3997 dixit
1966 3958 2153 3996 vocan~

574 4047 712 4100 dum
743 4041 1144 4098 Emmanuelem
1177 4037 1329 4106 (Isai.
1359 4035 1410 4091 7.
1446 4033 1566 4107 l4);
1595 4047 1650 4089 et
1689 4050 1788 4090 nec
1819 4037 1930 4104 ipse
1955 4049 2165 4104 quoque

584 4138 669 4192 sic
707 4143 792 4190 est
822 4143 1061 4193 vocatus,
1096 4129 1190 4183 sed
1211 4144 1306 4182 res
1338 4128 1466 4197 ipse
1495 4126 1636 4180 hanc
1665 4141 1852 4180 vocem
1891 4125 2161 4180 emittunt.

575 4231 664 4286 illa
681 4228 766 4281 hic
776 4231 986 4296 quoque
1000 4219 1051 4275 Ν
1057 4218 1482 4276 ovissintusAdam
1501 4218 1551 4270 in
1565 4217 1795 4286 spiritum
1815 4218 2162 4284 viviﬁcantem.

658 4319 712 4372 4.
738 4317 862 4370 llaec
898 4322 1072 4368 autem
1101 4311 1255 4376 dixit,
1288 4319 1344 4362 ut
1370 4309 1565 4373 discas,
1623 4309 1763 4377 quod
1793 4319 1844 4362 et
1875 4310 1994 4361 vitze
2025 4325 2166 4377 pne-

594 4408 762 4464 sentis
789 4414 842 4458 ct
867 4403 1055 4457 futurae
1079 4400 1188 4470 jam
1219 4407 1482 4452 venerunt
1508 4399 1657 4467 signa
1687 4407 1738 4451 ct
1773 4398 2010 4466 pignora:
2041 4414 2170 4466 prte-

595 4496 762 4554 St‘lllls
791 4494 1005 4565 quidem
1056 4491 1244 4550 Adam,
1275 4489 1466 4542 futura:
1512 4496 1690 4542 autem
1733 4486 1998 4541 Christus.
2039 4489 2168 4542 Nam

596 4589 847 4660 ψιοειὶωιι
879 4599 997 4654 qua:
1045 4590 1169 4635 sunt
1221 4581 1444 4634 meliora
1496 4580 1646 4646 ponit
1680 4579 1731 4631 in
1770 4594 1897 4645 Spe,
1942 4582 2174 4634 ostendit

587 4677 914 4749 principium
942 4675 1050 4744 jam
1070 4673 1335 4732 eveniSsc,
1357 4683 1410 4725 et
1433 4672 1662 4724 radicem
1693 4683 1746 4724 ct
1779 4671 1980 4727 fontem
2007 4689 2170 4744 appa-

593 4769 796 4823 ruisse.
820 4765 873 4819 Si
897 4772 1073 4816 autem
1093 4763 1240 4816 radix
1264 4771 1315 4816 et
1335 4761 1452 4815 fons
1474 4771 1555 4814 est
1571 4763 1817 4816 omnibus
1838 4763 2172 4834 tuauifestus,

604 4857 733 4916 nihil
752 4867 833 4911 est
853 4853 1203 4909 dubitandum
1226 4851 1292 4907 de
1314 4851 1589 4906 fructibus.
1609 4851 1675 4906 Et
1691 4853 1810 4908 ideo
1831 4854 1982 4920 dicit,
1999 4854 2050 4907 Ν
2056 4857 2178 4909 ovis-

599 4951 759 5003 simus
789 4947 953 5000 Adam
982 4946 1035 4998 in
1065 4945 1300 5014 spiritum
1347 4944 1787 5012 viviﬁcantemmt
1808 4947 1934 5000 alibi
1964 4964 2178 5018 quoque

605 5041 754 5106 dicit,
795 5038 1078 5106 l’iviﬁcabit
1107 5037 1340 5090 mortalia
1359 5053 1572 5107 corpora
1597 5049 1757 5091 vestra
1778 5057 1869 5109 per
1884 5041 2180 5095 inhabitan-

607 5143 704 5185 tem
733 5131 984 5201 Spiritum
1014 5130 1067 5182 in
1097 5127 1232 5182 vobis
1255 5126 1431 5199 (Rom.
1451 5129 1504 5182 8.
1529 5129 1638 5198 ll).
1670 5129 1767 5182 Est
1795 5146 1922 5200 ergo
1949 5130 2180 5200 Spiritus

600 5222 898 5280 viviﬁcare.
925 5219 1126 5276 Deinde
1149 5235 1216 5275 ne
1237 5220 1500 5290 quispiam
1527 5219 1764 5286 diceret,
1796 5222 1906 5276 Cur
1926 5235 2052 5278 sunt
2081 5240 2180 5277 an-

604 5316 834 5385 tiquiora
877 5328 937 5366 ea
979 5329 1097 5382 qua:
1141 5321 1265 5365 sunt
1312 5311 1534 5380 pejora;
1571 5323 1626 5365 et
1663 5329 1782 5382 qua:
1811 5326 1935 5369 sunt
1967 5317 2182 5386 quidem

604 5405 1006 5470 animalia,tota
1037 5413 1689 5468 evenerunt,ucctantmn
1712 5422 1878 5476 usque
1903 5409 1967 5461 ad
1998 5411 2185 5478 primi-

611 5500 736 5561 tias,
757 5514 874 5566 qua:
900 5505 1080 5550 autem
1104 5496 1422 5564 Spiritualia,
1452 5511 1558 5550 non
1585 5496 1683 5550 nisi
1714 5513 1880 5567 usque
1908 5500 1973 5552 ad
2005 5502 2188 5569 primi-

611 5589 749 5642 tias?
775 5587 1003 5640 ostendit
1026 5587 1301 5655 utriu.-quc
1321 5587 1578 5656 principia
1596 5587 1664 5640 ita
1693 5587 1856 5642 fuisse
1874 5592 2184 5646 constituta.

609 5681 699 5733 ιϐ.
731 5679 837 5732 Sed
879 5696 980 5732 non
1027 5679 1205 5747 prius,
1250 5680 1444 5748 inquit,
1491 5679 1626 5748 quod
1683 5681 1949 5750 spirituale
1974 5694 2066 5746 est,
2099 5685 2187 5738 sed

611 5769 744 5836 quod
773 5769 995 5821 animule
1018 5785 1036 5821 :
1076 5768 1256 5820 deinde
1299 5768 1436 5838 quod
1476 5769 1760 5837 spirituale.
1795 5772 1908 5838 Non
1941 5773 2071 5828 dicit
2094 5791 2186 5830 au-

615 5866 744 5922 tem,
769 5876 956 5928 quare,
1001 5859 1096 5916 sed
1123 5869 1201 5914 cst
1245 5869 1529 5915 contentus
1556 5860 1652 5916 Dei
1682 5865 2017 5923 ordinatione
2039 5909 2054 5932 ,
2092 5871 2186 5923 lia-

1240 468 1295 522 S.
1334 462 1604 520 JOA'NNIS
1641 455 2115 516 CIIIlYSObTOlll

2256 451 2467 506 ClllEP.
2510 453 3042 513 (ZONS'l'ANTlNOP.

3725 471 3819 525 5110

2219 566 2348 620 hens
2395 569 2714 621 sententiam
2746 586 2864 638 quae
2890 573 3130 640 procedit
3155 589 3182 626 a
3207 576 3375 629 rebus
3404 618 3420 642 ,
3452 579 3816 636 testimonium

2219 656 2473 710 ferentem
2516 659 2730 725 optima:
2777 663 2870 714 Dei
2917 663 3400 730 administrationi,
3441 678 3499 721 et
3532 672 3818 726 ostendens

2209 747 2356 815 quod
2377 763 2462 801 res
2481 758 2676 802 nostrte
2697 761 2909 820 semper
2933 753 3226 821 procedunt
3245 756 3311 808 ad
3337 757 3394 809 id
3421 758 3578 827 quod
3609 771 3695 814 est
3715 779 3812 817 me-

2219 839 2322 891 lius
2339 854 2402 892 ac
2420 840 2756 908 praestantius
2789 858 2801 894 :
2827 843 2982 895 sinml
3019 845 3182 898 etiam
3211 844 3338 900 hinc
3357 863 3595 917 quoque
3615 852 3664 903 ci
3690 855 3814 920 quod

2218 929 2342 982 dicit
2359 931 2514 983 ﬁdem
2536 929 2755 985 faciens.
2778 932 2906 986 Nam
2922 935 2964 986 si
2988 951 3106 1004 qua:
3119 947 3242 990 sunt
3258 938 3483 992 minora
3503 955 3814 1010 evenerunt,

2220 1022 2566 1090 multomagis
2594 1040 2712 1091 qua:
2739 1034 2861 1078 sunt
2895 1027 3115 1080 meliora
3145 1037 3269 1082 sunt
3290 1033 3701 1098 exspectanda.

2296 1113 2484 1166 illortui
2506 1131 2604 1167 non
2629 1117 2774 1168 nimis
2802 1118 3024 1188 lugendi,
3049 1122 3136 1172 sed
3159 1122 3404 1190 precibus
3448 1134 3498 1176 et
3531 1125 3678 1178 bonis
3706 1143 3811 1195 ope-

2222 1204 2359 1256 ribus
2393 1206 2634 1274 ~juvundi.
2684 1236 2753 1245 —
2798 1207 2930 1260 Cum
2976 1226 3104 1278 ergo
3142 1210 3386 1265 fulurttm
3433 1215 3512 1267 sit
3541 1225 3602 1268 ut
3640 1217 3816 1270 talibus

2227 1296 2463 1352 fruamur
2489 1298 2663 1361 bonis,
2693 1314 2792 1353 nos
2820 1302 2872 1353 in
2905 1301 3006 1356 hoc
3049 1302 3236 1358 ordine
3287 1305 3662 1372 collocemus,
3684 1319 3734 1362 et
3759 1326 3815 1363 ne

2225 1386 2518 1440 deﬂeamus
2539 1405 2632 1441 eos
2659 1391 2746 1458 qni
2774 1391 3058 1454 excedunt,
3087 1394 3179 1447 sed
3221 1407 3318 1448 eos
3359 1398 3458 1463 qui
3493 1397 3662 1450 vitam
3693 1400 3816 1452 male

2229 1479 2436 1533 ﬁniunt.
2471 1480 2600 1533 Nam
2623 1491 2676 1533 et
2699 1482 2930 1550 agricola
2951 1497 3069 1536 cum
3100 1486 3296 1538 viderit
3322 1486 3561 1540 dissolvi
3595 1488 3815 1543 frumen-

2231 1579 2367 1636 tum,
2393 1585 2496 1623 non
2523 1573 2865 1638 lamentatur,
2899 1573 2991 1626 sed
3017 1575 3269 1642 quamdiu
3304 1577 3540 1645 quidem
3573 1579 3718 1632 videt
3741 1595 3817 1632 so-

2231 1661 2392 1715 lidum
2413 1677 2632 1716 manere
2656 1663 2705 1714 iu
2731 1674 2894 1725 terra,
2920 1675 3136 1718 veretur
3161 1670 3655 1734 etcontremiscit;
3688 1677 3815 1738 post-

2224 1768 2388 1820 quam
2417 1761 2592 1804 autem
2627 1752 2783 1805 fuerit
2807 1753 3144 1820 dissolutum,
3178 1756 3420 1810 la-tatur.
3449 1758 3666 1811 Initium
3687 1761 3815 1812 enim

2236 1842 2424 1896 futura:
2451 1843 2708 1896 sementis
2733 1854 2814 1896 est
2843 1845 3145 1899 dissolutio.
3200 1848 3288 1900 Sic
3322 1864 3430 1902 nos
3461 1865 3677 1918 quoque
3707 1861 3815 1904 tunc

2239 1935 2500 1998 ltetemur,
2527 1949 2648 1986 cum
2671 1936 2932 1990 ceciderit
2965 1937 3228 1991 donmsin
3260 1955 3433 2008 quam
3481 1942 3628 1995 cadit
3655 1945 3817 1996 interi.

2241 2035 2366 2092 tus,
2418 2027 2629 2095 quando
2672 2029 2830 2081 homo
2871 2027 3032 2083 fuerit
3063 2033 3385 2086 scmiuatus.
3436 2033 3548 2086 Nec
3578 2035 3813 2099 mireris,

2240 2121 2281 2172 si
2305 2120 2630 2186 sepulturam
2661 2120 2860 2171 vocarit
2889 2131 3182 2174 sementem
3211 2136 3226 2185 ;
3262 2137 3327 2174 ea
3354 2123 3505 2176 enim
3537 2133 3620 2177 est
3647 2125 3816 2176 melior

2241 2211 2515 2263 sementis.
2544 2209 2672 2264 Nam
2698 2211 2770 2264 illi
2801 2212 3017 2280 quidem
3045 2213 3288 2266 succedit
3321 2229 3480 2269 mors
3506 2226 3563 2268 et
3587 2216 3810 2276 labores,

2244 2303 2476 2371 pericula
2504 2312 2558 2356 ct
2579 2319 2720 2356 cune
2755 2322 2768 2356 :
2799 2304 2921 2358 huic
2963 2314 3164 2368 autem,
3188 2306 3232 2359 si
3253 2317 3412 2361 recte
3443 2308 3715 2373 vivamus,
3741 2322 3816 2359 co-

2231 2409 2392 2447 -:ron:e
2419 2402 2474 2448 et
2506 2399 2756 2461 prtcmia:
2791 2405 2844 2448 ct
2868 2396 2942 2448 illi
2966 2396 3178 2465 quidem
3208 2400 3497 2467 corruptio
3517 2415 3582 2453 ac
3600 2401 3818 2452 interitus

2247 2498 2300 2540 et
2332 2501 2506 2546 mors;
2539 2485 2660 2539 huic
2679 2497 2856 2539 autem
2890 2487 3106 2542 interitu
3146 2503 3367 2552 carere,
3418 2491 3743 2561 incorruptio
3772 2500 3815 2542 et

2233 2579 2718 2642 immortaliuts,et
2746 2578 2882 2631 bona
2914 2579 3324 2634 innumerabilia
3359 2600 3375 2636 :
3412 2583 3464 2636 in
3498 2583 3587 2636 illa
3619 2585 3816 2635 semina-

2253 2670 2394 2724 tione
2443 2679 2567 2722 sunt
2597 2668 2911 2738 complexus
2960 2679 3014 2723 et
3049 2671 3358 2739 voluptates
3406 2685 3458 2727 et
3501 2688 3744 2733 somnus;
3771 2674 3812 2725 111

2240 2760 2350 2813 .hac
2376 2768 2555 2813 autem
2587 2775 2687 2812 mx
2719 2760 2892 2814 solmn
2917 2773 2953 2815 e
2979 2761 3125 2814 caelis
3152 2762 3502 2818 descendens
3525 2806 3540 2830 ,
3570 2774 3626 2818 et
3661 2763 3812 2815 omnia

2253 2850 2405 2905 simul
2438 2859 2657 2918 repente
2688 2850 3052 2919 perﬁciuntur.
3085 2851 3147 2904 Et
3179 2854 3269 2920 qui
3299 2855 3560 2923 resurgit,
3588 2869 3688 2906 non
3717 2865 3808 2903 aui-

2249 2944 2394 3011 plius
2417 2941 2667 3009 deinceps
2686 2941 2968 2993 adducitur
2989 2941 3054 2994 ad
3085 2942 3244 2994 vitam
3277 2943 3627 3006 laboriosam,
3653 2941 3738 2996 sed
3759 2940 3811 2993 ad

2255 3049 2373 3088 eam
2404 3032 2546 3086 unde
2578 3033 2760 3101 effugit
2786 3031 2962 3096 dolor,
2997 3032 3171 3086 luctus
3198 3044 3251 3086 et
3283 3035 3542 3103 gemitus.
3574 3034 3627 3087 Si
3657 3043 3808 3084 autem

2253 3125 2625 3178 defensionem
2677 3123 2906 3191 requiris
2927 3133 2982 3177 et
3013 3125 3394 3191 patrocinium,
3451 3136 3507 3179 et
3559 3133 3806 3194 propterea

2259 3216 2426 3269 virum
2455 3214 2642 3281 deﬁes,
2669 3214 2896 3283 confuge
2922 3214 2986 3268 ad
3020 3215 3257 3282 omnium
3289 3232 3636 3272 communem
3663 3226 3810 3285 patro-

2260 3323 2409 3374 num,
2427 3305 2784 3372 defensorem,
2802 3315 3125 3360 servatorem
3153 3315 3208 3360 et
3229 3308 3626 3362 benefactorem
3649 3308 3809 3364 Deum,

2260 3401 2327 3454 ad
2379 3399 2788 3468 inexpugnabile
2837 3398 3089 3450 auxilium
3116 3439 3130 3464 ,
3159 3398 3227 3452 ad
3275 3399 3438 3454 facile
3457 3408 3513 3454 et
3542 3409 3808 3468 proruptum

2263 3491 2650 3561 adjumeutum,
2683 3489 2748 3542 ad
2781 3499 3089 3558 perpetuam
3144 3506 3264 3560 quin
3322 3507 3542 3562 semper
3569 3499 3622 3545 et
3649 3489 3812 3554 ubique

2263 3583 2415 3637 adest
2444 3583 2851 3652 protectionem.
2882 3596 2980 3642 nos
3003 3582 3236 3657 undique
3257 3584 3608 3641 munientem.
3629 3585 3682 3632 At
3707 3590 3810 3632 con-

2265 3677 2491 3733 suetudo
2521 3693 2606 3732 res
2635 3690 2714 3732 cst
2737 3678 3108 3733 desiderabilis
3128 3690 3180 3732 et
3207 3680 3478 3734 amabilis.
3507 3676 3613 3745 Ego
3631 3682 3810 3742 (ιιιοιιυε

2267 3773 2318 3825 id
2340 3771 2488 3835 scio;
2519 3770 2613 3824 sed
2639 3772 2681 3824 si
2712 3771 2904 3824 rationi
2937 3783 3139 3826 motum
3166 3773 3332 3827 animi
3387 3769 3710 3826 commiseris
3728 3805 3742 3825 .
3766 3769 3809 3814 cl

2269 3862 2410 3931 apud
2445 3872 2495 3916 Ie
2526 3863 2857 3931 reputaveris
2903 3863 3023 3931 quis
3043 3864 3114 3916 sit
3143 3864 3233 3934 qui
3267 3865 3519 3934 accepit,
3551 3856 3744 3928 etquod
3771 3852 3809 3905 si

2268 3954 2390 4006 forti
2412 3953 2592 4006 animo
2621 3954 2826 4017 tuleris,
2858 3954 2967 4008 Deo
2996 3967 3229 4010 mentem
3261 3966 3432 4011 totam
3461 3955 3614 4010 ollius
3639 3945 3808 4004 sacrifi-

2270 4045 2408 4099 cium
2434 4061 2450 4109 ;
2484 4043 2626 4098 hunc
2653 4059 2863 4113 quoque
2919 4044 3136 4100 ﬂuctum
3179 4048 3386 4115 poteris
3416 4047 3594 4105 vitare,
3623 4033 3806 4106 etquod

2272 4145 2484 4206 tempus
2533 4136 2736 4201 efﬁcit,
2769 4136 2871 4190 hoc
2921 4136 3077 4192 faciet
3129 4138 3486 4207 philosophia.
3531 4134 3618 4189 Sin
3658 4138 3803 4182 autem

2273 4227 2451 4280 mollis
2494 4224 2657 4278 fueris
2675 4239 3059 4293 ctencrvatus,
3115 4237 3358 4297 tempore
3404 4226 3607 4296 quidem
3633 4216 3808 4273 desinet

2275 4317 2437 4371 animi
2471 4318 2832 4385 perturbatio,
2866 4318 2959 4372 tibi
2990 4328 3167 4373 autem
3198 4321 3398 4373 nullam
3424 4318 3604 4370 aﬁ'eret
3640 4320 3806 4364 mercc-

2277 4409 2421 4464 dcm.
2453 4410 2586 4463 Cum
2609 4409 2692 4462 his
2723 4409 3239 4479 t'ationihus'ctdlige
3266 4412 3427 4464 etiam
3457 4401 3682 4470 exempla
3712 4408 3804 4464 qua:

2279 4512 2403 4558 sunt
2429 4505 2478 4555 in
2505 4502 2751 4571 prmsenti
2783 4503 2908 4569 vita,
2937 4518 3054 4571 qua:
3083 4513 3204 4555 sunt
3228 4503 3278 4554 in
3307 4503 3500 4556 divinis
3523 4489 3803 4560 Scripturis:

2279 4595 2453 4663 cogita
2482 4593 2624 4661 quod
2655 4592 2922 4645 Abraham
2952 4609 3106 4647 suum
3125 4593 3388 4661 iugulavit
3408 4591 3640 4650 ﬁliom,et
3665 4587 3804 4646 neque

2283 4685 2431 4739 flevit
2477 4700 2650 4754 neque
2679 4686 2897 4739 verbum
2929 4687 3107 4739 emisit
3152 4687 3404 4740 acerbum
3430 4683 3447 4752 (
3477 4675 3664 4735 (ἔθη.ἳὲ
3693 4672 3724 4738 )σ
3753 4667 3805 4716 λι

2286 4779 2395 4837 ille.
2429 4777 2658 4845 inquies,
2703 4787 2822 4830 crat
2853 4777 3146 4830 Abraham.
3195 4778 3352 4846 Atqui
3382 4787 3436 4829 tu
3462 4779 3665 4826 voratus
3689 4775 3736 4813 es
3759 4763 3803 4806 υι

2287 4870 2487 4938 majora
2516 4878 2666 4937 septa
2691 4867 3060 4922 transcendas.
3085 4868 3188 4923 Job
3207 4879 3384 4922 autem
3419 4875 3606 4918 tantum
3629 4849 3802 4922 quidem

2287 4963 2477 5025 doluit,
2537 4971 2792 5030 quantmn
2822 4971 2904 5015 est
2939 4972 3356 5015 consentaneum
3389 4967 3593 5028 patrem
3645 4945 3801 5030 liberos

2290 5063 2590 5118 amantem,
2619 5063 2672 5106 et
2704 5068 2944 5122 magnam
2987 5067 3170 5107 curam
3209 5062 3480 5123 gerentem
3526 5051 3690 5098 eorum
3732 5025 3800 5095 qui

2296 5153 2657 5197 excesserant.
2690 5143 2820 5196 Nam
2847 5159 2966 5212 qum
3014 5158 3112 5196 nos
3156 5143 3367 5213 quidem
3412 5150 3543 5193 nunc
3579 5128 3798 5184 faciams.

2296 5245 2418 5286 sunt
2451 5235 2786 5288 inimicorum
2810 5245 2863 5287 et
2894 5233 3146 5288 hostium.
3195 5235 3372 5302 Neque
3409 5229 3562 5287 enim,
3593 5220 3632 5273 si
3657 5214 3802 5276 alitl“°

2295 5324 2345 5377 in
2371 5327 2568 5394 regiam
2609 5325 2839 5377 abducto
2866 5333 2920 5377 et
2942 5336 3200 5378 coronato
3229 5328 3496 5394 pfangrres
3521 5324 3569 5368 et
3589 5309 3798 5394 lamenta-

2295 5415 2450 5480 reris,
2499 5424 2550 5468 te
2591 5415 2814 5468 dixerim
2843 5431 2960 5469 esse
2990 5417 3229 5470 coronati
3273 5416 3510 5471 amicum,
3561 5398 3642 5456 sed
3685 5386 3802 5443 νίιῖἀθ

2297 5510 2568 5564 inimicnm
2601 5520 2654 5562 et
2677 5511 2904 5562 hostem.
2953 5511 3021 5562 At
3052 5524 3155 5563 non
3197 5510 3377 5572 illum,
3405 5499 3609 5568 inquies.
3643 5490 3797 5578 “1802'

2299 5601 2390 5655 sed
2425 5618 2510 5653 mc
2555 5600 2748 5669 ipsum.
2781 5599 2886 5654 Sed
2911 5617 3085 5668 neque
3118 5601 3218 5654 hoc
3246 5608 3326 5654 est
3351 5590 3579 5651 amantis,
3610 5569 3798 5669 velle.

2300 5691 2409 5745 lqu
2436 5700 2654 5761 propter
2681 5699 2730 5744 te
2751 5692 2870 5760 angi
2903 5702 2957 5745 et
2980 5693 3162 5746 vexari
3190 5700 3242 5746 et
3273 5692 3461 5744 incerto
3489 5681 3645 5732 futuro
3669 5661 3795 5756 subi“

2300 5784 2370 5847 ci,
2399 5759 2518 5836 cum
2551 5781 2690 5836 adsit
2717 5783 2964 5836 coronari
2997 5794 3051 5836 et
3077 5784 3142 5837 ad
3172 5793 3372 5852 portum
3397 5771 3593 5829 tendere
3613 5759 3741 5852 tam.
3747 5759 3795 5852 1“

2301 5875 2433 5928 mari
2453 5874 2663 5943 lauari,
2689 5888 2812 5930 cum
2841 5873 2995 5928 liceat
3022 5888 3141 5930 esse
3164 5847 3214 5927 in
3241 5879 3406 5944 portu.
3445 5864 3506 5919 At
3529 5847 3702 5912 uesci":
3728 5847 3795 5889 ¹¹¹¹
