3998 6480
123 403 208 456 fuit

120 521 273 587 quales,
325 523 436 584 quo
470 507 582 567 ivit.
636 501 747 560 Cur
802 491 1124 556 nescis?dic
1173 486 1343 552 mihi;
1393 481 1682 587 nam-sive

117 575 430 671 recte-visit,
457 603 571 658 sive
593 611 770 660 secus,
799 600 883 649 est
903 585 1244 646 manifestum
1275 593 1382 650 quo
1411 575 1685 671 sitabitu-

112 719 218 758 rus.
242 667 474 768 Propter
505 694 608 748 hoc
637 691 836 758 ipsum,
865 681 1096 754 inquies,
1128 667 1528 768 plangoLqrr-od
1554 680 1686 768 pec-

109 805 257 851 cator
301 757 556 847 escessit.
599 757 726 838 Haec
766 785 891 834 sunt
919 778 1212 842 praetextus
1233 775 1284 820 et
1307 761 1522 832 eiiugia.
1554 757 1688 814 Nam

109 888 151 940 si
203 889 486 953 propterea
505 889 630 930 cum
649 864 946 928 excesserit
972 865 1158 934 lugeas
1179 899 1196 925 ,
1243 855 1515 910 viventem
1562 861 1688 953 eum

108 943 493 1032 transformare
517 975 572 1023 et
590 963 914 1022 concinnare
945 965 1000 1012 et
1027 963 1356 1022 componere
1381 943 1688 1016 oportebat.

103 1067 220 1124 Sed.
236 1073 295 1118 tu
323 1076 446 1134 qua:
473 1067 560 1114 tua
581 1065 707 1112 sunt
732 1052 928 1121 ubique
948 1043 1259 1104 consideras
1284 1047 1342 1096 et
1368 1037 1460 1092 tibi
1493 1048 1693 1106 propo-
1720 1063 1772 1091 μ,

106 1161 212 1225 nis,
244 1171 358 1210 non
383 1166 501 1223 qua:
529 1148 692 1204 illius.
722 1145 778 1201 Si
809 1151 988 1197 autem
1019 1137 1182 1193 etiam
1209 1138 1460 1228 peccator
1504 1139 1694 1228 exces-

102 1221 207 1317 sit,
225 1221 516 1319 propterea
557 1239 720 1296 etiam
750 1233 922 1290 lauari
949 1235 1180 1301 oportet,
1213 1221 1356 1294 quod
1384 1221 1694 1322 interscissa

100 1311 240 1398 stunt.
282 1311 501 1410 peccata
527 1341 582 1389 et
601 1331 732 1387 vitio
778 1327 908 1382 nihil
957 1321 1200 1394 adjecit;
1233 1326 1323 1382 et,
1351 1311 1532 1410 quoad
1577 1311 1698 1410 ejus

103 1436 222 1492 fieri
245 1405 452 1505 potest,
481 1428 529 1484 ei
558 1435 900 1484 succurrere,
933 1432 1040 1473 non
1080 1411 1361 1505 laeryrnis,
1383 1407 1480 1505 sed
1517 1405 1698 1505 ι)ςωί-

99 1531 229 1593 bus,
247 1498 268 1505 _
284 1516 768 1594 supplicationibus
785 1553 808 1584 ,
845 1507 1208 1580 elcemosynis
1231 1513 1287 1560 et
1313 1498 1696 1594 oblationibus.

99 1591 225 1675 Non
251 1591 554 1671 sun—tenim
585 1609 704 1665 haec
732 1599 1274 1670 tcmereescogitata,
1298 1607 1476 1662 neque
1503 1591 1702 1646 frustra

103 1724 310 1768 eorum
337 1705 429 1778 qui
459 1706 810 1758 excesserunt
837 1697 894 1750 in
913 1692 1108 1750 divinis
1143 1685 1418 1760 mysteriis
1457 1682 1704 1739 memini-

97 1815 250 1868 mus,
285 1807 346 1854 et
371 1811 468 1866 pro
487 1793 618 1865 ipsis
633 1789 967 1850 accedimus,
999 1791 1251 1854 rogantes
1266 1781 1478 1852 Agnum
1502 1788 1705 1868 prepo-

96 1867 303 1955 situm,
357 1888 474 1958 qui.
501 1883 686 1940 mundi
741 1886 1020 1952 peccatum
1068 1875 1222 1938 tulit;
1255 1871 1352 1928 sed
1395 1877 1454 1924 ut
1477 1867 1601 1923 inde
1628 1867 1708 1922 eis

99 1988 294 2056 aliqua
309 1983 398 2036 sit
421 1977 764 2035 consolatio:
797 1986 979 2042 neque
1001 1969 1102 2024 abs
1129 1981 1190 2022 re
1228 1965 1274 2020 is
1299 1961 1392 2034 qui
1426 1960 1603 2056 adstat
1623 1958 1704 2013 al-

101 2053 216 2134 tari
237 2120 254 2141 ,
283 2076 416 2130 dum
445 2067 750 2127 veneranda
795 2069 1136 2135 peraguntue
1149 2057 1426 2130 mysteria,
1453 2053 1656 2109 clamat
1683 2067 1699 2105 :

102 2175 219 2229 Pro
245 2167 506 2226 omnibus
546 2163 649 2234 qui.
670 2163 724 2217 in
753 2159 968 2216 Christo
1015 2153 1386 2215 dormierunt,
1415 2155 1470 2205 et
1525 2146 1590 2201 iis
1617 2143 1706 2215 qui

106 2280 212 2336 pro
235 2262 377 2332 ipsis
397 2249 1018 2314 celebrantanemorias.
1070 2245 1204 2300 Nam
1226 2242 1392 2336 sipro
1433 2239 1566 2336 ipsis
1602 2251 1709 2291 non

108 2331 322 2415 ﬁerent
349 2345 916 2410 commemorationes,
963 2355 1031 2396 ne
1059 2337 1176 2392 haec
1199 2333 1418 2406 quidem
1449 2331 1587 2386 dicta
1627 2343 1715 2384 es-

109 2455 264 2502 sent.
287 2443 409 2500 Non
435 2449 562 2497 sunt
584 2438 730 2495 enim
761 2451 848 2492 res
879 2444 1078 2489 nostra:
1099 2428 1212 2485 ludi
1245 2422 1486 2492 scenici,
1525 2421 1668 2478 absit
1693 2436 1711 2474 :

113 2539 238 2594 bare
263 2535 414 2592 enim
441 2534 576 2588 ﬁunt
597 2527 937 2586 ordinatione
960 2522 1214 2594 Spiritus.

188 2633 250 2688 5.
277 2629 378 2685 Eis
400 2642 532 2697 ergo
557 2637 716 2696 Opem
760 2621 994 2676 feramus
1015 2655 1032 2682 ,
1057 2624 1116 2670 et
1142 2609 1717 2669 commemorationem

117 2737 317 2780 eorum
351 2729 690 2790 peragamus.
719 2713 775 2768 Si
797 2709 939 2766 enim
955 2707 1077 2764 Jobi
1101 2705 1242 2760 ﬁlios
1263 2703 1516 2775 expiabat
1545 2700 1712 2771 patris

118 2811 456 2870 sacriﬁcium
485 2825 499 2862 :
529 2805 658 2877 quid
697 2802 910 2858 dubitas
930 2839 946 2864 ,
973 2814 1042 2852 an
1087 2797 1242 2852 nobis
1269 2809 1368 2866 pro
1395 2793 1478 2850 eis
1501 2793 1591 2862 qui
1618 2805 1749 2846 ωσι.

118 2907 424 2961 cesserunt
442 2896 810 2960 offerentibus,
839 2891 969 2962 ipsis
993 2891 1154 2946 detur
1176 2888 1353 2958 aliqua
1376 2882 1722 2940 consolatio?

120 2996 282 3052 Solet
308 2992 458 3049 enim
513 2989 656 3044 Deus
685 2986 848 3041 etiam
877 2981 1000 3037 aliis
1027 2994 1126 3052 pro
1149 2977 1270 3033 aliis
1297 2974 1607 3048 gratiﬁcari.
1654 2973 1749 3028 Ειις

127 3087 244 3144 hoc
269 3082 594 3141 ostendebat
613 3079 812 3136 Paulus
829 3075 1014 3132 dicens
1045 3090 1061 3130 :
1103 3072 1170 3128 Ut
1193 3071 1246 3124 in
1273 3069 1447 3124 multis
1467 3065 1722 3138 personis,

121 3180 244 3249 eius
273 3191 392 3248 qua:
414 3175 468 3228 in
484 3171 628 3228 nobis
651 3179 724 3226 est
749 3166 1038 3222 donationis
1060 3179 1151 3235 per
1170 3162 1357 3216 multos
1376 3159 1555 3232 gratia:
1575 3173 1730 3228 agan-

125 3282 215 3326 tur
258 3285 356 3338 pro
403 3265 542 3321 vobis
581 3263 603 3334 (
631 3265 686 3316 2.
713 3258 834 3317 Cor.
867 3258 922 3312 2.
951 3258 1014 3313 ii
1050 3258 1092 3326 ).
1121 3255 1202 3310 Ne
1228 3268 1330 3309 nos
1351 3253 1532 3322 pigeat
1569 3265 1728 3320 opem

123 3364 280 3420 ferre
311 3361 382 3415 iis
407 3357 498 3430 qui
527 3361 881 3413 excesserunt
905 3391 920 3416 ,
949 3359 1005 3406 et
1031 3348 1236 3420 procis
1265 3344 1459 3401 olferre
1488 3355 1680 3414 preces
1706 3357 1725 3394 ε

125 3466 216 3512 est
243 3453 395 3510 enim
417 3448 751 3522 propbsitum
772 3444 920 3501 orbis
947 3453 1105 3498 terrre
1132 3452 1419 3496 commune
1439 3436 1749 3508 piaculum-

129 3552 436 3617 Propterea
468 3543 696 3597 ﬁdenter
730 3551 828 3610 pro
847 3535 986 3592 orbe
1014 3543 1174 3590 terra:
1201 3541 1327 3586 tunc
1370 3543 1646 3600 rogamus,
1677 3534 1733 3582 et

128 3658 266 3698 cum
322 3635 649 3708 martyribus
676 3646 770 3687 eos
794 3641 1050 3686 vocamus
1074 3666 1090 3690 ,
1117 3639 1250 3680 cum
1286 3620 1689 3678 confessoribus
1712 3658 1732 3687 ,

130 3750 268 3791 cum
292 3727 684 3787 sacerdotibus.
701 3721 909 3778 Etenim
927 3733 1097 3776 unum
1113 3730 1313 3786 corpus
1325 3727 1514 3770 omnes
1525 3725 1733 3776 sumus,

133 3821 363 3882 etiamsi
391 3819 506 3876 sint
543 3814 783 3873 membra
809 3810 1068 3868 membris
1111 3805 1478 3878 splendidiora
1501 3821 1518 3860 :
1541 3813 1594 3860 et
1620 3801 1737 3858 ﬁeri

137 3923 328 3988 potest
348 3919 412 3968 ut
439 3909 649 3966 veniam
681 3906 768 3962 eis
795 3903 941 3959 omni
987 3917 1055 3957 ex
1095 3910 1246 3971 parte
1286 3897 1636 3988 conciliemus
1659 3935 1674 3960 ,

140 3983 429 4080 precibus,
455 4017 489 4066 a
515 3999 675 4055 donis
704 4011 822 4068 qua:
854 4009 952 4066 pro
973 3993 1054 4049 eis
1079 3991 1419 4080 oﬁ'ernntur,
1441 3987 1511 4042 ab
1554 3987 1620 4040 iis
1647 3983 1740 4080 qui

138 4075 274 4156 eum
296 4096 432 4166 ipsis
466 4084 881 4148 voeantnr..Cur
899 4100 1030 4157 ergo
1051 4080 1244 4140 doles?
1283 4095 1379 4134 cur
1408 4079 1558 4149 luges
1583 4085 1640 4132 et
1665 4075 1744 4130 la-

141 4189 452 4254 mentaris,
486 4184 704 4258 quando
739 4182 994 4238 defuncto
1041 4186 1218 4246 potest
1265 4184 1409 4232 tanta
1455 4171 1742 4230 conciliari

140 4285 314 4342 venia
340 4283 366 4336 ?
397 4283 469 4334 At
487 4279 658 4348 luges,
689 4271 943 4346 quoniam
971 4275 1031 4326 'es
1057 4269 1269 4325 deserta
1299 4281 1364 4322 ac
1389 4265 1668 4330 destituta,
1689 4273 1747 4320 et

143 4376 446 4454 perdidisti
476 4381 762 4444 patronum
788 4381 856 4423 ac
885 4365 1236 4420 defensorem
1263 4362 1288 4415 ?
1317 4359 1422 4454 Scd
1453 4373 1743 4454 numquam

145 4451 265 4528 iure
311 4468 555 4530 dixeris;
603 4476 778 4532 neque
830 4459 974 4514 enim
1027 4457 1193 4512 Deum
1251 4452 1554 4525 perdidisti.
1626 4451 1779 4506 Ideo-

143 4559 421 4634 quamdiu
449 4569 572 4612 eum
600 4551 769 4608 babes
791 4591 808 4618 ,
840 4549 954 4619 ipse
997 4547 1100 4603 erit
1129 4545 1224 4600 tibi
1271 4543 1446 4614 major
1475 4550 1535 4598 et-
1553 4541 1750 4634 marito

147 4631 210 4712 et
244 4661 405 4724 patre
426 4657 482 4704 et
507 4645 618 4701 ﬁlio
645 4652 702 4700 et
721 4655 953 4698 socero:
994 4653 1121 4694 nam
1148 4647 1200 4692 et
1231 4636 1336 4690 illis
1383 4633 1689 4688 viventibus
1707 4631 1778 4724 is-

153 4722 284 4804 erat
313 4742 406 4813 qui
435 4737 664 4795 faciebat
707 4733 910 4790 omnia.
945 4731 1074 4786 llaec
1101 4743 1232 4799 ergo
1261 4725 1462 4794 cogita,
1486 4735 1548 4779 .et
1572 4724 1660 4778 die
1683 4722 1756 4776 si-

153 4849 259 4897 cut
287 4833 478 4898 David,
506 4831 758 4886 Dominus
785 4823 1094 4882 illuminutio
1117 4838 1228 4876 mea
1253 4829 1300 4875 et
1325 4819 1552 4874 salvator
1575 4833 1716 4872 meus
1733 4855 1782 4882 ,,

155 4947 318 5001 quem
347 4923 526 4980 timebo
548 4919 721 4997 (I’sai.
747 4918 842 4974 26.
872 4919 926 4988 I)
947 4917 971 4971 ?
989 4915 1095 4978 dic,
1127 4915 1206 4968 'l'u
1231 4927 1296 4968 es
1317 4919 1474 4982 pater
1497 4909 1766 4982 orplrano-

162 5038 318 5088 rum,
351 5017 588 5088 etjndex
611 5013 891 5069 viduarum
916 5027 931 5075 ;
958 5020 1012 5064 et
1040 5008 1157 5077 ejus
1199 5006 1426 5062 attrahe.
1448 5006 1702 5059 auxilium
1737 5045 1784 5068 ,.

161 5101 1192 5134 _______________.___...._—

1119 374 1184 432 IN
1225 369 1438 428 EPIST.
1481 367 1500 420 I
1564 363 1656 421 AD
1695 362 1848 418 COD.
1893 358 2124 416 HOMIL.
2166 355 2326 415 XLII.

2627 0 3896 53 Mmﬁ:

1714 55 1963 68 _.—————_
2082 43 2508 64 ______——.
2580 52 2587 54 _

3170 401 3176 406 .
3273 352 3376 408 36:2

1791 507 1846 552 et
1891 495 2114 552 habebis
2140 510 2266 551 enm
2301 507 2444 550 nunc
2471 493 2640 566 magis
2672 491 2764 549 tibi
2795 491 3166 564 providentem
3215 507 3376 562 quam

1793 591 1957 660 prius,
2001 605 2107 660 quo
2155 590 2208 644 in
2253 587 2513 658 majorem
2551 587 2767 643 redacta
2795 599 2858 642 es
2887 585 3141 656 inopiam.
3169 585 3232 639 At
3257 601 3379 655 per-

1792 680 1974 734 didisti
2008 679 2174 734 ﬁlium
2199 677 2360 734 ?Non
2392 677 2696 750 perdidisti,
2730 693 2802 733 ne
2822 677 2972 733 dicas
3001 693 3016 731 :
3044 692 3132 732 res
3162 675 3277 731 inec
3297 684 3384 731 est

1794 787 2038 840 somnus,
2068 789 2174 828 non
2207 787 2390 838 mors;
2429 781 2513 828 est
2540 773 2822 843 migratio,
2861 787 2968 826 non
2996 771 3266 842 perditio;
3301 779 3386 827 est

1795 865 2158 937 peregrinatio
2185 881 2215 920 a
2245 865 2607 922 deterioribus
2626 865 2694 921 ad
2717 865 2961 920 meliora.
3008 863 3088 920 Ne
3119 865 3284 919 Deum
3309 867 3381 918 ir-

1798 958 1950 1023 ri:es,
1994 957 2089 1013 sed
2133 957 2314 1028 places
2339 965 2396 1013 et
2423 957 2620 1013 reddas
2661 957 2972 1028 propitium.
3024 957 3157 1012 Nam
3181 958 3226 1012 si
3257 957 3384 1013 forti

1797 1047 1978 1102 animo
2010 1049 2216 1115 tuleris,
2247 1047 2350 1104 erit
2402 1049 2528 1104 hinc
2548 1057 2604 1105 et
2638 1049 2892 1106 defuncto
2917 1057 2972 1104 et
2997 1049 3092 1104 tibi
3140 1049 3384 1120 quaedam

1799 1141 2097 1197 consolatio
2131 1160 2146 1197 :
2189 1142 2271 1196 sin
2303 1149 2490 1196 contra
2517 1183 2533 1206 ,
2565 1141 2700 1196 iram
2742 1141 2839 1197 Dei
2893 1141 3064 1212 magis
3111 1141 3382 1198 accendis.

1801 1232 1948 1289 Nam-
1965 1233 2008 1288 si
2035 1247 2194 1289 servo
2219 1249 2247 1288 a
2275 1233 2497 1290 d'omiuo
2528 1233 2709 1306 flagris
2745 1245 2889 1288 caeso
2914 1244 2970 1288 tu
2998 1232 3221 1288 adstans
3244 1248 3388 1304 aegre

1804 1325 1990 1380 tuleris
2013 1368 2030 1394 ,
2079 1324 2354 1380 dominmn
2387 1326 2557 1397 magis
2604 1333 2792 1382 contra
2823 1335 2876 1382 te
2897 1325 3219 1382 irritaveris.
3266 1325 3384 1380 Noli

1804 1415 1908 1471 hoc
1934 1417 2132 1484 facere,
2156 1417 2255 1471 sed
2273 1432 2370 1488 age
2391 1418 2614 1488 gratias,
2628 1417 2796 1472 ut'libi
2821 1432 3035 1488 quoque
3061 1417 3162 1472 hac
3181 1419 3390 1472 ratione

1805 1508 2128 1564 discutiatur
2169 1509 2340 1566 nubes
2380 1511 2547 1566 animi
2601 1509 2972 1581 mgritudinis:
3001 1511 3090 1566 dic
3114 1510 3253 1566 sicut
3301 1511 3391 1567 ille

1807 1601 2014 1667 beatus,
2036 1601 2286 1657 Dominus
2312 1602 2472 1670 dedit,
2505 1603 2753 1656 Dominus
2779 1601 2984 1656 abstulit
3005 1603 3214 1672 :icogita
3230 1618 3391 1672 quam

1810 1693 1963 1746 multi
1992 1693 2162 1764 magis
2218 1693 2328 1748 Deo
2371 1693 2644 1764 placentes
2671 1708 2738 1748 ne
2763 1693 2983 1748 omnino
3035 1693 3248 1763 quidem
3295 1693 3396 1747 Ira-

1809 1785 1980 1840 buere
2006 1785 2164 1851 ﬁlios,
2186 1800 2358 1855 neque
2385 1786 2559 1841 vocati
2581 1797 2708 1841 sunt
2733 1795 2930 1856 patres.
2955 1783 3140 1856 Neque
3159 1801 3280 1856 ego,
3313 1787 3397 1840 in-

1811 1877 1946 1948 quit,
1971 1877 2168 1932 vellcm
2201 1877 2456 1934 habuisse
2486 1895 2501 1932 :
2557 1879 2750 1935 melius
2780 1878 2925 1934 enim
2953 1878 3144 1933 fuisset
3169 1895 3273 1932 non
3299 1879 3399 1932 lla-

1813 1968 1993 2024 bnisse
2014 1971 2423 2038 experientiam,
2451 1987 2612 2042 qualn
2639 1979 2918 2042 postquam
2941 1973 3177 2042 gustaris
3206 1973 3400 2042 volup-

1817 2071 1999 2126 tatem,
2032 2065 2100 2118 ab
2126 2079 2186 2117 ea
2211 2063 2490 2120 excidisse.
2507 2061 2772 2135 Ne,rogo,
2799 2079 2866 2118 ne
2895 2063 3008 2118 ber
3032 2064 3198 2129 dicas,
3233 2081 3300 2120 ne
3324 2067 3404 2120 sic

1815 2169 2030 2224 quoque
2080 2154 2460 2209 Dominum-ad
2506 2155 2640 2210 iram
2696 2170 2996 2224 provoces;
3047 2155 3143 2212 sed
3191 2171 3291 2226 pro
3339 2158 3404 2212 iis

1817 2247 2030 2316 quidem
2061 2262 2180 2317 qua:
2203 2247 2456 2318 accepisti
2489 2263 2588 2318 age
2615 2249 2835 2318 gratias,
2862 2266 2957 2318 pro
2984 2249 3048 2303 iis
3079 2258 3254 2304 autem
3281 2266 3404 2320 qua:

1819 2347 2082 2408 perpetuo
2104 2353 2208 2393 non
2235 2341 2420 2407 habes,
2452 2340 2717 2410 gloriﬁca.
2743 2341 2854 2396 NOII
2891 2341 3025 2396 dixit
3044 2341 3180 2408 Job,
3214 2341 3404 2398 Melius

1820 2429 2014 2486 fuisset
2043 2447 2148 2486 non
2178 2431 2454 2500 accepisse
2479 2447 2494 2498 ;
2522 2432 2666 2503 quod
2695 2443 2748 2487 tu
2779 2433 3098 2503 insipienter
3121 2442 3175 2489 et
3199 2435 3409 2504 ingrato

1823 2525 2005 2579 animo
2033 2523 2171 2579 dicis
2196 2541 2210 2578 :
2239 2524 2338 2578 sed
2364 2525 2526 2579 etiam
2558 2540 2654 2594 pro
2687 2525 3015 2596 illis-agebat
3044 2527 3244 2596 gratias
3263 2567 3279 2590 ,
3329 2527 3410 2582 di-

1822 2631 1952 2671 cens
1977 2632 1992 2669 :
2030 2614 2275 2669 Dominus
2295 2614 2433 2669 dedit
2449 2633 2470 2682 ;
2498 2626 2551 2670 et
2577 2615 2781 2686 ριἀιιίε
2809 2616 3368 2675 benedi‘ccbahliccns
3394 2637 3407 2672 :

1825 2704 2077 2760 Dominus
2103 2705 2350 2759 abstulit:
2374 2707 2437 2760 sit
2455 2723 2640 2761 nomen
2659 2706 2871 2762 Domini
2897 2707 3212 2763 benedictum
3233 2710 3286 2764 in
3306 2727 3408 2765 εω-

1825 2799 1964 2853 cnla.
2005 2797 2168 2854 Uxori
2213 2813 2428 2868 quoque
2464 2799 2542 2854 sic
2562 2815 2626 2855 os
2649 2800 2966 2856 obstrucbat
2994 2803 3134 2871 apud
3164 2819 3299 2859 eam-
3322 2807 3429 2874 ju--

1827 2900 1940 2946 stas
1968 2889 2198 2946 afﬁnem
2217 2891 2476 2956 rationes,
2497 2901 2551 2945 et
2579 2891 2914 2948 admirabilia
2937 2893 3026 2948 illa
3048 2895 3209 2950 verba
3241 2909 3420 2951 enun-

1833 2983 1972 3038 tians
2007 3003 2023 3036 :
2055 2982 2117 3039 Si
2137 2982 2269 3038 bona
2287 2982 2490 3054 quidem
2516 2984 2804 3054 accepimus
2831 3002 2863 3038 ιι
2889 2984 3128 3054 Domino,
3161 2987 3304 3041 mala’
3323 3005 3421 3042 auo

1833 3086 1932 3131 tem
1981 3093 2084 3130 non
2129 3075 2530 3131 sustinebimus?
2558 3075 2716 3145 Atqui
2747 3077 2963 3148 gravior
2992 3085 3112 3148 post
3148 3077 3265 3134 haec
3309 3077 3412 3134 fuit

1836 3170 2100 3236 tentatio;
2131 3169 2228 3225 sed
2255 3169 2347 3224 ille
2372 3183 2441 3224 ne
2467 3170 2547 3224 sic
2575 3167 2791 3240 quidem
2835 3169 3037 3224 fractus
3075 3180 3158 3225 est
3183 3180 3239 3226 et
3265 3186 3424 3226 euer-

1835 3273 2010 3330 vatus,
2039 3262 2135 3318 sed
2177 3262 2428 3318 similiter
2454 3262 2660 3318 ferebat
2693 3261 2815 3318 forti
2837 3263 3040 3330 animo,
3069 3272 3125 3320 et
3154 3264 3438 3334 gloriﬁca-m

1838 3357 1947 3411 bat.
1989 3354 2071 3411 Tu
2099 3371 2312 3426 quoque
2338 3354 2441 3410 hoc
2473 3355 2574 3420 fac,
2606 3362 2660 3410 et
2681 3353 2821 3425 apud
2846 3363 2902 3410 te
2921 3365 3130 3424 reputa,
3151 3356 3294 3426 quod
3318 3372 3424 3412 non

1814 3447 2001 3504 ~homo
2025 3449 2253 3517 accepit,
2282 3445 2376 3502 sed
2403 3446 2650 3516 Densqni
2675 3445 2822 3515 fecit,
2853 3447 2944 3518 qui
2968 3447 3136 3517 magis
3161 3463 3321 3517 quam
3370 3458 3427 3502 ιιι

1839 3539 1957 3611 ejns
1981 3555 2163 3596 curam
2193 3541 2353 3610 gerit,
2375 3548 2430 3594 et
2455 3540 2557 3594 scit
2591 3539 2714 3608 quid
2739 3540 2789 3596 ei
2830 3540 3095 3604 conferat,
3129 3557 3236 3596 non
3260 3542 3431 3598 hostis
3448 3578 3460 3590 -.

1841 3631 2035 3702 aliquis
2062 3647 2236 3702 neque
2265 3630 2568 3686 insidiator.
2599 3629 2914 3701 Vide‘quam
2958 3632 3108 3686 multi
3139 3634 3384 3688 viventes
3411 3677 3429 3702 ,

1843 3729 2008 3780 vitam
2061 3741 2167 3778 non
2215 3724 2430 3780 vitalem
2487 3723 2728 3778 fecerunt
2755 3725 3088 3794 parentibus.
3121 3726 3432 3780 Generosos

1843 3827 2022 3871 autem
2049 3856 2062 3878 ,
2094 3815 2304 3884 inquies
2324 3856 2340 3880 ,
2381 3823 2436 3869 et
2469 3813 2677 3886 probos
2696 3829 2806 3869 non
2825 3814 3036 3869 vides?
3081 3817 3188 3872 Eos
3216 3831 3432 3886 quoque

1847 3907 2006 3963 video
2040 3925 2055 3973 ;
2087 3907 2182 3962 sed
2224 3921 2314 3962 res
2359 3921 2571 3976 quoque
2615 3921 2804 3960 eorum
2851 3908 3201 3964 minus-«sunt
3235 3908 3285 3962 in
3320 3919 3462 3965 tuto-

1847 4015 2010 4071 quam
2041 4015 2126 4054 res
2155 3999 2228 4052 tui
2261 3998 2376 4052 lilii.
2439 3997 2572 4054 Nam
2601 3999 2701 4054 etsi
2752 3998 2971 4054 inbona
2994 4010 3122 4056 sunt
3157 3991 3434 4058 cristima-

1852 4093 2018 4155 tione,
2049 4091 2172 4146 ﬁnis
2201 4101 2378 4146 tamen
2401 4105 2588 4145 eorum
2615 4100 2700 4146 est
2725 4092 2999 4148 incertus:
3029 4093 3098 4148 de
3123 4093 3216 4149 illo
3254 4105 3464 4150 autem.

1859 4186 1919 4241 in
1935 4185 2209 4254 reliquum
2242 4198 2348 4237 non
2384 4182 2540 4236 times
2569 4179 2743 4252 neque
2775 4184 3168 4252 contremiseis,
3202 4200 3269 4241 ne
3310 4186 3438 4256 quid

1853 4279 1902 4332 ei
1933 4275 2143 4332 accidat
2167 4317 2182 4342 ,
2217 4273 2571 4343 aut‘aliquam
2621 4273 2880 4344 suscipiat
2906 4284 3282 4332 mutationem.
3313 4279 3467 4332 llam,

1855 4369 2016 4424 etiam
2067 4367 2240 4436 cogita
2270 4365 2339 4420 de
2370 4365 2586 4435 pulchra
2615 4379 2782 4421 uxore
2803 4409 2816 4432 ,
2847 4375 2902 4422 et
2947 4367 3084 4424 bona
3125 4367 3323 4426 domus
3349 4386 3446 4425 cn-

1855 4461 2044 4526 stode;
2079 4468 2133 4514 et
2158 4458 2514 4527 proomnibus
2544 4458 2653 4512 Deo
2672 4473 2770 4529 age
2796 4459 3015 4530 gratias,
3045 4469 3101 4516 et
3128 4463 3172 4516 si
3198 4463 3446 4532 perdide-

1857 4553 1932 4609 ris
1957 4567 2180 4606 usorem
2205 4591 2221 4618 ,
2249 4551 2452 4622 gratias
2475 4565 2593 4622 age.
2623 4551 2876 4608 Fortasse
2901 4560 2954 4608 te
2972 4553 3086 4608 vult
3105 4555 3253 4610 .Deus
3277 4556 3458 4612 addu-.

1857 4662 1984 4704 cere
2007 4646 2077 4702 ad
2101 4646 2509 4711 continentiam,
2544 4645 2610 4698 ad
2641 4644 2846 4715 majora
2873 4656 3030 4702 vocat
3055 4662 3277 4718 Operum
3310 4664 3438 4720 sep.

1861 4751 1936 4809 ta,
1979 4751 2030 4796 te
2055 4741 2222 4796 voluit
2243 4741 2472 4795 liberare
2493 4755 2524 4794 a
2551 4739 2785 4794 vinculo.
2817 4739 2874 4796 Si
2894 4739 2974 4796 sic
2991 4741 3456 4814 plrilosoplrcmur,

1866 4845 1924 4891 et
1949 4833 2279 4889 Iucrabimur
2302 4842 2626 4904 praesentem
2677 4832 2848 4888 animi
2903 4836 3480 4906 tranquillitatemet.

1863 4928 2068 4984 futuras
2095 4941 2447 4997 assequemur
2471 4940 2720 4990 coronas,
2746 4935 2855 4984 etc.

1196 5083 3460 5114 ____________________.______._————._.___._._.__

1492 5147 1836 5212 HOMILIA
1883 5140 2085 5206 XLII.

167 5291 308 5350 Cn.
353 5287 442 5344 l5.
470 5301 524 5340 v.
552 5283 644 5340 47.
689 5277 1079 5335 Primnshomo
1104 5272 1168 5326 de
1192 5283 1352 5338 terra,
1385 5280 1616 5326 terrenus
1637 5283 1658 5334 ;
1683 5283 1776 5323 se--

515 5375 712 5432 candus
733 5371 905 5437 homo,
930 5367 1182 5424 Dominus
1201 5364 1264 5419 de
1281 5363 1428 5418 caelo.

253 5477 309 5531 1.
337 5473 626 5541 Postquam
643 5463 928 5520 animalem
950 5460 1088 5516 dixit
1106 5457 1342 5529 primum
1363 5465 1417 5510 et
1438 5451 1770 5523 spiritualem

179 5566 500 5629 secundum,
529 5573 716 5616 rursus
740 5555 900 5610 aliam
921 5551 1072 5624 ponit
1091 5545 1472 5611 differentiam,
1501 5553 1774 5598 terrenum

183 5663 374 5716 dicens
403 5665 458 5712 ct
482 5653 774 5708 ctelestem.
792 5645 924 5702 Nam
948 5643 1119 5716 prima
1145 5639 1361 5710 quidem
1381 5644 1466 5692 est
1494 5635 1612 5688 vita:
1635 5649 1773 5702 pra:-

188 5753 360 5810 sentis
400 5757 476 5804 et'
499 5748 693 5802 futurae
722 5760 737 5810 ;
767 5739 886 5796 haec
915 5746 1092 5792 autem
1117 5743 1200 5790 est
1230 5731 1348 5802 ejus
1391 5729 1482 5799 qui
1527 5727 1628 5782 fuit
1656 5738 1780 5782 ante

191 5844 440 5916 gratiam,
474 5850 528 5896 et
562 5835 678 5909 ejus
723 5833 813 5904 qui
844 5837 925 5888 est
955 5838 1074 5900 post
1099 5823 1346 5896 gratiam.
1379 5819 1563 5876 Posuit
1597 5827 1778 5872 autem

1873 5264 2022 5320 illam
2046 5259 2114 5316 ad
2133 5269 2339 5314 rectum
2363 5257 2490 5312 vitae
2513 5256 3044 5316 institutumdicens.
3061 5259 3193 5316 Nam
3211 5278 3300 5331 ne,
3323 5265 3464 5321 sicut

1882 5356 2016 5422 dixi,
2059 5352 2286 5408 ﬁdentes
2311 5347 2698 5405 resurrectioni
2721 5390 2739 5416 ,
2761 5348 2927 5404 vitam
2951 5365 3020 5406 es
3046 5352 3244 5410 virtute
3270 5365 3327 5411 et
3353 5374 3468 5428 per.

1880 5447 2018 5504 fecte
2043 5443 2305 5516 agendam
2346 5441 2684 5512 negligerent
2705 5483 2722 5508 ,
2751 5456 2939 5500 rursus
2977 5459 3073 5501 eos
3101 5463 3316 5518 quoque
3344 5449 3472 5506 hinc

1884 5537 2058 5596 reddit
2099 5545 2314 5608 paratos
2338 5533 2406 5588 ad
2427 5533 2834 5601 decertandum,
2862 5543 2918 5592 et
2943 5533 3190 5594 hortatur
3213 5540 3279 5594 ad
3305 5541 3476 5594 vir-rn-

1889 5626 2018 5698 tem,
2047 5631 2233 5687 dicens
2259 5645 2273 5680 :
2307 5625 2518 5682 Primus
2543 5626 2696 5682 homo
2732 5627 2796 5683 de
2820 5636 2976 5696 terra,
3002 5639 3271 5697 terrenus;
3297 5647 3479 5685 secun-

1889 5725 1987 5780 dus
2034 5723 2184 5777 homo
2209 5763 2224 5786 ,
2260 5720 2510 5774 Dominus
2547 5719 2612 5774 de
2637 5721 2802 5787 creto;
2853 5723 3161 5778 universum
3203 5723 3479 5792 appellans

1890 5816 2165 5871 hominem
2193 5829 2209 5878 ;
2243 5822 2295 5868 et
2325 5811 2464 5866 hunc
2489 5811 2706 5882 quidem
2735 5813 3017 5868 nominans
3046 5815 3112 5870 ab
3135 5831 3201 5870 eo
3231 5813 3368 5884 quod
3395 5821 3480 5870 cst
