3998 6426
591 316 698 371 3ϋὸ

597 433 788 488 melius
838 445 899 484 rc
935 435 1272 498 prtt‘siﬂititlls
1295 466 1310 486 ,
1345 423 1490 475 illum
1521 431 1700 474 autem
1727 421 1795 472 ab
1823 434 1890 472 co
1931 416 2072 486 quod
2102 424 2184 470 est

594 523 852 578 di‘lcrins.
875 520 964 576 48.
997 519 1173 585 Qualis
1205 526 1452 576 terrenus,
1475 513 1600 564 tales
1622 522 1666 563 et
1693 511 1894 564 terreni.
1927 511 2017 564 Sic
2047 510 2186 577 peri-

597 621 728 673 huut
772 627 827 672 ct
856 615 1171 669 morientur.
1206 607 1387 675 Qualis
1415 606 1628 660 (celestis
1649 645 1664 666 ,
1698 605 1824 657 totes
1863 614 1912 658 et
1941 603 2184 656 cwlestes.

594 709 683 762 Sic
730 705 1017 765 [mini-bunt
1047 698 1380 757 iuunortales
1416 705 1472 750 et
1516 695 1802 764 fulgentes.
1849 693 1987 759 Quid
2032 707 2181 756 vero,

596 815 773 855 annuli
809 797 853 850 is
879 807 1094 864 quoque
1121 800 1204 845 est
1233 799 1477 842 mortuus
1506 788 1528 840 ?
1571 786 1809 840 Mortuus
1837 783 2052 854 quidem
2079 794 2185 850 εει,

595 890 689 946 scd
723 888 846 946 inde
880 885 1008 938 nihil
1062 883 1156 937 fuit
1206 881 1402 940 Iil‘SllS,
1455 878 1549 932 sed
1594 877 1672 931 sic
1719 892 1934 946 quoque
1958 884 2186 929 mortem

597 979 862 1039 di~solvit.
895 973 1142 1030 Vidistin’
1166 971 1436 1043 qumnodo
1463 970 1586 1024 hinc
1607 984 1821 1038 quinque
1845 985 1937 1037 per
1961 977 2186 1021 tuortcm

592 1073 872 1128 constituit
895 1069 1086 1139 dogma
1118 1069 1184 1120 de
1217 1063 1657 1120 resurrectione?
1691 1062 1903 1119 llaheus
1931 1062 2101 1123 enim,
2131 1068 2188 1114 ut

596 1165 743 1238 prius
766 1163 899 1223 dixi,
931 1160 1248 1230 principium
1277 1166 1331 1212 et
1359 1164 1541 1226 caput,
1572 1154 1677 1210 noli
1709 1153 1956 1208 dubitare
1979 1152 2043 1206 dc
2072 1160 2184 1204 toto

595 1270 842 1326 eoi-perc.
876 1251 980 1307 Sed
1027 1260 1081 1306 et
1121 1249 1246 1303 hinc
1289 1262 1506 1318 quoque
1547 1254 1763 1300 exercet
1807 1244 2066 1313 optimam
2122 1255 2187 1296 ac

597 1345 1097 1420 praestantissimum
1164 1343 1284 1395 vit..c
1336 1339 1555 1409 agenda:
1609 1338 1912 1401 rati-mem,
1983 1347 2188 1403 ponens

594 1441 841 1511 exempla
869 1439 990 1492 vita:
1017 1436 1243 1491 emulsa:
1273 1449 1336 1489 ac
1363 1429 1746 1502 philosophicu-
1774 1468 1788 1493 ,
1836 1437 1890 1480 ct
1917 1427 2030 1497 ejus
2059 1440 2178 1496 qua:

597 1551 703 1590 non
734 1542 816 1587 cst
845 1530 1174 1599 huiusmodi,
1207 1537 1263 1581 ct
1293 1527 1572 1593 utriusque
1600 1522 1871 1574 adducens
1905 1518 2186 1588 principia,

597 1630 745 1685 illius
792 1627 1008 1695 quidem
1055 1623 1350 1686 Christum,
1385 1618 1541 1687 hujus
1571 1632 1700 1672 vero
1731 1615 2015 1670 Adamum.
2064 1612 2195 1666 Pro-

601 1730 783 1790 pterea
814 1733 910 1772 nec
941 1713 1185 1770 absolute
1205 1713 1360 1776 dixit,
1395 1712 1434 1765 Ε
1474 1721 1638 1774 terra,
1664 1708 1758 1763 sed
1784 1707 2063 1770 Terrcuus,
2095 1704 2196 1758 hoc

599 1823 703 1877 est,
735 1823 973 1875 crassus,
1000 1806 1192 1863 afﬁxus
1218 1804 1576 1870 prznsentihus
1607 1821 1619 1858 :
1649 1811 1699 1855 et
1732 1813 1916 1854 rursus
1939 1797 2008 1853 de
2036 1796 2196 1851 Chri-

599 1917 683 1958 sto
727 1901 1054 1959 cotnrariutn
1083 1940 1098 1964 ,
1135 1897 1382 1950 Dominus
1411 1912 1437 1948 e
1483 1895 1627 1948 ctclo.
1680 1893 1734 1948 Si
1767 1902 1946 1947 autem
1974 1890 2193 1961 quidam

603 1995 724 2049 idco
748 1994 928 2048 dicant
971 1989 1253 2046 Dominum
1285 2004 1389 2041 non
1436 1986 1634 2039 habere
1671 1999 1889 2056 corpus,
1939 1979 2082 2052 quod
2109 1981 2192 2035 di-

598 2097 740 2141 t-tum
769 2086 858 2150 sit,
891 2083 939 2138 Ε
962 2084 1109 2147 cado,
1137 2081 1413 2136 sufﬁciunt
1441 2079 1655 2149 quidem
1699 2093 1818 2147 qiuc
1848 2077 1957 2147 jam
1985 2074 2195 2145 pridem

599 2177 742 2231 dicta
772 2185 897 2230 sunt
927 2173 993 2228 ad
1039 2188 1132 2226 ora
1178 2187 1365 2225 eorum
1414 2168 1783 2233 obstrueuda;
1835 2167 1967 2222 nihil
2011 2175 2192 2220 autem

600 2274 767 2332 vetat,
795 2265 1084 2338 quominus
1111 2263 1233 2318 hinc
1254 2277 1467 2333 quoque
1491 2277 1584 2316 ora
1616 2275 1802 2315 eorum
1826 2259 2190 2314 obstruamus.

597 2359 735 2431 Quid
763 2370 845 2413 cst
869 2372 1035 2424 enuu,
1067 2355 1316 2416 Domimts
1340 2371 1365 2408 e
1390 2354 1514 2409 ccclo
1543 2353 1569 2406 ?
1596 2361 1919 2407 naturamne
1945 2351 2096 2412 dicit,
2127 2363 2198 2404 an

598 2453 856 2522 optimam
886 2450 1007 2504 vita:
1035 2448 1376 2504 instituenda:
1409 2446 1668 2500 rationem
1700 2445 1724 2499 ?
1754 2444 1938 2499 Cuivis
1966 2452 2050 2497 est
2077 2458 2196 2512 pcr-

599 2543 886 2613 Spicuum,
939 2541 1082 2611 quod
1132 2540 1393 2610 optimam
1447 2537 1568 2591 vita:
1619 2535 1840 2606 agendae
1885 2533 2194 2589 rationem:

603 2647 655 2692 ct
703 2635 825 2691 ideo
871 2634 1192 2704 subiungit:
1238 2630 1326 2687 49.
1375 2632 1520 2685 Sicut
1573 2629 1883 2700 portavimus
1930 2625 2200 2696 imaginem

602 2726 828 2789 terreni;
876 2725 978 2781 hoc
1017 2733 1137 2788 est,
1183 2723 1323 2777 sicut
1369 2723 1504 2776 nuda
1550 2720 1806 2784 iecimus;
1855 2729 2116 2788 portemus
2155 2726 2200 2772 et

600 2819 872 2890 imaginem
911 2815 1161 2879 ccclesiis;
1193 2814 1294 2871 hoc
1321 2824 1427 2877 cst,
1459 2812 1716 2867 faciamus
1746 2812 1968 2880 optima.
2000 2810 2202 2863 Prtetcr

606 2911 724 2964 hmo
750 2920 933 2963 autem
956 2946 975 2976 ,
1003 2923 1066 2962 ex
1101 2915 1153 2960 te
1182 2906 1412 2961 libenter
1438 2905 1748 2960 sciscitarer
1780 2921 1792 2957 :
1841 2904 1913 2957 De
1941 2911 2203 2957 naturane

604 3001 806 3057 dictum
837 3007 922 3054 est
947 3039 960 3062 ,
1015 2997 1116 3065 Qui
1160 3012 1223 3051 ex
1270 3007 1404 3050 terra
1427 3037 1440 3057 ,
1493 3005 1719 3050 terrenus
1744 3037 1760 3060 ,
1790 3006 1866 3062 et,
1902 2994 2154 3048 Dominus
2177 3010 2204 3047 ε

605 3093 733 3148 caelo
762 3092 787 3146 2
818 3085 1090 3155 Maxime,
1137 3087 1323 3160 inquit.
1371 3089 1507 3154 Quid
1541 3093 1709 3158 ergo?
1754 3098 2001 3143 terrenus
2028 3087 2201 3142 solum

607 3192 724 3238 emt
756 3181 924 3236 Adam
954 3223 966 3247 ,
998 3196 1064 3234 an
1096 3179 1331 3250 aliquam
1359 3180 1522 3235 etiam
1553 3180 1710 3235 aliam
1742 3179 1972 3233 habebat
2013 3190 2204 3233 essen-

611 3274 740 3328 tiam
772 3277 1057 3341 cognatam
1091 3270 1346 3340 supernis
1373 3281 1427 3326 ct
1469 3270 1803 3338 incorporcis
1827 3311 1840 3333 ,
1870 3286 2029 3339 quam
2055 3269 2202 3326 Scri-

609 3367 764 3433 ptura
793 3369 946 3416 vocat
973 3361 1208 3415 animam
1253 3370 1307 3416 et
1347 3360 1592 3433 spiritum
1620 3361 1643 3413 ?
1676 3360 1770 3415 Est
1798 3361 1968 3416 cuivis
1998 3361 2204 3430 perSpi-

600 3460 790 3518 ‘cumn,
821 3453 964 3524 quod
995 3453 1132 3508 hanc
1159 3464 1396 3524 quoque.
1427 3453 1570 3522 Ergo
1601 3469 1775 3524 neque
1806 3453 2061 3510 Dominus
2089 3464 2206 3512 erat

607 3545 783 3600 solum
815 3559 882 3599 ex
912 3543 1120 3614 superis
1147 3585 1162 3611 ,
1193 3545 1404 3598 etiamsi
1432 3543 1642 3600 dicatur
1672 3561 1703 3602 e
1729 3547 1884 3612 etclo,
1911 3546 2008 3602 sed
2035 3548 2199 3603 etiam

607 3654 640 3695 ε
657 3655 824 3694 irnem
847 3647 1176 3708 susceperat.
1201 3638 1354 3704 Quod
1379 3648 1554 3694 autem
1578 3641 1729 3707 dicit,
1759 3653 1840 3696 est
1860 3642 2201 3713 hujusmodi:

613 3729 761 3785 Sicut
785 3731 1098 3800 portavimus
1126 3730 1399 3802 imaginem
1440 3734 1707 3800 terrestris,
1743 3735 2201 3803 m.Ilas'actiones,

611 3833 870 3893 portemus
917 3821 962 3877 et
1007 3824 1278 3895 imaginem
1315 3826 1528 3880 ca'l‘estis
1552 3869 1568 3892 ,
1600 3842 1791 3897 nempe
1831 3831 1954 3884 vita:
1981 3831 2205 3902 agendae

612 3916 872 3970 rationem
917 3931 1037 3992 qua:
1082 3924 1167 3972 est
1211 3915 1263 3972 in
1302 3918 1469 3972 callis.
1505 3919 1559 3974 Si
1588 3930 1768 3975 autem
1803 3921 2114 3992 loqueretur
2137 3925 2207 3980 de

609 4015 820 4072 natura,
852 4023 957 4062 non
1003 4007 1383 4064 adhortatione
1415 4025 1590 4081 neque
1621 4014 1849 4068 consilio
1877 4030 1964 4070 res
1997 4027 2202 4086 egeret.

609 4097 971 4162 Quamobrem
1010 4097 1093 4154 vel
1140 4099 1266 4156 hinc
1297 4101 1636 4171 perspicuum
1666 4114 1771 4170 cst,
1801 4105 1942 4175 quod
1973 4106 2040 4162 de
2083 4109 2205 4165 vita:

610 4183 832 4256 agenda:
877 4187 1085 4244 ratione
1115 4199 1198 4244 cst
1225 4190 1274 4245 id
1319 4191 1461 4261 quod
1494 4191 1709 4251 dicitur.
1759 4196 1825 4250 Et
1865 4197 1984 4253 ideo
2012 4214 2206 4255 consu-

614 4275 774 4331 lendo
818 4275 1021 4334 inducit
1067 4279 1389 4348 orationem,
1435 4290 1492 4336 et
1521 4285 1755 4352 appellat
1803 4289 2110 4358 imaginem,
2139 4306 2204 4346 ea

612 4368 824 4424 ratione
849 4377 1034 4424 rursus
1060 4371 1373 4438 ostendens,
1406 4376 1549 4444 quod
1579 4377 1645 4432 de
1667 4379 1878 4435 actione
1904 4381 2067 4450 dicat,
2099 4399 2202 4438 non

612 4453 683 4515 dc
729 4469 938 4516 natura.
997 4449 1285 4534 Propterea
1328 4469 1471 4522 cnim
1523 4468 1697 4523 eil‘ecti
1750 4486 1935 4527 sumus
1984 4476 2204 4540 terreni,

609 4555 863 4624 quoniam
891 4554 1025 4613 mala
1055 4553 1278 4613 fecimus
1313 4577 1325 4612 :
1355 4574 1463 4612 non
1481 4561 1732 4629 quoniam
1758 4565 1824 4616 ah
1854 4564 2004 4619 initio
2025 4565 2204 4622 cil‘ecti

616 4656 804 4703 sumus
853 4647 1088 4711 terreni,
1129 4647 1221 4702 scd
1275 4652 1528 4718 quintium
1577 4656 1938 4722 peccavimus.
1997 4660 2206 4718 Etenim

619 4743 894 4807 peccatum
930 4737 1160 4807 primum
1200 4749 1252 4793 ct
1301 4750 1424 4795 tunc
1456 4758 1600 4798 mors
1623 4787 1638 4810 ,
1669 4757 1722 4800 et
1750 4745 1901 4814 illud,
1931 4749 2093 4804 Terra
2130 4769 2204 4821 es,

616 4837 663 4883 et
686 4827 739 4884 in
762 4837 948 4885 terruit
977 4833 1235 4887 reverteris
1261 4828 1412 4899 (Ceu.
1441 4835 1492 4890 ⁸5.
1528 4831 1616 4909 19)
1645 4854 1658 4891 :
1691 4849 1816 4894 tunc
1843 4842 2003 4898 etiam
2036 4843 2206 4900 intra-

616 4919 694 4972 vit
718 4932 945 4977 exatnen
974 4919 1136 4980 animi
1170 4931 1412 4978 motuum
1439 4935 1493 4979 ct
1516 4929 1997 4997 perturbationum.
2022 4935 2206 5006 Neque

611 5009 757 5064 enim
785 5026 849 5064 ex
868 5011 1020 5066 "terra
1049 5027 1173 5067 esse
1203 5014 1442 5085 genitum
1471 5017 1598 5074 facit
1623 5021 1866 5080 absolute
1895 5035 2202 5098 terrenum;

610 5118 733 5157 nam
771 5103 1028 5160 Dominus
1055 5121 1269 5177 quoque
1298 5120 1412 5164 erat
1450 5126 1518 5166 ex
1549 5114 1738 5171 eadem
1781 5132 1955 5174 massa
1983 5129 2037 5176 et
2062 5135 2196 5178 con-

606 5191 887 5261 spersioue
919 5210 932 5260 ;
973 5194 1068 5252 sed
1101 5205 1310 5255 terrena
1338 5213 1498 5271 agere
1541 5222 1553 5257 :
1584 5206 1724 5263 sicut
1759 5209 1919 5267 etiam
1951 5214 2166 5270 coeleste
2186 5257 2202 5281 ,

612 5299 774 5354 agere
801 5301 921 5355 qua:
949 5297 1075 5344 sunt
1094 5289 1254 5361 digna
1276 5294 1442 5349 caelis.
1471 5295 1579 5352 Sed
1610 5299 1737 5370 quid
1755 5302 1950 5360 adhoc
1969 5306 2204 5376 proban-

613 5377 744 5432 dum
773 5393 908 5448 opus
936 5391 1020 5436 est
1046 5381 1294 5440 laborare
1311 5393 1748 5458 supervacaneo?
1777 5396 1893 5464 ipse
1912 5399 2056 5452 enim
2081 5413 2204 5469 pro-

611 5463 814 5525 cedens
843 5473 1001 5529 nobis
1030 5489 1248 5533 sensum
1273 5480 1466 5549 aperit,
1497 5481 1681 5540 dicens
1713 5501 1728 5540 :
1759 5463 1852 5544 δέ).
1886 5487 2002 5544 Hoc
2031 5463 2203 5545 autem

612 5557 749 5627 dico,
785 5562 989 5632 fratres,
1035 5568 1171 5637 quod
1214 5586 1334 5625 caro
1381 5583 1428 5627 et
1464 5576 1673 5646 sanguis
1715 5591 1928 5650 regnum
1960 5579 2059 5637 Dei
2100 5600 2201 5638 non

609 5654 956 5722 possidebunt.
981 5658 1230 5715 Vidistin'
1255 5666 1527 5734 quomodo
1555 5684 1741 5724 rursus
1763 5670 2002 5738 seipsum
2029 5675 2199 5731 inter-

609 5758 871 5822 pretetur,
904 5766 1002 5807 nos
1025 5753 1257 5810 liberans
1285 5771 1312 5810 a
1345 5760 1572 5829 negotiis
1601 5765 1624 5816 ἲ
1649 5763 1791 5834 quod
1825 5766 2043 5838 quidem
2071 5769 2198 5827 facit

1319 308 1376 363 ε.
1417 305 1694 362 δυΑΝΝιε
1733 297 2202 357 ειιιιῐευετωιι
2244 297 2562 356 necuter.
2605 301 3135 366 consumtum.
3217 361 3220 364 λ
3739 334 3817 392 56,

2296 415 2457 470 ctiam
2493 417 2546 472 in
2587 419 2771 475 multis
2807 423 2958 479 locis.
3009 425 3235 482 Carnem
3261 430 3405 498 [enim
3442 434 3524 490 hic
3551 454 3687 502 vocat
3713 453 3822 506 ιιιςιιη
3907 461 3912 466 ·

2293 520 2478 577 opera,
2503 511 2643 579 quod
2669 523 2723 566 et
2747 513 2874 569 alibi
2897 517 3040 583 fecit,
3070 529 3127 573 ut
3151 521 3362 590 quando
3387 524 3549 583 dicit:
3582 530 3672 588 Vos
3693 551 3824 598 niuem

2295 615 2398 655 non
2417 602 2534 655 estis
2558 602 2610 655 in
2631 620 2813 668 carne;
2839 617 2893 659 et
2922 621 3130 676 rursus,
3161 611 3264 679 θεῖ
3282 623 3445 669 autem
3469 632 3585 674 sunt
3605 623 3652 677 in
3675 641 3822 696 carne,

2296 688 2406 745 Deo
2431 699 2632 758 placere
2658 711 2758 748 non
2793 707 3001 764 possunt
3022 699 3207 769 (Rom.
3234 704 3291 759 8.
3315 705 3366 758 9.
3406 707 3494 780 8).
3519 688 3827 779 Qtumtobrcui

2295 786 2512 855 quando
2526 787 2674 854 dicit,
2703 788 2816 843 lloc
2843 800 3012 846 autem
3037 795 3190 860 dico;
3218 798 3346 853 nihil
3377 801 3514 857 aliud
3540 805 3677 874 dicit,
3703 826 3825 882 quam

2296 892 2357 931 se
2387 888 2669 946 promerea
2717 881 2816 936 hoc
2867 884 3088 953 dixisse,
3124 898 3182 942 ut
3225 890 3400 947 discas
3446 899 3606 953 malas
3633 904 3826 961 actiones

2297 967 2351 1020 iu
2386 983 2608 1037 regnum
2660 987 2769 1025 non
2812 973 3170 1031 introducere.
3195 979 3327 1035 Nam
3368 997 3483 1054 past
3529 997 3827 1049 resurrectio-

2298 1074 2419 1112 nem
2465 1061 2644 1114 statim
2689 1063 2756 1117 de
2803 1079 2969 1133 regno
3024 1069 3226 1125 inducit
3271 1085 3608 1146 serrmmcm;
3652 1093 3697 1137 ct
3739 1086 3830 1141 ideo

2297 1152 2566 1220 salijunxit
2621 1173 2636 1208 :
2677 1155 2855 1226 Neque
2881 1163 3141 1230 corruptio
3165 1164 3556 1235 incorruptelam
3587 1178 3827 1240 possidebit.

2300 1243 2410 1300 lloc
2438 1251 2550 1309 εει,
2594 1249 2776 1304 vitium
2820 1269 2922 1305 non
2956 1257 3190 1322 possidet
3225 1259 3449 1328 gloriam
3492 1264 3630 1320 illam
3661 1277 3710 1322 et
3735 1287 3831 1338 per-

2299 1340 2600 1404 ceptionem
2660 1355 2730 1395 ac
2775 1341 3088 1400 fruitionem
3146 1349 3620 1423 incorruptibilium
3669 1372 3832 1415 rerum.

2305 1427 2518 1483 Etenim
2551 1433 2732 1486 multis
2765 1434 2814 1487 iu
2859 1436 2992 1490 locis
3033 1451 3218 1494 rursus
3251 1454 3378 1497 usus
3407 1455 3489 1500 εει
3530 1448 3623 1503 hac
3642 1452 3836 1519 appella

2304 1519 2471 1586 tione,
2497 1520 2682 1577 dicens
2713 1541 2726 1576 :
2757 1523 2858 1591 Qui
2883 1528 3098 1582 seminat
3135 1531 3188 1584 iu
3215 1543 3438 1599 carnem,
3467 1552 3528 1590 ex
3551 1554 3690 1593 carne
3723 1551 3837 1596 metet

2302 1613 2675 1681 corruptionem
2697 1616 2839 1683 (Gul.
2867 1619 2920 1673 ὃ.
2948 1617 3024 1690 8).
3045 1620 3101 1677 Si
3127 1633 3306 1680 autem
3329 1627 3530 1683 diceret
3553 1630 3617 1685 de
3632 1645 3838 1702 corpore,

2302 1718 2411 1757 non
2435 1713 2613 1760 autem
2652 1708 2720 1763 de
2750 1711 2886 1764 mala
2917 1714 3151 1781 actione,
3195 1733 3300 1771 nou
3329 1720 3548 1778 dixisset
3573 1727 3833 1795 corruptio.

2303 1811 2473 1863 nem;
2515 1814 2779 1870 nusquam
2822 1805 2967 1858 enim
3013 1819 3210 1878 corpus
3246 1822 3402 1867 Vocat
3445 1819 3840 1886 corruptionem;

2303 1905 2476 1961 neque
2502 1894 2644 1948 enim
2675 1899 2952 1966 corruptio
2992 1909 3115 1967 est,
3143 1903 3236 1957 sed
3274 1909 3635 1977 corruptibile.
3678 1912 3838 1979 Quam-

2302 1984 2488 2041 obrem
2532 1989 2855 2058 procedens,
2901 2001 2956 2048 et
2986 1994 3054 2049 de
3089 2010 3154 2050 eo
3179 1997 3491 2068 disserens,
3533 2018 3630 2058 non
3660 2004 3704 2058 id
3739 2005 3843 2061 dixit

2301 2081 2722 2150 corruptionem,
2751 2084 2846 2139 sed
2873 2088 3242 2157 corruptibile,
3275 2091 3463 2148 dicens
3488 2113 3500 2149 :
3539 2095 3732 2166 Oportet
3757 2113 3843 2150 cor-

2303 2171 2542 2239 ruptibile
2572 2173 2667 2227 hoc
2711 2175 2922 2231 induere
2950 2178 3405 2251 incorruptionem.
3436 2185 3630 2242 Deinde
3665 2203 3768 2242 cum
3792 2188 3844 2243 do

2306 2266 2430 2318 vita.
2458 2266 2678 2336 agendae
2703 2269 2912 2326 ratione
2929 2271 3249 2330 absolvisset
3273 2278 3708 2346 admonitionem;
3731 2281 3845 2350 quod

2303 2370 2520 2426 srmper
2536 2357 2673 2414 solet
2689 2358 2890 2428 facere,
2914 2376 3284 2434 argumentum
3311 2383 3618 2442 argumento
3637 2375 3846 2428 continuo

2303 2448 2623 2514 admiscens,
2651 2460 2938 2510 revertitur
2975 2473 3158 2514 rursus
3184 2462 3250 2516 ad
3277 2463 3596 2535 loquendum
3612 2467 3672 2521 de
3695 2481 3846 2522 resur-

2305 2542 2542 2598 rectione
2563 2583 2578 2610 ,
2609 2547 2686 2601 sic
2725 2547 2912 2604 dicens
2946 2567 2958 2603 :
2991 2553 3081 2606 5i.
3115 2553 3243 2608 Ecce
3282 2559 3572 2627 mysterium
3597 2559 3718 2613 vobis
3739 2561 3843 2611 dico.

2374 2634 2429 2692 2.
2465 2635 2837 2695 Venerandum
2860 2641 3131 2712 quidpiam
3157 2655 3210 2700 et
3235 2663 3512 2714 arcanum,
3544 2659 3594 2705 ct
3618 2650 3742 2719 quod
3765 2665 3843 2703 nou

2304 2740 2496 2782 omnes
2531 2740 2762 2797 norunt,
2797 2741 2881 2788 est
2920 2733 3160 2791 dicturus
3193 2755 3206 2791 :
3247 2741 3394 2808 quod
3447 2743 3602 2798 etiam
3657 2741 3846 2798 ostendit

2307 2831 2556 2889 magnum
2595 2820 2859 2878 honorem
2889 2842 2996 2896 quo
3025 2841 3121 2883 eos
3150 2829 3340 2897 afhcit,
3373 2850 3566 2906 nempe
3594 2837 3667 2892 eis
3691 2849 3845 2891 arcana

2307 2910 2506 2970 dicere.
2547 2914 2684 2982 Quid
2718 2915 2820 2972 hoc
2851 2927 3028 2974 autem
3059 2923 3186 2976 est?
3212 2922 3341 2979 Non
3371 2943 3541 2982 omnes
3565 2929 3744 2999 quidem
3768 2943 3848 2979 mo-

2307 3003 2515 3070 riemnr,
2550 3015 2596 3059 at
2636 3021 2810 3062 autne:
2852 3010 3250 3069 hmtmtabimnr.
3298 3014 3414 3075 Hoc
3443 3031 3522 3076 est
3548 3031 3712 3075 autem
3739 3017 3848 3090 quini

2308 3096 2437 3152 dicit
2465 3115 2480 3152 :
2507 3097 2626 3152 Non
2657 3112 2850 3157 omnes
2887 3103 3101 3173 quidem
3132 3109 3453 3176 moriemur,
3497 3127 3673 3167 omnes
3709 3122 3848 3164 autem

2303 3190 2737 3260 immutabimur,
2780 3197 2940 3251 etiam
2991 3199 3084 3268 qui
3128 3217 3231 3256 non
3284 3206 3628 3261 moriuntur:
3657 3221 3760 3259 nam
3794 3202 3849 3257 illi

2309 3297 2522 3355 quoque
2570 3294 2699 3341 sunt
2738 3289 3009 3358 mortales.
3053 3291 3132 3348 Ne
3158 3309 3285 3365 ergo
3335 3297 3586 3368 quoniam
3629 3295 3848 3357 morieris.

2309 3386 2589 3445 propterea
2611 3415 2629 3443 ,
2662 3378 2867 3450 inquit,
2898 3381 3086 3438 timeas
3115 3395 3393 3456 tamquam
3431 3403 3533 3443 non
3566 3396 3850 3444 resurrectu-

2311 3481 2402 3521 rus
2437 3484 2450 3520 :
2480 3478 2607 3525 sunt
2632 3470 2798 3537 enim,
2829 3483 2955 3526 sunt
2981 3473 3142 3530 etiam
3174 3477 3345 3548 aliqui
3370 3481 3461 3551 qui
3491 3479 3587 3534 hoc
3613 3480 3848 3548 effugient;

2309 3568 2363 3611 et
2391 3561 2687 3616 tamen-hoc
2711 3563 2791 3618 eis
2817 3577 2926 3619 non
2952 3565 3151 3622 sufﬁcit
3169 3569 3238 3624 ad
3262 3567 3411 3628 illam
3431 3571 3850 3630 resurrectionem,

2309 3651 2403 3707 sed
2432 3663 2643 3722 oportet
2673 3655 2759 3710 illa
2790 3671 3003 3727 quoque
3033 3673 3265 3731 corpora
3290 3681 3413 3735 qua:
3444 3678 3547 3720 non
3575 3664 3850 3722 moriuntur,

2311 3744 2581 3802 immutari
2608 3757 2662 3802 et
2691 3750 2922 3804 transire
2950 3751 3017 3806 ad
3048 3753 3531 3825 incorruptionem.
3562 3757 3645 3814 52.
3675 3755 3736 3809 In
3761 3768 3847 3805 mo-

2310 3847 2497 3904 mento,
2539 3840 2594 3893 in
2621 3842 2723 3894 ictu
2751 3843 2906 3911 oculi,
2931 3843 2983 3898 in
3006 3847 3280 3903 novissima
3309 3850 3454 3904 tuba.
3479 3851 3721 3920 Quoniam
3747 3845 3852 3901 inul-

2311 3939 2422 3985 tum
2466 3933 2756 4002 disputavit
2803 3936 2870 3990 de
2925 3941 3365 4010 resurrectione,
3422 3954 3547 3999 tunc
3593 3947 3851 4014 opportune

2310 4023 2548 4079 ostendit
2577 4024 2628 4080 id
2655 4027 2797 4096 quod
2828 4037 2910 4083 est
2955 4031 3009 4084 in
3049 4045 3111 4085 ea
3143 4033 3462 4090 admirabile
3489 4046 3543 4092 et
3571 4042 3744 4105 prteler
3763 4030 3852 4099 opi-

2310 4111 2549 4170 nionem.
2600 4115 2717 4170 Non
2755 4126 2839 4172 est
2886 4115 3028 4174 enim
3077 4121 3181 4176 hoe
3225 4124 3402 4179 solum
3452 4125 3698 4188 mirabile,
3739 4117 3851 4192 quod

2313 4205 2541 4272 primum
2561 4216 2869 4276 putrescunt
2894 4223 3119 4282 corpora
3149 4223 3205 4269 ει
3222 4224 3350 4270 ιυηε
3370 4226 3664 4289 resurgunt,
3685 4214 3852 4284 inquit;

2309 4304 2364 4349 et
2390 4297 2531 4366 quod
2561 4299 2644 4362 iis,
2671 4317 2788 4370 qua:
2820 4315 2960 4357 nunc
2985 4309 3138 4372 sunt,
3173 4307 3403 4362 meliora
3435 4321 3497 4364 ac
3528 4306 3851 4380 prmstantiora

2308 4402 2429 4458 quae
2455 4402 2738 4462 resurgunt
2766 4409 2780 4459 ;
2804 4405 2860 4449 et
2882 4395 3024 4465 quod
3045 4397 3110 4452 ad
3135 4397 3293 4470 longe
3320 4401 3595 4456 meliorem
3625 4402 3853 4454 transeant

2309 4481 2708 4547 canditionem,
2753 4499 2927 4556 neque
2983 4488 3125 4557 quod
3171 4493 3538 4564 uiuisquisqne
3586 4489 3713 4562 quod
3760 4500 3853 4557 pro-

2311 4571 2487 4642 prium
2515 4584 2597 4630 est
2621 4577 2866 4647 accipiat,
2896 4589 2950 4635 et
2980 4580 3157 4638 nullus
3185 4583 3328 4656 quod
3356 4586 3576 4642 alterius
3600 4607 3612 4642 :
3635 4583 3717 4640 sed
3741 4576 3852 4652 quod

2313 4674 2418 4719 tam
2451 4667 2616 4725 multa
2640 4712 2654 4735 ,
2700 4678 2845 4725 tanta
2889 4680 2943 4728 ct
2983 4674 3104 4729 talia
3125 4717 3141 4741 ,
3170 4685 3227 4732 et
3255 4693 3376 4748 qua:
3401 4693 3612 4736 omnem
3639 4680 3852 4747 superant

2312 4759 2577 4815 rationem
2601 4771 2655 4815 ct
2679 4774 2933 4832 mentem,
2956 4766 3085 4822 ﬁant
3103 4769 3153 4822 in
3185 4782 3479 4829 momento.
3510 4771 3575 4828 Et
3600 4778 3691 4827 hoc
3716 4767 3850 4838 signi-

2312 4853 2477 4908 ﬁcans
2502 4855 2858 4924 manifestius,
2892 4858 2956 4914 In
2991 4861 3094 4914 ictu
3123 4865 3278 4930 oculi,
3308 4865 3461 4933 dicit,
3490 4866 3539 4920 id
3571 4876 3663 4927 est,
3689 4870 3853 4933 quanio

2312 4951 2554 5012 tempore
2580 4947 2844 5003 clauditur
2869 4949 3075 5009 cilium.
3111 4952 3314 5011 Deinde
3343 4958 3592 5028 quoniam
3621 4955 3739 5010 dixit
3763 4963 3850 5005 rem

2311 5049 2558 5106 magnam
2587 5047 2642 5092 et
2672 5049 2892 5109 stupore
2935 5043 3147 5112 plenam
3168 5089 3184 5114 ,
3211 5048 3254 5102 si
3289 5064 3378 5106 res
3407 5059 3482 5104 tot
3505 5059 3558 5105 et
3588 5057 3732 5103 tanta:
3767 5054 3849 5095 tant

2309 5134 2531 5195 repente
2575 5130 2736 5196 ﬁant,
2777 5133 3050 5206 subjuugit
3088 5138 3154 5193 ad
3203 5139 3722 5202 demonstrationem,
3742 5132 3850 5190 red-

2309 5217 2443 5274 deus
2473 5222 2729 5278 credibile
2752 5225 2894 5294 quod
2923 5226 3120 5285 dicitur
3141 5249 3152 5284 :
3177 5231 3334 5287 Canet
3355 5235 3490 5288 enim
3520 5234 3648 5297 tuba,
3677 5240 3719 5284 et
3740 5241 3849 5279 mor-

2310 5316 2385 5365 tui
2419 5325 2682 5386 resurgeut
2730 5317 3036 5389 incorrupti,
3082 5331 3129 5377 et
3173 5340 3262 5378 nos
3308 5325 3695 5380 immutabiumr.
3726 5316 3849 5380 Illud.

2311 5400 2445 5468 Nos,
2474 5419 2580 5458 non
2610 5405 2823 5462 dicitde
2849 5411 3049 5480 seipse,
3073 5413 3167 5468 sed
3191 5412 3255 5469 de
3281 5413 3346 5470 iis
3364 5416 3453 5486 qui
3477 5428 3594 5470 tunc
3617 5409 3851 5468 invenien-

2311 5504 2396 5549 tur
2423 5496 2688 5552 viventes.
2720 5497 2810 5554 55.
2843 5499 3054 5572 Oportet
3071 5507 3202 5560 enim
3226 5508 3551 5578 corruptibile
3568 5509 3656 5560 hoc
3679 5502 3852 5558 indum

2309 5587 2759 5657 incorruptionem.
2801 5591 2880 5649 Nc
2907 5596 3048 5651 enim
3069 5639 3085 5664 ,
3114 5613 3234 5655 cum
3264 5600 3498 5656 audieris
3525 5599 3656 5671 quod
3681 5609 3789 5651 caro
3809 5598 3852 5642 cl

2311 5683 2528 5749 sanguis
2557 5699 2780 5754 regnum
2832 5688 2926 5744 Dei
2968 5705 3075 5745 non
3105 5692 3418 5763 possidebit,
3449 5695 3709 5750 existimes
3755 5700 3852 5741 cor-

2314 5788 2441 5844 pora
2475 5790 2580 5831 non
2612 5790 2894 5851 resurgere
2915 5821 2932 5851 ,
2977 5783 3251 5857 subiunxit
3279 5802 3293 5842 :
3326 5785 3532 5858 Oportet
3568 5775 3853 5852 corruptibik
