3998 6450
207 236 326 292 555

201 375 331 419 τως
381 354 710 410 ἀπολοῦνται
749 351 842 404 καὶ
875 350 1309 419 τελευτήσουσιν.
1362 339 1496 411 Οἵος
1546 350 1578 402 ό
1620 348 1803 400 ἐπου-

191 450 430 519 ράνιος
451 493 465 510 ,
501 448 758 501 τοιοῦτοι
801 445 899 498 καί
933 447 988 497 οἰ
1024 440 1388 508 ἐπουράνιοι.
1425 439 1581 492 Οὐτω
1611 439 1804 509 μενοῦ-

202 562 303 597 σιν
341 541 606 595 ἀθάνατοι
637 540 730 592 καὶ
758 537 1088 608 λάμποντες.
1125 533 1189 587 Τί
1223 528 1350 600 οῦν;
1378 533 1500 602 οὐχὶ
1531 534 1626 585 καὶ
1653 530 1808 598 οὗτος

198 634 530 696 ἁπέθανεν;
573 629 833 682 Ἀπέθανε
869 627 989 704 μὲν,
1031 625 1147 682 ἀλλ’
1189 625 1342 678 οὐδὲν
1387 623 1637 676 ἐντεῦθεν
1666 641 1809 696 παρ-

199 726 453 795 εὸλάϐη,
478 724 614 777 ἀλλὰ
630 722 724 775 καὶ
744 719 914 789 ταύτῃ
937 718 1028 771 τὸν
1051 717 1282 771 θάνατον
1301 716 1623 770 κατέλυσεν.
1655 713 1810 779 Εἶδες

200 817 337 880 πῶς
373 815 668 873 κάντεῦθεν
695 812 774 882 τῷ
821 812 1040 882 θανάτῳ
1065 811 1127 864 τὸ
1157 810 1288 880 περὶ
1327 810 1428 880 τῆς
1459 810 1811 874 ἀναστάσεως

199 911 525 978 συνέστησε
553 906 761 975 δόγμας
795 905 980 974 Ἔχων
1019 903 1152 975 γὰρ,
1182 903 1318 972 ὅπερ
1345 901 1496 975 [595]
1537 901 1706 972 ἔφθην
1735 904 1810 954 εί-

199 999 364 1060 πὼν,
401 999 502 1068 τὴν
535 997 710 1067 ἀρχὴν
744 997 837 1049 καὶ
878 995 974 1065 τὴν
1015 995 1294 1064 κεφαλὴν,
1328 995 1484 1063 φησὶ,
1522 995 1595 1064 μὴ
1641 994 1811 1064 ἀμφί-

199 1090 391 1144 εαλλε.
422 1089 552 1160 1:591
590 1087 681 1141 τοῦ
714 1086 968 1157 σώματος
999 1085 1218 1147 παντός.
1252 1085 1398 1153 Πλὴν
1431 1084 1523 1138 καὶ
1553 1084 1652 1154 τὴν
1681 1083 1813 1153 1:591

198 1180 506 1245 πολιτείας
556 1179 788 1250 ἀρίστην
833 1176 1086 1230 ἐντεῦθεν
1136 1176 1408 1247 γυμνάζει
1459 1175 1810 1245 παραίνεσιν,

199 1270 603 1340 ὑποδείγματα
628 1267 835 1337 ὑψηλοῦ
866 1267 961 1319 καὶ
989 1266 1279 1338 φιλοσόφου
1308 1266 1449 1337 βίου,
1480 1266 1574 1318 καὶ
1609 1265 1668 1318 οῦ
1695 1281 1809 1317 τοι-

196 1361 386 1416 ούτου
417 1359 624 1422 τιθεὶς,
654 1358 749 1411 καὶ
785 1356 988 1410 τούτων
1033 1355 1362 1426 ἀμφοτέρων
1403 1355 1672 1426 παράγων
1710 1353 1811 1417 τάς

197 1451 424 1522 ἀρχὰς,
451 1449 544 1504 τοῦ
582 1449 681 1520 μὲν
716 1448 1107 1520 τὸνᾛριστδν,
1134 1446 1228 1500 τοῦ
1261 1448 1319 1501 δὲ
1344 1448 1436 1500 τὸν
1477 1447 1668 1517 Ἀδάμ.
1712 1446 1812 1499 Διά

195 1547 390 1600 τοῦτο
411 1545 533 1598 οὐδέ
561 1541 746 1606 ἁπλῶς
772 1537 946 1602 εἶπεν,
965 1542 1058 1594 Ἐκ
1071 1541 1196 1611 γῆς,
1217 1540 1376 1606 ἀλλὰ,
1397 1541 1631 1607 Χοτκὸς,
1656 1556 1813 1592 τουτ-

197 1641 336 1694 έστι
356 1681 376 1704 ,
433 1639 647 1708 παχὺς,
677 1639 792 1699 τοῖς
831 1634 1069 1706 παροῦσι
1101 1635 1550 1706 προσηλωμένος’
1583 1634 1676 1688 καὶ
1707 1633 1812 1692 πά-

198 1735 294 1788 λιν
323 1734 428 1787 ἐπὶ
455 1732 549 1784 τοῦ
583 1729 824 1802 Χριστοῦ
863 1728 1197 1792 τούναντίον,
1241 1730 1303 1781 '0
1345 1728 1563 1795 Κύριος
1599 1727 1668 1791 ἐξ
1711 1729 1812 1781 οὑ-

191 1824 435 1894 ρανοῦ.
469 1825 534 1878 Εἰ
580 1823 638 1876 δὲ
679 1821 888 1890 λέγοιέν
921 1838 1064 1884 τινες
1092 1820 1182 1873 διὰ
1218 1817 1378 1872 τοῦτο
1429 1818 1506 1889 μὴ
1535 1819 1681 1888 ἐχειν
1717 1818 1810 1872 τὸν

200 1919 434 1990 Κύριον
458 1915 639 1986 σῶμα,
666 1916 756 1969 διὰ
778 1915 860 1978 τὸ,
906 1914 1006 1978 Ἐξ
1035 1913 1319 1982 οὐρανοῦ,
1349 1912 1622 1982 εἰρῆσθαι,
1651 1911 1812 1965 ίκανά

201 2012 320 2082 μὲν
355 2011 455 2064 καὶ
479 2009 548 2062 τά
579 2006 844 2078 εἰρημένα
876 2005 1045 2060 πάλαι
1085 2005 1362 2075 ἐμφράξαι
1388 2003 1566 2058 αὐτῶν
1589 2005 1658 2060 τὰ
1687 2004 1810 2056 στό-

202 2119 403 2173 ματα,
433 2100 587 2154 οὐδὲν
612 2098 669 2151 δὲ
703 2096 905 2151 κωλύει
941 2098 1035 2151 καὶ
1071 2095 1321 2149 ἐντεῦθεν
1364 2096 1559 2158 αὐτοὺς
1596 2098 1812 2154 ἐπιστο-

202 2195 409 2265 μίσαι.
448 2192 516 2244 Τί
556 2191 666 2260 γάρ
697 2191 869 2253 ἐστιν,
914 2189 978 2240 Ὃ
1021 2189 1234 2255 Κύριος
1269 2186 1339 2250 ἐξ
1378 2185 1671 2252 οὑρανοῦ;
1711 2185 1813 2253 τὴν

199 2286 392 2356 φύσιν
423 2283 596 2351 λέγει,
643 2282 677 2352 ἢ
715 2283 815 2352 τὴν
855 2280 1086 2351 ἀρίστην
1134 2278 1446 2341 πολιτείαν;
1491 2277 1659 2330 Παντί
1707 2293 1812 2336 που

199 2379 408 2450 δῆλον,
454 2378 536 2430 ὅτι
583 2376 684 2446 τὴν
728 2372 1026 2428 πολιτείανο
1068 2371 1151 2425 διὸ
1184 2371 1279 2428 καὶ
1322 2370 1554 2437 ἐπάγει’
1606 2367 1813 2432 Καθὼς

198 2473 606 2543 ἐφορέσαμεν
657 2468 772 2536 τὴν
833 2469 1040 2520 εἰκόνα
1087 2465 1195 2520 τοῦ
1248 2464 1459 2533 χοϊκοῦ
1505 2463 1811 2533 (τουτέστι,

201 2562 427 2625 Καθὼς
468 2559 647 2628 φαῦλα
677 2557 1041 2628 ἐπράξαμεν),
1074 2556 1424 2625 φορέσωμεν
1449 2554 1546 2608 καί
1587 2553 1701 2618 τὴν
1730 2555 1812 2606 εἰ-

202 2656 379 2708 κόνα
402 2648 875 2717 τοῦἑπουρανίου
895 2664 908 2678 ⁸
931 2639 1231 2708 τουτέστιν,
1251 2647 1476 2716 Ἀριστα
1494 2644 1812 2712 πράξωμεν.

201 2743 416 2815 Χωρὶς
458 2741 517 2794 δὲ
561 2739 796 2803 τούτων,
847 2737 1069 2791 κάκεῖνό
1122 2753 1183 2789 σε
1227 2735 1399 2806 ἡδέως
1446 2734 1513 2788 ἂν
1559 2733 1810 2804 ἐροίμην⁶

205 2833 373 2902 Περὶ
406 2829 627 2899 φύσεως
676 2830 919 2898 εἴρηται·
975 2826 1038 2881 '0
1076 2825 1145 2878 ἐκ
1162 2824 1274 2894 γῆς
1305 2822 1532 2892 χοϊκός,
1565 2823 1693 2886 καὶ,
1758 2821 1812 2874 Ὁ

208 2927 447 2993 Κύριος
488 2923 558 2988 ἐξ
579 2920 870 2989 οὐρανοῦς
899 2919 1029 2980 Ναὶ,
1059 2917 1212 2986 φησί.
1247 2917 1289 2968 Τ
1296 2916 1312 2966 ί
1345 2911 1473 2981 οὖν;
1505 2915 1687 2985 χοῖκὸς
1713 2913 1813 2982 μό-

208 3033 312 3071 νον
343 3011 416 3086 ἦν
443 3015 473 3067 6
511 3011 704 3081 ’Δδάμ,
733 3011 766 3083 ἢ
803 3011 896 3062 καὶ
925 3009 1093 3078 ἀλλην
1126 3007 1249 3060 τινὰ
1279 3002 1425 3076 εἶχεν
1456 3006 1644 3060 οὐσίαν
1679 3023 1812 3073 συγ·-

209 3109 368 3178 γενῆ
386 3107 498 3167 τοῖς
513 3105 628 3158 ἀνω
647 3104 740 3156 καὶ
757 3101 1086 3172 ἀσωμάτοις,
1111 3102 1175 3169 ἣν
1193 3099 1370 3170 ψυχὴν
1395 3099 1550 3153 καλεῖ
1567 3101 1600 3169 ή
1622 3098 1815 3170 Γραφῇ

211 3201 323 3257 καὶ
354 3198 607 3268 πνεῦμα;
644 3194 812 3248 Παντί
844 3212 945 3246 που
977 3194 1157 3262 δῆλον,
1183 3193 1265 3245 ὅτι
1300 3193 1392 3246 καὶ
1413 3193 1638 3261 ταύτην.
1674 3191 1815 3243 Οὐκ-

213 3292 322 3348 οῦν
377 3291 502 3346 οὐδέ
543 3292 572 3355 ὁ
606 3289 809 3359 Κύριος
839 3283 908 3357 ἦν
949 3285 1158 3340 ἄνωθεν
1189 3285 1369 3355 μόνον,
1405 3286 1455 3337 εί
1497 3285 1592 3337 καὶ
1635 3281 1696 3347 ἐξ
1724 3283 1816 3335 οὐ·

219 3381 399 3454 ρανοῦ
431 3381 665 3448 λέγοιτο,
699 3377 834 3431 ἀλλά
866 3379 964 3430 καὶ
995 3375 1174 3446 σάρκα
1208 3374 1508 3445 ἀνειλήφει.
1546 3377 1611 3428 Ὃ
1643 3374 1698 3427 δέ
1731 3374 1816 3426 λέ-

216 3494 340 3546 γει,
380 3473 621 3528 τοιοῦτόν
651 3474 784 3524 ἐστι’
814 3467 1022 3534 Καθὼς
1051 3466 1426 3537 ἐφορέσαμεν
1458 3467 1571 3533 τὴν
1611 3469 1817 3521 εἰκόνα

219 3569 338 3624 τοῦ
383 3566 614 3636 χοϊκοῦ,
651 3565 748 3626 τὰς
777 3563 1024 3633 πονηρὰς.
1056 3561 1304 3632 πράξεις,
1341 3558 1691 3628 φορέσωμεν
1717 3559 1830 3613 καὶ·

221 3660 348 3726 τὴν
378 3659 583 3712 εἰκόνα
611 3654 718 3708 τοῦ
759 3652 1142 3722 ἐπουρανίου,
1181 3653 1281 3722 τὴν
1311 3651 1587 3704 πολιτείαν
1619 3651 1718 3720 τὴν
1757 3653 1815 3704 ἐν

220 3755 344 3815 τοῖς
391 3750 664 3818 οὐρανοῖς.
719 3747 781 3798 Εἰ
825 3745 882 3797 δὲ
914 3744 1287 3816 περὶφύσεως
1339 3740 1407 3811 ἦν
1450 3746 1478 3796 ὁ
1521 3743 1708 3810 λόγος,
1752 3744 1812 3796 οὐ

225 3842 634 3913 παρακλήσεως
688 3838 859 3891 ἐδεῖτο
906 3837 969 3889 τὸ
1019 3837 1252 3907 πρᾶγμα
1299 3835 1419 3887 οὐδὲ
1467 3836 1811 3907 συμϐουλῆςο

225 3939 377 3998 ὥστε
401 3934 702 3990 κάντεῦθεν
721 3932 904 4002 δῆλον,
929 3931 1013 3984 ὅτι
1051 3929 1179 3998 περὶ
1205 3928 1479 3992 πολιτείας
1504 3929 1563 3981 τὸ
1588 3931 1816 4000 λεγόμε.

226 4047 348 4086 νον.
382 4026 472 4084 Διὸ
506 4025 599 4078 καὶ
630 4021 1106 4094 ωμϐουλευτικῶς
1137 4021 1348 4087 εἰσάγει
1390 4019 1482 4072 τὸν
1510 4019 1689 4088 λόγον,
1723 4021 1817 4074 καὶ

228 4123 423 4176 εἰκόνα
446 4120 622 4182 καλεῖ,
656 4115 945 4186 καὶταύτῃ
975 4115 1139 4169 πάλιν
1181 4113 1357 4184 δηλῶν
1399 4113 1480 4166 ὅτι
1519 4114 1648 4183 περὶ
1675 4114 1818 4182 πρά-

229 4216 395 4281 ξεως,
418 4213 480 4264 οὐ
499 4209 628 4281 περὶ
651 4208 864 4277 φύσεως
887 4207 1055 4275 λέγει.
1075 4207 1186 4259 Καὶ
1211 4205 1318 4276 γὰρ
1343 4203 1430 4257 διὰ
1457 4204 1612 4257 τοῦτο
1636 4205 1817 4272 ἐγενό-

235 4305 381 4374 μεθα
407 4304 581 4375 χοϊκοί
606 4341 620 4365 ,
649 4300 837 4372 ἐπειδὴ
871 4300 1082 4370 πονηρά
1109 4298 1446 4370 ἐπράξαμεν·
1478 4298 1579 4350 οὐκ
1627 4298 1820 4368 ἐπειδὴ

231 4398 292 4466 ἐξ
306 4397 486 4467 ἀρχῆς
505 4395 680 4466 χοῖκοὶ
697 4392 992 4463 διεπλάσθη
1001 4409 1118 4462 μεν,
1136 4392 1250 4444 ἀλλ’
1271 4390 1459 4461 ἐπειδὴ
1473 4394 1505 4463 ή
1514 4391 1814 4462 μάρτομεν.

235 4491 352 4546 Καὶ
378 4488 487 4558 γὰρ
515 4489 548 4557 ἡ
583 4485 833 4556 ἁμαρτία
861 4484 1096 4554 πρῶτον,
1125 4482 1220 4535 καὶ
1249 4482 1368 4534 τότε
1391 4485 1418 4534 ὁ
1447 4482 1695 4546 θάνατος,
1725 4483 1818 4535 καὶ

235 4581 316 4644 τὸ,
355 4578 441 4645 Γῆ
471 4573 546 4643 εἷ,
575 4575 676 4631 καί
709 4578 798 4641 εἰς
826 4574 943 4646 γῆν
979 4574 1313 4640 άπελεύσῃ”
1354 4573 1475 4625 τότε
1520 4573 1613 4626 καὶ
1645 4574 1674 4624 ὁ
1708 4572 1817 4627 τῶν

238 4670 428 4726 παθῶν
464 4668 713 4738 εἰσῆλθεν
751 4666 940 4736 ὲσμός.
977 4666 1111 4719 Οὐδέ
1139 4665 1248 4735 γὰρ
1284 4666 1368 4726 τὸ,
1413 4667 1478 4716 ἐκ
1521 4665 1625 4735 γῆς
1655 4682 1814 4733 γεγε-

238 4761 455 4832 νῆσθαι,
488 4761 634 4812 ποιεῖ
676 4755 856 4825 χοῖκὸν
882 4755 1087 4820 ἁπλῶς,
1125 4757 1247 4809 ἐπεὶ
1277 4756 1371 4808 καὶ
1401 4757 1429 4808 ὁ
1465 4755 1668 4824 Κύριος
1708 4755 1818 4809 ἀπὸ

239 4853 338 4919 τῆς
375 4850 554 4919 μάζης
600 4848 696 4901 καὶ
726 4845 820 4898 τοῦ
866 4845 1186 4917 φυράματος
1227 4846 1415 4896 τούτου
1459 4839 1547 4912 ἦν,
1581 4843 1718 4895 ἀλλὰ
1757 4843 1819 4895 τὸ

242 4943 401 5013 γήϊνα
447 4940 738 5010 πράττειν·
771 4935 960 5004 ὥσπερ
989 4931 1081 4992 οὖν
1122 4935 1215 4988 καὶ
1255 4934 1578 5004 ἐπουράνιον
1603 4933 1664 4985 τὸ
1693 4933 1818 4997 ἀξια

243 5033 347 5088 τῶν
367 5031 614 5103 οὐρανῶν
641 5026 1028 5092 ἐπιδείξασθαι.
1066 5026 1224 5079 Ἀλλά
1247 5026 1356 5096 γὰρ
1378 5026 1429 5078 τί
1458 5025 1562 5097 χρὴ
1588 5026 1818 5097 περιττά

248 5126 421 5180 πονεῖν
450 5121 608 5175 τοῦτο
636 5118 1151 5182 κατασκευάζοντα;
1185 5116 1390 5188 προῖὼν
1421 5117 1527 5185 γὰρ
1559 5119 1690 5186 ἡμῖν
1721 5117 1818 5170 αὐσ

248 5216 330 5278 τὸς
367 5211 698 5267 ἐκκαλύπτει
748 5210 812 5262 τὸ
849 5209 1049 5280 νόημα,
1092 5208 1234 5260 οὕτω
1275 5207 1484 5275 λέγων·
1532 5208 1711 5261 Τοῦτο
1753 5207 1820 5260 δέ

252 5326 409 5379 φημι,
437 5303 713 5373 ἀδελφοί,
737 5303 826 5357 ὅτι
855 5301 1013 5368 σὰρξ
1036 5301 1134 5361 καί
1158 5295 1300 5369 αἷμα
1316 5301 1646 5364 βασιλείαν
1669 5299 1819 5352 Θεοῦ

256 5405 316 5457 οὐ
346 5397 944 5467 κληρονομήσουσιν.
978 5389 1130 5457 Εἶδες
1163 5393 1279 5456 πῶς
1305 5393 1496 5444 ἑαυτὸν
1524 5391 1820 5460 ἐρμηνεύει

257 5495 424 5558 πάλιν,
461 5490 821 5549 ἀπαλλάττων
855 5489 1000 5557 ἡμᾶς
1050 5486 1421 5557 πραγμάτων;
1471 5484 1500 5535 6
1547 5482 1816 5553 πολλαχοῦ

259 5590 407 5642 ποιεῖ.
463 5585 653 5656 Σάρκα
702 5579 811 5651 γὰρ
861 5577 1096 5632 ἐνταῦθα
1143 5576 1243 5639 τὰς
1297 5575 1540 5646 πονηρὰς
1591 5574 1820 5644 πράξεις

264 5679 419 5743 καλεῖ,
449 5677 477 5730 ὃ
506 5677 599 5729 καὶ
628 5672 863 5742 ἀλλαχοῦ
907 5670 1226 5739 πεποίηκεν.
1255 5662 1368 5721 οἷον
1401 5668 1475 5729 ὡς
1505 5669 1634 5719 ὅταν
1663 5664 1815 5734 λέγη“

272 5770 438 5838 Ὑμεῖς
474 5768 540 5822 δὲ
581 5769 695 5823 οὐκ
739 5763 878 5819 ἐστὲ
930 5763 998 5817 ἐν
1031 5759 1234 5829 σαρκί·
1271 5761 1361 5813 καὶ
1415 5760 1594 5826 πάλιν,
1634 5763 1697 5814 Ol
1751 5759 1819 5812 δὲ

1233 229 1300 283 IN
1375 227 1587 283 EPIST.
1631 229 1648 282 l
1684 229 1773 282 AD
1812 229 1972 284 CUR.
2009 228 2246 284 HOMIL.
2284 226 2443 286 XLII.

3389 239 3493 292 δσι

1912 347 2064 420 [396]
2099 346 2170 401 ἐν
2201 348 2382 418 σαρκί
2420 348 2613 414 ὄντες,
2656 349 2778 416 Θεῷ
2818 350 3032 419 ἀρέσαι
3076 356 3146 408 οὐ
3185 353 3490 414 δύνανται.

1915 439 2080 492 Ὥστε
2109 439 2238 492 ὅταν
2268 440 2421 510 λέγῃ,
2464 439 2644 493 Τοῦτο
2678 440 2746 494 δέ
2777 460 2947 512 φημι,
2979 443 3132 498 οὐδὲν
3159 445 3287 500 ἄλλο
3321 448 3492 517 λέγει,

1909 531 1942 602 ἢ
1976 533 2059 584 ὅτι
2089 531 2189 585 Διὰ
2212 532 2371 586 τοῦτο
2401 531 2576 584 ταῦτα
2618 527 2799 599 εἷπον,
2831 536 2917 588 ἵνα
2950 538 3130 611 μάθῃς
3154 540 3236 592 ὅτι
3259 529 3494 612 πονηραὶ

1909 621 2139 691 πράξεις
2167 625 2247 686 εἰς
2282 623 2560 694 βασιλείαν
2590 625 2691 677 οὐκ
2720 626 3054 694 εἰσάγουσιν.
3099 630 3232 682 Ἀπὸ
3258 631 3366 702 γὰρ
3395 633 3494 702 τῆς

1909 714 2260 778 ἀναστάσεως
2293 717 2496 780 εὐθέως
2529 717 2624 770 καὶ
2656 718 2745 770 τὸν
2784 719 2883 787 τῆς
2923 719 3201 788 βασιλείας
3231 724 3496 792 εἰσήγαγε

1908 808 2067 876 λόγον
2085 823 2104 839 '
2135 809 2216 863 διὸ
2239 811 2334 864 καὶ
2357 811 2660 881 ἐπήγαγενο
2685 812 2837 865 Οὐδὲ
2863 813 2901 879 ἡ
2927 813 3118 883 φθορὰ
3143 813 3259 881 τὴν
3278 817 3497 885 ἀφθαρ-

1908 900 2054 954 σίαν
2105 903 2472 970 κληρονομεῖ
2500 919 2512 936 ρ
2550 902 2863 964 τουτέστιν,
2911 905 2942 975 ή
2992 903 3162 958 κακία
3205 905 3302 976 τὴν
3336 905 3496 971 δόξαν

1908 992 2126 1061 ἐκείνην
2157 993 2252 1045 καὶ
2284 991 2383 1063 τὴν
2414 992 2526 1046 τῶν
2559 993 2854 1064 ἀφθάρτων
2887 995 3227 1064 πραγμάτων
3257 997 3496 1051 ἀπόλαυ-

1910 1102 2017 1138 σιν.
2051 1086 2161 1139 Καὶ
2198 1085 2306 1156 γάρ
2341 1084 2609 1156 πολλαχοῦ
2650 1086 2811 1138 πάλιν
2843 1088 2908 1156 τῇ
2943 1089 3288 1158 προσηγορίᾳ
3321 1088 3496 1161 ταύτῃ

1907 1177 2008 1245 τήν
2057 1176 2256 1234 κακίαν
2308 1177 2568 1230 ἐκάλεσεν
2611 1176 2814 1230 εἰπών’
2850 1176 2914 1233 '0
2960 1181 3225 1248 σπείρων
3261 1184 3348 1248 εἰς
3379 1183 3498 1249 τὴν

1909 1269 2130 1337 σάρκα,
2157 1269 2224 1322 ἐκ
2255 1268 2365 1337 τῆς
2403 1273 2631 1338 σαρκὸς
2659 1269 2880 1336 θερίσει
2915 1271 3162 1338 φθοράν.
3191 1273 3250 1325 Εἰ
3277 1273 3332 1326 δέ
3363 1276 3496 1345 περὶ

1911 1361 2167 1432 σώματος
2195 1361 2400 1429 ἔλεγεν,
2433 1363 2549 1415 ἀλλ’
2571 1363 2630 1415 οὐ
2659 1361 2786 1433 1:591
2821 1364 3064 1434 πονηρᾶς
3093 1365 3366 1434 πράξεως,
3395 1367 3496 1419 οὐκ

1909 1454 1974 1508 ἂν
2005 1451 2126 1509 εἶπε
2158 1455 2382 1526 φθοράν·
2416 1453 2653 1525 οὐδαμοῦ
2679 1454 2789 1524 γὰρ
2810 1454 2870 1506 τὸ
2895 1455 3052 1526 σῶμα
3081 1457 3287 1526 φθορὰν
3315 1458 3492 1512 καλεῖ’

1909 1550 2033 1603 οὐδὲ
2060 1550 2170 1620 γάρ
2202 1552 2319 1604 ἐστι
2351 1549 2547 1620 φθορά,
2579 1549 2715 1604 ἀλλὰ
2750 1546 3009 1620 φθαρτόν.
3046 1552 3136 1604 Διὸ
3169 1551 3374 1622 προῖὼν
3403 1555 3498 1608 καὶ

1912 1642 2046 1713 1:591
2084 1641 2248 1694 αὐτοῦ
2297 1642 2701 1712 διαλεγόμενος,
2752 1643 2851 1695 οὐκ
2894 1638 3045 1695 εἶπεν
3092 1643 3224 1696 αὐτὸ
3268 1644 3494 1716 φθοράν,

1911 1735 2048 1788 ἀλλά
2089 1733 2351 1805 φθαρτὸν,
2382 1734 2556 1801 λέγων
2582 1750 2594 1762 ·
2637 1733 2739 1786 Δεῖ
2770 1733 2880 1804 γὰρ
2923 1733 2990 1787 τὸ
3023 1734 3289 1804 φθαρτὸν
3318 1737 3498 1790 τοῦτο

1909 1824 2284 1879 ἐνδύσασθαι
2326 1824 2690 1892 ἀφθαρσίαν.
2734 1820 2868 1876 Εἶτα
2901 1822 3000 1894 τὴν
3047 1825 3177 1894 περὶ
3222 1824 3498 1890 πολιτείας

1912 1918 2208 1989 πληρώσας
2263 1917 2622 1988 παραίνεσιν,
2678 1917 2815 1988 ὅπερ
2864 1917 2951 1972 ἀεὶ
3005 1920 3186 1984 ποιεῖ,
3236 1919 3499 1973 ὑπόθεσιν

1912 2007 2168 2062 ὑποθέσει
2189 2007 2428 2076 συνεχῶς
2451 2009 2773 2076 ἀναμιγνὺς,
2794 2010 2872 2070 εἰς
2892 2010 2982 2060 τὸν
3002 2025 3067 2059 πε
3077 2009 3127 2078 91
3146 2010 3499 2074 ἀναστάσεως

1911 2100 2076 2153 πάλιν
2118 2099 2228 2152 τῶν
2263 2101 2535 2168 σωμάτων
2585 2098 2824 2152 ἐκϐαίνει
2862 2098 3055 2168 λόγον,
3096 2100 3237 2154 οὕτω
3287 2101 3495 2170 λέγων’

1922 2191 2068 2246 Ἰδοὺ
2096 2189 2437 2259 μυστήριον
2467 2190 2610 2259 ὑμῖν
2639 2191 2814 2260 λέγω.

1985 2282 2048 2352 β’.
2083 2281 2313 2353 Φρικτόν
2347 2299 2398 2334 τι
2445 2282 2539 2334 καὶ
2581 2281 2915 2352 ἀπόρρητον,
2965 2283 3059 2335 καὶ
3099 2283 3128 2335 6
3171 2285 3246 2354 μὴ
3294 2287 3522 2350 πάντες.

1918 2375 2086 2438 ἕσασι,
2113 2374 2291 2445 μέλλει
2321 2374 2502 2442 λέγειν
2521 2391 2532 2404 ·
2561 2374 2588 2426 6
2609 2375 2701 2426 καὶ
2727 2374 2925 2444 πολλὴν
2948 2375 3283 2431 ἐνδείκνυται
3300 2380 3399 2448 τὴν
3417 2382 3522 2443 εἰς.

1911 2468 2108 2529 αὐτοὺς
2135 2467 2330 2536 τιμὴν,
2355 2466 2417 2518 τὸ
2449 2465 2515 2518 τά
2545 2466 2839 2538 ἀπόρρητα
2870 2466 3050 2533 λέγειν
3092 2468 3306 2528 αὐτοῖς.
3327 2470 3392 2521 Τί
3437 2471 3497 2523 δὲ

1911 2559 2068 2611 τοῦτό
2087 2561 2202 2610 ἐστι
2222 2576 2236 2623 ;
2257 2559 2484 2622 Πάντες
2501 2557 2618 2626 μὲν
2641 2560 2712 2611 οὐ
2743 2561 3245 2627 κοιμηθησόμεθα,
3273 2560 3496 2628 πάντες

1911 2650 1980 2704 δὲ
2031 2651 2521 2718 ἀλλαγησόμεθα.
2578 2650 2642 2700 Ὃ
2688 2650 2744 2700 δὲ
2791 2649 2938 2716 λέγει
2986 2650 3144 2702 τοῦτό
3179 2653 3360 2704 ἐστιν⁹
3419 2656 3494 2706 Οὐ

1913 2729 2115 2804 πάντες
2152 2741 2250 2810 μὲν
2276 2741 2722 2810 ἀποθανούμεθα,
2746 2741 2947 2805 πάντες
2969 2744 3026 2795 δὲ
3051 2743 3494 2816 ἀλλαγησόμεθα,

1911 2836 2006 2888 καὶ
2037 2836 2084 2886 οἱ
2131 2833 2205 2904 μὴ
2245 2832 2702 2901 ἀποθνήσκοντες·
2737 2832 2920 2902 θνητοὶ
2956 2833 3064 2904 γὰρ
3100 2836 3362 2890 κάκεῖνοι.
3404 2840 3496 2908 Μὴ

1911 2925 2113 2990 τοίνυν,
2139 2925 2328 2994 ἐπειδὴ
2359 2925 2748 2994 ἀποθνήσκεις,
2777 2925 2865 2976 διὰ
2891 2925 3048 2977 τοῦτο
3075 2926 3278 2997 δείσῃς,
3309 2930 3499 2998 φησὶν,

1911 3018 1987 3080 ὡς
2020 3018 2121 3069 οὐκ
2152 3016 2591 3086 ἀναστησόμενος
2610 3035 2624 3048 ·
2661 3017 2769 3068 εἰσὶ
2797 3016 2905 3086 γάρ
2935 3034 3101 3080 τινες,
3133 3019 3294 3082 εἰσιν,
3325 3021 3373 3072 οἳ
3405 3023 3499 3074 καὶ

1913 3105 2073 3159 τοῦτο
2100 3105 2499 3174 διαφεύξονταιο
2529 3105 2624 3158 καὶ
2645 3106 2795 3174 ὅμως
2823 3105 2922 3157 οὐκ
2945 3106 3106 3175 ἀρκεῖ
3125 3106 3286 3158 τοῦτο
3315 3107 3499 3171 αὐτοῖς

1914 3201 1997 3262 είς
2041 3200 2140 3268 τὴν
2171 3199 2469 3251 ἀνάστασιν
2498 3199 2749 3268 ἐκείνην,
2785 3197 2922 3251 ἀλλὰ
2957 3197 3037 3250 δεῖ
3083 3200 3177 3251 κα)⁸
3209 3200 3392 3251 ἐκεῖνα
3430 3201 3499 3252 τά

1918 3294 2153 3362 σώματα
2187 3292 2256 3343 τὰ
2313 3293 2388 3361 μὴ
2438 3291 2855 3361 ἀποθνήσκοντα
2899 3289 3234 3359 ἀλλαγῆναι,
3275 3293 3370 3343 καὶ
3419 3294 3500 3353 εἰς

1915 3383 2226 3453 ἀφθαρσίαν
2261 3385 2610 3452 μεταπεσεῖν.
2653 3382 2748 3433 Ἑν
2774 3382 2991 3449 ἀτόμῳ,
3014 3382 3085 3433 ἐν
3096 3381 3248 3448 ῥιπῇ
3272 3383 3499 3450 ὀφθαλ.

1909 3475 2053 3545 μοῦ,
2108 3476 2179 3528 ἐν
2211 3475 2285 3542 τῇ
2325 3475 2558 3543 ἐσχάτῃ
2609 3473 2918 3542 σάλπιγγι.
2971 3474 3102 3526 Ὅτε
3148 3474 3320 3526 πολλά
3373 3476 3533 3544 1:591.

1916 3567 2269 3628 ἀναστάσεως
2311 3562 2593 3633 διελέχθη,
2647 3561 2770 3614 τότε
2809 3561 3082 3631 εὐκαίρως
3115 3562 3211 3613 καὶ
3258 3561 3320 3612 τὸ
3368 3561 3500 3614 πολὺ

1917 3656 2220 3727 παράδοξον
2245 3656 2414 3725 αὐτῆς
2441 3654 2736 3706 δείκνυσιν.
2765 3654 2840 3706 Οὐ
2869 3652 2978 3722 γάρ
2999 3650 3160 3704 τοῦτο
3187 3651 3501 3721 θαυμαστὸν
3524 3690 3532 3696 ς

1920 3747 2112 3817 μόνον,
2149 3745 2231 3797 ὅτι
2277 3745 2512 3814 σήπεται
2558 3742 2774 3813 πρῶτον
2820 3741 2891 3797 τά
2934 3743 3184 3810 σώματα,
3235 3741 3329 3793 καὶ
3376 3741 3498 3793 τότε

1917 3837 2226 3897 ἀνίσταται,
2260 3834 2449 3904 φησὶν,
2497 3833 2606 3885 οὐδέ
2637 3833 2720 3884 ὅτι
2759 3831 3005 3902 βελτίονα
3038 3832 3148 3883 τῶν
3181 3831 3277 3884 νῦν
3327 3834 3394 3886 τά
3436 3835 3502 3886 ἐκ

1914 3928 2025 3979 τῶν
2083 3925 2405 3996 σηπομένων
2463 3925 2837 3994 ἀνιστάμενα,
2891 3923 3001 3975 οὐδ’
3044 3924 3128 3977 ὅτι
3180 3925 3275 3976 ἐπὶ
3322 3925 3500 3995 πολλῷ

1920 4016 2143 4088 μείζονα
2183 4014 2337 4086 λῆξιν
2368 4013 2720 4084 μεταϐαίνει,
2758 4013 2867 4065 οὐδ’
2896 4013 2984 4064 ὅτι
3012 4012 3242 4074 ἕκαστος
3281 4014 3340 4066 τὸ
3370 4014 3528 4067 ἴδιον.

1917 4106 2298 4177 ἀπολαμϐάνει
2347 4105 2441 4159 καὶ
2465 4104 2638 4167 οὐδεὶς
2669 4105 2730 4156 τὸ
2770 4103 2957 4174 ἐτέρου
2977 4145 2992 4169 ,
3025 4103 3142 4156 ἀλλ’
3176 4106 3254 4157 ὅτι
3279 4103 3350 4156 τὰ
3375 4121 3499 4156 τοσ-

1917 4199 2058 4254 αῦτα
2105 4199 2197 4252 καὶ
2248 4195 2553 4267 τηλικαῦτα
2588 4197 2683 4250 καὶ
2713 4197 2930 4249 πάντων
2958 4195 3219 4264 λογισμὸν
3250 4198 3342 4249 καὶ
3375 4196 3500 4249 νοῦν

1920 4289 2322 4363 ὑπερϐαίνοντα
2355 4291 2414 4342 ἐν
2453 4288 2643 4358 ἀτόμῳ
2679 4288 2910 4355 γίνεται,
2938 4287 3242 4351 τουτέστιν,
3278 4288 3336 4338 ἐν
3364 4288 3500 4340 ἀκα-

1922 4383 2086 4453 ριαίῳ
2137 4380 2336 4450 χρόνῳ.
2384 4378 2498 4430 Καὶ
2545 4376 2720 4446 δηλῶν
2773 4377 3108 4448 σαφέστερον
3157 4376 3334 4436 τοῦτο,
3398 4377 3500 4429 Ἐν

1910 4472 2062 4542 ῥιπῇ
2093 4470 2426 4542 ὀφθαλμοῦ,
2455 4471 2641 4538 φησίν·
2673 4470 2797 4522 ὅσον
2833 4469 2999 4540 μύσαι
3036 4468 3324 4537 βλέφαρον.
3366 4464 3499 4520 Εἶτα

1918 4562 2109 4634 ἐπειδὴ
2143 4562 2286 4632 μέγα
2315 4557 2436 4613 εἷπε
2466 4561 2562 4613 καὶ
2598 4560 2908 4622 ἐκστάσεως
2937 4560 3109 4630 γέμον
3131 4598 3144 4624 ,
3171 4562 3221 4612 εί
3258 4559 3516 4611 τοσαῦτα-

1921 4655 2015 4711 καὶ
2065 4653 2370 4724 τηλικαῦτα
2427 4653 2747 4724 πράγματα.
2790 4652 2934 4705 οὕτω
2987 4653 3204 4722 γίνηται
3257 4652 3497 4720 ταχέωςυ

1921 4747 2118 4814 ἐπάγει
2147 4747 2228 4808 είς
2260 4743 2534 4808 ἀπόδειξιν
2559 4745 2620 4796 τὸ
2643 4744 2956 4809 ἀξιόπιστον
2977 4742 3072 4796 τοῦ
3101 4741 3497 4812 ἐργαζομένου,

1921 4841 2094 4908 λέγων
2113 4855 2126 4868 ⁸
2158 4839 2452 4892 Σαλπίσει
2481 4838 2609 4907 γὰρ,
2643 4838 2740 4891 καὶ
2763 4840 2818 4890 οι
2847 4837 3048 4905 νεκροὶ
3075 4835 3502 4905 ἐγερθήσονται

1920 4935 2246 5002 ἄφθαρτοι,
2288 4931 2387 4984 καὶ
2426 4929 2594 4998 ἡμεῖς
2632 4929 3118 4998 ἀλλαγησόμεθα.
3151 4929 3245 4989 Τὸ,
3289 4927 3499 4994 Ἡμεῖς,

1919 5026 1980 5076 οὐ
2022 5022 2152 5093 περὶ
2185 5021 2380 5075 ἐαυτοῦ
2427 5020 2598 5088 λέγει,
2641 5020 2782 5072 ἀλλὰ
2826 5020 2954 5090 1:591
2989 5018 3098 5071 τῶν
3133 5018 3352 5081 ζώντων
3396 5019 3504 5069 τῶν
3577 5013 3581 5016 ’

1919 5117 2040 5168 τότε
2083 5115 2506 5186 εὑρισκομένων.
2543 5114 2643 5168 Δεῖ
2667 5113 2778 5182 γὰρ
2812 5114 2878 5166 τὸ
2906 5111 3172 5182 φθαρτὸν
3205 5111 3382 5164 τοῦτο
3414 5112 3505 5163 ἐν-

1921 5208 2222 5260 δύσασθαι
2245 5205 2610 5272 ἀφθαρσίαν.
2638 5205 2755 5256 ’Ἰνα
2785 5205 2895 5274 γὰρ
2927 5206 3001 5275 μὴ
3027 5206 3268 5267 ἀκούσας
3292 5222 3398 5271 τις,
3423 5205 3502 5256 ὅτι

1923 5296 2061 5367 σάρξ
2113 5299 2207 5350 καὶ
2260 5292 2398 5367 αίμα
2451 5296 2728 5366 βασιλείαν
2775 5294 2912 5348 Θεοῦ
2968 5296 3028 5348 οὐ
3083 5296 3502 5366 κληρονομήσει,

1925 5390 2073 5463 [59η
2105 5391 2307 5462 νομίσῃ,
2331 5389 2401 5442 τὰ
2429 5389 2657 5459 σώματα
2692 5389 2767 5460 μὴ
2806 5388 3126 5443 ἀνίστασθαι
3152 5428 3166 5452 ,
3198 5389 3530 5458 ἐπήγαγεν,.

1921 5485 2003 5536 ὅτι
2029 5485 2125 5536 Δεῖ
2145 5481 2210 5536 τὸ
2234 5481 2501 5550 φθαρτὸν
2531 5482 2707 5535 τοῦτο
2734 5481 3106 5534 ἐνδύσασθαι
3137 5480 3502 5549 ἀφθαρσίαν,

1923 5574 2022 5628 καὶ
2078 5572 2145 5626 τὸ
2199 5573 2423 5639 θνητὸν
2473 5572 2650 5626 τοῦτο
2700 5571 3073 5626 ἐνδύσασθαι
3141 5559 3503 5625 ἀθανασίαν.

1922 5667 2165 5736 Φθαρτδν
2200 5665 2256 5717 δὲ
2289 5663 2347 5716 τὺ
2381 5664 2558 5734 σῶμα,
2588 5665 2682 5717 καὶ
2717 5663 2907 5734 θνητὸν
2939 5663 2999 5715 τὸ
3033 5664 3209 5732 σῶμα.
3249 5662 3411 5712 Ὥστε
3444 5658 3507 5711 τὺ

1925 5757 2086 5826 σῶμα
2118 5755 2300 5826 μένει·
2326 5753 2457 5808 αὐτὸ
2489 5755 2596 5827 γάρ
2627 5758 2743 5809 ἐστι
2774 5755 2832 5807 :6
2857 5752 3204 5822 ἐνδυόμενον·
3234 5752 3264 5817 ή
3291 5749 3344 5801 δὲ
3379 5748 3534 5816 om,
