3998 6416
274 274 379 330 565

273 392 367 444 hoc
390 389 601 443 induere
629 384 1075 456 incorruptionem,
1098 391 1142 436 et
1170 380 1382 435 mortale
1402 381 1495 435 hoc
1525 381 1736 435 induere
1763 383 1857 435 im-

270 482 651 536 mortalitatem.
675 475 1033 548 Corruptibile
1060 482 1237 529 autem
1261 482 1343 527 est
1368 488 1565 542 corpus
1585 513 1601 539 ,
1624 482 1679 528 et
1714 488 1859 527 mor-

268 573 398 628 tale.
450 571 580 627 Ideo
621 585 818 641 corpus
864 577 1083 623 manet:
1112 580 1312 635 corpus
1355 564 1499 619 enim
1546 574 1628 619 est
1674 564 1859 632 subje-

269 675 412 723 ctum
446 665 712 719 induens:
743 661 1040 718 mortalitas
1067 667 1245 714 autem
1275 667 1329 713 et
1350 658 1623 728 corruptio
1649 656 1858 711 deletur

268 769 321 811 et
376 755 672 821 evanescit,
717 753 784 807 ad
828 752 1002 823 ipsum
1044 748 1335 805 accedente
1375 748 1775 803 immortalitate
1803 754 1860 802 et

267 848 691 919 incorruptione.
720 847 839 902 Noli
881 861 1010 916 ergo
1035 846 1290 915 deinceps
1317 842 1562 899 dubitare
1587 839 1857 911 quomodo

266 943 431 996 vitam
459 940 602 994 vivet
634 936 933 1005 inﬁnitam,
967 951 1087 993 cum
1122 934 1358 991 audieris
1389 934 1531 1005 quod
1559 932 1651 987 ﬁat
1675 932 1855 986 incor-

264 1033 522 1103 ruptibile
547 1042 604 1088 et
642 1031 877 1087 interitui
905 1045 1013 1085 non
1049 1029 1365 1084 obnoxium.
1407 1028 1497 1084 54.
1537 1025 1664 1082 Cum
1688 1033 1856 1079 autem

262 1125 596 1194 eomtptibile
633 1124 728 1179 hoc
768 1123 988 1176 induerit
1032 1121 1496 1191 incorruptionem,
1548 1128 1595 1173 et
1641 1116 1856 1170 mortale

264 1222 361 1270 hoc
381 1217 602 1270 induerit
628 1214 1079 1278 immortalitatem,
1097 1222 1215 1266 tunc
1234 1214 1320 1280 fiet
1344 1226 1513 1266 sermo
1529 1210 1616 1281 qui
1635 1209 1855 1279 scriptus
1902 1227 1911 1235 ’

259 1318 358 1371 est,
377 1307 631 1378 Absorpta
660 1317 733 1361 est
756 1324 891 1361 nter:
913 1307 965 1360 in
993 1306 1220 1360 victoria.
1241 1304 1375 1359 Nam
1389 1304 1640 1375 quoniam
1664 1317 1852 1371 magna

258 1401 397 1455 dixit
421 1410 479 1454 et
505 1415 701 1454 arcana
722 1441 737 1465 ,
771 1415 955 1453 rursus
993 1397 1045 1453 id
1068 1396 1210 1468 quod
1238 1396 1369 1451 dicit
1394 1393 1650 1450 credibile
1673 1402 1728 1449 et
1752 1393 1854 1449 ﬁde

257 1494 482 1563 dignum
505 1492 631 1546 facit
646 1507 711 1547 ex
737 1489 1013 1560 prephetia
1031 1507 1044 1541 :
1061 1488 1313 1560 Absorpta
1332 1498 1426 1553 est,
1443 1487 1632 1557 inquit,
1645 1501 1781 1539 mors
1801 1485 1854 1540 in

254 1586 492 1639 victoria.
516 1583 628 1638 IIoc
651 1590 753 1651 (ﬁt,
778 1581 832 1636 in
861 1581 1050 1648 linem;
1074 1594 1140 1635 ne
1175 1578 1639 1649 manentquidem,
1661 1577 1854 1648 inquit,

255 1677 379 1747 ejus
431 1674 718 1745 reliquiae,
751 1688 925 1743 neque
971 1686 1095 1749 spes
1139 1680 1223 1726 est
1250 1669 1475 1734 reditus,
1521 1683 1640 1723 cum
1672 1669 1848 1723 incoro

254 1769 439 1839 ruptio
478 1765 871 1837 consumpserit
903 1764 1301 1833 corruptionem
1341 1772 1396 1818 ct
1424 1762 1717 1817 interitum.
1759 1760 1848 1816 55.

256 1861 360 1916 Ubi
396 1869 494 1925 est,
532 1875 686 1923 utare,
719 1858 927 1912 victoria
964 1864 1055 1911 tua
1082 1856 1108 1910 .9
1136 1854 1223 1909 ubi
1249 1864 1344 1921 est,
1372 1854 1589 1926 inferne,
1616 1851 1853 1907 stimulus

250 1964 375 2007 tuus
404 1952 432 2005 ?
470 1950 659 2006 Vidisti
706 1949 895 2005 fortem
944 1957 1002 2004 et
1040 1961 1360 2019 generosam
1403 1947 1637 2000 animam
1668 1947 1692 1998 't
1718 1944 1849 2000 Nam

251 2055 534 2111 tamquam
574 2056 672 2111 pro
700 2040 922 2095 victoria
952 2039 1283 2104 sacriﬁcans,
1316 2045 1373 2091 et
1401 2038 1511 2092 Deo
1533 2037 1762 2103 amatus,
1792 2045 1850 2092 et

250 2136 437 2191 futura
466 2134 655 2189 videns
682 2133 831 2204 quasi
854 2133 964 2203 jam
994 2133 1153 2197 facta,
1189 2131 1358 2186 insilit
1382 2141 1436 2186 et
1456 2131 1656 2200 jacenti
1687 2131 1850 2185 morti

247 2228 504 2293 insultat,
530 2237 583 2282 et
614 2226 668 2281 in
691 2234 851 2296 caput
876 2225 993 2295 ejus
1009 2227 1197 2295 jacens
1222 2224 1290 2279 de
1325 2224 1547 2278 victoria
1572 2224 1850 2279 exsultan-

247 2329 368 2375 tem
410 2318 612 2375 emittit
638 2333 847 2383 vocem,
870 2317 1109 2372 clamans
1136 2324 1189 2371 et
1216 2315 1423 2382 dicens,
1451 2314 1549 2370 Ubi
1568 2325 1662 2381 est,
1690 2330 1848 2381 ntere,

243 2412 497 2467 stimulus
525 2419 639 2465 tuus
660 2410 686 2463 .9
712 2409 797 2463 ubi
839 2418 913 2463 est
940 2409 1152 2463 t-ictoria
1193 2419 1300 2473 tua,
1341 2407 1585 2479 inferne?
1611 2407 1773 2461 l‘eriit
1795 2414 1852 2462 et

244 2504 472 2574 penitus
515 2503 766 2567 evanuit,
794 2512 849 2557 et
890 2510 1092 2557 temere
1135 2501 1306 2556 fecisti
1356 2501 1444 2555 illa
1486 2500 1689 2555 omnia.
1732 2498 1866 2561 Non~

243 2597 432 2651 solum
462 2594 604 2650 enim
628 2608 747 2648 eam
775 2594 939 2647 armis
966 2592 1112 2647 exuit
1138 2602 1192 2648 et
1219 2592 1386 2658 vicit,
1418 2591 1513 2647 sed
1544 2593 1703 2646 etiam
1728 2606 1850 2661 per-

242 2687 392 2744 didit
414 2727 430 2751 ,
459 2695 514 2741 et
538 2699 606 2741 eo
643 2683 849 2754 redegit
888 2693 945 2739 ut
974 2699 1041 2739 ne
1065 2694 1209 2739 esset
1238 2682 1455 2753 quidem
1489 2683 1723 2751 penitus.
1751 2681 1845 2740 56.

246 2778 513 2836 Stimula:
531 2786 701 2830 autem
720 2776 893 2830 mortis
914 2783 1172 2845 peccatum
1188 2784 1258 2827 est
1282 2789 1301 2828 :
1322 2774 1479 2827 virtus
1497 2788 1613 2828 vero
1635 2775 1846 2842 peccati,

246 2873 359 2928 lex.
397 2868 586 2924 Viden‘
613 2866 887 2938 quomodo
928 2867 1175 2936 loquatur
1210 2865 1279 2919 de
1323 2875 1498 2919 morte
1537 2865 1848 2934 corporali?

245 2963 403 3033 Ergo
432 2959 671 3030 lnquitur
694 2959 854 3014 etiam
898 2958 967 3013 de
992 2957 1385 3011 resurrectione
1420 2957 1681 3026 corporis.
1715 2955 1848 3011 Nam

243 3059 296 3112 si
326 3059 448 3110 haec
474 3070 580 3109 non
622 3060 931 3122 resurgunt,
959 3050 1232 3122 quomodo
1272 3059 1354 3105 cst
1384 3064 1531 3105 mors
1556 3050 1849 3120 absorpta?

245 3145 369 3203 Nec
406 3145 508 3200 hoc
537 3144 710 3200 solum
732 3183 747 3209 ,
791 3143 887 3199 sed
930 3143 1089 3197 etiam
1133 3141 1406 3213 quomodo
1447 3142 1649 3211 peccati
1679 3142 1852 3197 virtus

243 3249 338 3295 est
377 3240 462 3295 lex
492 3238 517 3292 ?
544 3235 676 3291 Nam
708 3234 851 3304 quod
880 3243 1155 3304 peccatum
1186 3236 1255 3289 sit
1281 3234 1531 3290 stimulus
1557 3234 1768 3296 mortis.
1795 3244 1853 3290 et

243 3331 343 3391 illa
370 3330 613 3402 gravius,
632 3338 686 3383 et
708 3328 823 3383 haec
849 3328 900 3382 in
922 3328 1040 3399 ipso
1065 3328 1169 3381 vim
1193 3327 1405 3394 habeat,
1426 3328 1477 3383 id
1508 3329 1850 3383 tuanifeslum

245 3436 336 3481 est
370 3441 385 3477 :
418 3421 690 3494 quomodo
726 3430 903 3476 autem
952 3421 1070 3490 ejus
1106 3435 1320 3490 quoque
1366 3421 1541 3477 virtus
1581 3434 1666 3476 eSt
1707 3421 1793 3476 lex
1826 3421 1850 3476 ?

245 3498 522 3582 Quoniam
549 3514 748 3585 absque
778 3528 841 3568 ea
883 3521 1000 3579 erat
1030 3511 1380 3575 imbecillum,
1413 3521 1469 3567 ut
1510 3512 1651 3581 quod
1693 3513 1846 3569 ﬁeret

248 3608 499 3679 quidem,
524 3621 632 3660 non
669 3614 852 3676 posset
874 3613 1052 3658 autem
1080 3602 1300 3673 perinde
1319 3604 1699 3660 cendemnarc.
1714 3604 1847 3660 Nam

252 3703 422 3759 ﬁebat
442 3699 657 3770 quidem
683 3698 907 3764 malum,
932 3713 1039 3753 non
1064 3698 1134 3752 ita
1160 3706 1336 3751 autem
1359 3707 1545 3767 aperte
1572 3698 1847 3754 indicaba-

252 3801 366 3847 tur.
383 3789 744 3860 Quamobrem
764 3789 846 3843 lex
861 3802 965 3843 non
984 3803 1170 3856 parum
1186 3788 1411 3842 contulit
1444 3787 1510 3841 ad
1528 3803 1851 3857 cognoscen-

252 3886 386 3938 dum
411 3892 688 3953 peccatum
710 3920 725 3945 ,
755 3880 863 3934 imo
883 3894 1011 3933 vero
1037 3879 1198 3933 etiam
1219 3877 1286 3932 ad
1316 3878 1616 3948 augendum
1642 3879 1845 3948 suppli-

252 3974 421 4029 cium.
447 3972 504 4029 Si
527 3981 706 4026 autem
727 3970 854 4025 dum
872 3970 1037 4026 vellet
1064 3969 1373 4040 prohibere,
1391 3969 1442 4023 id
1471 3969 1705 4024 reddidit
1727 3985 1849 4040 gra-

254 4065 398 4131 vius,
415 4081 521 4119 non
536 4073 619 4120 est
631 4064 784 4133 culpa
803 4063 855 4117 in
881 4062 1145 4118 medicum
1164 4061 1511 4127 conferenda,
1533 4062 1628 4117 sed
1651 4063 1701 4117 in
1722 4077 1847 4118 eum

256 4159 350 4231 qui
370 4158 506 4214 male
535 4172 666 4214 usus
694 4164 776 4211 est
794 4154 1209 4210 medicamento.
1242 4154 1370 4208 Nam
1401 4152 1598 4210 Christi
1626 4169 1841 4224 quoque

259 4255 526 4312 adventus
571 4250 750 4321 gravis
787 4247 893 4303 fuit“
925 4262 991 4303 ac
1037 4247 1297 4303 molestus
1331 4246 1569 4311 Judmis;
1600 4246 1697 4302 sed
1741 4263 1846 4302 non

262 4346 389 4402 ideo
413 4359 536 4399 eum
566 4339 1006 4411 vituperabimus,
1037 4338 1132 4394 sed
1166 4354 1287 4394 eum
1313 4338 1528 4408 quidem
1559 4340 1719 4395 etiam
1755 4339 1850 4394 ad—

260 4437 595 4503 mirabimur,
624 4433 744 4492 illos
779 4439 959 4488 autem
1000 4431 1171 4501 magis
1203 4431 1329 4486 odio
1366 4430 1683 4487 habebimus
1704 4473 1719 4496 ,
1755 4433 1848 4503 qui

265 4532 378 4588 lmsi
421 4538 549 4586 sunt
591 4543 687 4599 per
723 4541 785 4583 ea
815 4541 936 4597 qua:
963 4524 1233 4582 debebant
1277 4529 1355 4579 eis
1389 4525 1665 4595 prodesse.
1715 4526 1848 4581 Nam

263 4621 407 4693 quod
431 4620 544 4689 ipsa
570 4618 652 4675 lex
685 4617 792 4672 vim
823 4631 929 4671 non
954 4616 1165 4671 dederit
1194 4626 1449 4686 peccato,
1478 4616 1728 4672 Christus
1769 4617 1851 4687 ip-

266 4730 378 4771 sam
401 4720 565 4768 totam
589 4696 848 4781 implevit,
871 4718 927 4766 et
945 4718 1058 4765 erat
1079 4719 1228 4766 extra
1256 4711 1647 4780 peceatum.Tu
1672 4722 1852 4769 autem

271 4805 397 4861 mihi
424 4801 725 4869 considera,
755 4800 1024 4873 quomodo
1054 4801 1179 4857 hinc
1198 4817 1411 4873 quoque
1434 4802 1557 4858 facit
1588 4803 1744 4860 ﬁdem
1767 4821 1853 4860 re-

271 4896 612 4954 surrectioni.
635 4894 769 4950 Nam
795 4893 842 4948 si
866 4895 1038 4964 ipsum
1067 4909 1291 4965 peccare
1315 4904 1427 4949 erat
1454 4910 1612 4950 causa
1642 4898 1849 4963 mortis,

268 4988 512 5045 Christus
536 4995 712 5042 autem
741 4999 863 5040 cum
892 4986 1126 5042 venisset
1148 4986 1310 5041 solvit
1337 4998 1638 5059 peccatum,
1670 4997 1725 5043 et
1756 5005 1854 5045 nos

270 5084 336 5137 ab
364 5080 483 5150 ipso
522 5079 769 5135 liberavit
796 5093 888 5147 per
916 5078 1260 5147 baptismum,
1290 5087 1492 5134 etcum
1524 5090 1743 5150 peccato
1780 5082 1855 5137 le-

270 5191 387 5246 gem
415 5188 629 5245 quoque
667 5172 828 5228 solvit
865 5187 929 5227 ac
965 5171 1158 5241 fregit,
1199 5187 1318 5243 quae
1355 5172 1484 5227 dum
1529 5174 1757 5229 violatur
1792 5190 1856 5229 ac

274 5265 606 5332 transilitur,
648 5266 821 5333 ipsum
861 5264 1148 5320 consistit:
1176 5264 1305 5334 quid
1346 5264 1522 5321 adhuc
1547 5265 1760 5321 dubitas
1786 5266 1854 5322 de

275 5359 710 5418 resurrectione?
736 5357 1008 5429 quomodo
1037 5359 1180 5412 enim
1213 5373 1359 5413 mors
1386 5369 1572 5428 postea
1603 5358 1853 5414 domina-

277 5462 384 5508 tum
404 5450 708 5507 obtinebit?
734 5465 857 5503 num
892 5464 989 5518 per
1013 5448 1183 5518 legem
1212 5449 1234 5503 ?
1259 5449 1366 5506 Sed
1394 5465 1455 5504 ea
1482 5459 1566 5505 est
1594 5450 1769 5505 soluta
1801 5460 1855 5506 ct

276 5546 545 5615 abrogata.
573 5544 643 5598 At
673 5557 770 5611 per
799 5551 1075 5611 peccatum
1099 5542 1123 5594 ?
1152 5541 1255 5597 Sed
1284 5541 1333 5595 id
1364 5551 1446 5596 est
1476 5542 1688 5613 penitus
1709 5543 1857 5599 dele-

276 5651 404 5692 tum.
435 5637 525 5691 57.
557 5633 667 5688 Deo
696 5643 861 5687 autem
890 5634 1103 5704 gratias,
1138 5633 1221 5699 qui
1258 5633 1393 5686 dedit
1417 5636 1559 5687 nobis
1594 5634 1852 5689 victoriam

278 5744 365 5798 per
395 5728 666 5783 Dominum
699 5736 919 5780 nostrum
945 5723 1121 5779 Iesum
1148 5723 1420 5780 Christum.
1460 5778 1467 5781 _

1307 265 1370 321 IN
1410 265 1629 323 EPIST.
1671 267 1691 322 1
1756 268 1846 324 AD
1885 267 2039 324 COR.
2084 266 2315 324 llOMlL.
2361 266 2520 325 XLII.

3450 276 3554 334 3ῢῦ

2039 382 2090 434 5.
2114 380 2247 435 Nam
2276 392 2533 451 tropteum
2560 383 2774 454 quidem
2810 384 2924 455 ipse
2950 385 3157 453 erexit,
3191 389 3407 444 coronis
3452 406 3555 446 auo

1969 481 2072 527 ιιιιιι
2114 489 2211 528 nos
2240 489 2452 544 quoque
2480 475 2583 530 frui
2606 477 2851 543 curavit,
2885 477 3043 548 idque
3071 495 3176 534 non
3212 495 3279 535 ex
3330 482 3513 540 debito
3536 524 3552 550 ,

1966 564 2059 619 sed
2088 565 2200 620 sola
2222 581 2319 621 sua
2347 567 2695 637 benignitate.
2730 570 2820 625 58.
2851 570 3062 642 Itaque,
3092 574 3315 642 fratres,
3353 577 3556 631 stabiles

1964 665 2121 711 estote
2139 668 2185 711 et
2211 658 2508 714 immobiles.
2543 661 2691 716 Justa
2709 661 2819 733 jam
2847 674 2929 719 est
2955 673 3009 719 et
3034 677 3335 735 opportuna
3365 668 3557 725 adhor-

1964 752 2112 805 talio.
2147 750 2286 805 Nihil
2313 753 2458 806 enim
2484 752 2620 809 adeo
2666 754 2950 811 labefactat
2988 756 3221 829 facitque
3260 761 3552 828 vacillare,

1962 849 2123 909 atque
2169 842 2481 898 existimare
2525 858 2585 899 se
2633 853 2837 902 temere
2878 845 3040 917 afﬂigi
3089 858 3145 903 et
3187 850 3307 905 sine
3360 866 3548 907 causa.

1969 930 2288 986 Abundantes
2313 932 2367 986 in
2396 949 2548 1005 opere
2572 934 2773 990 Domini
2798 954 3037 1008 semper;
3084 940 3185 996 hoc
3206 950 3290 996 est
3313 983 3329 1009 ,
3360 941 3413 997 in
3443 945 3551 999 vita

1962 1021 2180 1075 munda.
2209 1021 2318 1077 Nec
2341 1023 2502 1092 dixit,
2532 1024 2736 1081 Bonum
2765 1039 3072 1097 operantes,
3090 1031 3183 1086 sed
3201 1031 3550 1099 Abundantes,

1962 1121 2021 1167 ut
2048 1112 2149 1168 hoc
2179 1115 2435 1171 faciamus
2463 1133 2584 1172 cum
2611 1119 2936 1175 abundantia
2982 1132 3036 1176 et
3080 1133 3231 1193 septa
3281 1125 3550 1180 transilia-

1962 1219 2103 1260 mus.
2133 1204 2361 1261 Scientes
2388 1210 2522 1277 quod
2542 1210 2685 1265 labor
2708 1222 2870 1266 vester
2897 1229 2998 1268 non
3036 1226 3111 1269 est
3146 1216 3313 1272 inanis
3345 1218 3401 1271 in
3443 1216 3551 1272 Do-

1961 1295 2120 1350 mino.
2146 1297 2282 1365 Quid
2309 1299 2481 1354 dicis?
2511 1317 2694 1357 rursus
2720 1303 2910 1359 labor?
2935 1304 3112 1361 Labor
3145 1307 3360 1377 quidem
3385 1348 3403 1375 ,
3451 1310 3549 1364 sed

1959 1386 2048 1456 qui
2074 1386 2234 1444 habet
2259 1404 2502 1456 coronas,
2538 1403 2591 1447 et
2617 1394 2906 1464 suscipitur
2934 1410 3032 1465 pro
3049 1397 3215 1451 cretis.
3246 1398 3377 1453 Nam
3404 1400 3550 1469 prior

1959 1476 2197 1546 quidem,
2222 1481 2311 1549 qui
2333 1481 2429 1534 fuit
2456 1490 2573 1550 post
2598 1483 2905 1552 paradisum
2930 1528 2945 1550 ,
2973 1495 3058 1541 est
3087 1501 3243 1556 mena
3296 1499 3544 1557 peceato-

1960 1583 2078 1623 rum
2104 1569 2495 1637 admissurum;
2531 1572 2618 1628 hic
2644 1584 2825 1629 autem
2851 1586 2932 1631 est
2964 1575 3366 1634 ftmdamentum
3398 1579 3547 1634 futu-

1961 1677 2145 1717 rerum
2194 1664 2558 1733 praemiorum.
2610 1667 2970 1736 Quamobrem
3035 1687 3136 1726 nec
3185 1671 3287 1727 hac
3342 1676 3549 1729 ratione

1960 1754 2121 1810 fuerit
2163 1756 2316 1812 labor
2339 1801 2354 1826 ,
2403 1770 2457 1813 et
2500 1760 2643 1830 quod
2668 1776 2901 1830 superne
2929 1778 3181 1833 magnum
3212 1764 3364 1818 nobis
3391 1765 3549 1819 detur

1957 1848 2214 1903 auxilium
2259 1863 2274 1900 :
2322 1858 2378 1905 et
2433 1850 2552 1906 ideo
2604 1852 2886 1923 subjunxit
2931 1872 2945 1909 :
2989 1854 3056 1910 In
3116 1856 3356 1910 Domino.
3414 1857 3546 1911 Nam

1959 1938 2106 2006 prior
2127 1938 2340 2008 quidem
2368 1939 2467 1995 fuit
2496 1950 2554 1997 ut
2581 1942 2833 1999 daremus
2863 1959 3050 2014 poenas
3071 1987 3091 2014 ,
3125 1946 3212 2002 hie
3260 1960 3439 2003 autem
3489 1960 3547 2004 ut

1956 2027 2096 2085 bona
2129 2029 2304 2086 futura
2341 2046 2757 2104 consequamur.
2787 2036 2865 2092 Ne
2890 2054 3021 2109 ergo
3055 2039 3421 2106 dormiamus,
3460 2041 3548 2097 di-

1958 2122 2101 2178 lecti.
2130 2123 2313 2195 Ncque
2341 2127 2484 2181 enim
2525 2128 2638 2182 ﬁeri
2685 2139 2891 2199 p0lcst,
2934 2140 2993 2186 ut
3019 2173 3036 2198 ,
3085 2132 3130 2187 si
3185 2133 3320 2204 pigri
3362 2148 3549 2189 sumus

1956 2224 2010 2269 et
2036 2214 2249 2285 ignavi,
2279 2233 2501 2288 regnum
2529 2222 2783 2276 caelorum
2813 2238 3236 2294 consequamur,
3286 2242 3460 2297 neque
3502 2228 3546 2282 si

1957 2306 2009 2361 in
2054 2307 2264 2364 deliciis
2305 2325 2527 2380 agamus
2577 2313 2875 2383 mollesque
2919 2316 3086 2370 sinms
3128 2327 3184 2371 et
3230 2316 3546 2372 cllemiuati.

1958 2398 2221 2455 Prasclare
2247 2402 2392 2456 enim
2417 2403 2693 2459 nobiscum
2716 2414 2923 2476 agetur,
2953 2407 2999 2460 si
3024 2422 3220 2478 corpus
3244 2407 3547 2478 afﬁigemes

1955 2501 2010 2546 et
2035 2493 2379 2563 castigantes,
2408 2503 2462 2549 et
2487 2494 2903 2552 innumerabiles
2920 2498 3238 2553 sufferentes
3254 2515 3544 2565 mrumuas,

1953 2585 2298 2643 difﬁcultates
2322 2596 2380 2644 et
2403 2588 2618 2645 labores
2638 2631 2654 2655 ,
2688 2591 2949 2659 possimus
2979 2591 3114 2645 bona
3142 2592 3231 2646 illa
3261 2594 3543 2663 consequi.

1953 2678 2146 2734 Annon
2180 2679 2373 2735 videtis
2402 2689 2660 2751 quantmn
2690 2683 2831 2737 inter
2854 2683 3044 2737 cadum
3072 2692 3128 2737 et
3156 2694 3354 2738 terram
3379 2686 3548 2740 inter-

1953 2769 2190 2825 medium
2216 2772 2287 2825 sit
2316 2772 2589 2841 spatium?
2616 2782 2671 2827 et
2699 2782 2956 2843 quantum
2988 2775 3185 2829 bellum
3228 2776 3543 2845 immineat,

1952 2874 2006 2919 et
2035 2879 2193 2934 quam
2228 2865 2299 2919 sit
2328 2865 2489 2921 homo
2520 2881 2818 2936 propensus
2844 2867 2910 2921 ad
2942 2868 3126 2923 vitimn
3149 2909 3166 2935 ,
3199 2880 3252 2924 et
3272 2872 3546 2940 quomodo

1953 2970 2054 3010 nos
2075 2956 2384 3012 circumstet
2415 2967 2691 3027 peccatum
2716 2999 2733 3025 ,
2772 2968 2827 3014 et
2861 2975 3019 3030 quam
3066 2962 3221 3017 multi
3268 2963 3322 3016 in
3370 2964 3549 3019 medio

1953 3048 2062 3103 sint
2088 3047 2311 3119 laquei?
2337 3049 2445 3106 Cur
2474 3058 2580 3106 tam
2610 3052 2808 3107 multas
2851 3068 2981 3124 ergo
3023 3070 3184 3110 curas
3225 3057 3547 3114 attrahimus

1953 3146 2107 3194 extra
2136 3141 2401 3196 naturalia
2438 3151 2493 3198 et
2537 3142 2694 3198 nobis
2740 3144 2889 3213 plura
2937 3145 3256 3201 exhibemus
3295 3150 3547 3218 negotia,

1954 3232 2264 3303 majoraque
2295 3233 2621 3305 imponimus
2647 3238 2852 3292 onera?
2885 3255 2991 3292 non
3022 3240 3217 3295 sufﬁcit
3244 3244 3446 3297 ventris
3494 3252 3553 3299 et

1954 3324 2183 3379 vestium
2207 3334 2263 3381 et
2286 3326 2481 3383 domus
2508 3344 2691 3383 curam
2720 3331 2953 3399 gerere?
2986 3347 3090 3385 non
3119 3332 3316 3387 sufficit
3342 3334 3548 3388 sollici-

1956 3417 2084 3473 tudo
2110 3417 2179 3472 de
2207 3418 2273 3473 iis
2299 3434 2418 3489 qua:
2446 3429 2571 3474 sunt
2612 3421 2958 3476 noeessaria?
3001 3422 3332 3493 Quamquam
3381 3426 3547 3480 etiam

1953 3510 2023 3564 ab
2053 3510 2116 3565 iis
2144 3526 2244 3567 nos
2265 3512 2487 3566 abduxit
2512 3510 2777 3579 Christus,
2808 3514 2995 3570 dicens
3029 3534 3043 3569 :
3078 3515 3164 3569 Ne
3190 3518 3394 3571 solliciti
3435 3519 3550 3574 sitis

1952 3603 2140 3658 anima:
2164 3614 2339 3660 vestra:
2362 3605 2485 3673 quid
2512 3606 2789 3660 comedetis
2814 3645 2829 3670 ,
2882 3622 3039 3676 neque
3085 3607 3289 3677 corpori
3338 3619 3502 3663 vestro
3526 3651 3543 3675 ,

1952 3695 2077 3763 quid
2097 3696 2382 3751 induamini
2416 3696 2642 3768 (Μαιιιι.
2678 3702 2729 3755 6.
2755 3698 2887 3770 9-5).
2914 3698 2969 3754 Si
3000 3707 3177 3753 autem
3198 3699 3268 3755 de
3293 3700 3547 3756 alimento

1955 3789 2259 3843 necessario
2281 3798 2336 3844 et
2354 3788 2671 3844 indumento
2702 3806 2807 3843 non
2833 3800 3047 3859 Oportet
3085 3806 3208 3847 esse
3243 3791 3503 3847 sollicitos
3527 3833 3543 3857 ,

1954 3895 2130 3950 neque
2154 3880 2220 3933 de
2246 3879 2335 3935 die
2360 3881 2602 3950 sequenti
2651 3896 2666 3934 :
2709 3881 2798 3949 qui
2850 3890 2955 3935 tam
3008 3883 3226 3936 multam
3269 3883 3548 3938 attrahunt

1953 3970 2272 4042 farraginem
2303 3987 2365 4025 ac
2392 3972 2698 4041 congeriem
2724 4013 2739 4035 ,
2768 3982 2823 4027 et
2852 3973 3058 4042 seipsos
3080 3973 3336 4040 obruunt,
3368 3989 3541 4043 quan-

1952 4062 2023 4118 do
2046 4072 2298 4134 poterunt
2323 4064 2643 4133 emergere?
2672 4066 2780 4117 bon
2832 4064 3043 4118 audiisti
3091 4065 3309 4120 Paulum
3358 4066 3547 4121 dicen-

1956 4164 2062 4212 tem
2095 4174 2109 4211 :
2142 4156 2306 4212 Nemo
2356 4157 2582 4212 militans
2627 4159 2921 4229 implicatur
2970 4160 3123 4230 hujus
3167 4161 3282 4214 vita:
3331 4160 3545 4231 negotiis

1955 4250 2047 4320 (‘2.
2077 4250 2212 4304 Tim.
2239 4250 2290 4305 ‘2.
2324 4250 2359 4304 4
2380 4250 2433 4320 )?
2454 4249 2564 4306 Nos
2592 4259 2774 4305 autem
2804 4260 2859 4306 et
2888 4251 3094 4306 deliciis
3120 4267 3336 4321 operam
3353 4253 3546 4307 datnus

1954 4353 2010 4400 et
2037 4345 2209 4399 ventri
2247 4344 2583 4413 indulgemus
2624 4352 2679 4398 et
2722 4343 3087 4412 inebriamur,
3132 4354 3187 4400 et
3237 4360 3334 4415 pro
3382 4346 3547 4400 rebus

1955 4434 2170 4504 quidem
2203 4434 2442 4489 externis
2476 4432 2784 4504 affligimur,
2821 4436 2875 4489 in
2915 4435 3076 4490 rebus
3104 4444 3283 4490 autem
3314 4436 3544 4490 czclesti-

1955 4526 2056 4583 bus
2081 4528 2273 4583 molles
2302 4541 2486 4582 sumus
2513 4537 2566 4583 et
2595 4527 2911 4582 effeminati.
2941 4531 3022 4583 Au
3053 4529 3274 4584 nescitis
3290 4530 3433 4599 quod
3454 4544 3548 4584 su-

1955 4635 2051 4690 pra
2081 4618 2352 4676 hominem
2378 4630 2461 4675 est
2489 4620 2820 4689 promissio?
2851 4620 2965 4677 Non
2995 4622 3123 4676 licet
3169 4621 3315 4676 humi
3364 4623 3546 4693 ingre-

1955 4714 2120 4768 dienti
2147 4714 2263 4769 cadi
2292 4713 2556 4785 fastigium
2587 4714 2878 4770 ascendere
2906 4732 2920 4768 :
2954 4731 3050 4771 nos
3073 4727 3252 4771 autem
3284 4731 3390 4771 non
3436 4726 3548 4771 stu-

1956 4804 2146 4861 demus
2194 4807 2376 4861 vivere
2431 4806 2724 4861 secundum
2777 4805 3084 4872 hominem,
3134 4808 3226 4863 sed
3271 4807 3550 4864 eLbrutis

1956 4896 2239 4952 evadimus
2284 4896 2602 4953 deteriores.
2646 4897 2874 4953 Nescitis
2917 4914 3098 4954 coram
3147 4914 3254 4969 quo
3294 4900 3547 4954 sistemur

1960 4988 2210 5043 tribunali
2233 4989 2256 5043 Ἰ
2280 5004 2459 5042 annon
2488 4989 2733 5057 cogitatis
2758 4989 2899 5060 quod
2931 4999 2988 5046 et
3011 4992 3296 5046 verborum
3325 5001 3381 5047 et
3400 4992 3547 5061 cogi-

1961 5081 2218 5135 tationum
2243 5095 2273 5133 a
2301 5080 2457 5135 nobis
2484 5080 2728 5150 exigetur
2762 5082 2936 5148 ratio,
2983 5091 3039 5136 et
3078 5097 3147 5136 ne
3193 5097 3284 5138 res
3329 5082 3544 5152 quidem

1958 5172 2247 5227 curamus?
2281 5171 2380 5239 Qui
2407 5172 2550 5227 enim
2580 5173 2779 5242 aspexit
2805 5174 3067 5228 mulierem
3095 5174 3164 5227 ad
3185 5173 3550 5245 concupiscen-

1959 5262 2081 5315 dum
2106 5278 2234 5325 eam,
2256 5263 2369 5333 jam
2388 5274 2461 5317 est
2489 5264 2766 5319 moechatus
2795 5265 2814 5334 (
2842 5263 3027 5319 Matth.
3056 5265 3109 5320 5.
3133 5266 3264 5337 28).
3306 5265 3414 5321 Sed
3455 5266 3549 5320 'ta-

1961 5369 2082 5408 men
2114 5354 2392 5424 quietiam
2437 5356 2639 5410 curiosi
2679 5366 2929 5425 aspectus
2971 5355 3204 5411 reddunt
3246 5357 3543 5425 rationem,

1963 5459 2067 5498 neu
2092 5455 2342 5499 recusant
2367 5445 2451 5499 vel
2475 5445 2525 5499 in
2556 5446 2671 5515 ipso
2699 5457 3009 5515 putrescere
3049 5458 3292 5518 peccato.
3337 5448 3435 5515 Qui
3460 5448 3545 5500 di-

1960 5537 2027 5590 cit
2050 5538 2201 5609 fratri
2234 5554 2349 5604 suo,
2378 5538 2567 5604 Stulte,
2595 5540 2945 5594 deturbabitur
2971 5540 3025 5594 in
3052 5542 3333 5611 gehennam
3360 5543 3378 5607 (
3403 5539 3545 5594 Ibid.

1962 5644 2011 5683 υ.
2039 5629 2112 5682 22
2137 5630 2177 5699 ).
2206 5629 2315 5686 Nos
2343 5642 2520 5686 autem
2545 5631 2953 5687 innumerabilia
2986 5634 3178 5701 probra
3208 5633 3259 5685 in
3289 5648 3384 5686 eos
3429 5640 3546 5685 tor-

1964 5740 2129 5795 quere
2153 5766 2166 5793 ,
2199 5735 2251 5781 et
2279 5724 2424 5781 varie
2444 5727 2531 5781 ‘cis
2553 5724 2793 5783 insidiari
2822 5744 2927 5782 non
2960 5726 3290 5783 desistimus.
3317 5725 3418 5792 Qui
3447 5725 3551 5782 dl—
