3998 6446
447 266 556 325 367

447 383 565 454 ligit
586 381 898 453 diligentem
925 425 940 448 ,
971 396 1077 437 non
1106 379 1226 450 plus
1250 376 1411 433 habet
1437 389 1599 445 quam
1625 373 1909 430 ethnicus:
1945 388 2043 429 nos

451 485 633 534 autem
669 475 753 532 eis
781 491 997 548 quoque
1024 471 1345 529 invidemus.
1385 469 1689 536 Quamnam
1732 482 1865 538 ergo
1907 482 2041 523 con-

436 582 746 639 scquenntr
771 569 1022 633 veniam,
1054 561 1271 636 quando
1296 570 1479 617 vetera
1504 559 1638 630 iussi
1663 568 1815 627 septa
1853 560 2045 613 transi-

456 658 590 726 lire,
618 665 860 714 nostram
901 658 1023 710 vita:
1067 652 1288 723 agendae
1314 652 1582 707 rationem
1615 650 1776 706 etiam
1827 649 2045 704 illorum

456 764 711 805 mensura
737 748 1071 804 centesimus
1105 744 1370 800 minorem
1393 742 1417 794 ?
1440 756 1684 812 quantam
1715 755 1814 796 nos
1853 741 2047 810 eripiet

456 839 670 897 oratio?
696 838 817 908 quis
840 837 994 892 ltOblS
1019 835 1234 901 aderit,
1266 843 1327 891 et
1347 849 1513 903 opem
1546 832 1689 890 feret
1718 832 1847 889 dum
1885 831 2048 887 casti-

456 929 687 1003 gamur?
706 928 935 995 Nullus,
961 927 1056 985 sed
1085 940 1313 983 necesse
1347 933 1435 983 est
1473 925 1701 981 asinino
1746 923 2043 994 eiulantes,

460 1025 722 1093 Ingentes,
746 1019 1000 1077 dentibus
1022 1017 1317 1075 frementes
1339 1057 1356 1083 ,
1404 1015 1684 1073 tormentis
1733 1015 1999 1072 cruciatos
2026 1053 2045 1081 ,

454 1115 646 1172 abduci
671 1114 729 1171 in
751 1112 874 1169 illas
894 1112 1012 1167 luce
1037 1120 1287 1168 carentes
1318 1109 1590 1174 tenebras,
1616 1108 1668 1164 in
1695 1107 1913 1164 dolores
1934 1107 2045 1162 ine-

454 1207 721 1274 vitabiles,
749 1206 804 1261 in
832 1219 1019 1276 pinnas
1067 1202 1455 1261 intolerabiles.
1510 1200 1868 1267 Quamobrem
1915 1215 2046 1270 rogo

452 1310 509 1358 et
532 1300 781 1363 obsecro,
811 1306 871 1354 et
897 1305 1086 1355 vestra
1104 1294 1518 1365 apprcltendens
1542 1308 1714 1364 genua
1760 1292 2006 1362 supplico
2024 1333 2043 1357 ,

454 1394 630 1447 donec
654 1390 917 1449 habemus
943 1390 1046 1445 hoc
1096 1403 1323 1460 parvum
1368 1387 1490 1442 vita:
1538 1386 1824 1452 viaticum,
1874 1394 1930 1438 ut
1978 1385 2043 1438 iis

453 1500 574 1556 qua:
594 1483 741 1540 dicta
761 1491 886 1539 sunt
908 1496 1337 1552 compungamur
1352 1521 1371 1545 ,
1402 1488 1786 1536 convertamur
1801 1520 1817 1541 ,
1850 1476 2044 1533 redda-

459 1594 580 1633 mur
607 1577 899 1632 meliores:
930 1574 1187 1640 ne,'sicnt
1209 1573 1299 1628 ille
1326 1572 1499 1638 dives,
1528 1571 1786 1626 inutiliter
1813 1570 1923 1625 illic
1967 1570 2047 1623 la-

460 1681 767 1727 mentemur
784 1685 907 1725 eum
937 1667 1366 1732 excesserimtts,
1420 1674 1475 1719 et
1511 1663 1843 1727 defleamus;
1886 1662 2042 1717 [ictus

457 1781 538 1800 —

1198 258 1260 316 S.
1298 258 1576 317 JOANNIS
1609 258 2081 317 CllRYSOSTOMl
2124 260 2434 316 MlClllEl‘.
2477 261 3006 320 CONSTANI'INOP.

3650 271 3754 329 368

2151 386 2330 430 autem
2353 375 2481 430 nihil
2511 377 2671 432 nobis
2698 377 2921 434 remedii
2953 378 3163 435 aderat.
3191 379 3325 435 Nam
3368 382 3493 438 sive
3541 394 3755 452 patrem

2151 464 2388 531 habeas,
2420 467 2533 521 sive
2565 467 2730 521 tilium
2756 509 2773 535 ,
2802 468 2920 524 sive
2963 473 3207 539 quemvis
3250 471 3423 526 alium
3470 474 3569 542 qui
3615 476 3757 541 apud

2150 556 2319 612 Deum
2355 558 2549 613 habeat
2576 559 2845 626 tidueiam,
2873 578 3031 617 nemo
3058 572 3108 617 te
3137 564 3347 632 tn'ipict,
3380 579 3513 619 cum
3541 568 3757 635 propria

2151 658 2241 705 tua
2273 648 2409 704 facta
2441 661 2493 705 te
2522 652 2770 720 pmdant.
2803 653 2938 709 Tale
2961 665 3045 708 est
3079 654 3223 709 enim
3256 655 3403 710 illud-
3436 656 3711 726 judicium
3738 674 3754 712 :

2145 741 2351 812 judicat
2368 745 2546 799 Solum
2567 761 2632 799 ex
2658 747 3215 815 operationibus,.nec
3238 748 3527 805 aliterillic
3549 752 3755 807 salvum

2150 850 2271 890 esse
2296 836 2436 891 licet.
2468 824 2593 891 llrcc
2614 848 2793 893 autem
2820 839 2964 904 dico,
2996 855 3102 895 non
3133 849 3191 894 ut
3238 841 3328 895 tibi
3373 841 3633 897 dolorem
3679 843 3758 899 iu-

2152 927 2340 994 feram,
2367 945 2475 985 non
2497 942 2554 985 ut
2577 931 2810 1001 injiciam
2839 932 2897 987 in
2925 933 3379 1001 desperationem,
3408 934 3512 989 sed
3539 950 3610 989 ue
3638 938 3754 989 isa-

2152 1021 2205 1074 ni
2228 1030 2284 1075 et
2304 1020 2491 1092 frigida
2514 1038 2610 1093 spe
2632 1025 2841 1091 nutriti,
2869 1034 2925 1080 et
2949 1026 3076 1081 huic
3116 1034 3181 1081 et
3218 1026 3288 1082 illi
3329 1026 3576 1082 ﬁdentes
3600 1070 3616 1093 ,
3661 1045 3758 1087 Iov

2152 1123 2317 1168 stram
2342 1116 2670 1185 negligatntts
2689 1116 2964 1171 virtutem.
2981 1115 3113 1171 Nam
3141 1118 3186 1172 si
3209 1118 3481 1174 somnies
3499 1116 3756 1177 fuerimus

2150 1221 2213 1260 ae
2240 1208 2599 1277 negligentes,
2639 1223 2744 1263 non
2771 1209 2972 1277 justus,
3003 1225 3111 1265 mn
3138 1211 3407 1280 propheta
3431 1253 3446 1275 ,
3476 1228 3589 1267 non
3634 1228 3757 1283 apo-

2152 1299 2322 1353 stolus
2346 1340 2362 1363 ,
2404 1316 2560 1355 uento
2606 1301 2762 1355 nobis
2799 1301 2973 1357 aderit
3002 1318 3015 1354 :
3043 1303 3089 1357 si
3116 1319 3249 1357 rem
3284 1303 3535 1363 studium
3576 1314 3633 1359 et
3671 1305 3755 1360 di-

2148 1390 2420 1460 ligentiam
2448 1390 2878 1458 adhibuerimus,
2909 1409 2975 1449 ex
3000 1382 3638 1463 operibus'sui'licientcm
3671 1398 3759 1449 ha-

2152 1482 2340 1536 bentes
2359 1481 2751 1548 defensionem,
2774 1498 2895 1538 cum
2923 1485 3167 1539 libertate
3192 1500 3254 1541 ac
3282 1484 3489 1540 fiducia
3531 1485 3760 1543 fruemur

2150 1573 2312 1627 etiam
2380 1573 2575 1639 bonis,
2629 1590 2755 1644 quae
2812 1583 2938 1629 sum
3009 1577 3244 1644 reposita
3295 1575 3369 1631 iis
3435 1579 3530 1646 qui
3584 1578 3749 1635 Deum

2149 1664 2379 1732 diligunt
2425 1682 2439 1719 :
2475 1681 2595 1733 qufe
2634 1665 2793 1720 detur
2838 1666 2992 1721 nobis
3031 1668 3280 1722 omnibus
3318 1669 3627 1738 consequi,
3650 1681 3754 1725 etc.

1772 1828 2121 1893 HOMILIA
2162 1828 2391 1893 XLIII.

459 1956 586 2012 Cn.
619 1955 706 2010 l6.
741 1971 793 2008 ν.
825 1954 877 2009 Ι.
910 1953 991 2009 De
1026 1952 1251 2008 collectis
1298 1959 1466 2004 autem
1507 1965 1622 2018 aut:
1656 1949 1786 2018 ﬁunt
1824 1949 1877 2001 in
1925 1965 2052 2003 san-

531 2059 660 2114 ctos,
682 2046 811 2101 sicut
827 2046 1059 2101 ordinaci
1085 2043 1329 2100 Ecetcsiis
1345 2041 1566 2097 (inania
1580 2083 1596 2109 ,
1621 2045 1699 2095 ita
1719 2051 1768 2095 et
1791 2056 1876 2094 eos
1902 2042 2056 2108 facile

531 2157 622 2212 per
645 2154 805 2193 unam
830 2136 1049 2192 sabbati.

534 2236 591 2288 t.
620 2230 878 2287 Absoluta
903 2228 1149 2284 oratione
1173 2226 1243 2282 de
1275 2225 1621 2297 dogmatibus
1641 2265 1658 2291 ,
1704 2237 2055 2295 aggressurus

465 2340 584 2379 eam
611 2338 732 2393 quae
758 2321 928 2391 magis
957 2327 1164 2390 spectat
1188 2317 1265 2375 ad.
1284 2332 1483 2383 mores,
1516 2316 1697 2371 missis
1727 2316 2058 2384 aliis,proceo

465 2417 546 2469 dit
573 2413 639 2468 ad
664 2428 935 2468 summam
964 2411 1227 2467 bonorum
1245 2451 1260 2473 ,
1287 2409 1451 2464 verba
1488 2407 1690 2463 faciens
1715 2407 1787 2463 de
1814 2408 2054 2463 elecmo-

465 2524 619 2581 syna.
672 2506 780 2562 Sed
828 2521 951 2560 cum
997 2505 1067 2559 de
1112 2518 1181 2559 eo
1223 2503 1343 2577 solo
1389 2502 1771 2564 disseruisset,
1818 2500 2052 2567 desinit;

469 2614 791 2671 quamquam
817 2611 1087 2667 nusquam
1112 2596 1214 2651 huc
1245 2597 1370 2651 fecit
1391 2634 1408 2661 ,
1443 2594 1539 2649 sed
1575 2593 1645 2648 de
1671 2594 2012 2665 eleemosyna
2035 2633 2055 2659 ,

468 2692 536 2746 de
565 2689 942 2761 temperantia,
976 2688 1044 2744 de
1073 2687 1486 2742 mansuetudine
1512 2728 1530 2752 ,
1575 2685 1646 2740 de
1696 2686 1951 2753 lenitate,
1990 2685 2061 2740 de

471 2785 724 2855 patientia
745 2783 922 2853 deque
949 2782 1070 2836 aliis
1100 2781 1349 2834 oumibus
1377 2779 1595 2834 disserit
1622 2779 1675 2833 in
1705 2778 1826 2835 aliis
1848 2778 2059 2849 Episto.

472 2878 538 2929 lis
563 2878 617 2929 in
648 2876 773 2931 line.
798 2875 977 2941 Quare
1001 2889 1130 2943 ergo
1172 2873 1289 2941 ejus
1338 2871 1482 2942 quod
1518 2880 1726 2940 spectat
1768 2871 1834 2926 ad
1877 2886 2062 2929 mores

475 2967 611 3020 hanc
639 2964 807 3019 solum
858 2963 947 3017 hic
998 2972 1188 3017 tractat
1231 2960 1481 3031 partem?
1527 2961 1790 3028 Quoniam
1829 2976 2016 3016 eorum
2042 3003 2058 3024 .

468 3075 588 3128 qua:
619 3057 765 3128 prius
793 3056 935 3111 dicta
956 3067 1100 3121 sunt,
1129 3055 1277 3124 plura
1304 3055 1475 3125 magis
1504 3055 1837 3123 pertinebant
1856 3054 1929 3107 ad
1946 3070 2063 3108 mo-

475 3165 565 3204 res
587 3191 602 3213 ,
639 3166 735 3219 per
787 3164 910 3218 quae
951 3148 1229 3217 castigavit
1259 3148 1633 3204 Iornicatorem
1659 3187 1675 3214 ,
1705 3162 1800 3217 per
1824 3163 1945 3216 qua:
1968 3163 2064 3202 eos

475 3243 757 3297 admonuit
792 3240 885 3312 qui
928 3240 1059 3298 furis
1089 3240 1294 3311 judicio
1331 3240 1761 3306 contendebant,
1808 3255 1908 3309 per
1944 3255 2065 3310 qum

478 3336 673 3390 terruit
709 3335 953 3390 ebriosos
976 3344 1032 3390 et
1055 3350 1153 3389 eos
1181 3334 1273 3404 qui
1316 3334 1491 3389 ventri
1543 3333 1920 3404 indulgebant.
1970 3348 2065 3403 per

477 3442 600 3495 qua:
618 3443 713 3481 eos
738 3425 1121 3481 condemnavit
1147 3426 1237 3497 qui
1264 3425 1586 3481 seditionem
1610 3426 1881 3496 agitabant
1898 3468 1912 3488 .
1936 3442 2067 3479 con-

481 3519 812 3586 tendebant,
862 3520 1338 3590 magistratumth
1389 3530 1445 3575 et
1488 3520 1711 3590 imperia
1751 3519 2065 3584 ambibatur,

482 3627 578 3679 per
606 3626 726 3680 qua:
757 3625 873 3675 eos,
904 3610 995 3682 qui
1030 3610 1247 3681 indigne
1274 3610 1606 3666 accedebant
1651 3610 1719 3665 ad
1769 3609 2067 3681 mysteria,

480 3701 553 3756 iiIi
584 3702 926 3758 intolerando
953 3702 1174 3758 tradidit
1202 3702 1468 3773 supplicio
1489 3744 1503 3766 ,
1534 3718 1629 3772 per
1662 3718 1781 3772 quae
1814 3702 2074 3757 disseruit

479 3791 551 3848 de
592 3793 838 3847 caritate.
878 3792 1166 3863 Propterea
1195 3792 1313 3863 ejus
1341 3792 1517 3848 solum
1546 3793 1789 3847 meminit
1816 3808 1925 3862 quo
1953 3807 2070 3845 ma-

483 3883 627 3938 xime
669 3900 807 3953 opus
847 3883 1108 3951 habebat,
1155 3900 1352 3954 nempe
1401 3884 1520 3954 apis
1568 3884 1804 3941 ferenda:
1846 3884 2070 3939 sanctis.

485 3974 620 4031 Vide
666 3985 846 4031 autem
891 3975 1010 4047 ejus
1052 3977 1333 4035 solertiam
1359 3991 1379 4032 :
1407 3976 1622 4045 quando
1673 3978 1754 4032 eis
1811 3977 2077 4046 persuasit

486 4069 962 4135 resurrectionem,
995 4085 1196 4140 eosque
1224 4070 1350 4124 fecit
1379 4071 1744 4139 promptiores
1792 4079 1848 4124 et
1893 4070 2075 4125 animo

484 4161 799 4228 alacriores,
826 4172 951 4217 tunc
977 4162 1195 4218 demum
1222 4161 1291 4216 de
1312 4177 1386 4217 eo
1405 4177 1619 4233 quoque
1648 4161 1881 4219 disserit.
1917 4161 2074 4229 Atqui

484 4251 552 4306 de
583 4251 668 4306 bis
703 4268 917 4322 quoque
957 4263 1117 4308 antea
1157 4252 1443 4318 disseruit,
1474 4252 1691 4323 quando
1717 4252 1935 4307 dicebat
1965 4268 1977 4303 :
2013 4251 2075 4307 Si

487 4361 577 4399 nos
602 4343 739 4401 vobis
766 4345 1057 4416 spiritantia
1079 4345 1466 4411 sentinavimns,
1496 4359 1738 4417 magnum
1768 4353 1837 4399 est
1857 4386 1872 4410 ,
1898 4344 1945 4400 si
1985 4360 2078 4399 nos

486 4447 648 4491 oestm
671 4439 904 4493 carnalia
928 4439 1162 4493 metimus
1198 4438 1294 4509 (l.
1342 4436 1461 4493 Cor.
1503 4437 1561 4494 9.
1608 4439 1669 4493 ll
1695 4437 1750 4505 );
1799 4446 1857 4491 et
1879 4477 1895 4502 ,
1953 4437 2082 4503 Quis

489 4529 689 4595 plantat
720 4532 915 4589 vineam
934 4572 949 4596 ,
979 4541 1027 4585 ct
1048 4532 1113 4584 de
1136 4531 1308 4600 fructu
1333 4530 1444 4600 ejus
1471 4546 1574 4584 non
1593 4529 1696 4584 edit
1720 4528 1882 4599 (Ibid.
1916 4545 1964 4582 tt.
1992 4528 2081 4589 7)?

487 4621 592 4678 Sed
617 4622 874 4693 quoniam
902 4621 1349 4691 prmclarzehnjus
1376 4619 1604 4675 actionis
1625 4628 1845 4674 noverat
1872 4619 2079 4689 magni-

490 4712 763 4780 tudinem,
791 4727 900 4768 non
922 4723 1134 4768 recusat
1164 4712 1267 4767 hoc
1288 4726 1502 4781 quoque
1532 4710 1731 4766 addere
1759 4711 1847 4764 lini
1878 4712 2083 4782 episto-

491 4804 580 4860 ιω.
609 4813 789 4871 sum
813 4815 992 4861 autem
1022 4804 1305 4860 collectam
1352 4812 1546 4871 vocat,
1594 4806 1777 4859 statim
1819 4808 1887 4861 ab
1930 4807 2085 4862 initio

492 4912 606 4952 rem
636 4897 839 4953 faciens
865 4898 1040 4954 levem
1075 4914 1089 4950 :
1119 4912 1242 4951 nam
1274 4896 1492 4967 quando
1532 4898 1602 4951 ab
1648 4898 1897 4953 omnibus
1944 4915 2081 4954 con-

493 4988 692 5054 l'crtur,
726 4989 844 5044 leve
868 4989 1095 5060 singulis
1123 4989 1373 5060 estquod
1410 4990 1774 5045 constituitur.
1814 4991 1950 5046 Cum
1986 5007 2085 5046 au-

494 5089 600 5136 tent
627 5079 852 5135 dixisset
870 5079 942 5135 de
962 5081 1189 5139 collecta
1205 5122 1221 5145 ,
1249 5097 1357 5135 non
1377 5081 1556 5139 statim
1586 5082 1718 5137 dixit
1745 5102 1760 5137 :
1784 5084 2083 5153 Unusquis-

495 5186 604 5239 que
627 5179 865 5226 vcstrum
892 5172 1033 5241 apud
1051 5186 1113 5228 se
1137 5180 1318 5242 ponat,
1351 5173 1651 5229 recondens
1674 5175 1816 5244 quod
1842 5174 1938 5244 ipsi
1963 5175 2077 5244 pla-

496 5260 705 5325 cuerit;
733 5276 1054 5331 quamquam
1103 5263 1206 5319 hoc
1245 5274 1366 5319 erat
1391 5278 1769 5335 consequens;
1818 5265 1913 5320 sed
1959 5280 2083 5320 cum

491 5351 643 5422 prius
667 5350 925 5420 dixisset,
953 5352 1098 5409 Sicut
1121 5356 1360 5410 constitui
1385 5354 1628 5413 Ecclesiis
1658 5357 1879 5412 Galatia:
1898 5397 1914 5423 ,
1959 5368 2084 5411 tunc

496 5441 602 5497 hoc
629 5441 936 5512 subjuaxit,
967 5460 1030 5501 ea
1076 5448 1350 5503 narrando
1386 5464 1507 5519 quae
1565 5450 1634 5505 ab
1683 5450 1804 5504 aliis
1852 5449 2082 5512 ﬁebant,

492 5532 729 5593 Studium
757 5532 890 5605 ipsis
917 5536 1250 5605 accendens,
1280 5539 1441 5608 idque
1484 5555 1690 5610 ponens
1735 5542 1855 5597 loco
1895 5558 2083 5597 narra-

494 5622 672 5679 tionis.
702 5624 855 5693 Quod
879 5627 1040 5683 etiam
1068 5625 1195 5684 fecit
1221 5631 1465 5686 scribens
1506 5632 1575 5687 ad
1616 5632 1905 5687 Romanos.
1951 5632 2082 5690 Ete-

495 5718 606 5773 nim
633 5732 756 5775 cum
799 5719 905 5777 illis
931 5719 1204 5778 videretur
1233 5734 1453 5780 narrare
1472 5764 1489 5793 ,
1518 5736 1616 5781 cur
1655 5725 2086 5796 proﬁcisceretur

2161 1948 2553 2021 JcrOSolymam
2574 1992 2591 2017 ,
2623 1953 2703 2008 sic
2732 1967 3039 2010 senttonetn
3070 1956 3241 2026 injicit
3269 1957 3340 2012 de
3370 1958 3712 2031 eloctnosyna
3738 1978 3753 2015 :

2162 2040 2317 2095 Nunc
2362 2052 2532 2096 autem
2580 2045 2715 2099 vado
2755 2044 3137 2119 Jerosolymam.
3190 2049 3496 2104 ministram
3552 2052 3753 2104 sanctis.

2173 2133 2347 2189 Visum
2370 2144 2443 2190 cst
2469 2137 2603 2193 enim
2634 2136 2954 2194 Hacadom'w
2986 2150 3036 2195 et
3077 2140 3288 2196 Achaia:
3330 2144 3750 2197 communicatio-

2160 2242 2275 2279 nem
2293 2226 2759 2298 quamdam-{acere
2782 2231 3106 2301 impauperes
3124 2243 3419 2287 sanctorum
3452 2234 3636 2307 (Rom.
3668 2234 3749 2290 l5.

2159 2315 2251 2370 25.
2280 2315 2351 2371 26
2372 2316 2413 2386 ).
2442 2317 2546 2372 Sed
2577 2318 2696 2373 illos
2722 2319 2941 2389 quidem
2968 2336 3061 2390 per
3089 2321 3417 2377 Macedones
3462 2333 3518 2377 et
3565 2324 3750 2379 Corin-

2163 2407 2324 2473 thios,
2357 2409 2453 2464 hos
2476 2420 2656 2465 autem
2686 2413 2847 2467 etiam
2876 2428 2969 2481 per
2995 2413 3210 2468 Galatas
3230 2414 3573 2470 adhortatur.
3608 2414 3747 2470 Sicut

2160 2500 2421 2566 constitui,
2455 2500 2644 2570 iuqttit,
2676 2501 2927 2558 Eccicsiis
2944 2502 3197 2569 Galatia,
3240 2506 3315 2558 ita
3360 2516 3407 2558 et
3452 2523 3540 2559 ros
3584 2508 3744 2577 facile.

2166 2590 2520 2647 Erubuisseut
2544 2594 2688 2648 enim
2719 2594 2891 2649 videri
2924 2597 3205 2651 inferiores
3226 2596 3459 2651 Calatis.
3489 2598 3605 2652 Non
3625 2597 3751 2652 dixit

2162 2693 2364 2750 autem,
2397 2684 2552 2743 Suasi
2582 2696 2639 2741 et
2660 2688 2943 2745 consilium
2974 2687 3121 2754 dedi,
3148 2689 3265 2752 sed,
3294 2688 3549 2745 Constitui
3575 2706 3595 2743 :
3619 2689 3751 2758 quod

2164 2774 2378 2844 quidem
2411 2776 2668 2847 majorem
2702 2778 2941 2833 ostendit
2982 2776 3382 2835 auctoritatem.
3434 2781 3618 2852 Neque
3659 2781 3748 2834 ad-

2165 2867 2314 2923 ducit
2345 2885 2505 2924 unam
2524 2913 2540 2936 ,
2570 2880 2664 2926 aut
2690 2872 2821 2928 duas
2845 2883 2955 2928 aut'
2979 2886 3088 2930 tres
3116 2876 3368 2932 civitates
3388 2918 3404 2940 ,
3457 2876 3551 2931 sed
3596 2885 3745 2930 totam

2166 2968 2378 3029 gentem
2408 2976 2422 3013 :
2450 2962 2591 3031 quod
2634 2963 2850 3032 quidem
2898 2965 3021 3019 facit
3068 2967 3232 3021 etiam
3284 2969 3336 3021 in
3389 2966 3747 3037 dogmatibus,

2168 3052 2352 3111 dicens
2382 3071 2395 3105 :
2428 3054 2576 3109 Sicut
2601 3066 2651 3109 ct
2695 3056 2749 3110 in
2785 3058 3018 3113 omnibus
3058 3058 3307 3115 Ecclesiis
3354 3071 3659 3115 sanctarum.
3697 3057 3747 3111 Si

2171 3144 2273 3200 huc
2300 3147 2449 3200 cnim
2479 3149 2544 3202 ad
2579 3148 2737 3206 (idem
2780 3150 3075 3205 faciendam
3120 3152 3469 3221 dogmatibus
3511 3163 3593 3207 est
3632 3151 3746 3205 Vali-

2169 3237 2295 3293 dum
2315 3277 2333 3304 ,
2365 3241 2532 3293 multo
2562 3241 2742 3309 magis
2759 3240 2825 3296 ad
2850 3242 3269 3299 :umulationem.
3306 3244 3447 3311 Quid
3472 3258 3601 3314 ergo
3621 3282 3635 3307 ,
3672 3241 3751 3295 die

2170 3346 2353 3400 qumso
2375 3372 2393 3398 ,
2421 3333 2787 3388 constituisti?
2811 3334 2868 3388 ἓ.
2904 3332 3007 3388 Per
3027 3352 3184 3389 unum
3207 3336 3410 3390 sabboti
3424 3352 3445 3402 ,‘
3494 3338 3592 3391 hoc
3637 3342 3710 3387 est
3730 3373 3746 3396 ρ

2171 3422 2260 3477 die
2287 3423 2581 3489 Dominieo,
2613 3427 2952 3496 unusquisque
2977 3437 3194 3482 oestrum
3219 3429 3366 3498 apud
3388 3444 3443 3482 se
3459 3435 3743 3497 seponatreo

2171 3516 2392 3571 condens
2429 3518 2574 3587 quod
2595 3520 2641 3571 ei
2680 3521 2803 3576 bene
2843 3521 3108 3582 placuerit.
3136 3521 3277 3577 Vide
3304 3520 3576 3593 quomodo
3600 3518 3744 3573 etiam

2172 3609 2490 3666 adhortatur
2518 3627 2549 3666 a
2593 3621 2834 3682 tempore
2865 3630 2878 3666 :
2910 3614 3028 3668 dies
3074 3615 3220 3668 enim
3264 3623 3385 3669 erat
3429 3614 3645 3668 idonetw
3685 3605 3747 3661 ad

2175 3718 2270 3759 eos
2293 3702 2638 3759 adducendos
2653 3705 2719 3758 ad
2746 3705 3163 3777 eleemmynam.
3191 3703 3570 3760 Recordeminl
3593 3699 3742 3762 enim,

2177 3794 2387 3865 inquit,
2431 3810 2678 3865 quaenam
2708 3806 2773 3851 eo
2801 3796 2889 3851 die
2917 3798 3236 3866 consequuti
3264 3798 3419 3852 estis.
3451 3796 3591 3850 Bona
3617 3789 3745 3845 enim

2178 3884 2489 3949 ineil'abilia,
2521 3895 2581 3942 et
2607 3887 2755 3941 radix
2791 3895 2854 3940 et-
2885 3887 3091 3941 initium
3138 3887 3264 3942 vita:
3305 3896 3504 3943 nostra!
3548 3883 3630 3939 illa
3669 3878 3746 3933 die

2180 3977 2316 4033 facta
2344 3988 2491 4032 sunt.
2523 3978 2638 4033 Non
2672 3979 2771 4032 hac
2798 3988 2978 4035 autem
3006 3981 3180 4034 solum
3209 3981 3427 4035 ratione
3465 3986 3636 4046 aptum
3673 3979 3744 4025 est

2181 4078 2394 4138 tempus
2427 4069 2495 4123 ad
2556 4069 2937 4140 benignitatem
2985 4079 3236 4141 prompto
3279 4080 3337 4126 et
3383 4067 3541 4123 alacri
3586 4063 3746 4118 altqu

2180 4160 2574 4226 exercendam,
2602 4162 2695 4215 sed
2722 4170 2778 4215 et
2807 4161 2948 4231 «μιυά
2977 4162 3171 4216 habeat
3195 4164 3433 4233 quietem
3480 4174 3546 4214 ac
3575 4152 3739 4210 remis.

2180 4253 2387 4308 sionem
2420 4254 2917 4324 immunitntemque
2946 4265 2998 4309 et
3025 4255 3360 4309 vacationem
3405 4269 3433 4305 ει
3478 4245 3736 4304 laboribus.

2180 4341 2313 4397 Nam
2339 4344 2515 4399 anima
2547 4359 2579 4399 a
2606 4344 2878 4400 laboribus
2905 4346 3067 4400 libora
3094 4345 3338 4402 redditur
3379 4338 3660 4412 expeditior
3695 4338 3750 4383 ει

2183 4435 2359 4504 aPtior
2386 4435 2453 4489 ad
2484 4436 2867 4492 misereudmn.
2906 4437 2986 4493 Ad
3033 4439 3148 4492 haec
3192 4446 3403 4500 autem,
3452 4421 3741 4487 venerandis

2183 4542 2397 4597 quoque
2445 4543 2511 4583 ac
2564 4528 2956 4586 immortalibus
3021 4532 3419 4585 cmnmnnieare
3466 4517 3737 4594 mysteriis.

2185 4635 2432 4690 magnam
2477 4621 2634 4676 all'ert
2676 4632 2732 4676 et
2782 4623 3020 4679 immittit
3058 4608 3407 4677 alacritatem.
3437 4615 3502 4670 In
3543 4629 3597 4669 ea
3638 4617 3740 4673 "9°

2185 4715 2526 4785 unusquisque
2549 4723 2768 4769 oestrum
2792 4756 2808 4779 ,
2838 4729 2941 4768 non
2974 4715 3219 4769 abSolute
3247 4713 3334 4768 hic
3368 4720 3457 4769 aut
3497 4707 3581 4760 ille
3602 4741 3615 4765 ,
3656 4693 3734 4797 sed

2186 4806 2545 4877 unusquisque,
2573 4807 2688 4860 sivo
2716 4804 2785 4859 sit
2811 4820 3033 4876 pauper,
3059 4806 3175 4859 sive
3199 4805 3369 4869 dives,
3391 4801 3501 4855 sive
3520 4796 3610 4856 vir,
3636 4796 3735 4840 stre

2187 4900 2403 4965 mulier,
2438 4900 2557 4955 sive
2584 4915 2771 4955 servus
2797 4940 2813 4965 ,
2843 4904 2956 4954 sive
2992 4901 3125 4955 liber
3144 4941 3159 4965 ,
3191 4900 3329 4970 apud
3359 4912 3412 4949 ss
3437 4894 3632 4959 reponat
3665 4893 3734 4932 τε·

2186 4992 2429 5048 condens.
2459 4992 2575 5048 Non
2605 4992 2759 5059 dixit,
2790 4991 2952 5046 Ferat
2978 4992 3029 5045 in
3076 4991 3360 5046 ecclesiam
3382 5026 3395 5047 ,
3439 4997 3503 5036 ne
3546 4978 3734 5068 νφνξθε

2190 5084 2508 5153 paucitatem
2534 5083 2889 5145 erubescant;
2936 5080 3031 5136 sed
3074 5096 3198 5136 cum
3245 5093 3308 5133 ea
3355 5088 3470 5145 qua:
3510 5063 3730 5138 paulatim

2190 5174 2451 5229 accedunt
2480 5175 2533 5228 in
2560 5173 2970 5229 collectionibus
2991 5173 3199 5229 auxerit
3221 5210 3236 5239 τ
3282 5181 3404 5221 cum
3448 5161 3697 5217 accessero
3715 5183 3728 5208 ι

2191 5276 2315 5320 tunc
2340 5265 2611 5320 ostendat.
2644 5263 2859 5320 Interim
2891 5274 3070 5319 autem
3092 5305 3108 5329 ,
3160 5261 3365 5332 inquit,
3406 5248 3538 5323 apud
3580 5254 3627 5297 ιθ
3662 5251 3731 5291 ⁸⁸⁸

2189 5373 2349 5428 pone,
2382 5367 2440 5411 et
2465 5356 2683 5412 domum
2706 5365 2848 5409 luant
2880 5354 2964 5409 fac
2992 5354 3308 5415 ecclesiam,
3334 5343 3556 5400 arculam
3592 5342 3725 5430 δεξιοί

2189 5427 2494 5521 phylacinm
2530 5468 2544 5503 :
2575 5457 2695 5503 esto
2719 5454 2900 5502 custos
2947 5460 3114 5502 sacra:
3159 5440 3392 5514 pecunia!
3415 5476 3429 5499 ,
3479 5447 3509 5485 a
3549 5438 3596 5479 ιθ
3631 5427 3726 5521 ip?"

2189 5506 2466 5596 ordinatus
2494 5539 2834 5609 dispensator
2864 5552 3176 5606 pauperum.
3228 5524 3516 5597 lienignitas
3554 5523 3603 5566 ct
3642 5506 3721 5609 lw'

2194 5634 2422 5688 manitas
2445 5596 2661 5686 duttibi
2692 5630 2793 5685 hoc
2821 5596 3202 5685 sacerdotium.
3242 5619 3406 5718 Hujus
3436 5619 3514 5713 αξι
3535 5596 3721 5718 53mg:

2194 5727 2302 5782 lum
2332 5742 2392 5782 ac
2424 5724 2632 5794 signum
2661 5719 2803 5792 quod
2846 5736 2987 5775 nunc
3032 5729 3111 5775 est
3158 5702 3586 5790 gazophylacium.
3633 5678 3721 5741 Sed
