3998 6418
313 309 419 366 3b"!

305 421 518 478 παλαιὰ
548 420 899 493 κελευόμενοι
939 420 1263 492 σκάμματα,
1320 421 1417 474 καὶ
1453 421 1716 491 ἐλάττονα
1749 421 1899 475 ἐκεί-

302 531 396 569 νου
427 514 524 568 τοῦ
573 515 776 586 μέτρου
820 513 920 584 τὴν
969 512 1183 567 ἑαυτῶν
1222 512 1502 567 πολιτείαν
1542 513 1899 587 ὑφαίνωμεν;

304 607 389 673 τίς
424 610 575 679 ἡμᾶς
608 608 960 678 ἐξαιρήσεται
988 606 1147 675 λόγος
1172 623 1188 671 ;
1218 606 1305 671 τίς
1344 610 1763 680 παραστήσεται
1806 607 1896 661 καὶ

307 701 566 772 βοηθήσει
594 698 1016 770 κολαζομένοις;
1044 700 1160 753 Ούκ
1181 698 1333 753 ἔστιν
1350 701 1545 765 οὐδεὶς,
1580 700 1699 755 ἀλλ’
1728 701 1898 771 ἀνάγ-

304 810 375 862 κη
423 794 576 845 πᾶσα
609 788 981 863 οἰμώζοντας,
1014 790 1399 863 ὀδυρομένους,
1442 792 1746 865 βρύχοντας
1774 794 1905 857 τοὺς

303 883 553 947 ὀδόντας,
578 881 1044 955 στρεϐλουμένους
1075 884 1156 947 είς
1183 883 1244 938 τὸ
1280 884 1472 948 σκότος
1499 883 1807 953 ἀπάγεσθαι
1843 882 1903 938 τὺ

304 975 547 1044 ἀφεγγὲς
582 976 780 1037 ἐκεῖνο,
835 975 919 1037 είς
968 975 1069 1037 τὰς
1115 975 1524 1046 ἀπαραιτήτους
1571 975 1785 1039 ὀδύνας,
1821 976 1905 1038 είς

304 1069 405 1131 τὰς
430 1065 768 1138 ἀνηκέστους
798 1067 1093 1139 τιμωρίας.
1120 1067 1213 1121 Διὸ
1236 1067 1430 1138 δέομαι
1461 1068 1554 1123 καὶ
1575 1064 1898 1138 παρακαλῶ,

306 1162 403 1215 καὶ
436 1156 622 1215 αὐτῶν
646 1160 895 1232 ἀπτομαι
928 1159 1038 1215 τῶν
1066 1159 1332 1230 γονάτων,
1370 1160 1476 1225 ἕως
1508 1160 1573 1214 ἀν
1603 1158 1817 1233 ἔχωμεν
1841 1161 1903 1214 τὸ

309 1251 509 1325 μικρὸν
534 1251 693 1305 τοῦτο
714 1251 815 1322 τῆς
839 1250 991 1323 ζωῆς
1022 1252 1255 1322 ἐφόδιον,
1284 1253 1654 1323 καταωγῆναι
1682 1254 1795 1316 τοῖς
1821 1254 1901 1305 εί-

309 1343 591 1415 ρημένοις,
636 1343 1065 1414 ἐπιστραφῆναι,
1101 1344 1343 1414 βελτίους
1382 1341 1658 1412 γενέσθαι,
1696 1342 1782 1398 ἵνα
1826 1342 1903 1414 μὴ

309 1434 454 1489 κατά
492 1435 586 1489 τὸν
633 1432 891 1490 πλούσιον
929 1437 1138 1490 ἐκεῖνον
1172 1436 1414 1507 ἀνήνυτα
1464 1434 1583 1489 ἐκεῖ
1612 1435 1904 1509 θρηνῶμεν

308 1526 663 1593 ἀπελθόντες,
695 1529 787 1583 καὶ
813 1528 1006 1583 ἀνίατα
1043 1528 1234 1584 λοιπὸν
1264 1525 1609 1600 ὀδυρώμεθα.
1643 1530 1762 1583 Κᾶν
1793 1528 1903 1601 γὰρ

309 1617 529 1689 πατέρα
567 1618 719 1692 ἔχῃς,
776 1620 877 1675 κᾶν
924 1621 1061 1688 υἱὸν,
1102 1621 1205 1676 κᾶν
1240 1621 1416 1691 φίλον,
1473 1621 1576 1675 κᾶν
1625 1620 1905 1675 ὁντιναοῦν

311 1710 631 1783 παρρησίαν
680 1712 871 1783 ἔχοντα
915 1714 1054 1785 πρὸς
1103 1714 1194 1768 τὸν
1240 1714 1396 1778 Θεὸν,
1449 1714 1622 1776 οὐδείς
1655 1713 1717 1766 σέ
1769 1729 1901 1767 ποτε

1614 1823 1701 1850 ...κ

1309 300 1374 356 IN
1416 298 1639 360 EPIST.
1681 301 1701 357 I
1740 302 1833 358 AD
1870 302 2030 360 COII.
2073 302 2309 359 IIOMIL.
2352 303 2538 360 XLIII.

3493 308 3600 368 368

2009 420 2363 493 ἐξαιρήσεται
2384 419 2592 473 τούτων
2624 419 2731 473 ὑπὸ
2764 420 2875 475 τῶν
2903 421 3123 477 οἰκείων
3156 422 3334 495 ἔργων
3362 425 3600 495 προδιδό-
3646 424 3647 427 “

2014 529 2193 582 μενον.
2226 512 2483 567 Τοιοῦτον
2514 512 2623 584 γὰρ
2656 514 2834 568 ἐκεῖνο
2863 514 2923 568 τδ
2944 515 3330 589 δικαστήριον·
3356 518 3465 572 ἀπὸ
3492 520 3600 572 τῶν

2011 603 2266 675 πράξεων
2321 604 2532 670 δικάζει
2595 605 2791 677 μόνων,
2850 606 2947 660 καὶ
2995 607 3170 672 ἄλλως
3209 610 3325 662 ἐκεῖ
3360 609 3601 682 σωθῆναι

2010 697 2112 751 οὐκ
2146 696 2247 751 ινι.
2283 697 2395 751 Kal
2420 697 2599 752 ταῦτα
2629 697 2792 767 λέγω,
2827 699 2926 770 οὐχ
2956 700 3046 753 ἵνα
3080 700 3328 773 λυπήσω,
3368 701 3478 754 οὐδ’
3515 701 3603 755 ἵνα

2012 790 2095 851 εἰς
2117 788 2427 857 ἀπόγνωσιν
2462 788 2709 860 ἐμϐάλω,
2745 789 2866 843 ἀλλ’
2912 790 2998 844 ἵνα
3051 790 3127 862 μὴ
3178 793 3437 862 ματαίαις
3468 792 3602 863 μηδέ

2009 879 2244 951 ψυχραῖς
2282 880 2464 933 ἐλπίσι
2511 881 2857 952 τρεφόμενοι,
2898 882 2993 935 καὶ
3032 883 3111 947 είς
3144 883 3236 937 τὸν
3281 883 3428 937 δεῖνα
3469 883 3604 955 θαρ-

2015 969 2257 1043 ροῦντες,
2298 970 2398 1041 τῆς
2425 970 2550 1025 καθ’
2579 972 2810 1036 ἑαυτοὺς
2847 972 3221 1043 ἀμελήσωμεν
3247 974 3469 1043 ἀρετῆς.
3505 974 3605 1026 Ἂν

2015 1062 2250 1133 μὲνγὰρ
2303 1062 2734 1137 ρᾳθυμήσωμεν,
2790 1065 2854 1118 ού
2900 1065 3131 1128 δίκαιος,
3172 1066 3235 1118 ού
3293 1068 3602 1138 προφήτης.

2010 1156 2110 1208 ούκ
2136 1155 2455 1219 ἀπόστολος,
2505 1156 2682 1222 οὐδεὶς
2720 1159 2851 1229 ἡμῖν
2889 1159 3341 1230 παραστήσεται·
3372 1175 3386 1189 ·
3444 1158 3509 1211 ἂν
3544 1159 3605 1212 δὲ

2013 1246 2442 1318 σπουδάσωμεν,
2490 1249 2767 1321 ἀρκοῦσαν
2796 1250 2897 1321 τὴν
2942 1250 3052 1304 ἀπὸ
3092 1250 3201 1304 τῶν
3236 1250 3411 1325 ἔργων
3475 1268 3604 1304 συν-

2010 1338 2243 1410 ηγορίαν
2272 1339 2509 1409 ἔχοντες,
2554 1340 2692 1410 μετά
2726 1342 3040 1414 παρρησίας
3070 1343 3491 1412 ἀπολαυσόμεθα
3512 1344 3607 1397 καὶ

2010 1430 2121 1485 τῶν
2154 1432 2375 1500 ἀγαθῶν
2408 1433 2519 1486 τῶν
2550 1434 2930 1505 ἀποκειμένων
2961 1437 3073 1499 τοῖς
3094 1435 3186 1489 τὸν
3210 1435 3343 1488 Θεὸν
3378 1436 3607 1504 ἀγαπῶ-

2013 1540 2098 1577 σιν
2118 1539 2132 1553 “
2166 1518 2241 1579 ῶν
2266 1524 2479 1593 γένοιτο
2514 1526 2724 1592 πάντας
2750 1528 2898 1598 ἡμᾶς
2922 1528 3222 1599 ἐπιτυχεῖν,
3251 1529 3435 1582 καὶτὰ
3456 1528 3605 1600 ἑξῆς.

2076 1700 2103 1728 ³
2124 1700 2284 1755 Alius.
2304 1702 2649 1763 προστήσεται.

1776 1968 2020 2025 ΟΜΙΛΙΑ
2054 1971 2186 2026 MF'.

315 2084 479 2157 Περί
502 2084 582 2157 δέ
612 2078 722 2154 τῆς
743 2087 966 2157 Δλογίας
998 2084 1110 2155 τῆς
1139 2086 1227 2153 εἷς
1258 2084 1402 2152 τοὺς
1452 2084 1685 2155 ἁγίους,
1718 2083 1915 2157 καθὼς

430 2156 638 2221 ιέταεα
664 2153 797 2221 ταῖς
839 2153 1233 2225 Ἕκκλῄσίαις
1264 2157 1378 2226 τῆς
1406 2153 1734 2224 Γαλατίας,
1760 2154 1916 2209 οὕτω

390 2227 495 2282 καί
520 2226 694 2298 ὑμεῖς
724 2226 1045 2294 ποιήσατε.
1198 2266 1234 2287 ,ι

389 2368 464 2418 α’.
509 2361 842 2435 Ἀπαρτίσας
880 2358 972 2419 τδν
1001 2365 1133 2435 περὶ
1161 2362 1271 2419 τῶν
1293 2362 1580 2435 δογμάτων
1613 2359 1792 2433 λόγον,
1820 2378 1916 2416 και

317 2454 539 2525 μέλλων
569 2457 649 2519 είς
671 2454 765 2509 τὸν
779 2453 1119 2529 ἠθικώτερον
1146 2456 1451 2528 ἐμϐαίνειν,
1484 2457 1666 2512 πάντα
1689 2456 1761 2510 τά
1784 2454 1919 2511 ἄλλα

312 2547 503 2617 ἀφεὶς,
543 2548 638 2601 ἐπὶ
679 2546 743 2601 τδ
790 2549 1090 2619 κεφάλαιον
1134 2549 1245 2604 τῶν
1288 2548 1510 2618 ἀγαθῶν
1559 2551 1749 2621 χωρεῖ,
1786 2548 1919 2618 περὶ

315 2639 697 2712 ἑλεημοσύνης
745 2641 1070 2712 ποιούμενος
1109 2640 1287 2711 λόγον.
1344 2639 1510 2694 Ἀλλά
1553 2641 1682 2714 περὶ
1725 2638 1919 2692 τούτου

317 2732 490 2804 μόνου
522 2732 848 2803 διαλεχθεὶς,
878 2732 1288 2787 ἀπαλλάττεται
1311 2749 1327 2764 ·
1359 2734 1541 2787 καίτοι
1570 2747 1633 2801 γε
1679 2728 1918 2800 οὐδαμοῦ

314 2825 483 2880 τοῦτο
536 2824 813 2897 ἐποίησεν,
861 2825 1000 2880 ἀλλά
1055 2825 1182 2897 περὶ
1231 2823 1625 2897 ἐλεημοσύνης,
1665 2822 1920 2895 καὶπερὶ

315 2912 482 2990 μου]
527 2917 906 2991 σωφροσύνης,
956 2918 1052 2972 καὶ
1102 2920 1231 2990 περὶ
1280 2917 1608 2990 πραότητος,
1651 2916 1747 2971 καὶ
1791 2916 1922 2987 περί

321 3009 736 3082 μακροθυμίας,
783 3012 880 3066 καὶ
918 3011 1048 3082 περὶ
1075 3012 1187 3066 τῶν
1215 3011 1394 3068 ἀλλων
1442 3011 1703 3065 ἁπάντων
1746 3007 1924 3063 διαλὲ-

318 3117 483 3170 γεται
511 3100 570 3155 ἐν
601 3105 723 3167 ταῖς
743 3103 936 3169 ἄλλαις
965 3104 1310 3171 Ἐπιπολαῖς
1340 3103 1798 3167 τελευτῶν.Τίνος
1828 3096 1921 3157 οῦν

318 3191 515 3249 ἕνεκεν
549 3190 786 3251 ἐνταῦθα
815 3196 910 3251 τοῦ
946 3194 1140 3268 ἠθικοῦ
1175 3194 1333 3253 τοῦτο
1368 3197 1529 3269 μόνον
1564 3195 1836 3268 γυμνάζει
1864 3194 1924 3248 τὸ

323 3285 517 3356 μέρος
536 3286 659 3373 Ὀτι
689 3289 785 3343 καὶ
807 3288 917 3343 τῶν
942 3288 1253 3362 ἔμπροσθεν
1281 3289 1588 3363 εἰρημένων
1607 3290 1675 3343 τά
1700 3288 1924 3342 πλείονα

318 3376 643 3450 ἠθικώτερα
690 3377 779 3452 ἧν,
828 3381 895 3436 δι’
947 3375 1023 3438 ὧν
1058 3383 1152 3437 τὸν
1186 3384 1386 3455 πόρνον
1434 3382 1684 3450 ἐκόλασε,
1729 3382 1797 3436 δι’
1847 3373 1923 3434 ῶν

318 3471 456 3535 τοὺς
482 3468 589 3538 ἔξω
624 3469 1014 3543 δικαζομένους
1048 3472 1405 3546 ἐσωφρόνιζε,
1442 3472 1510 3526 δι’
1542 3465 1618 3527 ὧν
1655 3473 1781 3536 τοὺς
1825 3487 1925 3541 με-

324 3563 563 3627 θύοντας
600 3562 695 3619 καὶ
739 3566 1204 3638 γαστριζομένους
1256 3567 1526 3638 ἐφόϐησε,
1573 3564 1640 3619 δι’
1673 3559 1749 3618 ὧν
1797 3564 1926 3628 τοὺς

327 3654 724 3721 στασιάζοντας
774 3658 869 3711 καὶ
911 3656 1347 3727 φιλονεικοῦντας
1390 3658 1486 3712 καὶ
1525 3653 1924 3730 φιλαρχοῦντας

327 3746 681 3813 κατεδίκασε,
739 3747 807 3801 δι’
856 3740 933 3805 ὧν
980 3748 1107 3813 τοὺς
1153 3749 1389 3814 ἀναξίως
1438 3753 1553 3813 τοῖς
1605 3748 1926 3821 μυστηρίοις

328 3837 663 3910 προσιόντας
686 3841 754 3911 τῇ
781 3839 1039 3913 ἀφορήτῳ
1065 3838 1188 3912 δίκῃ
1215 3840 1399 3912 ἐκείνῃ
1424 3838 1729 3911 παρέδωκε,
1759 3836 1825 3893 δι’
1848 3831 1925 3892 ὧν

331 3930 468 4002 περὶ
500 3930 722 4004 ἀγάπης
741 3930 1012 4004 διελέχθη.
1050 3932 1149 3986 Διά
1180 3931 1246 4004 δὴ
1271 3932 1450 3995 τοῦτο,
1477 3925 1538 3986 οὗ
1568 3930 1804 4002 μάλιστα
1830 3930 1928 3985 αύ-

330 4022 414 4096 τῷ
442 4023 553 4079 ἔδει
583 4022 683 4096 τῆς
718 4028 798 4089 είς
824 4027 952 4091 τοὺς
994 4026 1182 4095 ἁγίους
1225 4024 1564 4097 ἐπικουρίας,
1603 4024 1793 4079 τούτου
1827 4024 1927 4096 μέ-

336 4133 543 4189 μνηται
573 4117 758 4187 μόνου.
792 4118 904 4173 Kal
929 4117 1029 4174 θέα
1051 4118 1151 4190 τὴν
1178 4117 1395 4172 σύνεσιν
1418 4134 1433 4148 ο
1464 4118 1553 4172 ὅτε
1574 4117 1772 4181 αὐτοὺς
1800 4116 1930 4187 περὶ

338 4207 692 4273 ἀναστάσεως
713 4207 922 4276 ἔπεισε,
952 4210 1045 4264 καὶ
1067 4209 1512 4283 προθυμοτέρους
1531 4209 1782 4280 ἐποίησε,
1807 4208 1929 4262 τότε

338 4298 528 4354 λοιπὸν
557 4298 651 4354 καὶ
693 4300 825 4371 περὶ¹
869 4301 1061 4355 τούτου
1108 4299 1440 4371 διαλέγεται.
1487 4299 1683 4356 Καίτοι
1729 4316 1793 4369 γε
1835 4297 1932 4353 καὶ

340 4389 483 4461 ὑπὲρ
516 4388 721 4445 τούτων
760 4388 1009 4465 διελέχθη
1051 4392 1190 4465 πρὸς
1221 4392 1419 4456 αὐτοὺς
1463 4391 1797 4463 ἔμπροσθεν,
1842 4391 1931 4445 ὅτε

342 4483 531 4552 ἐλεγεν
553 4501 569 4517 ·
624 4482 694 4539 El
725 4482 899 4553 ἡμεῖς
948 4482 1093 4554 ὑμῖν
1129 4484 1204 4539 τὰ
1234 4484 1609 4553 πνευματικὰ
1637 4483 1936 4552 ἐσπειζρα-

337 4594 478 4647 μεν,
506 4574 680 4647 μέγα,
716 4577 771 4631 εί
798 4574 966 4646 ἡμεῖς
990 4572 1162 4646 ὑμῶν
1188 4581 1261 4632 τὰ
1296 4574 1558 4646 σαρκικὰ
1581 4576 1934 4645 θερίσομενξ

346 4671 464 4736 καὶ,
504 4670 600 4735 Τίς
627 4669 874 4738 φυτεύει
910 4666 1262 4739 ἀμπελῶνα,
1301 4668 1399 4723 καί
1444 4668 1515 4722 ἐκ
1562 4669 1669 4723 τοῦ
1701 4670 1936 4738 καρποῦ

345 4756 536 4819 αὐτοῦ
563 4763 676 4816 οὐκ
708 4761 899 4816 ἐσθίει
917 4778 937 4827 ,'
984 4761 1124 4814 Ἀλλ’
1155 4761 1346 4833 ἐπειδὴ
1379 4760 1495 4833 ᾔδει
1521 4760 1617 4815 τοῦ
1653 4760 1936 4832 κατορθώ-

349 4868 521 4926 ματος
557 4853 621 4906 τὸ
660 4850 913 4926 μέγεθος,
949 4853 1011 4907 οὐ
1043 4856 1390 4923 παραιτεῖται
1432 4852 1527 4907 καὶ
1560 4850 1636 4925 τῷ
1664 4854 1809 4909 τέλει
1838 4858 1938 4927 τῆς

362 4942 684 5015 Ἐπιστολῆς
708 4942 843 5000 αύτδ
871 4944 1211 5017 προσθεῖναι.
1230 4945 1435 5016 Δογίαν
1466 4945 1523 5000 δὲ
1545 4947 1644 5017 τὴν
1671 4947 1939 5018 συλλογὴν

349 5034 536 5101 καλεῖ,
582 5037 650 5090 ἐκ
707 5035 1008 5106 προοιμίων
1054 5036 1255 5100 εὐθέως
1312 5035 1514 5106 κοῦφον
1584 5038 1647 5091 τὸ
1704 5039 1939 5109 πρᾶγμα

352 5125 521 5184 ποιῶν
539 5143 554 5157 ·
588 5126 717 5182 ὅταν
745 5125 856 5199 γάρ
885 5126 946 5193 ἐξ
972 5127 1229 5184 ἀπάντων
1252 5126 1692 5200 συνεισφέρηται,
1723 5131 1941 5201 ἐκάστῳ

351 5217 554 5289 κοῦφον
572 5211 785 5288 γίνεται
808 5218 871 5273 τὸ
900 5218 1203 5291 ἐπίταγμα.
1234 5218 1419 5273 Είπὼν
1442 5219 1501 5274 δὲ
1535 5222 1666 5294 περὶ
1691 5221 1793 5293 τῆς
1816 5221 1941 5275 συλ-

352 5309 537 5382 λογῆς,
566 5311 668 5366 οὐκ
695 5310 901 5377 εὐθέως
923 5307 1111 5379 εἶπεν,
1142 5311 1373 5380 ἕκαστος
1403 5314 1559 5386 ὑμῶν
1585 5318 1715 5387 παρ’
1757 5317 1939 5388 ἐαυτῷ

352 5403 549 5458 τιθέτω
596 5402 946 5477 θησαυρίζων
983 5419 998 5435 ο
1043 5404 1220 5459 καίτοι
1253 5421 1318 5476 γε
1352 5406 1415 5460 τὸ
1447 5407 1744 5463 ἀκόλουθον
1781 5409 1941 5465 τοῦτο

353 5490 420 5567 ἦν
443 5512 459 5528 ο
486 5494 625 5549 ἀλλὰ
650 5493 866 5568 πρῶτον
895 5493 1089 5562 είπὼν,
1121 5495 1329 5564 Καθὼς
1365 5497 1611 5563 διέταξα
1643 5501 1775 5569 ταῖς
1809 5502 1943 5559 Ἔκ-

354 5588 644 5655 κλησίαις
679 5586 793 5655 τῆς
819 5588 1148 5658 Γαλατίας,
1182 5589 1304 5644 τότε
1338 5588 1497 5645 τοῦτο
1527 5592 1829 5663 ἐπήγαγεν,
1859 5596 1942 5661 εἰς

357 5678 520 5751 ζῆλον
554 5678 752 5744 αὐτοὺς
778 5682 846 5752 τῇ
888 5680 1139 5752 διηγήσει
1174 5681 1285 5737 τῶν
1317 5682 1528 5756 ἑτέροις
1566 5685 1938 5760 κατορθουμέ-

356 5787 464 5825 νων
486 5770 662 5841 ἀγων,
701 5771 796 5826 καὶ
826 5774 886 5827 ἐν
905 5771 1057 5841 τάξει
1081 5773 1423 5845 διηγήματος
1450 5775 1585 5830 αὐτὸ
1611 5776 1725 5842 θείς
1743 5794 1759 5809 ο
1790 5778 1819 5831 ὃ
1849 5782 1945 5835 καὶ

370 5860 666 5931 Ῥωμαίοις
692 5861 1026 5920 ἐπιστέλλων
1050 5863 1295 5933 ἐποίησε.
1322 5866 1434 5919 Καὶ
1454 5865 1563 5937 γὰρ
1597 5867 1825 5933 ἐκείνοις
1859 5869 1942 5924 60-

2017 2083 2129 2137 κῶν
2154 2085 2459 2156 διηγεῖσθαι
2486 2088 2591 2159 τὴν
2613 2088 2887 2161 πρόφασιν
2913 2091 3014 2163 τῆς
3044 2091 3138 2148 ἐπὶ
3158 2092 3228 2147 τὰ
3264 2086 3613 2165 Ἰεροσόλυμα

2015 2175 2347 2247 ἀποδημίας,
2373 2177 2522 2234 οὕτω
2552 2181 2647 2235 τὸν
2675 2182 2806 2254 περὶ
2832 2183 2956 2251 ἐλεη
2966 2183 3206 2256 μοσύνης
3236 2186 3493 2258 ἐμϐάλλει
3529 2187 3615 2239 λό-

2017 2283 2136 2336 γον,
2164 2267 2346 2337 λέγων
2371 2285 2386 2301 ’
2420 2270 2579 2325 Νυνὶ
2614 2270 2683 2325 δὲ
2719 2274 3049 2345 πορεύομαι
3093 2279 3180 2343 είς
3231 2278 3615 2347 Ἰεροσόλυμα

2017 2357 2319 2415 διακονῶν
2345 2363 2473 2430 τοῖς
2504 2362 2717 2434 ἁγίοις.
2761 2366 3079 2434 Εὐδόκησε
3111 2366 3223 2437 γὰρ
3272 2368 3616 2423 Μακεδονία

2018 2451 2119 2505 καί
2161 2452 2374 2523 Ἀχαΐα
2410 2458 2737 2513 κοινωνίαν
2765 2460 2899 2514 τινὰ
2927 2461 3304 2530 ποιήσασθαι
3353 2464 3441 2528 εἰς
3474 2461 3616 2527 τοὺς

2019 2546 2297 2615 πτωχοὺς
2326 2546 2449 2602 τῶν
2483 2549 2691 2621 ἁγίων.
2732 2552 2874 2606 Ἀλλ’
2902 2554 3150 2616 ἐκείνους
3182 2555 3280 2624 μὲν
3306 2553 3394 2609 διά
3426 2555 3618 2609 Μακε-

2019 2639 2188 2693 δόνων
2226 2640 2321 2694 καὶ
2352 2642 2680 2713 Κορινθίων,
2713 2646 2938 2709 τούτους
2966 2645 3024 2699 δέ
3066 2646 3155 2700 διά
3190 2646 3454 2701 Γαλατῶν
3483 2665 3618 2720 προ-

2021 2732 2237 2805 τρέπει.
2284 2734 2495 2803 Καθὼς
2523 2735 2770 2802 διέταξα
2813 2738 2946 2810 γὰρ,
2992 2740 3149 2811 φησὶ,
3194 2740 3325 2807 ταῖς
3368 2740 3618 2809 Ἐκκλη-

2022 2832 2190 2898 σίαις
2229 2830 2339 2899 τῆς
2379 2829 2705 2896 Γαλατίας,
2749 2830 2904 2884 οὕτω
2946 2831 3047 2884 καί
3090 2831 3263 2902 ὑμεῖς
3300 2833 3617 2901 ποιήσατε.

2024 2924 2137 2977 Kal
2170 2922 2280 2994 γὰρ
2304 2922 2602 2994 ᾐσχύνοντο
2641 2922 2825 2975 λοιπὸν
2858 2922 3117 2987 ἐλάττους
3166 2922 3420 2977 Γαλατῶν
3447 2925 3620 2997 φανῆ-

2023 3032 2134 3070 ναι.
2186 3014 2298 3068 Καὶ
2350 3015 2451 3067 οῦκ
2512 3009 2653 3080 εἶπε,
2700 3015 2990 3086 Παρῄνεσα
3050 3016 3143 3069 καὶ
3200 3015 3619 3085 συνεϐούλευσα,

2025 3104 2186 3169 ἀλλά,
2217 3102 2487 3169 Διέταεα,
2528 3105 2667 3176 ὅπερ
2712 3105 3192 3177 αύθεντικώτερον.
3240 3108 3351 3160 Kal
3378 3106 3439 3160 οὐ
3480 3125 3624 3179 παρα

2026 3197 2150 3266 ἀγει
2188 3196 2316 3268 μίαν
2370 3196 2525 3252 πόλιν
2559 3196 2658 3250 καὶ
2695 3196 2789 3250 δύο
2843 3198 2938 3252 καὶ
2970 3200 3141 3268 τρεῖς,
3178 3198 3293 3251 ἀλλ’
3326 3197 3621 3269 ὁλόκληρον

2028 3289 2207 3354 ἔθνος·
2258 3290 2396 3361 ὅπερ
2449 3291 2544 3345 καὶ
2594 3291 2689 3343 ἐπὶ
2737 3290 2849 3345 τῶν
2896 3290 3186 3361 δογμάτων
3228 3293 3389 3357 ποιεῖ,
3423 3290 3621 3359 λέγων·

2029 3381 2238 3450 Καθὼς
2297 3383 2397 3437 καὶ
2445 3384 2517 3438 ἐν
2577 3383 2805 3449 πάσαις
2876 3383 3006 3451 ταῖς
3056 3386 3441 3452 Ἐκκλησίαις
3503 3383 3626 3441 τῶν

2030 3477 2235 3548 ἁγίων.
2259 3476 2324 3531 EI
2350 3476 2459 3549 γὰρ
2486 3473 2625 3543 πρὸς
2656 3473 2944 3545 δογμάτων
2975 3473 3160 3528 πίστιν
3188 3474 3347 3527 τοῦτο
3380 3476 3622 3545 ἰσχυρὸν,

2031 3564 2214 3638 πολλῷ
2242 3565 2443 3636 μᾶλλον
2477 3562 2614 3635 πρὸς
2640 3561 2818 3631 ἔργων
2845 3564 3099 3634 μίμησιν.
3129 3563 3194 3616 Τί
3219 3558 3314 3616 οῦν
3341 3562 3625 3630 διέταξας,

2033 3660 2157 3715 είπέ
2184 3676 2309 3730 μοι;
2352 3657 2513 3714 Κατὰ
2554 3656 2703 3726 μίαν
2741 3654 3066 3719 σαϐϐάτου,
3113 3656 3380 3719 τουτέστι,
3412 3656 3625 3726 Κυρια-

2032 3753 2157 3825 κὴν,
2187 3752 2449 3819 ἕκαστος
2484 3751 2653 3823 ὑμῶν
2684 3752 2821 3821 παρ’
2847 3746 3040 3813 ἐαυτῷ
3087 3747 3294 3802 τιθέτω
3345 3747 3629 3815 θησαυρί-

2032 3835 2147 3899 ζων
2174 3835 2210 3889 ὅ
2238 3853 2294 3890 τι
2330 3835 2408 3889 ἂν
2439 3833 2749 3890 εὐοδῶται.
2788 3834 2933 3905 Ὅρα
2962 3833 3083 3898 πῶς
3110 3834 3205 3887 καὶ
3230 3831 3338 3885 ἀπὸ
3361 3830 3456 3884 τοῦ
3499 3847 3625 3883 και-

2033 3925 2131 4000 ροῦ
2165 3926 2469 3999 προτρέπει
2501 3941 2516 3957 ο
2553 3927 2650 3980 καὶ
2682 3925 2790 3996 γάρ
2816 3927 2849 3995 ἡ
2888 3924 3074 3996 ἡμέρα
3107 3922 3269 3994 ἱκανὴ
3296 3917 3365 3993 ἦν
3393 3923 3627 3990 ἀγαγεῖν

2033 4025 2113 4085 είς
2151 4018 2547 4093 ἐλεημοσύνην.
2614 4018 3031 4089 Ἀναμνήσθητε
3074 4017 3206 4088 γάρ,
3261 4016 3418 4086 φησὶ,
3461 4015 3626 4067 τίνων

2032 4111 2254 4183 ἐτύχετε
2308 4111 2367 4164 ἐν
2414 4112 2481 4181 τῇ
2543 4110 2728 4182 ἡμέρᾳ
2764 4108 2976 4180 ’ταύτῃ.
3040 4106 3122 4160 Τὰ
3173 4105 3283 4177 γὰρ
3336 4105 3627 4176 ἀπόρρητα

2034 4201 2238 4270 ἀγαθὰ,
2268 4200 2363 4254 καὶ
2391 4201 2425 4271 ἡ
2469 4198 2597 4271 ῥίζα
2632 4199 2729 4252 καὶ
2757 4199 2790 4267 ἡ
2817 4197 2962 4269 ἀρχὴ
2999 4196 3099 4266 τῆς
3126 4194 3274 4266 ζωῆς
3301 4193 3401 4265 τῆς
3432 4191 3627 4263 ἡμετέ-

2039 4313 2137 4367 ρας
2166 4298 2223 4349 ἐν
2256 4291 2406 4367 [401]
2441 4291 2616 4363 ταύτῃ
2642 4290 2885 4361 γέγονεν.
2921 4289 2997 4341 Ού
3027 4287 3204 4359 ταύτῃ
3233 4286 3290 4338 δέ
3317 4286 3477 4356 μόνον
3505 4285 3628 4337 ἐπι-

2036 4387 2247 4460 τήδειος
2311 4387 2340 4439 ὁ
2400 4384 2592 4457 καιρὸς
2655 4385 2735 4447 είς
2820 4379 3133 4453 προθυμίαν
3190 4376 3627 4448 φιλανθρωπίας,

2037 4481 2154 4536 ἀλλ’
2183 4482 2265 4535 ὅτι
2296 4480 2392 4535 xal
2420 4478 2603 4533 ἄνεσιν
2632 4476 2747 4547 ἔχει
2782 4476 2881 4529 καὶ
2922 4475 3101 4528 πόνων
3145 4471 3415 4526 ἀτέλειαν.
3462 4469 3629 4541 Ψυχὴ

2037 4572 2143 4646 γάρ
2173 4570 2441 4643 ἀφιεμένη
2472 4569 2709 4641 μόχθων,
2729 4566 3075 4637 εύκολωτέρα
3094 4564 3188 4618 καὶ
3218 4561 3629 4633 ἐπιτηδειοτέρα

2040 4664 2178 4736 πρὸς
2214 4664 2276 4717 τὸ
2308 4662 2482 4715 ἐλεεῖν
2507 4662 2739 4729 γίνεται.
2774 4658 2931 4714 Μετά
2964 4658 3021 4711 δὲ
3058 4655 3265 4709 τούτων
3300 4656 3392 4707 καὶ
3418 4654 3478 4706 τὸ
3525 4670 3630 4724 μυ-

2041 4753 2278 4827 στηρίων
2311 4753 2372 4805 ἐν
2394 4752 2533 4823 αὐτῇ
2562 4752 2838 4805 κοινωνεῖν
2864 4748 3007 4803 οῦτω
3035 4746 3280 4820 φρικτῶν
3305 4745 3398 4799 καὶ
3422 4744 3631 4798 ἀθανά-

2037 4868 2148 4905 των
2196 4849 2399 4920 πολλὴν
2437 4846 2681 4919 ἐντίθησι
2732 4844 3067 4917 προθυμίαν.
3131 4840 3222 4895 Ἐν
3265 4841 3402 4911 αὐτῇ
3448 4839 3630 4893 τοίνυν

2038 4941 2295 5005 ἕκαστος
2337 4935 2528 5009 ὑμῶν,
2577 4938 2675 5008 οὐχ
2733 4936 2920 4999 ἁπλῶς
2969 4934 2999 4987 ὁ
3040 4934 3189 4987 δεῖνα
3233 4931 3330 4986 καὶ
3380 4932 3409 4985 ό
3454 4930 3629 4996 δεῖνα,

2038 5030 2155 5085 ἀλλ’
2186 5026 2275 5097 εἷς
2315 5030 2593 5095 ἕκαστος,
2626 5028 2732 5081 κᾶν
2764 5028 2935 5098 πένης
2966 5021 3023 5098 ᾗ,
3070 5024 3173 5081 κᾶν
3206 5023 3485 5087 πλούσιος,
3523 5020 3630 5076 κᾶν

2039 5123 2199 5196 γυνὴ,
2229 5124 2333 5178 κᾶν
2353 5122 2511 5196 ἀνὴρ,
2531 5121 2633 5176 κᾶν
2657 5120 2863 5185 δοῦλος,
2889 5120 2994 5175 κᾶν
3016 5118 3318 5191 ἐλεύθερος,
3342 5119 3478 5188 παρ’
3493 5118 3633 5172 ἐαυ-

2038 5215 2120 5284 τῷ
2148 5216 2355 5273 τιθέτω
2389 5213 2782 5285 θησαυρίζων.
2814 5215 2931 5268 Ούκ
2962 5206 3137 5279 εἶπεν,
3171 5214 3267 5277 Είς
3291 5212 3391 5285 τὴν
3421 5212 3626 5283 ἐκκλη-

2041 5313 2165 5366 σίαν
2205 5310 2442 5383 φερέτω,
2491 5310 2579 5365 ’ίνα
2616 5308 2693 5383 μὴ
2744 5308 2835 5363 διά
2881 5309 2945 5362 τὸ
2996 5308 3197 5381 μικρὸν
3237 5308 3631 5379 αἰσχύνωνται,

2038 5403 2178 5461 ἀλλά
2203 5406 2327 5468 ταῖς
2356 5404 2479 5458 κατ’
2503 5403 2684 5472 ὀλίγον
2724 5402 3074 5471 συναγωγαῖς
3105 5400 3349 5472 αὐξήσας
3380 5398 3481 5470 τὴν
3512 5400 3633 5452 είσ-

2043 5499 2241 5573 φορὰν,
2275 5498 2396 5554 τότε
2421 5495 2684 5552 δεικνύτω
2714 5495 2849 5567 ἐμοῦ
2873 5494 3346 5566 παραγενομένου.
3377 5492 3527 5554 Τέως
3573 5491 3632 5544 δὲ

2044 5592 2197 5665 παρά
2226 5589 2408 5662 σαυτῷ
2433 5590 2593 5654 τίθει,
2634 5589 2789 5661 φησὶ,
2817 5588 2912 5641 καὶ
2949 5586 3176 5654 ποίησόν
3209 5602 3303 5639 σου
3328 5584 3429 5656 τὴν
3455 5581 3636 5636 οἰκίαν

2044 5684 2366 5756 ἐκκλησίαν,
2395 5682 2457 5736 τὸ
2482 5680 2741 5735 κιϐώτιον
2769 5677 3174 5749 γαζοφυλάκιον
3210 5692 3225 5707 ο
3269 5673 3427 5743 γενοῦ
3459 5672 3637 5742 φύλαξ

2046 5778 2345 5851 χρημάτων
2374 5775 2556 5847 ἱερῶν,
2607 5771 3119 5845 αὐτοχειροτόνητος
3149 5764 3428 5835 οἰκονόμος
3460 5765 3635 5835 πενή-

2046 5886 2174 5925 των.
2220 5868 2283 5923 Ἠ
2328 5864 2707 5935 φιλανθρωπία
2759 5860 2962 5931 ταύτην
2998 5877 3080 5913 σοι
3122 5858 3303 5913 δίδωσι
3332 5856 3431 5926 τὴν
3472 5855 3634 5925 ἱερω-
